4070 6392
332 357 416 414 85
1199 356 1534 416 VETERUM
1575 357 1998 417 TESTIMONIA
2033 361 2312 420 CONTRA
2347 363 2718 427 EUSEBIUM.
3524 374 3594 430 86

345 471 428 526 det
447 471 567 526 κατ’
589 471 770 526 αὐτῶν
793 471 1103 543 ἐγράφομεν
1123 473 1197 538 ὡς
1223 473 1291 529 τὰ
1316 477 1525 548 Ἀρείου
1544 477 1914 549 φρονούντων;

2019 489 2103 537 tra
2142 499 2239 540 eos
2286 486 2607 557 scripsimus
2661 495 2918 559 tanquam
2967 491 3229 548 adversus
3276 491 3462 550 Ariani
3499 494 3597 552 do-

344 565 455 619 Οὐκ
499 565 756 629 Εὐσέϐιος
801 567 829 619 6
859 566 917 619 ἐν
965 567 1268 640 Καισαρείᾳ
1309 569 1407 640 τῆς
1441 570 1803 642 Παλαιστίνης
1825 570 1919 625 ἐπὶ

2024 575 2219 645 gmatis
2250 579 2586 635 assertores?
2613 579 2803 637 Nonne
2832 580 3120 648 Eusebius,
3152 583 3412 642 Caesarem
3447 585 3599 642 Pale-

342 657 406 727 τῇ
465 656 628 729 θυσία
688 661 1044 730 κατηγορεῖτο
1097 659 1203 713 ὑπὸ
1255 663 1365 716 τῶν
1423 663 1519 718 σὺν
1551 663 1683 734 ἡμῖν
1727 661 1916 735 ὁμολο-

343 765 526 823 γητων
553 767 568 816 ;

2023 667 2180 722 ειίηεε
2205 668 2516 741 episcopus,
2546 687 2576 726 a
2611 673 2816 731 nostris
2848 674 3256 734 confessoribus
3304 689 3595 738 accusatus

2021 768 2128 828 est,
2151 763 2297 832 quod
2329 763 2491 821 idolis
2515 767 2879 826 sacrificasset
2906 768 2927 824 ξ

1415 915 1745 986 Epiphanius
1782 917 1837 972 in
1872 911 2057 971 haeresi
2088 906 2515 964 Meletianorum.

405 1045 590 1100 Ταῦτα
641 1047 670 1100 6
723 1045 974 1117 βασιλεὺς
1024 1046 1282 1112 ἀκούσας,
1330 1050 1544 1121 αῐρεται
1587 1051 1686 1121 μὲν
1730 1048 1906 1120 θυμῷ,

337 1139 544 1196 κελεύει
576 1139 632 1193 δὲ
660 1140 1095 1213 συγκροτηθῆναι
1121 1141 1336 1196 σύνοδον
1367 1141 1511 1196 κατὰ
1527 1142 1626 1214 τὴν
1657 1142 1909 1212 Φοινίκην

338 1235 392 1288 ἐν
420 1233 580 1304 Τύρῳ
604 1236 667 1305 τῇ
697 1233 879 1286 πόλει·
907 1234 1156 1287 ἐκέλευσε
1186 1235 1243 1288 δὲ
1275 1234 1512 1300 δικάζειν
1538 1235 1794 1289 Εὑσέϐιον
1820 1235 1910 1289 τδν

339 1324 670 1395 Καισαρείας
717 1325 812 1377 καὶ
844 1323 1037 1386 ἄλλους
1074 1325 1253 1390 τινάςο
1302 1321 1442 1397 ἦσαν
1482 1325 1538 1378 δὲ
1582 1324 1909 1396 προσκεκλι-

342 1417 486 1486 μένοι
509 1410 652 1471 οὗτοι
684 1416 865 1479 ποσῶς
898 1417 1094 1488 μᾶλλον
1131 1421 1197 1489 τῇ
1231 1416 1339 1470 τῶν
1381 1418 1674 1490 Ἀρειανῶν
1697 1418 1912 1489 χυδαιο-

334 1508 506 1578 λογία.
551 1509 661 1561 Καὶ
709 1509 1018 1580 ἐκλήθησαν
1049 1511 1338 1565 ἐπίσκοποι
1380 1511 1478 1582 τῆς
1512 1510 1786 1580 Αἰγύπτου
1815 1511 1914 1580 τῆς

334 1599 640 1671 καθολικῆς,
675 1601 772 1654 καὶ
806 1601 911 1654 ὑπὸ
957 1599 1273 1655 Ἀθανάσιον
1316 1602 1618 1674 ἀκρέμονές
1648 1619 1790 1666 τινες
1820 1603 1916 1657 ἇν-

332 1690 451 1764 δρες
495 1693 592 1746 καὶ
638 1691 874 1762 μείζους,
902 1693 995 1745 καὶ
1037 1693 1096 1744 ἐν
1147 1693 1266 1764 Θεῷ
1311 1693 1525 1764 ἔχοντες
1567 1694 1795 1765 διαφανῆ
1825 1694 1916 1746 τὸν

330 1782 442 1854 βίον
460 1802 474 1816 ·
505 1786 564 1838 ἐν
585 1779 665 1847 οἷς
690 1779 756 1855 ἦν
789 1785 816 1836 6
850 1785 1157 1857 μακαρίτης
1179 1785 1446 1855 Ποτάμων
1477 1787 1506 1838 6
1542 1787 1735 1857 μέγας,
1755 1787 1784 1839 6
1809 1786 1906 1856 τῆς

2083 1041 2182 1096 llis
2212 1037 2414 1094 auditis
2446 1037 2744 1106 imperator
2773 1052 3100 1109 magnopere
3132 1041 3446 1098 excanduit.
3484 1040 3592 1116 lgi-

2012 1145 2103 1192 tur
2129 1131 2266 1203 Tyri
2298 1129 2354 1184 in
2385 1127 2646 1183 Phoenice
2677 1131 2970 1185 convocari
3000 1133 3266 1202 synodum
3310 1134 3487 1204 jubet,
3515 1133 3592 1190 ei-

2014 1240 2124 1294 que
2149 1222 2359 1292 judicio
2390 1236 2626 1291 praeesse
2639 1237 2761 1276 cum
2791 1222 3114 1291 quibusdam
3139 1225 3260 1281 aliis
3285 1225 3588 1282 Caesarien-

2014 1331 2128 1372 sem
2159 1312 2478 1376 Eusebium,
2508 1313 2600 1383 qui
2629 1329 2816 1369 omnes
2858 1315 2912 1369 in
2941 1316 3270 1371 Arianorum
3328 1319 3588 1375 inanissi-

2013 1422 2161 1462 mum
2209 1406 2404 1475 dogma
2457 1406 2840 1476 propensiores
2889 1417 3064 1462 erant.
3143 1407 3278 1462 Cum
3357 1409 3444 1465 his
3517 1427 3587 1466 ex

2015 1493 2284 1551 catholica
2309 1493 2528 1566 Aﬂgypti
2576 1493 2842 1559 Ecclesia,
2888 1505 2940 1550 et
2963 1497 3264 1554 Athanasio
3316 1500 3584 1569 subjecta,

2015 1587 2257 1658 episcopi
2290 1587 2511 1656 quidam
2541 1587 2786 1641 advocati
2813 1594 2960 1653 sunt,
2995 1588 3239 1658 primarii
3275 1591 3491 1660 quidem
3520 1606 3587 1648 ac

2015 1691 2337 1753 praestantes
2370 1680 2491 1744 viri,
2527 1687 2691 1750 atque
2715 1682 2913 1737 eximia
2959 1685 3080 1736 vitae
3125 1684 3416 1740 sanctitate
3444 1699 3584 1754 pra:-

2013 1775 2144 1840 diti;
2173 1775 2313 1829 inter
2350 1787 2488 1843 quos
2517 1773 2690 1828 felicis
2728 1774 3006 1828 memoriae
3037 1789 3266 1845 magnus
3296 1775 3387 1830 ille
3423 1774 3586 1831 Pota-

339 1881 665 1953 Ἡρακλείας
697 1883 988 1946 ἐπίσκοπος
1033 1883 1128 1936 καὶ
1170 1882 1536 1953 ὁμολογητήςο
1572 1882 1705 1936 ἀλλὰ
1747 1885 1841 1936 καὶ
1861 1884 1910 1936 οἱ

2014 1883 2104 1922 mo
2134 1867 2255 1930 fuit,
2287 1864 2560 1922 Heracleae
2587 1866 2878 1936 episcopus
2925 1875 2980 1922 et
3006 1864 3312 1922 confessor.
3347 1867 3586 1924 Aderant

327 1973 437 2027 τῶν
461 1973 823 2038 Μελετιανῶν,
856 1976 1086 2047 μάλιστα
1117 1978 1164 2028 οἱ
1185 1974 1278 2028 τοῦ
1324 1975 1640 2029 Ἀθανασίου
1670 1993 1905 2047 κατηγο-

328 2065 572 2136 ροῦντες.
632 2067 883 2138 Ζηλωτὴς
923 2067 980 2121 δὲ
1009 2066 1084 2122 ὢν
1115 2068 1254 2140 ὑπὲρ
1311 2067 1570 2138 ἀληθείας
1625 2069 1720 2122 καὶ
1753 2067 1907 2141 ὀρθοέ-

324 2157 506 2224 δοξίας
548 2160 576 2212 6
619 2160 1015 2231 προειρημένος
1055 2160 1321 2230 Ποτάμων
1351 2163 1378 2213 ὁ
1410 2159 1734 2232 μακαρίτης,
1758 2159 1906 2213 ἐλευ-

324 2247 704 2322 θεροστομῶν,
753 2251 811 2316 ὃς
867 2251 1120 2305 οὐδέποτε
1166 2251 1351 2322 εἴληφε
1396 2251 1685 2324 πρόσωπόν
1727 2265 1900 2315 τινος·

325 2341 413 2398 τὸν
474 2343 752 2416 ὀφθαλμὸν
816 2345 924 2416 γὰρ
963 2347 1018 2398 ἐν
1055 2344 1132 2415 τῷ
1161 2345 1385 2416 διωγμῷ
1419 2345 1505 2399 διὰ
1527 2345 1622 2416 τὴν
1651 2344 1904 2417 ἀλήθειαν

327 2433 608 2506 ἐτυφλώθη
629 2453 643 2466 °
677 2435 938 2506 ἑωρακὼς
980 2435 1073 2489 τὸν
1120 2436 1379 2490 Εὐσέϐιον
1416 2435 1779 2507 καθεζόμενον
1811 2437 1906 2489 καὶ⁵

327 2524 632 2590 δικάζοντα,
685 2527 780 2580 καὶ
844 2527 1158 2582 Ἀθανάσιον
1211 2527 1456 2593 ἑστῶτα,
1509 2528 1904 2601 καταπονηθεὶς

328 2619 386 2687 τῇ
413 2616 581 2689 λύπῃ,
636 2618 728 2671 καὶ
783 2617 1078 2691 δακρύσας,
1105 2614 1193 2673 οἷα
1233 2619 1438 2688 γίνεται
1469 2621 1618 2691 παρὰ
1640 2623 1750 2684 τοῖς
1773 2621 1904 2692 άλη-

330 2706 496 2772 θέσιν,
523 2710 846 2765 ἀπετείνατο
878 2715 1029 2783 φωνῇ
1063 2712 1274 2787 μεγάλῃ
1290 2714 1360 2766 Εὐ
1371 2713 1534 2785 σεϐίῳ
1550 2713 1744 2783 λέγων’
1779 2731 1798 2766 ι
1826 2714 1897 2768 Σὺ

329 2800 550 2872 καθέζῃ,
584 2801 831 2865 Εύσέϐιε,
860 2804 958 2857 καὶ
1002 2803 1316 2867 Ἀθανάσιος
1338 2803 1510 2868 άθῶος
1532 2803 1606 2856 ὢν
1631 2803 1782 2875 παρὰ
1805 2805 1900 2858 σού

329 2889 605 2961 κρίνεται·
651 2892 734 2956 τίς
781 2893 992 2961 ἐνέγκοι
1038 2893 1108 2947 τὰ
1131 2893 1394 2958 τοιαῦτας
1441 2893 1581 2962 Λέγε
1615 2894 1672 2947 δέ
1700 2912 1789 2965 μοι
1812 2895 1899 2958 σὺ,

326 2982 379 3034 οὗ
424 2984 525 3036 σὺν
581 2983 704 3052 ἐμοὶ
754 2979 896 3055 ἦσθα
934 2985 991 3038 ἐν
1036 2987 1102 3056 τῇ
1133 2985 1346 3055 φυλακῇ
1385 2983 1476 3036 ἐπὶ
1498 2984 1594 3037 τοῦ
1620 2984 1898 3055 διωγμοῦ;

326 3069 489 3140 Κάγὼ
528 3074 624 3144 μὲν
659 3072 934 3144 ὀφθαλμὸν
950 3073 1301 3145 άπεϐαλόμην
1333 3074 1475 3146 ὑπὲρ
1510 3074 1798 3146 ἀληθείας*
1832 3075 1897 3128 σὺ

323 3160 532 3217 Gemina
586 3165 753 3238 φαίνῃ
800 3164 1175 3236 λελωϐημένον
1208 3185 1259 3220 τι
1294 3165 1433 3237 ἔχων
1459 3168 1517 3221 ἐν
1547 3166 1625 3237 τῷ
1659 3166 1894 3238 σώματι,

2007 1970 2063 2017 et
2090 1959 2696 2025 Meletiani,Athanasii
2735 1959 3038 2030 praesertim
3093 1965 3468 2016 accusatores.
3511 1959 3584 2015 At

2005 2055 2201 2110 beatus
2231 2052 2462 2107 Potamo
2491 2053 2739 2108 veritatis
2795 2065 2859 2106 ac
2897 2061 3060 2106 reetze
3119 2049 3243 2107 fidei
3297 2052 3585 2107 ardorem-

2007 2153 2220 2210 stuans,
2249 2146 2332 2199 vir
2356 2159 2570 2199 summa
2599 2142 2858 2213 loquendi
2912 2142 3182 2209 libertate,
3235 2142 3330 2216 qui
3379 2144 3585 2200 nullius

2005 2250 2244 2304 unquam
2288 2250 2536 2306 personae
2561 2234 2828 2288 rationem
2893 2233 3178 2299 habuerat,
3221 2242 3277 2288 et
3299 2249 3398 2304 pro
3439 2236 3585 2290 veri-

2007 2327 2133 2382 tatis
2153 2326 2498 2382 confessione
2541 2327 2772 2381 alterum
2827 2325 2885 2380 in
2936 2326 3318 2396 persecutione
3361 2327 3580 2382 oculum

2005 2420 2283 2482 amiserat,
2333 2418 2626 2474 Eusebium
2662 2418 2942 2474 sedentem
2965 2424 3019 2473 et
3038 2418 3393 2488 judicantem,
3429 2426 3583 2474 stan-

2004 2518 2113 2566 tem
2137 2527 2267 2567 vero
2286 2510 2645 2566 Athanasium
2676 2509 3052 2579 conspicatus,
3079 2511 3268 2566 dolore
3296 2509 3580 2566 confectus

2003 2611 2057 2658 et
2091 2603 2461 2675 illacrymans,
2499 2604 2645 2658 sicut
2678 2602 2910 2658 sinceris
2951 2602 3268 2659 hominibus
3302 2617 3405 2658 usu
3435 2603 3584 2658 veni-

2002 2709 2063 2749 re
2092 2695 2252 2759 solet,
2287 2709 2485 2766 magna
2513 2710 2648 2749 voce
2677 2694 2940 2750 adversus
2995 2693 3292 2749 Eusebium
3338 2694 3584 2752 invectus

2001 2794 2104 2842 est.
2140 2786 2226 2852 Et,
2263 2806 2283 2838 ‹
2320 2785 2488 2852 Tene,
2519 2786 2715 2857 inquit,
2755 2785 2976 2851 Eusebi,
3005 2785 3216 2852 sedere,
3249 2793 3301 2840 et
3330 2769 3585 2842 innocen-

2001 2887 2108 2933 tem
2134 2878 2494 2933 Athanasium
2528 2893 2558 2932 a
2589 2878 2937 2948 tejudicari?
2974 2877 3110 2945 Quis
3150 2878 3256 2934 ista
3306 2878 3583 2934 sustinere

2001 2970 2216 3040 possit?
2244 2969 2340 3025 Dic
2369 2970 2524 3034 mihi,
2555 2986 2736 3026 nonne
2762 2984 2974 3026 mecum
3012 2969 3412 3040 persecutionis
3442 2978 3584 3024 tem-

1999 3076 2132 3130 pore
2167 3061 2223 3116 in
2249 3062 2499 3118 custodia
2531 3061 2716 3116 fuisti?
2739 3062 2914 3131 Atque
2956 3076 3059 3132 ego
3096 3060 3314 3132 quidem
3356 3061 3577 3116 oculum

2004 3169 2104 3225 pro
2124 3154 2359 3210 veritate
2388 3154 2622 3226 perdidi,
2663 3164 2720 3210 tu
2759 3154 2911 3210 nulla
2939 3156 3186 3223 corporis
3223 3161 3376 3224 parte
3421 3152 3586 3206 muti-

321 3254 436 3311 οὔτε
461 3257 873 3330 ἐμαρτύρησας,
911 3258 1048 3312 ἀλλὰ
1087 3259 1322 3330 ἕστηκας
1351 3258 1480 3324 ζῶν,
1520 3259 1686 3330 μηδὲν
1716 3261 1898 3333 ὴκρω-
1924 3257 1930 3296 ⁴

2007 3247 2151 3302 latus
2182 3263 2265 3315 es,
2290 3263 2468 3318 neque
2497 3248 2818 3320 martyrium
2853 3248 3093 3312 subiisti,
3120 3247 3216 3304 sed
3259 3247 3416 3302 vivus
3439 3247 3583 3302 inte—

322 3350 702 3422 τηριασμένος.
736 3350 860 3414 Πῶς
892 3350 1246 3423 ἁνεχώρησας
1278 3351 1386 3404 ἀπὸ
1423 3351 1523 3422 τῆς
1549 3351 1816 3422 φυλακῆς,
1850 3355 1899 3406 εί

320 3441 392 3512 μὴ
419 3443 498 3496 ὅτι
535 3443 770 3512 ὑπέσχου
803 3445 915 3505 τοῖς
953 3443 1052 3515 τὴν
1097 3442 1342 3513 ἀνάγκην
1373 3440 1468 3494 τοῦ
1495 3441 1737 3513 διωγμοῦ
1765 3444 1900 3514 ἡμῖν

318 3531 646 3605 ὲπενέγκασι
670 3535 730 3589 τὸ
756 3534 1012 3607 ἀθέμιτον
1036 3535 1260 3607 πρᾶξαι,
1293 3534 1327 3607 ἢ
1361 3533 1638 3607 ἔπραξας
1688 3553 1706 3586 ι

2009 3356 2214 3413 gerque
2240 3340 2522 3396 consistis.
2559 3339 2805 3406 Quanam
2833 3343 3095 3397 rationee
3134 3355 3356 3396 carcere
3401 3338 3580 3394 evasi-

2009 3435 2103 3498 sti,
2133 3434 2240 3489 nisi
2272 3441 2561 3504 propterea
2587 3433 2731 3504 quod
2767 3434 3209 3504 persecutoribus
3237 3432 3443 3489 nostris
3460 3447 3582 3502 spo-

2005 3523 2248 3595 pondisti
2269 3533 2323 3580 te
2373 3525 2812 3582 sacrificaturum
2844 3541 2907 3582 ac
2941 3525 3174 3584 fortasse
3209 3527 3372 3582 etiam
3406 3522 3580 3580 sacri-

1999 3614 2216 3673 ficasti?
2248 3637 2269 3670 ι

317 3747 652 3821 εεφΞδιοία
691 3751 1051 3821 episcoporum
1078 3751 1467 3807 catholicorum
1501 3751 1726 3824 Egyptt'
1757 3752 1827 3877 id
1878 3755 2140 3880 fynotdum
2174 3755 2323 3827 Tyri,
2385 3773 2544 3827 quam
2602 3757 2760 3831 refert
2803 3756 3132 3814 Athanasius
3167 3758 3220 3813 in
3275 3754 3581 3825 supradicto

1248 3856 1255 3860 -
1808 3840 1874 3880 no
1899 3840 1996 3880 osze
2026 3843 2130 3880 ICO.

1248 3856 1255 3860 .
1758 3840 2130 3895 Aponogeuco.

374 3958 488 4013 Καὶ
515 3960 632 4030 γάρ
665 3959 824 4013 πάλιν
855 3959 1054 4023 οἴδατε,
1088 3960 1164 4024 ὡς
1206 3958 1560 4032 προείπομεν,
1599 3959 1674 4025 ὡς
1713 3959 1896 4032 ἐχθροί

308 4050 440 4104 εἰσιν
472 4052 663 4125 ἡμῶν,
695 4052 788 4106 καὶ
823 4051 909 4106 διὰ
947 4051 998 4105 τί
1041 4051 1298 4117 Εὐσέϐιος
1339 4052 1369 4106 6
1393 4053 1492 4126 τῆς
1542 4053 1900 4124 Καισαρείας,

306 4139 496 4215 ἐχθρὸς
531 4144 762 4213 γέγονεν
784 4142 895 4198 ἀπὸ
929 4143 1175 4215 πέρυσιν.

2076 3965 2244 4023 Scitis
2285 3967 2454 4032 enim,
2496 3965 2957 4038 quemadmodum
3013 3962 3268 4033 superius
3315 3962 3577 4028 diximus.

2006 4071 2103 4112 eos
2128 4066 2348 4114 nostros
2379 4057 2632 4113 inimicos
2675 4072 2830 4123 esse;
2879 4062 2935 4111 et
2985 4070 3084 4110 cur
3124 4053 3332 4112 nonila
3368 4053 3577 4125 pridem

2007 4142 2278 4204 Eusebius
2304 4147 2661 4203 Caesariensis
2687 4146 3003 4202 inimicitias
3034 4144 3297 4206 adversus
3339 4160 3442 4208 nos
3459 4164 3577 4205 sus-

2010 4239 2232 4306 ceperit.

1173 4392 1501 4448 Athanasius
1546 4394 1602 4448 in
1623 4393 1848 4462 epistola
1879 4391 1954 4449 De
1979 4391 2214 4448 decretis
2236 4391 2428 4464 synodi
2467 4371 2734 4448 Nicaznae:

362 4531 478 4588 Καὶ
499 4533 568 4586 τό
603 4548 675 4601 γε
719 4530 1038 4603 παράδοξον,
1069 4530 1328 4597 Εὐσέϐιος
1357 4534 1386 4587 6
1416 4533 1525 4587 ἀπὸ
1568 4534 1904 4606 Καισαρείας

2077 4531 2143 4588 Ει
2168 4532 2314 4604 quod
2338 4532 2647 4588 mirandum
2679 4539 2785 4598 est,
2830 4529 3101 4587 Eusebius
3139 4530 3430 4603 episc0pus
3459 4529 3582 4586 Cae-

293 4622 389 4693 τῆς
419 4621 831 4692 Παλαιστίνης,
867 4623 1043 4676 καίτοι
1072 4622 1180 4694 πρὸ
1218 4625 1345 4694 μιᾶς
1377 4622 1726 4695 ἀρνούμενος,
1755 4626 1905 4696 ὅμως

2007 4639 2176 4679 sareae
2202 4622 2510 4688 Palestina,
2540 4622 2790 4693 quamvis
2818 4621 2995 4692 pridie
3022 4627 3362 4684 recusasset,
3385 4621 3583 4691 postri-

291 4710 522 4788 ὕστερον
553 4713 914 4786 ὑπογράψας,
938 4713 1216 4766 ἐπέστειλε
1248 4717 1314 4786 τῇ
1351 4714 1648 4787 Ἐκκλησία
1683 4715 1897 4778 ἑαυτοῦ,

2007 4716 2090 4770 die
2115 4723 2293 4770 tamen
2347 4713 2694 4784 subscripsit,
2733 4722 2788 4768 et
2819 4713 2886 4769 ad
2920 4712 3221 4769 Ecclesiam
3262 4726 3416 4768 suam
3440 4711 3584 4766 litte-

285 4805 463 4876 λέγων
529 4803 692 4862 εἶναι
721 4809 818 4877 τῆς
877 4807 1199 4880 Ἐκκλησίας
1237 4808 1334 4878 τὴν
1383 4808 1598 4872 πίστιν,
1649 4810 1744 4862 καὶ
1788 4808 1898 4860 τῶν

2007 4821 2094 4859 ras
2126 4805 2301 4871 dedit,
2325 4819 2577 4860 asserens
2603 4805 2742 4858 hanc
2776 4819 2899 4859 esse
2929 4801 3185 4858 Ecclesiae
3217 4801 3375 4857 fidem
3406 4810 3460 4857 et
3483 4799 3586 4855 Pa-

285 4895 556 4970 Πατέρων
598 4898 713 4969 τὴν
751 4897 1082 4969 παράδοσιν·
1119 4897 1253 4951 πᾶσί
1285 4915 1344 4951 τε
1379 4897 1628 4970 φανερῶς
1675 4897 1894 4966 ἔδειξεν,

2007 4904 2150 4950 trum
2184 4896 2556 4951 traditionem.
2594 4895 2969 4965 Omnibusque
3017 4893 3310 4950 manifesto
3339 4893 3584 4949 declara-

282 4987 357 5042 ὃτι
397 4992 704 5063 πρότερον
760 4988 1116 5058 ἐσφάλλοντο,
1166 4991 1263 5044 καὶ
1309 4989 1485 5060 μάτην
1533 4989 1898 5058 ἐφιλονείκουν

2007 4991 2104 5054 vit,
2133 4990 2256 5045 illos
2289 4990 2442 5058 prius
2464 5004 2678 5044 errasse
2691 4997 2752 5042 et
2787 4987 3081 5042 frustra-de
3106 4988 3333 5041 veritate
3365 4997 3585 5042 conten-

279 5082 410 5150 πρὸς
439 5083 551 5154 τὴν
594 5080 901 5149 ἀλήθειαν·
940 5082 987 5133 εἱ
1009 5081 1117 5152 γὰρ
1143 5083 1235 5134 καὶ
1261 5080 1502 5152 ᾐσχύνθη
1532 5081 1652 5134 τότε
1675 5080 1898 5144 ταύταις

2007 5080 2174 5136 disSe.
2199 5082 2313 5136 Etsi
2331 5083 2476 5136 enim
2493 5082 2560 5135 iis
2574 5088 2705 5134 tunc
2723 5081 2902 5135 verbis
2922 5080 3002 5133 uti
3032 5094 3144 5149 pra:
3164 5078 3371 5148 pudore
3384 5079 3580 5135 noluit.

275 5176 389 5237 ταῖς
425 5175 633 5242 λέξεσι
672 5173 924 5243 γράψαι,
961 5176 1053 5228 καὶ
1086 5174 1160 5238 ὡς
1193 5174 1456 5246 ἠθέλησεν
1493 5175 1656 5237 αὐτὸς
1701 5174 1897 5226 ἀπελο-

2007 5185 2060 5230 et
2083 5181 2244 5244 prout
2275 5175 2392 5244 ipse
2430 5175 2600 5228 voluit
2632 5172 2897 5228 satisfecit
2931 5171 3210 5234 Ecclesiae,
3257 5171 3313 5224 in
3351 5171 3582 5240 epistola

271 5268 480 5334 γήσατο
510 5271 587 5338 τῇ
638 5265 971 5338 Ἐκκλησία,
1001 5266 1137 5320 ἀλλά
1165 5284 1229 5336 γε
1265 5268 1352 5322 διὰ
1392 5268 1490 5340 τῆς
1525 5269 1811 5339 ἐπιστολῆς
1842 5268 1904 5321 τὸ

2008 5267 2269 5320 tamenin
2328 5280 2436 5335 qua
2464 5263 2558 5319 Dei
2602 5262 2797 5317 Filium
2847 5260 3368 5318 consubstantialem
3419 5268 3474 5316 et
3516 5277 3586 5316 ex

271 5359 572 5429 ὁμοούσιον
617 5361 735 5413 καὶ
785 5361 843 5412 τὸ
880 5362 944 5414 ἐκ
986 5361 1087 5432 τῆς
1129 5361 1315 5425 οὐσίας
1365 5361 1438 5435 μὴ
1490 5362 1899 5433 ἀρνησάμενος,

271 5456 529 5525 ᾳανερῶς
576 5453 771 5508 τοῦτο
813 5456 1048 5524 σημᾶναι
1110 5454 1389 5524 βούλεται,
1439 5458 1532 5508 καὶ
1552 5454 1806 5508 πέπονθέ,
1847 5471 1900 5507 τι

269 5542 470 5600 δεινόν’
512 5548 603 5612 ὡς
657 5543 788 5614 γὰρ
837 5546 1270 5617 ἀπολογούμενος
1321 5548 1667 5620 κατηγόρησε
1719 5546 1901 5600 λοιπὸν

266 5635 367 5690 τῶν
420 5636 795 5712 ’Λρειανῶν,
826 5639 905 5691 ὅτι
939 5638 1268 5711 γράψαντες,
1309 5638 1423 5692 Οὐκ
1455 5635 1524 5710 ἦν
1548 5642 1576 5692 ὁ
1603 5639 1730 5701 Υἱὸς
1771 5639 1899 5710 πρὶν

264 5729 596 5803 γενηθῆναι,
639 5731 767 5783 οὐκ
806 5727 989 5799 ἡθελον
1022 5730 1153 5784 αὑτὸ
1183 5725 1318 5785 εἶναι
1341 5729 1459 5783 οὐδὲ
1490 5729 1596 5800 πρὸ
1625 5728 1727 5800 τῆς
1757 5728 1900 5783 κατὰ

268 5819 440 5892 σάρκα
477 5822 820 5894 γενέσεως.

2009 5356 2313 5413 substantia
2337 5355 2526 5410 Patris
2567 5355 2832 5409 exsistere
2886 5369 2994 5408 non
3045 5352 3342 5417 inficiatur,
3399 5359 3588 5420 aperte

2008 5449 2060 5504 id
2091 5447 2235 5518 quod
2261 5447 2392 5512 dixi,
2424 5446 2712 5516 significat.
2763 5446 2842 5500 Ac
2869 5443 3113 5516 profecto
3167 5442 3354 5499 infelix
3412 5444 3470 5498 in
3518 5459 3586 5499 eo

2008 5541 2130 5603 fuit,
2173 5549 2232 5594 ut
2291 5540 2434 5595 enim
2473 5539 2711 5608 seipsum
2764 5545 3042 5610 purgaret,
3097 5537 3380 5592 accusavit
3431 5536 3586 5594 deiu-

2007 5647 2134 5703 ceps
2166 5632 2423 5696 Arianos,
2449 5632 2594 5701 quod
2633 5646 2756 5685 cum
2801 5630 3047 5695 dicerent
3089 5629 3287 5685 Filium
3331 5629 3426 5684 Dei
3474 5645 3584 5684 non

2006 5723 2282 5782 exstitisse
2315 5731 2606 5794 antequam
2661 5724 2976 5796 gigneretur
3003 5765 3018 5790 ,
3071 5722 3176 5777 hoc
3220 5732 3383 5795 pacto
3420 5737 3588 5794 nega-

2005 5825 2126 5874 rent
2155 5832 2277 5875 cum
2301 5817 2579 5875 exstitisse
2617 5825 2744 5874 ante
2769 5816 3228 5874 incarnationem.
