4070 6392
479 412 550 468 87
1082 390 1083 393 ‘
1287 408 1617 465 veranum
1657 396 2078 477 res'rmoma
2116 402 2402 461 CONTRA
2436 401 2805 460 EUSEBIUM.
3192 428 3197 431 -
3634 395 3706 451 ss

1338 524 1485 580 Idem
1518 525 1575 579 in
1605 533 1837 579 tractatu
1861 522 1935 580 De
1967 523 2190 597 synodis
2218 522 2450 578 Arimini
2477 531 2531 579 et
2560 518 2839 576 Seleucia.

542 644 822 719 Pracipue
849 656 1027 704 autem
1048 647 1306 712 Aeacius,
1335 646 1469 717 quid
1492 645 1727 703 Eusebio
1776 647 2039 717 magistro
2068 652 2110 706 A

2097 669 2110 706 ι
2205 643 2459 699 Μάλιστα
2498 642 2556 695 δὲ
2597 639 2847 701 Ἀκάκιος
2877 636 2929 690 τί
2982 630 3048 689 ἂν
3087 632 3230 686 εἴποι
3276 628 3409 701 πρὸς
3448 625 3704 681 Εὐσέϐιον

374 802 376 805 τ
473 755 576 797 suo
598 756 962 812 responsurus
983 741 1103 796 est?
1138 739 1244 806 Qui
1269 752 1381 795 non
1423 740 1598 795 solum
1622 739 1833 811 synodo
1860 738 1981 795 Nica

2131 737 2224 790 τὸν
2259 734 2454 790 ἑαυτοῦ
2495 731 2844 795 διδάσκαλον;
2878 730 2974 792 Ὃς
3015 727 3074 780 οὐ
3113 725 3270 796 μόνον
3309 720 3617 812 ὑπέγραψεν
3645 720 3704 812 ἐν

470 845 556 886 me
586 808 932 900 subscripsit,
956 829 1050 883 sed
1075 836 1131 884 et
1179 844 1277 898 per
1328 827 1615 898 epistolam
1656 808 1874 900 populis
1920 828 2037 885 suis

2133 830 2201 899 τῇ
2247 824 2389 880 κατὰ
2436 825 2671 877 Νίκαιαν
2715 820 2949 890 συνόδῳ,
2990 816 3126 872 ἀλλὰ
3172 815 3265 869 καὶ
3316 813 3381 866 δι’
3422 808 3703 881 ἐπιστολῆς

472 920 797 993 signiiicavit
823 959 840 985 ,
908 935 1029 975 eam
1107 934 1246 981 esse:
1292 936 1474 977 veram
1517 920 1677 976 fidem
1720 936 1842 992 quae
1891 918 2035 990 apud

2136 918 2371 990 ἐδήλωσε
2420 917 2530 978 τοῖς
2559 916 2651 967 ὑπ’
2691 912 2856 967 αὐτὸν
2883 912 3064 974 λαοῖς,
3102 907 3305 979 ταύτην
3343 902 3481 959 εἶναι
3523 904 3703 956 πίστιν

468 1010 705 1067 Nicaeam
755 1027 824 1068 ex
869 1008 1150 1067 communi
1188 1025 1459 1067 consensu
1508 1012 1708 1067 tradita
1766 1019 1870 1068 est.
1920 1011 2039 1067 Etsi

2135 1008 2329 1080 ἀληθῆ,
2364 1007 2463 1077 τὴν
2501 1004 2919 1077 ὁμολογηθεῖσαν
2947 1004 3004 1055 ἐν
3042 1003 3108 1071 τῇ
3142 1000 3282 1053 κατὰ
3317 998 3549 1051 Νίκαιαν
3577 1012 3702 1048 συν-

466 1104 613 1160 enim
646 1117 713 1160 eo
756 1119 866 1175 quo
902 1105 990 1160 vol
1013 1105 1078 1157 iit
1131 1103 1314 1169 modo,
1340 1105 1620 1160 excusavit
1652 1119 1712 1159 se
1760 1118 1855 1175 per
1889 1103 2035 1158 illam

2137 1102 2241 1173 όδῳ
2265 1120 2277 1131 ·
2314 1102 2364 1156 εἰ
2392 1099 2500 1172 γὰρ
2521 1100 2614 1152 καὶ
2650 1096 2725 1161 ὡς
2760 1096 3020 1167 ἠθέλησεν
3069 1093 3440 1164 ἀπελογήσατο
3476 1089 3563 1143 διὰ
3603 1087 3701 1158 τῆς

467 1195 788 1266 Epistolam,
810 1211 912 1252 voc
931 1213 971 1252 es
998 1206 1183 1252 tamen
1205 1195 1398 1269 synodi
1416 1210 1525 1250 non
1558 1194 1886 1266 repudiavit.
1919 1194 2033 1250 lmo

2139 1192 2449 1263 ἐπιστολῆς,
2490 1191 2626 1246 ἀλλά
2664 1207 2727 1259 γε
2760 1189 2857 1253 τὰς
2898 1186 3069 1254 λέξεις
3104 1187 3203 1240 οὐκ
3230 1185 3533 1256 ἠρνήσατο·
3569 1180 3704 1234 ἀλλὰ

466 1283 704 1339 Arianos
741 1284 1036 1351 accusavit,
1091 1284 1237 1355 quod
1269 1300 1396 1340 cum
1436 1285 1723 1341 dicerent:
1755 1283 1874 1341 Non
1915 1292 2034 1341 erat

2139 1288 2231 1340 καὶ
2263 1286 2609 1357 κατηγόρησε
2638 1282 2744 1337 τῶν
2787 1279 3106 1352 Ἀρειανῶν,
3139 1280 3221 1334 ὅτι
3270 1277 3546 1346 λέγοντες,
3590 1275 3704 1327 Οὐκ

467 1372 639 1431 Filius
660 1382 948 1447 antequam
975 1377 1287 1449 gigneretur
1310 1421 1326 1444 ,
1356 1392 1479 1433 eum
1527 1392 1597 1433 ne
1647 1383 1774 1433 ante
1816 1385 2030 1448 partum

2134 1376 2203 1451 ἦν
2241 1381 2368 1453 πρὶν
2400 1379 2692 1450 γενηθῆναι
2741 1380 2769 1432 ὁ
2802 1376 2961 1441 Υἱὸς,
2994 1375 3112 1429 οὖδέ
3143 1374 3248 1446 πρὸ
3293 1372 3511 1445 Μαρίας
3541 1369 3701 1426 αὐτὸν

469 1466 688 1536 quidem
720 1466 903 1523 Mariae
928 1471 1205 1525 exstitisse
1242 1468 1595 1525 afﬁrmarent.

928 1471 1205 1525 exstitisse
1242 1468 1595 1525 afﬁrmarent.
2135 1471 2324 1542 ἧθελον
2356 1467 2513 1525 εἶναι.

1506 1563 1655 1618 Idem
1680 1566 1735 1619 in
1764 1565 1988 1635 epistola
2024 1563 2093 1619 ad
2121 1567 2390 1639 episcopos
2427 1566 2645 1636 Africae.

531 1675 719 1753 Neque
744 1681 865 1752 ejus
894 1682 973 1738 rei
1005 1683 1227 1754 ignarus
1274 1690 1393 1738 erat
1421 1681 1688 1740 Eusebius
1740 1684 2029 1754 episcopus

2205 1687 2316 1740 Kal.
2363 1684 2519 1739 τοῦτο
2563 1684 2855 1752 ἐγίνωσκεν
2892 1680 3147 1743 Εὐσέϐιος
3175 1681 3204 1733 ὁ
3246 1676 3532 1747 γενόμενος
3582 1672 3701 1726 ἐπί-

463 1770 839 1831 ῦωεοῐίειιεὶε.
869 1773 973 1841 Qui
1006 1790 1131 1830 cum
1158 1776 1313 1847 prius
1354 1775 1744 1847 suﬁ‘ragaretur
1762 1776 2032 1831 Arianicae

2136 1794 2336 1843 σκοπος
2368 1776 2471 1847 τῆς
2500 1775 2853 1847 Καισαρείας,
2886 1773 3147 1844 πρότερον
3175 1771 3271 1844 μὲν
3306 1767 3608 1840 συντρέχων
3629 1767 3694 1835 τῇ

463 1872 650 1932 sectae,
673 1873 863 1935 postea
890 1875 1071 1923 tamen
1092 1866 1294 1923 Nicaeni
1341 1870 1560 1925 concilii
1615 1869 1851 1925 decretis
1902 1869 2033 1924 sub-

2087 1858 2110 1911 3
2151 1870 2456 1940 ’Δρειανικῇ
2499 1867 2728 1939 αἱρέσει,
2763 1865 2987 1935 ὕστερον
3013 1864 3070 1917 δὲ
3110 1860 3429 1934 ὑπογράψας
3460 1861 3517 1912 ἐν
3559 1858 3694 1928 αὐτῇ

463 1956 708 2028 scripsit,
737 1965 791 2013 et
814 1959 959 2029 apud
986 1975 1118 2016 suos
1151 1960 1387 2033 idipsum
1415 1962 1657 2034 propriis
1712 1962 1912 2018 litteris
1959 1962 2036 2015 af-

2134 1963 2203 2031 τῇ
2233 1962 2291 2014 ἐν
2311 1959 2517 2030 Νικαίᾳ
2555 1957 2772 2027 συνόδῳ,
2809 1955 3014 2027 ἔγραψε
3043 1957 3156 2017 τοῖς
3189 1953 3337 2016 ἰδίοις
3367 1946 3702 2004 διαϐεϐαιού-

463 2045 717 2113 ﬁrmavit,
748 2049 907 2119 cujus
936 2050 1051 2106 haec
1087 2050 1252 2108 verba
1289 2061 1415 2109 sunt
1449 2052 1748 2109 :Novimus
1770 2053 2033 2125 quosdam

2140 2066 2319 2122 μενος,
2342 2050 2425 2102 ὅτι
2454 2047 2547 2101 καὶ
2574 2046 2680 2100 τῶν
2706 2044 2947 2098 παλαιῶν
2970 2043 3120 2106 τινὰς
3143 2040 3355 2109 λογίους
3385 2039 3479 2092 καὶ
3504 2040 3703 2107 ἐπιφα-

461 2155 529 2196 ex
560 2141 761 2212 priscis
784 2143 1031 2201 eruditos
1063 2152 1118 2200 et
1144 2147 1438 2216 praeclaros
1468 2147 1760 2213 antistites,
1790 2147 2034 2216 aliosque

2133 2144 2244 2205 νεῖς
2276 2141 2603 2202 ἐπισκόπους
2653 2139 2747 2191 καὶ
2797 2134 3145 2207 συγγραφέας
3190 2132 3432 2203 ἔγνωμεν
3475 2131 3566 2183 ἐπὶ
3605 2129 3701 2200 τῆς

461 2233 782 2303 scriptores,
818 2250 942 2291 cum
971 2235 1039 2293 de
1069 2237 1249 2295 Patris
1273 2248 1326 2295 et
1354 2238 1477 2295 Filii
1502 2238 1713 2296 Deitate
1740 2240 2033 2311 loqueren-

2132 2233 2226 2287 τοῦ
2252 2232 2462 2304 Πατρὸς
2491 2231 2585 2285 καὶ
2603 2228 2734 2284 Υἱοῦ
2764 2228 3013 2298 θεότητος
3035 2224 3113 2296 τῷ
3142 2224 3235 2278 τοῦ
3262 2219 3543 2295 ὁμοουσίου
3568 2237 3702 2292 χρη-

460 2327 569 2388 tur,
594 2338 728 2380 voce
754 2326 1343 2385 consubstantialitatis
1364 2344 1496 2386 usos
1517 2344 1657 2385 esse.

1056 2328 1343 2385 ntialitatis
1364 2344 1496 2386 usos
1517 2344 1657 2385 esse.
2136 2322 2399 2394 σαμένους
2419 2320 2660 2391 ὀνόματι.

1301 2447 1449 2503 Idem
1480 2448 1535 2502 in
1565 2456 1798 2503 tractatu
1826 2445 1902 2503 De
1925 2443 2160 2519 Synodis
2204 2440 2437 2497 Arimini
2466 2447 2521 2496 et
2549 2438 2826 2495 Seleuciae.

527 2550 795 2612 Eusebius
822 2572 1039 2629 quoque
1061 2576 1128 2616 ex
1159 2561 1404 2619 Caesarea
1434 2562 1743 2629 Palestinae,
1783 2565 1841 2619 in
1892 2565 2030 2619 litte-

2216 2560 2275 2613 Ὀ
2305 2557 2363 2611 δὲ
2402 2557 2510 2611 άπὸ
2540 2553 2875 2627 Καισαρείας
2901 2552 3003 2624 τῆς
3031 2548 3391 2619 Παλαιστίνης
3422 2544 3696 2610 Εὐσέϐιος,

458 2645 536 2701 ris
566 2647 633 2702 ad
662 2648 1085 2721 Euphrationem
1121 2655 1435 2727 episcopum
1458 2672 1568 2712 non
1587 2657 1792 2712 veritus
1818 2664 1903 2713 est
1927 2672 2026 2727 pa-

2133 2651 2361 2724 γράφων
2388 2650 2524 2721 πρὸς
2548 2647 2905 2721 Εὑφρατίωνα
2930 2646 3019 2698 τὸν
3044 2644 3357 2704 ἐπίσκοπον,
3383 2639 3483 2693 οὐκ
3502 2636 3696 2707 ἐφοϐή-

456 2736 566 2793 iam
587 2738 790 2810 dicere,
820 2742 1099 2803 Christum
1123 2762 1233 2804 non
1264 2762 1388 2804 esse
1408 2762 1593 2803 verum
1622 2745 1813 2805 Deum.

2132 2744 2199 2814 θη
2234 2740 2483 2812 φανερῶς
2511 2742 2682 2794 εἰπεῖν
2713 2741 2794 2794 ὅτι
2826 2741 2856 2793 ὁ
2894 2737 3126 2809 Χριστὸς
3155 2735 3254 2788 οὑκ
3281 2733 3425 2787 ἐστιν
3452 2729 3699 2803 ἀληθινὸς

2130 2834 2282 2897 Θεός.

1163 2905 1520 3000 Hieronymus
1553 2930 1610 2985 in
1642 2929 1866 2998 epistola
1894 2929 1963 2984 ad
1980 2928 2364 3000 Ctesiphontem
2394 2927 2641 2983 adversus
2666 2923 3007 2997 Pelagianos.

529 3014 756 3074 Fecerat
779 3019 884 3076 hoc
914 3028 970 3078 et
998 3022 1054 3078 in
1074 3025 1250 3080 sancti
1278 3024 1546 3095 Pamphili
1570 3024 1828 3098 martyris
1854 3024 2097 3090 nomine,
2125 3036 2186 3079 ut
2202 3025 2408 3081 librum
2451 3025 2689 3095 primum
2734 3038 2831 3078 sex
2885 3021 3150 3077 librorum
3197 3014 3536 3074 defensionis
3573 3012 3698 3072 Ori-

456 3115 613 3184 genis
638 3114 858 3173 Eusebii
885 3116 1261 3188 Caesariensis,
1290 3136 1453 3193 quem
1503 3121 1674 3179 fuisse
1723 3121 2013 3186 Arianum,
2054 3136 2216 3177 nemo
2278 3129 2364 3179 est
2409 3122 2505 3193 qui
2561 3120 2789 3188 nesciat,
2845 3116 3065 3173 nomine
3117 3113 3389 3185 Pamphili
3439 3110 3696 3183 martyris

455 3218 802 3278 praenotaret.

1451 3307 1602 3364 Idem
1627 3309 1682 3362 in
1711 3308 1845 3361 libro
1872 3308 2099 3363 secundo
2124 3307 2405 3364 Adversus
2424 3306 2700 3363 Ruﬁnum.

527 3397 722 3452 Statim
746 3396 814 3455 de
840 3407 1001 3470 portu
1027 3401 1334 3472 egrediens,
1379 3418 1571 3458 navem
1605 3399 1852 3472 impegit.
1887 3397 2151 3457 Referens
2189 3402 2337 3456 enim
2360 3401 2427 3456 de
2454 3399 2715 3471 Apologia
2749 3393 3021 3467 Pamphili
3066 3393 3342 3467 martyris,
3373 3405 3538 3464 quam
3590 3404 3694 3449 nos

456 3491 678 3548 Eusebii
700 3492 1026 3549 Arianorum
1047 3494 1336 3566 principis,
1360 3494 1739 3565 probavimus,
1765 3500 1873 3550 etc.

1458 3583 1609 3639 Idem
1639 3585 1694 3638 in
1723 3584 1857 3639 libro
1877 3587 2050 3655 primo
2071 3586 2350 3641 Adversus
2382 3579 2659 3639 Ruﬁnum.

525 3670 792 3731 Eusebius
814 3673 1169 3731 Caesariensis
1198 3675 1510 3748 episcopus,
1529 3676 1689 3747 cujus
1711 3692 1876 3747 supra
1899 3678 2142 3744 memini,
2166 3678 2222 3731 in
2254 3684 2409 3732 sexto
2437 3676 2579 3732 libro
2603 3675 2706 3746 τῆς
2732 3675 3084 3746 Ἀπολογίας
3110 3672 3380 3744 Origenis,
3418 3673 3525 3730 hoc
3545 3673 3688 3731 idem

453 3761 642 3832 objicit
665 3763 935 3820 Methodio
961 3765 1222 3836 episcopo
1246 3768 1570 3838 etmartyri,
1602 3766 1748 3838 quod
1779 3774 1839 3821 tu
1872 3768 1929 3823 in
1968 3769 2107 3824 meis
2156 3768 2413 3825 laudibus
2464 3767 2813 3835 criminaris;
2846 3777 2899 3823 et
2928 3766 3061 3822 dicit
3092 3786 3105 3821 :
3134 3786 3154 3817 ι
3186 3765 3472 3832 Quomodo
3513 3781 3687 3823 ausus

451 3862 538 3911 est
569 3854 875 3912 Methodius
896 3871 1045 3911 nunc
1068 3865 1261 3912 contra
1294 3856 1584 3930 Origenem
1623 3859 1886 3926 scribere,
1908 3860 2002 3930 qui
2041 3860 2157 3915 haec
2187 3868 2242 3917 et
2272 3860 2388 3916 haec
2432 3859 2501 3916 de
2543 3856 2793 3930 Origenis
2847 3860 3064 3915 locutus
3114 3867 3199 3915 est
3236 3858 3581 3929 dogmatibus
3611 3859 3634 3912 ?
3661 3879 3682 3910 ι

451 3946 571 4003 Non
589 3956 673 4004 est
696 3948 859 4019 hujus
888 3949 994 4005 loci
1028 3964 1127 4020 pro
1156 3958 1395 4022 martyre
1411 3951 1577 4022 loqui.
1607 3950 1794 4021 Neque
1822 3951 1968 4007 enim
1989 3952 2172 4008 omnia
2195 3952 2249 4007 in
2276 3951 2414 4008 locis
2436 3951 2689 4007 omnibus
2721 3951 3039 4008 disserenda
3085 3958 3233 4006 sunt.
3281 3948 3441 4006 Nunc
3482 3951 3690 4021 tetigis-

453 4055 513 4097 se
538 4040 789 4109 suiliciat,
825 4042 930 4097 hoc
961 4043 1030 4098 ab
1057 4042 1262 4098 Ariano
1292 4044 1511 4101 homine
1539 4044 1703 4114 objici
1731 4045 2038 4102 clarissimo
2060 4055 2114 4102 et
2134 4045 2583 4119 eloquentissimo
2604 4048 2857 4115 martyri,
2888 4044 3037 4118 quod
3069 4052 3128 4100 tu
3153 4045 3212 4099 in
3249 4059 3337 4100 me
3390 4050 3445 4101 et
3477 4046 3687 4100 amicus

453 4134 665 4202 laudas,
713 4143 768 4191 et
790 4136 1031 4194 oli‘ensus
1060 4153 1309 4196 accusas.

1361 4255 1632 4321 Socrates,
1658 4255 1756 4312 lib.
1779 4271 1797 4308 ι
1827 4252 2082 4312 Historiae
2107 4255 2510 4321 ecclesiasticae,
2540 4270 2656 4324 cap.
2686 4254 2778 4310 25.

518 4364 786 4423 Eusebius
835 4366 1053 4436 quidem
1101 4367 1366 4439 Pamphili
1409 4370 1622 4435 scribit,
1679 4371 1861 4427 statim
1893 4377 2016 4441 post
2043 4379 2085 4436 c

2080 4380 2085 4434 ς
2188 4370 2446 4434 Εὐσέϐιος
2478 4370 2574 4442 μὲν
2606 4366 2700 4424 οὖν
2730 4371 2758 4422 ό
2809 4369 3091 4441 Παμφίλου
3140 4370 3304 4442 φησιν
3347 4368 3508 4434 εὐθὺς
3547 4367 3687 4441 μετὰ

447 4456 714 4529 synodum
745 4456 1031 4530 ngyptios
1064 4459 1206 4515 inter
1230 4475 1289 4515 se
1328 4461 1687 4516 tumultuatos
1714 4477 1857 4528 esse,
1879 4476 2013 4515 cau-

2118 4460 2214 4533 τὴν
2256 4461 2487 4527 σύνοδον,
2536 4462 2671 4534 πρὸς
2691 4463 2888 4535 ἑαυτὴν
2929 4460 3233 4527 στασιάζειν
3269 4460 3364 4534 τὴν
3389 4460 3688 4531 Αἴγυπτον,

448 4564 561 4604 sam
588 4551 852 4606 tumultus
885 4566 996 4606 non
1042 4550 1265 4608 addens.
1296 4550 1414 4619 Quo
1447 4551 1505 4606 fit
1555 4561 1616 4608 ut
1661 4554 1715 4607 in
1758 4553 2013 4624 bilinguis

2117 4553 2217 4624 τὴν
2243 4552 2419 4607 αἰτίαν
2446 4552 2519 4624 μὴ
2544 4553 2851 4625 προστιθείς
2869 4571 2883 4585 ⁸
2910 4554 2968 4620 ἐξ
2986 4549 3060 4607 ὧν
3086 4554 3181 4607 καὶ
3205 4552 3502 4623 διγλώσσου
3529 4552 3682 4619 δόξαν

446 4642 814 4711 suspicionem
842 4644 1076 4711 venerit,
1106 4653 1391 4714 propterea
1441 4645 1588 4716 quod
1634 4644 1763 4700 dum
1816 4656 2012 4700 causas

2119 4647 2384 4719 ἐκτήσατο
2403 4687 2418 4711 ,
2450 4649 2551 4713 ὅτι,
2586 4646 2684 4711 τὰς
2715 4647 2893 4712 αἰτίας
2919 4646 3095 4716 λέγειν
3133 4647 3412 4711 ἐκκλίνων,
3450 4645 3524 4719 μὴ
3557 4663 3681 4699 συν-

445 4747 671 4789 narrare
697 4735 1043 4807 subterfugit,
1081 4736 1323 4792 indicare
1372 4737 1588 4793 videtur
1635 4753 1695 4794 se
1748 4737 1835 4793 bis
1893 4751 2014 4807 quae

1508 4745 1588 4793 Lur
1635 4753 1695 4794 se
1748 4737 1835 4793 bis
1893 4751 2014 4807 quae
2119 4740 2356 4793 ευδοκεῖν
2381 4743 2495 4804 τοῖς
2525 4742 2583 4794 ἐν
2613 4740 2817 4812 Νικαίᾳ
2849 4740 3115 4795 συνέθετο.

445 4824 588 4895 apud
612 4824 849 4882 Nicaeam
875 4828 1090 4884 decreta
1119 4827 1353 4895 fuerant,
1402 4832 1625 4886 minime
1661 4830 1936 4885 assentiri.

706 4941 1051 4999 Theodoritus
1074 4945 1129 4999 in
1159 4946 1584 5016 interpretatione
1616 4945 1872 5015 Epistolas
1893 4942 2054 4998 Pauli
2083 4942 2152 4997 ad
2176 4941 2448 5008 Hebrteos,
2480 4944 2543 4999 de
2580 4944 2794 4999 Arionis
2837 4943 3071 5016 loquens,
3099 4943 3178 5027 ita
3199 4941 3381 4998 scribit
3414 4957 3435 4995 :

514 5056 672 5124 Quod
697 5059 742 5115 si
760 5075 828 5115 ne
846 5060 952 5116 hoc
975 5061 1195 5132 quidem
1230 5061 1434 5117 sufﬁcit
1478 5063 1547 5119 ad
1575 5064 1655 5119 eis
1683 5062 2012 5134 persuaden-

2182 5062 2245 5115 Εί
2270 5061 2327 5114 δὲ
2369 5061 2504 5133 μηδὲ
2551 5060 2707 5116 τοῦτο
2740 5062 2920 5117 ἱκανὸν
2953 5065 3134 5116 πεῖσαι
3184 5061 3409 5123 αὐτοὺς,
3435 5057 3678 5130 Εὑσεϐίῳ

444 5149 596 5215 dum,
627 5150 860 5208 Eusebio
889 5161 1035 5209 certe
1058 5152 1352 5209 Palaestino
1394 5155 1613 5211 credere
1641 5162 1735 5211 eos
1761 5163 2008 5226 oportet,

2112 5152 2243 5222 γοῦν
2270 5154 2435 5225 ἐχρῆν
2461 5153 2747 5224 πεισθῆναι
2768 5154 2846 5225 τῷ
2870 5152 3226 5224 Παλαιστινῷ,
3255 5152 3313 5206 ὃν
3333 5151 3442 5207 τῶν
3462 5150 3680 5205 οἰκείων

441 5256 602 5310 quem
631 5248 922 5312 patronum
950 5256 1175 5298 suorum
1198 5243 1510 5313 dogmatum
1538 5243 1831 5314 appellant.

1494 5259 1510 5297 ι
1538 5243 1831 5314 appellant.
2110 5244 2394 5315 δογμάτων
2425 5243 2757 5298 ἀποκαλοῦσι
2787 5246 3101 5317 συνήγορον.

667 5358 944 5426 Antipater
972 5354 1286 5414 Bostrorum
1311 5363 1579 5431 episcopus
1612 5362 1668 5415 in
1698 5360 1831 5416 libro
1860 5361 2030 5430 primo
2067 5361 2345 5417 Adversus
2380 5356 2610 5414 Eusebii
2638 5357 3053 5430 Apologeticum
3075 5371 3175 5429 pro
3202 5355 3456 5428 Origene.

510 5470 661 5541 Nego
706 5476 889 5526 tamen
932 5487 1056 5527 eum
1100 5471 1169 5526 ad
1221 5483 1466 5530 exactam
1510 5474 2009 5530 ecclesiasticorum

2181 5471 2292 5524 Οὐκ
2348 5469 2428 5523 ἔτι
2460 5468 2517 5522 δὲ
2568 5470 2704 5541 πρὸς
2749 5470 2851 5542 τὴν
2897 5469 3005 5523 τῶν
3060 5469 3342 5541 δογμάτων
3393 5465 3675 5540 ἀκρίϐειαν

438 5563 753 5634 dogmatum
783 5564 1148 5634 cognitionem
1180 5567 1514 5636 pervenisse.
1566 5565 1835 5633 Quocirca
1881 5581 2008 5635 pro-

2110 5562 2310 5633 φθὰσαι
2342 5561 2482 5632 φημὶ
2505 5562 2595 5615 τὸν
2627 5548 2795 5633 ἄνδρα
2813 5579 2827 5592 ·
2854 5560 2976 5616 ὅθεν
3002 5559 3335 5632 πολυμαθίας
3372 5558 3471 5631 μὲν
3494 5575 3673 5630 παρα-

438 5654 662 5709 miscua:
685 5654 903 5725 quidem
936 5655 1197 5711 doctrinae
1224 5666 1387 5730 atque
1411 5658 1734 5715 eruditionis
1779 5659 2002 5729 gloriam
2030 5662 2045 5723 ]

2066 5653 2380 5725 »χωρητέον
2428 5652 2596 5724 αὐτῷ,
2630 5651 2911 5724 δογμάτων
2947 5653 3003 5706 δὲ
3041 5654 3240 5723 γνῶσιν
3277 5651 3480 5705 οὐκέτι.
3516 5648 3673 5703 Ἀλλὰ

438 5745 489 5800 ei
520 5747 742 5801 omnino
774 5747 1128 5806 concedimus
1161 5770 1174 5805 :
1221 5751 1534 5821 dogmatum
1562 5766 1690 5807 vero
1732 5751 2000 5817 notitiam,

2111 5747 2204 5799 καὶ
2235 5745 2375 5799 πάνυ
2425 5745 2652 5799 κατόπιν
2708 5745 2896 5801 τοῦτον
2943 5748 3040 5817 τῆς
3086 5744 3338 5815 τοιαύτης
3390 5741 3671 5813 ἀκριϐείας

439 5852 549 5892 non
590 5838 739 5895 item.
773 5838 915 5906 Quin
954 5843 1137 5913 potius
1165 5840 1235 5899 ab
1273 5849 1528 5899 accurata
1568 5842 1785 5899 illorum
1816 5841 2003 5914 cogni-

2109 5838 2396 5910 γενόμενον
2425 5838 2781 5910 ἐπιστάμεθα.
2821 5841 2921 5899 Kal
2947 5838 3095 5912 μετά
3116 5836 3353 5908 βραχέα
3374 5853 3388 5869 ·
3421 5835 3583 5889 Ὥστε
3606 5832 3674 5904 δὴ
