4070 6392
380 383 450 439 89
1194 372 1539 432 VETERUM
1577 368 2003 430 TESTIMONIA
2036 364 2321 425 CONTRA
2355 361 2727 423 EUSEBIUM.
3551 360 3622 416 90

376 500 464 557 ἵνα
491 498 564 572 μὴ
592 498 831 569 δόξωμεν
875 494 1226 567 ἐπεμϐαίνειν
1255 493 1333 564 τῷ
1377 492 1558 566 ἀνδρὶ,
1594 492 1736 564 περὶ,
1762 483 1824 545 οὗ
1882 489 1944 543 ού
1974 531 1983 553 ε

2009 524 2021 552 ι
2046 487 2195 541 tione
2224 498 2347 541 eum
2366 484 2557 554 procul
2578 479 2843 548 abfuisse,
2876 484 3213 555 compertum
3243 475 3524 531 habemus.
3546 473 3616 529 Et

373 567 656 665 πρόπειται
694 567 825 661 ἡμῖν
853 589 944 642 ἐπὶ
974 586 1069 641 τοῦ
1108 586 1373 658 παρόντος
1413 584 1611 652 λέγειν,
1642 585 1750 648 ἵνα,
1782 582 1946 653 βασα-

2042 577 2203 647 paulo
2229 584 2348 647 post
2380 592 2398 629 :
2437 573 2624 643 itaque
2665 587 2736 628 ne
2764 571 2974 627 homini
3005 570 3270 626 insultare
3313 567 3615 632 videamur,

373 660 608 749 νίζοντες
828 679 1113 753 ἀκρίϐειαν
1145 678 1244 750 τὴν
1286 677 1584 749 γενομένην
1606 674 1943 744 Ἀπολογίαν,

2047 668 2115 724 de
2167 682 2277 738 quo
2310 681 2457 721 nunc
2485 665 2668 720 dicere
2710 663 2871 719 nobis
2902 660 3239 732 propositum
3267 674 3378 714 non
3413 667 3526 726 est,
3560 668 3619 714 ut

370 775 680 848 αἱρετικοὺς
701 750 1080 842 ’ἀποδείξωμεν
1122 770 1249 831 τοὺς
1281 766 1650 838 ἀμφοτέρους,
1689 763 1849 818 αὐτόν
1884 780 1945 817 τε

2047 760 2455 831 Apologeticum
2497 762 2754 813 accurate
2791 753 3186 820 examinantes,
3221 759 3517 821 utrumque
3543 750 3620 806 si-

370 843 847 935 ᾶτεολογησάμενον
885 861 980 915 καὶ
1020 859 1111 913 τὸν
1157 858 1298 929 ὑπὲρ
1340 857 1462 909 ὅτου
1507 855 1605 925 τὴν
1650 852 1947 921 ἀπολογίαν

2046 855 2160 910 mul
2188 853 2505 908 haereticum
2533 866 2656 906 esse
2684 848 3069 915 ostendamus,
3099 854 3212 901 tum
3237 848 3384 900 hunc
3415 844 3508 915 qui
3531 843 3619 898 de-

372 953 647 1021 συνέταξε.
678 955 789 1009 Καὶ
806 956 935 1024 μεθ’
955 952 1147 1020 ἔτεραο
1171 950 1245 1003 Τὸ
1265 947 1375 1020 γὰρ
1400 946 1668 1001 δεικνύναι
1695 944 1945 997 σπεύδειν

2046 944 2350 1001 fensionem
2400 942 2657 1012 scripsit,
2696 948 2811 994 tum
2847 940 3001 994 illum
3035 937 3195 1007 cujus
3237 943 3323 993 est
3363 940 3615 1004 suscepta

365 1049 466 1122 τὴν
487 1048 581 1102 τοῦ
602 1047 731 1101 Υἱοῦ
762 1046 897 1119 πρὸς
922 1045 1013 1098 τὸν
1044 1043 1262 1115 Πατέρα
1285 1039 1547 1094 ὑπόϐασιν
1571 1038 1773 1109 ὁμοίως
1794 1035 1943 1107 αύτῷ

2046 1035 2311 1093 defensio.
2362 1034 2430 1089 Et
2456 1033 2639 1102 paucis
2684 1031 3012 1101 interjectis:
3051 1027 3207 1094 Quod
3250 1027 3396 1082 enim
3429 1032 3615 1079 osten-

365 1115 520 1205 τινὰς
559 1115 881 1213 εἰρηκότας,
926 1136 1139 1209 πρῶτον
1194 1135 1290 1202 μὲν
1334 1134 1394 1186 οὐ
1444 1130 1804 1201 ξενισθῶμεψ
1846 1128 1940 1182 σοῦ

2044 1126 2174 1183 dere
2205 1120 2442 1192 cbnaris,
2468 1123 2863 1193 subjectionem
2893 1120 3017 1175 Filii
3048 1133 3177 1189 erga
3209 1115 3426 1171 Patrem
3454 1127 3616 1184 quos-

366 1234 475 1305 γὰρ
519 1207 627 1289 καὶ-
651 1207 761 1286 τῶν
814 1231 943 1302 περὶ
975 1207 1051 1283 σὲ
1085 1230 1118 1300 ὴ
1175 1226 1395 1298 τοιαύτη
1430 1225 1589 1292 δόξα·
1646 1224 1767 1278 ὅθεν
1811 1223 1940 1295 περὶ¹

2043 1221 2168 1276 dam
2198 1219 2425 1291 perinde
2457 1232 2522 1272 ac
2574 1215 2862 1286 Origenem
2885 1213 3109 1276 dixisse,
3134 1212 3370 1281 primum
3394 1207 3611 1278 quidem

362 1299 554 1378 τούτου
589 1324 679 1378 ἐπὶ
724 1323 818 1376 τοῦ
852 1299 1117 1394 παρόντος
1148 1319 1304 1387 λόγος
1348 1319 1479 1388 ἡμῖν
1527 1316 1734 1380 οὐδεὶς,
1771 1314 1936 1369 πάλαι

2042 1312 2266 1365 minime
2312 1310 2595 1364 miramur.
2649 1306 2774 1362 Haec
2808 1307 2954 1362 enim
2999 1313 3091 1360 tua
3120 1304 3308 1372 tuique
3348 1299 3611 1357 similium

369 1416 467 1489 μὲν
496 1417 842 1489 οὶκουμενικῇ
866 1392 1093 1486 ζητήσει
1120 1409 1515 1482 ὑποϐληθέντος
1546 1409 1640 1463 καὶ
1658 1408 1939 1479 ἀποκηρυ-

2042 1402 2229 1473 Opinio
2260 1407 2364 1457 est.
2413 1399 2571 1456 Unde
2599 1415 2765 1471 super
2798 1400 2901 1454 hoc
2932 1399 3185 1470 dogmate
3226 1392 3612 1465 impraesentia-

364 1485 598 1581 iﬁév'coc.
651 1485 662 1489 Ἴ
832 1485 839 1486 ί
924 1485 928 1486 ν
994 1485 998 1486 ν
2042 1498 2163 1550 rum
2204 1495 2389 1550 nullus
2421 1493 2581 1551 nobis
2622 1502 2706 1551 est
2734 1506 2936 1559 sermo,
2971 1505 3095 1546 cum
3137 1489 3439 1561 praesertim
3468 1485 3612 1556 jam-

362 1603 571 1675 pridem
597 1602 920 1660 universalis
944 1599 1138 1672 synodi
1167 1598 1521 1670 inquisitione
1543 1596 1846 1668 projectum
1866 1594 1936 1649 sit
1968 1600 2131 1663 atque
2159 1590 2493 1646 damnatum.

1260 1712 1342 1766 Ea:
1381 1713 1583 1783 synodo
1630 1711 1851 1779 septima
1896 1706 2237 1770 mcumenica,
2276 1707 2483 1759 actione
2543 1713 2714 1759 sexta.

434 1809 531 1873 Τίς
563 1807 673 1881 γὰρ
720 1807 821 1861 οὐκ
857 1806 995 1875 ἔγνω
1032 1805 1141 1859 τῶν
1184 1804 1389 1859 πιστῶν
1445 1802 1800 1874 Ἐκκλησίας,
1843 1802 1937 1856 καὶ
1968 1811 2009 1864 Β

2000 1815 2009 1863 ι
2110 1796 2245 1864 Quis
2272 1799 2417 1851 enim
2456 1796 2695 1851 fidelium
2731 1793 2988 1849 Ecclesiae
3016 1801 3070 1849 et
3098 1804 3286 1847 eorum
3318 1790 3414 1860 qui
3450 1805 3607 1847 vero-

361 1897 565 1967 γνῶσιν
595 1895 889 1967 εἰληφότων
917 1894 1182 1967 ἀληθινῶν
1224 1894 1526 1964 δογμάτων,
1561 1893 1643 1945 ὅτι
1676 1890 1934 1956 Εὐσέϐιος

2038 1904 2161 1942 rum
2184 1888 2497 1958 dogmatum
2521 1887 2803 1944 scientiam
2830 1892 3209 1958 perceperunt,
3230 1884 3443 1957 ignorat
3461 1884 3605 1955 quod

360 1992 392 2044 ὁ
419 1982 836 2062 Παμφίλου,ἐίς
867 1988 1121 2059 ἀδόκιμον
1151 1986 1276 2041 νοῦν
1310 1984 1656 2057 παραδοθεὶς,
1680 1982 1931 2054 ὁμόδοξος

2037 1978 2309 2036 Eusebius
2346 1979 2616 2050 Pamphili
2654 1981 2710 2034 in
2756 1979 3049 2049 reprobum
3092 1992 3316 2033 sensum
3348 1974 3603 2039 traditus,

359 2083 456 2137 καὶ
505 2068 769 2154 σύμφρων
815 2081 1005 2150 γέγονε
1052 2082 1164 2143 τοῖς
1215 2078 1286 2133 τὰ
1340 2077 1549 2148 Ἀρείου
1601 2074 1931 2148 θρησκεύου-

2035 2070 2281 2142 ejusdem
2320 2073 2597 2143 opinionis
2656 2081 2713 2127 et
2768 2086 2965 2128 sensus
3004 2068 3167 2125 fuerit
3213 2085 3339 2124 cum
3390 2068 3477 2123 his
3512 2068 3604 2139 qui

357 2191 471 2241 σιν;
503 2192 558 2231 κ.
581 2192 634 2230 τ.
661 2173 711 2227 λ.

2034 2166 2150 2221 Arii
2198 2166 2531 2238 impietatem
2591 2165 2766 2221 secuti
2814 2165 2974 2219 sunt?
3022 2165 3079 2219 In
3117 2164 3374 2218 omnibus
3407 2161 3607 2232 quippe

350 2264 634 2322 historicis
663 2264 780 2320 suis
812 2264 971 2319 libris
993 2269 1302 2318 creaturam
1358 2258 1559 2313 Filium
1589 2266 1643 2313 et
1688 2256 1925 2313 Verbum
1951 2255 2046 2312 Dei
2081 2267 2259 2324 vocat,
2291 2267 2346 2314 et
2374 2258 2689 2313 ministrum
2723 2266 2778 2312 et
2808 2256 3110 2313 secundum
3145 2255 3504 2310 adorabilem.
3537 2251 3600 2310 Si

348 2369 482 2410 vero
514 2355 738 2426 quidam
770 2355 918 2411 hunc
961 2351 1315 2409 defendentes
1346 2349 1560 2414 dicunt,
1594 2350 1994 2421 subscripsisse
2024 2349 2083 2404 in
2127 2350 2368 2422 synodo;
2400 2348 2768 2405 concedamus
2800 2349 2875 2403 ita
2911 2348 3103 2405 fuisse.
3158 2347 3265 2403 Sed
3296 2347 3455 2404 labiis
3487 2344 3604 2403 suis

345 2452 634 2506 veritatem
677 2450 989 2516 honoravit,
1034 2466 1130 2507 cor
1160 2461 1342 2510 autem
1378 2454 1538 2525 longe
1567 2452 1668 2509 fuit
1719 2453 1788 2508 ab
1825 2468 1912 2519 ea,
1948 2460 2010 2507 ut
2039 2454 2339 2511 ostendunt
2371 2453 2497 2508 libri
2529 2452 2648 2522 ejus
2681 2459 2736 2507 et
2766 2450 3012 2523 epistolae
3054 2462 3268 2505 omnes.
3305 2447 3444 2503 Cum
3473 2460 3604 2516 ergo

348 2543 509 2598 aliter
538 2550 703 2613 atque
734 2543 892 2598 aliter
921 2545 1225 2602 secundum
1261 2554 1477 2618 tempus
1502 2553 1556 2602 et
1585 2562 1783 2604 causas
1812 2560 2147 2617 conSpersus
2178 2547 2248 2602 sit
2280 2556 2442 2617 atque
2469 2553 2709 2603 mutatus
2738 2586 2752 2611 ,
2789 2543 3085 2615 aliquando
3114 2542 3349 2598 laudans
3379 2557 3442 2598 ea
3481 2556 3604 2612 quae

348 2644 477 2691 sunt
514 2636 630 2691 Arii
656 2636 975 2705 sentientes,
1004 2638 1301 2709 aliquando
1327 2656 1455 2696 vero
1480 2640 1766 2696 veritatem
1794 2640 2060 2695 simulans
2080 2678 2095 2704 ,
2131 2647 2356 2709 apparet
2391 2654 2517 2694 eum
2548 2638 2720 2695 fuisse
2746 2639 2927 2692 virum
2957 2638 3161 2708 duplici
3194 2635 3399 2700 animo,
3433 2642 3493 2689 ut
3525 2634 3602 2689 ait

344 2728 584 2785 Iacobus
614 2728 782 2783 frater
809 2727 1049 2795 Domini,
1083 2730 1395 2786 instabilem
1424 2732 1481 2786 in
1505 2731 1760 2786 omnibus
1788 2730 1893 2785 viis
1920 2730 2056 2786 suis.
2083 2727 2194 2784 Nec
2222 2729 2496 2799 quispiam
2523 2730 2797 2785 existimet
2821 2731 2972 2784 illum
3006 2736 3359 2800 accepturum
3391 2727 3601 2798 aliquid

347 2834 379 2872 a
408 2818 659 2874 Domino.
698 2817 758 2873 Si
789 2820 937 2875 enim
970 2819 1135 2875 corde
1173 2820 1497 2876 credidisset
1533 2821 1600 2875 ad
1629 2820 1922 2892 justitiam,
1953 2826 2007 2874 et
2048 2834 2144 2874 ore
2184 2818 2472 2875 confessus
2503 2829 2650 2876 esset
2681 2821 2738 2875 in
2769 2821 3002 2876 salutem
3043 2837 3231 2876 verum
3262 2836 3596 2884 sermonem,

347 2913 535 2983 utique
566 2928 669 2983 pro
705 2913 927 2982 scriptis
949 2914 1066 2968 suis
1095 2914 1309 2969 veniam
1335 2915 1689 2985 postulasset,
1728 2915 1927 2969 horum
1961 2913 2361 2969 correctionem
2391 2912 2599 2970 faciens
2628 2932 2644 2984 ;
2678 2923 2731 2971 et
2755 2930 2854 2986 pro
2887 2915 3135 2986 epistolis
3189 2916 3305 2971 suis
3339 2914 3587 2986 profecto

346 3004 727 3061 satisfecisset.
772 3004 879 3061 Sed
920 3005 1025 3060 hoc
1064 3006 1379 3063 nullatenus
1409 3005 1561 3063 fecit.
1593 3005 1794 3063 Mansit
1822 3006 1969 3062 enim
2014 3007 2159 3060 sicut
2194 3005 2450 3076 Ethiops
2480 3021 2588 3061 non
2625 3013 2833 3061 mutata
2868 3008 3027 3078 pelle.
3065 3006 3309 3079 Denique
3353 3023 3477 3063 cum
3512 3008 3600 3063 in—

359 3106 752 3168 terpretaretur
808 3097 962 3152 Dixit
992 3097 1252 3153 Dominus
1293 3099 1518 3153 Domino
1545 3139 1561 3165 ,
1598 3098 1740 3154 Deus
1774 3114 1920 3153 meus
1955 3114 2007 3152 es
2043 3107 2119 3162 tu,
2154 3107 2309 3153 extra
2338 3113 2586 3154 veracem
2620 3114 2838 3155 sensum
2856 3100 3124 3155 excedens
3151 3099 3232 3155 sic
3265 3100 3340 3154 ait
3376 3119 3390 3155 :
3427 3118 3447 3150 ι
3485 3099 3589 3155 Le-

341 3190 503 3261 gibus
527 3197 760 3256 naturae,
795 3190 976 3245 omnis
1005 3189 1105 3243 filii
1138 3198 1313 3261 pater,
1348 3189 1604 3246 dominus
1629 3200 1714 3247 est
1741 3191 1929 3262 utique
1964 3190 2115 3260 ejusf;
2156 3198 2211 3245 et
2243 3189 2451 3246 idcirco
2481 3192 2747 3262 unigeniti
2793 3190 2920 3246 Filii
2947 3190 3044 3247 Dei
3085 3192 3203 3262 ipse
3251 3192 3345 3263 qui
3390 3193 3579 3265 genuit

341 3298 471 3338 eum
496 3280 661 3350 Deus,
692 3283 858 3339 simul
891 3290 946 3338 et
981 3281 1126 3340 Deus
1151 3292 1207 3341 et
1234 3283 1501 3342 Dominus
1530 3293 1584 3340 et
1611 3284 1776 3340 Pater
1801 3294 1938 3342 est.)
1977 3286 2240 3342 Similiter
2263 3293 2317 3341 et
2342 3286 2399 3342 in
2438 3287 2667 3357 epistola
2697 3286 2764 3342 ad
2791 3295 3040 3343 sanctum
3063 3285 3432 3342 Alexandrum
3459 3301 3588 3358 pra:-

341 3383 622 3446 ceptorem
652 3378 833 3449 magni
858 3377 1146 3435 Athanasii
1176 3379 1405 3444 directa,
1437 3379 1596 3450 cujus
1625 3380 1843 3438 initium
1872 3390 1957 3439 est
1989 3402 2002 3437 :
2030 3401 2050 3434 ‹
2090 3382 2227 3438 Cum
2256 3389 2459 3454 quanta
2481 3380 2848 3438 sollicitudine
2868 3390 2922 3435 et
2948 3379 3274 3450 aegritudine
3298 3378 3466 3433 animi
3494 3378 3596 3433 has

340 3471 560 3524 litteras
587 3470 827 3526 scribere
857 3488 1144 3545 aggressus
1173 3472 1299 3537 sim,
1339 3480 1498 3539 ietc.,
1532 3475 1773 3544 apertius
1799 3474 2187 3546 blaspliemans
2209 3477 2290 3532 sic
2319 3476 2395 3529 ait
2424 3476 2490 3531 de
2513 3473 2644 3528 Ario
2675 3480 2728 3529 et
2757 3473 2878 3544 ejus
2902 3473 3130 3528 asseclis
3165 3491 3208 3527 ει
3237 3470 3597 3525 (Ξειυιηηίιηι-

342 3568 439 3616 tur
465 3574 562 3616 eos
585 3561 777 3618 litterae
803 3571 926 3632 tua},
962 3576 1220 3637 tanquam
1247 3565 1514 3631 dicentes,
1546 3565 1859 3637 quiaFilius
1883 3584 1950 3624 ex
1977 3584 2085 3624 non
2112 3568 2506 3624 exsistentibus
2539 3565 2720 3621 factus
2748 3573 2852 3630 est,
2880 3565 3024 3620 sicut
3046 3578 3191 3618 unus
3220 3577 3287 3617 ex
3314 3561 3594 3618 omnibus.

338 3652 412 3707 At
446 3652 528 3707 illi
557 3655 899 3724 protulerunt
927 3657 1213 3727 epistolam
1227 3671 1392 3727 quam
1419 3657 1489 3712 ad
1519 3667 1573 3712 te
1602 3656 1847 3713 fecerant
1876 3677 1886 3710 :
1918 3658 1974 3712 in
1995 3674 2103 3728 qua
2143 3657 2304 3712 ﬁdem
2341 3672 2497 3714 suam
2521 3661 2878 3726 exponentes,
2907 3653 3043 3723 ipsis
3086 3652 3270 3708 verbis
3310 3650 3426 3706 haec
3455 3666 3594 3707 ροη-

339 3744 638 3801 fitebantur
663 3766 676 3802 :
706 3744 864 3820 Legis
889 3747 1144 3805 videlicet
1173 3764 1239 3804 ac
1260 3746 1663 3819 Prophetarum
1713 3757 1768 3806 et
1798 3749 1933 3805 Novi
1969 3750 2306 3807 Testamenti
2346 3749 2514 3806 Deum
2550 3748 2807 3819 genuisse
2836 3745 3032 3800 Filium
3084 3744 3426 3816 unigenitum
3468 3750 3597 3799 ante

338 3846 586 3906 tempora
605 3845 831 3902 aeterna,
861 3854 957 3909 per
981 3854 1145 3910 quem
1173 3847 1229 3895 et
1253 3840 1436 3894 omnia
1458 3848 1513 3895 et
1552 3841 1749 3897 saecula
1780 3840 1909 3897 fecit
1940 3861 1953 3897 :
1987 3843 2245 3913 genuisse
2266 3851 2445 3897 autem
2473 3856 2598 3897 eum
2634 3856 2745 3896 non
2769 3839 3011 3911 putative
3041 3838 3136 3894 sed
3166 3851 3315 3902 vere,
3375 3850 3440 3891 ac
3468 3850 3596 3893 con-

339 3933 589 3988 stituisse
643 3933 868 4003 propria
918 3935 1218 4000 voluntate,
1266 3935 1737 3990 inconvertibilem
1765 3977 1780 4002 ,
1831 3945 2139 3992 creaturam
2170 3935 2264 3992 Dei
2299 3935 2620 4007 perfectam,
2670 3934 2766 3990 sed
2807 3920 2916 3989 non
2955 3932 3105 3988 sicut
3144 3946 3308 3985 uuam
3338 3944 3404 3983 ex
3439 3941 3593 3986 crea-

341 4025 507 4080 turis.
553 4023 611 4079 Si
662 4040 793 4097 ergo
820 4025 1018 4080 litteras
1057 4025 1303 4095 ipsorum
1331 4026 1619 4081 veritatem
1649 4025 1864 4089 dicunt,
1899 4026 2091 4095 utique
2118 4026 2261 4096 apud
2297 4034 2350 4080 te
2376 4025 2647 4080 habentur
2679 4043 2691 4079 :
2722 4023 2778 4079 in
2809 4022 3011 4093 quibus
3038 4019 3367 4075 comitentur
3389 4015 3593 4071 Filium

341 4117 435 4172 Dei
462 4125 592 4173 ante
621 4124 866 4189 tempora
896 4129 1115 4185 mterna,
1139 4134 1237 4190 per
1267 4135 1430 4189 quem
1462 4119 1591 4175 fecit
1621 4128 1673 4175 et
1705 4122 2055 4186 saecula,esse
2084 4120 2555 4177 inconvertibilem
2584 4126 2638 4175 et
2671 4116 3171 4174 incommutabilem
3200 4122 3255 4169 et
3281 4120 3595 4170 creaturam

343 4208 438 4265 Dei
468 4209 803 4281 perfectam,
823 4212 921 4269 sed
948 4229 1058 4270 non
1085 4214 1228 4270 sicut
1265 4230 1431 4269 unam
1458 4231 1527 4270 ex
1549 4218 1842 4272 creaturis.
1879 4217 2051 4273 Porro
2071 4218 2304 4288 epistola
2337 4224 2430 4271 tua
2460 4216 2829 4271 calumniatur
2856 4229 2953 4270 eos
2973 4254 2988 4280 ,
3031 4220 3293 4282 tanquam
3339 4210 3597 4265 dicentes

343 4302 472 4370 quia
498 4300 670 4360 Filius
690 4303 872 4359 factus
902 4312 987 4360 est
1010 4305 1152 4360 sicut
1176 4321 1322 4363 unus
1347 4321 1414 4361 ex
1442 4308 1719 4364 omnibus.
1756 4307 1893 4364 Vide
1919 4325 2050 4380 ergo
2092 4326 2158 4365 ne
2182 4310 2264 4364 eis
2292 4309 2478 4364 statim
2514 4308 2735 4363 occasio
2774 4306 2934 4362 detur
2965 4303 3399 4376 reprehendendi
3427 4300 3589 4372 quid-

342 4392 477 4462 quid
498 4393 783 4449 voluerint.
809 4394 1012 4449 Iterum
1042 4395 1341 4467 objiciebas
1377 4412 1473 4452 eos
1499 4397 1707 4453 dixisse
1741 4417 1753 4451 :
1785 4399 1889 4465 Qui
1909 4408 2008 4466 est,
2040 4417 2160 4454 eum
2180 4401 2271 4470 qui
2296 4416 2401 4454 non
2418 4409 2555 4467 erat,
2574 4401 2771 4469 genuit.
2800 4396 2967 4453 Miror
2987 4405 3169 4452 autem
3195 4397 3241 4451 si
3260 4395 3434 4466 possit
3459 4392 3591 4465 quis

343 4485 507 4538 aliter
536 4485 748 4542 dicere:
800 4488 847 4544 si
886 4488 1035 4543 enim
1072 4504 1214 4545 unus
1244 4498 1328 4557 est
1357 4492 1584 4561 quiest,
1618 4492 1866 4561 profecto
1907 4510 1975 4549 ex
2024 4499 2144 4565 ipso
2172 4494 2375 4549 factum
2405 4504 2490 4550 est
2537 4510 2698 4549 omne
2729 4494 2875 4564 quod
2918 4500 3003 4547 est
3029 4506 3155 4546 cum
3184 4490 3321 4560 ipso.
3358 4487 3417 4542 Si
3454 4502 3588 4543 vero

341 4591 453 4632 non
479 4577 636 4634 solus
660 4578 769 4648 ipse
790 4589 875 4636 est
908 4598 922 4635 :
956 4579 1053 4636 sed
1080 4587 1134 4635 et
1158 4580 1327 4638 Filius
1363 4590 1479 4638 erat
1506 4585 1600 4654 qui
1631 4595 1746 4650 est,
1781 4588 2054 4657 quomodo
2083 4602 2205 4642 eum
2232 4587 2327 4657 qui
2371 4594 2488 4641 erat
2519 4587 2772 4657 gignebat
2795 4585 2887 4656 qui
2918 4582 3040 4639 est?
3061 4583 3151 4637 Sic
3177 4582 3322 4637 enim
3362 4581 3472 4635 duo
3500 4594 3589 4635 es-

342 4679 466 4726 sent
495 4672 594 4742 qui
629 4681 773 4727 sunt.
806 4692 827 4726 ι
859 4672 926 4728 Et
953 4674 1069 4729 haec
1090 4674 1310 4744 quidem
1345 4674 1614 4733 Eusebius
1636 4679 1704 4734 ad
1742 4679 2135 4736 Alexandrum.
2162 4678 2268 4735 Sed
2298 4687 2354 4735 et
2384 4680 2502 4734 aliae
2531 4680 2653 4750 ejus
2686 4679 2933 4749 epistolae
2977 4678 3046 4733 ad
3074 4676 3322 4733 eumdem
3346 4683 3591 4740 exstant,

342 4764 400 4818 ίῐι
443 4766 652 4836 quibus
702 4766 1244 4829 inveniuntur-Variae
1290 4769 1663 4840 blasphemiae.
1699 4770 1807 4828 Sed
1855 4781 1909 4829 et
1947 4773 2016 4828 ad
2066 4773 2494 4844 Euphrationem
2527 4774 2848 4843 episcopum
2883 4772 3155 4834 scribens,
3190 4761 3587 4839 apertiusblas-

346 4855 586 4925 phemat.
643 4858 815 4929 Cujus
840 4861 1083 4931 epistolae
1112 4863 1328 4917 initium
1354 4872 1439 4919 est
1463 4880 1477 4916 :
1507 4884 1528 4917 ι
1563 4865 1796 4923 Domino
1817 4883 1940 4923 meo
1963 4885 2060 4939 per
2090 4871 2269 4924 omnia
2298 4868 2503 4940 gratias
2531 4883 2652 4939 ago.
2686 4887 2705 4919 ι
2732 4866 2802 4920 Et
2822 4865 2982 4936 paulo
3015 4872 3130 4934 post
3159 4879 3177 4917 :
3234 4884 3252 4913 ι
3291 4861 3412 4916 Non
3439 4860 3591 4915 enim

340 4952 499 5007 simul
532 4968 659 5009 cum
703 4949 866 5009 Patre
898 4952 1097 5008 Filium
1144 4954 1315 5010 fuisse
1357 4954 1612 5022 fatemur,
1654 4959 1750 5015 sed
1779 4959 1995 5029 Patrem
2027 4967 2155 5015 ante
2184 4957 2384 5014 Filium
2413 4958 2718 5014 exstitisse.
2762 4954 2922 5012 Certe
2962 4956 3078 5026 ipse
3124 4952 3298 5008 Filius
3341 4951 3460 5016 Dei,
3489 4951 3588 5022 qui

340 5047 509 5119 magis
533 5049 722 5104 omnia
745 5049 954 5120 liquido
980 5051 1151 5115 novit,
1183 5051 1351 5105 alium
1376 5068 1435 5108 se
1458 5067 1488 5106 a
1516 5051 1681 5110 Patre
1701 5064 1757 5111 et
1785 5057 2055 5112 minorem
2083 5064 2249 5127 atque
2272 5056 2592 5111 inferiorem
2617 5055 2822 5119 sciens,
2851 5053 3142 5109 admodum
3173 5052 3260 5121 pie
3288 5051 3394 5106 hoc
3418 5050 3588 5105 etiam

341 5152 440 5195 nos
467 5142 628 5198 docet
657 5142 850 5200 dicens
883 5164 895 5198 :
932 5143 1096 5199 Pater
1123 5146 1213 5215 qui
1240 5148 1387 5202 misit
1419 5164 1519 5213 me,
1551 5150 1726 5220 major
1746 5168 1826 5206 me
1855 5162 1933 5206 est
1954 5155 1972 5176 “
1990 5171 2036 5207 ,ι
2062 5151 2261 5219 Etpost
2281 5153 2393 5206 alia
2414 5167 2433 5205 :
2451 5171 2470 5205 ι
2497 5149 2634 5205 Nam
2654 5158 2710 5206 et
2737 5151 2854 5222 ipse
2875 5149 3093 5220 quidem
3110 5148 3282 5204 Filius
3311 5146 3457 5201 Deus
3478 5152 3584 5214 est,

344 5234 438 5287 scd
474 5251 583 5290 non
616 5251 783 5292 verus
813 5237 953 5294 Deus
982 5259 1030 5291 ,ι
1072 5237 1152 5294 Ex
1184 5241 1270 5297 bis
1297 5257 1428 5313 ergo
1475 5244 1696 5315 scriptis
1728 5246 1848 5314 ejus
1873 5245 2203 5311 ostenditur,
2251 5244 2368 5299 Arii
2392 5251 2446 5299 et
2476 5245 2814 5314 comparium
2846 5244 2966 5313 ejus
2990 5244 3241 5312 dogmata
3264 5242 3582 5313 praedicare.

345 5323 410 5378 Et
435 5329 595 5395 paulo
619 5337 773 5399 post:
793 5329 1000 5400 «Hujus
1029 5347 1161 5403 ergo
1183 5332 1438 5392 factionis
1469 5338 1633 5393 etiam
1667 5337 1938 5393 Eusebius
1987 5342 2259 5394 exsistens
2281 5377 2298 5403 ,
2334 5338 2479 5394 sicut
2520 5338 2959 5392 demonstratum
2989 5344 3074 5391 est
3102 5346 3215 5391 tam
3244 5350 3312 5391 ex
3333 5335 3588 5408 epistolis

343 5432 504 5486 quam
533 5436 601 5477 ex
629 5421 913 5479 historicis
942 5424 1065 5495 ejus
1086 5429 1443 5498 conscriptis,
1479 5430 1775 5503 imaginem
1799 5430 2005 5488 Christi
2039 5440 2301 5504 tanquam
2330 5431 2778 5502 Theopassianus
2806 5430 3160 5502 abjicitpetc.

1182 5541 1407 5599 Photius
1436 5547 1489 5601 in
1517 5549 1740 5619 epistola
1773 5549 1895 5616 144,
1925 5550 1993 5605 ad
2021 5551 2425 5608 Constantinum
2448 5552 2751 5620 patricium.

412 5622 684 5692 Εὐσέϐιος,
718 5627 748 5678 ὁ
776 5626 867 5679 τοῦ
894 5628 1184 5702 Παμφίλου
1223 5633 1332 5688 εἴτε
1370 5634 1574 5703 δοῦλος,
1605 5639 1716 5693 εἴτε
1748 5642 1910 5713 συνή-

2089 5643 2357 5699 Eusebius
2389 5644 2498 5709 ille,
2523 5642 2790 5712 Pamphili
2822 5641 2935 5696 sive
2962 5654 3172 5707 servus,
3204 5641 3318 5697 sive
3350 5641 3580 5707 amicus,

350 5708 463 5784 θης,
491 5715 573 5769 ὅτι
610 5716 710 5788 μὲν
745 5718 1104 5797 Ἀρειανισμῷ
1132 5724 1292 5795 ἑάλω,
1328 5726 1489 5799 βοῶσι
1529 5729 1629 5802 μὲν
1653 5732 1815 5789 αὑτοῦ
1840 5708 1910 5787 τὰ

2016 5732 2327 5791 Arianismo
2375 5708 2611 5789 infectus
2656 5708 2779 5788 fuit.
2839 5731 2952 5787 Hoc
2980 5731 3107 5789 libri
3150 5732 3219 5788 ab
3252 5732 3344 5788 illo
3389 5730 3587 5802 scripti

462 5831 482 5862 ⁸
512 5829 668 5890 Joan.
707 5849 820 5904 nv,
854 5833 941 5906 28,
