4070 6392
428 301 496 361 91
1248 299 1590 361 VETERUM
1629 297 2079 360 TESTIMONIA'
2093 297 2373 356 CONTRA
2412 297 2783 356 EUSEBIUM.
3202 324 3205 329 λ
3631 295 3701 355 Η

432 423 690 486 clamant.
728 422 889 480 Hunc
930 422 1180 479 morbum
1224 421 1443 478 tandem
1495 422 1697 480 invitus
1731 423 1847 494 ipse
1881 437 2007 478 con-

2117 418 2293 491 βιϐλία
2312 434 2326 449 ·
2355 418 2448 473 καὶ
2475 419 2636 482 αὐτὸς
2663 417 2720 471 δέ
2751 415 3187 488 μεταμελόμενος
3210 417 3369 490 δῆθεν
3397 419 3491 473 καὶ
3516 420 3690 488 ἄκων,

431 522 614 578 fessus
641 526 763 583 est,
812 516 908 573 sed
942 516 1173 585 ipsamet
1196 515 1569 585 resipiscentia
1604 529 1702 569 sua
1749 515 1923 585 magis
1953 530 2013 571 se

431 611 689 684 patefecit
730 625 838 663 non
881 608 1198 678 resipuisse.
1233 603 1345 662 Nec
1371 605 1516 661 enim
1550 620 1646 675 per
1683 605 2010 676 apologiam,

432 711 491 757 ut
522 701 697 756 videri
748 700 941 763 voluit,
978 697 1272 769 persuadet
1318 712 1378 752 se
1419 712 1450 750 a
1493 696 1662 767 priori
1703 697 1895 753 bwresi
1927 713 2013 753 re-

432 793 693 851 cessisse,
731 800 825 844 aut
856 798 1060 844 sanctae
1110 794 1163 841 et
1199 786 1498 840 universali
1532 786 1741 857 synodo
1783 802 2012 841 consen-

433 882 538 936 tire
570 900 583 935 :
609 879 706 937 sed
750 879 1061 949 prodigiose
1090 876 1549 941 comminiscitur,
1600 875 1893 931 homoousii
1922 892 2011 934 se-

434 980 675 1028 ctatores
705 971 757 1026 in
784 970 959 1041 ipsius
985 985 1207 1025 sensum
1234 971 1542 1031 transiisse,
1569 976 1623 1023 et
1665 968 1720 1022 in
1754 984 1853 1023 sua
1879 984 2009 1024 sen-

437 1064 605 1118 tentia
645 1062 807 1118 simul
840 1062 1204 1132 acquicvisse.
1247 1059 1361 1114 Hoc
1402 1060 1479 1114 ita
1512 1074 1635 1116 esse
1682 1072 1806 1112 cum
1839 1059 2010 1113 multa

435 1153 542 1209 alia
582 1152 1045 1215 contirmant,tum
1078 1167 1241 1222 quam
1278 1150 1500 1220 scripsit
1547 1150 1614 1205 ad
1661 1165 1793 1206 suos
1827 1150 2010 1206 Caesa-

434 1244 646 1299 rienses
675 1244 926 1316 epistola.
954 1243 1058 1298 Sed
1084 1243 1229 1314 quod
1251 1250 1309 1297 ut
1330 1243 1398 1296 ab
1425 1241 1582 1296 initio
1611 1240 1726 1295 Arii
1758 1241 2010 1311 dogmata

435 1336 588 1401 fovit,
620 1339 692 1391 ita
726 1337 792 1390 ad
826 1336 984 1395 tinem
1026 1337 1151 1390 vitae
1181 1350 1243 1390 ea
1281 1334 1536 1405 amplecti
1578 1349 1686 1389 non
1716 1334 2007 1398 destiterit,

434 1427 681 1498 plerique
722 1427 1050 1497 intelligunt,
1080 1437 1134 1482 et
1163 1427 1332 1480 multa
1366 1436 1498 1481 sunt
1540 1441 1661 1496 qua:
1690 1424 1849 1479 facile
1882 1440 2004 1494 per-

434 1522 688 1576 suadent.
717 1517 873 1584 Quod
904 1533 1033 1573 vero
1066 1515 1316 1585 Origenis
1348 1515 1539 1569 morbo
1570 1521 1828 1584 praeterea
1856 1514 2009 1567 labo-

434 1612 576 1666 ravit
614 1625 725 1680 quo
778 1611 868 1664 ille
915 1611 1223 1673 tenebatur,
1256 1608 1467 1663 scilicet
1519 1615 1711 1674 contra
1763 1606 2007 1659 omnium

433 1701 673 1758 futuram
723 1701 1030 1772 generalem
1085 1701 1583 1764 resurrectionem,
1635 1706 1689 1755 et
1739 1701 2005 1770 plurimos

2112 510 2212 582 τὴν
2239 509 2392 564 νόσον
2425 508 2772 580 ἀνομολογεῖο
2810 508 2913 562 κάν
2943 510 3012 579 τῇ
3045 506 3373 579 μεταμελείᾳ
3399 508 3455 562 δέ
3492 510 3690 580 μᾶλλον

2115 600 2303 655 ἐαυτὸν
2330 600 2597 655 δείκνυσιν
2648 598 3084 670 ἀμεταμέλητον.
3118 600 3191 653 Οὐ
3226 598 3334 672 γὰρ
3366 601 3555 656 ἐαυτὸν
3599 604 3689 657 ἐκ-

2115 696 2303 766 στῆναι
2329 695 2429 765 τῆς
2456 694 2727 766 προτέρας
2755 692 3091 758 κακοδοξίας,
3121 691 3187 745 δι’
3221 686 3296 746 ὧν
3322 692 3467 759 ἔδοξε
3492 694 3688 750 ἀπολο-

2112 785 2345 853 γεῖσθαι,
2371 786 2713 855 συνίστησιν,
2768 784 2889 837 οὐδὲ
2918 787 2986 854 τῇ
3034 784 3163 856 ἁγίᾳ
3198 784 3293 838 καὶ
3340 787 3684 858 οἰκουμενικῇ

2114 877 2473 949 συμφωνῆσαι
2506 876 2705 947 συνόδῳ
2724 893 2737 906 ·
2772 875 2907 931 ἀλλά
2936 877 3064 939 τοὺς
3085 874 3177 928 τοῦ
3194 873 3519 945 ὀμοουσίου
3539 893 3643 949 πρε
3657 906 3683 920 -

2113 969 2366 1035 σ6ευτὰς,
2401 968 2566 1023 αὑτοῦ
2609 968 2880 1022 συνελθεῖν
2912 968 2990 1039 τῷ
3024 970 3329 1042 φρονήματι
3355 971 3449 1024 καὶ
3480 969 3689 1027 συνδια-

2110 1058 2333 1130 τεθῆναι
2373 1062 2443 1130 τῇ
2475 1058 2667 1131 γνώμῃ
2693 1099 2707 1123 ,
2760 1058 3145 1129 τερατεύεταιο
3186 1060 3279 1113 καὶ
3310 1059 3467 1113 τοῦτο
3503 1059 3686 1129 σαφῶς

2110 1151 2244 1205 ἄλλα
2276 1169 2338 1205 τε
2372 1152 2592 1205 πλείονα
2626 1152 2954 1223 περιστῶσι,
2989 1153 3082 1207 καὶ
3115 1154 3148 1224 ἡ
3177 1155 3287 1217 τοῖς
3323 1151 3687 1223 Καισαρεῦσιν

2111 1242 2258 1314 αύτῷ
2287 1246 2557 1316 γραφεῖσα
2583 1242 2857 1314 ἐπιστολή.
2907 1243 3046 1296 Ἀλλ’
3074 1245 3156 1298 ὅτι
3183 1244 3280 1317 μὲν
3307 1229 3563 1317 ἀπαρχῆς
3590 1242 3689 1308 τὰς

2124 1335 2463 1406 Ἀρειανικὰς
2496 1335 2651 1402 δόξας
2699 1334 3013 1400 ύπέθαλπε,
3058 1336 3152 1389 καὶ
3196 1335 3358 1408 μέχρι
3396 1336 3586 1401 τέλους
3624 1336 3685 1391 οὐ

2108 1426 2315 1481 διέλιπε
2376 1428 2695 1497 περιέπων,
2746 1426 2929 1481 πολλοί
2985 1445 3046 1481 τε
3090 1429 3540 1491 συνεπίστανται,
3594 1429 3687 1484 καὶ

2112 1520 2242 1590 ῥᾷόν
2274 1520 2391 1572 ἐστι
2423 1518 2609 1573 λαϐεῖν
2642 1520 2970 1591 πολλαχόθεν
2991 1538 3005 1552 ·
3032 1522 3114 1574 ὅτι
3138 1521 3195 1574 δὲ
3227 1523 3321 1575 καὶ
3347 1522 3447 1592 τῆς
3481 1521 3691 1594 Ὠριγέ·

2109 1627 2236 1674 νους
2266 1611 2423 1665 νόσου
2460 1612 2740 1682 μετέσχεν,
2759 1613 2825 1683 ἢν
2860 1613 3000 1666 κατὰ
3031 1614 3129 1683 τῆς
3168 1613 3352 1684 κοινῆς
3378 1613 3533 1684 ἡμῶν
3557 1614 3692 1668 ἐκεῦ

2109 1718 2199 1766 νος
2227 1704 2483 1774 ἐνόσησεν
2508 1704 2878 1768 ἀναστάσεως,
2913 1706 2962 1757 εί
3011 1706 3105 1758 καὶ
3136 1706 3261 1768 τοὺς
3293 1704 3521 1769 πολλοὺς
3552 1705 3690 1758 ὑπο-

434 1795 567 1851 latet
617 1814 629 1850 :
668 1802 726 1849 tu
774 1803 955 1848 tamen
986 1832 1001 1857 ,
1052 1794 1099 1849 si
1145 1793 1445 1850 scrutando
1514 1793 1812 1865 perlegeris
1861 1793 2007 1848 illius

2111 1791 2379 1858 λανθάνει,
2413 1793 2548 1848 ἀλλά
2586 1791 2679 1848 οὖν
2725 1795 2907 1859 αὐτὸς,
2944 1796 3042 1848 σὺν
3075 1794 3272 1868 ἐρεύνῃ
3314 1796 3439 1861 τοὺς
3481 1797 3690 1850 ἐκείνου

334 1892 345 1903 “
434 1887 660 1957 scripta,
706 1900 815 1939 non
848 1888 1031 1940 minus
1085 1901 1207 1940 eum
1230 1885 1510 1940 mortifera
1541 1885 1643 1939 hac
1664 1886 2002 1954 aegritudine,

431 1993 596 2049 quam
636 1977 964 2033 Arianorum
991 1978 1205 2034 insania
1233 1977 1570 2034 laborantem
1610 1977 2005 2049 deprehendes.

2112 1884 2303 1952 λόγους
2354 1885 2784 1963 ἀναλεγόμενος,
2830 1886 2981 1939 οὐδὲν
3015 1886 3235 1940 ἔλαττον
3268 1886 3431 1940 αὑτὸν
3463 1885 3539 1957 τῷ
3573 1884 3692 1939 όλε-

2114 1975 2249 2047 θρίῳ
2270 1976 2443 2047 τούτῳ
2467 1978 2859 2050 ἀρρωστήματι
2881 1978 2915 2049 ἢ
2941 1982 3058 2044 ταῖς
3083 1980 3443 2050 Ἀρειανικαῖς
3471 1978 3694 2051 μανίαις

2115 2067 2525 2139 κεκρατημένον
2548 2068 2676 2142 ὄψῃ.

1455 2179 1607 2236 Idem
1642 2178 1868 2234 Pltotius
1913 2178 1968 2232 in
2009 2177 2344 2237 Bibliotheca
2367 2221 2382 2246 ,
2419 2196 2538 2251 cap.
2583 2182 2670 2237 l5.

502 2296 652 2353 Lecti
701 2307 829 2354 sunt
866 2298 1089 2356 Eusebii
1143 2300 1271 2355 libri
1315 2298 1446 2364 duo,
1489 2298 1582 2369 qui
1629 2296 2008 2352 inscribuntur

433 2387 745 2459 Confutatio
778 2399 832 2446 ct
857 2391 1137 2462 Apologia.
1165 2389 1297 2447 Item
1328 2390 1485 2445 alteri
1515 2388 1643 2452 duo,
1686 2387 1782 2459 qu'i
1826 2402 1949 2442 cum
1975 2403 2006 2443 a

431 2481 709 2554 prioribus
737 2481 952 2538 duobus
980 2482 1236 2538 dill'erant
1281 2484 1339 2538 in
1380 2482 1709 2553 quibusdam
1748 2481 1903 2546 locis,
1947 2481 2005 2535 in

429 2570 679 2642 reliquis,
710 2588 806 2627 seu
834 2573 997 2628 verba
1026 2589 1121 2628 seu
1151 2588 1371 2629 sensum
1399 2580 1635 2643 spectes,
1661 2571 1825 2626 iidem
1854 2581 2003 2627 sunt.

429 2662 599 2719 Aﬂ‘ert
627 2679 755 2720 vero
788 2664 1124 2733 objectidnes
1145 2663 1413 2735 quasdam
1440 2663 1707 2718 adversus
1735 2661 2006 2717 sinceram

430 2751 678 2812 nostram
710 2758 1056 2829 religionem,
1117 2758 1266 2812 velut
1323 2757 1392 2812 ab
1421 2755 1654 2813 ethnicis
1709 2754 2004 2825 profectas,

429 2863 633 2920 easque
654 2858 801 2905 recte
830 2850 1013 2914 solvit,
1039 2850 1165 2904 licet
1194 2865 1301 2904 non
1336 2864 1433 2919 per
1461 2849 1667 2905 omnia.
1700 2847 2004 2904 Dictionem

428 2946 647 3017 quidem
674 2948 817 3017 quod
853 2948 1066 3011 attinet,
1099 2962 1202 3001 nec
1228 2946 1505 3016 jucundus
1532 2954 1617 3002 est
1647 2961 1746 3001 nec
1766 2944 2008 3016 splendi-

429 3039 554 3096 dus.
608 3039 893 3111 Multiplici
924 3051 1105 3095 tamen
1141 3038 1394 3094 doctrina
1448 3040 1706 3110 praeditus
1746 3046 1850 3106 est,
1881 3040 2008 3095 licet

2188 2288 2547 2361 Ἀνεγνώσθη,
2591 2289 2853 2363 Εὑσεδίου
2889 2288 3171 2359 Ἐλέγχου
3212 2290 3305 2343 καὶ
3344 2289 3690 2359 Ἀπολογίας

2115 2376 2262 2449 λόγοι
2286 2379 2400 2433 δύο·
2426 2382 2519 2434 καὶ
2538 2379 2714 2453 ἕτεροι
2738 2379 2851 2445 δύο,
2874 2380 3068 2444 οἵτινες
3087 2380 3223 2453 πρὸς
3243 2379 3369 2445 τοὺς
3393 2380 3690 2451 προτέρους

2110 2477 2222 2542 δύο,
2252 2477 2308 2533 ἐν
2335 2496 2444 2533 τισι
2470 2482 2653 2549 ῥητοῖς
2684 2477 3173 2550 παραλλάσσοντες,
3203 2476 3260 2528 ἐν
3286 2478 3398 2540 τοῖς
3425 2475 3690 2549 ἄλλοιςτῇ

2109 2585 2169 2621 τε
2195 2566 2337 2633 λέξει
2368 2569 2463 2623 καὶ
2481 2571 2548 2640 τῇ
2579 2567 2786 2639 διανοίᾳ
2808 2570 2855 2620 οἱ
2891 2565 3042 2620 αὐτοί
3077 2567 3227 2619 εἰσιν.
3268 2564 3491 2634 Είσάγει
3527 2565 3586 2620 δέ
3614 2565 3692 2631 ὼς

2109 2658 2218 2713 ἀπὺ
2255 2660 2365 2713 τῶν
2421 2660 2688 2730 Ἐλλήνων
2739 2657 2892 2722 τινὰς
2934 2656 3163 2728 ἀπορίας
3196 2656 3339 2710 κατὰ
3380 2656 3483 2727 τῆς
3534 2657 3690 2728 ἀμων

2114 2752 2285 2822 μήτου
2329 2751 2626 2823 θρησκείας
2651 2750 2827 2822 ἡμῶν.
2864 2748 2976 2803 Καὶ
3002 2748 3206 2813 ταύτας
3239 2747 3419 2812 καλῶς
3441 2788 3456 2812 ,
3505 2749 3553 2801 εί
3598 2749 3692 2803 καὶ

2115 2842 2189 2914 μὴ
2232 2844 2290 2896 ἐν
2320 2844 2505 2907 πᾶσιν,
2558 2841 2853 2897 ἀπολύεται
2877 2857 2890 2871 ο
2942 2839 3042 2912 τὴν
3075 2839 3130 2892 δὲ
3166 2839 3363 2912 φράσιν
3400 2839 3500 2893 οὐκ
3547 2838 3694 2895 ἔστιν

2114 2932 2353 3004 οὐδαμοῦ
2382 2932 2507 2987 οὔτε
2539 2933 2669 3005 ἡδὺς
2701 2931 2825 2987 οῦτε
2870 2930 3216 3002 λαμπρότητι
3256 2930 3482 3000 χαίρων.
3517 2928 3691 2982 Πολυ-

2116 3025 2292 3097 μαθὴς
2316 3026 2373 3080 δέ
2402 3029 2547 3080 ἐστιν
2579 3027 2607 3079 ὁ
2632 3024 2792 3096 ἀνὴρ,
2835 3024 2885 3076 εί
2920 3022 3017 3075 καὶ
3052 3020 3148 3094 τὴν
3178 3022 3457 3092 ἀγχίνοιαν
3499 3020 3595 3075 καὶ
3630 3019 3696 3073 τδ

429 3132 720 3203 prudentia
763 3140 818 3189 et
849 3133 1017 3187 animi
1046 3133 1358 3187 constantia
1398 3139 1453 3188 et
1483 3132 1799 3202 dogmatum
1830 3131 2007 3187 since-

2113 3118 2382 3190 σταθηρὸν
2409 3117 2504 3172 τοῦ
2527 3117 2709 3189 ἥθους,
2738 3114 2813 3179 ὼς
2847 3114 2998 3185 παρὰ
3030 3116 3130 3186 τὴν
3178 3112 3460 3184 ἀκρίϐειαν
3500 3111 3598 3181 τὴν
3632 3112 3691 3165 ἐν

430 3224 594 3281 ritate
624 3226 806 3280 minus
832 3225 1054 3295 polleat.
1082 3224 1216 3278 Nam
1243 3225 1297 3279 in
1321 3224 1407 3279 his
1430 3226 1593 3278 etiam
1619 3222 1777 3278 libris
1807 3223 2007 3293 szepius

430 3315 696 3371 adversus
739 3315 938 3370 Filium
982 3316 1077 3372 Dei
1115 3316 1499 3386 blasphemare
1557 3314 2005 3385 deprehenditur,

429 3421 667 3475 eumque
736 3407 1034 3463 secundam
1068 3422 1293 3462 causam
1331 3421 1550 3472 vocare,
1603 3415 1660 3461 et
1701 3405 2008 3477 Principem

433 3497 644 3554 militiae
671 3497 936 3563 ccelestis,
968 3500 1185 3570 aliaque
1221 3498 1492 3567 ejusmodi
1526 3514 1648 3569 qua:
1676 3498 2007 3553 Arianorum

433 3589 664 3645 insaniae
721 3591 942 3662 pr0pria
995 3598 1143 3647 sunt.
1208 3590 1436 3645 Constat
1492 3589 2010 3650 eum,Constantini

435 3679 614 3751 Magni
645 3682 983 3753 temporibus
1016 3681 1289 3747 ﬂoruisse,
1323 3691 1377 3737 et
1399 3682 1541 3737 sacri
1578 3682 1835 3753 martyris
1857 3680 2013 3735 Pam-

435 3771 567 3842 phili
601 3773 1048 3830 ardentissimum
1088 3781 1389 3828 amatorem
1418 3772 1610 3828 fuisse.
1648 3769 1804 3827 Unde
1831 3780 1885 3828 et
1916 3788 2012 3828 co-

433 3872 783 3931 gnomentum
809 3863 1078 3934 Pamphili
1099 3863 1329 3935 adeptus
1353 3879 1475 3921 esse
1495 3862 1698 3920 dicitur
1723 3879 1753 3919 a
1782 3863 2012 3933 quibus-

430 3955 578 4010 dam.

2111 3213 2225 3275 τοῖς
2249 3209 2542 3281 δόγμασιν,
2575 3207 2934 3278 ἐνδεέστερος.
2966 3206 3077 3261 Καὶ
3115 3204 3223 3276 γὰρ
3258 3202 3358 3257 κᾶν
3386 3201 3595 3266 τούτοις
3632 3203 3700 3257 ἐν

2115 3299 2329 3363 πολλοῖς
2376 3298 2521 3353 ἐστιν
2562 3297 2722 3352 αὐτὴν
2758 3297 2885 3350 ἰδεῖν
2929 3296 3022 3350 τὸν
3066 3296 3193 3349 Υἱὸν
3246 3293 3701 3366 βλασφημοῦντα,

2114 3395 2209 3447 καὶ
2231 3393 2481 3464 δεύτερον
2512 3389 2683 3445 αἴτιον
2724 3389 3027 3456 καλοῦντα,
3083 3391 3176 3443 καὶ
3220 3388 3705 3461 ἀρχιστράτηγονμ

2114 3485 2210 3538 καὶ
2240 3484 2375 3539 ἄλλα
2399 3482 2521 3537 τινὰ
2551 3482 2650 3552 τῆς
2698 3481 3038 3554 Ἀρειανικῆς
3079 3482 3283 3553 λύσσης
3317 3480 3689 3553 βλαστήματα.

2115 3577 2285 3647 Δῆλον
2323 3577 2380 3630 δὲ
2419 3576 2494 3641 ὡς
2538 3578 2630 3630 ἐπὶ
2673 3574 3084 3630 Κωνσταντίνου
3137 3573 3231 3627 τοῦ
3269 3572 3505 3643 μεγάλου
3538 3566 3694 3640 οὗτος

2114 3669 2343 3743 ἡνθησε-
2388 3670 2577 3738 γέγονε
2616 3668 2673 3721 δέ
2707 3668 2801 3721 καὶ
2838 3667 2937 3737 τῆς
2973 3666 3255 3737 Παμφίλου
3302 3665 3396 3719 τοῦ
3437 3664 3695 3738 Ιερομάρ-

2116 3777 2278 3832 τυρος
2304 3759 2507 3832 ἀρετῆς
2540 3758 2802 3829 διάπυρος
2831 3756 3099 3828 ἐραστής·
3137 3756 3203 3810 δι’
3236 3757 3302 3828 ῆν
3336 3756 3514 3811 αἰτίαν
3559 3753 3693 3824 φασί

2115 3867 2259 3914 τινες
2304 3850 2464 3903 αὐτὸν
2495 3851 2586 3903 καὶ
2620 3848 2720 3918 τῆς
2750 3846 2846 3901 τοῦ
2902 3846 3188 3919 Παμφίλου
3223 3844 3535 3917 ἐπωνυμίας
3564 3861 3692 3917 μετ-

2118 3942 2427 4014 εσχηκέναι.

1652 4074 1803 4132 Idem
1841 4075 2060 4131 Photius
2090 4076 2144 4131 in
2172 4077 2342 4147 capite
2372 4075 2495 4130 127.

503 4178 653 4235 Lecti
685 4191 815 4237 sunt
846 4183 1070 4242 Eusebii
1097 4186 1368 4261 Pamphili
1389 4190 1511 4247 libri
1527 4199 1763 4263 quatuor
1791 4192 1870 4247 De
1887 4192 2009 4246 lau-

430 4269 586 4327 dibus
617 4273 742 4343 imp.
766 4274 1126 4335 Constantini.
1151 4279 1447 4338 Continent
1477 4292 1658 4339 autem
1688 4283 1809 4353 ejus
1837 4284 2006 4337 vitam

433 4378 650 4421 omnem
679 4367 791 4437 jam
825 4369 953 4426 inde
980 4385 1010 4424 a
1043 4372 1300 4441 pueritia.
1334 4381 1389 4430 et
1433 4391 1775 4447 quaecunque
1805 4377 1874 4432 ah
1910 4376 2007 4431 illo

432 4467 585 4529 gesta
620 4468 749 4516 sunt
791 4461 860 4516 ad
900 4463 1328 4521 ecclesiasticam
1391 4466 1678 4523 historiam
1725 4468 2005 4539 pertinenc

432 4553 529 4615 tia,
563 4568 737 4623 usque
763 4555 828 4610 ad
861 4556 1067 4611 exitum
1094 4557 1240 4624 vitae,
1276 4558 1332 4613 id
1363 4569 1448 4615 est
1490 4560 1559 4615 ad
1592 4576 1796 4616 annum
1825 4563 2005 4619 aetatis

432 4650 689 4711 quartum
734 4653 789 4700 et
825 4646 1249 4718 sexagesimum.
1287 4647 1385 4703 Est
1434 4659 1616 4705 autem
1648 4651 1918 4711 Eusebius
1947 4655 2005 4709 in

432 4725 539 4783 hoc
575 4731 739 4785 etiam
780 4747 945 4803 opere
974 4735 1132 4805 plane
1162 4736 1246 4791 sui
1270 4737 1465 4796 similis
1505 4741 1561 4796 in
1587 4741 1820 4798 dicendo
1848 4763 1862 4799 :
1894 4745 2005 4801 nisi

433 4819 579 4892 quod
605 4824 852 4879 nonnihil
883 4826 951 4880 ad
988 4827 1334 4898 splendorem
1384 4833 1625 4904 assurgit
1652 4834 1772 4904 ejus
1807 4837 2005 4904 oratio,

431 4922 489 4973 et
515 4917 698 4973 verbis
731 4918 1002 4975 interdum
1035 4921 1465 4992 elegantiorihus
1511 4927 1703 4983 utitur.
1735 4920 2009 4984 Venusta-

431 5008 503 5063 tis
536 5008 755 5078 quidem
782 5015 837 5065 et
867 5011 1054 5081 gratiae
1083 5028 1196 5067 non
1249 5015 1478 5069 multum
1531 5026 1755 5089 apparet
1799 5020 1853 5075 in
1905 5020 2009 5077 hoc

432 5114 617 5170 opere,
647 5102 792 5157 sicut
822 5117 923 5157 nec
949 5102 1003 5157 in
1032 5105 1244 5161 caeteris
1273 5106 1396 5177 ejus
1427 5109 1603 5165 libris.
1636 5109 1809 5167 Porro
1837 5114 1892 5168 in
1921 5114 2008 5170 his

428 5198 669 5261 quatuor
697 5192 854 5249 lihris
881 5194 1113 5263 plurima
1151 5197 1270 5252 loca
1312 5199 1505 5255 inserit
1530 5217 1596 5257 ex
1630 5201 2011 5259 Ecclesiastica

430 5280 607 5351 ipsius
636 5281 865 5337 historia
913 5286 1202 5343 translata.
1234 5287 1301 5341 Et
1336 5288 2008 5365 Constantinum'quidem

430 5372 685 5445 Magnum
732 5375 1063 5434 Nicomedia:
1108 5380 1438 5450 baptizatum
1477 5399 1600 5441 esse
1650 5385 1824 5455 dicit,
1881 5402 2009 5443 cum

429 5462 499 5518 ad
540 5463 594 5518 id
615 5480 789 5537 usque
819 5471 1081 5539 temporis
1112 5470 1443 5542 baptismum
1466 5474 1795 5544 distulisset,
1842 5488 1902 5534 ut
1952 5479 2008 5532 in

429 5550 690 5622 Iordane,
730 5559 1191 5629 quemadmodum
1222 5562 1277 5618 in
1298 5565 1442 5622 votis
1472 5566 1729 5635 habebat,
1759 5570 2010 5641 baptiza-

430 5656 603 5703 retur.
651 5648 786 5717 Quis
818 5667 946 5708 rero
989 5654 1142 5710 illum
1189 5656 1517 5729 baptizarit,
1568 5661 1899 5720 dissimulat.
1936 5662 2013 5719 De

433 5738 641 5798 Ariaua
675 5744 900 5815 insuper
938 5747 1132 5805 haeresi
1166 5750 1305 5806 nihil
1335 5760 1521 5817 aperte
1574 5764 2006 5812 commemorat:

2197 4190 2535 4262 Ἀνεγνώσθη
2582 4192 2842 4246 Εὐσεδίου
2891 4190 2988 4246 τοῦ
3019 4188 3304 4262 Παμφίλου
3352 4191 3386 4262 ἠ
3429 4192 3511 4253 εἰς
3536 4190 3691 4245 Κων-

2114 4274 2390 4339 σταντῖνον
2440 4284 2530 4337 τὸν
2564 4284 2734 4355 μέγαν
2779 4284 3000 4356 βασιλέα
3044 4280 3455 4354 ἐγκωμιαστικὴ
3495 4283 3690 4354 τετρά-

2113 4375 2295 4438 6ι6λος
2319 4392 2332 4405 ·
2369 4376 2428 4428 ἐν
2529 4376 2842 4448 περιέχεται
2871 4376 2904 4447 ἦ
2931 4391 2990 4428 τε
3012 4372 3108 4427 τοῦ
3147 4373 3338 4443 ἀνδρὸς
3375 4372 3509 4446 ἄλλη
3544 4373 3694 4427 πολι-

2107 4465 2228 4521 τεία
2273 4466 2334 4532 ἐξ
2374 4466 2546 4537 αὐτῆς
2593 4466 2817 4539 πρώτης
2863 4466 3076 4538 ἡλικίας
3121 4466 3417 4537 ἀρχομένη,
3444 4466 3539 4520 καὶ
3570 4466 3693 4521 ὅσαι

2108 4560 2247 4631 πρὸς
2272 4560 2373 4631 τὴν
2402 4558 2861 4631 ἐκκλησιαστικὴν
2910 4559 3151 4631 ἱστορίαν
3199 4558 3511 4613 συντελοῦσι
3550 4559 3691 4631 πρά-

2108 4650 2219 4716 ξεις
2256 4652 2448 4723 μέχρις
2486 4646 2548 4707 οὗ
2573 4652 2665 4705 τὸν
2708 4653 2817 4724 βίον
2848 4652 3136 4715 ἀπέλιπεν,
3168 4653 3248 4715 είς
3281 4650 3571 4724 ἑξηκοστὸν
3597 4651 3690 4705 καὶ

2107 4744 2364 4816 τέταρτον
2404 4745 2785 4816 παραταθέντα
2827 4745 3039 4816 χρόνον.
3077 4745 3234 4797 Ἔστι
3272 4744 3368 4814 μὲν
3411 4738 3503 4796 οῦν
3558 4743 3689 4796 κάν-

2107 4836 2281 4890 ταῦθα
2306 4835 2402 4908 τὴν
2432 4836 2630 4908 φράσιν
2654 4837 2835 4907 ὅμοιος
2856 4836 3055 4907 ἐαυτῷ,
3085 4835 3223 4907 πλὴν
3253 4834 3446 4907 μικρόν
3478 4850 3528 4886 τι
3552 4832 3688 4905 πρὸς

2108 4927 2168 4981 τὸ
2190 4927 2567 4999 λαμπρότερον
2596 4926 2945 4981 ἐκδεδίασται
2968 4926 3119 4997 αὐτῷ
3136 4929 3164 4979 ὁ
3185 4926 3359 4995 λόγος,
3389 4925 3485 4978 καὶ
3514 4922 3690 4989 λέξεις

2111 5020 2190 5082 είς
2218 5019 2279 5072 τὸ
2309 5019 2670 5091 ἀνθηρότερον
2702 5017 2915 5088 ἐνιαχοῦ
2952 5015 3389 5087 συνελήφθησαν’
3426 5013 3523 5084 τῆς
3560 5012 3693 5083 μένο

2107 5127 2190 5163 τοι
2233 5111 2373 5165 κατά
2423 5111 2522 5181 τὴν
2569 5110 2861 5181 ἑρμηνείαν
2894 5109 3086 5180 ἡδονῆς
3130 5107 3225 5161 καὶ
3273 5105 3492 5177 χάριτος
3540 5102 3691 5157 οὐδὲν

2114 5203 2277 5272 μέγα,
2308 5201 2497 5268 ὥσπερ
2528 5201 2647 5255 οὐδὲ
2681 5204 2737 5255 ἐν
2766 5204 2876 5270 τοῖς
2901 5200 3099 5263 ἄλλοις,
3128 5198 3469 5270 ἐμφαίνεται.
3504 5197 3690 5249 Κατα-

2111 5294 2411 5366 στριὶΝνυσι
2430 5295 2486 5348 δὲ
2503 5298 2560 5349 ἐν
2584 5294 2752 5367 ταύτῃ
2787 5292 2953 5348 αὐτοῦ
2973 5295 3040 5365 τῇ
3087 5289 3420 5364 τετραϐίϐλῳ
3436 5288 3691 5360 πάμπολι-

2107 5389 2176 5441 λα
2202 5388 2379 5458 χωρία
2402 5386 2459 5453 ἐξ
2490 5385 2784 5458 ὁλοκλήρου
2821 5385 2921 5456 τῆς
2960 5379 3507 5451 Ἐκκλησιαστικῆς
3528 5377 3691 5433 αὐτοῦ

2108 5478 2401 5547 δεκαλόγου
2435 5478 2747 5547 Ἱστορίας.
2782 5478 2946 5546 Λέγει
2988 5476 3085 5548 μὲν
3128 5472 3220 5530 οῦν
3257 5476 3352 5529 καὶ
3384 5474 3546 5529 αὐτὸν
3570 5512 3585 5537 ,
3632 5474 3692 5527 ἐν

2109 5571 2447 5643 Νικομηδείᾳ
2494 5570 2585 5625 τὸν
2638 5570 2809 5642 μέγαν
2860 5570 3266 5624 Κωνσταντῖνον
3305 5565 3690 5639 βαπτίσασθαι,

2115 5664 2277 5737 μέχρι
2325 5665 2447 5719 τότε
2499 5664 2560 5719 τὸ
2605 5663 2828 5737 λουτρὸν
2876 5662 3308 5734 ἀναϐαλλόμενον
3329 5702 3342 5726 ,
3399 5661 3495 5716 ατε
3525 5659 3591 5731 δὴ
3631 5661 3689 5712 ἐν

2115 5755 2376 5830 ἐπιθυμίᾳ
2412 5756 2734 5820 ποιούμενον
2787 5757 2845 5809 ἐν
2891 5757 3007 5819 τοῖς
3051 5752 3312 5817 Ἰορδάνου
3360 5752 3419 5806 τὸ
3469 5748 3690 5820 λουτρὸν
