4050 6384
365 349 437 405 es
773 315 779 330 ’
1231 347 1570 406 veranum
1604 344 1954 404 TESTIMON

2067 345 2346 403 CONTRA
2385 345 2756 406 EUSEBIUM.
3553 355 3622 410 θλ

368 467 726 536 ὑποδέξασθαι
746 485 759 498 ·
787 467 872 530 τίς
898 466 954 519 δέ
977 467 1005 518 ὁ
1035 465 1322 536 βαπτίσας,
1343 467 1497 520 οὐδὲν
1524 466 1794 537 διασαφεῖ.
1817 467 1952 538 Περὶ

2057 480 2156 520 nec
2186 473 2369 520 utrum
2407 468 2522 536 ipse
2549 467 2598 521 ei
2631 466 2921 536 aliquando
2981 465 3293 534 adhaeserit,
3340 485 3441 526 nec
3469 474 3616 542 quod

371 563 618 634 μέντοιγε
664 561 766 630 τῆς
828 559 1166 630 Ἀρειανικῆς
1237 560 1502 631 αἱρέσεως
1560 559 1713 613 οὐδὲν
1781 559 1949 628 σαφὲς

367 655 724 725 ἀπαγγέλλει,
757 651 864 706 οὐδ’
896 653 942 704 εί
963 652 1062 721 τῆς
1089 651 1244 722 δόξης
1270 651 1485 720 ἐκείνης
1509 651 1702 722 εἴχετο.
1737 651 1844 705 οὐδ’
1868 651 1949 704 ὃτι

371 744 792 817 μταῦἐϐληται,
816 742 928 795 ἀλλ’
955 741 1062 795 οὐδ’
1089 743 1170 794 ὅτι
1201 741 1416 811 φαύλως
1443 741 1475 813 ἢ
1503 742 1677 811 ὀρθῶς
1703 741 1950 806 ἐδόξαζεν

373 835 627 904 Ἀρειος,
684 830 886 901 καίπερ
936 829 1184 901 ἀνάγκην
1236 832 1374 900 ἒχων
1421 832 1480 882 ἐν
1536 831 1723 900 μνήμη
1777 830 1950 883 ταῦτα

370 925 725 996 ποιήσασθαι,
757 925 850 978 ἆτε
875 924 938 995 δὴ
967 925 1111 994 μέγα
1158 924 1320 995 μέρος
1348 924 1649 994 ἐπεχούσης
1682 925 1779 995 τῆς
1824 943 1949 978 συν-

367 1023 489 1076 ὁδου
506 1021 616 1074 τῶν
642 1019 734 1072 τοῦ
763 1011 998 1090 μεγάλου
1032 1015 1280 1088 πράξεων
1302 1019 1730 1081 Κωνσταντίνου,
1761 1019 1951 1072 κάκείι

370 1131 468 1184 νης
496 1113 658 1168 πάλιν
695 1109 1091 1180 ἐξαπαιτούσης
1125 1111 1222 1180 τὴν
1265 1111 1393 1180 περὶ
1441 1111 1646 1163 τούτων
1689 1109 1952 1180 λεπτομε-

377 1207 644 1278 ρεστάτην
690 1204 931 1276 ἱστορίαν
957 1220 969 1232 ο
1022 1202 1158 1254 ἀλλὰ
1193 1202 1380 1255 στάσιν
1417 1203 1515 1272 μὲν
1557 1205 1816 1273 ἐμπεσεῖν
1851 1220 1948 1274 με-

373 1299 508 1364 ταξὺ
546 1297 754 1368 Ἀρείου
786 1297 880 1348 καὶ
916 1293 1262 1366 Ἀλεξάνδρου
1311 1295 1330 1364 (
1343 1294 1439 1365 τὴν
1471 1295 1678 1366 αἵρεσιν
1717 1295 1779 1366 δὴ
1808 1295 1949 1347 οὕτω

373 1389 547 1458 λέγων
577 1390 671 1442 καὶ
712 1387 1196 1459 ὑποκρυπτόμενος
1235 1387 1632 1455 ἀποφαίνεται),
1667 1387 1759 1440 ἐπί
1791 1404 1851 1439 τε
1881 1388 1947 1456 τῇ

376 1480 559 1533 στάσει
594 1479 715 1532 λίαν
755 1476 992 1546 ἀλγῆσαι
1025 1477 1114 1530 τὸν
1151 1475 1370 1546 θεοφιλῆ
1406 1475 1648 1545 βασιλέα,
1679 1476 1772 1527 καὶ
1809 1475 1953 1542 ἀγω-

373 1572 621 1625 νίσασθαι
659 1570 747 1624 διά
790 1585 850 1622 τε
885 1567 1218 1632 ἐπιστολῶν,
1266 1567 1356 1620 διά
1398 1584 1457 1619 τε
1490 1567 1582 1619 τοῦ
1637 1565 1847 1629 Ὀσίου,
1893 1565 1952 1627 ὃς

373 1662 686 1734 Κορδούϐης
722 1660 1054 1724 ἐπεσκόπει,
1087 1661 1166 1722 είς
1215 1658 1393 1729 φιλίαν
1439 1657 1533 1711 καὶ
1572 1659 1954 1728 ὁμόνοιαν-συ-

374 1752 560 1819 ζεῦξαι
585 1756 646 1806 τὸ
674 1750 982 1817 στασιάζον,
1017 1753 1114 1823 τῆς
1148 1750 1284 1823 πρὸς
1326 1749 1586 1818 ἀλλήλους
1635 1748 1811 1819 ἔριδος
1851 1751 1953 1818 ἀφ-

370 1846 602 1918 εμένους
629 1846 722 1900 καὶ
741 1845 849 1899 τῶν
865 1844 1114 1899 τοιούτων
1128 1843 1422 1916 ζητήσεων.
1449 1843 1538 1906 Ὠς
1560 1843 1603 1895 δ’
1629 1844 1728 1918 οὐκ
1753 1843 1954 1906 ἔπειθε,

380 1938 596 1993 σύνοδον
643 1937 971 2008 πανταχόθεν
1010 1935 1287 2007 ἀθροῖσαι,
1341 1935 1436 1988 καὶ
1479 1934 1578 2005 τὴν
1611 1934 1956 2005 ἐμπεσοῦσαν

377 2028 498 2101 ἔριν
527 2029 606 2092 είς
632 2029 850 2100 εἰρήνην
875 2025 1246 2080 διαλύσασθαι.
1280 2028 1356 2080 Ού
1396 2027 1502 2098 μὴν
1526 2029 1604 2090 είς
1631 2026 1691 2080 τὸ
1733 2025 1957 2096 ἀκριὸἐς

377 2122 473 2175 καὶ
495 2121 746 2193 ἐπίδηλον
771 2120 1143 2192 ἀναγράφεται
1164 2137 1177 2150 ν
1203 2111 1358 2182 οὗτος
1381 2117 1474 2173 οὖν
1497 2119 1685 2190 ῶσπερ
1709 2120 1956 2190 αἰσχυνο-

379 2215 525 2286 μένῳ
549 2215 760 2278 ἐοικὼς,
795 2215 890 2267 καὶ
915 2214 990 2285 μὴ
1017 2213 1324 2284 βουλομένῳ
1351 2213 1694 2286 δημοσιεύειν
1717 2215 1952 2285 Ἀρειον,

374 2303 476 2372 τήν
500 2320 559 2356 τε
585 2305 683 2372 τῆς
714 2303 929 2357 συνόδου
963 2302 1388 2376 ἐξενηνεγμένην
1418 2307 1537 2359 κατ’
1563 2304 1727 2358 αὑτοῦ
1755 2306 1953 2376 ψῆφον,

376 2396 472 2448 καὶ
504 2395 611 2448 τῶν
642 2394 1125 2464 συνασεϐησάντων
1165 2394 1334 2464 αὐτῷ,
1387 2396 1481 2448 καὶ
1516 2395 1956 2462 συνεξωσθέντων

373 2482 473 2553 τὴν
502 2482 716 2536 δικαίαν
757 2480 1073 2551 εἴσπραξιν
1111 2481 1170 2532 ού
1225 2481 1328 2552 μὴν
1362 2481 1475 2534 ἀλλ’
1512 2482 1632 2534 οὺδέ
1673 2482 1740 2553 ἣν
1774 2481 1957 2535 θεόθεν

377 2573 484 2633 πᾶς
527 2569 802 2641 ὀφθαλμὸς
844 2563 981 2622 εἶδεν
1033 2567 1237 2620 ἔνδικον
1294 2570 1503 2640 Ἀρείου
1550 2569 1954 2640 καταστροφὴν,

373 2659 529 2713 ούδέν
543 2658 746 2713 τούτων
782 2661 928 2729 ἄγων
961 2662 1041 2723 είς
1078 2658 1213 2729 φῶς,
1243 2660 1342 2730 τήν
1361 2675 1419 2712 τε
1451 2660 1696 2731 περὶτῆς
1743 2661 1955 2714 συνόδου

382 2753 479 2807 καὶ
496 2753 605 2806 τῶν
627 2755 683 2806 ἐν
706 2754 843 2825 αὐτῇ
869 2753 1466 2826 πραχθέντωνίστορίαν
1489 2755 1825 2826 παρέδραμε.
1865 2756 1957 2808 Διὸ

378 2844 476 2898 καὶ
499 2847 626 2916 περὶ
656 2845 748 2899 τοῦ
775 2846 1058 2899 θεσπεσίου
1078 2846 1368 2900 Εὐσταθίου
1399 2846 1603 2917 μέλλων
1635 2847 1954 2917 διηγεῖσθαι,

377 2937 504 2991 οὗτε
541 2937 634 2990 τοῦ
682 2938 944 3009 ὀνόματος
991 2939 1290 3010 μέμνηται,
1321 2940 1428 2993 οὐδ’
1463 2938 1524 3011 [ί.
1559 2938 1808 3012 οὔθ’]ὃσα
1832 2941 1958 3012 περὶ

379 3030 544 3084 αὐτὸν
576 3029 849 3102 ἐτολμήθη
887 3033 982 3084 καὶ
1022 3033 1102 3095 είς
1138 3031 1296 3103 ἔργον
1327 3032 1702 3105 ἀποϐέϐηκεν·
1736 3034 1848 3087 ἀλλ’
1879 3035 1959 3098 είς

383 3124 572 3177 στάσιν
596 3124 690 3176 καὶ
725 3123 966 3195 ταραχὴν
992 3124 1208 3193 ἀνάγων
1233 3125 1325 3177 καὶ
1349 3124 1543 3189 ταῦτα,
1571 3125 1832 3198 γαληνίας
1863 3127 1958 3179 καὶ

383 3217 545 3271 πάλιν
572 3216 812 3285 ἐπιλέγει
835 3217 1168 3282 ἐπισκόπων,
1195 3217 1337 3271 κατά
1357 3218 1454 3289 τὴν
1482 3219 1810 3289 Ἀντιόχειαν
1832 3237 1956 3272 συν-

378 3309 796 3380 δεδραμηκότων
859 3308 1058 3380 σπουδῇ
1096 3307 1358 3378 βασιλέως
1403 3312 1498 3365 καὶ
1541 3313 1799 3384 συνεργίᾳ
1821 3351 1836 3376 ,
1866 3313 1960 3366 καὶ

378 3401 443 3455 τὸ
478 3400 765 3465 στασιάζον
804 3403 896 3455 καὶ
929 3405 1328 3476 ταραττόμενον
1358 3406 1438 3470 εἰς
1471 3405 1532 3458 τὸ
1560 3407 1833 3478 εἰρηναῖον
1861 3423 1959 3476 με-

381 3491 815 3562 ταϐεϐληκότων.
863 3493 1093 3562 Ὁμοίως
1134 3495 1189 3550 δὲ
1223 3498 1316 3550 καὶ
1366 3501 1424 3551 ἐν
1471 3493 1554 3562 οἷς
1592 3501 1620 3552 ό
1662 3498 1961 3564 πολύαθλος

380 3582 759 3658 ἐσκαιωρήθηια
799 3583 1150 3650 ’Δθανάσιος,
1202 3589 1281 3651 είς
1337 3588 1510 3642 ταῦτα
1564 3589 1663 3661 τὴν
1721 3589 1961 3660 ἱστορίαν

379 3678 629 3750 ὁρμήσας
657 3677 966 3746 ἐπαφεῖναι,
996 3678 1237 3742 στάσεως
1276 3680 1372 3750 μὲν
1401 3679 1778 3752 ἐμπλησθῆναι
1802 3681 1961 3734 πάλιν

383 3770 482 3822 καὶ
511 3771 754 3841 ταραχῆς
782 3771 880 3842 τὴν
926 3771 1328 3844 Ἀλεξάνδρειαν
1365 3773 1601 3842 λέγεται,
1639 3776 1734 3828 καὶ
1760 3773 1961 3848 ταύτην

385 3861 728 3933 πραῦνθῆναι
748 3865 1060 3917 ἐπισκόπων
1087 3865 1377 3937 παρουσίᾳ,
1395 3866 1492 3937 τὴν
1515 3865 1795 3938 βασιλικὴν
1821 3867 1964 3937 ἐχόνο

381 3970 495 4007 των
521 3955 860 4025 συμμαχίαν·
898 3955 1020 4010 οὔτε
1048 3956 1104 4009 δὲ
1134 3957 1218 4020 τίς
1248 3952 1317 4027 ἦν
1353 3956 1678 4020 στασιάζων,
1704 3957 1811 4010 οὐδ’
1841 3959 1961 4027 ἥτις

380 4047 418 4115 ή
459 4046 668 4111 στάσις,
694 4047 739 4117 δῆ
773 4046 826 4099 τί
865 4047 958 4100 καὶ
1003 4047 1308 4120 πράξαντες
1351 4047 1449 4119 τὴν
1500 4047 1615 4118 ἔριν
1661 4047 1958 4118 ἐπράῦναν,

383 4138 497 4192 οὑδ⁴
530 4138 666 4201 ὅλως
709 4140 939 4192 ποιεῖται
967 4139 1218 4210 ἐπίδηλον
1238 4156 1250 4169 ·
1281 4139 1372 4191 καὶ
1404 4139 1608 4210 σχεδὸν,
1648 4141 1704 4194 ἐν
1729 4134 1810 4204 οἷς
1838 4140 1960 4193 ἐπι-

386 4233 606 4286 σκόπων
634 4232 770 4302 πρὸς
797 4231 1058 4302 ἀλλήλους
1089 4229 1409 4300 φιλονεικίαι
1444 4231 1571 4301 περὶ
1595 4231 1898 4300 δογμάτων,
1926 4230 1960 4300 ἢ

384 4326 514 4397 περί
537 4341 698 4377 τινων
721 4323 897 4378 ἄλλων
929 4322 1215 4392 διαφωνίαι
1247 4322 1523 4390 γεγόνασι,
1549 4323 1640 4376 τὸν
1671 4323 1833 4378 αὐτὸν
1865 4324 1960 4395 τῆς

387 4415 738 4488 ἐπικρύψεως
771 4416 828 4467 ἐν
860 4417 928 4486 τῇ
965 4414 1214 4484 διηγήσει
1235 4413 1403 4467 τύπον
1429 4413 1798 4483 διαφυλάττει.

2051 574 2170 612 eam
2203 559 2482 628 abjecerit.
2519 559 2625 614 Sed
2651 575 2828 628 neque
2856 571 3003 615 recte
3041 577 3108 616 ne
3137 576 3206 616 an
3241 577 3401 618 secus
3431 579 3620 620 sense-

2051 652 2124 704 rit
2168 651 2350 718 Arius,
2395 667 2626 720 usquam
2667 649 2872 716 refert;
2909 653 3128 708 tametsi
3159 653 3274 706 hac
3305 656 3619 710 necessario

2053 743 2531 797 commemoranda
2561 749 2778 806 essent,
2814 743 3012 812 quippe
3053 759 3174 797 cum
3205 743 3424 798 Nicaena
3454 760 3621 816 syno-

2056 831 2162 888 dus
2206 833 2349 886 inter
2379 848 2466 888 res
2494 848 2522 886 a
2553 833 2916 888 Constantino
2959 841 3142 904 gestas
3177 835 3509 904 praecipuum
3539 836 3623 889 lo-

2053 940 2177 980 cum
2210 925 2473 988 obtineat,
2500 934 2553 979 et
2581 925 2782 993 alioqui
2800 925 3205 979 exactissimam
3229 925 3396 980 totius
3419 926 3621 994 negotii

2057 1019 2431 1072 narrationem
2467 1017 2583 1085 ipsa
2611 1031 2710 1071 suo
2740 1015 2976 1086 quodam
3010 1016 3133 1084 jure
3166 1014 3412 1085 flagitare
3437 1015 3621 1070 videa-

2053 1121 2162 1166 tur.
2197 1111 2397 1165 Verum
2424 1112 2513 1166 ille
2538 1110 2937 1166 dissensionem
2971 1109 3187 1180 quidem
3215 1110 3356 1163 inter
3387 1108 3622 1163 Alexan-

2053 1204 2211 1258 drum
2236 1213 2289 1260 et
2322 1204 2508 1258 Arium
2539 1213 2780 1257 exortam
2806 1203 3311 1266 commemorattsic
3339 1203 3482 1256 enim
3514 1202 3623 1256 hae-

2055 1299 2219 1353 resim
2280 1295 2473 1350 callide
2503 1302 2556 1350 et
2588 1294 2998 1350 dissimulanter
3031 1294 3320 1364 appellat).
3351 1293 3528 1361 Atque
3552 1294 3625 1348 ob

2055 1391 2199 1445 hunc
2229 1390 2519 1442 tumultum
2551 1389 2874 1458 gravissimo
2901 1388 3088 1442 dolore
3109 1388 3358 1442 affectum
3393 1404 3515 1444 esse
3537 1406 3624 1444 re-

2055 1481 2462 1550 ligiosissimum
2494 1481 2791 1550 principem
2819 1489 2908 1544 ;et
2937 1489 3047 1533 tum
3076 1495 3170 1549 per
3195 1481 3621 1549 epistolam,tum

2056 1589 2151 1644 per
2180 1572 2406 1628 Hosium
2431 1572 2838 1628 Cordubensem
2885 1573 3201 1643 episc0pum
3233 1573 3530 1636 laborasse,
3565 1579 3626 1626 ut

2057 1675 2240 1734 partes
2264 1667 2404 1720 inter
2429 1681 2486 1720 se
2521 1663 2851 1720 dissidentes
2879 1665 2944 1718 ad
2976 1680 3162 1734 pacem
3187 1673 3240 1720 et
3273 1666 3622 1720 concordiam

2057 1758 2358 1820 reduceret,
2385 1759 2530 1811 omni
2557 1757 2625 1811 de
2654 1755 2964 1824 hujusmodi
2983 1758 3374 1826 quaestionibus
3396 1767 3623 1811 conten-

2059 1849 2206 1904 tione
2235 1849 2501 1919 deposita.
2532 1849 2638 1904 Sed
2672 1865 2793 1907 eum
2825 1850 3152 1920 persuadere
3181 1851 3259 1903 eis
3289 1865 3396 1902 non
3421 1848 3628 1918 potuis-

2059 1951 2163 2005 set,
2196 1942 2463 2012 synodum
2479 1940 2718 2011 undique
2738 1957 3092 2006 convocasse,
3113 1951 3165 1996 et
3198 1941 3374 2012 SOpito
3391 1940 3624 1993 tumultu

2057 2047 2246 2102 pacem
2283 2031 2614 2086 restituisse.
2640 2031 2842 2085 Verum
2868 2031 2983 2086 haec
3019 2031 3088 2085 ab
3116 2031 3210 2084 illo
3236 2045 3344 2084 non
3374 2030 3510 2085 satis
3536 2043 3627 2083 ac-

2059 2136 2248 2180 cnrate
2273 2132 2327 2180 et
2365 2132 2547 2194 aperte
2581 2125 2892 2179 traduntur.
2927 2123 3159 2178 Prorsus
3191 2122 3332 2177 enim
3367 2130 3624 2191 tanquam

2059 2220 2266 2290 pudore
2312 2218 2573 2282 suffusus,
2615 2232 2716 2272 nec
2752 2216 2866 2270 Arii
2899 2218 3228 2287 impietatem
3265 2215 3481 2285 publice
3510 2221 3626 2267 tra-

2058 2311 2257 2366 ducere
2291 2311 2540 2382 cupiens,
2591 2318 2706 2364 tum
2741 2309 2936 2381 synodi
2993 2307 3318 2364 sententiam
3364 2307 3626 2362 adversus

2061 2404 2252 2458 Arium
2304 2403 2592 2474 prolatam,
2627 2410 2742 2456 tum
2786 2416 2975 2456 eorum
3017 2402 3108 2471 qui
3143 2399 3436 2470 impietatis
3477 2399 3628 2452 illius

2059 2485 2193 2550 s’ocii
2220 2501 2274 2549 et
2309 2495 2364 2548 in
2399 2495 2652 2548 exsilium
2673 2493 2836 2548 simul
2865 2493 3078 2562 expulsi
3109 2491 3325 2546 fuerant
3381 2489 3630 2559 justissi-

2058 2598 2202 2637 mam
2233 2583 2491 2636 ultionem
2517 2625 2532 2649 ,
2555 2581 2687 2636 illud
2713 2581 2949 2652 denique
2971 2582 3188 2635 caelitus
3219 2578 3482 2633 inflictum
3497 2578 3630 2631 Ario

2059 2675 2284 2731 exitium
2320 2674 2466 2745 quod
2512 2675 2754 2728 omnium
2786 2673 3102 2743 conspectui
3138 2671 3444 2740 subjectum
3501 2668 3625 2734 fuit,

2059 2766 2241 2821 sciens
2266 2767 2640 2835 prmtermisit:
2676 2781 2775 2820 nec
2800 2765 3084 2820 historiam
3121 2763 3318 2834 synodi
3352 2776 3549 2830 resque
3571 2759 3629 2814 in

2059 2871 2122 2912 ea
2149 2865 2330 2928 gestas
2367 2857 2834 2912 commemoravit.
2874 2855 3012 2910 Hinc
3035 2856 3198 2910 etiam
3230 2861 3316 2909 est
3339 2853 3626 2924 quodcum

2059 2965 2124 3005 ea
2157 2965 2276 3020 qua:
2323 2948 2509 3003 divino
2551 2947 2836 3003 Eustathio
2888 2947 3275 3016 contigerunt,
3307 2944 3472 2999 vellet
3532 2941 3631 2996 de-

2061 3044 2323 3107 scribere,
2357 3058 2424 3097 ne
2453 3057 2650 3096 nomen
2699 3039 2917 3111 quidem
2944 3039 3062 3108 ejus
3091 3038 3309 3101 retulit,
3351 3052 3451 3090 nec
3481 3049 3632 3105 qum-

1984 3156 2025 3216 C
2061 3151 2277 3207 cunque
2326 3135 2588 3190 adversus
2615 3131 2764 3187 illum
2802 3130 3009 3186 nefarie
3037 3129 3348 3198 exCOgitata
3387 3134 3517 3182 sunt
3564 3141 3629 3180 ac

2060 3236 2390 3302 perpetrata,
2425 3226 2521 3283 sed
2553 3226 2875 3282 seditionem
2917 3239 2980 3279 ac
3003 3223 3293 3278 tumultum
3324 3218 3630 3275 Antiochiae

2059 3317 2337 3373 exstitisse
2369 3323 2656 3386 postquam
2686 3315 2858 3381 dixit,
2888 3329 3012 3368 mox
3048 3311 3498 3382 tranquillitatem
3539 3324 3630 3364 re-

2059 3411 2301 3464 stitutam
2325 3423 2448 3464 esse
2472 3407 2676 3471 subdit,
2712 3405 2987 3476 episcopis
3004 3405 3350 3475 imperatoris
3373 3415 3541 3472 opera
3563 3414 3630 3454 ac

2061 3501 2242 3558 studio
2268 3501 2397 3556 illuc
2426 3499 2879 3556 convenientibus
2903 3540 2917 3566 ,
2950 3513 3045 3569 per
3094 3511 3232 3566 quos
3263 3494 3424 3548 turba
3450 3491 3631 3548 omnis

2061 3606 2125 3647 ac
2142 3593 2334 3648 seditio
2355 3593 2408 3646 in
2433 3589 2934 3661 tranquillissimam
2964 3603 3150 3660 pacem
3173 3595 3256 3642 est
3275 3590 3626 3639 commutata.

2065 3683 2328 3738 Similiter
2355 3681 2446 3736 ubi
2477 3680 2850 3736 narrationem
2896 3678 3133 3734 instituit
3167 3676 3236 3730 de
3286 3675 3354 3729 iis
3381 3687 3503 3743 quae
3532 3669 3631 3724 ad-

2061 3790 2254 3830 versus
2283 3773 2644 3828 fortissimum
2662 3773 2811 3826 illum
2843 3770 3198 3825 Athanasium
3218 3765 3463 3837 improbe
3479 3777 3630 3816 com-

2061 3873 2250 3936 parata
2278 3871 2426 3927 sunt,
2451 3864 2718 3919 seditione
2739 3862 2958 3934 quidem
2979 3875 3041 3914 ac
3074 3857 3313 3913 tumultu
3348 3853 3626 3924 impletam

2063 3958 2259 4013 iterum
2289 3956 2676 4012 Alexandriam
2719 3953 2884 4009 refert
2910 3971 2924 4008 :
2966 3950 3062 4008 sed
3088 3964 3208 4006 eam
3238 3947 3623 4018 episcoporum

2060 4049 2349 4120 praesentia
2391 4057 2446 4104 et
2491 4047 2838 4119 imperatoris
2889 4045 3094 4098 auxilio
3150 4041 3391 4097 sedatam
3431 4037 3623 4091 fuisse.

2061 4143 2246 4212 Neque
2273 4142 2492 4197 interim
2521 4141 2647 4211 quis
2665 4138 2930 4194 seditione
2953 4132 3327 4195 concitaverit,
3360 4135 3454 4183 aut
3477 4140 3626 4196 quae-

2063 4251 2188 4290 nam
2219 4235 2309 4288 illa
2338 4233 2534 4289 seditio
2559 4232 2742 4296 fuerit,
2778 4244 2955 4300 neque
2981 4242 3090 4297 quo
3121 4232 3280 4295 pacto
3329 4220 3516 4275 sedata
3559 4215 3630 4270 ab

2061 4327 2336 4398 episcopis
2399 4326 2594 4390 fuerit,
2638 4326 2910 4380 ullatenus
2968 4319 3207 4390 exponit.
3244 4315 3321 4369 Ae
3351 4313 3462 4368 fere
3491 4323 3632 4380 quo»

2065 4421 2386 4490 tiescunque
2435 4419 2814 4489 episc0porum
2869 4420 3087 4467 mutuas
3140 4410 3281 4464 inter
3318 4421 3377 4461 se
3417 4403 3631 4458 dissen-

384 4509 575 4564 siones
603 4507 671 4562 de
687 4507 811 4562 fidei
840 4506 1132 4578 capitibus,
1154 4514 1248 4561 aut
1263 4505 1330 4561 de
1354 4507 1477 4561 aliis
1499 4509 1664 4564 rebus
1713 4511 2093 4570 contentiones
2123 4528 2187 4570 ac
2229 4512 2521 4569 discordiae
2567 4511 2928 4574 exstiterunt,
2961 4502 3212 4561 eumdem
3267 4500 3360 4554 ille
3395 4499 3452 4552 in
3496 4507 3627 4550 nar.

389 4601 562 4656 rando
593 4608 773 4657 servat
795 4600 1178 4656 dissimulandi
1207 4601 1454 4656 modum.

1070 4767 1304 4824 Joannes
1334 4767 1576 4827 Zonaras
1600 4771 1808 4831 intomo
1823 4773 2046 4844 III,ubi
2073 4791 2156 4829 res
2188 4782 2362 4845 gestas
2399 4769 2738 4828 Constantini
2771 4767 2948 4839 refert.

457 4923 565 4981 ἾΙν
601 4928 658 4981 δέ
704 4928 824 4980 τότε
862 4926 970 4980 τῶν
997 4927 1065 4980 τά
1108 4929 1314 5000 Ἀρείου
1364 4930 1770 5000 πρεσϐευόντων
1803 4932 1896 4986 καὶ
1929 4934 1955 4986 ό

2132 4928 2250 4984 Arii
2298 4935 2501 4982 sectam
2533 4932 2646 4978 tum
2679 4925 3090 4994 amplexabatur
3140 4922 3307 4978 etiam
3360 4918 3629 4975 Eusebius

385 5019 673 5090 Παμφίλου
708 5019 984 5086 Εύσέῆιος,
1016 5021 1113 5090 τῆς
1148 5022 1206 5073 ἐν
1256 5021 1588 5096 Παλαιστίνῃ
1623 5024 1958 5096 Καισαρείας

382 5112 666 5181 τυγχάνων
693 5111 989 5175 ἐπίσκοπος
1011 5128 1023 5140 '
1060 5111 1118 5175 ὃς
1153 5113 1446 5184 μετέπειτα
1491 5114 1704 5184 λέγεται
1729 5117 1960 5186 ἀποστῆ-

381 5219 474 5256 ναι
503 5203 604 5273 τῆς
641 5203 737 5256 τοῦ
776 5204 983 5276 Ἀρείου
1015 5205 1191 5277 δόξης,
1225 5209 1320 5261 καὶ
1365 5209 1816 5280 ὁμογνωμονῆσαι
1848 5212 1958 5272 τοῖς

386 5296 659 5350 συναῖδιον
691 5297 780 5350 τὸν
812 5299 941 5351 Υἱὸν
976 5299 1070 5352 καὶ
1109 5300 1392 5370 ὁμοούσιον
1414 5301 1490 5372 τῷ
1531 5303 1708 5375 Πατρὶ
1752 5302 1957 5372 δογμα-

383 5388 614 5454 τίζουσι,
643 5391 737 5445 καὶ
773 5391 1026 5462 δεχθῆναι
1057 5391 1206 5463 παρὰ
1240 5393 1349 5446 τῶν
1391 5395 1560 5464 ἁγίων
1588 5395 1848 5467 Πατέρων
1879 5395 1958 5457 είς

387 5482 699 5536 κοινωνίαν
733 5484 932 5555 μᾶλλον
968 5484 1152 5556 μέντοι
1181 5486 1240 5538 ἐν
1271 5483 1348 5556 τῷ
1373 5486 1659 5559 πρακτικῷ
1687 5489 1784 5558 τῆς
1810 5485 1958 5558 πρώ-

381 5587 488 5642 της
534 5575 750 5629 συνόδου
796 5578 890 5631 καὶ
933 5577 1266 5648 ὑπερμαχῶν
1310 5578 1536 5650 εὓρηται
1582 5579 1689 5633 τῶν
1729 5576 1955 5633 πιστῶν.

459 5774 538 5847 (α)
578 5773 633 5830 ld
657 5782 742 5832 est
773 5775 913 5846 apud
953 5775 1228 5834 Gelasium
1261 5778 1606 5850 Cyzicenum.

2063 5020 2409 5091 Pamphilus,
2441 5017 2702 5072 Caesarea:
2727 5015 3028 5070 Palaestina“:
3049 5013 3363 5084 episcopus;
3391 5011 3484 5083 qui
3508 5019 3629 5080 post

2063 5113 2364 5169 descivisse
2420 5110 2623 5164 dicitur
2652 5109 2720 5162 ab
2750 5108 2952 5161 Ariana
3009 5107 3285 5176 opinione,
3317 5113 3369 5160 et
3399 5119 3630 5158 consen-

2063 5208 2204 5263 sisse
2231 5219 2354 5260 cum
2379 5203 2447 5259 iis
2466 5202 2558 5273 qui
2584 5200 2778 5255 Filium
2800 5199 2949 5254 Patri
2980 5199 3327 5269 coaequalem,
3359 5194 3630 5264 ejusdem-

2064 5315 2173 5372 que
2204 5305 2416 5353 natura:
2446 5311 2569 5351 esse
2603 5295 2821 5360 docent,
2863 5301 2919 5348 et
2965 5307 2995 5345 a
3026 5291 3232 5346 sanctis
3275 5289 3530 5343 Patribus
3561 5286 3628 5341 ad

2065 5390 2506 5446 communionem
2538 5392 2806 5454 receptus.
2842 5381 2900 5436 In
2923 5381 3076 5438 Actis
3106 5389 3285 5436 autem
3316 5379 3477 5450 primi
3497 5393 3632 5432 con-

2064 5483 2176 5540 cilii
2205 5483 2369 5539 etiam
2427 5478 2628 5534 acriter
2655 5475 2969 5530 defendisse
3001 5473 3186 5528 fideles
3216 5471 3467 5526 traditur.
3506 5467 3632 5524 llaec

2067 5581 2149 5636 sic
2187 5591 2217 5632 a
2263 5573 2544 5633 nonnullis
2573 5571 2819 5644 exposita
2846 5568 3195 5642 reperiuntur
3235 5564 3337 5641 (a),
3367 5580 3486 5638 quae
3515 5563 3633 5635 ipsa
