4050 6384
445 357 520 415 97
1290 351 1626 409 VETERUM
1664 350 2088 406 TESTlMONlA
2126 350 2408 408 CONTRA
2447 348 2821 408 EUSEBIUM.
3629 350 3701 409 $3

1467 492 1704 564 Scaliger
1732 494 1786 546 in
1808 492 2050 548 Elencbo
2069 491 2408 562 Trihteresii,
2431 510 2550 563 cap.
2582 490 2674 545 27.

517 650 807 713 Eusebius,
831 664 940 720 quo
970 649 1156 705 nullus
1178 650 1681 706 ecclesiasticorum
1704 656 1951 706 veterum
1983 651 2140 720 plura
2172 650 2240 704 ad
2266 648 2553 705 historiam
2587 648 2996 704 Christianismi
3026 646 3259 703 contulit
3285 664 3301 714 ;
3334 646 3520 703 nullus
3543 647 3698 718 plura

448 753 630 803 errata
658 745 713 799 in
746 743 968 815 scriptis
994 744 1111 800 suis
1132 744 1355 814 reliquit
1377 762 1391 810 ;
1410 745 1616 800 nullius
1652 744 1835 815 plures
1859 745 2318 799 ballucinationes
2340 749 2559 799 exstant
2591 741 2775 805 hodie,
2809 750 2919 798 etc.

1112 897 1261 954 Idem
1291 899 1347 952 in
1376 899 1513 953 libro
1540 914 1594 953 v1
1622 896 1697 953 De
1719 897 2104 953 emendatione
2137 906 2465 969 temporum,
2496 915 2613 968 cap.
2649 901 2703 963 1,
2730 899 2824 955 ub
2846 900 3026 969 ﬁnem.

518 993 736 1061 Quanto
760 994 1022 1064 majorem
1047 993 1385 1066 diligentiam
1419 1009 1482 1048 ac
1501 994 1772 1063 judicium
1807 994 1865 1047 in
1891 995 2061 1047 tantis
2092 994 2227 1048 viris
2257 994 2654 1059 desideramus,
2688 1003 2843 1052 tanto
2874 997 3175 1067 impensior
3210 994 3341 1050 data
3388 999 3473 1049 est
3503 1004 3692 1062 opera,

447 1096 511 1143 ut
556 1106 670 1144 non
712 1091 1048 1161 negligenter
1080 1091 1299 1146 illorum
1341 1091 1547 1161 scripta
1576 1106 1608 1144 a
1635 1091 1799 1146 nobis
1828 1091 2097 1160 legantur.
2149 1090 2283 1145 Nam
2332 1102 2387 1146 et
2414 1092 2572 1161 longe
2620 1090 2776 1161 plura
2809 1091 3175 1163 deprehendet
3212 1090 3384 1144 lector
3417 1085 3691 1147 eruditus,

449 1182 658 1252 majore
712 1185 894 1239 studio
921 1200 1088 1255 quam
1113 1185 1325 1255 judicio
1368 1185 1439 1240 ab
1470 1185 1709 1240 Eusebio
1742 1192 1797 1241 et
1826 1187 1950 1242 aliis
1986 1186 2263 1242 veteribus
2310 1187 2559 1241 collecta.
2615 1186 2726 1242 Nos
2769 1204 2938 1242 unum
2970 1195 3183 1242 tantum
3241 1184 3536 1240 Eusebium
3580 1181 3696 1236 disc

430 1275 745 1340 'cussimus,
772 1278 918 1347 quod
945 1278 1083 1349 ipse,
1115 1286 1176 1335 ut
1207 1278 1470 1347 diximus,
1497 1280 1743 1335 omnium
1773 1280 1994 1336 illorum
2033 1288 2280 1337 veterum
2318 1282 2567 1337 clausula
2593 1288 2698 1337 est.
2727 1280 2917 1353 Itaque
2967 1297 3137 1336 unum
3185 1279 3480 1335 Eusebium
3516 1277 3693 1342 noris,

454 1383 644 1427 omnes
672 1373 845 1428 noris.

453 1528 601 1584 Idem
636 1529 875 1603 Scaliger
907 1533 964 1587 in
988 1532 1573 1591 Animadversionibus
1602 1533 1672 1590 ad
1704 1534 2036 1591 Chronicum
2064 1536 2453 1603 Eusebianum,
2479 1552 2599 1607 pag.
2630 1536 2687 1602 8,
2728 1550 2989 1605 exponens
3023 1533 3177 1588 verba
3204 1532 3302 1588 illa
3337 1532 3641 1603 Hieronymi
3671 1547 3695 1589 :

562 1666 581 1700 ι
617 1649 791 1716 Quam
822 1649 1092 1708 Eusebius
1117 1651 1282 1722 hujus
1315 1653 1567 1708 conditor
1592 1653 1742 1720 libri,
1779 1670 1890 1709 non
1916 1663 2026 1710 tam
2058 1655 2341 1725 ignorasse
2373 1661 2562 1726 utpote
2584 1652 3066 1717 eruditissimus,»
3119 1660 3254 1717 etc.,
3280 1653 3360 1706 ita
3392 1659 3544 1706 notat
3569 1668 3591 1704 :

525 1762 585 1818 Si
624 1766 1024 1823 eruditissimus
1051 1766 1334 1823 vocandus
1381 1770 1476 1840 qui
1523 1770 1694 1825 multa
1722 1770 1874 1841 legit,
1918 1786 2052 1827 sane
2080 1786 2241 1827 nemo
2275 1769 2352 1825 illi
2388 1771 2530 1826 hanc
2568 1770 2788 1827 laudem
2832 1768 3085 1824 invidere
3124 1774 3323 1838 potest.
3360 1760 3455 1821 Sin
3508 1773 3691 1821 autem

456 1855 507 1910 is
538 1855 938 1913 eruditissimus
964 1859 1347 1929 quijudicium
1375 1875 1499 1915 cum
1534 1861 1703 1915 multa
1735 1862 1971 1917 lectione
2025 1863 2342 1934 conjunxit,
2388 1863 2553 1917 alium
2604 1862 2787 1933 potius
2834 1876 2999 1934 quam
3057 1859 3348 1915 Eusebium
3390 1860 3695 1930 producere

459 1946 664 2003 debuit.

1705 2088 1901 2146 Suidas
1931 2092 1987 2145 in
2016 2107 2136 2146 voce
2159 2090 2437 2162 Διόδωρος.

520 2208 783 2279 Διόδωρος
810 2208 1075 2279 μονάζων,
1110 2211 1169 2263 ὲν
1200 2213 1313 2276 τοῖς
1344 2212 1555 2284 χρόνοις
1592 2213 1883 2268 Ἰουλιανοῦ
1930 2214 2025 2268 καὶ
2053 2220 2098 2277 Α

2090 2256 2098 2277 ι
2200 2212 2466 2268 Diodorus
2493 2210 2817 2275 monachus,
2856 2210 2949 2282 qui
2980 2210 3275 2281 episcopus
3299 2210 3402 2266 fuit
3429 2212 3584 2270 Tarsi
3633 2217 3689 2272 in

450 2300 744 2366 οὗάλεντος
767 2288 1141 2372 ὲπισδξοπήσας
1170 2304 1397 2375 Ταρσῶν
1428 2306 1526 2376 τῆς
1552 2304 1824 2368 Κιλικίας.
1850 2297 2019 2369 Οὗτος

2122 2302 2339 2369 Cilicia,
2368 2301 2708 2372 temporibus
2760 2296 2959 2355 Iuliani
2992 2315 3056 2354 ac
3090 2295 3352 2355 Valentis.
3398 2299 3499 2356 Hic
3538 2305 3689 2358 varia

450 2390 785 2462 ἔγραψεν,ὧς
800 2391 1213 2464 φησιΘεόδωρος
1240 2392 1613 2465 Ἀναγνώστης
1625 2394 1682 2447 ὲν
1695 2396 1760 2464 τῇ
1779 2394 2020 2461 Ἐκκλη-

2125 2395 2346 2464 scripsit
2400 2394 2685 2464 opuscula,
2730 2401 2791 2447 ut
2828 2392 2997 2449 refert
3043 2391 3366 2447 Theodorus
3389 2391 3585 2449 Lector
3631 2396 3688 2450 in

449 2480 734 2551 σιαστικῇ
753 2484 1005 2552 ἱστορίᾳ,
1028 2484 1258 2556 διάφορα
1277 2502 1289 2514 ·
1311 2485 1415 2537 εἰσὶ
1445 2484 1502 2537 δὲ
1548 2486 1673 2539 τάδε
1706 2488 2015 2554 Χρονικὸν,

2123 2485 2499 2541 Ecclesiastica
2539 2485 2824 2539 Historia:
2860 2486 2975 2540 haec
3029 2496 3214 2541 autem
3260 2484 3637 2541 inscribuntur
3669 2506 3684 2542 :

449 2569 825 2643 διορθούμενον
850 2572 912 2626 τὸ
935 2572 1156 2643 σφάλμα
1180 2571 1438 2625 Εὐσεϐἱου
1459 2572 1552 2626 τοῦ
1572 2573 1859 2644 Παμφίλου
1888 2573 2017 2644 περὶ

2122 2577 2458 2642 ΟΙινοηὶειιηι,
2492 2578 2549 2633 in
2569 2593 2679 2649 quo
2699 2577 2919 2633 Eusebii
2972 2576 3237 2649 Pamphili
3289 2576 3345 2632 in
3375 2576 3598 2650 digercn
3637 2582 3685 2638 is

448 2661 559 2720 τῶν
588 2661 814 2736 χρόνων.

2121 2670 2457 2741 temporibus
2471 2684 2629 2725 error
2656 2669 2977 2741 castigatur.
3371 2697 3379 2705 -
