4050 6384
404 361 472 414 99
1116 359 1383 418 EUSEBII
1417 355 1897 416 CESARIENSIS
1934 355 2086 411 OPP.
2122 356 2307 416 PARS
2342 359 2384 416 1.
2415 391 2483 404 --
2510 359 2905 418 HISTORICA.
3541 360 3642 420 im

408 624 3546 654 mm

2758 627 3618 653 Μ

744 939 1793 1156 EUSEBII
1983 799 3298 1146 PAMPHILI

1389 1369 2068 1452 ClESABIENSIS
2139 1369 2609 1451 EPISCOPI

624 1694 2192 1878 CHRONICOBUM
2279 1699 2863 1872 LIBRI
2951 1693 3401 1875 DUO

963 2153 1059 2216 (Ex
1083 2153 1205 2204 edit.
1230 2154 1361 2218 Aug.
1387 2151 1502 2217 Mn,
1529 2151 1710 2216 Script.
1736 2159 1826 2206 vet.
1853 2166 1976 2206 nova
1999 2149 2242 2214 Collectio,
2265 2156 2382 2203 tom.
2408 2150 2539 2215 VIII,
2562 2151 2745 2212 Roma,
2767 2147 2906 2210 1833,
2927 2145 3100 2214 m4.)

1697 2540 2380 2635 PRIEFATIO.

470 2823 600 2879 Post
642 2820 908 2877 inventum
952 2821 1168 2878 Eusebii
1211 2821 1607 2878 Chronicorum
1637 2820 1867 2889 priorem
1897 2817 2125 2884 librum,
2172 2833 2324 2888 quem
2367 2815 2550 2872 Latini
2587 2831 2777 2872 veteres
2817 2833 3084 2890 nunquam
3110 2817 3432 2883 habuerunt,
3465 2813 3639 2874 (ἕνα.τί

390 2915 510 2985 jam
561 2916 651 2968 diu
700 2914 1104 2980 desiderabant,
1137 2915 1376 2969 Armenii
1399 2913 1616 2985 denique
1653 2915 1767 2968 orbi
1801 2914 2178 2978 restituerunt,
2211 2913 2331 2968 duce
2369 2912 2731 2967 tantummodo
2771 2913 2929 2968 totius
2961 2913 3127 2982 operis
3156 2913 3406 2968 editiones
3437 2923 3635 2968 curata:

393 3019 552 3074 sunt,
587 3009 997 3065 Mediolanensis
1045 3012 1279 3067 videlicet
1315 3020 1469 3079 atque
1525 3008 1716 3062 Veneta
1747 3025 1764 3062 :
1794 3025 1946 3079 quas,
1989 3009 2250 3079 separatis
2302 3007 2428 3062 locis
2467 3007 2756 3078 studiisque
2805 3011 2995 3076 factte,
3027 3006 3168 3060 haud
3211 3006 3370 3061 semel
3410 3006 3543 3058 inter
3583 3021 3639 3058 se

393 3104 697 3169 dissident,
743 3117 930 3160 neutra
965 3123 1082 3160 vero
1127 3107 1201 3161 vel
1247 3106 1315 3160 ad
1357 3121 1577 3176 unguem
1631 3104 1849 3157 climata
1890 3102 1968 3156 vel
2012 3102 2242 3173 perfecta
2273 3113 2352 3158 est
2387 3120 2404 3157 :
2446 3118 2748 3173 quanquam
2778 3117 2867 3171 ego
2909 3100 3112 3154 Veneta:
3154 3099 3400 3162 editioni,
3429 3106 3638 3168 propter

396 3199 700 3254 Armeniaci
733 3209 901 3254 textus
936 3201 1309 3271 doctorumque
1338 3199 1656 3254 scitoliorum
1689 3199 1997 3252 comitatum
2018 3238 2032 3262 ,
2065 3199 2390 3267 prcecipuum
2421 3196 2667 3252 honorem
2715 3205 2897 3266 sponte
2943 3194 3140 3264 defero.
3191 3193 3320 3259 Quae
3334 3209 3451 3246 cum
3479 3193 3557 3246 ita
3583 3208 3638 3246 se

395 3293 642 3357 habeant,
666 3310 930 3364 nunquam
973 3312 1076 3350 non
1101 3296 1274 3364 optavi
1310 3295 1515 3348 tertiam
1543 3293 1753 3348 demum
1783 3293 2044 3347 adarnare
2069 3293 2348 3347 editionem
2368 3333 2382 3354 ,
2406 3310 2524 3363 qua:
2551 3294 2730 3346 omnia
2758 3291 3083 3361 superiorum
3113 3287 3248 3342 bona
3271 3288 3634 3357 conjungeret,

395 3384 594 3440 mendis
625 3386 850 3440 exclusis
880 3403 897 3439 :
922 3385 974 3438 id
1003 3386 1140 3455 quod
1171 3387 1234 3442 de
1259 3388 1432 3455 priore
1455 3389 1748 3454 prtesertim
1781 3385 1914 3440 libro
1946 3386 2145 3440 dictum
2178 3387 2282 3450 sit,
2325 3387 2418 3456 qui
2464 3386 2607 3440 unici
2650 3385 2846 3438 codicis
2885 3383 3183 3436 Armeniaci
3221 3381 3538 3434 auctoritate
3580 3386 3638 3434 et

401 3475 707 3531 Graecorum
749 3475 1165 3545 fragmentorum
1197 3475 1522 3530 adminiculo
1561 3477 1767 3530 nititur.
1799 3475 1866 3529 In
1899 3477 2188 3548 posteriore
2231 3486 2406 3528 autem
2440 3475 2570 3528 libro
2607 3477 2755 3546 longe
2786 3476 2940 3546 plura
2982 3475 3285 3544 adjumenta
3325 3477 3638 3540 suppetunt,

393 3566 579 3636 quibus
627 3568 888 3638 egregium
935 3567 1148 3623 Eusebii
1201 3585 1329 3638 opus
1377 3568 1446 3622 ad
1491 3569 1759 3623 meliorem
1812 3570 2014 3639 frugem
2070 3585 2310 3624 revocare
2365 3570 2483 3624 licet
2535 3586 2554 3624 .'
2601 3579 2724 3623 sunt
2766 3571 2902 3623 enim
2946 3570 3000 3622 in
3066 3569 3319 3623 Vaticana
3363 3563 3638 3634 Pontiﬁcis

395 3658 626 3714 Maximi
655 3659 965 3714 bibliotheca
993 3663 1299 3728 posterioris
1328 3662 1726 3716 Chronicorum
1761 3665 1884 3718 libri
1914 3669 2114 3719 codices
2145 3665 2262 3726 plus
2292 3665 2508 3736 viginti,
2533 3681 2660 3735 quos
2692 3664 2825 3718 inter
2855 3665 3055 3735 aliquot
3085 3673 3274 3718 veteres
3299 3669 3347 3715 et
3377 3669 3637 3730 praestan-

399 3757 614 3813 tissimi.
645 3755 911 3810 Praeterea
956 3773 1073 3810 cum
1106 3755 1161 3808 in
1207 3753 1592 3812 Mediolanensi
1629 3773 1692 3811 ac
1728 3757 1918 3812 Veneta
1953 3761 2108 3813 unius
2153 3768 2354 3812 tantum
2389 3759 2603 3813 Eusebii
2642 3759 2796 3813 verba
2837 3759 3232 3818 contineantur,
3277 3770 3522 3823 magnum
3554 3760 3635 3806 est

399 3850 568 3918 operis
595 3847 986 3911 detrimentum,
1020 3847 1158 3918 quod
1181 3849 1455 3916 permultis
1481 3858 1634 3920 atque
1663 3849 1936 3918 pra'claris
1964 3848 2025 3904 S.
2049 3849 2357 3921 Hieronymi
2383 3849 2754 3903 additamentis
2776 3848 2939 3903 caret.
2969 3848 3148 3918 Neque
3176 3849 3386 3915 ipsemet
3419 3843 3632 3898 Eusebii

401 3950 575 3995 textus
621 3941 674 3994 in
704 3940 972 4008 prtvdictis
1004 3939 1324 3995 editionibus
1344 3980 1358 4003 ,
1392 3957 1506 4010 qua:
1535 3956 1600 3994 ex
1632 3942 1945 3995 Armeniaca
1972 3941 2147 3997 codice
2178 3951 2432 4007 manant,
2461 3935 2655 4013 int'eger
2687 3951 2762 3997 est
2796 3955 2950 4012 atque
2996 3938 3232 3994 illibatus
3263 3955 3281 3992 :
3303 3939 3490 3992 etenim
3524 3939 3638 3991 luce

401 4033 696 4087 meridiana
735 4034 932 4086 clarius
969 4043 1079 4095 est,
1126 4050 1231 4087 non
1275 4049 1446 4103 pauca
1486 4034 1792 4088 Armenium
1831 4033 1908 4088 vel
1949 4033 2333 4090 Amanuensem
2382 4035 2460 4088 vel
2508 4036 2837 4103 interpretem
2878 4033 2942 4087 de
2982 4033 3217 4102 genuinis
3269 4029 3480 4085 Eusebii
3523 4031 3637 4099 fra-

399 4126 620 4194 gmentis
665 4127 1061 4194 pra'termisisse
1105 4141 1123 4178 :
1168 4142 1324 4195 quam
1369 4143 1478 4180 rem
1528 4124 1802 4198 Syncellus
1849 4129 2176 4195 praesertim,
2221 4137 2271 4181 et
2315 4127 2628 4182 Chronicon
2661 4127 2918 4197 paschale
2959 4125 3129 4196 (cujus
3175 4125 3532 4178 nobilissimus
3583 4124 3637 4176 in

411 4214 669 4269 Vaticana
697 4215 1008 4270 bibliotheca
1037 4217 1199 4270 codex
1234 4225 1367 4288 est),
1402 4227 1577 4288 aperte
1603 4218 1995 4281 demonstrant,
2029 4219 2092 4272 de
2120 4236 2342 4290 quorum
2383 4219 2543 4273 veluti
2573 4219 2864 4274 rivulorum
2901 4217 2964 4270 ab
3003 4215 3228 4271 Eusebio
3257 4216 3460 4286 origine
3491 4214 3638 4267 nullo

400 4309 555 4364 modo
599 4307 836 4361 dubitari
861 4319 1050 4376 potest.
1088 4308 1335 4378 Profecto
1363 4320 1577 4365 sanctus
1606 4310 1958 4381 Hieronymus
1987 4312 2227 4380 afﬁrmat
2256 4313 2309 4365 in
2351 4313 2690 4381 prtefutione,
2725 4328 2779 4365 se
2809 4319 2929 4364 ante
2973 4311 3208 4380 Trojano
3243 4318 3477 4376 tempora
3505 4308 3638 4361 nihil

398 4413 615 4465 prorsus
643 4399 869 4453 Eusebio
895 4400 1165 4458 addidisse
1194 4418 1212 4455 .'
1233 4412 1282 4454 et
1308 4411 1480 4455 tamen
1509 4401 1733 4455 Latinus
1787 4401 2181 4457 Clironicorum
2223 4412 2392 4458 textus
2427 4402 2697 4473 complura
2721 4404 2871 4457 habet
2897 4413 3017 4457 ante
3059 4402 3232 4471 Traja:
3261 4402 3635 4469 captivitatem,

399 4509 433 4547 α
461 4491 655 4548 Graecis
696 4510 831 4564 sa'pe
862 4493 1170 4564 fragmentis
1201 4496 1544 4563 conﬁrmata,
1575 4512 1690 4566 qua:
1722 4495 2065 4550 Armeniacus
2093 4499 2255 4552 codex
2278 4499 2564 4554 desiderat.
2597 4498 2726 4553 Post
2765 4498 2980 4567 Trojam
3010 4513 3209 4568 quoque
3238 4506 3446 4564 captam
3470 4496 3638 4548 multa

397 4596 520 4641 sunt
547 4587 610 4639 ab
637 4588 949 4641 Armeniaca
981 4590 1257 4655 interprete
1283 4589 1670 4656 prcctermissa,
1699 4603 1814 4657 qua:
1839 4587 2189 4659 Hieronymus
2219 4592 2437 4655 retinet,
2469 4607 2560 4644 nec
2592 4601 2764 4644 tamen
2795 4593 2929 4646 inter
2961 4590 3074 4659 ejus
3111 4591 3474 4644 additamenta
3517 4604 3638 4642 cen-

399 4695 512 4734 sere
550 4681 706 4743 licet,
738 4681 863 4750 quia
893 4697 1010 4733 cum
1045 4677 1242 4734 Grazcis
1277 4680 1587 4749 fragmentis
1623 4680 1732 4733 sine
1765 4680 1922 4734 dubio
1958 4681 2266 4736 Eusebianis
2307 4682 2637 4737 adamassim
2665 4693 2978 4753 congruunt.
3012 4682 3197 4752 Operte
3228 4684 3390 4752 igitur
3410 4683 3635 4751 pretium

402 4787 483 4826 me
522 4771 790 4841 facturum
832 4774 1069 4840 speravi,
1112 4773 1160 4826 si
1197 4773 1495 4826 universum
1530 4771 1746 4826 Eusebii
1773 4773 2069 4828 Chronicon
2104 4791 2234 4828 nava
2271 4774 2369 4828 hac
2402 4775 2629 4828 editione
2670 4776 2942 4844 integrius,
2972 4774 3299 4828 emendatius
3333 4775 3636 4843 pleniusque

401 4865 627 4935 facerem
650 4883 667 4920 :
689 4869 916 4934 priorem
946 4869 1142 4922 scilicet
1175 4868 1368 4921 librum
1400 4867 1626 4920 duarum
1654 4867 1934 4922 collatione
1961 4869 2250 4922 editionum
2269 4910 2284 4934 ,
2315 4871 2512 4924 criticis
2559 4871 2759 4940 aliquot
2802 4869 3343 4924 animaduersionibus
3367 4907 3382 4931 ,
3411 4865 3638 4932 philolo-

399 4960 514 5028 gico
552 4959 726 5013 studio
765 4976 827 5013 ac
856 4960 1134 5015 sedulitate
1164 4961 1447 5030 expolirem
1478 4969 1528 5016 et
1573 4961 1918 5031 reformarem
1956 4977 1974 5014 :
2018 4965 2359 5030 posteriorem
2405 4981 2556 5028 vero,
2590 4982 2693 5019 non
2731 4965 2900 5020 solum
2941 4965 3310 5034 prartermissis
3352 4964 3416 5016 ab
3449 4963 3636 5016 Arme-

405 5051 556 5105 niaca
607 5053 883 5121 interprete
929 5052 1240 5108 Eusebianis
1286 5054 1594 5124 fragmentis
1639 5069 1917 5122 augerem,
1969 5072 2145 5110 verum
2188 5059 2350 5111 etiam
2393 5057 2561 5114 doctis
2610 5058 2919 5129 Hieronymi
2962 5059 3232 5115 laboribus
3275 5059 3636 5120 cumularem;

403 5147 616 5216 etquod
660 5151 898 5219 apprime
938 5155 1226 5214 intererat,
1271 5159 1346 5204 tot
1389 5149 1627 5204 codicum
1659 5148 2034 5202 Vaticanorum
2067 5154 2268 5206 auxilio
2299 5153 2464 5223 fretus
2501 5171 2634 5209 nova
2680 5170 2897 5223 prorsus
2938 5155 3155 5210 lectione
3193 5155 3466 5209 donarem.
3510 5152 3658 5208 Ilae-

401 5240 663 5306 estigitur
700 5241 911 5294 consilii
939 5243 1039 5296 mei
1062 5258 1268 5296 summa
1291 5257 1308 5295 :
1334 5242 1418 5294 cui
1429 5240 1548 5308 jam
1571 5239 1708 5293 illud
1739 5238 2034 5293 addendum
2060 5252 2171 5306 est,
2196 5245 2335 5313 quod
2369 5245 2616 5300 lacunam
2649 5246 2842 5301 codicis
2875 5247 3206 5311 Armeniaci,
3243 5247 3381 5299 inter
3406 5246 3636 5316 priorem

405 5331 726 5402 alterumque
758 5335 951 5388 librum
982 5337 1304 5408 interjectam
1328 5377 1343 5401 ,
1369 5334 1424 5388 id
1456 5345 1534 5388 est
1567 5334 1841 5388 consulum
1888 5333 2292 5407 Caesarumque,
2341 5355 2460 5392 cum
2512 5339 2905 5396 decurrentibus
2951 5339 3337 5412 olympiadibus
3360 5381 3374 5402 ,
3411 5340 3632 5407 seriem,

405 5421 642 5568 ὒιέἒέεαεο
691 5424 948 5484 Chronici
996 5431 1270 5499 paschalis
1319 5430 1522 5484 auxilia
1580 5428 1886 5492 certissime,
1935 5436 1994 5480 ut
2054 5429 2304 5497 arbitror,
2355 5435 2568 5501 sustuli,
2617 5443 2667 5490 et
2728 5433 2942 5490 Eusebii
2997 5449 3126 5503 opus
3181 5432 3634 5490 absolutissimum

405 5529 434 5567 r
535 5515 630 5568 idi.

404 5515 630 5572 reddidi.

1885 5691 2142 5714 ...ι-ἰ·-
