4070 6392
421 372 524 428 105

1102 366 1370 424 EUSEBlI
1408 364 1886 423 CESARIENSIS
1922 365 2076 425 OPP.
2113 364 2298 423 PARS
2338 365 2381 421 l.
2416 396 2490 409 —
2527 367 2916 425 HISTORICA.

3556 374 3660 429 104

417 524 524 580 que
551 508 755 565 sanctis
785 506 1131 563 Hebraorum
1159 507 1356 562 litteris
1373 513 1659 564 contentas
1687 504 1982 563 Hebraicas
2013 495 2055 550 Α
2087 503 2408 572 quarumvis
2439 504 2680 575 gentium
2708 520 2885 577 neque
2912 504 3156 579 ipsorum
3190 504 3543 563 Hebraorum
3576 509 3656 582 (2)

419 600 772 669 antiquitates
812 605 974 667 atque
1003 596 1410 666 chronologiam
1452 596 1691 654 sermoni
1724 611 1844 651 meo
1891 595 1988 650 ad-

413 690 644 760 jungere
675 707 689 743 :
726 689 936 744 scilicet
973 693 1033 740 ut
1063 687 1337 756 possimus
1387 686 1632 755 apprime
1661 685 1983 756 intelligere,

416 790 620 852 quanto
643 789 883 849 tempore
906 785 1033 833 ante
1061 778 1352 833 salutarem
1381 775 1475 833 Dei
1494 776 1985 833 manifestationem

417 874 596 929 Moses
624 871 892 927 exstiterit
907 869 1005 941 (i),
1038 886 1139 925 nec
1162 885 1270 925 non
1299 868 1392 938 qui
1423 876 1545 938 post
1579 885 1701 925 eum
1734 868 1987 925 Hebraeo-

414 982 537 1023 rum
566 966 841 1036 propheta
878 963 1061 1020 divino
1081 960 1282 1034 Spiritu
1304 962 1467 1016 afﬂati
1499 962 1783 1017 vaticinati
1819 970 1980 1018 sunt:

415 1066 579 1129 atque
626 1066 688 1113 ut
716 1056 873 1111 facile
921 1070 1355 1125 cognoscamus,
1391 1052 1702 1108 Gracorum
1736 1054 1820 1109 vel
1853 1053 1986 1108 Bar-

414 1152 670 1207 barorum
703 1149 944 1219 insignes
1004 1147 1276 1210 homines,
1308 1145 1402 1215 qui
1445 1146 1499 1199 in
1534 1146 1766 1217 singulis
1807 1146 1982 1217 genti-

413 1243 517 1298 bus
540 1242 734 1297 ﬂorere
752 1228 859 1295 ivisi
885 1246 1035 1305 sunt,
1063 1254 1171 1310 quo
1196 1246 1442 1308 tempore
1468 1238 1810 1292 occurrerint
1841 1238 1984 1293 cele-

411 1335 603 1390 bribus
633 1333 739 1388 illis
768 1332 1044 1387 veteribus
1092 1330 1235 1401 apud
1267 1328 1545 1394 Hebraos,
1591 1329 1873 1399 prophetis
1899 1330 1984 1384 vi-

413 1427 626 1490 delicet,
652 1426 828 1494 iisque
859 1424 1088 1495 singulis
1115 1423 1207 1493 qui
1235 1421 1409 1478 eidem
1456 1421 1602 1491 genti
1633 1436 1756 1476 cum
1810 1421 1985 1491 impe-

413 1518 495 1572 rio
520 1517 855 1588 praefuerunt
888 1519 931 1571 '.

479 1608 534 1662 2.
563 1606 669 1663 Sed
701 1608 846 1662 enim
876 1605 988 1675 jam
1018 1604 1145 1660 inde
1194 1604 1263 1659 ab
1307 1604 1532 1660 exordio
1561 1604 1739 1674 palam
1767 1605 1997 1678 cunctis.

409 1698 589 1763 edico,
614 1713 683 1752 ne
709 1701 831 1768 quis
863 1710 1101 1765 unquam
1147 1701 1466 1764 arroganter
1484 1693 1795 1762 contendat,
1823 1695 1980 1764 quasi

412 1789 528 1843 ﬁeri
560 1786 732 1859 possit
766 1794 824 1841 ut
856 1794 1158 1856 temporum
1187 1786 1499 1842 certissima
1521 1784 1762 1856 cognitio
1791 1788 1983 1855 acqui-

2090 594 2455 649 universalem
2480 596 2889 667 cbronologiam
2913 612 3015 652 nos
3052 611 3217 669 posse
3253 599 3535 655 evidenter
3560 602 3661 656 ad-

2088 686 2319 741 discere.
2354 685 2527 742 Porro
2564 695 2744 743 autem
2792 691 3033 745 contenti
3076 690 3306 755 erimus,
3341 691 3388 746 si
3417 707 3660 761 prasens

2087 786 2277 833 noster
2322 787 2585 835 tractatus
2640 781 2709 835 ad
2752 780 2862 836 duo
2910 782 3198 839 statuenda
3255 798 3359 839 nos
3394 784 3653 853 adjuvet:

2087 884 2280 938 nempe
2301 870 2498 939 primo,
2525 879 2583 927 ut
2605 887 2765 927 nemo
2794 872 2899 929 sibi
2926 874 3252 943 persuadeat
3279 874 3444 946 (quod
3472 876 3657 931 hacte-

2086 976 2190 1016 nus
2213 976 2243 1014 a
2266 963 2592 1032 quibusdam
2620 962 2927 1017 factitatum
2978 963 3087 1035 est)
3117 963 3235 1018 fieri
3263 979 3426 1034 posse
3476 972 3534 1020 ut
3561 981 3658 1021 ac-

2086 1059 2277 1107 curata
2317 1054 2546 1108 scientia
2594 1055 2735 1107 ratio
2777 1059 3084 1124 temporum
3140 1055 3653 1124 comprehendatur,

2085 1158 2206 1214 qua
2230 1143 2473 1215 profecto
2511 1144 2864 1199 hallucinatio
2919 1151 3043 1211 est;
3077 1144 3274 1200 deinde
3320 1154 3380 1201 ut
3424 1148 3657 1218 quisque

2084 1236 2253 1306 probe
2298 1236 2455 1301 sciat,
2490 1235 2543 1291 id
2575 1235 2954 1291 tantummodo
2989 1244 3241 1292 curatum
3299 1253 3331 1292 a
3386 1240 3565 1305 nobis,
3597 1251 3658 1296 ut

2084 1328 2268 1398 aliquo
2285 1335 2444 1398 pacto
2470 1328 2693 1398 quinam
2746 1328 2818 1382 sit
2867 1328 3033 1398 hujus
3065 1332 3453 1386 controversia
3478 1340 3655 1389 status

2082 1418 2434 1489 percipiatur,
2463 1433 2533 1473 ne
2560 1433 2788 1489 prorsus
2814 1419 2867 1472 in
2892 1419 3247 1490 ambiguitate
3275 1430 3529 1479 nutemus
3553 1425 3652 1495 (5).

2152 1511 2204 1565 5.
2240 1510 2304 1564 Ει
2344 1510 2562 1565 Gracos
2594 1511 2811 1581 quidem
2844 1526 2953 1566 non
2980 1520 3066 1567 est
3094 1513 3293 1567 mirum
3336 1514 3428 1568 diu
3466 1515 3656 1570 admo-

2081 1599 2211 1654 dum
2240 1600 2387 1655 omni
2416 1601 2674 1655 memoria
2699 1600 2945 1656 caruisse
2978 1600 3055 1673 (4)
3095 1619 3108 1655 :
3151 1602 3350 1672 quippe
3369 1604 3462 1674 qui
3484 1605 3653 1660 variis

2080 1691 2350 1761 malisque
2406 1692 2747 1747 exterminiis
2811 1692 3033 1746 obnoxii
3101 1692 3353 1761 fuerunt;
3412 1696 3650 1766 diuque,

2080 1800 2273 1854 nempe
2296 1800 2467 1855 usque
2493 1785 2561 1840 ad
2586 1783 2776 1841 Cadmi
2801 1793 3034 1850 atatem,
3064 1788 3228 1843 nullis
3257 1803 3484 1858 prorsus
3510 1790 3654 1844 litte-

409 1885 582 1934 ratur.
608 1878 761 1944 Quod
777 1893 908 1934 sane
930 1878 1163 1947 quisque
1191 1877 1298 1931 sibi
1328 1877 1701 1946 persuadebit,
1733 1877 1779 1933 si
1800 1877 1978 1948 primo
2007 1865 2050 1921 Β
2079 1877 2156 1932 ris
2191 1877 2276 1933 usi
2308 1886 2434 1933 sunt
2468 1897 2480 1931 :
2514 1878 2722 1947 primus
2751 1878 2899 1933 enim
2932 1876 3135 1933 dicitur
3164 1878 3405 1935 Cadmus
3442 1880 3651 1934 littera-

409 1985 656 2026 veracem
688 1969 1005 2041 Magistrum
1044 1969 1248 2039 cogitet
1268 1967 1631 2025 familiaribus
1661 1970 1777 2025 suis
1792 1969 1979 2025 dicen.

408 2067 521 2115 tem
545 2062 586 2083 “
611 2076 624 2110 :
656 2080 675 2113 ‹
698 2058 817 2115 Non
849 2070 934 2115 est
961 2070 1200 2114 vestrum
1225 2075 1388 2115 nosse
1432 2060 1597 2116 horas
1624 2067 1678 2115 et
1708 2067 1975 2130 tempora,

409 2167 532 2223 qua
557 2150 718 2207 Pater
742 2151 927 2222 posuit
954 2152 1008 2205 in
1036 2166 1133 2207 sua
1153 2158 1436 2221 potestate.
1486 2171 1506 2203 ι
1535 2150 1748 2206 Etenim
1793 2152 1841 2205 is
1883 2150 1976 2207 Dei

409 2245 732 2314 Dominique
770 2260 922 2301 more
964 2260 1074 2299 non
1117 2243 1185 2298 de
1222 2245 1413 2298 ultima
1468 2250 1681 2298 tantum
1719 2258 1979 2299 consum-

408 2339 615 2411 ptione,
649 2337 746 2392 sed
787 2337 856 2391 de
898 2336 1114 2391 cunctis
1170 2335 1511 2406 temporibus
1548 2350 1666 2390 eam
1692 2337 1976 2405 pracisam

409 2430 735 2488 sententiam
780 2428 1076 2498 protulisse
1131 2429 1266 2483 mihi
1317 2428 1572 2495 videtur;
1611 2427 1861 2482 videlicet
1915 2435 1978 2482 ut

406 2538 503 2579 eos
531 2531 925 2592 compesceret,
958 2522 1051 2591 qui
1074 2521 1244 2576 nimis
1268 2521 1529 2576 audacter
1545 2521 1800 2575 inanibus
1828 2520 1978 2590 ejus-

406 2612 556 2668 modi
585 2610 1010 2667 scrutationibus
1069 2618 1308 2666 mentem
1359 2610 1664 2664 attendunt.
1688 2608 1894 2663 Deinde
1925 2615 1980 2664 et

407 2710 596 2760 noster
620 2701 708 2756 hic
735 2716 914 2756 sermo
941 2700 1244 2757 vehementi
1266 2700 1578 2757 testimonio
1606 2700 1850 2755 eamdem
1874 2716 1991 2755 ma-

408 2798 567 2869 gistri
606 2796 934 2853 sententiam
988 2794 1327 2864 probabilem
1363 2794 1526 2850 faciet
1558 2814 1571 2849 :
1605 2793 1863 2849 videlicet
1889 2809 1987 2850 ne-

407 2904 514 2961 que
540 2888 854 2945 Gracorum
889 2899 1066 2956 neque
1115 2883 1480 2940 Barbarorum
1531 2900 1709 2957 neque
1753 2885 1985 2940 aliarum

2084 1983 2205 2022 rum
2250 1969 2516 2023 elementa
2547 1967 2925 2024 ePhanicum
2974 1971 3197 2042 regione
3245 1971 3327 2028 eis
3384 1972 3651 2028 attulisse.

2088 2058 2230 2114 Sane
2262 2067 2317 2114 et
2369 2059 2426 2114 in
2473 2058 2716 2115 Platonis
2753 2060 2891 2115 libro
2936 2061 3062 2131 jure
3101 2065 3333 2133 castigat
3365 2062 3654 2134 [Egyptius

2082 2150 2174 2205 ille
2212 2149 2464 2205 Solonem
2491 2169 2506 2206 :
2544 2169 2563 2201 ι
2604 2149 2649 2206 Ο
2682 2150 2849 2207 Solon
2880 2155 2976 2218 “',
3007 2153 3204 2224 inquit,
3236 2153 3408 2210 Graeci
3440 2170 3656 2226 semper

2082 2239 2235 2307 pueri
2257 2238 2414 2303 estis,
2444 2254 2620 2309 neque
2642 2255 2805 2295 senex
2831 2240 3053 2298 Gracus
3079 2258 3314 2313 unquam
3339 2244 3651 2301 invenitur:

2082 2329 2313 2400 ideoque
2368 2330 2673 2400 priscorum
2727 2340 3033 2402 temporum
3073 2333 3376 2389 doctrinam
3419 2349 3579 2390 nemo
3621 2351 3654 2390 a

2080 2422 2236 2478 vobis
2287 2422 2498 2477 discere
2549 2429 2712 2491 queat
2741 2422 2885 2492 (5)...
2914 2442 2933 2475 ι
2968 2422 3139 2479 Porro
3167 2430 3220 2479 et
3271 2424 3651 2496 [Egyptiorum

2081 2514 2265 2569 multa
2295 2513 2542 2569 feruntur
2572 2514 2778 2569 insana
2807 2514 3066 2581 historia,
3101 2516 3340 2584 itemque
3368 2516 3652 2571 Chaldao-

2086 2619 2230 2659 rum.
2252 2604 2317 2658 Et
2344 2603 2562 2675 quidem
2586 2604 2638 2658 hi
2662 2606 2782 2675 plus
2804 2621 2968 2676 quam
2988 2607 3345 2679 quadraginta
3381 2622 3650 2663 annorum

2085 2693 2360 2765 myriades
2392 2694 2727 2764 temporibus
2756 2699 2870 2751 suis
2900 2696 3179 2752 continere
3224 2711 3283 2752 se
3311 2705 3502 2767 putant
3532 2695 3650 2769 (6);

2085 2786 2438 2860 JEgyptii
2467 2795 2649 2842 autem
2700 2789 2946 2854 deorum,
2982 2788 3369 2857 semideorum,
3428 2797 3653 2860 prater-

2084 2895 2259 2952 eaque
2302 2879 2543 2934 manium
2597 2889 2652 2935 et
2687 2882 2994 2936 mortalium
3025 2882 3259 2937 aliorum
3290 2898 3481 2954 regum
3511 2882 3654 2938 mul-

410 3068 963 3142 uoxﬁnplafupob‘ﬁiap
982 3062 1329 3142 latius-md);
1360 3062 1471 3131 οἷός
1497 3085 1564 3142 τε.
1585 3067 1660 3121 ὣν
1702 3068 1799 3142 (7),
1831 3066 2226 3139 ἀναλεξάμενος
2256 3068 2320 3120 ἐκ
2359 3066 2469 3119 τῶν
2499 3067 2908 3138 προειρημένων
2939 3068 3224 3140 ἱστορικῶν
3253 3067 3485 3139 ἀνδρῶν.
3521 3067 3651 3124 Haec

801 3138 946 3209 p.’6,
973 3138 1044 3209 Β,
1076 3138 1164 3193 sed
1189 3139 1520 3209 aliquantum
1547 3138 1888 3206 interpolata.

700 3209 715 3226 ἱ

405 3140 771 3232 έεέέῖυίξεειέοέ

689 3186 1670 3280 ἐξἕρι’ἐωῖἱοξέδῖἒιῖἧρἦᾶόξόξρί
1686 3186 1995 3280 attigs“,
2030 3207 2098 3260 τὰ
2141 3186 2356 3280 seu...
2398 3225 2497 3262 πον

2572 3208 2698 3282 έντα
2740 3206 3109 3282 συναγηοχὼς2
3157 3209 3250 3282 καὶ
3294 3210 3392 3282 τὴν
3438 3211 3502 3265 ἐκ
3542 3211 3650 3282 τῷν

592 3209 733 3331 Ἑέὼ
759 3208 887 3280 περὶ
918 3208 1110 3262 πολλοῦ
1138 3210 1229 3262 τὸν
1271 3208 1447 3293 ἀληθῆ
1499 3208 1656 3276 λόγον
1697 3208 1995 3292 τιβέμενος,
2030 3208 2098 3260 τὰ
2141 3208 2356 3278 ἑκάστῳ
2398 3208 2698 3332 ποντξέντα
2740 3208 3107 3279 συναγηοχὼς,
3157 3209 3250 3263 καὶ
3294 3210 3392 3282 τὴν
3438 3211 3502 3265 ἐκ
3542 3211 3650 3291 τῷν

406 3281 568 3361 ἱερωμν
584 3279 647 3361 Et
684 3278 1107 3361 )twvgspouému
1140 3277 1431 3361 Ἐὕραικὴν
1460 3278 1839 3361 ἀρχαιολογιαν
1864 3279 1959 3361 καὶ
1991 3277 2516 3361 χρονογραφίανιμετ
2575 3295 2759 3359 χειρας
2788 3278 3030 3361 θέμενολς,
3064 3277 3124 3331 τὸ
3154 3280 3378 3361 ἀκριϐὲς
3401 3282 3650 3361 ἀνδιχνευτ

407 3346 498 3404 σαι
523 3349 610 3401 διὰ
638 3346 1251 3420 σπουδῆςπρούθέμηνί
1286 3347 1361 3420 ᾡς
1392 3346 1461 3400 ἂν
1494 3346 1774 3420 εἰδείημεν
1803 3346 2281 3420 ὁῄπόσοιξπρόσρξν
2309 3346 2517 3420 χρόνοις
2546 3346 2940 3419 τ’ἧςσωτηρίου
2967 3346 3281 3420 Θεοφανείας
3314 3346 3522 3420 Μωσῆς
3555 3352 3649 3405 καὶ

405 3420 455 3472 oi
492 3419 610 3493 μετ’
637 3417 800 3493 αὑτὸν
826 3416 1540 3493 γενομενοιπροφῆτ-ᾳιητὰ
1573 3416 1699 3493 uas:
1721 3418 1883 3493 αὐτον
1914 3416 2994 3493 σὺν-θείῳΑῌνειύματι.,προσεφωνήκασι·
3027 3416 3220 3493 κ-αὶῄὡς
3247 3419 3313 3472 ἂν
3340 3416 3558 3493 ἔχοιμεν
3587 3422 3653 3475 ὲκ

405 3486 697 3561 προχείρου
723 3486 1117 3561 διαγινωσκειν,
1144 3486 1286 3561 τίσιν
1313 3486 1579 3561 Ἐλλήνων
1604 3487 1637 3558 ἢ
1673 3486 1963 3561 βαρϐάρων
1990 3489 2037 3541 οἱ
2067 3486 2435 3561 παρ’-ἑκάστῳ
2458 3486 2600 3543 ἔθνει
2624 3486 3083 3561 γενόμενοιλσοφοὶ
3118 3488 3150 3559 ἢ
3186 3486 3406 3560 ποιητάῖ
3499 3491 3654 3561 λογο-

405 3556 631 3632 γράφοι,
659 3557 753 3632 καὶ
769 3557 896 3632 ἔσο-ι
923 3556 1071 3610 ἄλλοι
1097 3558 1353 3632 γεγόνασι
1381 3556 1683 3632 ξιαφανμείςέ
1715 3556 2107 3632 συνήκμεσανξ
2128 3556 2223 3613 καὶ
2264 3556 2436 3632 ποίοις
2468 3576 2528 3632 τε
2560 3556 3191 3632 χρονοις-ᾲπεδείχϐηοζαν
3243 3556 3470 3632 πρῶταί
3492 3556 3647 3632 βασι-

405 3625 568 3701 λεῖαι,
598 3627 693 3680 καὶ
727 3625 836 3680 τῶν
869 3627 1285 3698 ἐπισημοτάτων
1329 3625 1534 3681 πόλεων
1559 3625 1904 3701 ἁνιδρύσεις.’
1935 3627 1980 3681 Ε

2082 3628 2449 3697 τΙιῖοηοθναρΙιο
2496 3625 2691 3683 inedita
2737 3625 3353 3685 bibliothec'a'Romaria:
3397 3625 3650 3686 Barberi-

408 3699 639 3752 uiarum.

1013 3837 1087 3900 σὶ,
1124 3835 1381 3912 (Ελληνεᾲ
1413 3837 1500 3889 ἀεὶ
1529 3835 1715 3899 παῖδές
1740 3835 1907 3912 ἐστε,Δ
1947 3837 2122 3910 γέρων
2151 3839 2207 3891 δὲ
2231 3835 2514 3910 ’Ἑλλήνων
2526 3835 2717 3902 οὐδεὶς,
2736 3835 2856 3890 οὐδέ
2884 3835 3000 3890 ἐστι
3028 3840 3157 3911 παρ’
3187 3839 3315 3910 ύμῖν
3343 3835 3518 3912 χρόνῳ
3554 3858 3650 3895 πο-

477 3767 567 3908 ἶ..)
603 3768 714 3837 Οὐχ
742 3765 896 3838 ὑμῶν
947 3767 1063 3820 ἐστι
1093 3764 1295 3835 γνῶναι
1325 3766 1550 3838 χρόνους
1580 3766 1620 3836 ἦ
1642 3767 1885 3838 χωροῦς’
1918 3766 1979 3820 οὒ

501 3840 587 3908 ς...)
608 3833 689 3908 το
706 3838 899 3908 Σόλωῶ
934 3837 1087 3908 φησὶ,
1124 3835 1381 3908 ’Έλληνες
1413 3837 1500 3889 ἀεὶ
1529 3837 1715 3899 παῖδές
1747 3839 1890 3908 ἐστε,
1947 3855 1980 3907 γ

2091 3766 2278 3857 Πατὴρ
2306 3767 2456 3822 ἔθετο
2483 3770 2539 3821 ὲν
2564 3766 3032 3855 ,τλίδίαὲξουσίφ
3071 3766 3150 3820 Ea:
3170 3769 3289 3856 δραι.ἰ
3320 3779 3492 3840 apost.
3524 3786 3563 3835 ι,
3593 3771 3644 3827 7.

2082 3856 2122 3891 ιν
2151 3839 2207 3891 δὲ
2265 3838 2514 3908 Ελλήνων
2526 3852 2717 3902 ουοεις,
2736 3837 2856 3890 ουδέ
2884 3840 2999 3890 ἐστι
3028 3840 3157 3908 παρ’
3187 3857 3315 3908 υμιν
3343 3841 3518 3908 χρόνῳ
3554 3858 3644 3895 πο-

501 3833 587 3909 ·’³)
620 3833 693 3890 Ὦ
704 3833 899 3901 Σόλων,
934 3853 1008 3959 φτ)

501 3925 519 3959 ν
551 3906 797 3959 μάθημα.
827 3906 912 3959 Ea:
942 3907 984 3959 Ρ

404 3905 810 3978 λιδνμᾲθημα.
827 3905 1181 3978 Εωίῌίαιοηξε
1205 3905 1426 3978 Timaeo,
1450 3922 1553 3978 non
1579 3907 1761 3975 procul
1786 3908 1962 3963 initio.

477 3975 611 4064 (Μ’)
639 3975 939 4064 Ιξῦσέβιοςὸ
953 3976 1250 4064 Παμφίλου
1257 3975 1519 4064 μνησρςις
1541 3977 1600 4064 ἦν
1617 3980 1754 4064 ’τοῖς
1775 3976 2081 4064 ἔροζεκοῒς
2096 3976 2280 4064 αύτρῢ,
2307 3977 2471 4064 φησιν
2500 3978 2690 4063 οὕτως·
2716 3975 3071 4064 Αίχύπτιοιδὲ
3095 3977 3238 4064 ρειῦν
3261 3981 3360 4064 καὶ
3385 3980 3645 4064 ήιμιθξων,

534 4045 914 4122 παρὰ-τούτοις
948 4046 1153 4100 νεκύων
1185 4045 1280 4099 καὶ
1307 4045 1516 4116 θνητῶν
1548 4045 1749 4117 ἑτέρων
1773 4045 2035 4117 βασιλέων
2062 4047 2261 4120 πολλὴν
2290 4045 2384 4102 ut
2413 4049 2650 4121 φλύαρον
2680 4045 2984 4121 συνείρουσι
3018 4047 3361 4118 μυθολογίαν.
3400 4045 3485 4104 Ea:
3511 4049 3651 4122 Syn-

407 4116 558 4182 cello,
588 4116 643 4186 ρ.
672 4117 763 4182 40,
801 4116 868 4169 D.

406 4269 550 4323 latus
578 4268 731 4323 initia
762 4286 772 4319 :
797 4268 871 4321 Τὸ
902 4267 1130 4322 παλαιὸν
1172 4268 1281 4338 προ
1323 4267 1514 4338 πέντε
1542 4267 1636 4321 καὶ
1666 4268 1837 4321 εἴκοσι
1882 4267 1977 4322 καὶ

403 4338 727 4461 τριακοσίων
759 4338 894 4390 ὲτῶν
923 4338 1030 4391 τῶν
1062 4336 1347 4408 Τρωῖκῶν,
1378 4336 1631 4408 βασιλέας
1664 4339 1798 4407 φασὶ
1825 4338 1979 4406 γενέ-

407 4427 440 4462 σ
476 4426 532 4463 αι
573 4407 790 4479 Ῥώμης
827 4408 918 4461 τὸν
958 4407 1187 4479 ὰριθμρν
1218 4409 1380 4479 πλέον
1406 4407 1464 4479 ἢῌ
1480 4405 1542 4459 λ”
1577 4409 1670 4478 ἐτη
1694 4407 1752 4460 δὲ
1783 4408 1978 4479 αὐτοὺς

405 4478 682 4560 κατάρξαι
709 4476 887 4571 χίλέὶα·
950 4476 1109 4571 perdt);
1124 4477 1397 4562 8é~ta§~ca
1429 4476 1638 4571 bit-gon
1660 4476 1669 4478 ἡ
1691 4478 1978 4571 προειστήῑ
2007 4514 2048 4571 C

406 4546 596 4619 κεισαν
622 4546 741 4619 τῆς
770 4546 1052 4619 Ῥωμαίων
1077 4546 1279 4619 ἀρχῆς·
1303 4547 1493 4619 ἔπειτα
1521 4547 1581 4619 δή
1592 4546 1903 4619 μαρχοιλκαὶ
1931 4546 1979 4601 οἱ

404 4611 752 4689 δικτάτωρες,
784 4611 894 4670 καῖ
912 4617 1071 4689 πάλιν
1109 4611 1308 4689 ὕπατοι
1332 4618 1423 4669 ἐπὶ
1450 4611 1639 4689 χρόνον
1650 4611 1681 4689 ς’
1706 4611 1807 4689 καῖ
1832 4611 1978 4689 οὗτοι

405 4686 481 4754 υξ¹
504 4687 600 4759 (α)’
642 4683 798 4759 αὖθις
821 4689 877 4740 δὲ
921 4688 1078 4759 Γᾴῖος
1111 4686 1418 4759 καταλύσας
1451 4683 1564 4759 τὴν
1604 4686 1711 4740 τῶν
1759 4687 1978 4740 ὑπάτων

403 4755 577 4829 ἀρχὴν
605 4757 945 4828 ὲμονάρχησε
971 4757 1277 4828 Ῥωμαίων,
1306 4774 1359 4809 κ.
1388 4773 1438 4808 τ.
1472 4755 1520 4808 λ.

403 4886 544 4952 Hinc
566 4911 785 4962 manus,
807 4896 1110 4951 imbecilles.
1142 4895 1270 4952 Hac
1306 4897 1415 4952 duo
1440 4898 1703 4952 vocabula
1726 4905 1976 4967 poterant

402 4967 569 5039 etiam
597 4967 865 5039 converti_
906 4968 1073 5039 (quod
1122 4970 1177 5021 in
1226 4968 1523 5037 specimine
1558 4969 1685 5039 olim
1718 4970 1967 5039 fecimus)

403 5036 585 5091 Persa
612 5046 675 5109 et
697 5053 798 5090 non
825 5034 1005 5109 Persae
1036 5034 1394 5108 (nempe'alia:
1416 5039 1631 5109 gentes).
1651 5037 1810 5109 Certe
1830 5034 1968 5092 antiL

402 5108 591 5175 quitus
638 5106 817 5178 Persa:
845 5106 1166 5161 dicebantur
1186 5106 1261 5163 ab
1294 5106 1568 5178 Armeniis
1600 5106 1729 5162 mm
1755 5125 1819 5163 ex
1843 5124 1970 5178 pro-

403 5178 584 5247 vincia
615 5177 849 5247 maxima
885 5178 1035 5239 Aria,
1063 5178 1130 5231 de
1163 5193 1268 5247 qua
1293 5178 1415 5233 vide
1440 5177 1607 5233 Mosis
1656 5177 1970 5234 Chorenen-

404 5247 483 5301 sis
499 5246 901 5318 Geogrgphiam,
916 5262 1035 5318 cap.
1054 5247 1140 5301 91.
1160 5246 1233 5301 Ita
1246 5264 1342 5303 eos
1365 5250 1596 5318 appellat
1613 5248 1753 5301 idem
1765 5249 1970 5304 Chore-

404 5318 612 5391 nensis,
636 5316 788 5391 _Ilist.
817 5317 991 5391 11140,
1022 5317 1106 5383 71,
1133 5318 1222 5382 81,
1252 5334 1352 5373 nec
1378 5316 1487 5372 non
1514 5318 1740 5373 Elisaus
1765 5320 1967 5391 aliique

402 5386 686 5451 historici;
720 5402 821 5439 non
850 5387 1043 5442 Persas
1073 5397 1254 5442 autem
1277 5404 1493 5443 ausum.

473 5456 550 5527 (l)
602 5455 805 5527 Nempe
853 5456 1120 5513 Eusebius
1159 5460 1244 5514 vel
1298 5460 1532 5513 maxime
1561 5465 1737 5523 curat,
1788 5466 1848 5513 ut
1874 5474 1967 5514 ve-

402 5523 662 5582 tuStatem
687 5523 932 5583 Iudaica
971 5530 1168 5599 gentis,
1202 5545 1451 5600 veraque
1485 5531 1622 5584 adeo
1666 5529 1964 5601 religionis,

2084 4272 2189 4326 hoc
2244 4287 2410 4343 opere
2464 4273 2938 4346 ostendatzgquod
2992 4274 3234 4331 studium
3270 4275 3324 4329 in
3376 4278 3648 4346 prommio

2084 4358 2301 4412 quoque
2358 4345 2679 4413 posterioris
2738 4344 3134 4400 Chronicorum
3192 4344 3464 4401 canonum
3525 4349 3648 4403 libri

2085 4423 2270 4481 aperte
2292 4414 2492 4481 prodit.
2530 4413 2585 4468 ld
2618 4421 2798 4470 autem
2833 4416 2926 4469 diu
2949 4424 3075 4470 ante
3110 4415 3401 4471 Eusebium
3433 4417 3650 4471 factita-

2086 4484 2543 4556 veratJosepbus
2574 4485 2631 4556 in
2682 4484 3097 4556 Antiquitatibus
3141 4485 3382 4541 Judaicis
3415 4497 3469 4543 et
3498 4489 3554 4543 in
3584 4489 3648 4541 li-

2080 4551 2196 4605 bris
2225 4551 2486 4609 Adversus
2510 4554 2782 4620 Apionem.

2153 4622 2229 4693 (2)
2258 4621 2357 4697 ilic
2385 4624 2536 4697 locus
2563 4627 2618 4697 in
2655 4623 2979 4680 Armeniaca
3008 4623 3458 4694 interpretatione
3486 4628 3649 4697 paulo

2081 4692 2367 4763 obscurior
2399 4694 2766 4763 incertiorque
2794 4703 2900 4750 est.

2151 4762 2227 4832 (5)
2267 4760 2523 4835 Eamdem
2550 4760 3009 4835 fere'modestiam
3034 4781 3146 4835 pra
3166 4782 3228 4822 se
3247 4765 3355 4821 fert
3378 4763 3648 4820 Eusebius

2078 4830 2241 4886 etiam
2269 4832 2326 4885 in
2357 4830 2730 4887 Ecclesiastica
2759 4833 2983 4888 historia
3013 4830 3053 4888 ιζ
3080 4837 3133 4891 l.

2149 4901 2225 4971 (4)
2268 4900 2466 4974 Eadem
2491 4903 2763 4974 sententia
2788 4912 2882 4974 est
2902 4904 3145 4974 Josephi,
3178 4905 3377 4959 Contra
3403 4904 3506 4973 Ap.
3526 4920 3565 4968 ι,
3582 4904 3647 4957 2-

2075 4970 2129 5039 4,
2152 4970 2503 5042 quo_Josephi
2531 4973 2648 5027 loco
2670 4974 2842 5028 utitur
2875 4970 3141 5030 Eusebius
3162 4975 3337 5042 Prwp.
3379 4970 3480 5039 ev.)
3516 4990 3572 5037 ι,
3592 4974 3647 5029 7.

2151 5043 2228 5110 (5)
2266 5039 2436 5095 Paulo
2467 5043 2624 5098 aliter
2651 5059 2709 5098 se
2743 5043 2903 5099 habet
2933 5043 3107 5098 Graeci
3141 5039 3321 5099 textus
3355 5045 3649 5110 sententia,

2073 5111 2219 5182 quod
2249 5118 2305 5182 et
2330 5111 2397 5166 de
2423 5113 2544 5182 aliis
2573 5113 2780 5182 aliquot
2808 5114 2945 5169 locis
2980 5115 3183 5169 dictum
3208 5124 3346 5170 esto.

2143 5181 2220 5253 (6)
2260 5179 2387 5235 Hac
2430 5179 2854 5254 Babyloriorium
2884 5193 3209 5240 'commenta
3264 5185 3467 5239 diserte
3518 5198 3653 5239 con-

2074 5250 2293 5306 demnat
2322 5262 2416 5322 aut
2454 5250 2700 5309 stultitia
2728 5262 2820 5306 aut
2866 5255 3127 5310 vanitatis
3175 5263 3267 5308 aut
3305 5254 3653 5322 impudentia

2073 5322 2287 5393 Cicero,
2316 5321 2393 5375 De
2440 5322 2602 5379 divin.
2650 5340 2689 5389 ι,
2737 5323 2833 5390 19,
2878 5325 3037 5393 cujus
3085 5321 3396 5380 auctoritas
3429 5325 3654 5379 minime

2069 5392 2422 5467 prajudicata
2456 5394 2629 5467 instar
2660 5394 2904 5467 omnium
2934 5392 3025 5450 sit.
3056 5394 3187 5451 Item
3218 5397 3430 5467 legatur
3452 5394 3656 5449 Diodo-

2071 5460 2166 5518 rus
2198 5460 2436 5527 Siculus,
2457 5462 2598 5519 Hist.
2630 5481 2691 5525 ιι,
2716 5465 2804 5519 51.

2144 5532 2223 5603 (7)
2254 5529 2478 5605 Corrige
2502 5534 2578 5599 ὡς
2600 5530 2709 5589 οἷόν
2743 5551 2800 5586 τε

464 5704 552 5780 (a)
570 5706 687 5780 Hac
707 5720 906 5773 quoque
932 5720 1168 5760 annorum
1199 5724 1345 5762 cccnx
1388 5713 1669 5775 supputatio
1691 5725 1717 5765 a
1748 5712 1920 5775 primis
1945 5710 2226 5764 consulibus
2265 5712 2327 5763 ad
2368 5713 2489 5765 Julii
2526 5692 2852 5779 principatum
2882 5714 3038 5779 probe
3071 5715 3303 5780 congruit
3326 5729 3434 5769 cum
3458 5712 3663 5769 Eusebii

348 5802 351 5807 -
401 5767 614 5823 Canone.
