4070 6392
393 358 495 415 117

390 485 424 526 a
455 469 569 526 ﬁlio
598 468 718 540 ejus
737 468 1100 526 Chomasbelo
1132 467 1210 540 (1)
1242 469 1391 526 neris
1421 476 1662 540 quatuor
1690 486 1813 527 cum
1844 487 1966 527 sos-
1994 482 2042 536 Α

390 565 469 620 sis
491 561 753 634 quinque.
781 563 826 617 A
852 560 1118 617 Xisuthro
1157 569 1216 616 et
1259 576 1292 616 a
1332 561 1568 628 diluvio,
1615 561 1791 619 donec
1821 563 1963 621 Medi

389 655 717 727 Babylonem
745 663 1106 726 occuparunt,
1139 669 1408 710 summam
1441 669 1633 726 regum
1681 671 1777 712 sex
1794 672 1962 728 supra

389 745 666 817 octoginta
723 752 983 816 supputat
1015 743 1347 817 Polyhistor,
1385 746 1745 819 singulosque
1781 749 1967 803 nomi-

332 854 336 857 '
388 839 560 895 natim
591 855 623 894 e
645 837 831 894 Berosi
853 839 993 894 libro
1014 848 1280 894 recenset.
1303 837 1382 893 Ex
1415 839 1612 895 horum
1641 849 1821 897 autem
1841 857 1964 897 om-

388 932 538 986 nium
563 931 815 986 aetatibus
837 937 950 986 tres
969 931 1240 1002 myriades
1259 945 1531 985 annorum
1565 932 1804 999 conﬁcit,
1824 949 1964 1004 prae-

387 1028 645 1092 tereaque
682 1037 858 1076 annos
884 1028 967 1075 ter
1005 1021 1156 1076 mille
1180 1029 1242 1084 et,
1264 1037 1434 1078 unum
1465 1038 1632 1093 supra
1666 1025 1964 1095 nonaginta

390 1113 488 1187 (2).
519 1112 650 1170 Post
693 1112 817 1177 hos,
855 1113 950 1183 qui
976 1111 1333 1169 successione
1362 1113 1694 1171 inconcussa
1734 1131 1964 1186 regnum

386 1205 758 1273 obtinuerant,
791 1207 1088 1276 derepente
1145 1203 1332 1260 Medos
1374 1205 1622 1261 collectis
1657 1206 1832 1276 copiis
1860 1205 1962 1260 Ba-

387 1298 641 1370 bylonem
678 1300 893 1368 cepisse
925 1300 1022 1364 ait,
1053 1297 1242 1368 ibique
1276 1297 1344 1354 de
1368 1297 1485 1353 suis
1515 1304 1781 1370 tyrannos
1828 1313 1963 1354 con-

387 1391 654 1449 stituisse.
690 1389 830 1446 Hinc
856 1392 1078 1446 nomina
1109 1405 1327 1461 quoque
1360 1397 1724 1461 tyrannorum
1774 1389 1962 1446 Medo-

389 1498 511 1539 rum
534 1482 789 1556 edisserit
810 1489 957 1545 octo,
990 1496 1275 1551 annosque
1292 1495 1480 1536 eorum
1510 1480 1700 1551 viginti
1729 1489 1966 1552 quatuor

388 1587 556 1644 supra
582 1571 853 1628 ducentos
890 1573 1005 1643 (5):
1035 1587 1103 1627 ac
1135 1587 1332 1627 rursus
1379 1571 1632 1628 undecim
1687 1588 1881 1645 reges,
1911 1581 1966 1629 et

385 1679 560 1720 annos
587 1671 713 1719 octo
738 1677 906 1733 supra
927 1661 1290 1734 quadraginta
1313 1663 1424 1735 (4):
1458 1672 1572 1719 tum
1595 1672 1651 1721 et
1678 1663 1965 1720 Chaldznos

384 1771 544 1827 reges
571 1755 934 1827 quadraginta
985 1770 1202 1822 novem,
1237 1770 1518 1827 annosque
1532 1757 1964 1828 quadringentos

1630 354 2129 417 CHRONICORUM
2169 364 2297 419 LIB.
2334 364 2378 420 Ι.

3539 383 3640 441 HS

2067 584 2320 666 Ejusdem
2360 589 2654 644 Alexandri
2683 590 2748 644 de
2772 590 3137 666 senecltert'mo
3166 595 3330 666 deque
3357 596 3403 649 Ν
3411 599 3644 655 abucho-

2064 695 2100 729 ι
2137 655 2398 738 donosoro
2437 675 2718 730 eorumque
2750 661 2902 718 rebus
2947 667 3107 733 gestis
3142 675 3191 719 et
3228 655 3458 722 strenuis
3504 670 3650 738 [aci-

2063 728 2088 797 έ
2135 728 2370 784 naribus.

2136 839 2189 893 1.
2230 838 2525 912 Postquam
2569 858 2742 914 regno
2797 842 3092 902 defunctus
3130 855 3215 902 est
3262 831 3643 905 Senecherimi

2067 928 2261 996 frater,
2293 941 2347 986 et
2370 941 2494 1003 post
2517 931 2732 1005 Hagisae
2754 935 2810 990 in
2837 935 3166 1009 Babylonios
3183 939 3638 1003 dominationem,

2065 1021 2158 1091 qui
2191 1022 2410 1092 quidem
2461 1025 2705 1080 nondum
2739 1027 2956 1098 expleto
2986 1028 3268 1098 trigesimo
3310 1032 3524 1103 imperii
3556 1032 3642 1088 die

2065 1128 2097 1167 a
2132 1113 2464 1171 Marudac‘ho
2508 1115 2748 1174 Baldane
2802 1120 3165 1192 interemptus
3209 1131 3330 1191 est;
3383 1124 3642 1194 Mat-uda-

2066 1203 2206 1259 chus
2243 1203 2358 1274 ipse
2405 1203 2678 1262 Baldanes
2711 1208 3056 1279 tyrannidem
3103 1208 3306 1266 invasit
3354 1213 3638 1270 mensibus

2067 1308 2161 1348 sex
2194 1311 2208 1360 ;
2257 1294 2431 1350 donec
2459 1310 2584 1349 eum
2640 1297 2864 1354 sustulit
2892 1298 2977 1352 vir
3005 1298 3229 1369 quidam
3270 1303 3494 1358 nomine
3524 1303 3638 1358 Eli-

2065 1384 2199 1451 bus,
2247 1386 2340 1456 qui
2383 1393 2438 1441 et
2476 1387 2533 1442 in
2573 1403 2802 1460 regnum
2854 1393 3142 1449 successit.
3196 1392 3313 1450 Hoc
3358 1403 3638 1466 postremo

2066 1477 2282 1533 tertium
2311 1477 2425 1547 jam
2484 1493 2686 1534 annum
2739 1489 3032 1552 regnante,
3090 1481 3507 1543 Senecherimus
3541 1503 3638 1543 rex

2065 1567 2413 1640 Assyriorum
2445 1570 2631 1640 copias
2661 1571 2951 1629 adversum
2987 1571 3320 1647 Babylonios
3348 1578 3638 1634 contrahe-

2067 1662 2180 1726 bat,
2214 1661 2510 1732 praelioque
2557 1677 2680 1716 cum
2720 1663 2790 1718 iis
2819 1673 3097 1733 conserto,
3152 1667 3406 1738 superior
3435 1670 3638 1724 evade-

2064 1752 2158 1808 bat
2194 1774 2205 1808 :
2243 1762 2572 1825 captumque
2610 1753 2828 1810 Elibum
2876 1771 3002 1810 cum
3035 1755 3398 1816 familiaribus
3430 1761 3552 1833 ejus
3579 1761 3636 1817 in

385 1854 441 1904 et
461 1856 587 1903 octo
607 1861 775 1917 supra
809 1841 1203 1917 quinquaginta
1235 1864 1249 1900 :
1287 1853 1474 1916 postea
1509 1854 1563 1902 et
1583 1845 1793 1905 Arabes
1816 1853 1834 1871 '
1865 1863 1965 1903 no-
1995 1862 2038 1917 Β
2064 1845 2342 1915 Assyriam
2356 1845 2641 1902 transferri
2661 1845 2908 1916 jubebat.
2939 1847 2990 1904 Is
3010 1848 3193 1919 igitur,
3213 1849 3636 1923 Babyloniorum

385 1953 508 1995 νοω
542 1954 720 2010 reges,
756 1952 1041 2008 annosque
1085 1935 1355 1993 ducentos
1389 1937 1754 2009 quadraginta
1808 1939 1965 2010 quin-

385 2046 512 2102 que.
548 2029 758 2086 Horum
819 2044 1090 2084 annorum
1133 2029 1456 2086 recensione
1516 2031 1842 2101 perscripta,
1896 2031 1964 2086 de

386 2121 746 2180 Semiramide
771 2135 991 2191 quoque
1021 2127 1212 2175 narrat
1232 2135 1354 2191 qua:
1383 2121 1674 2191 imperavit
1695 2122 1960 2194 Assyriis.

382 2214 735 2284 Rursumque
755 2213 1011 2270 distincte
1036 2212 1329 2268 admodum
1363 2214 1586 2268 nomina
1615 2229 1806 2285 regum
1828 2230 1965 2285 qua-

383 2303 634 2375 draginta
683 2303 930 2374 quinque
958 2310 1245 2358 enumerat
1292 2342 1307 2368 ,
1339 2303 1516 2376 iisque
1548 2319 1723 2362 annos
1771 2307 1965 2362 tribuit

380 2395 575 2466 viginti
595 2410 691 2451 sex
717 2409 884 2466 supra
909 2395 1254 2466 quingentos.
1289 2394 1422 2451 Post
1445 2396 1547 2452 hos
1575 2396 1652 2450 ait
1685 2398 1965 2455 exstitisse

382 2488 764 2547 Chaldaeorum
795 2503 1006 2559 regem,
1041 2488 1131 2542 cui
1152 2503 1351 2543 nomen
1379 2485 1589 2543 Phulus
1607 2495 1724 2542 erat
1749 2507 1764 2544 :
1800 2505 1962 2559 quem

383 2579 735 2636 Hebraeorum
750 2592 970 2648 quoque
982 2577 1210 2631 historia
1227 2583 1521 2641 memorat,
1549 2592 1820 2647 quemque
1833 2577 1963 2633 item

381 2669 619 2729 Pbulum
657 2670 893 2741 appellat
918 2668 1014 2740 (5).
1048 2667 1147 2723 llic
1169 2665 1412 2722 Judazam
1443 2669 1715 2726 invasisse
1741 2668 1960 2726 dicitur.

384 2761 591 2819 Deinde
615 2760 930 2832 Polyhistor
958 2758 1406 2815 Senecherimum
1437 2758 1513 2833 (6)
1534 2777 1702 2833 regno
1729 2765 1964 2833 potitum

381 2871 510 2912 esse
533 2855 607 2910 ait
637 2872 653 2912 :
685 2869 850 2927 quem
871 2852 1092 2925 quidem
1108 2853 1460 2908 Hebraeorum
1483 2854 1607 2908 libri
1641 2864 1961 2926 regnantem

383 2947 632 3005 referunt
673 2946 977 3017 imperante
1029 2943 1264 3000 Ezechia
1312 2951 1367 3000 et
1410 2945 1774 3016 prophetante
1823 2947 1963 3005 lsaia

384 3040 488 3111 (εἴ).
519 3037 612 3092 Ait
639 3045 816 3091 autem
849 3036 1052 3090 diserte
1071 3035 1287 3090 divinus
1311 3035 1447 3090 liber
1464 3035 1563 3106 (8):
1593 3053 1613 3089 ι
1634 3052 1780 3092 anno
1797 3054 1966 3108 quar-

382 3131 657 3190 todecimo
686 3130 934 3186 Ezechiae
982 3130 1130 3199 regis
1160 3129 1480 3185 ascendisse
1515 3128 1962 3188 Senecherimum

2067 1940 2296 2009 potitus,
2335 1941 2503 1996 ﬁlium
2554 1957 2712 1997 suum
2746 1941 3084 1998 Asordanem
3111 1943 3193 1998 eis
3229 1959 3410 2015 regem
3458 1945 3639 2017 impo-

2065 2031 2279 2097 nebat,
2327 2032 2442 2102 ipse
2504 2042 2682 2088 autem
2729 2032 2784 2086 in
2826 2032 3108 2105 Assyriam
3175 2035 3409 2090 reditum
3459 2046 3638 2092 matu-

2066 2120 2247 2176 rabat.
2319 2120 2440 2175 Mox
2514 2137 2638 2176 cum
2694 2121 2763 2175 ad
2817 2122 2939 2192 ejus
3007 2137 3168 2179 aures
3239 2139 3430 2179 rumor
3491 2133 3641 2182 esset

2065 2209 2328 2280 perlatus,
2354 2209 2574 2266 Graecos
2603 2210 2659 2265 in
2683 2209 2930 2266 Ciliciam
2971 2212 3180 2268 coactis
3211 2215 3384 2284 copiis
3437 2215 3643 2272 bellum

2067 2301 2437 2366 transtulisse,
2473 2316 2568 2357 eos
2591 2301 2844 2372 protinus
2865 2318 3160 2374 aggressus
3204 2312 3312 2372 est,
3347 2307 3644 2378 praelioque

2065 2395 2220 2461 inito,
2250 2396 2435 2452 multis
2468 2411 2695 2451 suorum
2743 2396 2985 2462 amissis,
3038 2394 3226 2452 hostes
3282 2397 3640 2455 nihilominus

2065 2487 2373 2558 proﬂigavit
2403 2507 2416 2542 :
2452 2503 2716 2558 suamque
2745 2487 3060 2558 imaginem,
3111 2493 3172 2539 ut
3200 2493 3346 2542 esset
3395 2489 3642 2546 victoria:

2064 2586 2501 2645 monumentum,
2526 2595 2592 2635 eo
2612 2579 2734 2634 loco
2768 2586 3009 2634 erectam
3039 2577 3260 2647 reliquit
3294 2596 3308 2632 :
3361 2567 3451 2632 cui
3477 2579 3641 2634 Chal-

2064 2669 2240 2727 daicis
2279 2670 2478 2727 litteris
2512 2685 2604 2728 res
2635 2685 2668 2725 a
2697 2686 2756 2725 se
2786 2677 2967 2740 gestas
2999 2668 3234 2740 insculpi
3263 2670 3539 2725 mandavit
3571 2672 3640 2728 ad

2064 2761 2383 2816 memoriam
2433 2769 2738 2832 temporum
2787 2760 3194 2831 sempiternam.
3233 2759 3470 2817 Tarsum
3497 2779 3637 2833 quo-

2064 2869 2171 2924 que
2200 2854 2393 2910 urbem
2428 2855 2494 2908 ab
2523 2868 2588 2910 eo
2615 2859 2881 2908 structam
2909 2853 2986 2907 ait
3006 2853 3074 2907 ad
3115 2853 3409 2925 Babylonis
3449 2870 3638 2911 exem-

2065 2946 2203 3015 plar,
2234 2944 2519 3016 eidemque
2543 2958 2742 2999 nomen
2777 2943 3010 2999 inditum
3044 2943 3301 3001 Tharsin.
3325 2943 3445 2999 Jam
3470 2957 3523 3002 et
3551 2963 3640 3002 re-

2067 3038 2231 3107 liquis
2263 3035 2637 3092 Senecherimi
2684 3035 2854 3106 gestis
2903 3035 3260 3106 perscriptis,
3297 3035 3482 3091 subdit
3510 3053 3637 3093 eum

2068 3129 2228 3184 annis
2269 3128 2474 3184 vixisse
2513 3135 2816 3198 regnantem
2861 3127 3191 3193 octodecim,
3239 3127 3412 3184 donec
3458 3129 3634 3186 eidem

382 3223 454 3280 ad
488 3225 652 3280 urbes
678 3221 875 3278 Iudaea:
924 3223 1188 3286 munitas,
1229 3237 1430 3292 easque
1451 3223 1682 3292 cepisse.
1703 3241 1721 3275 ι
1787 3221 1957 3294 Cujus
1985 3245 2028 3304 ο
2061 3220 2284 3310 structis
2314 3235 2346 3273 a
2375 3221 2487 3274 ﬁlio
2512 3219 2893 3275 Ardumuzane
2926 3219 3038 3290 (12)
3083 3219 3300 3277 insidiis
3329 3222 3636 3278 exstinctus

381 3317 464 3374 rei
488 3325 711 3388 peracta
733 3314 965 3371 historia
990 3355 1005 3380 ,
1043 3313 1265 3369 subdit:
1304 3311 1404 3366 «Et
1433 3314 1683 3383 regnavit
1715 3311 1959 3368 Asorda-

381 3425 485 3467 nes
509 3409 655 3464 ﬁlius
687 3408 807 3477 ejus
828 3421 928 3477 pro
960 3419 1026 3460 eo
1060 3403 1158 3476 (9).
1191 3423 1212 3454 ι
1262 3403 1590 3474 Rursusque
1623 3419 1961 3475 pergens,¢ea

380 3508 708 3571 tempestate
724 3499 800 3553 ait
814 3505 1108 3569 aegrotasse
1123 3495 1408 3551 Ezechiam
1435 3495 1572 3567 (10).
1595 3517 1614 3550 ι
1643 3494 1780 3551 Tum
1798 3497 1962 3552 etiam

379 3591 906 3650 ordinatimteodem
957 3597 1204 3657 tempore
1237 3586 1631 3642 Marudachum
1666 3586 1962 3643 Baldanem

379 3684 807 3756 Babyloniorum
841 3697 1022 3752 regem
1055 3682 1278 3737 misisse
1329 3687 1580 3734 oratores
1611 3693 1735 3732 cum
1765 3679 1963 3734 litteris

379 3785 438 3834 et
464 3776 788 3831 muneribus
813 3775 882 3830 ad
906 3773 1194 3828 Ezechiam
1227 3771 1362 3842 (11).
1393 3791 1413 3824 ι
1446 3769 1576 3826 Haec
1605 3771 1827 3824 tradunt
1851 3771 1960 3826 He-

379 3868 658 3923 bmorum
712 3865 1028 3935 Scripturre.
1085 3863 1155 3918 Et
1210 3863 1432 3934 quidem
1487 3861 1958 3928 Senecherimum,

382 3973 514 4015 cum
543 3959 666 4027 ejus
707 3957 819 4011 ﬁlio
852 3957 1138 4012 Asordane
1181 3970 1284 4010 nec
1315 3969 1426 4008 non
1472 3951 1807 4007 Marudacho
1835 3951 1961 4006 Bal-

384 4048 549 4116 dane,
573 4048 952 4102 Cbaldmorum
993 4061 1210 4116 quoque
1244 4041 1720 4112 historiographus
1754 4055 1960 4096 memo-

385 4149 474 4196 rat
508 4155 524 4192 :
561 4155 686 4195 cum
740 4138 942 4209 quibus
973 4138 1138 4191 etiam
1192 4133 1824 4200 Nabuchodonosorum,
1879 4132 1959 4187 uti

385 4249 518 4290 mox
541 4233 772 4288 dicetur.
802 4230 916 4287 Hac
944 4237 1124 4285 autem
1151 4229 1362 4283 ratione
1391 4227 1458 4281 de
1495 4227 1565 4281 iis
1600 4227 1814 4282 scribit.

2067 3309 2171 3367 est.
2201 3310 2328 3365 Hec
2353 3309 2684 3382 Polyhistor.

2136 3403 2190 3456 2.
2226 3401 2370 3459 Sane
2400 3403 2560 3458 etiam
2582 3415 2826 3473 tempora
2844 3417 2967 3457 cum
2991 3405 3305 3460 narratione
3329 3405 3635 3461 divinorum

2068 3493 2330 3548 librorum
2380 3499 2710 3563 congruunt.
2744 3491 2860 3548 Sub
2898 3493 3130 3548 Ezecbia
3162 3494 3307 3548 enim
3373 3491 3640 3552 Seneche-

2070 3585 2243 3640 rimus
2272 3585 2538 3657 regnavit,
2567 3585 2645 3639 uti
2675 3583 2985 3656 Polyhistor
3033 3586 3238 3651 innuit,
3269 3587 3429 3641 annis
3481 3597 3632 3642 octo-

2068 3672 2246 3728 decim
2283 3692 2295 3727 :
2333 3680 2456 3744 post
2479 3689 2639 3744 quem
2679 3675 2924 3745 ejusdem
2968 3675 3113 3731 ﬁlius
3141 3678 3301 3732 annis
3327 3683 3486 3732 octo:
3521 3685 3634 3732 tum

2068 3765 2227 3820 annis
2256 3765 2447 3831 viginti
2473 3773 2526 3821 et
2549 3781 2660 3820 uno
2679 3766 2941 3837 Samuges
2967 3808 2982 3834 ,
3018 3769 3255 3839 itemque
3286 3767 3450 3839 hujus
3469 3768 3633 3826 frater

2065 3858 2258 3928 viginti
2286 3867 2340 3914 et
2361 3873 2472 3913 uno
2498 3877 2511 3914 :
2539 3859 2730 3914 deinde
2759 3859 3201 3932 Nabupalasarus
3223 3861 3382 3916 annis
3404 3861 3633 3931 viginti:

2068 3951 2303 4022 denique
2343 3951 3001 4025 Nabucodrossorus(15)
3051 3956 3228 4010 tribus
3277 3953 3436 4009 annis
3469 3967 3635 4024 supra

2065 4043 2471 4115 quadraginta:
2519 4045 2594 4098 ita
2637 4053 2698 4099 ut
2745 4061 2776 4099 a
2827 4044 3217 4102 Senecherimo
3271 4045 3339 4100 ad
3380 4045 3636 4102 Nabuco-

2066 4135 2386 4189 drossorum
2419 4135 2693 4204 octoginta
2723 4144 2775 4190 et
2817 4143 2941 4191 octo
2969 4139 3097 4191 anni
3139 4145 3457 4194 excurrant.
3506 4137 3633 4193 Jam

2068 4226 2114 4280 si
2138 4226 2261 4297 quis
2288 4225 2639 4282 Hebraeorum
2669 4227 2836 4282 libros
2852 4235 3146 4292 scrutetur,
3167 4228 3320 4298 paria
3348 4227 3512 4284 dictis
3537 4229 3623 4305 in:

384 4365 732 4439 τρισμυρίοις
755 4363 1059 4439 ἔτεσιν-χερί
1077 4362 1180 4439 δςηξ,
1207 4359 1354 4439 ςτοῦτξ
1387 4358 1534 4439 East):
1581 4359 1656 4439 ﬁt!"
1669 4359 1872 4439 paeon;
1899 4358 2088 4439 θ’,ικίξξ
2105 4359 2375 4439 νήροιςέ,
2419 4362 2511 4414 καὶ
2528 4359 2874 4439 fcito-3053'.
3097 4361 3154 4439 ᾆὲ
3179 4362 3366 4416 τούτου
3389 4363 3480 4439 ’το-ὖ
3510 4363 3635 4439 χρό-

383 4429 481 4493 νόυ
510 4429 619 4490 ἑῶν
648 4442 743 4490 πςν
769 4434 862 4487 δύο
890 4434 993 4504 μὲν(
1017 4432 1307 4504 Χαλδαίῳν
1329 4429 1592 4504 βασιλέων
1616 4429 1848 4504 ῌύηχίου
1896 4431 2001 4504 -καὶ
2041 4429 2442 4504 Χωμσσὸή-λου·
2482 4430 2562 4504 τπδ’
2585 4431 2662 4504 ’δὲ
2715 4429 2913 4504 Μήδων
2961 4431 3304 4504 Ζωρόᾳστριν
3323 4450 3345 4504 Ἀ
3375 4433 3466 4504 καὶ
3501 4429 3634 4504 frob;

389 4509 509 4582 μετ’
539 4508 698 4582 ᾳῢιτδν
726 4506 766 4570 ζ’
787 4497 1071 4582 ⁸Χειιξδπίων
1100 4497 1338 4582 βασιλςῖζ
1361 4499 1592 4582 ξὶσάχει,
1608 4497 2117 4582 ξςῃᾶρατήςαντας
2141 4497 2342 4582 magica:
2363 4507 2470 4582 put"
2540 4497 3063 4582 gbybiﬂoltp’iorwp,
3087 4502 3185 4582 0?}
3215 4497 3293 4554 ἔτι
3325 4501 3412 4582 6t}
3450 4501 3630 4582 σάρῳν

385 4568 484 4649 iui
509 4579 690 4649 νήρων
715 4568 810 4649 ttat
833 4574 1055 4649 σῴσσων
1100 4568 1193 4649 ὃςαῇ
1223 4570 1324 4640 τῆς
1361 4569 1554 4639 λοιπῆς
1597 4568 1789 4636 ἀλόγου
1830 4568 2064 4640 μυθικῆς
2095 4568 2520 4641 ἱσὲορίας,’ὰλλὰ
2543 4570 2630 4623 διὰ
2658 4571 2898 4642 ἡλιακῶν
2925 4568 3080 4625 ἐτῶν.
3113 4571 3242 4626 Haec
3267 4587 3330 4626 ea:
3359 4568 3625 4642 Synce'llo,

384 4665 440 4718 ρ.
472 4648 542 4703 78
563 4643 761 4718 ’Βισςά
789 4646 938 4718 valde
959 4643 1297 4718 interpolata.

457 4720 527 4786 (‘)
552 4712 1295 4786 Atsaégavcoitthalﬁaiwv
1329 4709 1603 4786 βρισιλείᾳν
1638 4708 1871 4786 Ἄραϐες
1895 4709 1963 4786 ὲτε

2065 4727 2115 4786 εη
2138 4711 2374 4786 σιεἏΑΕω
2395 4709 2603 4786 eodem,
2625 4727 2677 4781 p.
2710 4711 2780 4767 90
2809 4711 2874 4786 1)ἶ

469 4778 539 4843 Ἦ
567 4787 676 4841 τῶν
714 4778 958 4857 Ἇρᾴὃων
983 4783 1254 4857 Baptista;
1267 4778 1780 4857 Stdﬁsgapévrjnfijvn
1802 4779 1909 4832 τῶν
1942 4778 2224 4835 Χαλδὰίων
2267 4781 2550 4853 διήρκεσεν
2580 4778 2672 4853 ἕαὲη
2706 4789 2820 4836 σιεθ.
2855 4781 3070 4854 Ταύτην
3114 4782 3412 4854 Ἀσσυρίων
3446 4778 3536 4855 μα’
3556 4781 3632 4840 δερ

382 4861 637 4927 ιδέξαντο
661 4848 896 4927 Ἀρὰιϐες
924 4848 1177 4923 βάσιλείς.
1206 4850 1290 4904 Ea:
1309 4848 1508 4916 eodem,
1533 4865 1582 4918 ρ.
1613 4848 1682 4904 92
1718 4848 1801 4902 Β.

456 4973 538 5045 (1)
570 4968 856 5045 Synccllus
888 4985 940 5037 p.
971 4966 1040 5022 90
1071 4966 1119 5045 _C
1149 4965 1764 5045 scribithcjtdteﬁoltov,
1804 4981 1957 5045 eum-

2065 4969 2273 5045 rintum_
2286 4966 2468 5045 habet.

372 5038 587 5127 que-ait
615 5038 931 5110 regnavisse
957 5039 1116 5092 anuis
1144 5054 1253 5092 non
1302 5038 1426 5108 plus
1456 5044 1663 5106 septem
1709 5052 1832 5090 cum
1874 5038 1958 5092 di-

373 5114 422 5168 ιὶι
441 5114 576 5169 idio.

457 5184 536 5250 (2)
556 5181 780 5236 Graecus
810 5188 991 5234 textus
1020 5176 1217 5232 34080.

457 5255 539 5324 (3)
567 5252 625 5324 [ῃ
661 5254 904 5317 margine
930 5263 1186 5303 ccxxxw.

457 5257 517 5324 (3
567 5257 625 5306 In
661 5257 904 5317 margine
930 5263 1186 5303 ccxxxw.

457 5257 539 5393 (l3
571 5321 728 5375 Hunc
765 5336 1052 5393 numerum
1103 5332 1270 5372 XLVIII
1303 5315 1954 5393 supplevit_amanuensis

387 5393 444 5448 in
465 5386 738 5468 margine,
786 5392 881 5446 sed
918 5386 1677 5468 fortasse‘perperadeem
1726 5403 1952 5441 amanu-

388 5465 537 5519 ensis
563 5471 710 5518 retro
731 5477 829 5533 pro
855 5476 1050 5517 ccxxtv
1079 5461 1372 5528 scripserat
1399 5461 1455 5510 in
1487 5461 1732 5526 margine
1761 5473 1947 5515 xxxiv.

389 5534 694 5588 Abeamus.

463 5602 636 5674 (:5leV
677 5603 811 5674 Reg.
832 5619 934 5674 _xv,
958 5673 963 5674 ί
989 5602 1075 5667 19,
1118 5612 1226 5670 quo
1267 5597 1389 5653 loco
1416 5598 1740 5674 Vaticanum
1771 5613 1956 5674 exem-

394 5671 510 5742 plar
538 5671 784 5727 Grrecuni
831 5672 1128 5742 Bibliorum
1158 5681 1398 5742 necnon
1442 5671 1760 5726 earumdem
1789 5671 1954 5726 inter-

393 5737 624 5813 pretatio
645 5743 971 5798 Armeniaca
993 5741 1192 5813 habent
1209 5737 1382 5813 Pftuq.

462 5813 539 5878 (6)
565 5814 703 5870 Cod.
723 5814 877 5868 Arm.
902 5811 1062 5868 modo
1089 5808 1500 5879 Senecheribum,
1523 5808 1684 5869 modo
1701 5809 1949 5867 Seneche-

2135 5039 2215 5110 (7)
2241 5036 2323 5110 ly
2349 5037 2483 5110 Reg.
2505 5053 2638 5091 xvm
2670 5042 2735 5110 et_
2754 5051 2868 5091 tux.

2135 5106 2212 5182 (δ)
2240 5106 2303 5182 [V
2333 5106 2464 5182 Reg.
2493 5123 2647 5182 πνέῃ,
2673 5107 2756 5160 15.

2131 5177 2208 5248 (9)
2241 5177 2374 5248 cap.
2406 5177 2518 5234 itx.
2555 5178 2623 5231 57

2129 5246 2240 5322 (ω)
2265 5246 2657 5322 mes.

2129 5317 2240 5389 (η)
2269 5319 2398 5388 Cap.
2442 5317 2530 5380 xx,
2567 5317 2655 5372 12.

2128 5386 2240 5462 ([2)
2288 5386 2368 5441 ιη’
2387 5389 2634 5462 margine
2664 5386 3035 5462 Ardumttzane
3061 5403 3078 5451 ;
3119 5393 3172 5462 et
3211 5386 3456 5462 quidem_
3479 5386 3623 5462 apud

2053 5457 2290 5529 lV'Reg.
2335 5475 2455 5521 ιη,
2496 5459 2588 5521 57,
2625 5465 2678 5512 et
2715 5457 3012 5529 Josepllum
3041 5498 3061 5529 ’ν
3101 5457 3280 5529 Αἠίὶῗτ
3323 5473 3376 5529 δ’
3435 5458 3488 5522 ι’

2063 5527 2412 5586 nechei'imus
2434 5529 2755 5583 interficitur
2783 5543 2813 5581 a
2853 5528 2978 5582 ﬁliis
3033 5527 3399 5582 Adremelecho
3431 5537 3485 5584 et
3520 5527 3626 5583 Sa-

2068 5615 2282 5662 rasaro,
2339 5600 2432 5669 qui
2477 5598 2880 5669 aChoreneusi
2919 5597 3065 5655 Hist.
3103 5615 3122 5653 ι
3149 5638 3162 5664 ,
3219 5597 3310 5665 22,
3363 5599 3624 5654 dicuntur

2057 5668 2371 5724 Adramelus
2411 5678 2466 5724 et
2505 5668 2830 5724 Sanasarus.

2127 5741 2238 5813 (15)
2277 5739 2352 5794 Ita
2392 5755 2536 5810 saepe
2572 5736 3098 5810 Nabucodrossorus,
3123 5741 3256 5798 alias
3279 5748 3461 5796 tamen
3500 5738 3618 5795 Na-

2053 5811 2498 5869 bucodonosorus.
