4070 6392
476 401 582 468 Ῐῦθ

479 609 861 682 praefecturam
899 609 1141 681 gerebat.

548 703 603 760 5.
665 701 867 758 Priami
919 702 938 724 '
975 701 1253 772 exemplar
1330 715 1548 772 quoque
1615 698 1919 754 litterarum
1996 697 2064 752 ad

483 793 809 850 Tcutamum
878 793 1265 848 circumfertur
1311 788 1583 868 ejusmodi
1623 791 1727 861 (I).
1779 809 1798 843 ι
1845 791 2063 844 Militari

482 889 572 952 vi,
601 887 796 958 inquit,
832 886 887 941 in
918 887 1138 956 regione
1172 893 1263 940 tua
1297 884 1372 956 (2)
1424 899 1454 938 a
1485 883 1689 939 Graecis
1731 883 2064 939 irruentibus

474 981 744 1051 appetitus
779 993 922 1043 sum,
949 976 1201 1046 belloque
1227 981 1495 1030 certatum
1526 981 1613 1029 est
1635 973 1789 1026 varia
1819 972 2060 1027 fortuna.

470 1072 628 1128 Nunc
657 1087 787 1127 vero
826 1080 880 1126 et
926 1069 1070 1125 ﬁlius
1100 1084 1256 1124 meus
1287 1067 1489 1123 Ilector
1520 1067 1826 1122 exstinctus
1859 1077 1977 1130 est,
2007 1073 2063 1120 et

472 1163 704 1216 aliorum
755 1160 927 1214 multa
973 1159 1158 1230 proles
1190 1173 1255 1211 ac
1288 1167 1530 1214 strenua.
1562 1155 1855 1226 Copiarum
1896 1156 2062 1225 igitur

471 1253 652 1308 valido
701 1253 803 1307 sub
847 1251 986 1305 duce
1046 1250 1204 1305 nobis
1252 1249 1534 1320 suppetias
1607 1247 1785 1303 mitte.
1846 1265 1865 1300 ι
1921 1245 2060 1302 lIinc

471 1347 674 1402 diserte
711 1346 817 1410 ait,
855 1344 1084 1399 missum
1115 1359 1238 1400 esse
1267 1358 1296 1396 a
1329 1341 1595 1399 Teutamo
1627 1341 1923 1407 auxilium,
1952 1339 2056 1394 du-

469 1453 698 1509 cemque
727 1437 1000 1493 exercitus
1033 1434 1374 1491 Memnonem
1407 1432 1628 1488 Tithoni
1661 1432 1830 1487 lilium
1851 1472 1866 1497 ,
1895 1446 2055 1501 quem

469 1530 689 1586 insidiis
717 1539 1006 1600 exceptum
1036 1527 1289 1585 Thessali
1313 1527 1728 1582 interemerunt.
1759 1523 1847 1578 Ait
1868 1533 2055 1594 postea

469 1625 707 1686 diserte,
746 1621 1200 1692 Sardanapallum
1247 1635 1392 1674 anno
1436 1618 1601 1674 tertio
1631 1616 1845 1672 decimo
1887 1630 2055 1686 supra

470 1718 820 1774 millesimum
870 1715 1223 1785 Assyriorum
1261 1727 1442 1784 regem
1491 1726 1614 1767 esse
1643 1718 1887 1767 creatum
1923 1707 2000 1780 (5)
2035 1727 2049 1764 :

469 1811 630 1881 cujus
657 1820 712 1866 et
741 1809 968 1865 exitium
1019 1814 1305 1864 memorat.
1348 1805 1485 1861 Tum
1528 1804 1744 1861 sublato
1773 1802 2051 1858 Sardana-

1189 392 1460 451 EUSEBII
1498 391 1984 449 CESARI‘ENSIS
2021 390 2174 448 OPP.
2219 392 2402 448 PARS
2455 393 2498 451 ι.
2540 425 2611 434 —
2650 392 3041 451 IIISTORICA.

475 533 572 572 sus
611 515 766 570 Ilium
798 515 1022 579 urbem,
1053 514 1109 569 iu
1137 529 1244 586 qua
1283 506 1534 568 Priamus
1566 511 1746 583 Phryx
1778 512 2070 568 militarem
2097 521 2145 582 Α

3646 402 3747 458 140

2457 514 2772 586 δρειιοωιιιυε
2800 516 2962 573 annis
2992 532 3081 573 ιι.

2167 604 2309 661 XVI.
2442 606 2744 664 Ascatades
2773 609 2933 664 annis
2963 624 3052 664 ιι.

2239 698 2354 754 Sub
2384 700 2486 756 hoc
2507 700 2608 755 fuit
2637 701 2813 758 Moses
2833 702 3187 758 Hebmorum
3219 704 3526 777 legislator.

2166 790 2332 846 XVII.
2442 795 2708 866 Amyntas
2737 797 2896 852 annis
2921 811 3046 851 χιν.

2166 882 2352 940 XVIII.
2444 884 2712 942 Belochus
2741 887 2898 944 annis
2926 905 3049 944 xrv.

2234 973 2409 1045 Hujus
2441 975 2548 1030 filia
2587 976 2810 1035 Tratres
2854 979 2986 1051 (10).
3013 995 3134 1052 qua:
3167 981 3562 1039 Achurardista
3595 987 3736 1039 voci-

2162 1076 2276 1122 tata
2320 1078 2428 1133 est,
2481 1071 2728 1140 regnavit
2776 1088 2900 1127 cum
2947 1089 3014 1128 eo
3048 1074 3207 1131 annis
3237 1091 3371 1132 xvu.
3416 1074 3662 1133 Bacchus
3689 1083 3746 1132 et

2162 1159 2393 1217 Perseus
2423 1161 2526 1218 hac
2567 1171 2724 1218 aetate
2758 1163 2999 1244 fuerunt.

2164 1251 2304 1308 XIX.
2443 1253 2724 1311 Balatores
2754 1255 2916 1312 anuis
2947 1274 3078 1312 xxx.

2159 1344 2276 1400 XX.
2437 1345 2757 1417 Lamprides
2785 1348 2944 1402 annis
2977 1365 3148 1404 xxxii.

2157 1438 2300 1495 XXI.
2437 1438 2664 1496 Sosares
2693 1439 2803 1511 (II)
2845 1442 3005 1496 annis
3036 1459 3134 1496 VIII
3163 1442 3295 1515 (12).

2157 1529 2304 1585 XXII
2409 1529 2734 1601 Lampares,
2768 1533 2928 1588 annis
2959 1551 3090 1589 xxx.

2155 1619 2343 1676 XXIII.
2437 1620 2648 1694 Panyas
2679 1624 2838 1680 annis
2867 1641 2975 1679 xui
3007 1627 3143 1699 (I5).

2226 1713 2340 1770 Sub
2374 1713 2478 1770 hoc
2509 1715 2953 1786 Argonautarum
2981 1717 3092 1791 (14)
3117 1721 3307 1777 ciassis
3336 1729 3496 1794 atque
3524 1719 3736 1778 Hercu-

2155 1805 2235 1862 les
2263 1807 2755 1877 cognoscebantur.

471 1871 615 1974 pallo
635 1942 649 1965 ,
681 1901 1032 1973 Assyriorum
1079 1899 1370 1970 imperium
1419 1898 1487 1952 ab
1534 1896 1747 1952 Arbace
1799 1910 2053 1951 eversum
2085 1871 2129 1926 Β
2157 1871 2359 1953 Xle:
2441 1898 2734 1956 Sosarmus
2763 1901 2922 1956 annis
2953 1918 3070 1956 xix.

468 2003 525 2047 ct
557 1993 624 2048 ad
667 1992 852 2048 Medos
885 2008 1008 2049 esse
1049 1992 1401 2046 translatum.
1452 1987 1579 2044 Ha‘c
1621 1987 1806 2043 omnia
1843 1986 2055 2058 Cepha-

470 2088 605 2142 lion.
2016 2135 2022 2141 .

541 2180 595 2235 6.
637 2179 740 2246 Qui
770 2193 899 2233 vero
933 2177 988 2231 in
1018 2176 1174 2232 libris
1205 2173 1458 2230 feruntur
1485 2171 1844 2244 Assyriorum
1872 2187 2050 2244 reges,

471 2272 773 2330 secundum
805 2267 1092 2326 emendata
1120 2267 1474 2338 exemplaria,
1506 2265 1563 2319 hi
1591 2271 1742 2321 sunt.

921 2376 1253 2418 assxmonuu
1291 2374 1460 2414 nscas
1497 2356 1597 2429 (4).

470 2454 512 2511 Ι.
763 2452 960 2514 Mnus,
981 2467 1145 2520 quem
1164 2450 1401 2520 primum
1427 2448 1580 2502 aiunt
1599 2447 1871 2502 universae
1891 2445 2052 2513 Asiae,

821 2543 1059 2614 demptis
1075 2543 1244 2606 Indis,
1269 2542 1626 2612 imperavisse
1643 2539 1802 2594 annis
1825 2554 1920 2592 ιιι.
1942 2537 2056 2592 Sub

821 2638 926 2692 hoc
958 2642 1175 2692 constat
1197 2633 1401 2690 vixisse
1421 2632 1792 2688 Abraliamum
1812 2629 2052 2686 Hebrma:

818 2730 998 2803 gentis
1035 2728 1422 2800 patriarcliam.

467 2833 529 2891 II.
752 2823 1076 2881 Semiramis
1100 2822 1260 2879 annis
1285 2809 1424 2876 xm.

467 2919 560 2974 III.
747 2918 942 2974 Zames
981 2918 1235 2987 idemque
1260 2914 1468 2988 Ninyas
1492 2913 1650 2969 annis
1679 2925 1907 2968 xxxvm.

467 3008 556 3066 IV.
739 3009 905 3065 Arius
933 3008 1094 3064 annis
1123 3024 1252 3063 xxx.

467 3103 539 3162 V.
751 3103 992 3168 Aralius,
1030 3101 1124 3172 qui
1158 3101 1417 3172 Amyrus,
1449 3098 1608 3154 annis
1638 3113 1728 3151 ιι.

467 3195 560 3252 VI.
742 3193 971 3258 Xerxes,
1013 3195 1106 3265 qui
1140 3201 1194 3249 et
1225 3193 1457 3258 Balaaus,
1489 3194 1650 3248 annis
1681 3207 1812 3246 xxx.

469 3288 582 3344 VII.
744 3287 1115 3342 Amramitbes
1157 3286 1235 3358 (5)
1277 3286 1436 3342 annis
1464 3299 1692 3341 xxxvul.

468 3379 586 3435 VIII
746 3379 1015 3435 Belochus
1043 3378 1201 3432 annis
1230 3394 1394 3433 xxxv.

462 3472 560 3527 IX.
740 3471 948 3525 Balaeas
976 3471 1135 3525 anuis
1162 3485 1239 3524 xu
1266 3468 1368 3541 (6).

467 3565 537 3621 Χ.
745 3563 946 3618 Aladas
982 3561 1058 3635 (7)
1091 3561 1252 3617 annis
1276 3576 1450 3616 xxxii.

467 3658 562 3711 XI.
741 3654 1052 3726 Mamythus
1084 3655 1242 3712 annis
1271 3671 1402 3709 xxx.

466 3751 584 3806 XII.
740 3747 1084 3804 Macchaleus
1113 3746 1191 3818 (8)
1227 3747 1385 3803 annis
1418 3761 1548 3802 xxx.

467 3841 605 3896 XIII.
744 3839 1001 3911 Sphaerus
1031 3841 1191 3894 annis
1229 3855 1344 3894 xxii
1383 3838 1482 3911 (9).

466 3933 611 3991 XIV.
661 3951 666 3958 '
741 3932 1008 4004 Mamylus
1038 3931 1198 3987 annis
1229 3947 1356 3987 xxx.

2157 1989 2324 2047 XXV.
2437 1993 2716 2050 Mithmus
2745 1995 2904 2050 annis
2932 2011 3103 2051 xxvn.

2157 2076 2347 2140 XXVI.
2434 2085 2736 2143 Teutamus
2772 2087 2928 2143 annis
2963 2104 3136 2147 xxxii.

2229 2176 2342 2232 Sub
2357 2194 2467 2250 quo
2495 2177 2650 2234 Ilium
2685 2189 2905 2251 captum
2934 2190 3018 2238 est

2156 2267 2375 2326 XXVII.
2445 2269 2700 2326 Teutaeus
2729 2272 2891 2328 annis
2914 2288 3007 2328 ιι.

2155 2360 2395 2424 XXVIII.
2434 2359 2693 2420 Thinaeus
2725 2366 2886 2422 annis
2913 2381 3042 2421 xxx.

2156 2454 2351 2509 XXIX.
2437 2453 2698 2528 Dercylus
2736 2457 2848 2528 (15)
2878 2459 3038 2514 annis
3073 2474 3164 2513 ιι.

2155 2544 2322 2600 XXX.
2431 2544 2761 2616 Eupalmeus
2783 2549 2944 2605 annis
2971 2558 3198 2604 xxxviii.

2229 2636 2344 2693 Sub
2375 2635 2479 2692 hoc
2533 2635 2884 2692 Hebraeorum
2923 2639 3152 2695 illustris
3199 2654 3293 2695 rex
3347 2639 3516 2696 David
3575 2644 3733 2712 vixit,

2155 2726 2316 2797 cujus
2362 2725 2503 2782 ﬁlius
2560 2726 2819 2781 Salomon
2861 2725 3252 2800 Hierosolymis
3303 2731 3567 2802 templum
3613 2732 3737 2788 fun-

2154 2819 2322 2873 davit.

2157 2908 2348 2964 XXXI.
2437 2909 2772 2966 Laostuenes
2806 2910 2967 2967 annis
3001 2927 3129 2968 va.

2153 3001 2366 3058 XXXII.
2435 3003 2735 3059 Peritiades
2769 3003 2928 3058 annis
2969 3021 3097 3059 xxx.

2156 3095 2389 3150 XXXIII.
2431 3094 2752 3166 Ophrataaus
2781 3099 2940 3154 annis
2982 3113 3076 3151 xxi

2154 3188 2394 3244 XXXIV.
2435 3189 2776 3259 Opliratanes
2809 3189 2969 3245 annis
2996 3205 3048 3244 L.

2156 3281 2371 3336 XXXV.
2435 3283 2743 3338 Acrazanes
2773 3284 2928 3339 anuis
2958 3298 3066 3338 xui

2159 3373 2396 3428 XXXVI.
2442 3372 2866 3444 Sardanapallus
2899 3376 3059 3430 annis
3086 3392 3180 3432 xx.

2234 3467 2350 3522 Sub
2375 3467 2478 3524 hoc
2502 3465 2786 3540 Lycurgus
2815 3467 2927 3540 (16)
2963 3469 3108 3540 leges
3139 3467 3564 3528 Lacedaemoniis
3592 3471 3731 3529 fere-

2153 3563 2264 3617 bat.

2224 3652 2276 3708 7.
2318 3649 2443 3706 Haec
2481 3650 2605 3709 linis
2647 3651 2750 3707 fuit
2779 3667 2966 3724 regum
3006 3651 3383 3724 Assyriorum,
3426 3655 3729 3726 imperante

2154 3746 2382 3801 Athenis
2414 3743 2646 3816 Tespieo
2684 3747 3010 3817 Ariphronis
3053 3746 3182 3801 lilio.
3235 3745 3474 3817 Tempus
3517 3747 3731 3816 imperii

2153 3838 2525 3910 Assyriorum,
2560 3825 2859 3894 secundum
2907 3846 3198 3895 accuratas
3236 3839 3556 3909 scriptores,
3599 3839 3730 3894 anni

2153 3929 2301 3984 mille
2327 3927 2917 4001 ducentiquadragiuta
2936 3929 3047 4000 (I7)
3073 3949 3086 3984 :
3115 3931 3418 3988 secundum
3439 3943 3571 3986 vero
3592 3928 3730 3988 alios

539 4092 604 4164 (θ)
636 4091 864 4162 Φέρεται
897 4089 990 4144 καὶ
1015 4089 1350 4160 ἁντίγραφος
1367 4087 1465 4158 τῆς
1491 4084 1740 4157 Πριάμου
1772 4083 2053 4155 ἐπιστολῆς

2153 4083 2199 4137 ἷξε
2231 4053 2558 4155 Syncetlom.
2583 4084 2636 4148 1,
2670 4082 2768 4147 55,
2784 4087 2828 4140 A
2841 4128 2856 4144 .

541 4190 626 4262 (")
665 4188 788 4242 Ἐπὶ
821 4185 1103 4257 Τευτάμου
1137 4185 1298 4238 Ἴλιον
1319 4181 1577 4246 Εὺσὲϐιὸς
1603 4198 1764 4253 φησιν
1790 4181 2010 4236 ἁλῶναι.
2041 4183 2053 4233 .‘

2154 4180 2336 4241 celius,
2356 4177 2526 4246 p.151
2563 4178 2629 4235 Β.

544 4348 622 4420 (1)
653 4347 930 4420 Lacunam
970 4344 1176 4400 codicis
1217 4342 1527 4420 Armeniaci
1569 4341 1650 4420 sic
1686 4340 1866 4420 explet
1900 4339 2044 4411 Syn-

467 4411 664 4482 celius,
686 4415 830 4487 apud
863 4430 1022 4487 quem
1050 4424 1231 4469 tamen
1266 4414 1383 4487 ipsa
1415 4413 1656 4487 epistola.
1677 4411 2044 4487 desideratur.

542 4489 618 4562 (2)
646 4480 951 4562 ilu'Graecis
995 4480 1313 4562 fragmentis
1355 4498 1521 4552 supra
1552 4481 1754 4538 dicitur
1792 4480 2047 4536 Priamus

453 4555 819 4626 Assyriorum
847 4556 971 4626 regi“
990 4555 1262 4609 subditus.
1414 4623 1424 4626 _
1656 4622 1667 4626 _
1817 4624 1825 4626 Δ
1867 4613 1873 4618 ,

543 4622 621 4703 (3)
651 4622 1313 4703 Errorem'Cephaliouis,
1336 4622 1907 4703 qui‘regesmAssyrios
1931 4632 2048 4676 tan-

468 4693 752 4756 tummodo
802 4712 938 4750 xxm
985 4693 1219 4759 dixerit,
1263 4701 1318 4749 et
1356 4693 1578 4763 quidem
1617 4693 1865 4748 Teutami
1920 4709 2050 4763 suc-5

469 4786 742 4827 cessorem
792 4767 1275 4836 Sardanapallum,
1319 4762 1434 4818 tum
1476 4763 1785 4836 universam
1835 4762 2051 4836 imperii

471 4844 592 4910 ejus
620 4849 834 4910 :etatein
871 4839 1015 4910 intra
1045 4834 1211 4891 mille
1231 4851 1419 4910 annos
1453 4835 1784 4910 concluserit
1807 4874 1822 4896 ,
1851 4834 2052 4910 merito

470 4902 720 4967 coarguit
778 4907 1098 4978 Syncellus,
1132 4923 1185 4976 p.
1224 4906 1326 4960 I68
1358 4905 1442 4978 BL
1469 4905 1556 4978 bis
1601 4905 1786 4978 verbis
1817 4902 1950 4978 :_'O
1975 4903 2052 4978 iis

473 4978 761 5054 Κεφαλίων
790 4973 917 5054 τοὺς
944 4973 1152 5054 πᾴντας
1173 4983 1258 5046 κγ’
1276 4976 1383 5054 ἁτξὸ
1411 4975 1606 5054 Βήλου,
1632 4973 1834 5054 ita).th
1856 4973 2054 5054 Τροίας

471 5043 702 5114 ἆλώσιν,
740 5050 832 5104 καὶ
883 5048 1020 5116 μετὰ
1048 5043 1232 5101 ταῦτα
1251 5064 1299 5111 ,α
1330 5047 1444 5116 ἕτηο
1476 5043 1612 5116 ὅπερ
1653 5043 1929 5116 ἀδυνάτου·
1966 5043 2054 5116 ἴνᾳ.

471 5067 702 5114 ἅλωσιν,
740 5067 832 5104 και
952 5067 1020 5101 τα
1048 5067 1219 5101 ταυτα
1251 5067 1299 5111 ,α
1330 5067 1387 5098 ετ
1431 5067 1444 5075 ·
1478 5067 1612 5116 οπερ
1653 5067 1929 5099 αουνατον·
1969 5067 2053 5097 ινα.

470 5127 580 5194 γὰρ
610 5121 834 5194 κβέάπὺ
860 5067 1052 5194 -Βὲιῖιου
1094 5137 1196 5194 «τιςΔ
1222 5067 1497 5194 ὑπολάὲοι.
1520 5115 1610 5194 του
1644 5115 1920 5194 Ταύξαγον
1947 5114 2053 5184 πρὸ

470 5184 565 5248 ’ἑοῦ
593 5184 822 5263 ὲςὲχάτου
853 5184 1344 5263 Σαρδαναπάλου...
1370 5186 1658 5263 Cepllaligm
1691 5204 1723 5263 a_
1756 5184 1869 5263 Beli
1897 5199 2053 5238 exor-

471 5267 575 5318 diis
599 5256 828 5332 spatium
851 5256 1000 5332 omne
1022 5261 1202 5328 (etiam
1219 5276 1299 5332 eo,
1317 5256 1454 5332 quod
1478 5258 1652 5327 Trojae
1673 5256 1877 5332 cladem
1904 5272 2054 5332 secu-

474 5346 586 5389 tum
605 5327 702 5398 est,
724 5331 952 5404 incluso)
973 5332 1125 5404 annis
1153 5330 1296 5384 mille
1327 5327 1610 5404 duntaxat,
1635 5327 1772 5404 quod
1793 5344 1824 5379 a
1849 5327 2054 5404 ra_t_ione

474 5396 704 5459 alienum
730 5412 830 5467 est,
869 5396 963 5454 sub
989 5400 1196 5472 regibus
1232 5396 1438 5472 minium
1466 5413 1604 5472 xxtll
1633 5396 1866 5472 metitur.
1904 5396 2044 5472 Tau-

477 5485 657 5529 tanum
688 5466 870 5544 quippe
903 5466 1473 5544 regemAsecundumet
1513 5470 1813 5544 vigesimum
1854 5484 1886 5519 a
1926 5466 2054 5519 Belo

473 5539 847 5599 numeratur-us
868 5583 882 5605 ,
913 5539 1034 5596 aute
1063 5539 1492 5610 Sardanapalum
1523 5540 1755 5610 Assyriis
1789 5547 2053 5607 postremo

477 5617 590 5669 loco
621 5616 964 5682 imperantem
993 5611 1271 5665 locandum
1300 5612 1522 5681 putavit.

550 5687 627 5755 (1)
651 5677 842 5755 Operae
876 5683 1111 5753 pretium
1157 5685 1262 5755 erit
1300 5677 1560 5735 conferre
1584 5677 2052 5755 Assyriorummre-

477 5748 619 5827 guin'
638 5748 759 5826 qua:
783 5748 1086 5827 sequuntur
1115 5753 1332 5827 nomina
1355 5759 1406 5805 et
1437 5748 1877 5827 numerumcum
1908 5748 2054 5802 Cho-

477 5821 730 5881 renensis
758 5821 943 5877 tabula
971 5823 1106 5877 satis
1145 5821 1490 5892 discrepante
1517 5821 1830 5892 eorumd‘em
1857 5833 2050 5892 regum

483 5899 626 5955 Hist.
659 5914 699 5967 ι,
730 5895 818 5961 18,
851 5893 944 5966 qui
974 5908 1129 5966 reges
1156 5888 1367 5948 tantum
1414 5908 1542 5948 xxix
1573 5899 1695 5963 post
1725 5888 2054 5946 Semiraiuin

2146 4339 2394 4411 ponitin
2433 4339 2672 4411 editione
2705 4339 2794 4408 (at
2841 4355 2946 4395 ms.
2979 4339 3192 4410 xxxii),
3237 4339 3309 4396 ita
3349 4349 3530 4397 tamen
3577 4348 3639 4396 ut
3672 4350 3726 4399 el.

2146 4410 2274 4482 ipse
2295 4410 2510 4482 desinat
2537 4411 2592 4463 in
2617 4410 3090 4482 Sardanapallum.

2221 4480 2300 4549 (5)
2331 4479 2568 4536 Choren.
2599 4496 2703 4535 ms.
2737 4479 3130 4534 Armamithris.

2219 4551 2294 4622 (6)
2327 4550 2466 4622 Lege
2492 4565 2637 4622 xui,
2657 4558 2716 4606 ut
2745 4550 2923 4622 liabet
2947 4551 3164 4622 Samuel
3191 4550 3465 4610 Aniensis.

2230 4619 2305 4690 (7)
2340 4619 2678 4676 ιιιεθοιιιιᾱΟ
2717 4621 2857 4675 libro
2891 4619 3142 4689 Altadas,
3184 4622 3264 4677 uti
3296 4625 3462 4678 etiam
3498 4625 3588 4682 hic
3625 4625 3726 4684 ha-

2153 4691 2243 4748 bet
2271 4691 2660 4747 Chorenensis.

2226 4761 2301 4830 (8)
2332 4760 2571 4817 Choren.
2603 4756 3074 4830 mS.LASC,lﬂl¢II8.

2224 4828 2301 4897 (9)
2337 4831 2396 4886 ln
2430 4831 2673 4888 secundo
2718 4828 2937 4885 Eusebii
2965 4828 3104 4884 libro
3133 4829 3303 4885 multa
3321 4842 3590 4884 annorum
3617 4829 3734 4885 dis~

2156 4899 2430 4969 crepantia
2486 4908 2571 4955 est
2603 4902 2670 4956 ab
2702 4900 2806 4955 hoc
2835 4900 3101 4968 catalogo.

2228 4967 2341 5043 (10)
2382 4971 2548 5025 Recte
2577 4971 2889 5043 suspicatur
2907 4970 2981 5043 cl.
3006 4967 3289 5043 Aucberus
3314 4967 3526 5043 Tratres
3557 4969 3736 5026 vider!

2155 5039 2472 5113 corruptum
2500 5057 2565 5113 ex
2598 5039 2787 5113 Graeco
2817 5039 3082 5113 θυγάτηρ.
3113 5039 3236 5094 Haec
3265 5041 3408 5094 enim
3437 5040 3494 5092 in
3526 5054 3726 5096 secun-

2155 5113 2226 5169 do
2253 5111 2392 5168 libro
2416 5111 2619 5166 dicitur
2642 5111 2884 5165 Badossa
2918 5111 3000 5164 vel
3028 5113 3243 5163 Atossa.

2228 5183 2338 5254 (II)
2378 5182 2562 5254 Codex
2595 5178 3125 5254 liic_Sumares.__Sed
3155 5177 3371 5254 Sasares
3401 5177 3457 5232 in
3487 5177 3728 5237 secundo

2155 5249 2330 5315 libro,
2351 5261 2405 5308 et
2429 5255 2480 5306 in
2507 5252 2758 5323 Syncello
2793 5260 2956 5320 atque
2984 5249 3342 5305 Cborcnensi.

2225 5324 2339 5396 (12)
2383 5323 2604 5396 Samuel
2639 5339 2730 5376 xx.

2226 5392 2340 5460 (I5)
2383 5392 2602 5447 Samuel
2645 5408 2768 5446 λιν.

2247 5461 2333 5535 14)
2373 5464 2551 5518 Codex
2574 5463 2726 5535 Arni.
2763 5461 3098 5535 Argivorum.

2249 5530 2338 5606 15)
2371 5535 2552 5606 Codex
2573 5534 2660 5586 hic
2680 5530 2934 5606 Dierus—us,
2962 5531 3057 5586 sed
3075 5530 3394 5588 emendatur
3418 5531 3473 5585 in
3492 5530 3733 5587 secundo

2153 5604 2290 5662 libro
2320 5604 2375 5660 et
2402 5607 2457 5659 in
2482 5604 2837 5658 Cliorenensi.
3724 5608 3726 5610 '

2251 5677 2335 5742 I6)
2363 5675 2547 5729 Codex
2574 5675 2724 5726 Arm.
2752 5672 3054 5743 Lacoriges.

2251 5679 2335 5742 16)
2363 5679 2547 5729 Codex
2574 5679 2724 5726 Arm.
2752 5679 3054 5743 Lacoriges.

2223 5679 2243 5815 ἕ
2255 5747 2336 5806 17)
2377 5747 2453 5800 Ita
2480 5758 2708 5815 prorsus
2731 5743 3264 5815 apud_Augustinum
3290 5743 3360 5798 De
3378 5745 3475 5799 civ.
3509 5742 3624 5805 Dei,
3657 5756 3731 5815 Iv.

2153 5815 2186 5870 6
2215 5813 2238 5871 ε’
2261 5817 2412 5872 Sicut
2457 5813 2693 5870 scribunt
2717 5815 2805 5883 qui
2837 5813 3141 5867 chrunicam
3175 5815 3450 5868 historiam
3477 5814 3733 5882 persecuti

2154 5898 2296 5953 sunt,
2349 5886 2492 5941 mille
2534 5885 2781 5940 ducentos
2811 5894 2859 5940 et
2906 5883 3261 5955 quadraginta
3299 5901 3464 5940 annos
3496 5884 3561 5938 ab
3594 5899 3730 5938 anno
