4070 6392
413 365 518 420 145

1623 366 2128 425 CHRONICORUM
2167 369 2294 424 LIB.
2331 371 2371 426 l.

3575 375 3679 434 Hii

406 487 632 544 nomine
668 483 870 541 Ninum
919 487 1248 558 appellatam
1281 486 1458 550 aiunt,
1512 501 1637 558 quae
1674 497 1792 542 erat
1817 486 1991 557 prima
2018 493 2066 548 Α
2094 486 2258 551 visse,
2286 503 2448 558 quam
2476 487 2715 566 hominis
2747 494 2832 545 est
2866 508 2880 543 :
2907 487 3053 560 quod
3082 505 3310 560 prorsus
3330 489 3399 548 de
3425 491 3682 566 universa

405 577 758 648 Assyriorum
798 578 931 635 urbs
957 577 1128 650 regia,
1163 593 1394 650 quaeque
1420 577 1688 635 Assurum
1717 585 1999 634 auctorem

409 673 681 744 agnoscit.
713 669 844 727 Erat
873 679 1054 727 autem
1078 672 1166 727 hic
1194 671 1262 728 de
1292 671 1419 727 ﬁliis
1451 670 1622 738 Semi,
1655 687 1686 727 a
1723 687 1834 744 quo
1855 673 2000 729 dixi-

404 779 534 820 mus
555 772 853 835 occupatas
879 779 1072 820 omnes
1100 765 1289 836 plagas
1315 763 1574 821 Orientis.
1592 763 1715 820 Nati
1736 780 1800 821 ex
1835 764 1998 822 Semo

403 856 658 914 feruntur
685 857 763 928 (i)
790 858 954 914 etiam
985 857 1209 915 Elamus
1237 868 1293 915 et
1344 860 1587 917 Assurus
1612 868 1668 916 et
1704 858 1995 930 Arphaxa-

401 950 502 1006 des
529 959 584 1006 et
608 950 845 1008 Aramus
869 958 924 1006 et
952 949 1159 1007 Ludus.
1183 951 1253 1006 At
1275 967 1342 1008 ex
1364 952 1556 1007 Elamo
1575 951 1683 1008 orti
1717 959 1847 1008 sunt
1870 951 1996 1006 Ela-

404 1042 570 1112 mitae,
617 1059 750 1115 gens
779 1045 955 1115 prima
1008 1043 1300 1100 Persarum
1331 1045 1409 1115 (2)
1442 1063 1457 1102 :
1515 1045 1586 1100 ab
1621 1043 1710 1100 his
1739 1043 1988 1115 Elymais

403 1134 538 1191 urbs
570 1136 933 1192 condebatur.
974 1135 1188 1193 Assuro
1245 1136 1458 1208 Assyrii
1509 1135 1772 1209 progeniti
1820 1146 1943 1191 sunt
1971 1155 1991 1194 :

401 1226 784 1298 condebatque
813 1227 1060 1284 Assurus
1086 1229 1277 1284 urbem
1304 1228 1530 1296 Ninum,
1567 1245 1691 1301 qua:
1721 1246 1847 1285 mox
1895 1230 1990 1287 Ni-

401 1316 528 1370 nive
561 1317 712 1371 dicta
744 1326 852 1373 est.
882 1317 963 1372 Ex
991 1318 1319 1390 Arphaxade
1363 1321 1752 1392 Arphaxadaai,
1808 1323 1902 1394 qui
1934 1331 1991 1381 et

396 1406 638 1464 Chaldaei
673 1411 899 1466 vocitati
963 1420 1092 1467 sunt
1171 1413 1270 1484 (ὅ).
1332 1411 1414 1468 Ex
1469 1413 1676 1471 Aramo
1729 1415 1984 1482 Aramaei,

397 1499 600 1567 quibus
655 1506 744 1578 est
777 1515 978 1555 nomen
1015 1501 1180 1556 etiam
1233 1500 1379 1574 Syri.
1412 1501 1492 1559 Ex
1546 1503 1703 1561 Ludo
1750 1507 1988 1578 denique

396 1587 532 1660 Lydi
564 1575 674 1656 (4):
704 1590 1049 1660 Arphaxadis
1073 1599 1256 1648 autem
1292 1594 1440 1650 ﬁlius
1498 1594 1601 1650 fuit
1630 1595 1787 1664 Sala;
1820 1575 1986 1669 hujus

395 1677 665 1745 Heberus,
696 1696 728 1734 a
761 1697 871 1752 quo
898 1680 1253 1741 Hebraeorum
1279 1703 1478 1744 nomen
1521 1696 1578 1745 et
1607 1706 1743 1762 gens
1779 1706 1983 1764 propa-

391 1775 644 1843 gabatur.
678 1773 894 1830 Hebero
949 1780 1220 1834 successit
1252 1791 1410 1838 sexto
1461 1783 1585 1839 loco
1630 1783 1980 1843 Abrahamus

2101 579 2384 637 hominum
2413 582 2583 652 stirpe
2611 580 2986 654 designavisse
3010 583 3351 653 exploratum
3377 592 3463 643 est
3485 586 3586 659 (Β).

2171 669 2224 725 5.
2264 668 2371 725 Sed
2402 670 2548 726 enim
2583 679 2774 728 nostra
2799 672 2916 727 haec
2943 672 3300 744 chronologia
3331 675 3537 732 nullam
3559 676 3682 748 ejus

2097 761 2371 817 incolatus
2393 763 2660 820 rationem
2693 763 2951 821 habebit:
2983 780 3161 838 neque
3215 766 3452 822 ordietur
3480 783 3512 823 a
3538 771 3681 827 coelo

2097 864 2354 927 terraque
2376 856 2634 924 conditis,
2666 858 2744 913 uti
2770 860 3019 915 nonnulli
3047 859 3148 915 sibi
3174 860 3476 931 faciendum
3499 864 3680 919 existi-

2095 956 2413 1016 maverunt;
2449 949 2546 1004 sed
2574 949 2642 1006 ab
2695 965 2761 1006 eo
2790 957 3034 1022 tempore
3079 967 3189 1022 quo
3230 965 3430 1008 natura
3485 963 3677 1010 nostra

2094 1040 2265 1111 cespit
2308 1056 2453 1107 esse,
2517 1042 2599 1096 uti
2654 1057 2803 1098 nunc
2835 1059 2898 1099 se
2952 1044 3134 1110 habet,
3190 1046 3478 1114 mortalis;
3512 1053 3677 1118 atque

2091 1132 2365 1203 ejusmodi
2397 1134 2524 1190 vita:
2546 1134 2787 1191 conditio
2820 1148 2852 1190 a
2895 1135 3078 1206 prisco
3111 1135 3206 1192 illo
3253 1145 3484 1208 parente
3513 1137 3674 1195 nobis

2090 1222 2284 1279 oborta
2310 1230 2396 1280 est
2433 1242 2447 1279 :
2473 1224 2590 1291 illo,
2622 1225 2870 1296 inquam,
2895 1226 2986 1296 qui
3008 1227 3266 1297 paradiso
3301 1227 3532 1298 excidit,
3554 1227 3672 1283 dul-

2088 1316 2249 1388 cique
2268 1331 2332 1373 ac
2358 1316 2605 1374 feliciore
2631 1319 2741 1374 vita
2761 1319 3020 1390 depulsus
3036 1327 3140 1388 est,
3160 1327 3215 1377 et
3242 1323 3463 1379 nomine
3487 1321 3668 1379 dictus

2087 1410 2350 1466 Adamus.
2397 1408 2576 1482 Hujus
2603 1426 2705 1483 ego
2731 1427 2927 1478 annos,
2956 1414 3156 1484 quibus
3210 1413 3428 1471 fatalem
3459 1425 3667 1472 morta-

2087 1502 2304 1574 lemque
2328 1501 2498 1558 vitam
2522 1503 2814 1569 conclusit,
2834 1521 2902 1561 ex
2934 1503 3223 1563 Hebraicis
3248 1506 3534 1561 codicibus
3552 1506 3670 1562 col-

2086 1594 2272 1667 ligam,
2301 1593 2663 1665 sequentique
2723 1610 2976 1654 sermone
3004 1598 3270 1653 recitabo.
3308 1596 3365 1654 Id
3412 1598 3669 1656 videlicet

2085 1686 2370 1743 Hebraicae
2395 1688 2764 1761 chronologiaz
2790 1700 2955 1762 caput
2975 1697 3081 1757 est,
3097 1690 3241 1748 unde
3260 1691 3427 1748 etiam
3461 1690 3669 1751 Mosai-

2085 1795 2185 1837 cus
2215 1780 2354 1836 liber
2388 1780 2493 1836 hoc
2519 1788 2680 1852 pacto
2712 1781 3050 1853 auspicatur.

389 1863 631 1920 Judaicaa
652 1867 835 1938 gentis
889 1868 1225 1938 patriarcha,
1267 1873 1480 1930 decima
1538 1885 1664 1948 post
1712 1877 1977 1935 diluvium
2013 1854 2057 1910 Β
2153 1871 2209 1928 6.
2243 1891 2262 1924 ι
2300 1876 2342 1896 ὀ
2371 1871 2438 1928 Et
2483 1873 2666 1930 emisit
2697 1888 2843 1938 eum,
2894 1873 3093 1945 inquit,
3152 1875 3364 1932 scilicet
3421 1876 3662 1948 primum

388 1961 766 2028 generatione.
812 1959 938 2015 Haec
979 1961 1268 2022 hactenus.
1304 1968 1518 2040 Quippe
1567 1971 1740 2025 multa
1785 1972 1979 2042 paucis

385 2049 625 2106 diximus
647 2053 717 2108 ad
737 2053 1220 2111 demonstrandam
1251 2056 1604 2115 Hebraeorum
1663 2076 1788 2116 cum
1815 2061 1980 2117 Chal—

383 2144 521 2200 daeis
557 2154 612 2202 et
642 2146 886 2220 Assyriis
930 2151 1268 2208 alﬁnitatem.
1322 2151 1481 2208 Nunc
1527 2168 1710 2225 operae
1739 2158 1977 2227 pretium

381 2245 490 2301 est,
564 2255 626 2295 re
669 2243 835 2311 paulo
881 2243 1047 2302 altius
1101 2246 1354 2318 repetita,
1414 2247 1748 2318 principium
1797 2248 1978 2306 facere

381 2333 756 2406 chronologiae
777 2335 1153 2394 Hebraaorum.

451 2423 508 2482 3.
543 2424 663 2480 Jam
697 2427 864 2498 hujus
917 2430 1076 2488 initio
1105 2430 1293 2488 statim
1325 2445 1390 2487 ea
1421 2441 1612 2488 narrat
1645 2432 1820 2490 Moses
1853 2451 1976 2506 qua:

380 2517 764 2590 primigeniam
822 2532 1069 2579 nostram
1115 2525 1446 2581 creationem
1505 2533 1755 2596 spectant
1797 2545 1812 2582 :
1848 2537 1974 2598 post

378 2608 682 2666 bonitatem
735 2619 918 2669 autem
972 2615 1268 2684 amissam,
1316 2617 1550 2687 primam
1603 2617 1971 2673 humanarum

377 2703 640 2774 stirpium
687 2706 892 2762 evolvit
951 2707 1266 2775 historiam,
1317 2725 1553 2780 quarum
1595 2712 1968 2782 patriarcham

373 2795 640 2868 praedicat
674 2797 962 2865 Adamum,
989 2801 1086 2872 qui
1115 2801 1337 2872 quidem
1368 2804 1553 2873 generi
1583 2804 1842 2860 universo
1873 2804 1971 2860 ho-

373 2902 671 2961 monymus
694 2899 781 2947 est
817 2911 830 2948 :
861 2907 1099 2964 namque
1147 2891 1321 2948 Adam
1369 2894 1426 2949 in
1482 2893 1835 2968 Hebraeorum
1886 2897 1968 2953 lo-

371 2983 537 3050 quela
560 2993 795 3041 cunctos
824 2984 1080 3042 homines
1108 2986 1408 3044 universim
1437 2987 1730 3058 signiﬁcat.
1762 2989 1965 3044 lEvum

371 3073 564 3144 igitur,
599 3091 710 3146 quo
757 3077 848 3132 hic
902 3078 1162 3150 paradiso
1196 3079 1390 3149 pulsus
1438 3079 1607 3134 vitam
1653 3081 1962 3151 protelavit,

369 3163 598 3221 divinus
631 3182 728 3236 per
765 3165 970 3224 Mosem
1003 3168 1248 3238 Spiritus
1287 3169 1544 3226 edisserit
1587 3188 1600 3225 :
1645 3179 1764 3226 tum
1812 3181 1964 3227 recta
1991 3201 2034 3260 ο

369 3258 518 3314 serie
578 3269 928 3330 posterorum
974 3261 1098 3332 ejus
1162 3263 1576 3318 successionem
1637 3270 1960 3330 enumerat,

368 3347 617 3419 itemque
644 3358 894 3422 tempora
933 3366 1036 3423 pro
1071 3351 1422 3424 singulorum
1452 3351 1706 3408 aetatibus
1742 3371 1756 3408 :
1803 3367 1964 3424 pror-

366 3455 470 3496 sus
505 3449 566 3494 ut
595 3441 708 3512 jam
769 3442 899 3498 inde
925 3443 995 3498 ab
1022 3443 1233 3500 Adamo
1283 3452 1579 3500 contexere
1612 3444 1773 3501 nobis
1801 3445 1963 3500 liceat

363 3542 537 3605 atque
559 3535 820 3592 ordinare
841 3535 1191 3594 Hebraeorum
1214 3537 1648 3609 chronologiam.

437 3626 497 3681 4.
527 3625 663 3680 Nam
694 3634 942 3698 tempora
969 3633 1009 3695 ‘,
1041 3630 1245 3700 quibus
1290 3630 1598 3686 habitatum
1629 3635 1714 3686 est
1736 3628 1792 3684 in
1839 3629 1952 3696 illo,

360 3718 464 3789 qui
514 3716 613 3775 Dei
662 3719 843 3778 dictus
869 3727 973 3787 est,
1009 3722 1287 3793 paradiso,
1337 3739 1498 3778 nemo
1541 3731 1627 3778 est
1664 3722 1758 3793 qui
1801 3720 1954 3777 eﬂari

359 3820 554 3885 queat.
581 3812 696 3870 [mo
725 3815 862 3870 mihi
889 3816 1103 3872 videtur
1129 3816 1398 3873 mirabilis
1450 3816 1542 3871 ille
1575 3815 1776 3880 Moses,
1813 3815 1948 3872 divi-

361 3918 440 3959 no
470 3901 682 3974 Spiritu
706 3919 864 3970 usus,
893 3906 1080 3961 nescio
1111 3905 1260 3976 quod
1291 3904 1658 3961 diversorium
1698 3903 1832 3959 orbe
1854 3918 1954 3958 no-

360 4002 483 4050 stro
513 3995 734 4061 melius,
767 4004 821 4052 et
870 3997 1246 4054 beatissimum
1287 3998 1524 4068 aliquem
1583 3995 1694 4051 Deo
1741 3995 1953 4050 dilecta

2082 1964 2382 2033 hominem,
2417 1965 2685 2025 Dominus
2716 1966 2862 2024 Deus
2888 1983 2919 2022 e
2948 1967 3205 2038 paradiso
3223 1969 3566 2036 deliciarum,
3601 1977 3664 2027 ut

2080 2063 2286 2113 terram
2339 2059 2614 2114 excoleret
2653 2058 2721 2115 de
2777 2074 2883 2129 qua
2919 2070 3172 2129 sumptus
3227 2067 3365 2116 erat.
3415 2060 3482 2115 Et
3501 2061 3664 2133 ejecit

2074 2150 2373 2221 _Adamum,
2406 2167 2643 2224 eumque
2695 2167 2726 2208 e
2767 2153 2989 2224 regione
3045 2152 3285 2224 paradisi
3341 2153 3660 2210 deliciarum

2078 2243 2387 2300 collocavit.
2430 2263 2449 2298 ι
2486 2242 2624 2300 Tum
2656 2243 2808 2299 addit
2833 2248 2898 2269 ’θ’
2943 2263 2956 2300 :
3020 2263 3039 2297 ι
3097 2243 3385 2318 Ingressus
3417 2245 3662 2304 Adamus

2077 2336 2147 2391 ad
2177 2337 2345 2391 Evam
2369 2353 2596 2393 uxorem
2623 2353 2781 2393 suam
2817 2345 2922 2404 est,
2956 2353 3078 2408 quae
3124 2339 3378 2411 concepit
3421 2341 3654 2412 peperit-

2076 2444 2183 2500 que
2234 2427 2488 2484 Cainum.
2562 2449 2582 2483 ι
2637 2429 2816 2501 Atque
2858 2429 2986 2485 hinc
3028 2431 3256 2487 omnino
3296 2439 3488 2488 nostra
3543 2433 3659 2489 haec

2075 2519 2435 2591 chronologia
2481 2521 2768 2577 exordium
2813 2522 2994 2592 capiat
3047 2539 3064 2577 :
3126 2522 3426 2592 superioris
3473 2531 3656 2580 autem

2075 2613 2357 2688 temporis,
2389 2613 2435 2670 si
2465 2627 2574 2684 qua
2603 2621 2708 2680 est,
2744 2614 3000 2679 historia,
3031 2629 3094 2670 ea
3133 2629 3360 2686 prorsus
3383 2624 3446 2672 ut
3467 2616 3658 2673 inetia-

2072 2703 2202 2761 bilis
2233 2719 2264 2759 a
2289 2705 2527 2775 posteris
2550 2706 2889 2777 temporibus
2915 2706 3162 2775 sejuncta
3204 2709 3494 2764 habeatur.
3540 2707 3656 2780 Age

2070 2807 2204 2868 vero
2239 2793 2345 2863 ipsi
2377 2791 2592 2850 Hebraei
2651 2795 2709 2850 in
2739 2796 2856 2852 suis
2902 2798 3244 2869 temporibus
3289 2801 3654 2871 supputandis
3715 2868 3720 2880 ι

2069 2885 2230 2942 valde
2260 2884 2533 2942 dissident
2555 2887 2704 2943 inter
2733 2904 2793 2944 se
2829 2906 2843 2942 :
2878 2904 3051 2960 quare
3081 2905 3262 2960 opera
3299 2892 3538 2962 pretium
3566 2901 3653 2948 est

2069 2984 2317 3032 textuum
2356 2978 2502 3050 apud
2533 2979 2684 3050 ipsos
2707 2983 3038 3036 exstantium
3069 2983 3318 3038 notitiam
3344 2984 3566 3050 habere,
3593 2995 3654 3041 ut

2067 3083 2135 3124 ex
2183 3069 2434 3124 instituta
2500 3071 2604 3126 rite
2649 3073 3061 3143 comparatione
3104 3074 3304 3131 veritas
3355 3075 3648 3132 elucescat.

2067 3160 2242 3219 Porro
2271 3162 2496 3218 Mosaici
2525 3164 2768 3234 quinque
2795 3163 2924 3220 libri
2955 3164 3106 3222 orbis
3137 3166 3434 3236 opiﬁcium,
3460 3175 3650 3226 aetates

2067 3261 2185 3310 tum
2209 3255 2509 3311 viventium
2535 3262 2662 3311 ante
2691 3256 2959 3312 diluvium
2985 3268 3098 3313 tum
3130 3258 3438 3328 priscorum
3463 3260 3648 3316 homi-

2065 3364 2196 3403 num
2223 3355 2346 3418 post
2378 3347 2536 3415 illud,
2571 3363 2674 3404 nec
2708 3364 2818 3405 non
2859 3347 3156 3406 Hebraicas
3197 3353 3547 3424 propagines,
3594 3361 3649 3411 et

2066 3434 2302 3505 denique
2326 3434 2494 3492 Mosis
2526 3453 2591 3492 ex
2633 3437 2736 3492 hac
2759 3437 2870 3492 vita
2893 3454 3182 3496 excessum
3217 3443 3470 3500 recitant.

2137 3525 2188 3581 7.
2233 3524 2338 3581 Sed
2363 3527 2509 3581 enim
2536 3525 2696 3600 Legis
2723 3526 2990 3584 Volumen
3003 3531 3146 3601 apud
3173 3529 3485 3589 Iudaeorum
3521 3549 3648 3590 suc-

2063 3632 2315 3675 cessores
2350 3619 2510 3675 aliter
2559 3635 2618 3676 se
2649 3620 2840 3689 habet,
2883 3630 3047 3694 atque
3094 3625 3238 3696 apud
3267 3623 3645 3685 Samaritanos

2061 3713 2156 3782 qui
2206 3711 2428 3768 fuerunt
2481 3711 2796 3769 Iudaeorum
2844 3717 3122 3789 proselyti.
3179 3719 3321 3785 Quin
3349 3720 3484 3775 adeo
3513 3721 3645 3792 ipsa:

2059 3805 2255 3860 litterae
2280 3806 2388 3860 alia
2412 3803 2587 3861 forma
2617 3807 2858 3877 praedita:
2885 3818 3014 3865 sunt
3051 3809 3196 3880 apud
3231 3809 3510 3878 Hebraeos,
3535 3815 3642 3870 alia

2061 3897 2207 3968 apud
2245 3895 2624 3955 Samaritanos
2660 3919 2674 3955 :
2717 3901 2869 3971 atqui
2895 3899 3271 3960 Samaritanas
3295 3907 3559 3976 genuinas
3587 3915 3642 3962 et

2059 3989 2413 4061 primigenias
2443 3989 2722 4048 habendas
2761 4007 2916 4058 esse,
2968 4009 3037 4050 ne
3065 3992 3374 4050 Iudaeorum
3420 3985 3641 4068 quidem

358 4091 492 4144 vitae
521 4088 820 4144 incolatum
856 4089 1104 4154 innuere,
1129 4106 1254 4146 cum
1285 4091 1494 4161 primas
1527 4087 1754 4142 humani
1783 4102 1948 4160 gene-
2054 4081 2303 4138 haeredes
2331 4082 2538 4139 inﬁtias
2565 4084 2724 4140 ibunt
2739 4087 2846 4138 “".
2882 4084 3048 4156 Igitur
3067 4095 3194 4142 ante
3225 4095 3465 4146 mutatas
3493 4090 3642 4146 litte-

358 4181 445 4237 ris
475 4180 637 4238 sedes
658 4182 978 4252 paradisum
1012 4183 1250 4254 appellat
1281 4182 1400 4255 (5):
1437 4195 1633 4251 nempe
1675 4177 1950 4235 Adamum
2053 4189 2146 4232 ras
2193 4175 2404 4231 nullum
2448 4178 2594 4233 inter
2619 4192 2715 4233 eos
2746 4177 3037 4234 discidium
3069 4178 3192 4234 fuit.
3245 4179 3460 4238 Rursus
3491 4183 3640 4254 quod

359 4271 422 4327 in
447 4273 711 4344 paradiso
742 4274 1055 4331 suaviorem
1099 4274 1514 4345 dulcioremque
1552 4273 1723 4328 vitam
1778 4271 1951 4344 agita-
2052 4267 2248 4324 attinet
2271 4266 2340 4323 ad
2367 4266 3129 4358 chronologiamlmanil‘estus
3157 4277 3242 4328 est
3269 4271 3506 4342 partium
3528 4269 3644 4327 dis-

433 4473 503 4544 (‘)
546 4474 660 4547 Τὴν
699 4475 798 4547 μὲν
829 4477 1105 4550 ποσότητα
1136 4477 1230 4532 τοῦ
1253 4477 1448 4551 χρόνου
1474 4475 1575 4548 τῆς
1601 4477 1660 4529 ὲν
1688 4473 1767 4546 τῷ
1802 4492 1843 4528 π

356 4543 600 4616 om;
637 4548 877 4620 Μωῦσῆς
905 4549 1280 4603 καταλέλοιπε.
1319 4548 1405 4603 Ea:
1434 4545 1708 4618 Syncello,
1726 4560 1778 4614 p.
1809 4545 1843 4599 4

458 4637 521 4707 “)
561 4640 672 4692 Καὶ
709 4639 1088 4704 ἐξαπέστειλεν
1129 4641 1291 4694 αὐτὸν
1315 4643 1519 4712 Κύριος
1561 4639 1591 4691 ὁ
1641 4637 1869 4723 Θεὸςμὲκ
1928 4639 2020 4696 τοῦ
2071 4643 2401 4714 παραδείσου
2445 4641 2545 4712 τῆς
2576 4640 2806 4722 τρυφῆς,
2842 4639 3169 4765 ἐργάζεσθαι
3200 4639 3298 4713 τὴν
3342 4639 3446 4723 γῆν
3491 4634 3642 4765 sig};

383 4638 592 4780 λὶξφθη.
652 4711 762 4763 Καὶ
818 4711 1039 4776 ἐξέϐαλε
1097 4712 1186 4765 τὸν
1249 4712 1456 4780 Ἀδὰμ,
1509 4711 1604 4765 καὶ⁹
1664 4724 1970 4778 κατῳκισεν
2019 4714 2185 4768 αὐτὸν
2233 4712 2497 4768 ἀπέναντι
2555 4729 2651 4766 του
2712 4729 2863 4780 παρα
2895 4712 3042 4766 είσου
3095 4729 3197 4780 της
3256 4728 3490 4780 τρυφης.
3601 4727 3642 4766 ω

351 4708 592 4834 tangam].
626 4711 799 4837 £134
818 4711 1039 4776 ἐξέϐαλε
1097 4712 1186 4765 τὸν
1249 4708 1456 4784 Ἀδὰμ,
1509 4711 1604 4765 καὶ
1664 4708 1970 4778 κατῴκισεν
2019 4708 2185 4768 αὐτὸν
2233 4708 2512 4768 ἀπέναντι
2555 4708 2651 4766 τοῦ
2695 4708 3042 4784 ’παραδείσου
3095 4713 3197 4783 τῆς
3255 4708 3490 4784 τρυφῆς.
3553 4708 3642 4766 Ex

402 4797 487 4834 en.
518 4796 603 4845 ιιι,
702 4823 716 4849 ,
807 4823 819 4835 .
1604 4809 1606 4811 ν

425 4874 541 4946 (“⁴)
593 4875 765 4946 Ἀδὰμ
789 4875 845 4928 δὲ
871 4874 1013 4946 ἔγνω
1040 4876 1186 4930 Εὕαν
1212 4877 1311 4949 τὴν
1339 4881 1572 4948 γυναῖκα
1600 4880 1786 4936 αὐτοῦ’
1815 4882 1910 4936 καὶ
1945 4879 2203 4934 συνέλαϐε
2231 4881 2325 4934 καὶ
2348 4879 2502 4934 ἔτεκε
2538 4878 2630 4934 τὸν
2664 4878 2918 4935 ΚάἳνἙπ
2941 4879 3212 4944 Gen.lv,l.

427 4969 931 5094 (⁶·⁶·ἐλΔιαφωνοῦσι
961 4971 1032 5024 τὰ
1065 4972 1326 5054 Ἑϐραϊκὰ
1356 4974 1665 5047 ἀντίγραφα
1695 4977 1829 5048 πρὸς
1843 4977 1905 5030 τὸ
1933 4976 2288 5102 ξαμοῖειτῶν
2315 4976 2666 5048 ἀρχαιότατον
2699 4976 2793 5030 καὶ
2816 4978 2928 5040 τοῖς
2945 4975 3286 5049 χαρακτῆρσι
3307 4973 3638 5043 διαλλάττον,

427 5039 514 5095 ut
608 5040 736 5102 nos;
757 5037 898 5095 εἶναι
931 5043 1025 5097 καὶ
1051 5059 1266 5102 πρωτον
1326 5044 1565 5102 Ἑϐραῖοι
1592 5045 2042 5102 καθομολογουσι.
2122 5064 2159 5101 ,τ
2189 5047 2455 5102 Stmcello.
2483 5063 2536 5102 υ.
2571 5042 2643 5102 85
2670 5045 2734 5102 C.

2122 5064 2159 5101 ,τ

347 5039 380 5093 ὃ
414 5039 514 5095 καὶ
536 5037 736 5113 ἀληθὲς
757 5037 898 5095 εἶναι
931 5043 1025 5097 καὶ
1051 5037 1266 5114 πρῶτον
1326 5037 1565 5117 Ἑϐραῖοι
1592 5037 1977 5120 καθοίιολογώ

2076 5037 2159 5102 Ex
2189 5037 2455 5118 Synce'll'o,
2482 5063 2536 5118 p.
2571 5042 2643 5104 85
2670 5045 2734 5104 C.

767 4494 798 4530 ν
829 4477 1105 4550 ποσότητα
1136 4477 1230 4532 τοῦ
1253 4477 1448 4551 χρόνου
1474 4475 1575 4548 τῆς
1601 4477 1660 4529 ὲν
1688 4472 1767 4546 τῷ
1802 4476 2118 4600 παραδείσῳ
2165 4477 2443 4548 διαγωγῆς
2486 4476 2595 4532 τῶν
2623 4475 3066 4548 πρωτοπλάστων
3109 4474 3418 4548 ἀτράνωτον
3448 4475 3581 4548 ἡμῖν
3612 4477 3644 4530 ὁ

767 4549 877 4600 isi:
905 4549 1280 4600 καταλέλοιπε.
1319 4548 1405 4600 Ea:
1434 4545 1708 4600 Suncello.
1727 4560 1778 4600 υ.
1809 4545 1843 4599 4
1927 4589 1941 4600 .

423 5189 667 5261 (ίὶϐεη.
698 5212 754 5260 x,
780 5194 874 5251 22.
1669 5255 1678 5274 ,

2132 5204 2211 5276 (4)
2244 5203 2358 5259 lmo
2392 5204 2449 5258 hi
2506 5202 2646 5276 Ludi
2695 5201 2829 5276 olim
2874 5200 3204 5276 dicebantur
3232 5208 3373 5276 teste
3396 5198 3636 5276 Iosepho

423 5282 869 5371 (ZLS‘uﬁ‘ragatur
885 5285 1090 5371 diserte
1112 5285 1386 5371 Iosephus
1405 5291 1589 5371 Antiq.
1617 5271 1720 5354 1,6
1739 5311 1752 5346 :
1783 5292 1948 5371 Ἔλα-

2078 5271 2628 5371 ocol'nuperlitudalto
2666 5292 2679 5328 :
2727 5272 2933 5337 Λυδοὺς
2972 5271 3068 5326 νῦν
3111 5271 3358 5338 καλοῦσι,
3402 5272 3637 5328 Λούδουθ

2076 5347 2111 5371 PL
2133 5363 2162 5371 _
2195 5363 2252 5371 _-
2316 5345 2411 5371 A-.'.
2452 5362 2512 5371 ...Α
2577 5361 2728 5371 ιι-.--

351 5344 455 5427 μοξ
489 5344 852 5434 ’Ἑῃμαῖουςλ
884 5344 1111 5428 Περσῶν
1160 5344 1708 5434 δντὶιςνᾶρχήγέταξί
1729 5344 1947 5416 κατέλι-
2054 5344 2512 5410 5&76'55’71‘0‘55“;
2547 5344 2753 5399 ἔκτισε·

347 5425 454 5480 πεν
479 5442 495 5455 ·
525 5425 751 5481 Ειαηιαε
785 5425 1076 5504 ισξιαηιιέοε,
1102 5430 1193 5498 qui
1222 5445 1342 5486 sum
1372 5425 1680 5487 I’Ers'arunt
1698 5435 1946 5504 progeni-

349 5507 514 5562 tores,
550 5499 866 5566 procreavit.

2125 5433 2202 5508 (5)
2226 5436 2302 5492 De
2325 5436 2600 5508 paradiso,
2621 5437 2674 5508 in
2693 5451 2804 5508 quo
2821 5434 2998 5508 Moses
3014 5437 3342 5508 collocatum
3361 5435 3634 5508 Adamum

2051 5507 2276 5572 narrat,
2333 5507 2478 5560 haud
2533 5507 2776 5560 absimili
2834 5507 2999 5562 modo
3039 5507 3301 5577 loquitur
3362 5507 3633 5563 Eusebius

421 5585 503 5653 (5)
536 5584 683 5664 idem
735 5587 897 5664 plane
924 5589 1111 5664 tradit
1137 5589 1431 5664 _Josephus
1457 5593 1580 5648 loco
1628 5593 1890 5664 praedicto
1924 5613 1941 5651 :

2076 5577 2242 5647 Prwp.
2300 5593 2511 5664 ev.‘Xll_,
2543 5577 2632 5664 iri“,
2667 5577 2778 5664 ‘15,.
2811 5579 2904 5664 qui
2927 5584 2990 5660 _et
3037 5576 3334 5664 Mosaicam
3364 5581 3638 5634 narratio-

361 5647 710 5744 :Afggagasq;
734 5647 863 5744 ἷςοὺς
895 5647 1716 5744 ν’ὖν’Χαλδαίοιιξ-καλορμέγδυς
1745 5647 1947 5744 ζΑρφαζ

2076 5664 2178 5703 tem
2209 5649 2535 5719 opportunis
2566 5647 2812 5702 Platonis
2837 5648 2974 5704 locis
3003 5651 3318 5705 conﬁrmat.

348 5709 625 5816 ξειδάξρυς,
653 5709 964 5816 ὧνόραξτεν,
993 5730 1165 5814 ᾇρξας
1213 5709 1393 5788 αὐτῶν
1421 5750 1436 5762 '
1465 5709 1943 5816 Atfphlaxrtdesrizo:

2076 5811 2079 5816 _
2125 5740 2202 5812 (6)
2247 5709 2648 5816 IS-uhohscurus
2701 5739 2788 5795 vel
2831 5741 3122 5816 perplexus
3177 5749 3232 5798 et
3267 5742 3553 5815 ambiguus
3578 5741 3632 5796 in

348 5798 882 5936 ῗιςῗΑνρΙιαταάωὶε
907 5798 1051 5870 fecit,
1085 5819 1306 5873 quorum
1342 5798 1722 5877 princepsh'el
1749 5806 1940 5877 pater)
2051 5798 2367 5871 Arnieniac<
2409 5798 2556 5869 textu
2589 5811 2763 5869 locus.

378 5884 431 5920 at
463 5908 482 5925 .

378 5876 482 5925 ait.
