4070 6392
399 325 504 380 ib"!

1074 323 1350 382 EUSEBII
1387 321 1869 382 CAESARIENSIS
1903 321 2056 380 OPP.
2097 322 2282 380 PARS
2313 321 2354 379 I.
2394 355 2466 366 ——
2505 323 2907 386 HISTORICA.

3581 330 3603 384 Ι
3615 332 3690 384 68

399 444 534 501 illud
563 443 810 514 quinque
867 443 1331 514 procreationum,
1367 444 1514 514 quod
1568 459 1600 498 a
1645 442 1898 499 Naasone
1924 444 1990 498 ad
2023 457 2066 513 Α
2096 445 2331 500 trecenti
2360 457 2695 518 consurgent
2710 446 2811 518 (ι),
2834 446 2980 519 quod
2997 447 3172 519 ipsius
3189 445 3418 520 Jephtzei
3441 449 3691 505 testimo-

401 537 661 596 Davidem
682 537 940 608 pertinet,
972 537 1079 592 nisi
1112 536 1182 592 ab
1211 541 1370 593 annis
1396 553 1609 592 coLxxx
1634 536 1994 593 detrahantur

401 631 534 686 anni
564 645 634 686 XL
669 629 839 685 Mosis
874 629 930 683 in
960 630 1183 685 deserto
1212 629 1462 700 degentis
1488 647 1502 696 ;
1527 638 1644 683 tum
1673 637 1727 684 et
1754 638 1995 700 quatuor

2097 536 2192 592 nio
2221 541 2491 592 lirmatur.

2167 628 2256 684 50.
2275 627 2474 685 Nostra
2503 627 2671 701 igitur
2689 627 3045 701 clironologia
3077 628 3181 686 hac
3208 629 3421 688 ratione
3445 630 3690 705 explice-

399 721 737 786 Salomonis,
775 723 851 776 ita
872 729 933 776 ut
956 721 1156 792 reliqui
1197 720 1309 774 sint
1329 736 1565 776 cnxxxvt
1592 737 1767 794 usque
1793 721 1861 776 ad
1887 721 1995 775 Da-
2095 727 2208 776 tur.

394 816 540 871 vidis
574 815 1015 886 obitum;hique
1051 814 1106 869 in
1157 813 1404 884 quinque
1460 815 1872 886 procreationes
1917 815 1992 869 ita

394 908 729 973 tribuantur,
772 917 833 965 ut
892 909 1093 980 cuique
1149 910 1269 964 viro
1316 923 1441 964 cum
1483 909 1752 980 gigneret,
1813 924 1992 964 annus

393 1003 573 1058 aetatis
595 1018 775 1058 Lxxxv
799 1003 874 1076 (l)
905 1003 1219 1076 aSsignetur
1241 1020 1254 1056 :
1287 1017 1451 1074 quam
1469 1003 1513 1058 si
1541 1003 1665 1073 quis
1686 1010 1848 1073 paqu
1866 1018 1992 1073 per-

392 1097 669 1167 spicacior
703 1095 1040 1160 consideret,
1067 1097 1374 1152 doctrinam
1436 1112 1623 1151 veram
1683 1104 1987 1168 agnoscet;

388 1187 693 1258 praesertim
718 1186 764 1243 si
796 1168 865 1241 ad
895 1185 1117 1242 Davidis
1139 1188 1303 1242 etiam
1338 1187 1543 1241 natalia
1575 1187 1856 1254 respiciat.
1885 1185 1989 1242 Se-

389 1280 443 1335 ni
466 1280 669 1351 quippe
701 1277 873 1335 Jessaa
921 1287 1085 1335 natus
1114 1287 1199 1343 est
1223 1286 1421 1335 octavo
1469 1279 1591 1335 loco
1623 1278 1815 1345 David,
1861 1287 1991 1349 post

387 1379 596 1442 septem
632 1371 833 1428 fratres
863 1379 997 1426 natu
1019 1371 1260 1440 majores
1285 1371 1384 1438 (2).
1449 1369 1592 1426 llinc
1635 1387 1875 1442 quoque,
1902 1375 1990 1426 in-

384 1465 628 1536 quimus,
661 1463 802 1520 ratio
822 1464 998 1520 aetatis
1026 1463 1450 1534 praecedentium
1511 1463 1834 1519 aestimanda
1878 1471 1984 1520 est.

383 1556 553 1629 Igitur
580 1557 647 1612 de
679 1557 948 1612 sententia
974 1556 1152 1611 nostri
1189 1555 1507 1627 Regnorum
1559 1555 1688 1611 libri
1736 1571 1767 1610 a
1793 1556 1986 1610 relicta

383 1649 623 1722 Egypto
662 1647 731 1704 ad
764 1648 1114 1704 Salomonem
1172 1648 1552 1719 templumque
1599 1655 1983 1703 constructum

381 1743 514 1799 anni
547 1742 811 1797 labuntur
839 1757 1054 1797 anXXX
1087 1760 1100 1796 :
1136 1741 1214 1796 ita
1244 1749 1428 1795 tamen
1461 1748 1520 1794 ut
1547 1747 1798 1811 tempora
1844 1757 1984 1812 quo-

381 1850 489 1907 que
519 1834 952 1905 alienigenarum
987 1833 1041 1886 in
1081 1833 1170 1888 his
1203 1832 1765 1903 comprehendantur,
1818 1833 1981 1889 seriei
2012 1822 2056 1877 Β

380 1917 706 1992 interposita
761 1921 1021 1978 Iudicum
1069 1922 1164 1993 qui
1205 1936 1392 1977 rerum
1445 1937 1512 1977 ex
1572 1921 1768 1978 ordine
1824 1922 1986 1994 potiti

380 2021 532 2068 sunt.

448 2105 541 2161 29.
562 2104 670 2162 Sed
683 2107 828 2162 enim
841 2115 896 2163 et
909 2105 1018 2161 alio
1039 2106 1204 2162 modo
1217 2123 1288 2162 ex
1317 2106 1440 2178 ipso
1452 2106 1594 2161 libro
1608 2103 1863 2160 Iudicum
1892 2121 1983 2162 res

378 2195 616 2253 lucidius
657 2195 972 2252 innotescit.
1015 2193 1115 2250 Jus
1156 2194 1360 2266 pepulo
1391 2193 1651 2249 reddebat
1679 2191 1981 2264 Jeplntaeus,

377 2296 682 2360 contraque
711 2305 836 2344 eum
857 2288 1303 2343 Amorrhaeorum
1334 2287 1536 2342 bellum
1555 2284 1852 2340 conﬂatum
1890 2292 1978 2339 est

376 2383 636 2440 Iordanis
663 2380 810 2436 ﬂuvii
835 2383 1164 2438 incolarum.
1195 2380 1249 2436 Is
1279 2389 1464 2435 autem
1491 2378 1748 2433 nuntium
1781 2375 1850 2432 ad
1881 2375 1983 2430 ho-

377 2484 515 2534 stem
542 2476 694 2532 misit
719 2477 804 2532 his
830 2475 1010 2531 verbis
1033 2476 1082 2527 z‘
1105 2491 1124 2525 ι
1154 2471 1296 2528 Num
1321 2479 1378 2526 tu
1407 2471 1600 2526 melior
1623 2468 1842 2537 Balaco,
1869 2467 1982 2524 ﬁlio

377 2567 763 2641 5«·ρ1ιοι·ἰε(5),
801 2582 930 2640 rege
981 2564 1392 2622 Moabitarum?
1444 2563 1546 2618 Hic
1600 2570 1784 2617 autem
1841 2576 1975 2617 num

377 2659 520 2717 forte
543 2676 668 2716 cum
697 2659 900 2717 Israele
921 2659 1136 2716 rixatus
1167 2667 1252 2714 est
1279 2671 1545 2711 manusve
1568 2655 1850 2710 conseruit
1869 2669 1980 2725 quo

375 2761 622 2825 tempore
653 2753 822 2810 Israel
845 2751 1121 2809 incolebat
1151 2749 1459 2806 Esebonem
1502 2747 1736 2821 ejusque
1774 2747 1978 2804 subura

378 2849 547 2917 bana,
577 2848 813 2904 Azerum
849 2861 973 2901 cum
1003 2845 1122 2900 suis
1155 2843 1314 2915 pagis
1340 2841 1409 2896 ad
1442 2856 1659 2896 amnem
1680 2838 1976 2894 Iordanem

378 2941 450 2996 ab
483 2941 644 2997 annis
682 2938 991 2996 trecentis?
1019 2934 1224 3003 Quidni
1257 2949 1354 2991 eos
1407 2949 1505 3005 per
1546 2933 1600 2988 id
1650 2940 1867 3003 tempus
1921 2932 1978 2986 in

377 3032 691 3089 libertatem
723 3029 1182 3088 vindicaverunt?
1218 3047 1237 3081 ι
1265 3027 1432 3101 Atqui
1485 3025 1573 3082 his
1617 3027 1777 3082 docet
1806 3025 1980 3095 Jeph-

2450 831 2481 867 Δ
2516 828 2657 869 IOSB
2688 827 2857 878 ιιερυε
2886 829 2952 869 ΑΒ
2981 828 3324 874 ελιοιοιιειι.

2167 903 2336 961 Mosis
2359 907 2486 961 anni
2515 923 2604 962 XL.

2162 997 2350 1054 Josuaa
2380 1000 2511 1055 anni
2542 1017 2712 1058 xxvn.

2161 1090 2604 1164 Alienigenarum
2625 1102 2682 1149 et

2165 1183 2513 1241 Gothonielis
2543 1187 2746 1256 iudicis
2779 1188 2908 1244 anni
2943 1204 3082 1244 Lxxx
3108 1188 3207 1259 (5).

2159 1276 2604 1348 Alienigenarum
2641 1294 2740 1336 nec
2759 1295 2870 1335 non

2163 1367 2390 1425 Deboraa
2424 1378 2478 1425 et
2500 1369 2691 1426 Baraci
2719 1373 2850 1428 anni
2879 1389 2969 1429 XL.

2161 1458 2433 1518 Gedeonis
2465 1463 2596 1517 anni
2625 1479 2718 1520 XL.

2159 1551 2498 1610 Abimelechi
2528 1557 2658 1611 anni
2681 1574 2765 1615 ιιι.

2161 1640 2350 1699 Tholaa
2383 1645 2514 1701 anni
2541 1661 2682 1704 XXII.

2155 1733 2288 1791 Jairi
2315 1739 2444 1792 anni
2466 1754 2607 1796 XXII.

2157 1829 2606 1900 Alienigenarum
2624 1840 2680 1888 et

2157 1917 2372 1990 Jephta:
2393 1921 2596 1992 judicis
2615 1923 2744 1977 anni
2769 1937 2845 1978 vt.

2161 2011 2462 2085 Sebegonis
2491 2015 2566 2085 (6)
2599 2017 2729 2071 anni
2757 2033 2857 2072 vlt.

2155 2104 2435 2164 Labdonis
2467 2108 2544 2178 (7)
2571 2110 2700 2164 anni
2724 2125 2841 2165 vui.

2159 2199 2604 2270 Alienigenarum
2636 2208 2692 2256 et

2157 2288 2443 2347 Samsonis
2479 2293 2612 2348 anni
2651 2310 2723 2348 xx
2753 2293 2854 2364 (8).

2159 2381 2237 2437 Eo
2269 2391 2514 2454 tempore
2536 2393 2748 2457 gestum
2777 2397 2861 2443 est
2891 2387 3093 2443 bellum
3127 2385 3376 2446 Iliacum.

2157 2474 2276 2530 Heli
2297 2478 2425 2532 anni
2461 2495 2550 2534 XL.

2154 2561 2427 2625 Samuelis
2451 2578 2504 2626 et
2535 2569 2718 2629 Saulis
2751 2572 2880 2628 anni
2904 2588 2993 2628 ιι..

2159 2655 2383 2714 Davidis
2408 2661 2539 2715 anni
2568 2677 2658 2716 XL.

2145 2747 2453 2807 Salomonis
2483 2754 2610 2808 anni
2641 2771 2694 2810 tv
2723 2771 2897 2828 usque
2925 2757 2993 2813 ad
3025 2759 3214 2830 templi
3246 2757 3558 2815 aediﬁcium.

2153 2837 2380 2894 Summa
2399 2857 2430 2896 a
2464 2841 2617 2899 Mose
2647 2859 2985 2917 egressuque
3016 2848 3085 2903 ab
3109 2848 3344 2922 Egypto
3373 2865 3548 2922 usque
3597 2848 3666 2906 ad

2077 2931 2267 3000 templi
2291 2940 2644 3000 structuram,
2677 2936 2803 2990 anni
2831 2953 3044 2993 anxxx
3070 2939 3170 3007 (9).

2146 3021 2238 3078 51.
2267 3022 2341 3078 De
2366 3023 2534 3080 Josua
2562 3025 2730 3083 Mosis
2765 3045 3086 3086 successore
3111 3031 3248 3086 liber
3281 3031 3430 3087 illius
3473 3030 3667 3086 hamo-

377 3132 536 3189 twus,
563 3138 594 3177 a
619 3121 788 3179 Mosis
815 3120 1155 3192 temporibus
1183 3117 1494 3188 Balacoque
1543 3114 1809 3186 Sephoris
1860 3116 1974 3170 ﬁlio
2003 3176 2045 3192 Α
2075 3130 2274 3187 nymus
2302 3115 2439 3171 nihil
2463 3125 2672 3186 narrat,
2723 3128 3086 3191 prmterqnam
3115 3122 3260 3192 quod
3319 3136 3464 3177 anno
3487 3123 3666 3178 aetatis

375 3231 551 3288 usque
583 3214 651 3270 ad
683 3229 838 3271 suam
870 3220 1088 3268 aetatem
1119 3225 1295 3266 annos
1313 3209 1644 3281 interiacere
1665 3216 1966 3265 trecentos.

375 3307 432 3363 Id
454 3317 637 3363 autem
668 3307 769 3362 aevi
799 3307 1038 3377 spatium
1064 3305 1218 3361 nullo
1272 3310 1434 3376 pacto
1489 3302 1800 3367 conﬁcitur,
1860 3301 1973 3357 nisi

373 3409 625 3472 tempora
690 3400 1146 3471 alienigenarum,
1197 3406 1259 3454 ut
1302 3398 1564 3466 diximus,
1625 3395 1816 3452 eadem
1848 3411 1972 3452 esse

371 3501 636 3566 putentur
667 3510 788 3566 qua:
809 3491 1062 3548 Iudicum
1081 3498 1349 3564 potestate
1372 3491 1736 3562 iungentium.
1761 3488 1972 3545 Revera

371 3587 421 3644 si
446 3603 645 3653 annos,
692 3587 894 3658 quibus
931 3585 1168 3658 populus
1199 3585 1630 3656 alienigenarum
1659 3584 1712 3638 vi
1745 3599 1972 3654 pressus

371 3677 618 3744 servivit,
645 3679 877 3734 seorsim
900 3685 1194 3750 supputes,
1227 3685 1476 3748 tempora
1521 3677 1833 3732 mehercule
1855 3685 1965 3732 tre-

368 3770 657 3828 centesimi
682 3771 812 3825 anni
835 3769 971 3827 ﬁnes
1002 3769 1140 3826 satis
1193 3768 1483 3825 excedent.
1514 3766 1720 3824 Contra
1767 3768 1814 3826 si
1860 3783 1962 3823 an-

369 3877 472 3918 nos
518 3862 918 3918 dominantium
968 3861 1223 3918 Judicum
1272 3860 1652 3917 tantummodo
1686 3877 1964 3929 numeres,

371 3954 652 4011 adeﬁnito
697 3955 866 4013 Mosis
913 3966 1160 4027 tempore
1215 3955 1284 4011 ad
1313 3949 1616 4026 Jephueum
1676 3945 1807 4011 anni
1861 3954 1962 4010 tibi

1998 3176 2046 3238 Ο

2075 3209 2376 3265 centesimo
2397 3209 2610 3265 decimo
2642 3211 2799 3267 obiit.
2835 3211 3044 3268 Hebraei
3072 3220 3255 3270 tamen
3275 3214 3435 3268 annis
3456 3223 3663 3284 septem

2075 3317 2246 3372 supra
2288 3301 2480 3374 viginti
2521 3303 2782 3359 ducatum
2823 3305 2894 3360 ab
2924 3320 2990 3360 eo
3038 3314 3252 3376 gestum
3311 3308 3664 3376 conﬁrmant,

2074 3395 2212 3451 adeo
2245 3403 2304 3450 ut
2353 3399 2471 3466 ipse
2499 3411 2706 3452 annum
2737 3412 2904 3467 agens
2952 3401 3130 3455 astatis
3181 3398 3662 3470 quadragesimum

2073 3488 2297 3543 tertium
2330 3503 2396 3544 ex
2428 3488 2664 3562 Egypto
2693 3490 2822 3546 cum
2849 3491 2999 3548 Mose
3023 3491 3367 3548 discesserit.
3398 3488 3520 3545 Jam
3576 3490 3663 3544 vel

2075 3578 2250 3650 ipsius
2273 3578 2548 3638 Samuelis
2585 3591 2832 3654 tempora
2866 3583 3309 3655 quandoquidem
3363 3583 3508 3638 sacri
3535 3580 3662 3638 libri

2073 3674 2362 3744 perspicue
2391 3691 2502 3730 non
2523 3675 2772 3740 tradunt,
2821 3692 2923 3748 ego
2976 3679 3199 3749 quidem
3258 3677 3404 3748 quod
3450 3691 3484 3730 a
3533 3676 3663 3730 divo

2072 3765 2323 3834 apostolo
2355 3764 2424 3819 de
2454 3765 2620 3822 Saule
2642 3767 2854 3823 dictum
2875 3777 2979 3834 est,
3005 3769 3059 3825 id
3091 3767 3244 3824 Sauli
3297 3783 3452 3840 aeque
3472 3778 3528 3824 et
3554 3767 3657 3824 Sa-

2070 3859 2236 3914 mueli
2257 3875 2605 3917 communem
2637 3877 2759 3918 esse
2778 3872 2986 3934 putem.
3019 3863 3178 3920 Certe
3201 3863 3508 3920 Samuelem
3538 3867 3663 3935 plu-

2066 3951 2227 4009 rimis
2258 3953 2420 4008 annis
2453 3953 2741 4025 praeluisse
2768 3955 2971 4027 populo
3003 3967 3230 4028 apparet
3259 3977 3273 4012 :
3312 3955 3498 4014 Saulis
3521 3973 3656 4014 vero

438 4179 505 4252 (')
543 4180 654 4235 Καὶ
685 4177 782 4234 νῦν
838 4177 911 4250 μὴ
933 4177 1228 4260 ,κρείσσων
1257 4173 1308 4231 εἷ
1349 4178 1414 4231 σὺ
1459 4176 1563 4267 τοῦ,
1596 4177 1782 4231 Βαλὰκ
1827 4177 1944 4260 υἱοξ
1990 4176 2227 4258 Σετεφὼρ
2278 4177 2544 4269 βασιλέως
2592 4177 2794 4244 Mde;
2843 4179 2917 4252 μὴ
2963 4179 3113 4254 μάχῃ
3156 4181 3475 4252 ὲμαχῦσατο
3515 4181 3652 4251 μετὰ

438 4251 617 4304 mai-ll.
674 4251 707 4304 il
747 4249 1000 4304 πολεμων
1033 4247 1376 4304 ἐπολέμησεν
1415 4250 1474 4302 ἐν
1505 4249 1732 4304 αυτοῖςε
1782 4249 1840 4302 ὲν
1872 4267 1952 4304 τω
1999 4251 2220 4304 οἰκησαι
2295 4249 2495 4304 ισοαὴλ
2539 4251 2598 4302 ὲν
2636 4249 2842 4304 Ἐσεδὼ
2909 4253 3004 4304 καὶ
3047 4255 3106 4304 ὲν
3150 4255 3269 4304 ταῖς
3317 4219 3651 4304 θυγατράσιν

380 4247 708 4333 Ide-amni}
747 4247 1007 4333 ῳῇεεῶύ
1033 4247 1387 4333 ὲτξοῇέμηςειί
1415 4250 1474 4302 ἐν
1505 4249 1732 4333 αὐῖοῖςς
1778 4248 1952 4333 sxa-rt?)
1999 4247 2247 4333 o‘ix-‘ﬁoa't.
2278 4247 2502 4333 Ἰσραὴλ
2539 4251 2598 4302 ὲν
2636 4247 3113 4333 Ἐὶσεξὼήὶιάξιὲὗ
3150 4247 3269 4316 τὰῖς

367 4319 660 4409 atii-7145:3411
684 4319 983 4409 ξνςΑροὴρ
1010 4319 1349 4409 δαὶςὲνέταῖς.
1361 4319 1704 4409 Θυγατρᾲσιη
1733 4319 1932 4409 αὐτῆς.
1956 4321 2146 4409 atratis»;
2179 4319 2532 4409 πάσὲεςατηὰίς
2559 4320 2713 4392 παρὰ
2742 4322 2835 4376 τὸν
2870 4323 3164 4395 Ἰορδάνην,
3190 4319 3612 4396 τριακόϐιαἜτη
3635 4339 3651 4389 ;

365 4393 421 4446 τί
440 4389 522 4447 ὄτί
549 4393 651 4447 οὐκ
680 4389 1169 4466 ἐρύσαντάαὺτοὺς
1193 4392 1252 4444 ἐν
1281 4389 1360 4463 τῷ
1387 4389 1565 4463 καιρῷ
1586 4390 1820 4461 ὲκείνῳ;
1850 4389 1931 4445 Ea:
1960 4425 1975 4444 .

2058 4389 2145 4446 lic.
2179 4408 2237 4446 XI
2285 4389 2480 4456 25,26.

438 4619 518 4690 (1)
548 4617 786 4690 corrigit
812 4631 1036 4690 Lxvatt
1057 4614 1374 4690 _Aucherus.

427 4687 518 4760 3(2)
550 4691 567 4744 1
603 4687 881 4760 Reg.xvt,
913 4687 1100 4760 10,“.

365 4753 523 4886 3(3).
545 4761 604 4815 In
633 4753 842 4814 codicis
901 4753 1053 4815 Arm.
1112 4763 1267 4814 textu
1310 4753 1553 4826 Saporis,
1596 4756 1655 4812 in
1705 4755 1957 4829 margine

413 4847 570 4886 ϐοτη.

413 4847 570 4886 εονιε.

440 4901 517 4973 (4)
545 4899 710 4966 Atqui
737 4897 962 4954 nonnisi
1006 4913 1254 4973 ccnxxx,_
1299 4897 1585 4973 uti_nunc
1639 4897 1956 4973 se‘habent

367 4968 510 5042 apud
545 4973 791 5042 codicem
820 4973 970 5042 Arm.
1002 4971 1218 5042 numeri
1242 4969 1299 5023 in
1343 4968 1530 5042 tabula
1573 4968 1824 5042 proxime
1849 4969 1952 5042 ad-

365 5039 564 5099 denda.
588 5039 708 5096 Jam
737 5043 792 5094 in
822 5041 924 5093 hac
951 5040 1207 5095 universa
1238 5039 1542 5109 quastione
1569 5039 1954 5109 constituenda

364 5127 694 5238 inﬁglippere
725 5112 1004 5167 laborasse
1027 5107 1320 5166 Eusebium
1355 5109 1522 5163 tradit
1569 5107 1856 5180 Syncellus
1891 5126 1946 5180 p.

435 5253 511 5324 (5)
544 5253 978 5308 Praetermissum
1023 5250 1276 5324 posthinc
1325 5249 1395 5304 ab
1425 5247 1660 5324 Eusebio
1710 5249 1946 5324 Aodum,

364 5320 552 5378 decem
584 5326 743 5378 annis
771 5320 1040 5392 iudicem,
1065 5322 1392 5392 criminatur
1421 5320 1707 5392 Syncellus
1765 5337 1819 5390 p.
1877 5321 1947 5375 26

365 5393 408 5447 B
439 5412 452 5447 :
489 5393 748 5457 Εὐσέϐιος
775 5391 930 5464 "Adii;
949 5391 1040 5464 τὸν
1062 5391 1261 5464 κριτὴν
1289 5392 1389 5444 οὐκ
1418 5391 1793 5462 ὲστοιχείωσεν
1824 5393 1948 5464 κρί-

362 5481 529 5534 νινήεα
545 5464 640 5534 τὸν
671 5463 885 5534 Ἰσραὴλ
907 5462 999 5533 ἐτη
1017 5462 1166 5534 δέκα.

435 5533 511 5604 (6)
525 5533 685 5604 idem
721 5529 783 5586 a'c
813 5529 1055 5604 Es_ephon
1086 5533 1169 5604 vel
1195 5530 1442 5604 _Esebp_n.
1499 5529 1703 5604 Deinde
1739 5532 1946 5586 omitti-

363 5601 456 5658 tur
491 5601 690 5671 Eglon
718 5605 800 5656 vel
832 5601 1018 5664 rElon,
1059 5602 1152 5671 qui
1195 5601 1432 5656 Eusebio
1456 5602 1728 5656 Omittitur
1779 5604 1944 5657 etiam

364 5675 419 5727 in
453 5670 656 5727 tabulis
688 5671 826 5726 infra
847 5670 1112 5726 addendis
1141 5670 1407 5738 iudicum.
1442 5679 1495 5725 et
1523 5673 1577 5726 in
1622 5673 1862 5726 secundo
1890 5673 1948 5726 li-

367 5744 465 5799 bro
493 5743 695 5797 dicitur
725 5743 915 5796 abesse
946 5757 974 5794 a
997 5749 1147 5795 textu
1175 5741 1301 5811 3th
1343 5739 1505 5806 LXX,
1533 5744 1678 5811 quod
1713 5751 1948 5797 testatur

363 5815 528 5871 etiam
564 5811 782 5868 Samuel
812 5812 1126 5868 historicus.
1172 5809 1326 5866 Nunc
1355 5819 1536 5868 autem
1553 5809 1723 5884 plane
1750 5829 1949 5871 occur-

1986 4619 2032 4675 D
2061 4617 2129 4672 rit
2153 4616 2244 4670 hic
2269 4614 2466 4690 Ᾰῖςιιοη
2497 4614 2640 4690 apud
2667 4618 2795 4690 19b;
2822 4615 2986 4685 LXX,
3007 4632 3117 4675 non
3147 4619 3291 4690 apud
3306 4621 3479 4677 Biblia
3495 4623 3646 4683 Arm.

2059 4704 2128 4745 ex
2155 4687 2472 4742 earumdem
2501 4687 2650 4742 fonte
2675 4687 2930 4744 deducta.

2133 4757 2208 4828 (7)
2235 4757 2310 4833 ita
2336 4756 2608 4814 Eusebius
2625 4767 2942 4833 constanter
2966 4756 3218 4833 Labdon_
3239 4769 3355 4816 toto
3385 4760 3494 4833 hoc
3516 4777 3649 4833 ape.

2057 4827 2217 4886 reet
2262 4827 2444 4898 Priap.
2487 4844 2566 4881 ev.
2626 4845 2684 4892 ιι,
2711 4829 2801 4891 ﬂ,
2836 4831 2914 4884 uti
2966 4833 3130 4884 etiam
3178 4830 3365 4888 Graeca
3417 4827 3639 4889 Biblia:

2057 4914 2368 4974 quanquam
2403 4899 2728 4974 Armeniaca
2753 4901 2822 4956 ab
2851 4900 2937 4955 bis
2949 4901 3190 4955 derivata
3211 4903 3411 4958 habent
3430 4900 3647 4974 Abdtm,

2061 4967 2141 5025 uti
2165 4967 2436 5024 et‘Latina
2455 4968 2704 5040 Vulgata.
2948 5039 2956 5040 ί
3621 4967 3640 4974 ⁷
3693 5018 3698 5022 ,

2134 5040 2212 5112 (8)
2249 5039 2581 5112 Audiendus’
2609 5040 2696 5112 hic
2718 5055 2914 5096 rursus
2938 5039 3248 5112 Syncellus,
3281 5040 3445 5112 p.736
3481 5059 3494 5096 :
3535 5042 3642 5098 Εὐ-

2053 5109 2235 5196 agam;
2269 5111 2407 5198 μετᾲ
2443 5111 2555 5198 rip:
2572 5109 2828 5198 caleurqv
2851 5111 2946 5165 τοῦ
2983 5109 3224 5198 ξαμεψὼγ
3279 5109 3372 5198 fro?
3427 5115 3638 5198 κριτοῦ,

2052 5181 2653 5258 τῆς-ἁνᾳρχίαςέῆτρε
2685 5181 3038 5258 εἰρήνης-τῷ
3061 5181 3218 5258 ’θλαοῦ
3246 5181 3298 5253 μ’
3335 5183 3430 5258 Ern
3463 5181 3520 5236 ὲν
3562 5187 3641 5258 τῷ

2053 5251 2194 5324 κατὰ
2219 5251 2419 5314 πλάτος
2450 5251 2560 5304 οὐκ
2601 5251 2818 5323 ἕθηκὲνλ
2849 5251 3135 5324 ξΕηεεὺὶιιδ
3175 5251 3292 5323 post
3327 5251 3640 5324 Sainpaoni's

2042 5323 2479 5395 judicisnobitum
2505 5339 2672 5395 annos
2701 5339 2769 5378 ιιι.
2797 5323 3082 5390 libertatis,
3119 5341 3210 5379 seu
3239 5323 3466 5395 publica!
3494 5329 3642 5395 pacis

2052 5394 2109 5464 in
2165 5393 2443 5464 iii/fusione
2506 5393 2936 5462 chronographiw
2990 5406 3142 5464 parte
3199 5393 3304 5450 non
3359 5393 3642 5456 recensuit.

2053 5461 2267 5537 Rursus
2297 5463 2568 5519 Eusebius
2614 5461 2776 5537 quod
2802 5461 3338 5537 annos'Sampsonis
3386 5481 3511 5522 cum
3541 5483 3644 5522 an-

2052 5534 2141 5589 nis
2161 5535 2588 5600 alienigenarum
2614 5536 2932 5605 permiscuit
2975 5534 3394 5607 reprehenditur
3432 5553 3464 5592 a
3497 5537 3644 5610 Syn-

2054 5605 2212 5658 ccllo.
2243 5621 2295 5658 ι).
2331 5605 2436 5658 165
2455 5603 2514 5658 Β.

2054 5620 2212 5667 ccuo,
2243 5621 2295 5667 p.
2331 5620 2436 5658 10:)
2455 5620 2514 5658 υ.

2126 5621 2212 5747 [(3).
2237 5621 2538 5747 Apiqlutijigb
2573 5691 2787 5730 summa
2828 5692 2859 5731 e
2890 5677 3167 5747 prtedictis
3226 5679 3473 5734 numeris
3533 5693 3639 5732 non

2055 5744 2348 5800 conﬂatur.
2399 5744 2702 5800 Videbatur
2731 5744 2911 5800 tamen
2961 5764 3086 5802 esse
3136 5750 3336 5805 lacuna
3367 5752 3423 5806 in
3453 5750 3641 5805 codice

2057 5817 2211 5872 Arm.
2245 5817 2387 5873 inter
2410 5815 2720 5872 Labdonem
2754 5826 2807 5874 et
2831 5817 3215 5888 Sampsonem.

3351 4253 3651 4324 ιιγατρᾴσιν
3748 4296 3766 4312 ,
