4118 6396
441 426 549 477 Σόὓ

522 538 588 595 V.
625 538 870 611 Phryges
893 541 1060 596 annis
1088 557 1220 599 xxv.

519 630 606 685 Vl.
639 631 824 702 Cyprii
854 635 1014 689 annis
1041 649 1213 688 xxxm
1247 634 1352 704 (1).

518 725 632 783 VII.
664 725 954 781 Phoenices
971 727 1138 783 annis
1152 743 1256 781 ην
1287 727 1401 799 (2)..

523 817 664 872 VIII.
695 817 938 889 Egyptii
973 832 1104 872 ann.
1150 857 1162 871 .
1210 857 1222 870 .
1267 818 1365 887 (5).

519 908 608 963 IX.
645 909 850 964 Milesii.
872 908 1033 962 annis
1063 923 1196 962 xvm
1231 908 1330 978 (4).

519 999 588 1053 X.
624 999 784 1056 Cares
815 1001 973 1055 annis
998 1015 1085 1054 Lxl
1116 999 1218 1070 (5).

519 1093 610 1147 XI.
638 1093 818 1149 Lesbii
843 1093 1004 1149 annis
1029 1108 1197 1146 vam
1218 1092 1332 1161 (6).

521 1184 636 1240 XII.
671 1184 986 1240 Phocenses
1016 1186 1176 1239 annis
1199 1199 1347 1238 xuv.

515 1276 653 1330 XIII.
695 1277 864 1330 Samii
890 1292 1020 1330 ann.
1066 1314 1080 1327 .
1123 1315 1136 1328 .
1170 1275 1247 1345 (7)

519 1368 661 1422 XIV.
697 1367 1096 1423 Lacedaemonii
1126 1368 1285 1422 annis
1315 1382 1353 1419 ιι
1379 1366 1478 1438 (8).

520 1460 638 1516 XV.
671 1461 826 1514 Naxii
861 1461 1022 1516 annis
1043 1477 1098 1514 x.

519 1553 662 1608 XVI.
693 1553 1034 1608 Eretrienses
1069 1552 1235 1606 annis
1269 1568 1336 1605 xv
1363 1551 1462 1622 (9).

517 1646 680 1701 XVII.
713 1647 982 1718 Eginetae
1014 1646 1222 1701 aunisx
1248 1645 1359 1716 (10)
1388 1660 1560 1716 usque
1590 1645 1656 1700 ad
1676 1645 1871 1703 Xerxis
1910 1646 2021 1718 (11)

445 1742 944 1796 transmissionem.

962 1825 1194 1882 CAPUT
1240 1825 1506 1880 XXXVII.

588 1917 933 1972 Macedonum
970 1935 1112 1989 reges
1141 1916 1228 1990 [ex
1269 1917 1491 1973 Diodori
1533 1919 1706 1992 libris]
1739 1920 1878 1993 (12).

517 2009 570 2063 1.
601 2007 895 2080 Postquam
927 2011 1277 2081 Assyriorum
1303 2026 1434 2081 opes
1453 2023 1799 2079 corruerunt,
1821 2014 2023 2068 exstin-

443 2112 534 2156 cto
569 2101 964 2174 Sardanapallo
1000 2120 1123 2175 rege
1149 2106 1340 2160 ultimo
1361 2105 1620 2177 Assyriae,
1660 2105 2018 2161 Macedonum

440 2209 506 2254 εδ
529 2205 770 2266 tempora
793 2198 999 2252 sistunt
1025 2198 1160 2269 (l3).
1206 2197 1348 2254 Ante
1376 2199 1610 2268 primam
1652 2197 2018 2268 Olympiadem

439 2285 694 2344 Caranus
719 2290 798 2343 rei
827 2289 1178 2358 acquirendae
1202 2290 1440 2362 cupidus
1471 2290 1662 2360 c0pias
1691 2305 1761 2344 ex
1801 2287 2038 2360 Argivis

441 2377 674 2449 alisque
703 2381 955 2450 partibus
1001 2381 1362 2453 Peloponnesi
1415 2383 1711 2448 contraxit,
1757 2390 1922 2453 atque
1963 2383 2020 2439 in

441 2467 802 2527 Macedonum
851 2474 988 2530 lines
1032 2475 1437 2546 expeditionem
1489 2476 1752 2546 suscepit.
1815 2475 2018 2531 Eadem

438 2567 766 2631 tempestate
791 2565 996 2620 bellum
1025 2581 1220 2636 gerens
1239 2565 1559 2623 Orestarum
1591 2582 1689 2622 rex
1729 2582 1855 2622 cum
1889 2565 2014 2620 [ini-

439 2653 592 2709 timis
621 2655 760 2722 suis,
793 2659 1016 2714 nomine
1058 2657 1298 2715 Eordaais
1327 2660 1464 2730 (14),
1497 2659 1698 2715 Carani
1726 2674 1884 2729 Opem
1916 2659 2014 2712 im-

441 2747 679 2816 ploravit
707 2765 771 2806 ea
793 2751 1111 2808 conditione
1142 2761 1202 2807 ut
1234 2753 1284 2808 ei
1307 2752 1544 2808 mediam
1572 2752 1727 2823 regni
1769 2751 1853 2806 sui
1886 2765 2013 2819 par-

439 2847 551 2894 tem
583 2844 926 2900 concederet.
977 2843 1163 2900 Bebus
1201 2844 1519 2900 Orestarum
1547 2845 1621 2900 ita
1660 2843 2008 2913 compositis,

439 2946 567 2986 cum
597 2949 693 2990 rex
729 2938 1001 3007 promissa
1047 2936 1289 3003 fecisset,
1321 2938 1602 3008 regionem
1650 2937 1798 2992 illam
1840 2934 2010 2990 Cara-

511 3095 733 3168 Φρύγες.
763 3095 1001 3168 πέμπε-οξ.
1040 3095 1585 3168 ὲθαλαᾳσοκράτησαν
1611 3095 1721 3165 ἔτη
1745 3101 1844 3160 κε’,
1881 3091 2022 3147 κατὰ

437 3165 497 3220 δέ
527 3165 676 3229 τινας
710 3165 804 3237 ἐτη
824 3172 895 3230 ς’.
929 3165 1076 3220 Idem
1111 3166 1320 3220 ibidem.

511 3232 813 3362 ἒιὲῗὶέἳῖατοὶ
830 3238 1035 3325 Φωκεῖς
1056 3237 1600 3309 ὲθαλασσοκράτησαν
1622 3236 1715 3309 ἐτη
1747 3236 1846 3306 μδ¹.
1874 3232 2022 3289 Idem

438 3323 494 3373 p.
716 3347 730 3360 .

1703 429 2199 488 CHRONICOBUM
2234 433 2363 489 LIB.
2393 433 2438 486 ι.

2052 553 2098 608 Α,
2128 562 2234 600 nus
2267 544 2525 608 obtinuit,
2563 543 2747 614 ibique
2781 541 2942 598 annis
2966 541 3192 614 triginta
3233 542 3548 599 dominatus
3597 555 3701 601 est.

3601 423 3708 489 326

2131 635 2272 690 lIuic
2297 634 2491 705 grandi
2524 642 2684 688 aetate
2713 633 2970 688 conlecto
2998 634 3272 690 successit
3298 633 3446 689 ﬁlius
3485 635 3725 692 nomine-

2129 726 2356 789 Ctenus,
2415 725 2770 795 rcgnavitque
2833 723 2996 778 annis
3049 722 3268 778 duobus
3321 723 3389 778 de
3455 724 3702 792 triginta.

2130 817 2336 872 Deinde
2376 815 2684 888 Tyrimmas
2711 818 2870 871 annis
2916 816 3097 870 tribus
3131 831 3256 868 cum
3307 815 3706 886 quadraginta;

2129 909 2423 966 Perdiccas
2457 908 2616 964 annis
2646 909 3011 978 quadraginta
3037 907 3276 962 duobus.
3320 906 3421 962 Hic
3457 912 3473 929 '
3523 908 3707 980 prole-

2128 1002 2289 1058 rendi
2331 1003 2484 1073 regni
2538 1003 2844 1065 studiosus,
2891 999 3216 1070 legationem
3251 999 3490 1070 Delphos
3531 1001 3702 1055 misit.

2131 1094 2270 1149 Tum
2301 1094 2491 1165 paucis
2524 1094 2706 1150 verbis
2736 1092 3098 1163 interpositis,
3143 1091 3331 1147 subdit
3363 1091 3476 1163 (I5)
3507 1106 3706 1162 regna-

2128 1186 2276 1240 visse
2307 1183 2625 1239 Perdiccam
2661 1184 2822 1238 annis
2862 1190 2988 1238 octo
3010 1193 3064 1238 et
3095 1182 3479 1254 quadraginta,
3511 1183 3580 1236 ab
3609 1195 3706 1236 eo-

2127 1293 2235 1348 que
2265 1276 2587 1345 dignitatem
2627 1275 2695 1331 ad
2721 1277 2956 1346 Argeum
2981 1276 3269 1330 devenisse
3302 1294 3314 1329 :
3343 1290 3507 1345 quem
3533 1289 3704 1344 regno

2129 1369 2288 1425 annis
2327 1369 2550 1440 triginta
2583 1384 2800 1439 unoque
2833 1368 2944 1439 (I6)
2972 1368 3318 1437 perfunctum
3345 1367 3559 1437 excepit
3581 1363 3706 1419 Phi-

2127 1460 2330 1530 lippus,
2387 1459 2548 1528 cujus
2600 1459 2884 1529 regnantis
2943 1457 3219 1512 habentur
3284 1457 3414 1510 anni
3474 1455 3702 1525 triginta

2127 1558 2263 1607 tres.
2317 1550 2456 1606 Huic
2490 1551 2759 1606 successit
2804 1549 3040 1621 IEropas
3094 1549 3260 1603 annis
3310 1547 3524 1619 viginti.
3577 1547 3699 1602 Mox

2126 1647 2348 1702 Alcetas
2411 1646 2574 1701 annis
2629 1644 2935 1701 octodecim
2974 1655 3194 1715 sceptro
3226 1644 3435 1714 potitus
3462 1651 3566 1699 est.
3602 1641 3704 1698 Po-

2129 1747 2248 1794 stea
2277 1738 2542 1809 Amyntas
2570 1737 2731 1793 annis
2766 1751 2961 1791 novem
2997 1750 3122 1791 cum
3151 1735 3534 1806 quadraginta.
3561 1735 3699 1790 Exin

2128 1829 2440 1884 Alexander
2495 1830 2654 1884 annis
2683 1838 2922 1900 quatuor
2945 1835 3001 1884 et
3030 1828 3408 1898 quadraginta.
3445 1828 3584 1884 Hinc
3617 1845 3704 1883 re-

2055 1898 2097 1952 Β
2126 1923 2314 1991 gnavit
2367 1920 2659 1976 Perdiccas
2691 1898 2850 1975 annis
2878 1920 3071 1990 viginti
3109 1919 3367 1986 duobus;
3399 1918 3702 1974 Archelaus

2127 2011 2239 2080 (I7)
2276 2011 2435 2065 annis
2460 2009 2882 2080 septemdecim;
2930 2008 3167 2079 [Eropas
3200 2009 3361 2064 annis
3391 2025 3528 2074 sex;
3560 2007 3703 2062 Pau-

2123 2103 2309 2158 sanias
2337 2117 2481 2156 anno
2510 2119 2652 2170 uno;
2674 2101 3002 2158 Ptolemaaus
3038 2102 3197 2158 annis
3221 2101 3396 2157 tribus
3428 2119 3443 2169 ;
3473 2100 3700 2157 Perdic-

2123 2210 2219 2250 cas
2267 2194 2428 2249 annis
2480 2194 2724 2264 quinque
2762 2211 2777 2260 ;
2813 2193 3096 2263 Philippus
3142 2191 3302 2247 annis
3330 2191 3523 2262 viginti
3563 2206 3704 2262 qua-

2123 2295 2283 2354 tuor;
2326 2285 2660 2354 Alexander,
2692 2285 2740 2342 is
2765 2285 2860 2356 qui
2888 2299 3014 2340 cum
3037 2282 3220 2340 Persis
3252 2284 3504 2351 certavit,
3541 2283 3704 2342 annis

2125 2378 2432 2435 duodecim.

2195 2473 2252 2528 2.
2286 2471 2352 2526 Et
2397 2470 2758 2528 Macedonum
2801 2468 3020 2541 quidem
3072 2484 3259 2542 regum
3285 2485 3458 2542 genus
3485 2469 3587 2524 hac
3611 2483 3702 2524 ra-

2125 2563 2276 2619 tione
2302 2578 2333 2618 a
2371 2563 2614 2634 probatae
2651 2561 2773 2616 ﬁdei
2804 2561 3084 2618 historicis
3117 2560 3186 2615 ad
3211 2559 3498 2616 Herculem
3523 2575 3702 2631 usque

2122 2653 2359 2710 refertur
2478 2653 2598 2707 Jam
2631 2668 2662 2706 a
2701 2653 2912 2707 Carano
2932 2654 3024 2724 qui
3054 2653 3263 2723 primus
3285 2649 3696 2707 Macedonicum

2117 2761 2348 2818 regnum
2391 2744 2648 2801 conﬂavit
2695 2760 2760 2800 ac
2815 2745 3026 2809 tenuit,
3076 2744 3146 2799 ad
3189 2743 3559 2800 Alexandrum
3601 2745 3696 2815 qui

2118 2839 2302 2894 Asiam
2332 2839 2568 2910 subegit,
2609 2845 2907 2894 censentur
2956 2852 3112 2908 rcges
3170 2852 3322 2900 xxw,
3383 2836 3514 2892 anni
3563 2851 3700 2892 vero

2118 2945 2283 2986 cnuu
2314 2928 2449 3002 (l8),
2471 2929 2639 3000 hique
2671 2928 2990 3000 singillatim
3015 2929 3090 2982 ita
3121 2942 3182 2983 se
3211 2927 3432 2982 habent.
3534 2950 3538 2956 -

2189 3087 2378 3175 ῌάξιοι
2406 3084 2951 3157 ἐθαλασσοκράτησαν
2983 3090 3066 3147 ιε’,
3095 3082 3192 3152 ἐτη
3227 3089 3278 3136 ι’.
3319 3083 3428 3136 Καὶ
3459 3083 3578 3154 μετ’
3600 3081 3700 3136 αὒ-

2119 3174 2500 3298 τωζέρετριεῖς
2539 3233 2635 3292 ις’,
2671 3225 2765 3298 ἔτη
2793 3224 2876 3298 ζ’.
2896 3223 3131 3298 Idem_p.
3162 3223 3267 3298 247
3294 3222 3359 3276 B.

2202 3290 2777 3370 Ἐθαλόισσὸκρᾶτησαῦ
2853 3290 3166 3364 Αἰγεινῆλεαι
3241 3293 3335 3363 ἔτη
3375 3305 3380 3316 ‘
3419 3299 3470 3346 t'.
3549 3290 3698 3346 Idm

510 3377 924 3463 Agagatpévmt
953 3377 1013 3431 ιδ’
1050 3376 1594 3452 ὲθαλασσοκράτησαν
1621 3376 1715 3448 ἔτη
1748 3377 1832 3430 ιϐ’.
1872 3377 2020 3434 Idem
2048 3389 2089 3446 C
2118 3407 2177 3463 ρ,
2204 3391 2308 3445 247
2336 3389 2401 3444 Β,

435 3463 490 3514 ρ.
525 3448 629 3502 258
653 3446 715 3502 C.

518 3546 556 3622 '_
577 3543 878 3622 qspéixxa;
897 3544 1003 3622 εὴν
1025 3545 1168 3622 ¹ῑ-δίαν
1205 3544 1478 3622 βασξῖιεξαν
1507 3527 1742 3622 εὑξῆραι
1773 3543 2015 3616 βουλόμεη

2119 3546 2402 3622 ἠρώτησεν
2431 3549 2791 3622 εἱς-Δελφφύς.
2840 3548 2919 3602 Ab
2960 3547 3538 3622 excerptis_Vaticanis_
3563 3547 3696 3622 D_io—

437 3613 556 3689 dori
589 3612 778 3677 Siculi,
809 3629 859 3680 p.
891 3612 1169 3689 5,'editore
1200 3612 1265 3670 Ἀ.
1297 3614 1461 3670 Maio.
1499 3612 1750 3684 Sequitur
1776 3612 1951 3668 autem
1975 3612 2230 3686 prtedi'élo
2266 3612 2323 3676 iit
2353 3622 2466 3675 loco
2495 3612 2818 3688 Delphicum
2848 3621 3018 3689 ipsum
3056 3612 3355 3682 oraculum,
3398 3616 3538 3688 quod
3585 3616 3695 3670 Eu-

437 3684 613 3736 sebius
633 3686 992 3751 pratermisit.

510 3755 596 3820 (")
634 3749 805 3817 Οὗτος
836 3758 864 3808 ὁ
895 3755 1144 3827 Κάρανος
1171 3755 1275 3809 ἀπὸ
1303 3757 1398 3826 μὲν
1433 3755 1765 3827 Ἡρακλέους
1793 3763 1859 3810 ια’
1879 3752 1967 3882 ἓν,
1995 3759 2101 3812 ἀπὸ
2125 3760 2180 3813 δὲ
2206 3759 2456 3832 Τημένου
2483 3759 2576 3813 τοῦ
2608 3759 2744 3832 μετὰ
2775 3759 2884 3812 τῶν
2914 3759 3086 3814 ἄλλων
3114 3758 3478 3830 Ἡρακλειδῶν
3506 3759 3698 3814 κατελ-

510 3840 624 3882 vro;
651 3827 731 3882 εἰς
762 3825 1164 3882 Πελοπόννησον
1194 3827 1420 3882 ἕϐδομος
1439 3843 1452 3856 ⁸
1490 3827 1868 3882 γενεαλογοῦσι
1921 3829 1934 3850 ‘
1963 3829 2123 3882 αὑτὸν
2147 3829 2340 3882 οὕτως.
2371 3830 2447 3882 ὥς
2473 3848 2604 3882 φησι
2630 3831 2890 3882 Διόδωρος
2910 3832 3004 3882 καὶ
3029 3833 3075 3882 οξ
3110 3828 3292 3882 πολλοὶ
3323 3829 3431 3882 τῶν
3456 3845 3697 3882 συγγρα-

439 3821 624 3897 Ορντος
651 3827 731 3888 εἰς
762 3821 1164 3897 Πᾷελολτόκᾶγησον
1194 3821 1420 3897 ἓϐδόμος
1439 3843 1452 3856 ·
1490 3821 1868 3896 Ῠενεαλογοῦσι

439 3892 604 3961 φέων,
639 3911 694 3947 κ.
725 3912 775 3948 τ.
805 3894 856 3948 λ.
890 3894 975 3950 Ex
998 3892 1262 3967 syrtcello,
1372 3897 1478 3952 262
1502 3892 1568 3951 Ἀ.

513 4049 588 4119 (1)
614 4047 978 4121 Hieronymus
993 4050 1060 4105 ad
1078 4067 1279 4106 annum
1303 4067 1406 4106 ιρι.
1431 4053 1624 4108 scribit
1647 4069 1821 4110 annos
1859 4071 2012 4111 xxxn

442 4118 772 4190 Cypriorum
801 4118 981 4190 maria
1012 4127 1332 4177 tenentium.

513 4189 590 4260 (2)
617 4190 692 4260 Ita
722 4198 776 4244 et
799 4189 1165 4260 Hieronymus
1191 4194 1256 4247 ad
1291 4208 1492 4248 annum
1522 4209 1777 4250 ucnxlv.

515 4259 592 4328 (3)
648 4259 728 4316 Ne
790 4262 933 4334 apud
993 4259 1385 4334 Hieronymum
1436 4263 1653 4334 quidem
1703 4266 1770 4320 ad
1803 4282 2007 4321 annum

444 4345 697 4407 κροκι-διε
757 4333 1020 4407 scribitur
1051 4333 1374 4402 quotannis
1418 4333 1658 4406 Egyptii
1686 4338 1821 4390 mari
1854 4337 2010 4407 potiti

445 4403 574 4471 sint.
601 4400 699 4471 Est
727 4415 858 4471 ergo
887 4400 1080 4456 lacuna
1117 4411 1292 4460 vetus.

515 4470 592 4540 (4)
625 4470 821 4526 Notam
881 4474 1220 4528 numeralem
1278 4489 1410 4527 xvm
1439 4514 1453 4536 ,
1497 4489 1601 4542 qua
1637 4483 1786 4530 caret
1841 4475 2010 4530 codex

444 4542 595 4593 Arm.
635 4583 650 4593 .
709 4541 1024 4593 subolemus
1072 4544 1162 4593 hic
1204 4559 1272 4593 ex
1320 4543 1647 4593 Hieronvnm
1697 4547 1762 4593 ad
1813 4562 2010 4593 annum

491 4556 595 4594 rm.
635 4583 650 4607 ,

445 4626 745 4666 lCCLXVHl.

515 4682 592 4748 (5}
625 4680 846 4755 Lacuna
879 4688 962 4737 est
985 4681 1040 4737 in
1073 4684 1262 4738 codice
1291 4684 1393 4738 hoc
1422 4685 1562 4749 loco,
1587 4701 1685 4740 nec
1717 4685 2010 4755 quidquam

443 4754 710 4821 superfuit
770 4763 966 4822 praater
1007 4755 1334 4826 vocabulum
1393 4757 1568 4810 annis.
1627 4754 2014 4826 Supplementa

442 4826 782 4892 sumpsimus
886 4838 918 4878 e
1008 4825 1313 4894 posteriore
1406 4826 1546 4879 libro
1649 4825 1757 4880 ad’
1810 4841 2014 4880 annum

441 4907 765 4947 ICCLXXXVL

516 4962 592 5031 (6)
619 4963 1058 5036 Nota_numerali
1092 4971 1242 5036 caret
1268 4964 1438 5020 codex
1470 4964 1622 5018 Arm.
1671 4980 1832 5033 quam
1880 4981 2014 5036 sup-

440 5034 737 5106 plemusex
765 5033 1095 5106 Hieronymo
1123 5034 1190 5088 ad
1215 5049 1417 5106 annum
1449 5049 1727 5106 ucccxuv.

515 5104 590 5172 (7)
626 5103 704 5158 Ne
761 5106 815 5158 in
862 5103 1165 5175 posteriore
1213 5105 1430 5173 quidem
1490 5105 1629 5159 libro
1689 5105 1754 5160 ad
1812 5121 2013 5161 annum

441 5188 815 5228 uccccexxxvt
855 5177 1118 5230 scribitur
1162 5189 1424 5232 numerus
1471 5190 1760 5241 annorum,
1814 5177 2014 5246 quibus

443 5247 617 5298 Samii
640 5246 811 5299 maria
847 5248 1164 5301 tenuerunt.

516 5315 594 5383 (8)
628 5315 705 5368 Ita
736 5317 900 5369 etiam
930 5319 984 5372 in
1011 5313 1314 5385 posteriore
1346 5316 1488 5371 libro
1513 5315 1580 5371 ad
1612 5331 1813 5371 annum
1847 5330 2010 5373 IDltl.

443 5383 661 5456 Verum
682 5385 967 5456 Syncellus
999 5383 1190 5441 scribit
1222 5403 1388 5439 annos
1417 5402 1518 5440 xu.

515 5456 594 5523 (9)
631 5453 911 5510 Slc'etiam
940 5460 994 5510 in
1021 5457 1477 5524 posteriorelibro
1508 5457 1574 5512 ad
1603 5471 1807 5513 annum
1825 5472 2009 5512 uoxtv.

440 5527 512 5580 At
535 5525 824 5593 Syncellus
845 5527 1036 5581 scribit
1063 5543 1229 5580 annos
1250 5542 1344 5582 νη.

515 5596 634 5666 (ib)
657 5599 840 5649 Decem
871 5601 997 5650 anni
1020 5596 1338 5652 scribuntur
1356 5596 1519 5650 etiam
1550 5597 1603 5651 in
1627 5598 1928 5666 posteriore
1949 5598 2016 5652 li-

443 5664 545 5738 bro
571 5664 638 5718 ad
673 5681 874 5738 annum
905 5681 1132 5738 uoxxxl,
1158 5675 1212 5722 et
1235 5683 1266 5721 a
1299 5666 1570 5738 Syncello.
1601 5664 1806 5724 Textus
1830 5677 2012 5724 tamen

444 5735 760 5806 Hieronymi
787 5737 966 5792 editus
991 5737 1154 5791 habet
1176 5735 1353 5792 annos
1373 5753 1464 5790 xx.

517 5807 630 5882 (ll)
654 5805 834 5882 codex
863 5809 1030 5882 Arm.
1054 5807 1142 5862 hic
1167 5807 1460 5882 Alexandri
1485 5809 1628 5882 ,_sed
1671 5809 1810 5866 idem
1829 5810 1882 5864 in
1911 5826 2012 5882 po-

449 5879 676 5932 steriore
705 5877 843 5933 libro
866 5877 1080 5944 Xerxis,
1113 5892 1231 5951 quae
1252 5894 1374 5936 vera
1403 5879 1564 5934 lectio
1595 5887 1696 5936 est.

1921 3829 1934 3850 ‘
1963 3829 2123 3883 αὑτὸν
2147 3828 2340 3896 οὖτώζ,
2371 3830 2447 3895 ὥς
2473 3828 2890 3902 φησίΔιόδωρος
2910 3832 3004 3884 καὶ
3029 3833 3075 3883 ol
3110 3828 3292 3883 πολλοὶ
3323 3829 3431 3883 τᾶν·
3456 3845 3697 3900 συγγρα-

2193 4057 2304 4129 (12)
2332 4055 2571 4114 Reticuit
2603 4057 2692 4112 hic
2721 4056 2946 4129 (Diodori
2979 4071 3178 4112 nomen
3222 4055 3513 4129 Eusebius,
3563 4055 3694 4129 quia

2119 4127 2176 4198 in
2203 4125 2644 4198 praecedentibus
2679 4128 2731 4182 id
2767 4129 2900 4198 jam”
2933 4137 3300 4198 expresserat.
3338 4125 3690 4198 _Ca:teroquin

2119 4196 2413 4252 Diodorum
2441 4214 2633 4267 reapse
2661 4198 2748 4252 hic
2766 4196 2833 4252 ab
2864 4196 3101 4254 Eusebio
3123 4196 3373 4267 expilari,
3402 4197 3692 4267 perspicue

2116 4282 2218 4323 nos
2254 4283 2379 4322 mox
2408 4265 2743 4324 docebimus.
2777 4267 2968 4322 Futuri
3003 4269 3167 4338 igitur
3195 4265 3436 4322 editores
3474 4265 3693 4320 Diodori

2118 4338 2260 4392 hanc
2293 4354 2508 4409 quoque
2541 4347 2746 4409 partem
2781 4339 2920 4393 inter
2954 4342 3170 4408 eclogas
3201 4339 3484 4409 collocent.

2191 4407 2603 4477 (15)'Nimiruin
2655 4409 2855 4480 Carani
2912 4407 3173 4480 tempora
3213 4422 3392 4480 prope
3430 4408 3628 4462 absunt
3657 4422 3688 4460 a

2121 4476 2494 4561 Sardanapalli
2527 4480 2709 4559 obitu.
2727 4479 2964 4561 consule
2979 4476 3333 4561 posteriorem
3353 4477 3580 4561 librum.

709 4541 1024 4636 supplemus
1072 4544 1162 4598 hic
1204 4559 1272 4599 ex
1320 4541 1647 4616 Hieronymo
1697 4547 1764 4600 ad
1813 4562 2016 4600 annum
2048 4583 2095 4636 Β
2191 4549 2304 4636 (14)
2440 4551 2526 4604 bis
2546 4549 2713 4636 ἰ’ρῆῃί
2763 4541 3098 4636 macedo'nici
3127 4547 3441 4636 primordiis
3474 4546 3689 4636 legendi

2120 4610 2246 4674 sunt
2288 4610 2491 4673 'saltem
2541 4610 2792 4674 Justinus
2827 4621 2921 4672 lib.
2967 4636 3076 4682 vlt,
3109 4610 3170 4671 e't'
3195 4618 3439 4688 Solinus
3468 4610 3592 4688 cap.
3628 4616 3684 4672 9.

2119 4689 2374 4743 Eordaeos
2390 4689 2603 4757 quidem
2630 4688 3088 4744 memoratLivius
3111 4689 3205 4742 lib.
3239 4704 3362 4755 XLV,
3383 4687 3472 4742 '50.

2189 4761 2235 4830 (1
2248 4760 2301 4826 5)
2323 4756 2582 4818 Videlicet
2603 4758 2890 4829 Diodorus;
2907 4774 3068 4829 quam
3085 4774 3210 4830 rem
3226 4756 3690 4830 Vaticanum_fra-

2156 4828 2396 4884 mentum
2431 4836 2552 4883 luce
2581 4828 2884 4883 meridiana
2913 4828 3043 4883 facit
3093 4828 3503 4886 evidentiorem.
3536 4828 3688 4883 Con-

2156 4844 2396 4884 mentum
2431 4844 2552 4883 luce
2581 4844 2880 4883 meridiana
2913 4844 3043 4883 lactt
3093 4844 3347 4883 evruentu

2118 4844 2536 4969 feraturjutem
2573 4896 2881 4969 Syncellus,
2919 4916 2972 4969 p.
3004 4899 3106 4954 I98
3135 4908 3189 4952 et
3222 4899 3347 4952 262.

2189 4967 2301 5040 (16)
2329 4967 2466 5023 Exin
2501 4969 2555 5021 hi
2598 4967 2749 5037 reges
2783 4967 3080 5039 eorumque
3111 4969 3238 5023 anni
3276 4985 3399 5024 cum
3424 4974 3688 5040 sequente

2118 5040 2364 5105 catalogo
2393 5054 2534 5104 saepe
2569 5055 2675 5090 non
2707 5041 3076 5093 curiscutiunt.

2186 5099 2408 5178 (ΠῩΑά
2441 5099 2587 5166 hunc
2620 5109 3190 5178 Archelaum_exsta_nt
3219 5099 3687 5178 aliquthEuri’pl-

2113 5169 2202 5235 dis
2222 5169 2444 5251 Tragici
2478 5181 2740 5251 epistolae.
2780 5177 2908 5232 Vide
2931 5175 3263 5251 Syncellum,
3292 5169 3349 5251 p1
3376 5169 3490 5251 262
3515 5169 3648 5251 A-C.

2189 5241 2585 5318 (18)Attamen
2610 5246 2654 5301 si
2676 5248 2828 5302 ineas
2855 5261 2980 5299 mox
3006 5247 3301 5318 rationem.
3335 5241 3686 5318 habebis_us-

2117 5311 2223 5388 que
2257 5311 2324 5370 ad
2347 5316 2712 5390 Alexandrum
2740 5313 3315 5390 annoscccexxv._‘l‘ls_t
3331 5319 3510 5366 autem
3525 5311 3686 5390 plane

2117 5381 2375 5456 corrupta
2411 5387 2570 5456 lectio
2599 5385 2802 5456 Malalaz
2831 5387 2924 5454 Qui
2956 5400 3010 5437 ιη
3040 5387 3145 5456 line
3184 5385 3307 5438 libri
3337 5381 3639 5456 vtl_scribit
3666 5399 3684 5436 :

2116 5449 2453 5532 Kgruééxevj
2489 5455 2731 5532 ρασιῇεζα
2767 5449 2882 5532 ﬁco}
2910 5454 3194 5532 τεξπαρχςῳ
3216 5450 3565 5532 Μακεδόνωλ).
3588 5449 3682 5532 ἔτη

2116 5529 2198 5598 χόν
2227 5519 2333 5598 ξωξ
2361 5519 2762 5598 τῆξβίαοήιξιείας
2789 5519 2884 5598 ξρῦ
2915 5519 3400 5598 αὑτςοῦᾟιλίππυυ.
3436 5519 3616 5598 κριθῲς
3655 5519 3686 5574 ὁ

2119 5589 2429 5666 ἓοφώτατοέ
2464 5589 2720 5658 Εὐσέϐιος
2749 5599 2776 5648 ὁ
2805 5594 3103 5666 [laureace
3121 5595 3482 5666 χρονογραφεῖ
3509 5609 3524 5622 ο
3559 5589 3684 5645 Μα-

2118 5663 2368 5721 cedonum
2405 5667 2658 5736 dynasﬁtia
2702 5682 2865 5736 usque
2896 5663 2972 5716 'ad
3010 5663 3239 5734 Philippi
3270 5663 3481 5736 regnum
3514 5679 3682 5736 annos

2118 5739 2384 5805 occupavit
2413 5734 2542 5790 neu.
2561 5735 2679 5790 Jam
2711 5734 2906 5805 praeter
2925 5750 3088 5805 quam
3118 5737 3261 5805 quod
3283 5734 3473 5788 Malala
3505 5735 3681 5805 abunf

2117 5809 2208 5861 dat
2237 5802 2541 5864 erroribus.
2567 5802 2774 5876 jamdiu
2808 5802 3017 5860 monuit
3047 5802 3252 5861 Hodius
3289 5806 3592 5876 (protegam.
3613 5802 3682 5856 ad

2119 5877 2308 5934 Halal.
2333 5893 2452 5949 cap.
2474 5876 2568 5951 25)
2587 5876 2834 5934 eumdem
2863 5877 3000 5934 l‘also
3021 5877 3256 5947 quodam
3270 5876 3506 5934 Eusebio
3521 5889 3690 5932 usum
