4118 6396
388 391 497 451 9.55

921 501 1150 558 CAPUT
1190 501 1430 558 XXXIX.

892 594 1267 648 Thessalorum
1316 611 1480 663 reges.

463 689 513 742 1.
548 685 801 742 Thessali
828 694 882 741 et
914 685 1150 756 Epirotae
1188 686 1280 752 diu
1317 695 1620 756 paruerunt
1650 687 1840 744 iisdem
1873 689 1967 758 qui

278 799 285 804 ·
391 776 780 866 Macedonibus
807 777 1201 846 praesidebant;
1237 793 1267 831 a
1301 776 1560 833 Romanis
1599 787 1780 833 autem
1809 779 1971 834 liber-

389 879 555 923 tatem
603 884 728 923 cum
790 868 916 938 jure
970 868 1157 922 utendi
1201 869 1318 924 suis
1365 869 1578 938 legibus
1628 869 1806 939 adepti
1842 880 1970 926 sunt

391 970 515 1032 post
542 960 856 1031 Philippum
902 961 958 1014 in
1000 959 1286 1015 Thessalia
1329 965 1496 1017 armis
1528 961 1638 1015 Titi
1691 962 1970 1017 Romano-

391 1069 512 1106 rum
549 1051 706 1106 ducis
749 1053 1093 1122 proﬂigatum
1138 1052 1235 1121 (l).
1272 1051 1377 1108 Sed
1405 1064 1459 1108 et
1488 1054 1591 1123 ipsi
1620 1054 1836 1108 demum
1867 1056 1968 1110 sti-

389 1144 662 1215 pendiarii
703 1142 1075 1200 Romanorum
1115 1125 1243 1201 facti
1271 1153 1400 1202 sunt
1421 1147 1612 1202 eadem
1643 1161 1749 1217 qua
1793 1145 1966 1203 Illaec-

391 1233 562 1288 dones
588 1248 780 1288 causa.

459 1325 514 1380 2.
572 1323 791 1379 Scilicet
841 1332 965 1394 post
1010 1326 1220 1380 obitum
1270 1327 1564 1381 Alexandri
1621 1326 1707 1382 his
1751 1342 1970 1398 quoque

390 1415 673 1480 Aridaeus,
729 1415 821 1483 qui
867 1424 921 1469 et
970 1414 1277 1486 Philippus,
1326 1418 1615 1488 imperavit
1668 1418 1828 1473 annis
1883 1434 1971 1474 se-

389 1515 556 1574 ptem.
637 1505 775 1561 lluic
837 1507 1103 1561 successit
1157 1507 1464 1563 Cassander
1517 1508 1860 1580 Epirotarum
1915 1519 1970 1565 et

396 1594 789 1650 Thessalorum
826 1611 922 1651 rex
969 1598 1130 1652 annis
1161 1599 1561 1654 novemdecim.
1595 1597 1731 1653 Tum
1769 1599 1970 1671 Philip-

392 1699 496 1754 pus
524 1685 644 1753 ejus
677 1684 820 1740 [ilius
846 1686 1131 1740 mensibus
1163 1687 1239 1757 (2)
1269 1695 1524 1756 quatuor.
1558 1686 1762 1744 Deinde
1784 1697 1838 1743 et
1867 1690 1970 1744 hu-

388 1776 480 1844 jus
524 1773 722 1829 fratres
763 1775 1048 1844 Antipater
1098 1782 1153 1829 et
1203 1775 1511 1830 Alexander
1561 1777 1720 1832 annis
1754 1765 1968 1834 duobus

1111 387 1379 443 EUSEBII
1421 387 1900 443 C/ESARIENSIS
1925 387 2075 445 OPP.
2117 385 2298 442 PARS
2337 387 2374 440 1.
2409 417 2480 427 -
2518 385 2909 442 HISTORICA.

3535 385 3640 440 256

1994 510 2039 565 Α
2068 502 2350 558 Thessalia
2402 501 2654 568 fuerunt;
2694 501 2952 569 deinceps
2983 517 3111 556 vero
3141 502 3418 572 principes
3468 517 3636 557 annui

2071 593 2344 664 suffragiis
2388 593 2624 662 publicis
2673 592 2777 662 legi
2827 601 3132 662 coeperunt.
3187 583 3405 649 Primus
3455 605 3636 650 autem

2069 692 2287 739 creatus
2315 691 2400 737 est
2435 682 2734 738 Pausanias
2770 683 3077 749 Eebecrati,
3112 682 3394 740 Pberaeus.
3433 686 3637 742 Deinde

2068 772 2333 842 Amyntas
2376 771 2630 835 Cratetis,
2683 770 2916 836 Pierius,
2977 789 3087 843 quo
3134 774 3436 844 imperante
3485 777 3638 834 Titus

2069 861 2297 916 Romam
2336 878 2592 917 reversus
2636 872 2741 919 est.
2775 863 2982 920 Deinde
3015 863 3271 920 Aiacides
3304 866 3488 922 Callia:
3529 885 3644 923 me-

2069 955 2458 1023 tr0politanus.
2506 954 2712 1010 Deinde
2745 954 3076 1024 Epidromus
3107 955 3497 1022 Andromachi,
3534 959 3628 1013 La-

2069 1048 2314 1110 rissaeus,
2347 1047 2627 1102 mensibus
2668 1055 2824 1113 octo;
2876 1047 3086 1116 reliqua
3131 1057 3311 1103 autem
3360 1051 3481 1119 ejus
3513 1052 3638 1105 anni

2070 1149 2224 1208 parte
2281 1138 2560 1193 Eunomus
2611 1137 2893 1208 Polycleti,
2955 1137 3294 1204 Larissmus,
3360 1142 3640 1198 mensibus

2070 1229 2646 1298 quatuor..Posthinc
2706 1229 2987 1285 Eunomus
3044 1245 3187 1284 anno
3252 1247 3382 1286 uno.
3437 1231 3640 1288 Deinde

2071 1322 2328 1376 Aiacides
2354 1321 2539 1376 Calliae
2562 1321 3010 1391 metropolitanus
3041 1321 3260 1376 iterum.
3285 1320 3490 1377 Deinde
3512 1322 3640 1376 Pra-

2068 1415 2211 1469 vilus
2233 1414 2342 1484 (11)
2371 1412 2610 1477 Ριιειιὶω,
2645 1411 2972 1468 Scotusaeus.
2997 1411 3199 1468 Deinde
3228 1413 3506 1470 Eunomus
3534 1415 3641 1470 Po-

2070 1507 2274 1576 lycleti,
2331 1504 2654 1569 Larissaeus,
2709 1507 2928 1560 iterum.
2978 1503 3184 1560 Deinde
3225 1503 3637 1563 Androsthenes

2069 1599 2242 1662 ldalii,
2256 1597 2556 1668 Gyrtonius
2577 1596 2710 1669 (12).
2730 1597 2929 1652 Deinde
2945 1595 3386 1669 Thrasymachus
3403 1599 3638 1654 Alexano

2069 1687 2175 1752 dri,
2227 1688 2505 1744 Atraeius.
2557 1687 2763 1744 Deinde
2818 1687 3216 1744 Laontomenes
3255 1687 3634 1752 Damothonis.

2071 1775 2351 1830 Pheraeus.
2408 1775 2614 1831 Deinde
2658 1775 2962 1831 Pausanias
3017 1776 3390 1835 Damothonis.
3438 1778 3639 1836 Deinde

397 1865 791 1936 mensibusque
821 1882 939 1922 sex.
982 1867 1112 1921 ltem
1145 1866 1453 1922 Demetrius
1483 1869 1737 1938 Antigoni
1772 1870 1846 1940 (5)
1872 1885 1968 1923 an-
1998 1863 2039 1917 Β
2069 1866 2387 1922 Theodorus
2410 1867 2723 1932 Alexandri,
2743 1868 2978 1938 Argivus
3005 1868 3139 1940 (15).
3173 1868 3374 1924 Deinde
3393 1869 3642 1925 Nicocra-

394 1962 482 2015 nis
513 1977 608 2015 sex
645 1961 979 2030 totidemque
1011 1962 1310 2017 mensibus.
1351 1960 1546 2017 Postea
1578 1961 1824 2034 Pyrrhus
1853 1964 1965 2035 (δ’)

394 2052 555 2107 annis
587 2059 823 2122 quatuor
862 2053 1197 2122 totidemque
1231 2054 1532 2109 mensibus.
1577 2053 1782 2109 Deinde
1816 2054 1968 2126 Lysi-

396 2143 630 2198 machus
677 2141 996 2213 Agatlioclis
1025 2145 1187 2200 annis
1220 2160 1339 2199 sex.
1368 2145 1490 2200 Mox
1531 2155 1584 2201 et
1618 2144 1964 2212 Ptolemaeus,

396 2242 756 2304 cognomento
819 2233 1130 2298 Ceraunus,
1193 2251 1338 2290 anno
1397 2252 1506 2291 uno
1580 2238 1971 2310 mensibusque

396 2327 637 2396 quinque
673 2345 685 2380 :
720 2342 880 2395 quem
929 2329 1142 2397 excepit
1187 2328 1454 2398 Meleager
1498 2331 1777 2387 mensibus
1833 2333 1970 2387 duo-

397 2416 535 2471 bus:
575 2424 698 2486 post
741 2434 902 2488 quem
957 2418 1247 2489 Antipater
1294 2419 1604 2492 Lysimachi
1631 2423 1708 2493 (4)
1731 2425 1971 2495 quinque

396 2517 450 2563 et
480 2508 839 2580 quadraginta
865 2509 1059 2565 diebus
1094 2531 1106 2564 :
1143 2521 1264 2581 post
1295 2528 1455 2582 quem
1489 2512 1786 2570 Sosthenes
1828 2532 1970 2571 anno

397 2616 536 2654 uno.
569 2601 936 2656 Consecutum
969 2609 1053 2656 est
1088 2603 1460 2674 interregnum
1491 2604 1706 2660 duobus
1737 2607 1895 2663 annis
1919 2617 1972 2662 et

399 2692 683 2747 mensibus
716 2693 965 2747 totidem.
1011 2693 1148 2749 Exin
1194 2695 1510 2752 dominatus
1553 2706 1637 2753 est
1665 2697 1972 2769 Antigonus

400 2781 658 2836 Demetrii
687 2782 848 2837 annis
883 2783 1104 2853 triginta
1132 2793 1388 2853 quatuor,
1423 2787 1815 2858 mensibusque
1837 2790 1974 2844 duo-

399 2875 524 2928 bus.
560 2875 722 2928 Circa
754 2875 855 2930 hos
899 2891 1071 2931 annos
1092 2876 1337 2948 Pyrrhus
1383 2880 1617 2948 receptis
1654 2879 1706 2932 in
1743 2881 1974 2936 deditio-

398 2981 522 3020 nem
556 2966 812 3034 Antigoni
841 2967 1033 3036 copiis,
1064 2972 1361 3039 paucisque
1392 2972 1527 3025 locis
1583 2973 1808 3041 potitus,
1841 2989 1974 3044 prae-

399 3056 478 3109 lio
508 3054 703 3111 deinde
737 3055 914 3111 Derdii
939 3057 1016 3127 (5)
1052 3073 1080 3110 a
1127 3057 1398 3113 Demetrio
1438 3060 1548 3113 lilio
1589 3061 1849 3131 Antigoni
1880 3063 1976 3116 de-

400 3147 636 3202 bellatus
673 3155 777 3212 est,
826 3149 1098 3218 rebusque
1150 3161 1349 3206 exutus
1393 3151 1490 3221 (6).
1530 3150 1688 3206 Brevi
1735 3161 1976 3223 tempore

400 3246 543 3308 post,
567 3240 835 3294 exstincto
861 3239 1152 3310 Antigono,
1188 3243 1432 3313 regnavit
1457 3242 1577 3310 ejus
1606 3241 1749 3298 filius
1777 3244 1969 3299 Deme-

405 3328 547 3383 trius
591 3329 752 3384 annis
796 3329 1004 3384 decem.
1049 3329 1182 3386 I‘ost
1225 3332 1372 3387 hunc
1419 3333 1726 3401 Antigonus
1781 3335 1972 3389 Deme—

406 3420 497 3473 trii
544 3420 621 3490 (7)
665 3420 801 3489 ejus,
857 3421 952 3490 qui
1003 3422 1266 3492 Cyrenem
1319 3425 1602 3494 profectus
1651 3435 1736 3480 est
1779 3426 1880 3496 (8),
1919 3435 1973 3481 et

404 3508 740 3580 Olympiadis
772 3508 847 3582 (9)
901 3511 1022 3565 ﬁliae
1056 3511 1312 3583 Polycleti
1353 3513 1626 3582 Larissaei,
1673 3517 1832 3570 annis
1876 3532 1975 3571 no-

404 3617 548 3655 veni.
581 3601 680 3656 Hic
714 3603 926 3659 Achaeis
960 3607 1235 3674 suppetias
1261 3606 1472 3661 validas
1517 3598 1701 3664 ferens
1728 3607 1974 3666 Cleome—

404 3708 527 3748 nem
585 3691 1030 3750 Lacedaamonum
1076 3704 1363 3768 tyrannum
1417 3699 1604 3769 prrelio
1661 3703 1972 3772 superavit,

409 3782 818 3856 SpartanOSque
860 3787 1110 3842 libertate
1161 3787 1404 3854 donavit,
1439 3805 1502 3845 ac
1544 3791 1759 3847 divinos
1805 3806 1973 3862 prope

408 3877 643 3932 honores
719 3879 860 3948 apud
945 3879 1265 3934 Achaeorum
1342 3893 1557 3952 gentem
1642 3884 1974 3954 promeritus

407 3978 491 4023 est
523 3969 655 4040 (10).
710 3967 842 4026 Post
891 3970 1035 4024 hunc
1084 3969 1366 4042 Philippus
1422 3972 1677 4029 Demetrii
1730 3978 1975 4045 regnavit

410 4059 569 4113 annis
599 4075 734 4113 XXIII
769 4075 891 4113 cum
928 4062 1209 4117 mensibus
1244 4079 1300 4117 ix
1326 4082 1340 4118 :
1366 4070 1476 4117 tum
1505 4065 1689 4132 przelio
1718 4065 1772 4120 in
1804 4064 1977 4121 Thes-

411 4151 546 4205 salia
576 4167 606 4205 a
635 4151 756 4207 Tito
799 4153 938 4207 duce
967 4152 1198 4208 Romani
1229 4155 1505 4210 exercitus
1533 4156 1838 4211 debellatus
1866 4165 1969 4212 est.

409 4244 455 4298 Α
485 4243 744 4301 Romanis
777 4255 956 4302 autem
988 4246 1288 4301 libertatem
1324 4255 1758 4318 potestatemque
1785 4250 1971 4304 utendi

409 4353 526 4392 suis
569 4335 775 4407 legibus
823 4347 1150 4407 acceperunt
1207 4337 1453 4394 Thessali
1491 4341 1727 4411 itemque
1773 4341 1971 4412 reliqui

410 4428 581 4484 Graeci
609 4430 701 4500 qui
733 4430 960 4500 vectigal
990 4428 1238 4499 Philippo
1270 4430 1600 4499 pendebant.

2068 1968 2151 2015 tes
2177 1958 2432 2026 Phaxini,
2480 1959 2814 2016 Scotusaeus.
2853 1961 3056 2016 Deinde
3096 1961 3470 2032 Hippolochus
3511 1964 3640 2019 Ale-

2068 2052 2238 2121 xippi,
2267 2051 2589 2107 Larissaeus.
2622 2051 2827 2107 Deinde
2857 2050 3272 2109 Cleomachides
3300 2053 3494 2119 OEnei,
3535 2053 3640 2108 La-

2070 2144 2314 2198 rissaeus.
2336 2142 2537 2197 Deinde
2553 2142 2826 2213 Phyrinus
2839 2141 3225 2210 Aristomenis,
3249 2143 3636 2215 Gomphensis.

2139 2237 2192 2289 4.
2234 2233 2311 2288 Eo
2350 2249 2494 2287 anno
2547 2232 2830 2304 Philippus
2881 2250 2974 2290 rex
3018 2234 3152 2288 obiit
3201 2236 3258 2289 in
3297 2234 3634 2300 Macedonia,

2070 2329 2338 2396 potestate
2369 2323 2422 2376 in
2455 2323 2626 2377 ﬁlium
2661 2322 2920 2378 Perseum
2954 2323 3239 2378 translata.
3276 2321 3333 2377 1s
3361 2322 3639 2378 Thessalis

2070 2419 2450 2488 imperaverat,
2485 2414 2764 2468 utdictum
2785 2423 2888 2477 est,
2919 2413 3076 2468 annis
3103 2413 3294 2483 viginti
3320 2413 3431 2486 (14)
3460 2413 3640 2468 tribus

2071 2523 2194 2562 cum
2243 2507 2522 2562 mensibus
2565 2521 2781 2572 novem,
2819 2503 3208 2561 Macedonibus
3254 2514 3434 2561 autem
3478 2506 3636 2561 annis

2071 2599 2294 2655 omnino
2335 2599 2696 2670 quadraginta
2744 2598 2958 2654 duobus
3007 2607 3061 2653 et
3101 2598 3382 2654 mensibus
3411 2613 3626 2653 novem.

2070 2692 2190 2748 Iam
2220 2709 2351 2749 vero
2383 2709 2412 2747 a
2443 2694 2756 2749 centesima:
2791 2703 2845 2749 et
2881 2703 3091 2764 quartae
3118 2694 3342 2749 decimas
3370 2694 3638 2765 olympia-

2073 2786 2158 2842 dis
2187 2801 2332 2840 anno
2361 2785 2559 2850 altero,
2599 2801 2708 2856 quo
2739 2793 2980 2856 tempore
3013 2785 3176 2840 rebus
3205 2786 3528 2856 praepositus
3557 2793 3639 2840 est

2073 2874 2356 2948 Philippus
2381 2875 2694 2949 (Aridwus),
2729 2891 2904 2946 usque
2938 2873 3005 2928 ad
3033 2873 3342 2946 Philippum
3383 2874 3637 2931 Demetrii

2075 2970 2428 3033 exstinctum,
2487 2969 2647 3039 cujus
2687 2968 2870 3024 obitus
2898 2968 3091 3022 incidit
3129 2969 3185 3022 in
3225 2968 3537 3023 centesimae
3583 2977 3640 3022 et

2075 3061 2542 3131 quinquagesimae
2599 3058 2922 3130 Olympiadis
2968 3075 3171 3114 annum
3232 3060 3460 3113 alterum
3511 3073 3634 3113 cum

2076 3153 2319 3222 quinque
2369 3152 2679 3217 mensibus,
2725 3149 3034 3206 conﬂantur
3078 3150 3207 3204 anni
3256 3165 3437 3214 cxuv,
3485 3166 3641 3206 men-

2077 3253 2273 3308 sesque
2299 3253 2352 3290 v.

2146 3330 2198 3384 5.
2240 3328 2624 3385 Thessalorum
2657 3345 2839 3400 regum
2875 3344 3111 3384 summa.

2146 3418 2186 3474 l.
2230 3418 2498 3482 Aridaeus,
2530 3417 2779 3488 idemque
2807 3416 3109 3488 Philippus,
3137 3417 3295 3472 annis
3321 3432 3416 3473 vn.

2145 3510 2210 3568 ll.
2249 3511 2560 3568 Cassander
2589 3513 2747 3567 annis
2777 3528 2891 3567 xix.

2146 3603 2234 3658 lll.
2275 3604 2560 3674 Philippus
2587 3604 2864 3660 mensibus
2893 3619 2967 3659 ιν.

2146 3694 2237 3754 ιγ.
2280 3696 2564 3767 Antipater
2588 3696 2702 3769 (l5)
2733 3703 2788 3752 et
2809 3695 3116 3752 Alexander
3143 3697 3302 3754 annis
3334 3713 3371 3752 ιι
3396 3704 3450 3753 et
3479 3711 3640 3754 men-

2077 3791 2230 3847 sibus
2251 3808 2328 3845 γι.
2652 3845 2658 3850 ,

2155 3879 2215 3935 ν.
2259 3881 2566 3938 Demetrius
2597 3883 2834 3944 annis,vi
2860 3890 2912 3937 et
2941 3884 3221 3941 mensibus
3241 3899 3318 3940 vi.

2146 3971 2237 4029 Vl.
2274 3971 2519 4043 Pyrrhus
2558 3973 2716 4029 annis
2741 3989 2798 4026 ιιι
2824 3973 2934 4044 (16)
2968 3986 3021 4029 et
3055 3976 3337 4032 mensibus
3362 3991 3436 4030 tv.

2145 4064 2261 4120 Vll.
2298 4064 2657 4136 Lysimachus
2688 4067 2846 4121 annis
2866 4082 2944 4124 vr.

2151 4155 2282 4212 Vlll.
2324 4155 2667 4224 Ptolemaeus,
2709 4157 2961 4229 idemque
3001 4159 3309 4226 Ceraunus,
3349 4172 3494 4213 anno
3519 4173 3554 4215 ι-
3583 4164 3641 4215 et

2076 4248 2356 4304 mensibus
2381 4264 2436 4303 v.

2149 4338 2240 4394 lx.
2280 4338 2544 4408 Meleager
2573 4336 2855 4394 mensibus
2881 4332 2945 4390 ll.

2148 4431 2212 4484 Χ.
2253 4430 2538 4500 Antipater
2563 4430 2755 4486 diebus
2787 4445 2910 4487 ην.

480 4521 534 4574 5.
584 4520 649 4572 Et
706 4519 881 4588 primo
929 4518 1148 4588 quidem
1198 4532 1341 4570 anno
1397 4519 1530 4571 nulli
1586 4519 1860 4593 principes
1914 4519 1969 4571 in
2006 4541 2054 4598 ο
2148 4520 2239 4575 XI.
2283 4520 2582 4577 Sosthenes
2621 4536 2768 4576 anno
2796 4537 2834 4574 ι.

485 4697 559 4768 (l)
599 4694 880 4767 Legendus
917 4696 1104 4752 Livius
1126 4711 1298 4760 xxxu,
1336 4697 1402 4750 10
1442 4712 1586 4766 sqq.,
1629 4702 1744 4749 tum
1776 4711 1974 4760 χχχιιι,

413 4769 502 4824 52.
539 4783 725 4824 xxxrv.
753 4770 804 4821 1.

490 4809 502 4831 ,
539 4783 725 4828 xxxrv,
753 4783 804 4821 τι.

486 4837 561 4905 (2)
600 4837 782 4893 Codex
817 4837 967 4892 Arm.
999 4838 1084 4890 hic
1113 4839 1288 4901 annis,
1315 4837 1410 4892 sed
1432 4835 1659 4890 inferius
1692 4834 1975 4891 mensibus.

486 4838 541 4905 (:2
600 4838 782 4893 Codex
817 4838 967 4892 Arm.
999 4838 1084 4890 hic
1113 4839 1288 4901 annis,
1315 4838 1410 4892 sed
1432 4838 1659 4890 inferius
1692 4838 1973 4891 mensibus.

486 4838 563 4980 (Si
603 4907 782 4980 Codex
813 4906 975 4980 Arni:
998 4908 1286 4980 Antipatri,
1326 4906 1472 4977 quod
1503 4907 1691 4960 vitium
1724 4906 1973 4960 emenda-

413 4975 592 5033 vimus
622 4978 782 5032 etiam
817 4977 920 5034 col.
947 4975 1074 5040 249,
1113 4992 1171 5036 ιι.
1200 4977 1256 5037 4.

489 5049 601 5170 (3‘)
643 5047 900 5118 Pyrrhus.
932 5055 1010 5099 tta
1057 5057 1139 5103 est
1171 5054 1333 5100 etiam
1369 5047 1422 5100 in
1456 5044 1663 5102 Veneta
1700 5045 1976 5109 editione;

489 5166 490 5170 η
541 5127 718 5170 tamen
760 5118 1109 5170 scribendum
1144 5119 1364 5170 omnino
1404 5125 1488 5170 est
1513 5116 1810 5170 Alexander
1842 5115 1976 5170 Pur-

416 5115 510 5172 sed
541 5115 718 5173 tamen
760 5118 1109 5172 scribendum
1144 5119 1364 5172 omnino
1404 5125 1488 5172 est
1513 5116 1810 5171 Alexander
1842 5115 1981 5186 Pyr—

416 5189 499 5241 rhi
530 5189 692 5242 filius.

489 5254 564 5326 (ι)
625 5257 834 5326 Rursus
893 5256 1106 5310 videtur
1155 5255 1444 5310 dicendum
1525 5257 1780 5326 Philippi.
1843 5254 1980 5310 Vide

417 5325 554 5395 sup.
580 5325 686 5379 col.
716 5325 841 5391 254,
871 5342 924 5380 n.
956 5327 988 5382 6

488 5397 561 5468 (5)
604 5395 832 5468 _Videtur
855 5398 1141 5468 dicendum
1171 5397 1349 5468 Argis.
1529 5465 1531 5467 _

488 5466 564 5533 (6)
604 5465 837 5533 Legendi
871 5477 997 5520 sunt
1027 5463 1273 5522 Justinus
1307 5481 1433 5526 xxv,
1470 5465 1532 5519 et;
1560 5463 1888 5520 Plutarchus
1925 5464 1979 5517 in

408 5535 647 5608 Pyrrho.
688 5534 806 5608 Jam
847 5537 908 5608 si
945 5539 1155 5592 scribas
1196 5538 1447 5608 superius
1492 5536 1670 5606 Argis,
1703 5537 1853 5591 dices
1892 5534 1981 5588 bic

408 5604 670 5674 'rebusque
698 5606 1172 5662 humanis'exutus.

492 5675 568 5744 (7)
595 5674 882 5745 immerito
928 5677 1091 5745 igitur
1117 5681 1209 5730 hic
1245 5675 1549 5741 Antigonus
1578 5675 1864 5730 videbatur
1890 5673 1983 5728 Al-

418 5743 605 5816 eyOnei
643 5744 797 5816 illius
844 5743 1132 5816 Beineecio
1165 5745 1440 5799 Munarch.
1493 5755 1609 5799 terr.
1644 5762 1718 5816 Ap.
1768 5746 1892 5801 129.
1937 5747 1982 5797 Α

419 5813 690 5870 Pausania
717 5830 810 5883 vn,
846 5815 895 5881 7,
935 5815 1134 5870 dicitur
1179 5816 1500 5888 Antigonus
1534 5813 1749 5884 ἁνεψὶὸς
1779 5817 1854 5888 τῷ
1893 5817 1983 5869 Φι-

2076 4701 2278 4770 λίππῳ,
2305 4701 2398 4752 καὶ
2438 4700 2630 4771 μητέρι
2663 4701 2825 4754 αὐτοῦ
2857 4703 3140 4761 συνοικῶθ,
3171 4697 3403 4768 Philippi
3429 4709 3643 4766 patrue-

2080 4771 2144 4824 lis
2166 4781 2214 4823 et
2243 4771 2480 4824 vitricus.

2171 4840 2222 4908 8)
2264 4839 2478 4895 Videsis
2513 4855 2632 4909 cap.
2664 4839 2753 4903 '58,
2789 4856 2845 4896 ιι.
2881 4839 2936 4895 9.

2172 4905 2225 4978 9)
2265 4909 2520 4979 Demetrii
2558 4905 2697 4964 uxor
2745 4919 2862 4964 erat
2930 4908 3323 4979 Phthia;_ergo
3364 4905 3640 4979 Qlympias

2080 4977 2403 5033 concubina.
2435 4978 2620 5048 Neque
2652 4980 2756 5033 huc
2799 4979 3064 5034 trahenda
3084 4977 3323 5048 ividetur
3363 4977 3640 5047 Olympias

2080 5048 2275 5120 Pyrrhi
2319 5047 2546 5118 epirotze
2579 5049 2720 5120 regis
2750 5049 2877 5110 lilia.
2917 5066 3039 5117 quae
3078 5047 3335 5104 Demetrii
3376 5048 3640 5102 auxilium

2079 5119 2409 5187 imploravit,
2445 5119 2810 5174 testeJustino
2844 5136 3034 5183 xxviii,
3071 5120 3122 5173 1.

2151 5185 2261 5260 (19)
2304 5187 2427 5260 llazc
2448 5189 2515 5243 de
2542 5190 2809 5260 Antigono
2842 5192 2947 5245 late
2975 5189 3269 5260 praedicant
3294 5185 3550 5260 Polybius
3579 5203 3640 5260 l_l,

2083 5257 2174 5324 70;
2206 5259 2392 5312 Livius
2419 5275 2509 5320 ιιι..
2555 5260 2657 5325 54;
2685 5256 2991 5314 Pausanias
3013 5275 3075 5318 ιι,
3099 5259 3153 5320 9,
3177 5273 3266 5320 vr;
3301 5257 3403 5322 16;
3451 5271 3547 5320 vn,
3579 5256 3638 5309 7‘

2081 5342 2196 5390 vm,
2233 5329 2294 5394 8;
2329 5327 2576 5383 Justinus
2605 5345 2796 5394 xxvm,
2821 5329 2936 5394 3.4,
2963 5339 3017 5384 et
3042 5327 3259 5383 Suidas.

2179 5399 2261 5467 ll)
2303 5398 2552 5460 Inferius,
2577 5399 2832 5452 Praviles.

2177 5459 2264 5539 12)
2303 5469 2384 5539 l_t_a
2413 5469 2466 5522 in
2493 5459 2732 5539 margine
2753 5469 2958 5524 codicis
2987 5466 3224 5532 Arm.;at
3249 5467 3304 5522 in
3336 5472 3484 5523 textu
3509 5459 3644 5519 Gor-

2082 5538 2274 5608 tonius.
2304 5537 2448 5608 Num
2483 5536 2805 5608 Gortynius?

2184 5608 2268 5679 l5)
2290 5607 2430 5679 Puta
2452 5625 2516 5679 ea:
2548 5606 2702 5679 Argis
2736 5606 3148 5679 amphiloclticis.

2178 5677 2263 5750 14)
2290 5676 2446 5750 Deest
2479 5675 2570 5750 hic
2599 5675 2776 5750 viginti
2803 5679 2858 5732 in
2892 5678 3011 5733 cod.
3041 5679 3190 5731 Arm.

2179 5748 2266 5819 15)
2291 5747 2478 5819 Codex)
2502 5747 2677 5811 ArmI,
2709 5749 3023 5819 Antigonus.

2157 5815 2266 5889 (16)
2294 5815 2554 5888 Superius
2581 5835 2652 5873 tv.
