4118 6396
460 294 568 352 239

1178 294 1449 350 EUSEBII
1488 294 1964 352 CAESARIENSIS
1997 295 2149 352 OPP.
2192 295 2374 352 PARS
2408 297 2447 352 1.
2488 328 2556 338 --
2595 296 2981 353 HISTORICA.

3619 300 3724 363 160

457 410 602 466 inter
633 406 904 464 barbaros
936 407 1168 465 ulterius
1192 417 1509 481 provectus,
1540 410 1773 466 victoria
1809 426 2040 483 regnum
2070 418 2117 473 A
2144 420 2197 468 et
2253 413 2551 470 tricesimae
2605 422 2814 471 octavae
2858 413 3222 486 Olympiadis,
3276 421 3442 485 atque
3492 416 3568 470 ita
3622 433 3725 473 an-

454 501 825 564 conlirmavit,
866 517 932 557 ex
963 518 1138 573 eaque
1178 503 1362 559 dictus
1404 510 1489 559 est
1516 502 1756 558 Nicanor
1780 505 1858 575 (1)
1910 506 2033 576 (seu

455 595 683 665 victor),
714 604 1042 667 sceptroque
1082 596 1289 665 potitus
1328 604 1414 651 est
1447 597 1608 651 annis
1641 597 1867 666 triginta
1898 597 2040 652 duo-

455 688 583 750 bus,
621 702 785 742 orsus
812 686 1066 742 videlicet
1099 702 1130 741 a
1165 688 1482 742 centesimae
1513 695 1569 742 et
1613 688 1840 743 decimae
1880 689 2040 759 septi-

456 794 562 834 mae
614 779 940 850 Olympiadis
988 793 1132 834 anno
1176 779 1356 850 primo
1396 779 1512 849 (2),
1560 780 1931 851 desinensque
1982 781 2040 837 in

458 874 776 927 centesimae
820 879 875 926 et
924 870 1199 925 vicesimae
1238 879 1447 941 quartae
1498 886 1702 926 annum
1754 881 2035 943 quartum,

459 962 570 1015 vita
604 960 672 1015 ad
703 976 907 1014 annum
941 975 1115 1030 usque
1144 962 1609 1031 septuagesimum
1636 962 1886 1031 quintum
1911 979 2039 1034 pro-

459 1054 645 1117 ducta,
685 1067 795 1122 quo
829 1052 1061 1107 insidias
1099 1066 1130 1104 a
1175 1050 1434 1106 familiari
1475 1051 1775 1114 Ptolemaei.
1829 1069 2037 1126 cogno-

460 1151 645 1199 mento
673 1142 933 1205 Cerauni,
962 1157 1161 1212 passus
1192 1143 1422 1198 interiit.

529 1237 582 1294 5.
626 1235 907 1292 Successit
941 1236 1083 1291 ﬁlius
1112 1234 1419 1291 Antiochus
1450 1252 1515 1291 ex
1547 1237 1752 1308 Apame
1790 1240 2034 1311 perside,

456 1329 547 1399 qui
586 1328 889 1399 appellatus
927 1335 1011 1382 est
1047 1325 1210 1381 Soter
1245 1327 1323 1398 (5)
1356 1326 1573 1399 (nempe
1613 1333 1902 1394 servator).
1936 1332 2038 1388 Hic

458 1423 773 1477 centesimae
835 1427 890 1476 et
943 1421 1224 1475 vicesimae
1294 1437 1456 1476 nonae
1503 1425 1830 1496 Olympiadis
1893 1442 2038 1483 anno

457 1512 634 1582 primo
661 1513 819 1578 obiit,
856 1520 1148 1583 postquam
1191 1513 1352 1568 annis
1388 1529 1516 1570 thv
1544 1517 1791 1584 vixerat;
1834 1535 2036 1589 regna-

454 1611 612 1658 verat
657 1611 841 1658 autem
885 1604 1044 1658 annis
1091 1619 1207 1668 xtx,
1256 1620 1287 1659 a
1323 1606 1633 1662 centesima:
1666 1615 1722 1663 et
1763 1609 2037 1665 vicesimae

459 1696 663 1764 quintae
693 1694 1025 1766 Olympiadis
1065 1698 1243 1766 primo
1277 1712 1446 1765 anno,
1493 1715 1670 1769 usque
1712 1699 1781 1754 ad
1812 1701 2034 1755 tertium

458 1787 734 1841 vicesima:
770 1800 928 1840 nonae
966 1801 1132 1855 supra
1165 1790 1542 1844 centesimam.
1583 1789 1707 1844 Nati
1742 1799 1871 1846 sunt
1913 1793 1964 1848 ei
2003 1809 2035 1849 e

460 1876 769 1933 Stratonice
796 1877 1051 1933 Demetrii
1079 1880 1360 1936 masculus
1391 1880 1697 1937 Antiochus
1740 1890 1794 1938 et
1818 1882 2037 1941 femina:

461 1970 772 2025 Stratonice
822 1979 987 2039 atque
1050 1971 1276 2042 Apame,
1328 1989 1562 2046 quarum
1620 1973 1883 2044 Apamem
1927 1976 2037 2031 Ma-

459 2078 556 2134 gas
588 2062 661 2133 (4)
692 2062 847 2117 duxit
884 2078 1133 2120 uxorem.
1177 2065 1543 2123 Stratonicem
1575 2074 1754 2121 autem
1796 2083 1893 2123 rex
1922 2067 2035 2123 Ma-

459 2157 701 2213 cedoniae
731 2142 1061 2213 Demetrius.

529 2248 583 2303 6.
629 2247 895 2303 Praedicto
923 2250 1195 2305 Antiocho
1223 2248 1402 2307 Soteri
1438 2253 1551 2309 vita
1591 2254 1784 2312 functo
1820 2271 2039 2313 succes-

461 2340 535 2397 sit
572 2342 628 2396 in
672 2342 965 2412 imperium
1003 2342 1333 2410 Antiochus,
1373 2355 1737 2416 cognomento
1765 2349 1910 2404 Deus
1935 2347 2033 2421 (5),

457 2449 622 2490 orsus
660 2448 692 2488 a
735 2435 1048 2490 centesimae
1087 2443 1142 2491 et
1179 2437 1454 2493 vicesima:
1500 2454 1659 2496 nonae
1706 2442 2035 2513 Olympiadis

458 2533 659 2596 quarto
689 2540 857 2589 anno,
892 2526 1170 2598 vitamque
1213 2529 1377 2585 annis
1403 2528 1582 2585 adhuc
1612 2548 1684 2586 xv,
1704 2532 1780 2605 (6)
1836 2549 2037 2605 propa-

457 2610 617 2689 gan‘s.
654 2616 954 2688 Implicitas
982 2620 1039 2674 in
1063 2619 1312 2675 morbum
1343 2620 1581 2678 decessit
1611 2623 1810 2694 Ephesi
1847 2634 2035 2681 cente-

460 2709 614 2762 simae
651 2709 1037 2791 ettricesimae
1067 2711 1270 2781 quintae
1299 2713 1625 2784 Olympiadis
1665 2717 1826 2771 tertio
1862 2733 2033 2784 anno,

458 2810 747 2872 postquam
788 2804 950 2875 annis
991 2804 1219 2860 omnino
1246 2805 1607 2877 quadraginta
1654 2809 1901 2866 vixisset.
1942 2808 2035 2865 Fi-

457 2892 566 2949 lios
609 2895 853 2965 suscepit
900 2894 1062 2960 duos,
1108 2894 1423 2964 Seleucum,
1473 2909 1836 2970 cognomento
1873 2901 2035 2957 Calli-

458 2985 664 3053 nicum,
713 2996 768 3043 et
812 2987 1181 3059 Antigonum;
1239 2989 1488 3061 ﬁliasque
1534 2992 1672 3053 duas
1719 3009 1751 3049 e
1796 2993 2033 3052 Laodice

456 3077 639 3133 Achaei
682 3076 783 3149 (7),
832 3094 1068 3149 quarum
1116 3080 1348 3135 alteram
1387 3081 1752 3152 Mithridates,
1803 3084 2029 3140 alteram

457 3169 694 3225 Arathes
716 3168 794 3241 (8)
827 3170 1105 3225 duxerunt
1133 3186 1352 3227 uxores.

528 3262 585 3319 7.
627 3262 758 3318 Post
790 3278 913 3317 eum
946 3263 1124 3333 major
1151 3271 1285 3318 natu
1325 3262 1609 3330 Seleucus,
1645 3275 2028 3337 cognomento,

456 3363 519 3410 ut
550 3354 811 3419 diximus,
843 3355 1167 3421 Callinicus,
1200 3370 1428 3426 regnum
1469 3357 1630 3411 tertio
1673 3371 1818 3412 anno
1859 3358 2034 3430 olym-

457 3446 636 3518 piadis
683 3446 996 3501 centesima:
1044 3452 1099 3500 et
1144 3446 1441 3502 tricesima;
1485 3447 1664 3503 tertiae
1711 3448 2032 3519 auspicatus

457 3546 565 3604 est,
600 3537 886 3607 tenuitque
917 3537 984 3592 ad
1014 3537 1245 3591 alterum
1273 3552 1448 3607 usque
1477 3551 1680 3591 annum
1720 3545 2035 3594 centeSImaa

528 3714 605 3787 (1)
669 3715 843 3786 Vulgo
890 3714 1115 3789 {\ficator
1145 3732 1183 3789 ;7
1224 3715 1321 3789 sed
1376 3714 1614 3770 Nicanor
1671 3716 1835 3789 etiam
1891 3719 2032 3789 apud

459 3785 862 3842 Chorenensetn
892 3785 1037 3842 Hist.
1070 3803 1132 3849 ιι,
1168 3788 1221 3850 1,
1250 3786 1578 3856 Graecosque
1614 3785 1928 3843 nonnullos.

533 3857 611 3927 (2)
640 3857 754 3911 Hoc
779 3864 865 3911 est
913 3858 1330 3912 celeberrimum
1355 3858 1571 3911 initium
1598 3859 1820 3926 epoclta:
1852 3857 2033 3914 Seleu-

456 3927 727 3989 cidarum,
761 3943 867 3997 qua
916 3942 1079 3996 super
1123 3944 1181 3983 re
1207 3929 1468 3997 legendus
1521 3943 1752 3996 magnus
1779 3927 2031 3986 Norisius

454 3997 521 4052 de
551 3997 757 4067 epochis
788 3997 1271 4067 Syramacedonum
1292 3998 1517 4052 dissert.
1544 4013 1608 4061 ιι,
1634 3999 1688 4053 1.

534 4068 619 4141 ('5)
642 4067 1092 4141 Propter_Gallos
1137 4068 1457 4141 debell_atos,_
1518 4083 1683 4139 quam
1742 4067 2031 4125 victoriam

456 4137 663 4209 legesis
678 4137 828 4209 apud
872 4137 1174 4209 Lucianum
1208 4139 1266 4192 in
1291 4137 1479 4192 Zeuxi.

529 4208 607 4279 (4)
641 4208 983 4279 _Vocabulum
1020 4208 1208 4278 Magas
1247 4220 1565 4278 corruptum
1609 4216 1694 4264 est
1743 4209 1801 4263 in
1841 4210 2031 4267 codice

455 4277 621 4349 ArmL
640 4277 750 4335 Res
776 4277 1489 4349 tamenperspicueconstat
1511 4295 1541 4333 e
1568 4279 1839 4333 Pausania
1860 4283 2025 4335 Attic.

455 4364 553 4419 vlt.
587 4347 713 4402 Erat
732 4359 911 4403 autem
943 4347 1124 4418 Magas
1162 4348 1438 4404 Ptolemaei
1466 4348 1809 4419 Philadelphi
1835 4349 2026 4418 frater,

454 4417 804 4500 Cyrene-sque
842 4435 944 4500 rex
975 4417 1059 4475 vel
1102 4419 1414 4500 praefectus.
1465 4417 1632 4491 Maga:
1664 4417 1834 4500 regis
1849 4417 2024 4500 (lyre?

2142 503 2231 558 nis
2268 520 2358 558 xxt
2384 504 2462 575 (9)
2495 504 2808 560 dominatus
2841 513 2946 562 est.
2975 506 3036 559 Ei
3076 514 3294 561 mortuo
3317 505 3433 578 (10)
3475 511 3725 564 succedit

2142 592 2290 649 ﬁlius
2330 591 2617 658 Seleucus,
2655 600 3020 665 cognomento
3057 592 3361 651 Ceraunus.
3391 596 3570 668 Atque
3605 599 3724 656 haec

2140 686 2360 756 quidem
2392 686 2469 739 ita
2501 700 2560 741 se
2589 686 2920 742 habuerunt.

2212 778 2267 832 8.
2310 778 2706 833 Verumtamen
2724 778 2941 833 vivente
2962 778 3143 835 adhuc
3168 779 3435 835 Callinico
3463 779 3719 848 Seleuco,

2138 867 2446 939 Antigonus
2480 867 2595 939 (11)
2626 868 2809 921 minor
2840 876 2972 923 natu
3008 868 3178 924 frater
3210 870 3412 939 quietis
3444 872 3722 942 sortisque

2140 975 2254 1015 suae
2285 960 2598 1030 impatiens,
2644 962 2952 1031 adjutorem
2989 959 3387 1032 favitoremque
3414 970 3612 1019 nactus
3636 971 3722 1021 est

2137 1051 2531 1118 Alexandrum,
2580 1053 2674 1122 qui
2700 1054 2888 1106 urbem
2927 1051 3131 1107 Sardes
3164 1054 3404 1118 tenebat,
3436 1062 3488 1109 et
3529 1054 3723 1111 Laodi-

2139 1159 2232 1199 ces
2266 1144 2459 1200 matris
2494 1160 2608 1199 suae
2642 1144 2809 1198 frater
2848 1151 2967 1198 erat
2990 1143 3143 1215 (12):
3176 1145 3413 1216 denique
3450 1153 3505 1203 et
3549 1144 3718 1202 Gallis

2139 1237 2497 1292 auxiliaribus
2533 1252 2668 1292 usus
2714 1244 2818 1293 est.
2860 1236 3086 1293 Duobus
3122 1238 3323 1309 praeliis
3369 1237 3632 1294 Seleucus
3661 1239 3719 1293 in

2138 1328 2308 1401 Lydia
2342 1330 2626 1385 victoriam
2668 1339 2868 1385 nactus
2913 1338 2998 1387 est
3028 1331 3164 1401 (15),
3198 1332 3272 1385 ita
3308 1338 3490 1387 tamen
3522 1340 3582 1387 ut
3621 1347 3717 1387 ne-

2139 1438 2246 1492 que
2289 1422 2490 1478 Sardes
2524 1430 2744 1493 caperet
2786 1438 2965 1493 neque
2994 1422 3292 1493 Ephesum,
3329 1438 3493 1494 quam
3524 1425 3716 1479 urbem

2139 1514 2465 1569 Ptolemaeus
2491 1514 2748 1583 praesidio
2783 1513 3073 1568 insidebat.
3102 1512 3308 1568 Deinde
3333 1514 3388 1567 in
3427 1513 3716 1584 Cappado-

2138 1608 2224 1662 cia
2278 1605 2543 1661 adversus
2593 1603 3003 1668 Mithridatem,
3062 1619 3207 1659 novo
3259 1604 3448 1674 praelia
3490 1611 3713 1672 coorto,

2139 1707 2254 1754 tum
2301 1699 2534 1753 militum
2579 1697 2701 1768 ejus
2736 1695 2925 1766 viginti
2976 1696 3146 1749 millia
3196 1711 3337 1752 caesa
3388 1712 3420 1750 a
3463 1696 3716 1753 barbaris

2071 1772 2113 1827 Β
2142 1799 2290 1854 sunt,
2318 1798 2431 1845 tum
2469 1791 2584 1860 ipse
2616 1788 2935 1860 proﬂigatus
2971 1789 3193 1844 evanuit
3220 1789 3352 1861 (14).

2211 1879 2263 1933 9.
2294 1876 2613 1933 Ptolemaeus
2634 1893 2785 1944 vero,
2816 1878 2905 1947 qui
2924 1884 2977 1933 et
2997 1876 3253 1949 Tryphon
3279 1878 3412 1949 (15),
3434 1876 3603 1951 Syriae
3625 1896 3715 1936 re-

2142 1973 2329 2043 giones
2367 1987 2489 2026 cum
2514 1972 2778 2027 Damasco
2806 1974 3094 2043 occupavit
3130 1972 3265 2043 (16'),
3295 1972 3715 2044 Orthosiamque

2141 2062 2424 2118 obsidione
2447 2062 2619 2116 cinxit
2640 2062 2773 2134 (17),
2802 2079 2922 2134 quae
2941 2064 3159 2134 quidem
3196 2064 3375 2118 soluta
3415 2072 3500 2120 est
3528 2072 3715 2119 cente-

2142 2155 2294 2209 simae
2325 2161 2379 2209 et
2420 2154 2713 2209 tricesima:
2760 2162 2969 2225 quarta:
3002 2155 3327 2227 olympiadis
3359 2170 3502 2211 anno
3531 2155 3714 2223 tertio,

2144 2246 2371 2305 Seleuco
2412 2250 2541 2304 illuc
2573 2249 2819 2320 appulso.
3566 2250 3569 2253 '

2211 2344 2299 2398 10.
2342 2342 2535 2399 Frater
2579 2352 2761 2399 autem
2812 2343 3060 2398 Callinici
3105 2341 3410 2412 Antigonus
3461 2355 3716 2412 magnam

2140 2435 2429 2508 Phrygiam
2458 2451 2774 2508 peragrans,
2806 2437 3026 2492 tributis
3048 2436 3255 2491 incolas
3269 2434 3551 2490 onerabat.
3570 2434 3715 2501 Quin

2139 2538 2196 2584 et
2220 2536 2411 2583 contra
2438 2526 2725 2583 Seleucum
2753 2529 3034 2599 copiarum
3070 2527 3239 2583 duces
3281 2527 3560 2594 mittebat;
3606 2541 3717 2597 quo

2141 2627 2383 2690 tempore
2431 2634 2557 2674 cum
2593 2634 2626 2674 a
2668 2620 2989 2690 voluptariis
3017 2621 3134 2676 suis
3165 2619 3435 2675 ministris
3479 2619 3716 2675 traditus

2141 2710 2334 2767 fuisset
2366 2711 2615 2767 barbaris
2648 2712 2782 2784 (18),
2816 2713 3010 2767 horum
3032 2712 3285 2767 manibus
3299 2712 3518 2782 elapsus
3547 2727 3716 2781 parvo

2140 2805 2402 2859 comitatu
2434 2804 2763 2876 Magnesiam
2788 2804 2964 2863 evasit
2997 2824 3010 2859 :
3042 2805 3391 2875 crastinaque
3416 2805 3506 2860 die
3530 2802 3713 2859 Ptole-

2140 2897 2261 2952 maei
2291 2896 2507 2952 auxiliis
2536 2896 2708 2953 fretus
2740 2897 2986 2967 praelium
3013 2895 3156 2952 felici
3189 2895 3361 2952 Marte
3384 2895 3664 2951 conseruit
3696 2912 3712 2950 :

2141 2993 2254 3040 tum
2272 2993 2325 3042 et
2341 2985 2500 3041 Ziela:
2515 2986 2626 3057 (19)
2641 2986 2805 3041 tiliam
2825 2986 3032 3057 nuptiis
3054 2986 3159 3042 sibi
3186 2986 3478 3057 copulavit.
3509 2985 3716 3041 Deinde

2140 3095 2284 3135 anno
2334 3086 2530 3151 quarto
2580 3079 2904 3152 Olympiadis
2953 3079 3266 3134 centesima:
3313 3085 3367 3133 et
3421 3078 3716 3133 tricesima;

2058 3138 2104 3201 ο
2135 3138 2376 3242 septimae
2398 3172 2452 3226 in
2474 3138 2748 3242 Lydia'bis
2769 3170 2935 3227 armis
2958 3171 3121 3225 motis
3142 3169 3444 3225 debellatus
3465 3177 3548 3224 est
3572 3167 3708 3240 (20).

2135 3261 2271 3318 Tum
2297 3263 2462 3318 etiam
2495 3264 2639 3318 circa
2671 3262 2911 3318 Choloén
2939 3263 3169 3317 certavit
3200 3277 3327 3315 cum
3351 3262 3532 3315 Attalo
3557 3260 3668 3332 (21)
3692 3278 3707 3315 :

2133 3361 2187 3409 et
2217 3353 2436 3423 quidem
2467 3354 2643 3423 primo
2671 3368 2816 3408 anno
2844 3352 3171 3424 olympiadis
3195 3351 3483 3407 tricesimae
3505 3360 3712 3406 octava;

2134 3459 2299 3515 supra
2329 3445 2702 3510 centesimam,
2731 3443 2971 3500 Attalum
3001 3444 3059 3499 in
3100 3442 3392 3499 Thraciam
3423 3459 3598 3515 usque
3624 3443 3713 3498 fu~

2131 3536 2305 3608 giens,
2339 3545 2462 3606 post
2488 3550 2724 3606 pugnam
2757 3536 2815 3590 iu
2855 3534 3016 3590 Caria
3045 3543 3339 3606 patratam,
3374 3533 3484 3589 vita
3515 3548 3711 3591 excetr-

2135 3714 2395 3770 refutavit
2432 3730 2680 3770 summus
2716 3713 3035 3770 Vicecomes
3072 3713 3316 3784 Iconogr.
3338 3733 3420 3783 gr.
3447 3715 3535 3779 111,
3577 3716 3703 3773 582.

2201 3787 2312 3856 (11)
2350 3785 2448 3840 llic
2485 3796 2571 3840 est
2617 3785 2921 3840 Antiochus
2953 3785 3174 3841 Hier-ax.
3212 3787 3270 3840 In
3302 3787 3493 3842 codice
3522 3795 3708 3845 tamen

2131 3856 2283 3910 Arm.
2307 3864 2624 3911 constanter
2651 3856 2910 3911 scribitur
2935 3857 3254 3925 Antigonus.

2207 3926 2319 3996 (1'2)
2345 3926 2705 3991 Quaerendum
2736 3926 2803 3980 de
2833 3926 2937 3998 hoc
2975 3944 2990 3989 ;
3042 3942 3169 3980 nam
3211 3926 3539 3998 Ptolemzeus
3574 3928 3704 3998 qui-

2131 3995 2273 4068 dem,
2302 3995 2532 4066 quimox
2556 4004 2828 4068 occurret,
2863 3995 3031 4050 frater
3059 4004 3177 4068 erat
3209 3996 3519 4060 Berenices,
3541 3995 3702 4068 quam

2131 4066 2382 4122 Laodicae
2409 4068 2567 4121 uxori
2607 4067 2791 4134 prima:
2820 4067 3205 4135 superinduxit
3255 4066 3579 4130 Antiochus,
3612 4085 3706 4124 co-

2131 4139 2388 4207 gnomine
2421 4137 2582 4201 Deus,
2612 4137 2858 4207 Callinicj
2891 4143 2945 4190 et
2977 4136 3222 4193 Hieracis
3248 4152 3466 4207 parens.

2201 4209 2313 4279 (15)
2357 4208 2492 4279 Puta
2524 4208 2788 4263 adversus
2832 4205 3185 4279 Ptolemaeum
3222 4205 3570 4279 Tryphonem
3605 4223 3702 4265 seu

2131 4276 2445 4351 Evergetetn
2462 4276 2583 4351 (qui
2605 4278 2846 4351 Berenici
2866 4280 3040 4351 sorori
3057 4277 3252 4351 vindex
3266 4276 3511 4351 venerat)
3537 4288 3704 4351 atque

2132 4347 2396 4404 adversus
2427 4347 2670 4416 ejusdem
2693 4347 2971 4401 Ptolemmi
2998 4349 3311 4404 auxiliares.

2206 4417 2317 4489 (14)
2347 4419 2546 4487 Copias
2577 4418 2788 4473 Seleuci
2803 4420 3182 4490 internecione
3197 4434 3394 4490 caesas,
3410 4418 3702 4490 ipsumque

457 4479 559 4562 nati
624 4479 1008 4561 pinguedinem
1060 4479 1246 4544 narrat
1302 4479 1597 4545 Athenaeus
1652 4479 1756 4557 xu',
1814 4479 1920 4557 12,"
1966 4508 2019 4562 p.
2058 4479 2099 4532 D
2132 4479 3702 4562 Seleucum'aliquandiudesideratumnarratPlhtarchus

528 4630 604 4702 (5)
623 4628 762 4702 Huic
781 4629 1137 4702 regiputatur
1155 4629 1392 4685 Berosus
1424 4628 1719 4702 Historiam
1747 4646 1904 4687 suam
1926 4631 2023 4689 ob-

456 4699 671 4757 tulisse.
702 4699 1160 4755 Vide’Tatianum
1191 4710 1329 4755 orat.
1359 4716 1479 4770 cap.
1511 4699 1600 4755 56.

529 4770 605 4844 (6)
641 4771 822 4844 Codex
871 4770 1023 4824 Arm.
1047 4786 1189 4844 xix,
1219 4772 1362 4844 quod
1392 4771 1669 4844 _mendum
1717 4772 1903 4828 statim
1934 4772 2023 4827 hic

453 4840 793 4911 coarguitur,
834 4847 889 4894 et
918 4850 1000 4895 ter
1030 4841 1227 4896 deinde
1240 4840 1496 4896 inferius.

528 4910 611 4983 (η
642 4910 742 4983 llic
767 4911 1009 4983 Achaeus
1025 4926 1204 4983 regem
1241 4927 1301 4967 se
1326 4920 1512 4983 postea
1537 4910 1693 4965 dixit.
1733 4910 1920 4983 Polyb.
1946 4930 2019 4977 tv,

528 4923 606 5034 (vl)
642 4923 742 4965 me
767 4923 995 4966 Acuaeus
1025 4926 1204 4980 regem
1241 4927 1301 4967 se
1326 4923 1512 4981 postea
1537 4923 1693 4965 dixit.
1734 4923 1920 4983 Potyb.
1946 4930 2019 4977 tv,

452 4981 543 5037 48.
602 4997 690 5054 mo
707 4981 960 5044 Achaeus,
979 4981 1047 5035 de
1067 4996 1176 5052 quo
1194 4982 1436 5054 loquitur
1464 4980 1824 5054 Porphyrius,
1839 4985 2023 5039 senior

453 5061 559 5109 est.
590 5053 693 5118 Qui
727 5060 995 5123 autemise
1020 5068 1202 5123 regem
1237 5054 1397 5115 dixit,
1420 5053 1629 5123 junior.

526 5122 605 5194 (8)
637 5123 879 5191 lntellige
901 5120 1261 5195 Cappadociae
1278 5120 1483 5193 regem.
1512 5120 1634 5176 Jam
1672 5122 1899 5195 Aratltes
1921 5139 2022 5195 pro

455 5193 766 5265 Ariarathes
820 5193 1082 5265 scribitur
1123 5194 1288 5248 etiam
1333 5208 1365 5246 a
1400 5195 1685 5248 Memnone
1705 5194 1850 5265 apud
1878 5193 2023 5250 Pho-

453 5264 590 5318 tium
615 5265 739 5320 cod.
764 5277 980 5330 ccxxtv,
1009 5263 1098 5318 52.

527 5334 605 5406 (9)
636 5334 779 5389 Bene
803 5335 857 5388 in
880 5336 1183 5406 posteriore
1224 5334 1367 5389 libro
1394 5332 1479 5389 bis
1505 5333 1705 5406 legitur
1733 5350 1825 5400 xx,
1859 5334 1916 5389 in
1939 5343 2022 5390 ta-

455 5402 601 5474 bulis
623 5419 816 5474 nempe
844 5402 1030 5474 regum
1051 5414 1107 5460 et
1130 5405 1187 5459 in
1215 5418 1446 5460 canone.

524 5467 640 5547 (10)
668 5467 1035 5547 ΕυἘιιεεΒίιιε
1050 5491 1147 5531 seu
1177 5474 1519 5547 Porphyrius
1536 5475 1868 5547 mentionem
1898 5476 2020 5530 nul—

453 5542 562 5596 lam
590 5544 796 5617 faciunt
814 5547 1144 5617 captivitatis
1164 5542 1413 5601 Callinici
1433 5545 1573 5617 apud
1595 5545 2017 5617 Parthos,quam

455 5621 637 5687 tamen
665 5614 963 5687 scriptores
982 5616 1213 5687 aliquot,
1230 5632 1371 5687 quos
1390 5614 1533 5671 inter
1566 5618 1747 5687 magni
1779 5614 2018 5672 nominis

454 5681 1385 5758 hominesVaillantius,Frtelicltius
1407 5696 1571 5758 atque
1584 5681 1894 5751 Ecl'thelius,
1912 5687 2014 5741 sibi

430 5754 796 5825 [pennasin
831 5755 1108 5812 videntur.
1136 5756 1325 5815 Merito
1359 5754 1523 5831 igitur
1538 5758 1680 5815 hanc
1703 5758 2015 5829 opinionem

2125 4560 2413 4628 Apoplzth.,
2453 4556 2557 4616 ed:
2585 4560 2761 4615 Paris.
2798 4566 2840 4613 t.
2888 4556 2954 4623 11,
2992 4575 3048 4629 p.
3081 4559 3184 4613 184
3206 4599 3223 4627 ,
3258 4568 3312 4616 et
3354 4560 3432 4614 De
3460 4561 3700 4630 fraterno

2125 4646 2397 4684 amorem.
2436 4631 2562 4684 489.
2779 4667 2783 4671 ι

2125 4647 2326 4697 amore,
2344 4647 2397 4697 p.
2436 4647 2562 4685 4w.
2779 4667 2783 4671 η

2197 4646 2656 4770 ξῗὲῗὶξίοῇεῗιξέευε
2689 4667 2983 4769 Evergetes
3014 4699 3217 4755 dicitur
3261 4699 3507 4771 Tryphon
3533 4701 3699 4757 etiam

2125 4785 2154 4823 a
2183 4770 2360 4840 Trogo
2386 4770 2588 4841 prolog.
2615 4784 2784 4841 xxvn,
2811 4778 2866 4824 et
2898 4786 3028 4825 xxx.

2162 4839 2314 4922 _(16)
2345 4839 2629 4897 A’uchet‘us
2660 4840 2988 4896 Damascum
3021 4850 3075 4896 et
3095 4839 3410 4897 Orthosiam
3441 4842 3701 4899 obsessas

2125 4920 2220 4965 ait.

2195 4982 2309 5054 (17)
2337 4983 2477 5054 gave
2499 4982 2607 5038 huc
2630 4983 2816 5038 trahas
2846 4980 3059 5054 locum!
3101 4980 3347 5037 Machab.
3378 4980 3581 5054 xv,_37,
3606 4980 3699 5051 qui

2123 5051 2311 5140 estjie
2340 5052 2650 5140 'IZryph‘one,
2698 5055 2806 5140 alio
2856 5051 3030 5140 Syriae
3071 5061 3327 5140 tyranno,
3379 5052 3615 5140 Τρξφωηί
3644 5053 3701 5105 δὲ

2124 5123 2299 5194 ἐμϐὰς
2340 5122 2430 5186 sic
2456 5122 2672 5190 ίπλοῖον,
2727 5122 2925 5192 ἔφυγεν
2952 5126 3033 5186 εἰς
3077 5122 3396 5194 Ὀρθωσίαν,
3428 5122 3700 5192 Tryphon

2124 5197 2332 5274 nauigio
2349 5209 2634 5274 gonsccnso
2670 5192 2978 5274 Ott/tosiam
3008 5193 3135 5263 fuga
3162 5193 3346 5273 etfacit.

2224 5263 2308 5322 18)
2349 5263 2414 5317 Hi
2442 5264 2697 5318 videntur
2727 5263 2867 5319 Galli
2896 5263 3241 5318 mercenarii.

2224 5268 2308 5322 18)
2349 5268 2414 5317 Hi
2442 5268 2697 5318 videntur
2727 5268 2867 5319 Galli
2896 5268 3241 5318 mercenarii.

2195 5268 2308 5406 (19)
2339 5336 2450 5406 illa
2482 5333 2656 5389 codex
2683 5333 2860 5398 Arm.,
2883 5331 3068 5406 Ziata,
3098 5331 3235 5406 Jam_
3250 5331 3318 5386 de
3351 5325 3516 5389 Ζεὶιω
3534 5328 3698 5406 Nico:

2123 5401 2300 5475 media
2331 5405 2688 5475 Bithynorum
2718 5405 2873 5475 regis
2903 5404 3014 5475 fi_l_io
3038 5401 3527 5475 lege_Memnonem
3552 5401 3697 5475 apud

2122 5474 2374 5530 Pliotium
2403 5470 2525 5529 cod.
2560 5470 2896 5537 ccxxtvf25.
2929 5470 3130 5527 Verum
3155 5470 3406 5528 Justinus
3429 5470 3602 5537 xxvu,
3635 5471 3692 5532 5.

2122 5546 2256 5599 dicit
2284 5545 2542 5615 Antigoni
2570 5545 2738 5613 hujus
2768 5547 2906 5615 (sive
2936 5544 3218 5614 Antiochi)
3247 5555 3500 5599 socerum
3529 5540 3697 5596 Arta-

2123 5632 2323 5670 menem
2356 5615 2714 5685 Cappadocia;
2738 5629 2941 5685 regem.

2195 5686 2308 5755 ('20)
2343 5684 2774 5755 [cgeJustinum
2791 5684 2970 5755 xxv",
3005 5685 3060 5739 5.

2193 5753 2304 5828 (21)
2339 5753 2587 5827 Pergami
2614 5771 2759 5831 rege.
2791 5753 3027 5810 Pausan.
3060 5753 3221 5811 Attic.
3258 5769 3376 5813 vm.
