4118 6396
426 359 537 416 985

1671 358 2176 418 CHRONICORUM
2215 361 2342 420 LIB.
2384 363 2420 419 I.

3601 365 3708 421 986

427 480 666 548 primum
694 475 862 534 Urbis
883 484 1234 549 regnatorem
1265 477 1559 536 Romulum
1608 488 1827 552 tempus
1853 496 2020 552 repu-
2046 491 2097 550 Α
2128 479 2384 536 instituto
2430 495 2540 536 non
2592 481 2874 538 conducit.
2919 480 3101 549 Quare
3150 481 3265 536 haec
3302 481 3485 535 omnia
3532 483 3705 536 satius

427 579 632 636 temus,
667 569 804 625 nunt
832 570 962 626 anni
997 585 1190 627 contr
1244 572 1353 644 (l),
1390 574 1539 644 quod
1562 589 1633 629 ex
1662 573 1800 646 ipsis
1831 589 2020 646 regum

428 661 882 718 successionihus
912 669 1078 734 atque
1115 663 1312 728 annis,
1341 667 1547 738 quibus
1577 666 1783 738 singuli
1823 666 1880 722 in
1917 667 2021 722 im-

426 753 582 823 perio
629 761 974 818 manserunt,
1015 756 1361 826 exploratum
1404 765 1508 812 est.
1550 753 1808 810 Romulus
1861 753 2018 811 Urbis

425 853 616 899 auctor
636 861 854 917 regnum
868 846 1066 902 dicitur
1089 849 1319 903 tenuisse
1350 849 1507 903 annis
1553 865 1739 904 xxxv"
1775 848 1876 920 (2).
1905 847 2018 904 Ro-

425 939 576 994 mqu
633 941 910 996 exstincto
980 942 1356 1014 interregnum
1421 943 1477 997 in
1532 940 1678 997 Urbe
1727 943 1830 997 fuit
1885 943 2016 998 anni

426 1031 614 1087 unius.
650 1031 865 1088 Deindc'
895 1033 1072 1089 Numa
1111 1034 1414 1106 Pompilius
1459 1035 1736 1106 suﬂ‘ragiis
1767 1037 2017 1092 militari-

425 1125 530 1181 bus
560 1123 638 1195 (5)
674 1126 848 1183 lectus
896 1129 1148 1199 regnavit
1180 1129 1341 1184 annis
1388 1145 1545 1184 χιιιι.
1599 1127 1792 1185 Tullus
1831 1136 2014 1184 autem

425 1213 699 1272 Hostilius
729 1228 854 1288 post
881 1217 1111 1273 Numam
1143 1220 1306 1275 annis
1341 1235 1512 1274 χχχιιι
1557 1220 1659 1292 (4).
1698 1219 1895 1276 Postea
1926 1224 2040 1276 rc-‘

426 1308 515 1378 gia
544 1308 811 1378 dignitate
833 1313 1040 1380 potitus
1064 1317 1149 1368 est
1175 1311 1362 1369 Ancus
1391 1311 1630 1368 Marcius
1673 1313 1834 1368 annis
1861 1328 2010 1370 χχιιι.

423 1399 560 1456 Post
607 1400 871 1458 Marcium
914 1402 1118 1460 Lucius
1159 1404 1518 1475 Tarquinius,
1563 1407 1656 1476 qui
1706 1406 2012 1475 appellatus

423 1501 509 1549 est
537 1493 781 1562 Priscus,
817 1497 977 1551 annis
1011 1513 1239 1552 xxxvut.
1267 1497 1368 1552 Cui
1405 1499 1708 1554 succedens
1746 1496 2011 1554 Servilius

422 1585 616 1642 Tullus
653 1588 901 1659 regnavit
944 1590 1106 1644 annis
1142 1605 1288 1645 xuv.
1326 1589 1616 1645 Servilium
1658 1590 1861 1646 occidit
1900 1589 2011 1645 Lu—

419 1681 540 1734 cius
579 1680 652 1752 (5)
685 1690 974 1752 tyrannus,
1007 1681 1100 1753 qui
1135 1683 1367 1751 objuris
1395 1691 1768 1752 contemptum
1803 1682 2009 1752 Super-

425 1770 533 1826 bus
561 1773 866 1842 appellatus
895 1781 1002 1838 est,
1035 1780 1089 1829 ct
1133 1773 1189 1828 in
1219 1773 1502 1829 dominatu
1556 1776 1715 1830 annis
1747 1792 1852 1829 xxv
1883 1790 2006 1844 per-

2121 573 2310 645 judico
2326 574 2419 629 alii
2435 573 2806 648 chronologite
2821 575 3093 631 reservari
3116 593 3132 644 ;
3151 573 3430 639 consules,
3456 573 3705 644 inquam,

2119 668 2217 739 qui
2251 676 2378 740 post
2407 667 2768 740 Tarquinium
2798 669 3023 726 fuerunt
3044 674 3114 734 ﬁet
3154 669 3408 725 tribunos
3441 673 3497 722 ct
3529 667 3708 722 dicta-

2118 765 2290 822 tores,
2329 756 2424 828 qui
2476 755 2847 814 Romanorum
2909 759 3100 814 urbem
3151 757 3703 819 administravcrunt.

2120 847 2322 921 quique
2355 858 2411 905 et
2435 864 2704 904 annorum
2750 849 3021 905 rationem
3053 850 3374 914 coniiciunt,
3417 865 3593 920 usque
3634 848 3704 904 ad

2120 940 2412 996 Casarem.
2444 939 2652 997 Interea
2675 957 2779 996 nos
2806 941 2936 996 illuc
2962 951 3324 1006 revertamur,
3350 940 3416 995 ad
3447 956 3570 997 eum
3592 940 3704 996 scio

2118 1032 2247 1088 licet
2280 1032 2375 1103 qui
2401 1033 2612 1103 primus
2653 1033 3061 1088 monarchicam
3089 1039 3414 1104 petestatcm
3448 1041 3572 1102 post
3601 1045 3697 1086 su-

2116 1124 2395 1194 pradictos
2423 1141 2566 1196 reges
2594 1126 2787 1181 tenuit.

2185 1217 2238 1272 5.
2272 1216 2456 1288 Itaque
2480 1234 2546 1272 ex
2577 1219 2913 1275 intermediis
2942 1219 3280 1290 temporibus
3313 1225 3437 1289 post
3463 1214 3699 1288 Tarqui-

2116 1310 2268 1364 nium
2319 1310 2587 1382 dcjectum
2648 1311 2717 1366 ad
2779 1309 2986 1366 Iulium
3039 1311 3311 1368 Caesarem
3359 1309 3694 1382 olympiadas

2117 1401 2428 1458 conﬂantur
2455 1419 2579 1468 cxv,
2613 1403 2708 1473 qui
2755 1414 2882 1460 sunt
2919 1405 3050 1460 anni
3093 1420 3253 1460 anx.
3297 1404 3510 1475 Quippe
3549 1402 3690 1458 Tar-

2113 1495 2338 1566 quinius
2368 1496 2680 1566 olympiade
2722 1497 3065 1567 sexagesima
3108 1497 3338 1566 septima
3367 1498 3579 1568 expleta
3607 1511 3694 1552 re-

2110 1606 2213 1660 gno
2248 1589 2470 1652 excidit,
2495 1589 2679 1644 Caesar
2716 1597 2895 1645 autem
2944 1590 3101 1644 initio
3129 1590 3442 1645 centesimae
3472 1599 3692 1659 octoge-

2113 1679 2264 1735 simas
2310 1680 2486 1734 tertia:
2521 1681 2596 1751 (9)
2626 1695 2900 1734 summum
2949 1681 3238 1750 imperium
3276 1681 3512 1747 invasit;
3559 1697 3691 1752 ergo

2111 1774 2346 1846 spatium
2379 1789 2646 1828 annorum
2676 1788 2810 1827 anx
2842 1773 2955 1844 (IO)
2977 1774 3359 1844 interpositum
3391 1784 3494 1829 est.
3518 1772 3690 1828 Porro

418 1867 644 1922 mansit.
676 1865 814 1922 Cum
849 1867 1018 1938 igitur
1067 1868 1298 1924 revoluti
1333 1869 1445 1924 sint
1493 1867 1718 1923 ducenti
1767 1876 1822 1924 et
1869 1883 2006 1938 qua-
2037 1867 2080 1922 B
2108 1880 2139 1918 a
2171 1867 2400 1935 septima
2423 1863 2730 1937 olympiade
2764 1861 3046 1935 Romaque
3079 1865 3301 1920 condita
3332 1865 3461 1918 anni
3491 1880 3690 1920 excur-

417 1959 673 2030 draginta
719 1967 958 2029 quatuor
1000 1961 1130 2014 anni
1181 1975 1394 2031 regum,
1427 1960 1767 2032 olympiatles
1817 1968 2001 2015 autem

419 2049 701 2119 sexaginta
729 2056 784 2103 et
819 2064 948 2113 una,
981 2064 1212 2120 prorsus
1253 2051 1506 2120 sequitur
1541 2057 1600 2104 ut
1645 2049 1855 2119 primus
1891 2047 1999 2104 Ur-

414 2141 503 2196 bis
554 2150 813 2211 regnator
860 2139 1130 2198 Romulus
1165 2142 1344 2211 primo
1373 2156 1519 2196 anno
1541 2141 1788 2211 septimae
1821 2141 1999 2212 olym-

413 2233 593 2304 piadis
627 2232 1061 2288 dominationem
1109 2233 1427 2304 auspicatus
1474 2233 1567 2298 sit,
1602 2231 1871 2303 Charopis
1904 2232 1999 2288 de-

409 2326 704 2381 cennalem
775 2326 1145 2397 principatum
1219 2327 1450 2383 Athenis
1531 2326 1772 2398 gerentis
1851 2340 1998 2381 anno

411 2419 610 2490 primo.
634 2419 814 2490 Atque
836 2418 888 2474 id
913 2434 1144 2490 prorsus
1164 2418 1334 2490 exigit
1361 2435 1630 2474 annorum
1655 2419 1994 2490 supputatio.

410 2509 569 2576 Quod
600 2517 785 2566 autem
820 2511 1023 2582 singuli
1053 2526 1212 2582 rcges
1252 2518 1333 2565 tot
1366 2511 1526 2566 annis
1567 2509 1830 2565 dominati
1859 2509 1994 2574 sint,

409 2601 465 2656 id
492 2601 683 2657 eadem
732 2602 828 2656 illa
878 2603 1303 2659 ratiocinatione
1354 2603 1532 2674 palam
1583 2601 1662 2656 Iit.
1713 2600 1884 2672 Igitur
1927 2601 1996 2657 de

407 2702 657 2764 tempore
685 2711 795 2766 quo
823 2696 958 2752 urbs
991 2697 1151 2751 modo
1181 2711 1366 2752 rcrtnn
1396 2695 1619 2750 domina
1653 2694 1850 2750 incolis
1879 2692 1988 2748 frc-

409 2795 672 2856 quentata
699 2785 887 2852 fuerit,
920 2795 1194 2859 quatenus
1222 2789 1290 2842 ab
1315 2787 1382 2843 iis
1413 2787 1506 2858 qui
1537 2795 1665 2842 ante
1695 2801 1783 2840 me
1821 2786 1994 2841 exstio

409 2888 594 2935 terunt
638 2888 923 2934 narratttm
963 2879 1089 2945 fuit,
1121 2889 1352 2936 eatenus
1389 2888 1444 2935 ct
1472 2879 1607 2933 mihi
1649 2877 1862 2935 videtur
1889 2878 1988 2949 (6).

407 2969 535 3027 Ηπο
562 2970 876 3043 Dionysius.

475 3061 533 3116 8.
584 3059 752 3116 Pulso
808 3061 1135 3132 Tarquinio,
1187 3070 1354 3133 atque
1395 3062 1561 3118 unius
1617 3061 1992 3117 dominatione

403 3153 644 3218 sublata,
679 3154 814 3208 nulli
847 3163 1111 3225 praeterea
1143 3154 1365 3210 fuerunt
1392 3153 1769 3210 Romanorum
1799 3169 1985 3224 rcges;

2109 1964 2296 2010 rerant
2334 1971 2564 2021 ccxuv;
2612 1963 2742 2010 sunt
2791 1970 2922 2024 ergo
2961 1971 2990 2008 a
3023 1953 3195 2008 Roma
3243 1955 3461 2009 condita
3512 1971 3689 2025 usque

2109 2049 2178 2103 ad
2214 2047 2419 2102 Julium
2459 2048 2730 2103 Caesarem
2770 2048 2900 2101 anni
2948 2063 3124 2112 nccrv,
3175 2047 3510 2119 olympiach
3555 2063 3687 2104 vero

2105 2154 2322 2195 CLXXVL

2179 2234 2362 2290 Testis
2406 2233 2604 2288 horum
2645 2239 2731 2288 est
2779 2231 2941 2286 etiam
2989 2231 3441 2302 chronographus
3465 2231 3682 2298 Castor,

2105 2327 2200 2398 qui
2234 2334 2476 2396 tempora
2506 2325 2819 2382 summatim
2864 2333 3148 2394 percenset
3186 2325 3291 2389 his,
3327 2341 3446 2396 quae
3491 2325 3682 2382 subdi-

2103 2435 2246 2485 mus,
2275 2417 2476 2475 verbis.

2644 2549 2873 2608 CAPUT
2902 2549 3144 2607 XLVIII.

2399 2664 2640 2722 Castoris
2662 2663 2727 2719 de
2748 2665 2966 2733 imperio
3003 2663 3386 2719 Romanorum.

2172 2779 2546 2836 Romanorum
2600 2793 2758 2850 rcges
2812 2778 3131 2850 singillatim
3193 2777 3678 2845 ennmcravimus,

2099 2873 2266 2928 ducto
2319 2873 2480 2928 initio
2527 2873 2596 2928 ab
2637 2886 2703 2928 eo
2743 2880 2990 2942 tempore
3037 2887 3146 2941 quo
3194 2872 3399 2927 Encas
3429 2871 3682 2927 Anchisa

2099 2968 2244 3022 tilius
2277 2966 2597 3021 Latinorum
2626 2980 2852 3036 regnum
2887 2965 3179 3037 capessivit
3213 2985 3227 3020 :
3258 2964 3559 3020 dcsivimus
3579 2979 3680 3018 au-

2096 3070 2204 3117 tem
2240 3061 2296 3114 in
2333 3059 2610 3114 Amulium
2658 3057 2909 3122 Silvium,
2939 3073 3102 3128 quem
3147 3057 3416 3113 Romulus
3452 3057 3679 3113 interfe~

2098 3153 2196 3218 cit,
2227 3152 2392 3209 Rheae
2416 3152 2608 3208 matris
2635 3166 2749 3206 suae
2794 3159 3072 3221 patruum.
3104 3147 3262 3205 Nunc
3296 3150 3382 3206 his
3412 3150 3680 3206 addemus

404 3243 502 3300 sed
527 3244 762 3315 primum
812 3243 1062 3300 Brutiani
1112 3247 1392 3312 consules,
1447 3262 1574 3302 mox
1625 3247 1838 3302 tribuni
1881 3247 1987 3316 (7),
2019 3235 2061 3294 C
2094 3243 2394 3299 Romulum
2419 3250 2474 3299 et
2495 3251 2724 3299 caeteros
2754 3241 2848 3313 qui
2882 3249 3007 3312 post
3036 3243 3182 3297 hunc
3205 3242 3392 3298 Romae
3416 3257 3541 3296 cum
3575 3241 3681 3296 im-

402 3337 603 3393 deinde
635 3337 934 3394 dictatores
962 3338 1063 3409 (8),
1090 3346 1145 3394 et
1179 3353 1402 3396 rursum
1446 3340 1728 3404 consules,
1759 3338 1828 3396 de
1867 3340 1990 3411 qui-

403 3431 510 3485 bus
543 3431 777 3501 singulis
816 3446 1060 3486 annuum
1107 3433 1398 3504 imperium
1433 3435 1752 3491 tenentibus
1793 3449 1989 3505 super-

399 3535 705 3578 vacaneum
747 3524 1005 3580 existimo
1033 3525 1089 3579 in
1130 3527 1385 3595 praesenti
1421 3516 1627 3596 dicere,
1668 3534 1860 3598 totque
1889 3541 1990 3581 no-

402 3613 616 3667 minum
650 3614 865 3684 copiam
892 3630 1240 3672 coacervare.
1270 3615 1427 3684 Quod
1467 3617 1514 3674 si
1553 3633 1644 3674 res
1668 3618 1894 3688 insuper
1918 3616 1988 3673 ab

401 3706 490 3761 his
537 3714 722 3778 gestas
753 3707 946 3762 scdulo
973 3723 1264 3765 recensere
1315 3710 1600 3776 vellemus,
1649 3711 1982 3781 prolixiores

394 3812 555 3869 aequo
590 3799 940 3855 narrationes
977 3798 1191 3855 tierent.
1235 3799 1343 3856 Sed
1374 3800 1426 3855 id
1457 3799 1676 3871 quidem
1699 3799 1831 3856 huic
1861 3814 1985 3855 meo

2089 3337 2240 3409 perio
2265 3337 2598 3408 praefuerunt
2620 3351 2794 3406 usque
2829 3335 2897 3390 ad
2922 3333 3283 3406 Tarquinium
3309 3343 3676 3406 cognomento

2090 3429 2398 3498 Superbum
2429 3445 2442 3481 :
2469 3442 2578 3500 qua
2603 3426 2872 3498 temporis
2902 3441 3119 3481 summa
3149 3427 3276 3480 anni
3299 3425 3436 3480 ﬁunt
3459 3438 3672 3482 ccxuv.

2085 3520 2283 3578 Postea
2335 3521 2594 3577 consules
2663 3519 2963 3574 ordinatim
3021 3517 3458 3588 explicabimus,
3514 3523 3676 3587 capto

2085 3614 2305 3684 quidem
2339 3612 2568 3668 exordio
2609 3626 2640 3665 a
2666 3609 2840 3666 Lucio
2866 3609 3033 3664 Junio
3059 3608 3230 3665 Bruto
3262 3618 3316 3665 et
3341 3608 3510 3664 Lucio
3541 3608 3680 3663 Tar-

2091 3705 2282 3776 quinio
2310 3703 2602 3768 Collatino,
2655 3703 2922 3760 concluso
2965 3709 3148 3758 autem
3194 3717 3360 3772 opere
3397 3703 3453 3756 in
3490 3699 3678 3756 Marco

2095 3797 2314 3854 Valerio
2351 3797 2585 3854 Messala
2615 3807 2670 3853 et
2701 3796 2887 3852 Marco
2929 3795 3149 3862 Pisone,
3194 3796 3288 3868 qui
3326 3797 3674 3852 consulatum

399 3953 608 4027 gpdvoq,
637 3952 732 4027 ἔτη
751 3953 988 4027 τέτταρα
1015 3954 1153 4027 πρρς
1183 3955 1585 4027 τετταράκοντα
1612 3956 1706 4008 καὶ
1731 3953 2025 4027 διακοσίοις
2056 3952 2326 4027 tityon-sitsi.
2362 3953 2690 4027 Γνωρῑζεται
2723 3953 2781 4027 δὲ
2822 3953 2980 4027 τοῦτο
3001 3957 3120 4027 ταῖς
3141 3953 3410 4027 διαδοχαῖς
3433 3953 3541 4027 τῶν
3577 3953 3672 4027 βας

399 4019 855 4097 attenuarat;
878 4019 1151 4087 ἐτεσινοῖς
1178 4019 1440 4097 κατέσχον
1469 4025 1564 4097 τὴν
1591 4027 1764 4097 ἀρχὴν
1785 4025 2006 4097 ἕκαστοι
2031 4047 2041 4055 -
2073 4024 2347 4097 Ῥωμύλος
2375 4019 2610 4097 μὲνγὰρ
2641 4027 2669 4078 ὁ
2695 4025 2885 4097 κτίσας
2913 4025 3011 4097 τῂν
3035 4025 3209 4088 πόλιν,
3242 4019 3381 4097 twice
3405 4025 3496 4078 καὶ
3518 4019 3672 4097 τοιά-

398 4111 561 4147 κοντα
587 4094 683 4164 ἔτη
707 4095 923 4164 λέγεται
958 4098 1248 4165 κατασχεῖν
1290 4094 1388 4167 τὴν
1413 4094 1753 4148 δυναστείαν·
1796 4095 1934 4166 μετὰ
1965 4095 2022 4147 δὲ
2063 4094 2154 4146 τὸν
2186 4094 2481 4166 ⁷Ῥωμύλου
2515 4094 2762 4154 Θάνατον,
2793 4094 3144 4158 ἀϐασίλευτος
3173 4098 3204 4167 ἡ
3237 4095 3389 4160 πόλις
3459 4094 3672 4149 ενέσθαι

398 4164 586 4236 χρόνον
624 4166 912 4236 ἐνιαύσιον.
954 4167 1185 4218 Ἔπειτα
1209 4166 1432 4235 Νουμᾶς
1460 4166 1781 4236 Πομπίλιος,
1812 4164 2050 4236 αἱρεθεὶς
2074 4165 2180 4218 ὑπὸ
2203 4165 2301 4218 τοῦ
2327 4165 2524 4236 δήμου,
2553 4167 2683 4236 τρία
2714 4165 2808 4218 καὶ
2849 4165 3258 4236 τετταράκοντα
3292 4166 3386 4236 ἐτη
3420 4112 3672 4236 ἔασιλεῦ-

397 4164 590 4238 χρόνον
612 4166 926 4238 ἐνιαύσιον,
954 4164 1185 4238 Ἔπειτα
1209 4164 1432 4238 Νουμᾶς
1460 4166 1781 4238 Πομπίλιος,
1800 4164 2050 4238 αἱρεθεὶς
2074 4165 2180 4218 ὑπὸ
2203 4164 2524 4238 τούςδῄμου,
2553 4167 2683 4238 τρία
2714 4165 2808 4238 κα).
2849 4164 3258 4238 τετταράκοντα
3292 4166 3386 4238 ἐτη

399 4251 508 4308 σαι.
548 4235 750 4299 Τύλλος
788 4237 845 4289 δὲ
886 4236 1179 4308 Ὁστίλλιος
1208 4236 1349 4308 μετᾲ
1388 4235 1634 4308 Νουμᾶν,
1663 4236 1757 4290 δύο
1791 4235 1885 4308 και
1916 4236 2232 4308 τριάκοντα,
2269 4236 2326 4288 '0
2359 4235 2403 4288 δ’
2437 4235 2532 4308 ἐπιἷ
2569 4235 2744 4308 τούτῳ

3459 4164 3673 4219 ασιλεῦ-

2777 4236 3102 4308 βασιλεύσας
3133 4239 3350 4308 ΑἈγκος
3377 4236 3668 4308 ’Μάρκιος

397 4305 632 4377 τέτταρα
664 4307 801 4376 πρὸς
827 4309 940 4370 τοῖς
969 4307 1162 4358 εἴκοσι.
1200 4307 1357 4360 Μετὰ
1390 4308 1446 4360 δὲ
1479 4305 1728 4378 Μάρκιον
1781 4305 2010 4369 Λεύκιος
2046 4306 2368 4377 Ταρκύνιος,
2425 4309 2454 4360 ὁ
2483 4305 2984 4378 κλτθεὶςῐιρίσκος,
3019 4306 3164 4360 ὀκτὼ
3215 4309 3310 4361 καὶ
3351 4305 3666 4379 τριάκοντα.

397 4375 596 4428 Τοῦτον
617 4377 676 4430 δὲ
699 4377 1080 4430 διαδεξάμενος
1108 4377 1358 4430 Σερούϊος
1384 4377 1658 4430 Τούλλιος.
1690 4378 2090 4430 τετταράκοντα
2119 4377 2212 4430 καὶ
2257 4376 2512 4430 τέτταρα.
2544 4343 2796 4430 έεοούῖον
2833 4377 2889 4430 δὲ
2935 4377 3140 4430 ἀνελὼν
3176 4379 3403 4430 Λεύκιος
3450 4379 3494 4430 Τ
3497 4377 3666 4430 αοκύ-

397 4375 596 4428 Τοῦτον
617 4377 676 4430 δὲ
699 4375 1367 4448 διαδεξάμενοςέΣερούῖος
1384 4375 1658 4442 Τούλλιος,
1690 4375 2212 4448 τετταράκοπαᾲκαὶ
2257 4376 2512 4448 τέτταρα.

393 4461 504 4520 νιος
530 4449 872 4520 τυραννικὸς,
891 4446 998 4520 καὶ
1028 4446 1118 4520 διὰ
1151 4447 1250 4520 τὴν
1277 4447 1379 4520 τοῦλ
1405 4447 1612 4502 δικαίου
1638 4449 1857 4520 νὺπεροψ

2587 4377 2796 4451 ερούῖον
2833 4377 2889 4431 δὲ
2935 4377 3140 4451 ἀῌνελῶν
3176 4377 3403 4451 Λεύκιος
3450 4377 3670 4450 Ταρκύ-

1863 4445 1958 4520 law
1977 4446 2199 4520 κληθεὶς
2221 4445 2549 4520 Σούπεείος,
2587 4445 2692 4520 iter;
2740 4447 2987 4520 εἰκοστοῦ
3019 4450 3114 4502 καὶ
3147 4449 3396 4520 πέμπτου
3429 4445 3672 4520 προαγα-

394 4518 509 4584 γεῖν
533 4515 632 4587 τὴν
665 4519 861 4588 ἀρχήν.
889 4517 1178 4588 Τεττάρων
1204 4515 1262 4570 δὲ
1299 4518 1394 4572 καὶ
1416 4515 1950 4599 τετταρακοντακαξι
1971 4515 2258 4572 διακοσίων
2281 4515 2550 4571 ἀναπολου
2601 4519 2756 4579 ἐνων,
2786 4517 2823 4572 ἃ
2856 4517 3026 4572 κατέσ
3065 4537 3123 4572 ον
3147 4521 3196 4572 ol
3223 4515 3485 4589 βασιλεῖς,
3512 4515 3672 4588 ὀλυμ-

396 4585 599 4639 πιάδων
621 4588 678 4641 δὲ
709 4591 838 4642 μιᾶς
862 4590 958 4642 καὶ
981 4587 1267 4642 ἐξήκοντα.
1294 4591 1444 4642 πᾶσα
1468 4590 1681 4642 ἀνάγκη
1710 4589 1802 4642 τὸν
1835 4604 2052 4642 ποωτον
2081 4587 2324 4642 ἄρξαντα
2347 4589 2446 4642 τῆς
2480 4536 2688 4642 norem:
2716 4589 2994 4642 Ῥωμύλον
3018 4537 3127 4642 ἔτει
3155 4589 3359 4642 πρώτω
3391 4590 3490 4642 τῆς
3515 4589 3667 4642 ἐϐδό-

396 4585 599 4639 πιὰδων
621 4588 678 4641 δὲ
707 4585 838 4658 μιᾶς
862 4590 958 4642 καὶ
981 4585 1267 4711 ἐξΐὶκοντα,
1294 4591 1444 4642 πᾶσα
1468 4585 1682 4662 ἀνὰῩκη
1710 4589 1802 4643 τὸν
1835 4587 2052 4661 πρῶτον
2081 4587 2324 4662 ἄρξαντα
2347 4589 2446 4659 τῆς
2480 4607 2520 4641 π

396 4673 503 4711 unc
533 4656 863 4711 ὀλυμπιάδος
886 4677 1050 4711 παοει
1087 4659 1282 4711 ηφέναι
1307 4659 1406 4711 τὴν
1437 4659 1731 4711 Βασιλείαν.
1763 4660 2024 4711 ἄογοντος
2068 4659 2326 4711 Ἀθήνησι
2349 4659 2449 4711 τῆς
2479 4659 2520 4711 δε

2613 4607 2694 4660 ως
2716 4589 2994 4660 Ῥωμύλον
3018 4589 3127 4642 ἔτει
3155 4589 3359 4660 πρώτῳ
3391 4590 3490 4660 τῆς
3515 4589 3667 4660 ἐϐδό-

395 4673 503 4741 μῃς
533 4656 863 4741 ύλρμτέιὰδεος
886 4656 1282 4741 παρειλῃφέναι
1307 4659 1406 4741 τὴν
1435 4656 1731 4741 Quodsi-civ,
1763 4656 2024 4741 ἄρχοντος
2068 4656 2326 4741 ἈὉήνῃσι
2349 4656 2449 4741 τῇς
2479 4658 2763 4741 δεκαετίας
2779 4656 3044 4741 ,Χάροπος
3063 4660 3184 4741 ἔτος
3202 4656 3463 4741 πρῶτον-³
3481 4659 3670 4741 ,τοῦτο

393 4727 500 4798 γὰρ
529 4728 559 4779 ὁ
588 4727 817 4798 λογισμὸ

821 4747 849 4792 ς
876 4729 985 4782 τῶν
1013 4729 1150 4782 ἐτῶν
1177 4729 1421 4783 ἀπαιτεῖ.
1438 4729 1576 4785 ίὌτι
1601 4731 1660 4785 δὲ
1693 4729 1932 4784 τοσαῦτα
1985 4729 2217 4793 ἕκαστος
2242 4729 2356 4783 τῶν

2392 4729 2656 4819 βοξσιλέειιν
2676 4726 3372 4819 Αῆρξξγζετηεὲιὶξκείιοι
3414 4727 3670 4819 δτιλρῡτιιε

396 4813 487 4886 μοι
506 4798 612 4886 τοῦ
636 4799 820 4886 λόγου.
849 4800 929 4853 Τὰ
958 4800 1141 4886 μὲνρῂ
1167 4801 1295 4880 περὶ
1329 4798 1424 4854 τοῦ
1451 4801 1644 4886 χρρζιου
1675 4801 1796 4886 καθ’
1908 4799 2066 4886 inﬁxo
2098 4798 2500 4886 δυναστεύουσα
2533 4801 2688 4865 πόλις
2710 4798 2945 4873 ᾤκίσθη,
2980 4798 3092 4862 τοῖς
3121 4817 3181 4854 τε
3208 4801 3316 4873 πρὸ
3353 4798 3489 4873 ὲμοῦ
3515 4817 3668 4870 γενο-

396 4868 576 4936 μένοις
602 4870 890 4942 εἰρημένα,
916 4868 1087 4942 κάμοὶ

461 5062 537 5132 (1)
567 5062 754 5118 Codex
785 5061 936 5116 Arm.
979 5069 1190 5118 tantum
1225 5080 1370 5118 χιιν.

466 5135 544 5204 (2)
576 5133 703 5189 Hmc
733 5134 998 5204 particula
1022 5135 1392 5204 praetermissa
1410 5145 1494 5190 est
1514 5137 1567 5189 in
1585 5135 1775 5190 codice
1800 5133 1978 5204 Arms,

393 5199 487 5257 sed
525 5199 671 5276 patet
698 5199 750 5258 id
783 5204 999 5276 incuria
1022 5199 1264 5260 'librarii
1319 5205 1558 5273 factum;
1591 5221 1676 5260 εει
1715 5206 1859 5260 enim
1912 5203 1980 5258 ad

392 5275 660 5328 annorum
691 5275 934 5330 rationes
967 5275 1302 5330 necessaria.

463 5346 539 5418 ὦ)
569 5343 784 5418 :I'extus
824 5346 1017 5418 editus
1043 5345 1266 5401 Graecus
1289 5345 1558 5418 Dionysii,
1603 5345 1972 5417 popularibus.

463 5415 538 5484 (4)
569 5414 663 5470 Dic
690 5430 866 5478 χχχιι,
896 5425 954 5469 ιιι
981 5416 1187 5472 Graece.

463 5485 539 5555 (5)
571 5484 731 5540 Deest
769 5485 1111 5555 Tarquinius.
1149 5486 1211 5542 L.

466 5554 541 5626 (6)
572 5555 668 5628 _Sic
699 5554 910 5611 videtur
932 5559 1080 5628 loqui
1110 5560 1194 5613 vel
1229 5559 1408 5626 potius
1440 5557 1764 5614 hallucinari
1797 5561 1965 5616 inter-

393 5625 532 5695 pres.
572 5625 865 5698 Dionysius
908 5625 1089 5684 tamen
1117 5669 1131 5692 ,
1173 5625 1285 5682 tum
1312 5644 1429 5698 qua:
1471 5629 1536 5682 ab
1570 5630 1691 5683 aliis
1733 5640 1854 5686 ante
1885 5648 1965 5686 me

2009 5066 2058 5124 D

1173 4868 1393 4937 κοῦντα,
1417 4868 1593 4926 τοιάδε
1620 4872 1789 4925 ἐστίν.
1824 4869 1909 4924 Ea:
1931 4868 2072 4925 libro
2097 4887 2137 4937 ι,
2167 4871 2253 4925 75.

2163 5063 2242 5135 (8)
2280 5062 2542 5135 Sequitur
2575 5066 2628 5118 in
2660 5062 2991 5117 Armeniaco
3021 5068 3174 5135 textu
3209 5061 3389 5135 glossa
3420 5061 3666 5135 quisuis!

2081 5130 2402 5204 eloquentes,
2457 5136 2613 5205 quasi
2650 5136 2880 5205 dictator
2925 5135 3066 5205 sit'a
3098 5130 3238 5186 dico.
3273 5132 3432 5205 Certe
3472 5130 3667 5205 Cir-ero

2084 5209 2162 5262 De
2179 5200 2299 5274 'rep.
2331 5207 2423 5261 lib.
2467 5200 2506 5268 ῐ,
2539 5206 2630 5267 40,
2663 5207 2741 5258 ait
2768 5223 2779 5258 :
2817 5202 2962 5258 Nam
2995 5203 3227 5256 dictator
3263 5201 3475 5272 quidem
3509 5200 3574 5254 ab
3605 5217 3663 5254 eo

2082 5277 2381 5349 appellatur
2408 5279 2533 5349 quia
2557 5277 2774 5349 dicitur.

2151 5342 2227 5419 (9)
2261 5347 2395 5419 Cap.
2419 5342 2522 5419 ⁷18,
2560 5363 2616 5402 n.
2646 5347 2700 5412 8,
2727 5347 3058 5419 inutroque
3085 5351 3234 5419 textu
3262 5342 3586 5419 Armeniaco
3610 5351 3663 5394 ct

2076 5412 2264 5476 Grch
2293 5412 2473 5472 Julius
2494 5418 2678 5472 Caesar
2709 5417 2912 5471 dicitur
2932 5412 3146 5485 cepisse
3165 5412 3468 5485 imperium
3491 5412 3664 5485 olyntf

2075 5492 2229 5561 piade
2255 5489 2541 5561 centesima
2565 5489 2885 5561 octogesima
2902 5483 3117 5561 quarta.
3151 5483 3265 5561 Sed
3281 5498 3479 5561 revera
3501 5495 3556 5561 et
3586 5483 3660 5538 ibi

2075 5552 2174 5633 pro
2203 5568 2395 5629 quarta
2413 5560 2652 5633 videtur
2673 5552 3022 5633 ᾆοιήὺειιᾱιιιιι
3047 5556 3249 5633 _ter_tia.
3281 5553 3457 5633 Porro)
3491 5552 3660 5609 Chro-

2075 5627 2232 5687 nicon
2273 5630 2522 5698 paschale
2581 5629 2796 5684 initiutn
2854 5627 3092 5684 Caesaris
3145 5627 3228 5680 bis
3271 5629 3488 5689 recitat,
3544 5633 3660 5680 tum

392 5698 532 5750 dicta
575 5699 812 5766 laterum.
865 5708 976 5751 tum
1003 5701 1167 5752 etiam
1209 5715 1324 5767 qua:
1370 5699 1498 5752 mihi
1543 5700 1809 5766 uidentur,
1857 5701 1966 5756 haec
2068 5698 3216 5775 primoscilicct,tumsecundoolympiadis
3235 5712 3655 5775 ctxxnnanno.

459 5786 483 5819 ιι
514 5806 525 5820 ο

459 5777 532 5906 ("7)
558 5836 779 5895 Scilicet
803 5849 1057 5907 potestate
1085 5841 1353 5895 consulari
1384 5841 1678 5911 fungentes.

2151 5772 2264 5841 (10)
2307 5771 2668 5843 Hieronymus
2714 5773 2766 5826 in
2791 5767 3015 5841 prologo
3044 5767 3128 5823 ad
3164 5771 3419 5842 Aggtrum
3464 5767 3657 5822 scribit

2074 5861 2286 5900 CDLXIV.
