4118 6396
878 497 1032 550 ΡΠΕ¹
1069 496 1450 551 ΟΛΥΜΠΙΑΣ.

365 589 441 642 I".
468 589 565 641 ὑπ.
595 589 973 660 Κορνεφηκίου
1000 589 1096 644 καὶ
1120 590 1427 661 Πομπηΐου.

366 685 439 734 Δ’.
469 682 565 735 ὑπ.
608 681 930 735 Ἀντωνίνου
957 682 1052 736 καὶ
1077 682 1339 746 Λίϐωνος.

367 776 444 828 E'.
474 775 572 828 ὑπ.
610 773 961 828 Ὀκταϐιανοῦ
989 775 1302 844 Αὐγούστου
1336 774 1430 829 καὶ
1454 774 1785 847 Κικέρωνος.

367 871 461 924 C’.
491 867 588 921 ὑπ.
631 865 983 921 Ὀκταϐιανοῦ
1022 868 1334 937 Αὐγούστου
1373 868 1436 922 τὸ
1459 868 1502 940 β’
1529 869 1623 921 καὶ
1648 865 1957 939 Κορόιλίου.

863 982 1032 1050 ΡΠςῖν
1071 983 1450 1038 ΟΛΥΜΠΙΑΣ.

367 1075 442 1128 Z'.
469 1073 563 1127 ὑπ.
607 1072 961 1127 Ὀκταϐιανοῦ
991 1074 1304 1144 Αὐγούστου
1326 1075 1388 1128 τὸ
1414 1081 1463 1144 γ’
1489 1073 1584 1129 καὶ⁸
1609 1075 1654 1127 Κ
1664 1074 1888 1146 ράσσου.

279 387 281 390 ‘
366 378 478 434 289
1633 373 2138 430 CIIIIONICORUM
2180 375 2308 430 LIB.
2352 374 2394 428 I.

2515 492 2802 560 CLXXXV
2842 492 3212 550 OLYMPIAS.

2064 583 2154 641 III.
2195 586 2489 642 Cornificio
2519 595 2572 642 et
2602 587 2863 658 Pompeio
2899 603 3046 644 coss.

2063 675 2153 731 IV.
2190 676 2466 732 Antonino
2495 684 2550 732 ct
2576 675 2785 732 Libone
2815 692 2962 732 coss.

2065 767 2130 821 V.
2169 767 2468 822 Octaviano
2495 767 2744 838 Augusto
2774 775 2825 824 et
2854 768 3122 826 Cicerone
3149 783 3296 826 coss.

2064 858 2156 915 VI.
2191 859 2492 916 Octaviano
2519 858 2768 930 Augusto
2806 875 2846 914 ιι
2875 871 2929 916 et
2961 860 3202 916 Corvilio
3230 875 3378 917 coss.

2496 973 2809 1029 CLXXXVI
2842 973 3216 1031 OLYMPIAS.

2064 1065 2179 1121 VII.
2211 1065 2508 1122 Octaviano
2528 1067 2777 1137 Augusto
2808 1083 2866 1120 ιιι
2901 1075 2954 1122 ct
2976 1067 3180 1122 Crasso
3209 1081 3359 1121 coss.

367 1171 450 1223 Il'.
480 1169 577 1223 ὑπ.
637 1167 994 1222 Ὀκταϐίανοῦ
1045 1168 1358 1238 Αὐγούστου
1395 1169 1458 1222 τὸ
1496 1169 1538 1222 δ’
1562 1168 1657 1222 καὶ
1705 1169 1961 1239 Κράσσου

1820 1185 1961 1221 mm
2063 1155 2200 1212 VIII.
2232 1156 2530 1214 Octaviano
2557 1156 2808 1228 Augusto
2839 1173 2894 1212 ιν
2922 1166 2976 1213 et
2997 1157 3200 1214 Crasso
3229 1173 3269 1212 ιι
3301 1173 3446 1214 coss.

437 1259 499 1312 τὸ
530 1259 592 1312 B'.

437 1259 499 1312 τὸ
561 1266 592 1311 ’.

367 1353 444 1404 Θ’.
617 1351 977 1423 Ἀενοϐάρϐου
1006 1353 1101 1406 καὶ
1138 1353 1402 1406 Σωσσίου.

369 1446 426 1498 I'.
457 1445 552 1498 ὑπ.
598 1445 949 1499 Ὀκταϐίανοῦ
978 1445 1290 1515 Αὐγούστου
1331 1446 1394 1500 τὸ
1419 1452 1460 1500 ε’
1490 1447 1584 1499 καὶ
1618 1445 1959 1518 Ἀπουληῖου.

847 1558 994 1610 ΡΠΖ’
1036 1557 1415 1610 ΟΛΥΜΠΙΑΣ.

369 1647 472 1700 IA'.
507 1647 603 1700 ὑπ.
636 1645 989 1700 Ὁκταϐιανοῦ
1023 1646 1332 1716 Αὐγούστου
1358 1645 1420 1699 τὸ
1454 1652 1508 1711 ς’
1532 1647 1626 1699 καὶ
1662 1645 1959 1719 Ἀγρίππα.

2063 1330 2155 1386 IX.
2190 1330 2510 1387 Enobarbo
2536 1339 2593 1387 et
2624 1329 2785 1387 Sosio
2813 1344 2963 1386 coss.

2064 1423 2134 1480 X.
2164 1423 2462 1481 Octaviano
2483 1422 2731 1495 Augusto
2763 1441 2796 1477 v
2825 1429 2880 1478 et
2912 1423 3142 1494 Apuleio
3170 1436 3316 1478 coss.

2479 1534 2814 1592 CLXXXVII
2848 1532 3224 1590 OLYMPIAS.

2063 1626 2156 1683 XI.
2191 1625 2494 1683 Octaviano
2512 1627 2758 1697 Augusto
2791 1641 2846 1680 v1
2869 1633 2924 1681 et
2952 1625 3194 1697 Agrippa
3221 1640 3370 1681 coss.

371 1741 473 1793 IB'.
516 1741 610 1793 ὑπ.
656 1739 1010 1794 Ὀκταϐιανοῦ
1034 1737 1347 1808 Αὐγούστου
1377 1738 1438 1792 τὸ
1481 1739 1526 1804 ζ’
1559 1738 1654 1791 καὶ
1689 1718 1964 1808 Ἀγρίππα

1859 1755 1964 1792 ma
2064 1719 2181 1776 XII.
2219 1719 2522 1776 Octaviano
2554 1720 2804 1791 Augusto
2831 1735 2906 1774 vn
2928 1725 2982 1774 et
3015 1718 3253 1790 Agrippa
3278 1733 3314 1771 ιι
3341 1731 3485 1772 coss.

441 1832 500 1884 τὸ
525 1835 592 1902 β’.

369 1925 469 1977 II".
506 1926 600 1977 ὑπ.
643 1924 998 1979 Ὀκταϐιανοῦ
1025 1922 1338 1992 Αὐγούστου
1364 1922 1426 1977 τὸ
1446 1929 1498 1994 η’
1530 1923 1624 1976 καὶ
1651 1922 1887 1995 Ταύρου.

368 2017 468 2068 1Δ’.
500 2016 596 2068 ὑπ.
641 2015 992 2069 Ὀκταϐιανοὺ
1019 2013 1329 2083 Αὐγούστου
1351 2013 1414 2066 τὸ
1449 2012 1493 2067 0'
1521 2015 1615 2067 καὶ
1641 2012 1886 2067 Σιλανοῦ.

880 2129 1039 2181 PIIH'
1081 2127 1461 2182 ΟΛΥΜΠΙΑΣ.

367 2216 470 2268 1Ε’.
509 2217 603 2271 ὑπ.
647 2217 1001 2272 Ὅκταϐιανοῦ
1045 2219 1359 2286 Αὐγούστου
1396 2217 1458 2270 τὸ
1501 2223 1528 2270 ι’
1559 2216 1652 2270 καὶ
1690 2216 1960 2271 Φλάκκου.

369 2307 489 2375 ιςῖν.
518 2310 610 2363 ὑπ.
660 2311 1012 2365 Ὀκταϐιανοῦ
1047 2311 1357 2380 Αὐγούστου
1388 2310 1449 2363 τὸ
1479 2317 1546 2362 ια’
1575 2311 1671 2363 καὶ
1699 2310 1960 2374 Πίσωνος.

367 2403 469 2454 IZ'.
497 2402 591 2455 ὑπ.
633 2403 985 2458 Ὀκταϐιανοῦ
1009 2403 1320 2472 Αὐγούστου
1339 2401 1401 2454 τὸ
1419 2401 1484 2472 ιβ’
1507 2401 1600 2455 καὶ
1631 2401 1960 2474 Ἀρουντίου.

368 2495 478 2548 IH'.
509 2497 604 2550 ὑπ.
633 2497 845 2551 Κέλσου
873 2497 968 2550 καὶ
997 2495 1271 2567 Τιϐερίου.

875 2610 1026 2663 ΡΠΘ¹
1066 2606 1445 2665 ΟΑΥΜΠΙΑΣ.

378 2701 484 2753 ΙΘ’.
517 2701 613 2755 ὑπ.
643 2701 867 2755 Λολλίου
907 2701 1003 2756 καὶ
1034 2700 1287 2754 Λεπίδου.

374 2794 466 2846 Κ’.
507 2793 614 2846 ὑπ.
664 2791 982 2864 Ἀπουληῖου
1023 2791 1118 2845 καὶ
1151 2789 1356 2862 Νερϐά.

385 2885 522 2936 ιὶΛν.
560 2884 657 2936 ὑπ.
691 2881 1050 2953 Σατουρνίλου
1079 2880 1174 2935 καὶ
1204 2880 1567 2953 Λουκρητίου.

370 2974 506 3029 ΚΒ¹.
536 2975 630 3027 ὑπ.
662 2973 960 3028 Λεντούλου
985 2973 1082 3027 καὶ
1106 2971 1427 3027 Λεντούλου.

891 3086 1025 3139 PIII'
1066 3085 1446 3139 ΟΛΥΜΠΙΑΣ.

375 3180 510 3234 KI".
540 3178 635 3232 ὑπ.
671 3177 966 3232 Λεντούλου
997 3177 1060 3232 τὺ
1093 3177 1138 3248 β’
1170 3177 1266 3232 καὶ
1291 3177 1614 3250 Κορνηλίου.

372 3271 503 3321 ΚΔν.
539 3269 637 3322 ὑπ.
675 3268 959 3340 Φορνικίου
989 3267 1086 3322 καὶ
1119 3266 1368 3328 Σιλανοῦ.

372 3364 510 3416 KE'.
546 3363 644 3414 ὑπ.
681 3361 942 3433 Δομετίου
979 3361 1074 3416 καὶ
1123 3359 1508 3433 Ἀενοϐάρϐου.

373 3455 528 3520 KQ".
571 3453 667 3506 ὑπ.
709 3453 954 3516 Λίϐωνος
988 3453 1084 3507 καὶ
1106 3452 1370 3517 Πίσωνος.

879 3565 1057 3618 PIIIA'
1096 3565 1477 3620 ΟΛΥΜΠΙΑΣ.

371 3660 506 3712 KZ'.
533 3657 629 3709 ὑπ.
653 3656 914 3728 Κράσσου
949 3656 1046 3710 καὶ
1077 3656 1397 3711 Λεντούλου.

373 3751 515 3803 KH'.
553 3751 650 3803 ὑπ.
687 3749 941 3821 Νέρωνος
974 3748 1070 3802 καὶ¹
1102 3749 1344 3820 Κλάρου.

374 3843 512 3897 KB’.
539 3844 634 3896 ὑπ.
669 3841 932 3897 Μεσσαλὰ
957 3843 1051 3895 καὶ
1077 3840 1359 3914 Κυρινίου.

374 3936 452 3988 Λ’.
493 3934 592 3987 ὑπ.
638 3932 976 3988 Ῥουϐελλίου
1011 3931 1106 3987 καὶ
1130 3932 1474 4005 Σατορνίνου.

778 4113 780 4115 ν
873 4047 1050 4100 PIIIB'
1089 4044 1470 4101 ΟΛΥΜΠΙΑΣ.

377 4139 503 4192 ΛΑν.
533 4139 632 4193 ὑπ.
666 4137 921 4209 Μαξίμου
961 4137 1055 4193 καὶ
1100 4137 1467 4209 Τουϐέρωνος.

376 4233 499 4285 ΛΒ’.
536 4233 633 4284 ὑπ.
680 4228 1008 4301 Ἀφρικανοῦ
1039 4230 1134 4284 καὶ
1167 4228 1421 4301 Μαξίμου
1447 4228 1508 4282 τὸ
1542 4228 1608 4299 β’.

375 4323 495 4374 AI".
539 4322 632 4374 ὑπ.
667 4320 904 4391 Δρούσου
936 4320 1033 4374 καὶ
1071 4320 1396 4393 Κρισπίνου.

377 4417 494 4468 ΛΔ’.
529 4416 629 4468 ὑπ.
661 4413 1004 4484 Κενσωρίνου
1038 4413 1134 4467 καὶ
1164 4413 1390 4466 Γάλλου.

867 4529 1040 4582 ΡΠΙΓ¹
1083 4527 1458 4582 ΟΛΥΜΠΙΑΣ.

377 4622 499 4676 ΛΕ’.
527 4621 627 4674 ὑπ.
663 4621 914 4692 Νέρωνος
937 4619 1001 4673 τὸ
1031 4620 1076 4691 β’
1107 4622 1202 4675 καὶ
1230 4621 1473 4685 Πίσωνος
1496 4621 1558 4674 τὸ
1590 4621 1654 4693 β’.

378 4715 502 4779 Ag’.
532 4713 634 4766 ὑπ.
659 4712 867 4766 Βάλϐου
890 4712 984 4766 καὶ
1018 4713 1273 4784 Βετέρου.

377 4807 496 4860 ΛΖ’.
529 4806 630 4858 ὑπ.
673 4803 1026 4858 Ὀκταϐιανοῦ
1059 4804 1197 4873 Αὐγ.
1234 4804 1295 4858 τὸ
1320 4811 1388 4873 ιγ’
1420 4804 1513 4859 καὶ
1544 4804 1763 4858 Σύλλου.

381 4900 508 4953 AH’.
548 4900 646 4953 ὑπ.
679 4897 909 4952 Σαϐίνου
933 4896 1028 4951 καὶ
1068 4897 1372 4968 Ῥουφίνου.

869 5011 1042 5066 ΡΠ1Δ’
1091 5010 1470 5064 ΟΛΥΜΠΙΑΣ.

380 5108 502 5162 ΛΘν.
529 5109 628 5161 ὑπ.
672 5101 1028 5160 Ὀκταϐιανοῦ
1061 5104 1197 5172 Αὑγ.
1219 5101 1282 5156 τὸ
1317 5101 1377 5155 ιδ’
1408 5103 1503 5154 καὶ
1536 5100 1778 5155 Σιλανοῦ.

383 5201 467 5254 Μ’.
501 5201 600 5255 ὑπ.
635 5196 938 5252 Λεντούλου
969 5195 1235 5259 Πίσωνος.

383 5295 517 5348 MA’.
555 5294 652 5347 ὑπ.
687 5291 954 5345 Πουϐλίου
976 5289 1254 5362 Καίσαρος
1286 5290 1380 5344 καὶ
1404 5288 1642 5344 Παύλου.

384 5385 514 5439 MB'.
543 5387 642 5440 ὑπ.
679 5381 985 5438 Ουίνδικίου
1012 5381 1104 5435 καί¹
1133 5381 1368 5454 Οὐάρου.

870 5497 1049 5550 PHIE'
1099 5494 1477 5550 ΟΛΥΜΠῙΑΣ.

387 5589 515 5645 MI".
549 5589 645 5643 ὑπ.
674 5589 885 5661 Λαμίου
914 5587 1011 5641 καὶ
1031 5584 1346 5659 Σερϐηλίου.

388 5683 515 5737 MA'.
558 5683 652 5737 ὑπ.
680 5683 904 5751 Μάγνου
933 5679 1025 5734 καὶ
1056 5678 1339 5757 Βαλξρίου.

390 5774 520 5831 ME’.
557 5776 651 5829 ὑπ.
682 5773 916 5828 Λεπίδου
955 5773 1049 5825 καὶ
1079 5771 1351 5838 Πλάγκου.

392 5866 542 5933 MCT.
579 5867 672 5923 ὑπ.
695 5865 949 5937 Τιϐερίου
981 5864 1258 5935 Καίσαρος
1287 5863 1381 5915 καὶ
1405 5861 1764 5934 Καπήτωνος.
1801 5944 1804 5946 γ

1991 4571 2047 4633 D

2063 1902 2206 1958 XIII.
2244 1901 2544 1958 Octaviano
2571 1900 2820 1974 Augusto
2845 1916 2946 1958 vm
2977 1908 3032 1957 et
3063 1899 3246 1956 Tauro
3275 1916 3419 1957 coss.

2063 1994 2204 2050 XIV.
2229 1994 2530 2052 Octaviano
2560 1995 2810 2066 Augusto
2836 2011 2888 2050 ιιι
2915 2003 2969 2050 et
3003 1992 3191 2049 Silano
3219 2010 3367 2050 coss.

2473 2107 2833 2166 CLXXXVIII
2870 2107 3240 2164 OLYMPIAS.

2065 2201 2183 2258 XV.
2217 2202 2519 2258 Octaviano
2550 2203 2798 2273 Augusto
2819 2219 2852 2255 ι
2880 2209 2933 2256 et
2963 2199 3161 2256 Flacco
3188 2215 3335 2257 coss.

2063 2295 2203 2351 XVI.
2238 2295 2536 2352 Octaviano
2572 2294 2822 2366 Augusto
2855 2311 2911 2349 x-t
2943 2301 2998 2350 et
3031 2293 3230 2349 Pisone
3255 2308 3402 2349 coss.

2062 2387 2228 2442 XVII.
2259 2386 2558 2443 Octaviano
2585 2387 2832 2458 Augusto
2861 2401 2940 2440 xu
2968 2395 3023 2440 et
3052 2383 3287 2440 Aruntio
3313 2397 3459 2440 coss.

2063 2480 2255 2539 XVIII.
2285 2480 2448 2537 Celso
2472 2490 2525 2537 et
2557 2479 2778 2536 Tiberio
2806 2495 2953 2535 coss.

2494 2589 2812 2648 CLXXXIX
2850 2586 3223 2644 OLYMPIAS.

2067 2687 2213 2742 XIX.
2244 2684 2422 2741 Lollio
2445 2692 2501 2740 et
2526 2683 2732 2754 Lepido
2748 2697 2896 2737 coss.

2065 2779 2185 2835 XX.
2220 2779 2452 2849 Apuleio
2473 2784 2526 2833 et
2547 2776 2723 2831 Nerva
2741 2787 2894 2830 coss.

2065 2873 2207 2930 XXI.
2237 2871 2519 2927 Saturnilo
2543 2876 2598 2925 et
2626 2866 2884 2923 Lucretio
2917 2879 3067 2923 coss.

2067 2963 2231 3021 XXII.
2264 2963 2495 3021 Lentulo
2512 2968 2568 3018 et
2588 2959 2820 3016 Lentulo
2845 2973 2997 3014 coss.

2468 3075 2481 3089 ⁸
2599 3072 2734 3130 CXC
2765 3069 3136 3128 OLYMPIAS.

2072 3169 2266 3226 XXIII.
2300 3167 2533 3225 Lentulo
2560 3183 2600 3222 ιι
2638 3174 2694 3222 et
2719 3165 2976 3221 Cornelio
2997 3179 3141 3219 coss.

2069 3263 2259 3319 XXIV.
2289 3262 2548 3319 Fornicio
2576 3267 2631 3316 et
2657 3257 2846 3313 Silano
2873 3273 3021 3314 coss.

2065 3353 2232 3408 XXV.
2268 3352 2504 3407 Domitio
2533 3357 2588 3406 et
2619 3347 2936 3403 [Enobarbo
2965 3359 3111 3401 coss.

2065 3444 2256 3501 XXVI.
2290 3444 2499 3500 Libone
2520 3450 2574 3499 et
2607 3441 2807 3497 Pisone
2837 3453 2984 3494 coss.

2557 3553 2719 3610 CXCI
2775 3549 3082 3606 OLYMPIA
3093 3549 3151 3606 3.

2064 3647 2280 3706 XXVII.
2313 3648 2516 3704 Crasso
2543 3654 2598 3703 et
2628 3645 2863 3701 Lentulo
2901 3657 3048 3699 coss.

2066 3742 2304 3798 XXVIII.
2333 3741 2552 3797 Nerone
2573 3751 2628 3796 et
2649 3739 2813 3794 Claro
2844 3753 2991 3793 coss.

2063 3836 2254 3894 XXIX.
2289 3834 2522 3890 Messala
2545 3839 2599 3887 et
2629 3830 2854 3902 Cyrinio
2878 3842 3024 3884 coss.

2067 3929 2236 3986 XXX.
2280 3927 2532 3982 Rubellio
2559 3935 2613 3980 et
2632 3920 2933 3978 Saturnino
2955 3933 3102 3975 coss.

2562 4035 2750 4093 CXCII
2781 4029 3153 4092 OLYMPIAS.

2065 4133 2259 4188 XXXI.
2293 4131 2530 4186 Maximo
2550 4138 2604 4185 et
2633 4129 2926 4184 Tuberone
2946 4140 3094 4181 coss.

2065 4225 2284 4282 XXXII.
2318 4224 2581 4279 Africano
2607 4229 2663 4278 et
2715 4220 2954 4276 Maximo
2981 4233 3022 4272 ιι
3047 4230 3194 4272 coss.

2065 4315 2308 4372 XXXIII.
2340 4315 2519 4369 Druso
2541 4319 2596 4368 et
2621 4310 2880 4381 Crispino
2910 4323 3058 4365 coss.

2063 4405 2307 4464 XXXIV.
2337 4404 2644 4461 Censorino
2677 4409 2731 4456 et
2753 4399 2908 4456 Gallo
2937 4415 3084 4456 coss.

2557 4512 2765 4574 CXCIII
2791 4509 3160 4568 OLYMPIAS.

2069 4629 2285 4687 XXXV.
2307 4629 2524 4686 Nerone
2551 4645 2591 4683 ιι
2614 4636 2669 4683 et
2693 4626 2894 4682 Pisone
2926 4641 2968 4680 ιι
3000 4640 3147 4681 coss.

2067 4721 2312 4777 XXXVI.
2340 4721 2508 4776 Balbo
2539 4728 2594 4776 et
2621 4719 2818 4774 Vetere
2864 4732 3009 4772 coss.

2069 4812 2336 4870 XXXVII.
2369 4812 2671 4868 Octaviano
2707 4809 2848 4880 Aug.
2882 4825 2980 4863 xm
3010 4814 3067 4864 et
3096 4806 3244 4879 Sylla
3280 4823 3427 4865 coss.

2067 4907 2354 4964 XXXVIII.
2384 4905 2589 4961 Sabino
2611 4911 2666 4960 et
2695 4902 2893 4957 Rulino
2913 4917 3057 4956 coss.

2547 5012 2756 5070 CXCIV
2787 5009 3158 5068 OLYMPIAS.

2063 5107 2310 5164 XXXIX.
2333 5104 2635 5163 Octaviano
2661 5104 2801 5173 Aug.
2831 5116 2926 5155 xtv
2951 5107 3006 5155 et.
3028 5098 3216 5153 Silano
3238 5111 3385 5153 coss.

2068 5201 2180 5258 XL.
2203 5199 2434 5256 Lentulo
2463 5206 2516 5253 et
2535 5196 2733 5251 Pisone
2753 5209 2898 5248 coss.

2067 5295 2205 5351 XLI.
2239 5293 2433 5348 Publio
2458 5291 2674 5346 Caesare
2704 5294 2758 5343 et
2789 5285 2959 5340 Paulo
2986 5299 3133 5340 coss.

2066 5385 2227 5441 XLII.
2261 5383 2512 5439 Vindicio
2531 5391 2586 5435 et
2611 5379 2779 5435 Vario
2807 5395 2954 5435 coss.

2563 5491 2748 5550 CXCV
2777 5487 3148 5547 OLYMPIAS.

2064 5586 2252 5645 XLIII.
2283 5584 2473 5640 Lamia
2495 5591 2550 5639 et
2580 5581 2814 5638 Servilio
2844 5596 2990 5638 coss.

2069 5679 2252 5737 XLIV.
2282 5678 2478 5750 Magno
2495 5684 2549 5733 et
2575 5675 2792 5732 Valerio
2824 5689 2971 5731 coss.

2064 5773 2222 5830 XLV.
2259 5771 2463 5842 Lepido
2494 5778 2548 5825 et
2581 5768 2784 5824 Planco
2807 5783 2956 5824 coss.

2067 5864 2480 5923 XI.V|.'l‘ibcrio
2499 5863 2713 5920 Caesare
2739 5870 2795 5919 et
2814 5862 3080 5932 Capitone
3099 5874 3249 5917 coss.

3551 377 3657 434 990
