4118 6396
419 345 518 400 291

910 453 1116 510 CXCVI
1167 451 1538 510 OLYMPIAS.

429 548 639 609 XLVII.
658 547 846 605 Cretio
879 556 934 604 et
957 547 1134 604 Nerva
1157 563 1306 603 coss.

429 640 661 698 XLVIII.
693 640 928 699 Camillo
964 649 1019 694 et
1051 638 1390 706 Quintiliano
1417 653 1564 692 coss.

429 733 618 791 XLIX.
651 735 944 790 Camerino
970 743 1023 789 et
1053 731 1260 788 Sabino
1281 745 1427 787 coss.

431 829 493 888 L.
524 830 803 886 Dolabella
822 836 875 884 et
908 826 1098 881 Silano
1129 840 1277 880 coss.

908 939 1144 997 CXCVII
1174 935 1544 995 OLYMPIAS.

433 1037 520 1097 LI.
544 1036 772 1106 Lepidio
807 1043 861 1090 et
886 1034 1070 1089 Tauro
1102 1048 1248 1088 coss.

432 1129 548 1187 LII.
580 1130 798 1185 Tiberio
827 1127 1044 1183 Caesare
1072 1143 1111 1182 ιι
1146 1135 1200 1182 et
1226 1124 1483 1198 Scipione
1514 1139 1660 1181 coss.

435 1221 569 1279 LIII.
594 1221 792 1277 Flacco
821 1231 875 1277 et
900 1219 1089 1276 Silano
1115 1235 1258 1275 coss.

441 1315 574 1373 LIV.
608 1315 775 1373 Sexto
808 1323 862 1371 et
889 1314 1055 1370 Sexto
1074 1329 1218 1369 coss.

892 1426 1150 1484 CXCVIII
1175 1424 1568 1490 'OLYMPIAS.

440 1519 550 1578 LV.
578 1519 842 1591 Pompeio
871 1518 1066 1589 Magno
1097 1525 1152 1572 et
1179 1515 1410 1586 Apuleio
1434 1529 1582 1570 coss.

438 1612 574 1672 LVI.
608 1613 775 1667 Bruto
795 1619 849 1667 et
881 1609 1079 1664 Flacco
1106 1625 1144 1663 ιι
1173 1624 1320 1663 coss.

512 1708 872 1783 [Octavianus
897 1706 1177 1775 Augustus
1208 1702 1443 1756 moritur
1457 1697 1606 1754 Nola:
1619 1697 2023 1768 septuagesimo

1160 333 1432 391 EUSEBII
1470 326 1954 388 CESARIENSIS
1991 323 2143 380 OPP.
2185 321 2370 377 PARS
2409 319 2448 375 I.
2491 348 2560 359 —
2598 312 2988 371 HISTORICA.

2053 451 2100 508 Α

2608 434 2800 499 PIIIC."
2836 422 3214 485 υΑΥΜιιιΑε.

2117 536 2247 589 MZ'.
2279 535 2373 586 01:.
2405 528 2646 601 Κρητίου
2675 527 2768 580 καὶ
2795 520 3004 595 Νερϐά.

2117 625 2259 680 MH'.
2291 626 2386 677 01:.
2422 619 2718 694 Καμήλλου
2748 620 2842 671 καὶ
2875 604 3281 669 Κυντιλλιανοῦ.

2118 716 2251 772 ΜΘθ.
2288 718 2383 769 ὑπ.
2417 711 2733 784 Καμερίνου
2767 711 2862 762 καὶ
2889 706 3140 761 Σαϐίνου.

2118 811 2200 863 N'.
2240 809 2334 861 01:.
2374 802 2678 860 Δολαϐελλὰ
2706 803 2801 855 καὶ
2825 795 3072 854 Σιλανοῦ.

2611 917 2788 971 PIIIZ'
2833 907 3213 968 ΟΛΥΜΠΙΑΣ.

2110 1015 2249 1068 ‘NA’.
2279 1015 2375 1068 ὑπ.
2409 1011 2664 1067 Λεπιδίου
2693 1009 2788 1064 καὶ
2809 1005 3044 1078 Ταύρου.

2122 1109 2247 1161 NB’.
2286 1110 2380 1161 ὑπ.
2428 1103 2680 1178 Τιϐερίου
2734 1100 3014 1169 Καίσαρος
3059 1094 3122 1148 τὸ
3149 1092 3193 1165 β’
3243 1089 3338 1144 καὶ⁷
3370 1081 3708 1157 Σκηπίωνος.

2123 1201 2248 1254 NI".
2281 1201 2374 1254 01:.
2397 1197 2645 1252 Φλάκκου
2669 1195 2764 1250 καὶ
2787 1189 3035 1247 Σιλανοῦ.

2123 1292 2247 1346 ΝΔ⁹.
2284 1293 2378 1346 ὑπ.
2409 1292 2644 1346 Σέκστου
2665 1288 2760 1343 καὶ
2785 1285 3045 1340 Σέκστου.

2598 1403 2784 1457 PIIIH'
2832 1395 3212 1454 υΛΥΜΠῘΔΣ.

2124 1501 2252 1555 ΝΕ’.
2287 1500 2382 1552 ὑπ.
2420 1497 2708 1570 Πομπηΐου
2738 1483 2963 1562 Μάγνου
2994 1491 3085 1544 καὶ
3123 1485 3467 1557 Ἀπουληίου.

2125 1593 2273 1662 Nq'.
2305 1593 2400 1645 01:.
2421 1590 2660 1662 Βρούτου
2685 1587 2780 1642 καὶ
2809 1585 3058 1640 Φλάκκου
3092 1581 3153 1636 τὸ
3181 1581 3246 1652 β’.

2197 1680 2585 1755 [Ὀκταϐιανὸς
2639 1677 2948 1748 Αὔγουστος
2997 1672 3224 1743 τελευτᾷ
3280 1673 3339 1724 ὲν
3389 1666 3589 1738 Νώλᾳ,
3631 1663 3713 1719 ὢν

440 1807 495 1856 et
514 1763 680 1854 sexto
703 1798 881 1852 aetatis
919 1763 1086 1858 anno,
1111 1792 1304 1848 diebus
1323 1792 1566 1863 quinque
1599 1799 1653 1845 et
1679 1763 1899 1864 Irigiuta
1928 1788 2024 1842 mi-

2143 1775 2264 1829 ἑτῶν
2292 1781 2384 1838 οε’,
2422 1790 2552 1845 μην.
2588 1776 2643 1837 ι’,
2676 1772 2776 1842 ήμ.
2813 1775 2893 1823 κε’
3048 1763 3070 1838 ]

439 1887 605 1961 nus]

513 1981 892 2036 Romanorum
946 1979 1247 2038 imperator
1269 1977 1340 2033 Ill
1363 1976 1617 2033 Tiberius
1643 1973 1831 2032 Caesar
1864 1975 2025 2033 annis

440 2087 581 2126 XXII.

444 2165 487 2220 I.
519 2163 703 2218 Tauro
730 2169 785 2217 et
807 2161 1013 2218 Libone
1036 2176 1187 2217 coss.

443 2255 508 2310 ιι.
543 2256 746 2311 Crasso
764 2263 818 2310 et
838 2254 980 2310 Rufo
1015 2268 1165 2310 coss.

929 2361 1142 2420 CXCIX
1169 2358 1538 2418 OLYMPIAS.

447 2458 538 2516 III.
575 2458 799 2515 Tiberio
826 2458 1045 2513 Caesare
1073 2471 1135 2510 ιιι
1158 2463 1212 2510 et
1236 2453 1382 2510 Rufo
1415 2472 1456 2508 ιι
1476 2469 1624 2510 coss.

447 2551 539 2610 IV.
573 2554 762 2608 Silano
793 2560 848 2606 et
871 2551 1040 2608 Balbo
1063 2565 1208 2606 coss.

450 2641 518 2698 V.
549 2643 780 2699 Messala
808 2651 864 2698 et
887 2641 1058 2696 Grato
1081 2656 1231 2696 coss.

451 2732 540 2790 VI.
583 2733 807 2790 Tiberio
831 2733 1048 2789 Caesare
1084 2749 1138 2786 ιν
1163 2743 1217 2787 et
1250 2729 1428 2784 Druso
1459 2743 1606 2784 coss.

986 2847 1072 2903 CC
1126 2843 1498 2902 OLVMPIAS.

451 2940 564 2996 VII.
591 2939 829 3012 Agrippa
854 2949 910 2996 et
947 2939 1120 2995 Galba
1154 2950 1303 2995 coss.

451 3031 589 3089 VIII.
624 3033 870 3088 Pollione
894 3040 949 3087 et
977 3031 1171 3088 Vetere
1200 3047 1348 3088 coss.

453 3125 544 3182 IX.
577 3124 815 3198 Cethego
838 3133 892 3180 et
913 3123 1059 3179 Varo
1087 3138 1234 3180 coss.

455 3219 528 3274 Ι.
555 3218 796 3290 Agrippa
820 3231 860 3272 ιι
896 3224 952 3272 et
980 3215 1215 3272 Lentulo
1236 3230 1384 3271 coss.

972 3327 1081 3384 CCI
1123 3317 1497 3381 OLYMPIA'S.

458 3422 548 3477 XI.
582 3421 833 3479 Getulico
851 3430 908 3478 et
943 3421 1151 3476 Sabino
1174 3436 1324 3476 coss.

458 3515 576 3571 XII.
623 3517 824 3572 Crasso
871 3523 925 3569 et
954 3513 1155 3570 Pisone
1185 3529 1331 3569 coss.
1402 3524 1413 3534 '

459 3607 603 3664 XIII.
630 3605 818 3662 Silano
845 3614 900 3660 et
921 3605 1098 3662 Nerva
1127 3621 1274 3661 coss.

459 3697 600 3754 XIV.
626 3696 853 3753 Gemino
883 3709 937 3751 et
960 3695 1190 3752 Gemino
1220 3709 1368 3750 coss.

959 3809 1093 3866 CCII
1133 3805 1502 3864 OLYMPIAS.

461 3902 583 3960 XV.
612 3903 758 3959 Rufo
782 3911 838 3959 et
869 3902 1161 3958 Rubellino
1199 3911 1348 3956 coss.

465 3995 605 4051 XVI.
641 3995 858 4052 Vinicio
889 4004 944 4051 et
971 3994 1220 4064 Longino
1255 4009 1401 4048 coss.

465 4088 628 4143 XVII.
665 4087 888 4143 Tiberio
911 4086 1049 4143 Caes.
1089 4101 1121 4139 ν
1157 4086 1275 4142 solo
1300 4101 1414 4141 cos.

466 4180 654 4236 XVIII.
684 4180 906 4237 Persico
935 4188 990 4236 et
1025 4179 1242 4234 Vitellio
1271 4193 1420 4232 coss.

966 4293 1123 4350 CCIII
1173 4289 1545 4348 OLYMPIAS.

471 4388 612 4445 XIX.
633 4387 868 4444 Aruntio
892 4395 944 4442 et
975 4386 1292 4442 Aiuobarbo
1331 4396 1477 4442 coss.

470 4482 588 4539 XX.
618 4481 786 4538 Galba
811 4489 865 4536 et
893 4480 1039 4551 Sylla
1064 4494 1212 4534 coss.
1331 4529 1334 4534 .

469 4575 614 4632 XXI.
645 4573 802 4630 Gallo
830 4579 884 4628 et
904 4571 1193 4627 Nonniano
1227 4583 1375 4624 coss.

471 4667 640 4724 XXII.
667 4667 906 4722 Laeliauo
926 4673 980 4721 et
1011 4662 1205 4718 Plauto
1231 4678 1377 4718 coss.

542 4761 796 4822 Tiberius
827 4761 1124 4830 imperator
1143 4756 1362 4827 propria
1395 4762 1573 4810 morte
1600 4754 1834 4810 moritur
1861 4753 2051 4810 Romae

473 4859 530 4914 in
570 4854 796 4927 palatio,
836 4853 1044 4923 absque
1095 4849 1283 4905 liberis
1315 4857 1370 4904 et
1395 4847 1612 4913 caelebs,
1658 4855 1822 4902 natus
1874 4861 2051 4905 annos

474 4966 602 5006 LXX.

545 5040 918 5097 Romanorum
948 5037 1248 5110 imperator
1277 5031 1346 5089 IV
1376 5032 1544 5089 Caius
1583 5031 1827 5104 Caligula
1867 5030 2054 5088 Caesar

475 5135 639 5194 annis
667 5149 742 5189 tv.

973 5241 1132 5299 CCIV
1176 5238 1546 5297 OLVMPIAS.

477 5338 520 5396 I.
562 5337 797 5394 Proculo
817 5345 872 5393 et
905 5334 1132 5407 Nigrino
1158 5349 1304 5390 coss.

552 5520 629 5592 (I)
669 5519 830 5575 Deest
857 5520 1136 5592 inﬂcodice
1166 5527 1293 5592 vat._
1328 5515 1588 5592 Chronici
1621 5514 1913 5585 paschalis,
1947 5527 2052 5568 nec

484 5588 594 5646 non
613 5588 678 5644 in
710 5592 831 5658 eius
860 5589 1212 5652 editionibus,
1267 5588 1498 5658 Augusti
1549 5602 1719 5649 mors,
1758 5600 1923 5658 quarn
1951 5599 2054 5654 ego

486 5660 646 5716 facile
669 5655 1295 5731 supplevi.C:eteroquin
1326 5655 1464 5712 hanc
1483 5657 1781 5731 Suetonius
1807 5655 2056 5731 subprag-

487 5724 803 5786 cedentibus
833 5732 1153 5785 consulibus
1180 5724 1374 5785 recitat
1405 5747 1418 5782 :
1468 5728 1598 5781 obiit
1633 5726 1837 5779 duobus
1875 5724 2051 5780 Sextis

492 5800 811 5893 Pompeio“
844 5801 1062 5872 Apuleio
1101 5817 1237 5857 coss.
1269 5799 1346 5853 Ex
1379 5798 1579 5871 quibus
1608 5798 1835 5871 insuper
1857 5795 2054 5852 Sueto-

2116 5896 2151 5904 σε.

2211 1954 2500 2026 Ῥωμαίων
2541 1957 2590 2020 γ’
2639 1945 3012 2020 ἑμονάρχησεν
3053 1941 3303 2014 Τιϐέριος
3354 1939 3571 2010 Καῖσαρ
3614 1936 3713 2006 ἐτη

2129 2051 2337 2198 23.01:.
2359 2141 2576 2212 Ταύρου
2602 2138 2695 2192 καὶ
2721 2134 2984 2196 Λίϐωνος.

2133 2237 2210 2291 B'.
2241 2237 2339 2291 ὑπ.
2370 2235 2630 2306 Κράσσου
2650 2229 2747 2284 καὶ
2779 2226 3031 2296 Ῥούφου.

2633 2341 2810 2398 ΡΠῙΘ¹
2836 2339 3214 2396 ΟΛΥΜΠῘΛΣ.

2132 2447 2208 2501 Ρ.
2231 2445 2324 2501 ὑπ.
2363 2441 2614 2512 Τιϐερίου
2663 2435 2943 2507 Καίσαρος
2985 2432 3047 2486 τὺ
3078 2439 3127 2500 γ’
3157 2431 3250 2485 καὶ
3303 2427 3530 2496 Ῥούφου
3557 2425 3621 2482 τὸ
3643 2423 3714 2497 β’.

2134 2541 2209 2594 Δ’.
2241 2536 2338 2590 ὑπ.
2374 2531 2600 2588 Σιλανοῦ
2629 2530 2724 2584 καὶ
2752 2527 2984 2582 Βάλϐου.

2134 2628 2212 2683 E'.
2248 2627 2342 2681 ὑπ.
2377 2621 2639 2680 Μεσσαλὰ
2665 2622 2758 2676 καὶ
2791 2620 3024 2691 Γράτου.

2137 2719 2228 2785 ς’.
2257 2717 2352 2770 ὑπ.
2382 2713 2632 2785 Τιϐερίου
2660 2712 2940 2782 Καίσαρος
2958 2709 3018 2763 τὸ
3044 2707 3086 2762 δ’
3117 2707 3211 2762 καὶ
3234 2704 3502 2779 Δρούσου.

2687 2829 2740 2880 Σ⁹
2769 2824 3152 2881 ΟΛΥΜΠΙΑΣ.

2136 2927 2211 2981 Z'.
2237 2925 2332 2978 01:.
2382 2921 2659 2992 ’Δγρίππα
2688 2921 2780 2973 καὶ
2805 2917 3006 2974 Γαλϐά.

2139 3021 2222 3072 ιιν.
2256 3019 2352 3071 ὑπ.
2392 3014 2726 3077 Πουλλίωνος
2754 3013 2847 3066 καὶ
2876 3011 3130 3083 Βετέρου.

2065 3145 2110 3202 c
2140 3113 2216 3166 Θ’.
2256 3113 2350 3164 ὑπ.
2379 3108 2629 3180 Κεθήγου
2656 3108 2751 3161 καὶ
2780 3105 3015 3176 Οὐάρου.

2143 3207 2200 3259 I'.
2237 3207 2332 3260 01:.
2374 3203 2651 3274 Ἀγρίππα
2677 3200 2737 3254 τὺ
2773 3199 2817 3270 β’
2854 3199 2950 3254 καὶ
2977 3195 3300 3252 Λεντούλου.

2678 3315 2776 3367 ΣΑ¹
2805 3309 3184 3366 ΟΛΥΜΠῘΑΣ.

2145 3413 2248 3466 IA'.
2281 3413 2378 3466 01:.
2414 3407 2736 3464 Γετουλικοῦ
2767 3405 2861 3460 καὶ
2887 3403 3137 3459 Σαϐίνου.

2145 3505 2246 3557 IB'.
2281 3504 2377 3556 01:.
2413 3501 2669 3574 Κράσσου
2697 3499 2791 3552 καὶ
2823 3498 3085 3559 Πίσωνος.

2146 3598 2246 3652 11".
2280 3597 2376 3649 ὑπ.
2409 3592 2630 3648 Σιλανοῦ
2665 3593 2758 3646 καὶ
2785 3590 3018 3663 Νεροῦα.

2147 3693 2246 3744 1Δ’.
2280 3691 2374 3744 ὑπ.
2407 3689 2635 3760 Γεμίνου
2669 3686 2764 3740 καὶ
2793 3685 3042 3756 Γεμίνου.

2682 3803 2777 3854 ΣΒν
2812 3798 3190 3866 οΑΥΜιιιΑΣ.

2149 3900 2252 3955 IE'.
2283 3898 2377 3950 ὑπ.
2429 3895 2658 3965 Ῥούφου
2689 3895 2784 3948 καὶ
2828 3890 3214 3972 Ῥουϐελλίνου.

2152 3997 2268 4064 ῙΕΓ.
2306 3996 2401 4048 ὑπ.
2439 3992 2751 4047 Οὑεννικὶου
2778 3989 2874 4044 καὶ
2899 3989 3185 4059 Λογγίνου.

2151 4087 2250 4140 IZ'.
2281 4086 2377 4140 ὑπ.
2406 4083 2656 4156 Τιϐερίου
2690 4081 2970 4153 Καίσαρος
2999 4080 3062 4132 τὸ
3096 4086 3136 4133 ε’
3161 4077 3348 4152 μόνου.

2152 4178 2260 4232 Iﬂ'.
2292 4178 2386 4232 ὑπ.
2421 4174 2692 4251 Περσικοῦ
2727 4175 2822 4228 καὶ
2851 4172 3155 4225 Βετελλίου.

2686 4289 2782 4342 EI"
2821 4285 3198 4340 ΟΛΥΜΠΙΑΣ.

2155 4381 2254 4439 ῙΘἏ
2291 4383 2386 4438 ὑπ.
2435 4383 2745 4455 Ἀρουντίου
2771 4381 2864 4434 καὶ
2908 4379 3283 4450 Ἀενοϐάρϐου.

2153 4477 2238 4531 Κ’.
2276 4477 2372 4531 ὑπ.
2407 4474 2590 4529 Γαλϐὰ
2622 4475 2716 4529 καὶ
2740 4474 2960 4528 Σύλλου.

2153 4571 2287 4624 KA'.
2322 4570 2418 4623 ὑπ.
2446 4567 2650 4622 Γάλλου
2683 4568 2777 4620 καὶ
2805 4564 3120 4620 Νοννιανοῦ.

2152 4664 2280 4716 KB'.
2313 4664 2409 4716 ὑπ.
2438 4660 2698 4717 Λελιανοῦ
2731 4661 2825 4714 καὶ
2856 4658 3125 4713 Πλαύτου.

2236 4755 2295 4808 .0
2326 4753 2579 4824 βασιλεὺς
2607 4752 2858 4824 Τιϐέριος
2885 4750 3114 4822 τελευτᾷ
3156 4749 3272 4816 ίδίῳ
3309 4747 3526 4820 θανάτῳ
3567 4747 3628 4802 ὲν
3650 4745 3731 4819 τῷ

2154 4847 2402 4916 παλατίῳ
2445 4845 2685 4917 Ῥώμης,
2720 4844 2888 4907 ἄπαις
2917 4841 3014 4898 καὶ
3043 4840 3322 4910 ἀγύναιος,
3351 4837 3428 4893 ὢν
3461 4838 3601 4893 ὲτῶν
3622 4844 3686 4893 α.

2241 5026 2526 5098 Ῥωμαίων
2555 5025 2599 5078 δ’
2615 5023 2964 5078 ἐϐασίλευσεν
3001 5020 3160 5086 Γάϊος
3187 5021 3390 5086 Γάλλος
3412 5019 3492 5093 (2)
3511 5021 3732 5094 Καῖσαρ

2154 5115 2251 5184 ἐτη
2272 5115 2336 5170 δ’.

2681 5230 2793 5284 ΣΔ’.
2821 5228 3198 5284 ΟΛΥΜΠΙΑΣ.

2154 5324 2238 5373 Δο.
2268 5321 2364 5374 ὑπ.
2399 5317 2709 5393 Προκοὺλου
2733 5319 2828 5372 καὶ
2858 5316 3140 5390 Νιγρινου.

2153 5506 2232 5559 nii
2261 5503 2446 5575 verbis
2469 5501 2855 5575 cognoscimus
2887 5500 3074 5575 Sexto:
3097 5498 3434 5575 praenomina
3462 5512 3583 5554 esse
3598 5511 3732 5553 con-

2155 5576 2337 5632 sulum
2363 5570 2608 5644 Pompeii
2637 5572 2957 5644 etiApuleii,
2976 5587 3086 5626 non
3113 5580 3295 5644 autem
3319 5570 3569 5624 diversos
3598 5581 3731 5644 conf

2155 5648 2324 5719 sules,
2344 5654 2417 5719 ut
2454 5637 2651 5699 horum
2687 5637 2956 5700 fastorum
2988 5650 3181 5719 auctor
3233 5641 3323 5696 hic
3350 5649 3405 5696 et
3430 5655 3574 5712 saepe
3602 5637 3730 5695 alibi

2157 5718 2213 5773 in
2247 5716 2433 5771 multis
2463 5723 2629 5771 errat.
3008 5711 3065 5719 ’“’
3091 5711 3108 5722 ’
3143 5713 3148 5718 ’

2229 5788 2307 5860 (2)
2343 5787 2418 5842 Ita
2445 5786 2568 5843 cod.
