4118 6396
367 387 481 444 2915
1618 363 2124 426 CHRONICORUM
2164 363 2294 419 Lm.
2341 365 2379 417 l.
3545 361 3656 416 294

374 511 448 558 It’.
475 504 572 560 ὑπ.
619 499 908 556 Ἰουλιανοῦ
942 497 1038 551 καὶ
1075 494 1470 568 ’Δσπρενάτυω
1995 536 2000 550 η

1346 510 1470 548 mu.
1995 493 2043 550 Α
2070 481 2134 536 ll.
2171 479 2392 536 Juliano
2413 486 2468 534 et
2497 477 2802 547 Asprenate
2826 492 2972 533 coss.

375 597 448 649 ιν.
484 595 579 650 ὑπ.
617 592 886 647 Κλαυδίου
919 591 1199 660 Καίσαρος
1222 565 1322 640 acati.
1352 581 1678 656 Κερσιανοῦ.

1631 581 1678 636 ῡ,
2071 573 2161 629 Ill.
2198 570 2432 626 Claudio
2453 568 2596 625 Caes.
2631 576 2686 624 et
2707 568 2975 623 Cersiano
3001 565 3079 640 (I)
3113 583 3257 624 coss.

372 689 448 742 A'.
474 687 572 741 ὑπ.
605 684 877 740 Κλαυδίου
906 681 1188 751 Καίσαρος
1219 678 1281 732 τὺ
1311 677 1356 746 β’
1391 675 1577 748 μόνου.

1391 675 1577 748 μόνου.
2067 665 2158 720 IV.
2186 664 2420 720 Claudio
2453 663 2673 720 Caesare
2695 677 2735 717 ιι
2757 663 2877 718 solo
2898 677 3017 718 cos.

448 779 575 833 Ἐπὶ
606 777 717 831 τῶν
752 772 1132 848 προκειμένων
1158 771 1383 827 ὑπάτων
1405 769 1564 832 Γάϊος
1581 767 1779 830 Γάλλος
1803 766 1969 835 ὲσφά,

2140 757 2238 813 His
2262 756 2543 827 praedictis
2565 769 2713 811 coss.
2748 752 2917 810 Caius
2959 753 3206 825 Caligula
3238 753 3428 810 Rome
3465 755 3525 810 in
3555 769 3653 827 pa-

375 888 451 943 γη
476 873 535 925 ὲν
567 869 646 941 τῷ
678 845 925 939 παλατίῳ
956 864 1176 936 Ῥώμης
1207 864 1315 918 ὑπὸ
1335 863 1444 917 τῶν
1472 861 1617 916 ίδίων
1650 857 1968 931 σπαθαρίων

2069 851 2203 906 latio
2233 848 2558 904 interfectus
2589 855 2674 902 est
2700 861 2730 900 a
2777 846 2896 901 suis
2933 845 3342 916 protectoribus
3367 846 3658 902 cubicula-

376 937 840 1033 azo'u6txoulaplwv
865 937 1158 1029 εὖνούχων,
1182 957 1328 1012 κατὰ
1355 952 1584 1025 γνώμην
1606 953 1706 1023 τῆς
1739 949 1970 1020 συγκλή-

2067 943 2170 997 riis
2203 939 2494 1005 eunuchis,
2549 937 2930 994 consentiente
2982 945 3198 997 senatu.
3231 951 3356 991 cum
3384 949 3658 993 annorum

377 1076 497 1120 του,
528 1055 605 1108 ὢν
636 1054 774 1107 ἐτῶν
803 1053 904 1110 λθ’.
2069 1043 2218 1094 esset
2247 1051 2434 1090 χχιιι.

919 1141 1018 1194 ΣΕ¹
1049 1138 1432 1194 ΟΛΥΜΠΙΑΣ.

2589 1121 2725 1178 CCV
2755 1119 3125 1178 OLYMPIAS.

464 1234 752 1305 Ῥωμαίων
768 1241 816 1287 ε’
840 1231 1191 1288 ἐϐασίλευσεν
1221 1229 1490 1292 Κλαύδιος
1512 1227 1608 1299 ἐτη
1638 1226 1721 1281 ιδ’.

1681 1232 1721 1281 Γ.
2141 1217 2515 1273 Romanorum
2549 1215 2682 1287 imp.
2711 1214 2757 1270 V
2786 1215 3049 1271 Claudius
3077 1231 3168 1270 an.
3194 1231 3307 1271 ιη.

378 1329 461 1381 Λ⁹.
497 1327 593 1380 ὑπ.
630 1326 901 1381 Κλαυδίου
939 1325 1220 1397 Καίσαρος
1256 1322 1316 1376 τὸ
1347 1329 1396 1390 γ’
1422 1321 1517 1376 καὶ
1558 1317 1896 1372 Ἀντωνίνου.

1604 1317 1896 1372 ιντωνίνου.
2072 1313 2112 1370 I.
2139 1313 2368 1369 Claudio
2386 1311 2602 1366 Caesare
2627 1327 2681 1365 III
2709 1319 2764 1364 et
2789 1309 3068 1364 Antonino
3085 1323 3230 1364 coss.

382 1421 457 1472 B'.
493 1421 591 1475 ὑπ.
623 1419 894 1474 Κλαυδίου
928 1418 1211 1491 Καίσαρος
1243 1416 1304 1470 τὸ
1335 1416 1377 1469 δ’
1409 1415 1503 1469 καὶ
1531 1413 1772 1485 Λάργου.

1565 1413 1772 1485 λάργου.
2071 1402 2134 1460 Il.
2166 1404 2400 1460 Claudio
2430 1401 2654 1458 Caesare
2686 1418 2739 1457 IV
2767 1409 2821 1456 et
2842 1400 3019 1472 Largo
3043 1415 3191 1455 coss.

383 1513 458 1566 I".
493 1513 588 1566 ὑπ.
606 1511 872 1566 Κλαυδίου
904 1510 1187 1584 Καίσαρος
1228 1509 1290 1563 τὸ
1322 1515 1364 1562 ε’
1388 1509 1482 1562 καὶ
1514 1505 1798 1560 Βετελλίου
1815 1504 1877 1559 τὸ
1897 1502 1965 1576 β’.

1651 1505 1798 1559 λλίου
1815 1504 1877 1559 τὸ
1897 1502 1965 1576 β’,
2073 1495 2159 1552 III.
2190 1495 2420 1550 Claudio
2451 1494 2667 1550 Caasare
2690 1510 2722 1547 v
2740 1501 2794 1548 et
2825 1493 3044 1549 Vitellio
3070 1509 3105 1547 ιι
3131 1507 3277 1549 coss.

383 1604 455 1657 A'.
493 1604 589 1658 ὑπ.
625 1603 875 1673 Κρίσπου
911 1602 1008 1655 και
1038 1583 1274 1674 Ταύρου.

1222 1618 1274 1655 υ.
2071 1587 2161 1644 IV.
2183 1589 2380 1660 Crispo
2401 1595 2455 1642 et
2478 1587 2663 1642 Tauro
2703 1583 2848 1643 coss.

913 1695 1026 1764 Σςι
1061 1695 1439 1749 ΟΛΥΜΠΙΑΣ.

2580 1679 2740 1737 CCVI
2790 1677 3159 1735 OLYIIPIAS.

385 1787 460 1841 [ζ’.
487 1788 582 1842 ὑπ.
608 1788 919 1844 Οὐεννικίου
944 1790 1040 1844 καὶ
1069 1787 1357 1860 Κορϐίνου.

1286 1805 1357 1842 πυ.
2073 1772 2140 1828 ν.
2166 1773 2383 1830 Vinicio
2407 1782 2462 1830 et
2493 1773 2733 1831 Corvino
2764 1788 2912 1828 coss.

384 1879 480 1946 ς’.
503 1879 598 1934 ὑπ.
647 1879 956 1934 ’Δσιατικοῦ
987 1880 1082 1935 καὶ
1113 1879 1338 1936 Σιλανοῦ
1370 1879 1469 1952 (2).
2004 1872 2010 1929 ἶ

1283 1879 1338 1936 οῦ
1370 1879 1469 1952 (2),
2004 1868 2050 1929 Β
2078 1865 2166 1922 Vl.
2191 1865 2439 1922 Asiatico
2457 1875 2513 1922 et
2541 1865 2731 1920 Silano
2762 1880 2909 1920 coss.

2077 1959 2191 2016 VII.
2224 1960 2454 2015 Claudio
2475 1958 2616 2015 C325.
2643 1975 2692 2013 vr
2723 1965 2777 2012 et
2807 1954 3028 2012 Vitellio
3063 1971 3122 2012 ιιι
3156 1971 3302 2014 coss.

2076 2051 2216 2109 VIII.
2250 2050 2469 2107 Vitellio
2498 2067 2551 2106 ιν
2577 2059 2630 2106 et
2663 2049 2948 2104 Publicma
2978 2065 3125 2105 coss.

2572 2139 2759 2196 CCVII
2790 2137 3163 2196 OLYMPIAS.

2079 2235 2170 2292 IX.
2199 2233 2440 2292 Veriano
2467 2243 2522 2291 et
2556 2233 2713 2289 Gallo
2740 2248 2890 2289 coss.

2076 2327 2146 2382 Χ.
2180 2327 2376 2384 Vetere
2392 2337 2445 2383 et
2473 2325 2806 2383 Nerviniano
2833 2341 2982 2382 coss.

2077 2418 2168 2474 XI.
2203 2420 2433 2475 Claudio
2455 2420 2592 2476 Caes.
2626 2434 2702 2473 vn
2735 2425 2790 2474 et
2821 2417 2994 2474 Orfito
3019 2433 3169 2475 coss.

2077 2512 2195 2570 XII.
2225 2512 2372 2585 Sylla
2388 2521 2442 2570 et
2467 2511 2675 2568 Catone
2704 2527 2852 2568 coss.

2564 2625 2767 2683 CCVIII
2793 2623 3176 2684 OLYMPIAS.

2079 2719 2218 2776 XIII.
2263 2720 2454 2774 Silano
2484 2727 2539 2774 et
2571 2719 2853 2773 Antonino
2878 2733 3023 2774 coss.

2079 2813 2220 2869 XIV.
2247 2811 2510 2867 Marcello
2534 2817 2589 2867 et
2616 2809 2807 2864 Aviola
2847 2825 2995 2865 coss.

2147 2899 2525 2958 Romanorum
2560 2901 2694 2970 imp.
2729 2897 2799 2954 VI
2825 2898 2969 2953 Nero
2985 2899 3145 2956 annis
3164 2913 3279 2954 xiv.

2079 2993 2122 3049 I.
2145 2993 2360 3050 Nerone
2386 3002 2442 3049 et
2472 2992 2668 3048 Vetere
2699 3007 2846 3047 coss.

2081 3085 2145 3142 II.
2179 3084 2479 3141 Saturnino
2506 3095 2560 3141 et
2590 3083 2849 3154 Scipione
2871 3097 3016 3138 coss.

2585 3175 2748 3232 CCIX
2797 3173 3149 3231 OLYMPIAS

2085 3270 2172 3327 III.
2205 3269 2422 3326 Nerone
2455 3287 2496 3326 ιι
2521 3278 2576 3326 et
2603 3269 2805 3325 Pisone
2834 3283 2982 3324 coss.

2084 3361 2176 3419 IV.
2205 3363 2418 3418 Nerone
2451 3380 2511 3417 ιιι
2537 3371 2590 3418 et
2619 3356 2850 3419 Messala
2864 3379 3013 3419 coss.

2084 3452 2151 3508 V.
2188 3455 2506 3524 Aproniano
2523 3462 2577 3510 et
2607 3455 2876 3525 Capitone
2903 3471 3049 3513 coss.

2085 3543 2174 3601 Vl.
2204 3545 2422 3602 Nerone
2447 3561 2500 3600 ιν
2530 3554 2584 3602 et
2610 3545 2845 3602 Lentulo
2876 3562 3024 3603 coss.

2607 3637 2747 3692 CCX
2787 3633 3158 3693 OLYMPIAS.

2085 3728 2197 3785 Vll.
2233 3728 2400 3786 Lacio
2433 3732 2510 3803 (5)
2539 3739 2593 3786 et
2614 3731 2940 3802 Turpiliano
2959 3746 3108 3787 coss.

2087 3823 2224 3879 Vlll.
2255 3824 2427 3880 Mario
2459 3833 2516 3880 et
2545 3823 2704 3880 Gallo
2737 3840 2889 3880 coss.

2085 3917 2177 3973 IX.
2202 3917 2343 3973 Iiufo
2366 3927 2421 3973 et
2451 3917 2660 3989 Regulo
2680 3933 2828 3973 coss.

2085 4009 2156 4066 Χ.
2187 4009 2394 4066 Crasso
2430 4019 2485 4068 et
2505 4010 2680 4066 Basso
2703 4026 2852 4066 coss.

2597 4103 2756 4161 CCXI
2784 4101 3158 4161 OLYMPIAS.

2092 4195 2180 4252 XI.
2219 4196 2389 4251 Helva
2417 4204 2473 4252 et
2505 4195 2734 4253 Vestino
2767 4212 2916 4254 coss.

2091 4289 2204 4344 XII.
2243 4289 2497 4347 Telesino
2550 4287 2769 4344 etRul‘o
2799 4303 2946 4344 coss.

397 4380 498 4436 II”.
538 4379 634 4435 ὑπ.
672 4377 1010 4449 Καπήτωνος
1035 4378 1130 4431 καὶ
1165 4375 1414 4446 Ῥούφου.

1339 4395 1414 4434 ου.
2093 4378 2232 4435 XIII.
2267 4380 2532 4450 Capitone
2564 4387 2618 4434 et
2647 4377 2791 4433 Rufo
2821 4394 2965 4434 coss.

400 4475 498 4529 IA'.
538 4473 635 4526 ὑπ.
675 4469 936 4524 Ἰταλικοῦ
966 4471 1060 4524 καὶ
1085 4469 1390 4542 Τραχάλου.

2093 4468 2230 4526 XIV.
2264 4470 2458 4526 Italico
2485 4478 2540 4527 et
2575 4469 2846 4524 Trachalo
2880 4484 3027 4525 coss.

482 4563 606 4616 Ἐπὶ
634 4562 838 4616 τούτων
875 4561 985 4615 τῶν
1033 4562 1254 4615 ὑπάτων
1283 4559 1494 4632 ἀφανὴς
1520 4561 1744 4629 γέγονεν
1768 4559 1981 4632 Νέρων,
2011 4573 2062 4632 Ῑ)

2043 4575 2062 4629 >
2162 4564 2260 4621 His
2286 4565 2606 4621 consulibus
2633 4563 3042 4634 Nero'amplius
3082 4577 3193 4616 non
3224 4562 3548 4634 comparuit,
3571 4579 3669 4620 ex-

399 4656 496 4711 καὶ
513 4655 760 4726 τελευτᾷ,
788 4654 864 4708 ὢν
891 4653 1026 4707 ἐτῶν
1060 4652 1134 4719 ξθ⁹
1171 4652 1270 4726 (Δ).

2093 4661 2440 4728 stinctusque
2467 4665 2573 4721 est,
2615 4672 2790 4712 annos
2821 4666 2984 4710 natus
3006 4671 3154 4710 uix.

470 4748 626 4803 Μετὰ
649 4748 882 4820 Νέρωνα
905 4746 1118 4811 Γαλϐὰς
1138 4745 1482 4800 ἐϐασίλευσεν
1505 4745 1564 4798 ὲν
1593 4745 1827 4819 Ἰϐηρίᾳ,
1858 4747 1986 4801 Οὐῖ-
2089 4821 2096 4828 .

2089 4821 2098 4828 _
2161 4749 2293 4805 Post
2322 4748 2592 4804 Neronem
2631 4746 2921 4820 imperavit
2968 4747 3024 4801 in
3056 4743 3320 4817 Hispania
3351 4743 3544 4815 Galba,
3570 4744 3669 4802 VI-

401 4843 613 4914 τήλλιος
645 4845 704 4896 ὲν
727 4841 1216 4914 Γερμανίᾳ,”06ων
1242 4839 1336 4893 ἐπὶ
1371 4838 1621 4912 Ῥώμηςο
1643 4839 1872 4903 ἕκαστος
1893 4840 1990 4894 αὐ-

2141 4841 2277 4897 :llius
2311 4841 2368 4894 in
2395 4839 2706 4902 Germania,
2733 4839 2876 4894 Otho
2917 4837 3128 4894 Romae.
3177 4837 3244 4893 IIi
3279 4840 3482 4914 singuli
3521 4856 3676 4898 seor-
3760 4910 3767 4919 ι

399 4939 507 4990 τῶν
547 4936 654 5008 ἰδίᾳ
682 4934 854 5006 ἐπέϐη
888 4937 956 5006 τῇ
989 4935 1155 5006 ἀρχῇ.

2093 4949 2217 4992 sum
2251 4933 2542 5005 imperium
2572 4933 2944 5003 arripuerunt.

473 5026 684 5090 Γαλϐὰς
710 5024 1061 5080 ἐϐασίλευσεν
1093 5025 1268 5097 μῆνας
1301 5025 1366 5091 ζ’,
1389 5025 1484 5079 καὶ
1507 5025 1566 5079 ὲν
1598 5025 1740 5098 μέσῃ
1759 5027 1827 5097 τῇ
1855 5024 1991 5078 Ῥω-

2162 5025 2334 5081 Galba
2385 5041 2574 5082 mense
2623 5025 2839 5099 imperii
2882 5026 3117 5098 septimo
3162 5025 3220 5081 in
3259 5025 3442 5082 medio
3489 5023 3681 5086 Roma:

409 5123 581 5192 μαίων
612 5122 789 5194 ἀγορᾷ
815 5119 915 5191 τὴν
944 5117 1187 5190 κεφαλὴν
1215 5116 1528 5189 ἀπετμήθη.

1263 5116 1528 5189 πετμήθη.
2094 5121 2215 5177 foro
2243 5120 2421 5191 capite
2470 5128 2756 5176 truncatus
2786 5128 2889 5177 est.

480 5213 658 5268 Ὄθων
725 5208 1050 5284 βασιλεύσας
1107 5210 1282 5282 μῆνας
1345 5215 1400 5276 ς’
1424 5249 1440 5277 ,
1495 5208 1689 5264 ἑαυτὸν
1739 5209 1992 5283 διεχειρί-

2167 5214 2311 5272 Otho
2343 5229 2534 5270 mense
2579 5214 2794 5287 lmperii
2847 5225 3006 5271 sexto
3035 5215 3154 5285 ipse
3196 5213 3304 5270 sibi
3351 5228 3550 5270 manus
3599 5222 3682 5269 at-

402 5315 558 5360 σατο.
2094 5306 2237 5361 tulit.

482 5439 558 5506 (I)
584 5439 688 5511 pic
718 5439 984 5511 Cassiano.
1207 5510 1214 5511 ί
1246 5509 1261 5511 _
1298 5509 1307 5511 Α
1443 5509 1457 5511 _
1679 5509 1686 5511 _
1744 5508 1758 5511 Α
1825 5510 1830 5511 ί
2095 5455 2228 5494 num
2261 5440 2701 5511 supplementum
2725 5453 2791 5511 ex
2819 5437 2990 5494 Idalio
3032 5439 3457 5511 sumpsi,Aquem
3481 5444 3678 5494 aucto-

481 5511 555 5580 (2)
584 5508 642 5564 1η
671 5512 863 5567 codice
893 5510 1041 5573 Vat.,
1069 5526 1124 5580 p.
1168 5509 1271 5566 I72
1296 5509 1350 5578 b,
1392 5509 1460 5564 ad
1495 5524 1648 5565 oram
1676 5508 1992 5565 inferiorem
2095 5525 2212 5580 rem
2243 5508 2552 5564 cuiii'textu
2587 5508 2835 5563 Chronici
2891 5508 3196 5575 paschalis,
3266 5509 3498 5578 ideoque
3548 5522 3677 5564 cum

411 5581 712 5653 Scribitur:
762 5579 1098 5636 desideratur
1129 5582 1406 5653 quaternio
1441 5582 1573 5649 (non
1620 5595 1727 5633 una
1767 5581 1990 5653 pagina,
2096 5579 2360 5653 Eusebio,
2386 5581 2544 5653 valde
2577 5581 2917 5653 conspirare,
2947 5582 3288 5650 exploratum
3317 5587 3423 5635 est.

414 5661 468 5722 ut
495 5652 585 5704 alii
616 5653 898 5722 dixerunt)
927 5663 976 5707 et
1005 5669 1122 5705 cum
1141 5650 1212 5708 ἐο
1247 5669 1319 5722 ιιι
1359 5668 1620 5706 annorum
1653 5650 1989 5705 consulatus.
2170 5653 2246 5722 (5)
2277 5651 2374 5705 Dic
2396 5650 2661 5706 Cwsom’o.

413 5718 547 5774 Ilinc
575 5723 741 5776 etiam
776 5718 942 5792 patet,
977 5724 1224 5777 codicem
1267 5721 1589 5792 Vaticanum
1623 5737 1745 5776 esse
1781 5721 1992 5776 fontem
2172 5718 2254 5788 (4)
2287 5722 2577 5777 Ridiculus
2607 5736 2783 5776 error.
2816 5719 3096 5790 Siquidem
3117 5719 3264 5777 Nero
3293 5734 3438 5792 anno
3471 5718 3677 5774 ﬂoridae

413 5793 632 5864 unicum
673 5791 924 5847 Chronici
959 5794 1249 5862 paschalis,
1269 5795 1399 5864 quia
1425 5801 1480 5849 et
1507 5791 1994 5864 Monacense_apo-
2099 5795 2276 5850 aetatis
2305 5807 2456 5864 mm
2495 5793 2733 5864 violenta
2778 5802 2955 5847 morte
3005 5793 3160 5848 obiit.
3217 5792 3324 5850 Sed
3370 5791 3478 5846 alia
3506 5791 3680 5846 multa

411 5863 674 5932 graphum
700 5879 828 5919 cum
858 5860 1192 5921 editionibus
1241 5860 1394 5936 saeue
1449 5865 1583 5920 hiat.
1638 5861 1810 5919 Porro
1843 5860 1983 5918 Lati-
2101 5863 2484 5936 hujuscemodi
2517 5863 2713 5920 menda
2747 5878 2856 5921 non
2892 5864 3186 5932 corrigam.
