4118 6396
459 339 554 395 SOI

456 459 514 512 ιΔ
533 499 547 512 .
618 475 676 512 π.
705 455 944 530 Σεϐήρου
974 459 1036 512 τὸ
1061 459 1107 529 β’
1139 462 1234 516 καὶ
1264 463 1636 535 Πομπηῖανοῢ.

454 550 531 602 IE'
559 548 655 603 67:.
689 549 893 602 Γάλλου
921 551 1016 604 καὶ
1048 550 1318 608 Φλάκκου.

452 639 543 705 ις’
573 638 669 690 ὑπ.
715 636 968 709 Ὀρφίτου
994 639 1056 694 τὸ
1085 646 1134 708 γ’
1167 641 1261 695 καὶ
1301 632 1549 713 Ῥούφου.

969 752 1113 808 ΣΛΘ¹
1153 756 1236 809 ΟΛ
1245 756 1524 813 ΥΜΠΙΑΣ.

446 840 546 899 ιΖ’.
577 843 673 898 ὑπ.
707 843 1041 909 Πουλλίωνος
1072 847 1166 900 καὶ
1203 849 1434 922 Ἀπρου.

446 938 553 990 ΙΗ’.
585 937 681 990 ὑπ.
715 936 963 1008 Κομόδου
996 937 1091 991 καὶ
1129 939 1466 996 Κυϊντίλλου.

438 1027 541 1083 18³.
574 1028 668 1082 ὑπ.
717 1028 968 1101 ὐρφίτου
999 1029 1120 1084 τὸδ’
1149 1033 1241 1086 καὶ
1282 1034 1509 1106 Ῥούφου
1533 1037 1593 1090 τὸ
1625 1038 1686 1110 β’.

509 1121 842 1187 Ἀντωνῖνος,
891 1120 921 1174 6
960 1121 1054 1176 καὶ
1100 1124 1330 1196 Οὐῆρος,
1380 1130 1610 1200 νοσήσας
1653 1131 1921 1187 ἀπέθανεν
1966 1133 2027 1190 ἐν

436 1211 802 1278 Παννωνίαις,
854 1215 960 1286 πρὸ
1009 1216 1152 1270 ὀκτὼ
1183 1219 1460 1275 καλανδῶν
1513 1214 1829 1297 ἀπριλλίων,
1856 1227 2026 1301 ἄρξας

437 1301 534 1373 ἔτη
570 1302 654 1356 ιθ¹.

518 1395 804 1468 Ῥωμαίων
835 1397 894 1452 ιε’
922 1399 1267 1455 ἐϐασίλευσεν
1298 1403 1544 1474 Κόμοδος
1573 1405 1667 1478 ἔτη
1703 1407 1788 1462 ιϐ’.

433 1487 513 1541 Α’.
548 1489 642 1542 ὑπ.
676 1492 919 1562 Κομὸδου
948 1494 1257 1563 Αὐγούστου
1287 1496 1348 1550 τὸ
1380 1495 1426 1568 β’
1458 1498 1552 1553 καὶ
1579 1501 1775 1572 Βήρου.

947 1601 1058 1658 ΣΜ¹
1092 1605 1469 1664 ΟΛΥΜΠΙΑΣ.

430 1691 509 1747 Β’.
551 1693 647 1748 ὑπ.
683 1695 1016 1767 Πραίσεντος
1048 1697 1142 1750 καὶ
1173 1698 1485 1770 Γορδιανοῦ.

428 1782 504 1837 Γ.
543 1785 640 1840 ὑπ.
670 1787 916 1858 Κομόδου
943 1787 1252 1858 Αὐγούστου
1287 1790 1348 1843 τὸ
1379 1790 1428 1860 γ’
1461 1793 1555 1846 καὶ
1582 1793 1758 1866 Βήρου
1789 1796 1848 1851 τὸ
1881 1797 1947 1868 β’.

427 1874 504 1930 Δ’.
539 1877 634 1931 ὑπ.
667 1876 1018 1951 Μαμερτίνου
1047 1880 1142 1934 καὶ
1184 1880 1410 1954 Ῥούφου
1437 1884 1497 1938 τὸ
1524 1885 1593 1954 γ’.

425 1967 504 2023 E'.
541 1970 636 2025 ὑπ.
675 1973 924 2043 Κομόδου
953 1974 1261 2044 Αὐγούστου
1294 1973 1356 2030 τὸ
1385 1975 1426 2030 δ’
1453 1980 1548 2033 καὶ
1577 1979 1910 2053 Βικτορίνου.

944 2086 1100 2143 ΣΜΑ⁹
1132 2091 1505 2146 ΟΛΥΜΠΙΑΣ.

428 2167 522 2252 (τ’.
557 2176 650 2230 ὑπ.
685 2178 1005 2252 Μαρκέλλου
1039 2183 1133 2236 καὶ
1159 2183 1431 2240 Αἱλιανοῦ.

425 2265 504 2319 Z'.
542 2267 636 2322 ὑπ.
667 2270 951 2342 Ματέρνου
981 2273 1080 2326 καὶ
1110 2272 1380 2345 Βραδοῦα.

425 2351 510 2409 H'.
549 2355 642 2408 67:.
681 2357 928 2430 Κομόδου
980 2360 1294 2430 Αὐγούστου
1342 2362 1402 2416 τὸ
1434 2362 1477 2416 ε’
1515 2366 1610 2420 καὶ
1655 2366 2015 2442 Γλαϐρίωνος.

421 2444 503 2499 θ.
540 2445 635 2501 ὑπ.
670 2448 974 2520 Κρισπίνου
1013 2452 1109 2508 καὶ
1141 2454 1415 2511 Αῐλιανοῢ.

943 2567 1100 2623 ΣΜΒ¹
1132 2570 1508 2630 ΟΛΥΜΠΙΑΣ.

421 2651 480 2707 I'.
517 2654 613 2708 67:.
644 2656 978 2714 Φουσκιανοῦ
1014 2662 1107 2716 καὶ
1144 2663 1388 2718 Σιλανοῦ.

419 2743 522 2839 ΙΑΤ.
559 2747 656 2804 67:.
689 2750 935 2822 Κομόδου
975 2754 1286 2824 Αὐγούστου
1317 2759 1378 2813 τὸ
1408 2760 1462 2828 ς’
1493 2763 1586 2817 καὶ
1632 2764 2012 2839 Σεπτιμιανοῦ.

415 2836 520 2894 IB'.
557 2839 653 2894 67:.
691 2843 937 2914 Κομόδου
980 2847 1290 2917 Αὐγούστου
1334 2852 1394 2907 τὺ
1427 2851 1471 2918 ζ’
1518 2855 1614 2936 καὶ
1658 2836 2013 2932 Περτνίνακος.

490 2932 733 3004 Κόμοδος
761 2937 1022 3006 αἰφνίδιον
1059 2941 1408 3018 ἐτελεύτησεν
1433 2932 1758 3020 ἀποπνιγεὶς
1782 2954 1842 3008 ὲν
1871 2956 2018 3029 οἰκίᾳ

414 3017 711 3079 Βεοτιανοῦ
769 3031 1067 3098 συγγενοῦς
1133 3017 1306 3090 αὐτού
1353 3039 1448 3093 καὶ
1515 3017 1866 3118 Ἀτταλιανῆς
1915 3017 2017 3120 τῆς

1717 342 2215 400 CIIRONICORUM
2280 345 2410 404 LIB.
2446 348 2485 404 ι.

2055 471 2104 529 Α
2129 463 2268 522 XIV.
2298 465 2499 523 Severo
2525 482 2562 522 ιι
2595 475 2650 523 et
2677 466 3010 541 Pompeiano
3037 485 3182 529 coss.

3597 354 3703 410 502

2130 557 2246 612 XV.
2274 557 2428 613 Gallo
2457 566 2510 613 et
2533 556 2725 614 Flacco
2751 575 2896 617 coss.

2135 646 2276 704 XVI.
2301 647 2474 706 Orﬁto
2503 663 2564 704 ιιι
2604 659 2661 708 et
2691 649 2834 707 Rufo
2850 667 2994 709 coss.

2551 762 2858 820 CCXXXIX
2908 763 3274 821 OLYMPIAS.

2132 851 2296 908 XVII.
2325 851 2568 910 Pollione
2596 862 2649 910 et
2679 855 2826 924 Apro
2850 870 2998 912 coss.

2129 944 2317 1000 XVIII.
2345 945 2642 1003 Commodo
2664 954 2717 1003 et
2747 945 3006 1014 Quintillo
3029 963 3173 1006 coss.

2129 1035 2275 1091 XIX.
2305 1031 2474 1094 Orfito
2504 1053 2559 1094 ιν
2599 1047 2655 1094 et
2679 1038 2824 1096 Rufo
2852 1055 2892 1095 ιι
2920 1055 3066 1098 coss.

2199 1129 2536 1196 Antoninus,
2565 1132 2658 1203 qui
2689 1138 2742 1188 et
2784 1132 2960 1192 Verus
2990 1133 3172 1190 dictus
3203 1139 3308 1200 est,
3343 1135 3540 1192 morbo
3568 1151 3700 1192 con-

2127 1222 2368 1282 ﬂictatus
2408 1225 2463 1280 in
2493 1225 2793 1283 Pannoniis
2823 1228 2980 1296 obiit,
3005 1245 3106 1284 vm
3149 1227 3269 1285 Kal.
3302 1227 3538 1302 Apriles,
3575 1247 3699 1287 cum

2127 1316 2452 1386 imperasset
2480 1319 2640 1376 annis
2679 1332 2792 1375 xu.

2196 1407 2563 1465 Romanorum
2596 1411 2726 1484 imp.
2744 1413 2834 1467 XV
2848 1410 3177 1470 Commodus
3203 1429 3292 1470 an.
3319 1430 3419 1472 xu.

2127 1500 2169 1556 Ι.
2202 1500 2500 1559 Commodo
2525 1505 2770 1576 Augusto
2799 1523 2836 1562 ιι
2865 1515 2919 1562 et
2957 1506 3098 1562 Vero
3124 1524 3269 1566 coss.

2620 1617 2801 1674 CCXL
2831 1618 3202 1676 OLYMPIAS.

2124 1701 2190 1759 II.
2215 1703 2490 1762 Praesente
2517 1717 2570 1764 et
2610 1705 2890 1764 Gordiano
2913 1725 3060 1765 coss.

2052 1830 2096 1888 Β
2125 1796 2214 1854 III.
2247 1799 2548 1855 Commodo
2576 1800 2714 1872 Aug.
2747 1817 2806 1858 ιιι
2840 1810 2894 1857 et
2922 1801 3066 1858 Vero
3093 1819 3129 1858 ιι
3165 1818 3308 1861 coss.

2123 1889 2214 1945 IV.
2251 1890 2576 1948 Mamertino
2602 1902 2655 1949 et
2686 1892 2829 1950 Rufo
2862 1910 2922 1948 ιιι
2954 1910 3101 1951 coss.

2123 1982 2189 2036 V.
2220 1983 2520 2040 Commodo
2559 1985 2808 2057 Augusto
2838 2003 2891 2041 ιν
2924 1997 2979 2042 et
3009 1986 3296 2044 Victorino
3330 2003 3476 2047 coss.

2589 2096 2794 2154 CCXLI
2828 2098 3198 2158 OLYMI’IAS.

2121 2183 2210 2240 VI.
2243 2185 2503 2242 Marcello
2534 2194 2589 2244 et
2621 2187 2842 2244 IEliano
2879 2205 3026 2248 coss.

2120 2276 2234 2331 VII.
2268 2277 2514 2335 Materno
2549 2288 2604 2336 et
2629 2279 2845 2336 Bradua
2875 2298 3020 2340 coss.

2119 2368 2257 2426 VIII.
2287 2371 2586 2428 Commodo
2616 2371 2756 2444 Aug.
2789 2389 2824 2429 v
2847 2381 2902 2431 et
2931 2371 3202 2433 Gabrione
3235 2392 3379 2435 coss.

2119 2461 2210 2518 IX.
2236 2462 2490 2536 Crispino
2520 2473 2574 2520 et
2592 2465 2812 2522 )Eliano
2839 2483 2984 2526 coss.

2596 2578 2826 2647 CCXLI!
2854 2578 3230 2638 OLYMPIAS.

2118 2667 2189 2726 X.
2229 2668 2501 2727 Fusciano
2528 2677 2583 2727 et
2609 2670 2798 2727 Silano
2829 2688 2976 2730 coss.

2117 2760 2210 2818 XI.
2243 2761 2542 2820 Commodo
2564 2762 2703 2836 Aug.
2738 2780 2793 2821 vr
2823 2773 2876 2821 et
2898 2765 3236 2838 Septimiano
3265 2783 3409 2827 coss.

2118 2853 2236 2910 XII.
2259 2854 2560 2911 Commodo
2583 2855 2724 2927 Aug.
2757 2872 2832 2910 vn
2864 2863 2917 2911 et
2950 2856 3236 2916 Pertinace
3269 2875 3421 2920 coss.

2188 2942 2520 3004 Commodus
2541 2954 2765 3018 repente
2790 2948 2997 3005 interiit
3031 2950 3328 3008 suﬂ‘ocatus
3358 2954 3412 3007 in
3442 2951 3558 3011 aede
3585 2948 3692 3011 Ye-

2118 3039 2286 3096 stiani
2314 3039 2492 3097 aIIinis
2521 3041 2605 3097 sui
2625 3047 2679 3096 et
2699 3040 2988 3098 Attalianae
3002 3041 3218 3100 femina:
3244 3047 3552 3104 consularis
3579 3046 3691 3104 Ro-

415 3115 726 3235 ὑπὲτίσῗης
751 3121 826 3235 ὲν,
853 3119 1042 3199 Ῥώμῃ
1093 3128 1200 3200 πρὸ
1229 3127 1278 3183 α’
1323 3131 1599 3189 καλανδῶν
1660 3115 2005 3213 ίανουαρίων,

2116 3146 2249 3199 mae,
2302 3132 2479 3204 pridie
2533 3132 2762 3190 Kalend.
2799 3130 3123 3203 Ianuarias,
3179 3151 3308 3192 cum
3356 3137 3678 3210 imperasset

413 3207 587 3279 ἄρξας
627 3211 724 3284 ἔτη
758 3212 845 3270 ιϐ’.

495 3299 784 3398 Ῥιομαίων
833 3306 908 3373 ις’
944 3308 1291 3370 ἐϐασίλευσεν
1327 3317 1555 3384 Λούκιος
1591 3321 1858 3396 Περτίναξ
1900 3325 2006 3398 μῆ-

412 3408 513 3456 νας
547 3393 614 3464 β’.

482 3485 775 3582 Πεξτίναξ,
823 3492 853 3545 6
891 3494 986 3549 καὶ
1017 3495 1266 3565 Λούκιος,
1308 3503 1521 3578 ἐσφάγη
1554 3507 1658 3561 ὑπὸ
1690 3508 1797 3563 τῶν
1841 3527 2005 3582 στρα-

408 3578 640 3675 τιωτῷν,
672 3581 750 3646 ὡς
778 3583 1054 3658 ἐξέρχεται
1079 3591 1186 3646 ἀπὸ
1212 3591 1306 3646 τοῦ
1338 3594 1598 3652 παλατίω
1619 3601 1698 3665 είς
1724 3600 1815 3655 τὸν
1843 3578 2003 3675 Μᾶρν

404 3686 527 3729 1ιιςιον
552 3673 630 3731 ὢν
652 3675 790 3734 ἐτῶν
816 3676 882 3738 o'.

495 3771 783 3844 Ῥωμαίων
823 3774 888 3841 ιζ’
918 3777 1266 3838 ἐϐασίλευσεν
1300 3785 1474 3850 Δίδιος
1512 3787 1816 3854 Ἰουλιανὸς,
1851 3791 1879 3844 6
1909 3789 2002 3844 καὶ

411 3861 642 3928 Σίλϐιος,
677 3867 854 3938 μῆνας
886 3868 950 3935 ζ’.

409 3953 490 4009 Α’.
525 3956 618 4010 ὑπ.
656 3957 901 4013 Φλάκκου
931 3962 1026 4015 καὶ
1056 3963 1292 4036 Κλάρου.

484 4045 596 4099 Καὶ
639 4041 793 4113 οὗτος
840 4051 868 4103 ὁ
894 4051 1066 4117 Δίδιος
1108 4055 1322 4128 ἐσφάγη
1373 4058 1478 4112 ὑπὸ
1531 4058 1994 4136 κουϐικουλαρίου,

408 4139 492 4202 είς
523 4139 622 4212 τὴν
650 4141 834 4213 πηγὴν
861 4142 954 4196 τοῦ
989 4146 1270 4213 παλατίου,
1316 4149 1537 4224 Ῥώμης
1567 4153 1694 4220 ἔσω,
1725 4154 1801 4220 ὡς
1826 4173 1996 4230 προσ-

408 4230 525 4302 έχει
555 4233 669 4297 τοῖς
703 4232 930 4304 ἰχθύσιν,
964 4236 1030 4290 ὲκ
1077 4240 1345 4313 συπευῆς
1391 4243 1498 4297 τῶν
1544 4246 1660 4316 μετ’
1701 4247 1886 4316 αὐτοῦ,
1920 4247 1996 4302 ὣν

409 4323 548 4377 ἐτῶν
575 4322 637 4391 ξ’.

492 4389 778 4488 Ῥῴμαίων
811 4417 876 4491 ιη’
909 4389 1254 4476 ἐϐασίλευσεν
1299 4422 1526 4490 Λούκιος
1569 4428 1859 4500 Σεπτίμιος
1895 4431 1994 4484 Σεα

2113 3239 2272 3280 annis
2299 3239 2404 3283 ιιι.

2181 3313 2554 3373 Romanorum
2580 3317 2987 3390 imperat.XVl,
3025 3316 3228 3376 Lucius
3245 3314 3500 3376 Pertinax
3531 3333 3686 3376 men-

2111 3406 2264 3465 sibus
2287 3424 2350 3465 ιι.

2181 3498 2462 3568 Pertinax,
2493 3500 2590 3574 qui
2621 3511 2676 3559 et
2695 3498 2899 3561 Lucius
2924 3499 3124 3572 dictus,
3160 3519 3193 3560 a
3222 3504 3491 3562 militibus
3514 3507 3684 3561 inter--

2109 3591 2288 3650 fectus
2321 3603 2424 3660 est,
2443 3594 2573 3650 dum
2591 3611 2657 3652 ex
2680 3596 2882 3666 palatio
2905 3595 2962 3651 in
2990 3611 3244 3670 campum
3272 3598 3526 3655 Martium
3555 3615 3683 3670 pro-

2108 3685 2391 3756 ﬁciscitur,
2427 3702 2556 3743 ann.
2583 3697 2746 3747 natus
2774 3707 2902 3749 ιιι.

2179 3781 2550 3841 Romanorum
2583 3785 2836 3858 imperat.
2868 3783 3028 3851 XVII,
3061 3785 3251 3843 Didius
3284 3786 3556 3855 Julianus,
3583 3788 3679 3861 qui

2105 3883 2160 3932 et
2194 3875 2397 3933 Silvius
2428 3878 2503 3950 (I)
2539 3879 2741 3945 dictus,
2771 3879 3053 3937 mensibus
3088 3896 3184 3936 vu.

2106 3968 2146 4023 Ι.
2178 3966 2372 4026 Flacco
2394 3977 2449 4025 et
2477 3970 2638 4028 Claro
2657 3986 2804 4028 coss.

2176 4059 2438 4118 Similiter
2464 4071 2519 4119 et
2559 4063 2649 4119 hic
2685 4063 2875 4121 Didius
2914 4079 2947 4120 a
2976 4062 3336 4132 cubiculario,
3383 4080 3482 4136 per
3505 4065 3678 4122 comi-

2105 4160 2222 4208 tum
2273 4153 2505 4211 insidias
2564 4155 2886 4213 interfectus
2943 4163 3028 4213 est
3075 4155 3143 4212 ad
3195 4156 3401 4213 fontem
3457 4157 3672 4226 Palatii,

2102 4243 2309 4313 Romae,
2335 4246 2464 4302 dum
2494 4247 2739 4318 piscibus
2762 4249 3014 4318 intendit,
3045 4266 3218 4308 annos
3249 4255 3413 4307 natus
3441 4267 3530 4307 1.x.

2170 4428 2540 4489 Romanorum
2566 4433 2865 4506 imperator
2891 4430 3079 4503 XVIII,
3123 4434 3327 4494 Lucius
3376 4434 3672 4508 Septimius

407 4508 612 4581 ϐἧρος,
668 4511 777 4565 ἀπὸ
851 4514 950 4585 τῆς
1018 4517 1323 4589 συγκλήτου
1385 4518 1602 4593 Ῥώμης
1667 4521 1992 4594 ψηφισθεὶς,

2114 4519 2338 4578 Severus
2361 4538 2391 4578 a
2419 4522 2668 4580 Romano
2699 4535 2895 4582 senatu
2928 4529 3156 4595 electus,
3188 4529 3347 4585 annis
3375 4545 3491 4584 ιιι.

406 4601 503 4674 ἔτη
528 4599 614 4658 ιϐ’.

923 4721 1074 4775 ΣΜιν
1107 4724 1482 4779 ΟΛΥΜΠΙΑΣ.
1577 4783 1584 4794 ,

398 4801 482 4860 A'.
523 4809 616 4862 67:.
651 4809 888 4884 Σεϐήρου
919 4812 1227 4881 Αὐγούστου
1263 4817 1354 4869 καὶ
1387 4795 1632 4874 Σαϐίνου.

401 4897 480 4951 B’.
515 4900 609 4955 67:.
643 4902 943 4972 Τερτύλλου
972 4905 1066 4957 καὶ
1096 4906 1430 4978 Κλήμεντος.

398 4989 477 5045 Γ.
508 4992 603 5047 ὑπ.
634 4993 862 5065 Δέξτρου
894 4996 988 5049 καί
1016 4997 1279 5069 Πρίσκου.

397 5081 476 5139 Δ’.
510 5083 605 5140 67:.
647 5087 960 5159 Λατεράνου
990 5089 1084 5143 καὶ
1119 5090 1422 5162 Ῥουφίνου.

919 5202 1072 5258 ΣΜΔ³
1105 5207 1478 5262 ΟΛΥΜΠΙΑΣ.

393 5309 474 5365 Ε¹.
507 5313 606 5368 ὑπ.
641 5314 961 5388 Σατορνίνου
993 5319 1088 5372 καὶ
1115 5320 1338 5377 Γάλλου.

393 5401 490 5471 ς’.
523 5405 620 5459 ὑπ.
670 5405 1001 5464 Ἀνουλλίνου
1031 5411 1126 5464 καὶ
1148 5413 1479 5485 Φρόντωνος.

391 5493 468 5549 Ζ’.
503 5497 600 5552 67:.
636 5498 874 5571 Σεϐήρου
905 5501 1216 5572 Αὐγούστου
1245 5506 1305 5559 τὸ
1335 5507 1380 5579 β’
1414 5509 1510 5565 καὶ
1543 5510 1873 5585 Βικτορίνου,

389 5586 472 5643 H'.
508 5591 607 5646 67:.
642 5591 931 5648 Μωκιανοῦ
965 5597 1058 5651 καὶ
1081 5597 1368 5656 Φαϐιανοῦ.

462 5800 544 5865 (I)
561 5799 673 5858 ὀἷο
703 5803 940 5860 Salvius.

2551 4722 2802 4782 CCXLIII
2836 4727 3208 4806 QLYMPIAS.

2094 4813 2136 4868 Ι.
2172 4813 2375 4871 Severo
2396 4815 2643 4890 Augusto
2684 4829 2738 4875 et
2770 4821 2971 4877 Sabino
2994 4838 3140 4880 coss.

2092 4902 2158 4960 Il.
2193 4905 2436 4964 Tertullo
2460 4918 2515 4964 et
2544 4908 2822 4968 Clemente
2851 4928 2996 4970 coss.

2091 4993 2180 5054 IlI.
2211 4996 2414 5055 Dextro
2439 5008 2491 5056 et
2514 5001 2704 5058 Prisco
2727 5019 2870 5060 coss.

2089 5085 2180 5144 IV.
2214 5089 2481 5148 Laterano
2513 5102 2567 5150 et
2602 5094 2799 5152 Bulino
2826 5114 2971 5154 coss.

2545 5207 2794 5264 CCXLIV
2832 5210 3199 5270 OLYMPIAS.

2092 5319 2153 5374 V.
2190 5319 2488 5378 Saturnino
2517 5332 2572 5380 et
2597 5324 2752 5380 Gallo
2785 5343 2932 5384 coss.

2087 5408 2175 5466 VI.
2200 5412 2458 5468 Anullino
2488 5421 2542 5468 et
2572 5413 2847 5471 Frontone
2876 5433 3024 5472 coss.

2086 5501 2198 5557 VII.
2229 5502 2431 5560 Severo
2451 5505 2700 5577 Augusto
2725 5523 2763 5560 ιι
2801 5515 2856 5563 et
2885 5507 3168 5567 Victorino
3193 5527 3341 5570 coss.
3373 5567 3377 5570 .

2085 5598 2224 5655 VIII.
2252 5598 2504 5657 Muciano
2535 5607 2590 5657 et
2619 5599 2874 5674 “Fabiano
2903 5617 3050 5660 coss.
