  <div class='ocr_page' id='page_1' title='image "/cluster/home/n/w/nwhite01/storage/ocr_20150623/19/nnc1.0037127454/162.png"; bbox 0 0 4106 6388; ppageno 0'>
   <div class='ocr_carea' id='block_1_1' title="bbox 475 413 582 470">
    <p class='ocr_par' dir='ltr' id='par_1_1' title="bbox 475 413 582 470">
     <span class='ocr_line' id='line_1_1' title="bbox 475 413 582 470; baseline -0.019 0"><span class='ocrx_word' id='word_1_1' title='bbox 475 413 582 470; x_wconf 76' lang='lat'><strong>305</strong></span> 
     </span>
    </p>
   </div>
   <div class='ocr_carea' id='block_1_2' title="bbox 475 528 1616 619">
    <p class='ocr_par' dir='ltr' id='par_1_2' title="bbox 475 528 1616 619">
     <span class='ocr_line' id='line_1_2' title="bbox 475 528 1616 619; baseline 0.022 -39"><span class='ocrx_word' id='word_1_2' title='bbox 475 528 550 583; x_wconf 87' lang='lat' dir='ltr'><strong>Z’.</strong></span> <span class='ocrx_word' id='word_1_3' title='bbox 585 529 678 583; x_wconf 87' lang='grc' dir='ltr'><strong>ὑπ.</strong></span> <span class='ocrx_word' id='word_1_4' title='bbox 718 532 1068 607; x_wconf 75' lang='grc' dir='ltr'>Πομπηῖανοῦ</span> <span class='ocrx_word' id='word_1_5' title='bbox 1105 541 1196 595; x_wconf 78' lang='grc' dir='ltr'>καὶ</span> <span class='ocrx_word' id='word_1_6' title='bbox 1229 544 1616 619; x_wconf 83' lang='grc' dir='ltr'>Πελεγμιανοῦ.</span> 
     </span>
    </p>
   </div>
   <div class='ocr_carea' id='block_1_3' title="bbox 472 620 1570 710">
    <p class='ocr_par' dir='ltr' id='par_1_3' title="bbox 472 620 1570 710">
     <span class='ocr_line' id='line_1_3' title="bbox 472 620 1570 710; baseline 0.022 -39"><span class='ocrx_word' id='word_1_7' title='bbox 472 620 555 688; x_wconf 85' lang='grc' dir='ltr'><strong>Η’.</strong></span> <span class='ocrx_word' id='word_1_8' title='bbox 595 622 691 675; x_wconf 89' lang='grc' dir='ltr'><strong>ὑπ.</strong></span> <span class='ocrx_word' id='word_1_9' title='bbox 728 625 984 682; x_wconf 80' lang='grc' dir='ltr'><strong>Λούππου</strong></span> <span class='ocrx_word' id='word_1_10' title='bbox 1021 633 1114 685; x_wconf 80' lang='grc' dir='ltr'><strong>καὶ</strong></span> <span class='ocrx_word' id='word_1_11' title='bbox 1136 635 1386 706; x_wconf 81' lang='grc' dir='ltr'><strong>Μαξίμου</strong></span> <span class='ocrx_word' id='word_1_12' title='bbox 1413 640 1472 693; x_wconf 87' lang='grc' dir='ltr'>τὸ</span> <span class='ocrx_word' id='word_1_13' title='bbox 1502 649 1570 710; x_wconf 89' lang='grc' dir='ltr'><strong>γ’.</strong></span> 
     </span>
    </p>
   </div>
   <div class='ocr_carea' id='block_1_4' title="bbox 469 711 1576 803">
    <p class='ocr_par' dir='ltr' id='par_1_4' title="bbox 469 711 1576 803">
     <span class='ocr_line' id='line_1_4' title="bbox 469 711 1576 803; baseline 0.021 -39"><span class='ocrx_word' id='word_1_14' title='bbox 469 711 544 766; x_wconf 82' lang='grc' dir='ltr'><strong>Θ’.</strong></span> <span class='ocrx_word' id='word_1_15' title='bbox 575 714 670 768; x_wconf 87' lang='grc' dir='ltr'><strong>ὑπ.</strong></span> <span class='ocrx_word' id='word_1_16' title='bbox 704 716 954 790; x_wconf 82' lang='grc' dir='ltr'>Μαξίμου</span> <span class='ocrx_word' id='word_1_17' title='bbox 986 722 1048 775; x_wconf 86' lang='grc' dir='ltr'>τὸ</span> <span class='ocrx_word' id='word_1_18' title='bbox 1072 723 1114 777; x_wconf 85' lang='grc' dir='ltr'><strong>δ’</strong></span> <span class='ocrx_word' id='word_1_19' title='bbox 1142 728 1234 780; x_wconf 80' lang='grc' dir='ltr'><strong>καὶ</strong></span> <span class='ocrx_word' id='word_1_20' title='bbox 1266 730 1576 803; x_wconf 57' lang='grc' dir='ltr'>Πατερνοῦ.</span> 
     </span>
    </p>
   </div>
   <div class='ocr_carea' id='block_1_5' title="bbox 963 834 1525 894">
    <p class='ocr_par' dir='ltr' id='par_1_5' title="bbox 963 834 1525 894">
     <span class='ocr_line' id='line_1_5' title="bbox 963 834 1525 894; baseline 0.02 -11"><span class='ocrx_word' id='word_1_21' title='bbox 963 834 1106 885; x_wconf 70' lang='grc' dir='ltr'><strong>ΣΝΓν</strong></span> <span class='ocrx_word' id='word_1_22' title='bbox 1148 838 1235 890; x_wconf 83' lang='grc' dir='ltr'><strong>ΟΛ</strong></span> <span class='ocrx_word' id='word_1_23' title='bbox 1244 839 1525 894; x_wconf 86' lang='grc' dir='ltr'>ΥΜΠΙΑΣ.</span> 
     </span>
    </p>
   </div>
   <div class='ocr_carea' id='block_1_6' title="bbox 465 915 1561 1001">
    <p class='ocr_par' dir='ltr' id='par_1_6' title="bbox 465 915 1561 1001">
     <span class='ocr_line' id='line_1_6' title="bbox 465 915 1561 1001; baseline 0.02 -36"><span class='ocrx_word' id='word_1_24' title='bbox 465 915 523 966; x_wconf 73' lang='grc' dir='ltr'>ι’.</span> <span class='ocrx_word' id='word_1_25' title='bbox 567 915 662 969; x_wconf 87' lang='grc' dir='ltr'><strong>ὑπ.</strong></span> <span class='ocrx_word' id='word_1_26' title='bbox 698 916 948 991; x_wconf 83' lang='grc' dir='ltr'><strong>Μαξίμου</strong></span> <span class='ocrx_word' id='word_1_27' title='bbox 982 925 1044 978; x_wconf 84' lang='grc' dir='ltr'>τὸ</span> <span class='ocrx_word' id='word_1_28' title='bbox 1068 932 1108 978; x_wconf 84' lang='grc' dir='ltr'>ε’</span> <span class='ocrx_word' id='word_1_29' title='bbox 1137 929 1232 980; x_wconf 53' lang='grc' dir='ltr'><strong>καὶ⁸</strong></span> <span class='ocrx_word' id='word_1_30' title='bbox 1265 931 1561 1001; x_wconf 86' lang='grc' dir='ltr'>Οὑρϐανοῦ.</span> 
     </span>
    </p>
   </div>
   <div class='ocr_carea' id='block_1_7' title="bbox 463 1009 1432 1085">
    <p class='ocr_par' dir='ltr' id='par_1_7' title="bbox 463 1009 1432 1085">
     <span class='ocr_line' id='line_1_7' title="bbox 463 1009 1432 1085; baseline 0.019 -25"><span class='ocrx_word' id='word_1_31' title='bbox 463 1009 565 1062; x_wconf 84' lang='lat' dir='ltr'><strong>IA&#39;.</strong></span> <span class='ocrx_word' id='word_1_32' title='bbox 599 1011 694 1064; x_wconf 90' lang='grc' dir='ltr'><strong>ὑπ.</strong></span> <span class='ocrx_word' id='word_1_33' title='bbox 725 1013 861 1085; x_wconf 83' lang='grc' dir='ltr'>Σεϐή</span> <span class='ocrx_word' id='word_1_34' title='bbox 873 1032 966 1085; x_wconf 88' lang='grc' dir='ltr'><strong>ρου</strong></span> <span class='ocrx_word' id='word_1_35' title='bbox 993 1018 1088 1072; x_wconf 74' lang='grc' dir='ltr'><strong>καὶ</strong></span> <span class='ocrx_word' id='word_1_36' title='bbox 1113 1021 1432 1078; x_wconf 86' lang='grc' dir='ltr'>Κυντιανοῦ.</span> 
     </span>
    </p>
   </div>
   <div class='ocr_carea' id='block_1_8' title="bbox 462 1095 1661 1186">
    <p class='ocr_par' dir='ltr' id='par_1_8' title="bbox 462 1095 1661 1186">
     <span class='ocr_line' id='line_1_8' title="bbox 462 1095 1661 1186; baseline 0.021 -41"><span class='ocrx_word' id='word_1_37' title='bbox 462 1095 563 1148; x_wconf 84' lang='grc' dir='ltr'><strong>ΙΒ’.</strong></span> <span class='ocrx_word' id='word_1_38' title='bbox 592 1096 686 1150; x_wconf 88' lang='grc' dir='ltr'><strong>ὑπ.</strong></span> <span class='ocrx_word' id='word_1_39' title='bbox 715 1099 967 1172; x_wconf 76' lang='grc' dir='ltr'><strong>Μαξίμου</strong></span> <span class='ocrx_word' id='word_1_40' title='bbox 995 1105 1055 1159; x_wconf 83' lang='grc' dir='ltr'>τὸ</span> <span class='ocrx_word' id='word_1_41' title='bbox 1081 1114 1134 1171; x_wconf 82' lang='grc' dir='ltr'><strong>ς’</strong></span> <span class='ocrx_word' id='word_1_42' title='bbox 1167 1109 1262 1162; x_wconf 77' lang='grc' dir='ltr'><strong>καὶ</strong></span> <span class='ocrx_word' id='word_1_43' title='bbox 1301 1111 1661 1186; x_wconf 43' lang='grc' dir='ltr'>Ἀφρικανοῦ.</span> 
     </span>
    </p>
   </div>
   <div class='ocr_carea' id='block_1_9' title="bbox 458 1185 1635 1274">
    <p class='ocr_par' dir='ltr' id='par_1_9' title="bbox 458 1185 1635 1274">
     <span class='ocr_line' id='line_1_9' title="bbox 458 1185 1635 1274; baseline 0.022 -38"><span class='ocrx_word' id='word_1_44' title='bbox 458 1185 558 1238; x_wconf 83' lang='grc' dir='ltr'><strong>ΙΓ¹.</strong></span> <span class='ocrx_word' id='word_1_45' title='bbox 596 1187 692 1241; x_wconf 97' lang='grc' dir='ltr'><strong>ὑπ.</strong></span> <span class='ocrx_word' id='word_1_46' title='bbox 724 1189 1006 1262; x_wconf 82' lang='grc' dir='ltr'>Περπὲτου</span> <span class='ocrx_word' id='word_1_47' title='bbox 1036 1197 1129 1250; x_wconf 76' lang='grc' dir='ltr'><strong>καὶ</strong></span> <span class='ocrx_word' id='word_1_48' title='bbox 1155 1185 1476 1274; x_wconf 85' lang='grc' dir='ltr'>Κορνηλίου.</span> <span class='ocrx_word' id='word_1_49' title='bbox 1625 1199 1635 1208; x_wconf 79' lang='grc'><em>’</em></span> 
     </span>
    </p>
   </div>
   <div class='ocr_carea' id='block_1_10' title="bbox 540 1279 2032 1371">
    <p class='ocr_par' dir='ltr' id='par_1_10' title="bbox 540 1279 2032 1371">
     <span class='ocr_line' id='line_1_10' title="bbox 540 1279 2032 1371; baseline 0.018 -40"><span class='ocrx_word' id='word_1_50' title='bbox 540 1279 663 1332; x_wconf 77' lang='grc' dir='ltr'>Ἐπὶ</span> <span class='ocrx_word' id='word_1_51' title='bbox 683 1282 792 1336; x_wconf 83' lang='grc' dir='ltr'>τῶν</span> <span class='ocrx_word' id='word_1_52' title='bbox 845 1289 1216 1360; x_wconf 81' lang='grc' dir='ltr'><strong>προκειμένων</strong></span> <span class='ocrx_word' id='word_1_53' title='bbox 1262 1294 1481 1349; x_wconf 80' lang='grc' dir='ltr'>ὑπάτων</span> <span class='ocrx_word' id='word_1_54' title='bbox 1534 1299 1748 1371; x_wconf 77' lang='grc' dir='ltr'><strong>ἐσφάγη</strong></span> <span class='ocrx_word' id='word_1_55' title='bbox 1793 1302 1898 1354; x_wconf 86' lang='grc' dir='ltr'>ὑπὸ</span> <span class='ocrx_word' id='word_1_56' title='bbox 1940 1305 2032 1358; x_wconf 87' lang='grc' dir='ltr'><strong>τοῦ</strong></span> 
     </span>
    </p>
   </div>
   <div class='ocr_carea' id='block_1_11' title="bbox 457 1370 2033 1451">
    <p class='ocr_par' dir='ltr' id='par_1_11' title="bbox 457 1370 2033 1451">
     <span class='ocr_line' id='line_1_11' title="bbox 457 1370 2033 1451; baseline 0.019 -31"><span class='ocrx_word' id='word_1_57' title='bbox 457 1370 688 1440; x_wconf 88' lang='grc' dir='ltr'>στρατοῦ</span> <span class='ocrx_word' id='word_1_58' title='bbox 736 1373 1078 1448; x_wconf 81' lang='grc' dir='ltr'>Ἀλέξανδρος</span> <span class='ocrx_word' id='word_1_59' title='bbox 1117 1380 1442 1450; x_wconf 90' lang='grc' dir='ltr'>Αὔγουστος,</span> <span class='ocrx_word' id='word_1_60' title='bbox 1485 1387 1559 1451; x_wconf 84' lang='grc' dir='ltr'><strong>ὡς</strong></span> <span class='ocrx_word' id='word_1_61' title='bbox 1601 1370 1747 1444; x_wconf 76' lang='grc' dir='ltr'>ἔστιν</span> <span class='ocrx_word' id='word_1_62' title='bbox 1795 1394 1899 1447; x_wconf 87' lang='grc' dir='ltr'>ὑπὸ</span> <span class='ocrx_word' id='word_1_63' title='bbox 1942 1396 2033 1450; x_wconf 83' lang='grc' dir='ltr'><strong>τὸν</strong></span> 
     </span>
    </p>
   </div>
   <div class='ocr_carea' id='block_1_12' title="bbox 454 1463 2032 1557">
    <p class='ocr_par' dir='ltr' id='par_1_12' title="bbox 454 1463 2032 1557">
     <span class='ocr_line' id='line_1_12' title="bbox 454 1463 2032 1557; baseline 0.018 -45"><span class='ocrx_word' id='word_1_64' title='bbox 454 1463 783 1518; x_wconf 81' lang='grc' dir='ltr'>παπυλεῶνα</span> <span class='ocrx_word' id='word_1_65' title='bbox 829 1468 994 1521; x_wconf 86' lang='grc' dir='ltr'>αὑτοῦ</span> <span class='ocrx_word' id='word_1_66' title='bbox 1050 1473 1107 1524; x_wconf 85' lang='grc' dir='ltr'>ὲν</span> <span class='ocrx_word' id='word_1_67' title='bbox 1149 1473 1524 1548; x_wconf 82' lang='grc' dir='ltr'>Μογοντιακῴ,</span> <span class='ocrx_word' id='word_1_68' title='bbox 1557 1479 1630 1532; x_wconf 83' lang='grc' dir='ltr'>ὢν</span> <span class='ocrx_word' id='word_1_69' title='bbox 1668 1482 1802 1536; x_wconf 84' lang='grc' dir='ltr'>ἑτῶν</span> <span class='ocrx_word' id='word_1_70' title='bbox 1831 1485 1902 1537; x_wconf 81' lang='grc' dir='ltr'>λ”</span> <span class='ocrx_word' id='word_1_71' title='bbox 1933 1487 2032 1557; x_wconf 83' lang='grc' dir='ltr'>τὴν</span> 
     </span>
    </p>
   </div>
   <div class='ocr_carea' id='block_1_13' title="bbox 450 1551 2030 1640">
    <p class='ocr_par' dir='ltr' id='par_1_13' title="bbox 450 1551 2030 1640">
     <span class='ocr_line' id='line_1_13' title="bbox 450 1551 2030 1640; baseline 0.018 -37"><span class='ocrx_word' id='word_1_72' title='bbox 450 1551 508 1604; x_wconf 84' lang='grc' dir='ltr'><strong>δὲ</strong></span> <span class='ocrx_word' id='word_1_73' title='bbox 536 1553 746 1626; x_wconf 80' lang='grc' dir='ltr'>μητέρα</span> <span class='ocrx_word' id='word_1_74' title='bbox 772 1556 934 1611; x_wconf 89' lang='grc' dir='ltr'>αὑτοῦ</span> <span class='ocrx_word' id='word_1_75' title='bbox 961 1561 1285 1632; x_wconf 87' lang='grc' dir='ltr'>Μαμμαίαν,</span> <span class='ocrx_word' id='word_1_76' title='bbox 1316 1560 1480 1622; x_wconf 83' lang='grc' dir='ltr'>οὖσαν</span> <span class='ocrx_word' id='word_1_77' title='bbox 1515 1571 1630 1640; x_wconf 86' lang='grc' dir='ltr'>μετ’</span> <span class='ocrx_word' id='word_1_78' title='bbox 1659 1573 1844 1640; x_wconf 86' lang='grc' dir='ltr'>αὑτοῦ,</span> <span class='ocrx_word' id='word_1_79' title='bbox 1878 1577 2030 1631; x_wconf 80' lang='grc' dir='ltr'>ἔπνι-</span> 
     </span>
    </p>
   </div>
   <div class='ocr_carea' id='block_1_14' title="bbox 451 1641 1614 1720">
    <p class='ocr_par' dir='ltr' id='par_1_14' title="bbox 451 1641 1614 1720">
     <span class='ocr_line' id='line_1_14' title="bbox 451 1641 1614 1720; baseline 0.019 -26"><span class='ocrx_word' id='word_1_80' title='bbox 451 1641 550 1710; x_wconf 82' lang='grc' dir='ltr'><strong>ξαν</strong></span> <span class='ocrx_word' id='word_1_81' title='bbox 577 1645 634 1698; x_wconf 83' lang='grc' dir='ltr'>ἐν</span> <span class='ocrx_word' id='word_1_82' title='bbox 662 1649 876 1720; x_wconf 83' lang='grc' dir='ltr'>σχοινίῳ</span> <span class='ocrx_word' id='word_1_83' title='bbox 901 1653 981 1715; x_wconf 83' lang='grc' dir='ltr'><strong>είς</strong></span> <span class='ocrx_word' id='word_1_84' title='bbox 1004 1654 1094 1708; x_wconf 81' lang='grc' dir='ltr'>τὸν</span> <span class='ocrx_word' id='word_1_85' title='bbox 1131 1656 1456 1712; x_wconf 84' lang='grc' dir='ltr'>παπυλεῶνα</span> <span class='ocrx_word' id='word_1_86' title='bbox 1489 1661 1614 1716; x_wconf 79' lang='grc' dir='ltr'>ἔσω.</span> 
     </span>
    </p>
   </div>
   <div class='ocr_carea' id='block_1_15' title="bbox 531 1735 2027 1828">
    <p class='ocr_par' dir='ltr' id='par_1_15' title="bbox 531 1735 2027 1828">
     <span class='ocr_line' id='line_1_15' title="bbox 531 1735 2027 1828; baseline 0.019 -42"><span class='ocrx_word' id='word_1_87' title='bbox 531 1735 816 1808; x_wconf 86' lang='grc' dir='ltr'>Ῥωμαίων</span> <span class='ocrx_word' id='word_1_88' title='bbox 855 1748 940 1810; x_wconf 84' lang='grc' dir='ltr'>κγ’</span> <span class='ocrx_word' id='word_1_89' title='bbox 976 1744 1324 1802; x_wconf 80' lang='grc' dir='ltr'>ἐϐασίλευσεν</span> <span class='ocrx_word' id='word_1_90' title='bbox 1369 1752 1694 1826; x_wconf 81' lang='grc' dir='ltr'>Μαξιμῖνος,</span> <span class='ocrx_word' id='word_1_91' title='bbox 1727 1757 2027 1828; x_wconf 73' lang='grc' dir='ltr'><strong>Αὔγουστος</strong></span> 
     </span>
    </p>
   </div>
   <div class='ocr_carea' id='block_1_16' title="bbox 444 1824 1482 1914">
    <p class='ocr_par' dir='ltr' id='par_1_16' title="bbox 444 1824 1482 1914">
     <span class='ocr_line' id='line_1_16' title="bbox 444 1824 1482 1914; baseline 0.018 -37"><span class='ocrx_word' id='word_1_92' title='bbox 444 1824 829 1900; x_wconf 81' lang='grc' dir='ltr'>ἀναγορευθεὶς</span> <span class='ocrx_word' id='word_1_93' title='bbox 858 1834 967 1888; x_wconf 83' lang='grc' dir='ltr'><strong>ἀπὸ</strong></span> <span class='ocrx_word' id='word_1_94' title='bbox 998 1838 1251 1908; x_wconf 87' lang='grc' dir='ltr'>στρατοῦ,</span> <span class='ocrx_word' id='word_1_95' title='bbox 1287 1840 1380 1914; x_wconf 78' lang='grc' dir='ltr'><strong>ἔτη</strong></span> <span class='ocrx_word' id='word_1_96' title='bbox 1414 1851 1482 1913; x_wconf 85' lang='grc' dir='ltr'>γ’.</span> 
     </span>
    </p>
   </div>
   <div class='ocr_carea' id='block_1_17' title="bbox 937 1949 1529 2012">
    <p class='ocr_par' dir='ltr' id='par_1_17' title="bbox 937 1949 1529 2012">
     <span class='ocr_line' id='line_1_17' title="bbox 937 1949 1529 2012; baseline 0.02 -12"><span class='ocrx_word' id='word_1_97' title='bbox 937 1949 1078 2003; x_wconf 80' lang='grc' dir='ltr'><strong>ΣΝΔ¹</strong></span> <span class='ocrx_word' id='word_1_98' title='bbox 1129 1953 1529 2012; x_wconf 84' lang='grc' dir='ltr'>ὈΛΥΜΠΙΑΣ.</span> 
     </span>
    </p>
   </div>
   <div class='ocr_carea' id='block_1_18' title="bbox 440 2031 1414 2100">
    <p class='ocr_par' dir='ltr' id='par_1_18' title="bbox 440 2031 1414 2100">
     <span class='ocr_line' id='line_1_18' title="bbox 440 2031 1414 2100; baseline 0.017 -17"><span class='ocrx_word' id='word_1_99' title='bbox 440 2031 519 2099; x_wconf 76' lang='lat' dir='ltr'><strong>A&#39;.</strong></span> <span class='ocrx_word' id='word_1_100' title='bbox 557 2031 652 2088; x_wconf 90' lang='grc' dir='ltr'><strong>ὑπ.</strong></span> <span class='ocrx_word' id='word_1_101' title='bbox 685 2035 977 2091; x_wconf 85' lang='grc' dir='ltr'>Οὑλπικίου</span> <span class='ocrx_word' id='word_1_102' title='bbox 1005 2042 1061 2092; x_wconf 86' lang='grc' dir='ltr'><strong>ὲν</strong></span> <span class='ocrx_word' id='word_1_103' title='bbox 1095 2043 1414 2100; x_wconf 75' lang='grc' dir='ltr'><strong>Ποντιανοῦ.</strong></span> 
     </span>
    </p>
   </div>
   <div class='ocr_carea' id='block_1_19' title="bbox 439 2122 1353 2198">
    <p class='ocr_par' dir='ltr' id='par_1_19' title="bbox 439 2122 1353 2198">
     <span class='ocr_line' id='line_1_19' title="bbox 439 2122 1353 2198; baseline 0.019 -24"><span class='ocrx_word' id='word_1_104' title='bbox 439 2122 516 2177; x_wconf 91' lang='lat' dir='ltr'><strong>B&#39;.</strong></span> <span class='ocrx_word' id='word_1_105' title='bbox 553 2124 648 2181; x_wconf 90' lang='grc' dir='ltr'><strong>ὑπ.</strong></span> <span class='ocrx_word' id='word_1_106' title='bbox 679 2125 960 2198; x_wconf 83' lang='grc' dir='ltr'>Γορδιανοῦ</span> <span class='ocrx_word' id='word_1_107' title='bbox 991 2133 1084 2185; x_wconf 72' lang='grc' dir='ltr'>καὶ</span> <span class='ocrx_word' id='word_1_108' title='bbox 1120 2135 1353 2192; x_wconf 84' lang='grc' dir='ltr'>Ἀϐιολά.</span> 
     </span>
    </p>
   </div>
   <div class='ocr_carea' id='block_1_20' title="bbox 437 2213 1436 2284">
    <p class='ocr_par' dir='ltr' id='par_1_20' title="bbox 437 2213 1436 2284">
     <span class='ocr_line' id='line_1_20' title="bbox 437 2213 1436 2284; baseline 0.018 -18"><span class='ocrx_word' id='word_1_109' title='bbox 437 2213 479 2265; x_wconf 87' lang='grc' dir='ltr'><strong>Γ</strong></span> <span class='ocrx_word' id='word_1_110' title='bbox 479 2221 512 2269; x_wconf 85' lang='grc'>’.</span> <span class='ocrx_word' id='word_1_111' title='bbox 548 2216 642 2270; x_wconf 90' lang='grc' dir='ltr'><strong>ὑπ.</strong></span> <span class='ocrx_word' id='word_1_112' title='bbox 690 2218 928 2274; x_wconf 89' lang='grc' dir='ltr'>Ἀλϐίνου</span> <span class='ocrx_word' id='word_1_113' title='bbox 961 2224 1054 2276; x_wconf 72' lang='grc' dir='ltr'><strong>καὶ</strong></span> <span class='ocrx_word' id='word_1_114' title='bbox 1087 2227 1436 2284; x_wconf 81' lang='grc' dir='ltr'>Οὑενούστου.</span> 
     </span>
    </p>
   </div>
   <div class='ocr_carea' id='block_1_21' title="bbox 521 2307 2019 2399">
    <p class='ocr_par' dir='ltr' id='par_1_21' title="bbox 521 2307 2019 2399">
     <span class='ocr_line' id='line_1_21' title="bbox 521 2307 2019 2399; baseline 0.017 -39"><span class='ocrx_word' id='word_1_115' title='bbox 521 2307 645 2362; x_wconf 74' lang='grc' dir='ltr'><strong>Ἐπὶ</strong></span> <span class='ocrx_word' id='word_1_116' title='bbox 670 2311 870 2368; x_wconf 82' lang='grc' dir='ltr'>τούτων</span> <span class='ocrx_word' id='word_1_117' title='bbox 891 2314 998 2368; x_wconf 83' lang='grc' dir='ltr'>τῶν</span> <span class='ocrx_word' id='word_1_118' title='bbox 1023 2318 1243 2373; x_wconf 85' lang='grc' dir='ltr'>ὑπάτων</span> <span class='ocrx_word' id='word_1_119' title='bbox 1273 2321 1591 2388; x_wconf 79' lang='grc' dir='ltr'><strong>ἐπελθόντες</strong></span> <span class='ocrx_word' id='word_1_120' title='bbox 1615 2328 1662 2379; x_wconf 79' lang='lat' dir='ltr'><strong>ot</strong></span> <span class='ocrx_word' id='word_1_121' title='bbox 1694 2328 2019 2399; x_wconf 84' lang='grc' dir='ltr'>στρατιῶται</span> 
     </span>
    </p>
   </div>
   <div class='ocr_carea' id='block_1_22' title="bbox 435 2399 2017 2490">
    <p class='ocr_par' dir='ltr' id='par_1_22' title="bbox 435 2399 2017 2490">
     <span class='ocr_line' id='line_1_22' title="bbox 435 2399 2017 2490; baseline 0.015 -38"><span class='ocrx_word' id='word_1_122' title='bbox 435 2399 672 2470; x_wconf 75' lang='grc' dir='ltr'>ἔσφαξαν</span> <span class='ocrx_word' id='word_1_123' title='bbox 713 2405 1013 2478; x_wconf 78' lang='grc' dir='ltr'>Μαξιμίνον</span> <span class='ocrx_word' id='word_1_124' title='bbox 1064 2410 1368 2481; x_wconf 73' lang='grc' dir='ltr'>Αὔγουστον</span> <span class='ocrx_word' id='word_1_125' title='bbox 1413 2418 1492 2481; x_wconf 85' lang='grc' dir='ltr'>είς</span> <span class='ocrx_word' id='word_1_126' title='bbox 1537 2419 1844 2490; x_wconf 82' lang='grc' dir='ltr'>Ἀκυλήϊαν,</span> <span class='ocrx_word' id='word_1_127' title='bbox 1890 2422 2017 2476; x_wconf 77' lang='grc' dir='ltr'>ὄντα</span> 
     </span>
    </p>
   </div>
   <div class='ocr_carea' id='block_1_23' title="bbox 431 2493 2018 2581">
    <p class='ocr_par' dir='ltr' id='par_1_23' title="bbox 431 2493 2018 2581">
     <span class='ocr_line' id='line_1_23' title="bbox 431 2493 2018 2581; baseline 0.015 -37"><span class='ocrx_word' id='word_1_128' title='bbox 431 2493 571 2546; x_wconf 78' lang='grc' dir='ltr'><strong>ὲτῶν</strong></span> <span class='ocrx_word' id='word_1_129' title='bbox 604 2493 693 2558; x_wconf 86' lang='grc' dir='ltr'>ξε’.</span> <span class='ocrx_word' id='word_1_130' title='bbox 741 2499 852 2551; x_wconf 78' lang='grc' dir='ltr'><strong>Καὶ</strong></span> <span class='ocrx_word' id='word_1_131' title='bbox 896 2499 1239 2559; x_wconf 79' lang='grc' dir='ltr'>ἐϐασίλευσεν</span> <span class='ocrx_word' id='word_1_132' title='bbox 1294 2507 1554 2572; x_wconf 81' lang='grc' dir='ltr'>Βαλϐῖνος</span> <span class='ocrx_word' id='word_1_133' title='bbox 1600 2511 1772 2580; x_wconf 82' lang='grc' dir='ltr'>μῆνας</span> <span class='ocrx_word' id='word_1_134' title='bbox 1811 2521 1882 2581; x_wconf 87' lang='grc' dir='ltr'>γ’,</span> <span class='ocrx_word' id='word_1_135' title='bbox 1924 2516 2018 2568; x_wconf 76' lang='grc' dir='ltr'><strong>καὶ</strong></span> 
     </span>
    </p>
   </div>
   <div class='ocr_carea' id='block_1_24' title="bbox 431 2586 2012 2675">
    <p class='ocr_par' dir='ltr' id='par_1_24' title="bbox 431 2586 2012 2675">
     <span class='ocr_line' id='line_1_24' title="bbox 431 2586 2012 2675; baseline 0.015 -37"><span class='ocrx_word' id='word_1_136' title='bbox 431 2586 673 2658; x_wconf 75' lang='grc' dir='ltr'><strong>ἐσφάγη·</strong></span> <span class='ocrx_word' id='word_1_137' title='bbox 722 2591 815 2644; x_wconf 75' lang='grc' dir='ltr'>καὶ</span> <span class='ocrx_word' id='word_1_138' title='bbox 861 2591 1206 2648; x_wconf 76' lang='grc' dir='ltr'>ἐϐασίλευσεν</span> <span class='ocrx_word' id='word_1_139' title='bbox 1246 2600 1514 2665; x_wconf 84' lang='grc' dir='ltr'><strong>Πούπλιος</strong></span> <span class='ocrx_word' id='word_1_140' title='bbox 1560 2603 1770 2675; x_wconf 82' lang='grc' dir='ltr'>ἡμέρας</span> <span class='ocrx_word' id='word_1_141' title='bbox 1799 2606 2012 2674; x_wconf 74' lang='grc' dir='ltr'>ἑκατὸν,</span> 
     </span>
    </p>
   </div>
   <div class='ocr_carea' id='block_1_25' title="bbox 432 2680 794 2753">
    <p class='ocr_par' dir='ltr' id='par_1_25' title="bbox 432 2680 794 2753">
     <span class='ocr_line' id='line_1_25' title="bbox 432 2680 794 2753; baseline 0.019 -24"><span class='ocrx_word' id='word_1_142' title='bbox 432 2680 528 2730; x_wconf 81' lang='grc' dir='ltr'>καὶ</span> <span class='ocrx_word' id='word_1_143' title='bbox 558 2681 769 2753; x_wconf 81' lang='grc' dir='ltr'>ἐσφάγη</span> <span class='ocrx_word' id='word_1_144' title='bbox 780 2723 794 2735; x_wconf 92' lang='grc'><strong>.</strong></span> 
     </span>
    </p>
   </div>
   <div class='ocr_carea' id='block_1_26' title="bbox 503 2773 2009 2862">
    <p class='ocr_par' dir='ltr' id='par_1_26' title="bbox 503 2773 2009 2862">
     <span class='ocr_line' id='line_1_26' title="bbox 503 2773 2009 2862; baseline 0.017 -38"><span class='ocrx_word' id='word_1_145' title='bbox 503 2773 789 2844; x_wconf 85' lang='grc' dir='ltr'><strong>Ῥωμαίων</strong></span> <span class='ocrx_word' id='word_1_146' title='bbox 824 2777 902 2830; x_wconf 76' lang='grc' dir='ltr'>κδ’</span> <span class='ocrx_word' id='word_1_147' title='bbox 930 2779 1276 2837; x_wconf 74' lang='grc' dir='ltr'>ἐϐασίλευσεν</span> <span class='ocrx_word' id='word_1_148' title='bbox 1293 2783 1578 2856; x_wconf 86' lang='grc' dir='ltr'>Γορδιανὸς</span> <span class='ocrx_word' id='word_1_149' title='bbox 1608 2789 1803 2861; x_wconf 73' lang='grc' dir='ltr'>σενιὰιρ</span> <span class='ocrx_word' id='word_1_150' title='bbox 1823 2790 1916 2862; x_wconf 83' lang='grc' dir='ltr'><strong>ἔτη</strong></span> <span class='ocrx_word' id='word_1_151' title='bbox 1936 2799 2009 2857; x_wconf 84' lang='grc' dir='ltr'><strong>ς’.</strong></span> 
     </span>
    </p>
   </div>
   <div class='ocr_carea' id='block_1_27' title="bbox 425 2957 2003 3041">
    <p class='ocr_par' dir='ltr' id='par_1_27' title="bbox 425 2957 2003 3041">
     <span class='ocr_line' id='line_1_27' title="bbox 425 2957 2003 3041; baseline 0.011 -33"><span class='ocrx_word' id='word_1_152' title='bbox 425 2958 505 3010; x_wconf 83' lang='lat' dir='ltr'><strong>A’.</strong></span> <span class='ocrx_word' id='word_1_153' title='bbox 531 2957 626 3013; x_wconf 90' lang='grc' dir='ltr'><strong>ὑπ.</strong></span> <span class='ocrx_word' id='word_1_154' title='bbox 669 2959 958 3030; x_wconf 86' lang='grc' dir='ltr'>Γορδιανοῦ</span> <span class='ocrx_word' id='word_1_155' title='bbox 991 2963 1302 3031; x_wconf 73' lang='grc' dir='ltr'>Αὐγούστου</span> <span class='ocrx_word' id='word_1_156' title='bbox 1333 2966 1394 3018; x_wconf 83' lang='grc' dir='ltr'>τὸ</span> <span class='ocrx_word' id='word_1_157' title='bbox 1433 2965 1476 3035; x_wconf 85' lang='grc' dir='ltr'><strong>β’</strong></span> <span class='ocrx_word' id='word_1_158' title='bbox 1507 2968 1603 3022; x_wconf 80' lang='grc' dir='ltr'><strong>καὶ</strong></span> <span class='ocrx_word' id='word_1_159' title='bbox 1632 2969 2003 3041; x_wconf 84' lang='grc' dir='ltr'>Πομπηῖανοῦ.</span> 
     </span>
    </p>
   </div>
   <div class='ocr_carea' id='block_1_28' title="bbox 931 3053 1503 3133">
    <p class='ocr_par' dir='ltr' id='par_1_28' title="bbox 931 3053 1503 3133">
     <span class='ocr_line' id='line_1_28' title="bbox 931 3053 1503 3133; baseline 0.01 -7"><span class='ocrx_word' id='word_1_160' title='bbox 931 3075 1075 3127; x_wconf 74' lang='grc' dir='ltr'>ΣΝΕι</span> <span class='ocrx_word' id='word_1_161' title='bbox 1128 3053 1503 3133; x_wconf 74' lang='grc' dir='ltr'>οΛΥΜΠιΑΣ.</span> 
     </span>
    </p>
   </div>
   <div class='ocr_carea' id='block_1_29' title="bbox 423 3159 1484 3238">
    <p class='ocr_par' dir='ltr' id='par_1_29' title="bbox 423 3159 1484 3238">
     <span class='ocr_line' id='line_1_29' title="bbox 423 3159 1484 3238; baseline 0.012 -28"><span class='ocrx_word' id='word_1_162' title='bbox 423 3159 500 3214; x_wconf 90' lang='lat' dir='ltr'><strong>B&#39;.</strong></span> <span class='ocrx_word' id='word_1_163' title='bbox 527 3160 622 3213; x_wconf 91' lang='grc' dir='ltr'><strong>ὑπ.</strong></span> <span class='ocrx_word' id='word_1_164' title='bbox 672 3161 917 3218; x_wconf 81' lang='grc' dir='ltr'><strong>Ἀττικοῦ</strong></span> <span class='ocrx_word' id='word_1_165' title='bbox 944 3166 1038 3219; x_wconf 77' lang='grc' dir='ltr'><strong>καὶ</strong></span> <span class='ocrx_word' id='word_1_166' title='bbox 1061 3167 1484 3238; x_wconf 81' lang='grc' dir='ltr'>Πραιτεξτάτου.</span> 
     </span>
    </p>
   </div>
   <div class='ocr_carea' id='block_1_30' title="bbox 423 3251 1411 3325">
    <p class='ocr_par' dir='ltr' id='par_1_30' title="bbox 423 3251 1411 3325">
     <span class='ocr_line' id='line_1_30' title="bbox 423 3251 1411 3325; baseline 0.012 -22"><span class='ocrx_word' id='word_1_167' title='bbox 423 3251 497 3304; x_wconf 92' lang='grc' dir='ltr'><strong>Γ’.</strong></span> <span class='ocrx_word' id='word_1_168' title='bbox 536 3251 631 3305; x_wconf 89' lang='grc' dir='ltr'><strong>ὑπ.</strong></span> <span class='ocrx_word' id='word_1_169' title='bbox 666 3254 1001 3325; x_wconf 78' lang='grc' dir='ltr'>Αὑρηλιανοῦ</span> <span class='ocrx_word' id='word_1_170' title='bbox 1036 3259 1130 3312; x_wconf 78' lang='grc' dir='ltr'><strong>καὶ</strong></span> <span class='ocrx_word' id='word_1_171' title='bbox 1159 3260 1411 3317; x_wconf 79' lang='grc' dir='ltr'>Πάππου.</span> 
     </span>
    </p>
   </div>
   <div class='ocr_carea' id='block_1_31' title="bbox 423 3342 1472 3421">
    <p class='ocr_par' dir='ltr' id='par_1_31' title="bbox 423 3342 1472 3421">
     <span class='ocr_line' id='line_1_31' title="bbox 423 3342 1472 3421; baseline 0.011 -27"><span class='ocrx_word' id='word_1_172' title='bbox 423 3348 499 3397; x_wconf 87' lang='grc' dir='ltr'>Δ’.</span> <span class='ocrx_word' id='word_1_173' title='bbox 530 3342 628 3398; x_wconf 89' lang='grc' dir='ltr'><strong>ὑπ.</strong></span> <span class='ocrx_word' id='word_1_174' title='bbox 661 3344 990 3419; x_wconf 86' lang='grc' dir='ltr'>Περεγρίνου</span> <span class='ocrx_word' id='word_1_175' title='bbox 1019 3350 1112 3402; x_wconf 78' lang='grc' dir='ltr'><strong>καὶ</strong></span> <span class='ocrx_word' id='word_1_176' title='bbox 1136 3351 1472 3421; x_wconf 74' lang='grc' dir='ltr'><strong>Αἰμιλιανοῦ.</strong></span> 
     </span>
    </p>
   </div>
   <div class='ocr_carea' id='block_1_32' title="bbox 421 3428 1383 3492">
    <p class='ocr_par' dir='ltr' id='par_1_32' title="bbox 421 3428 1383 3492">
     <span class='ocr_line' id='line_1_32' title="bbox 421 3428 1383 3492; baseline 0.01 -10"><span class='ocrx_word' id='word_1_177' title='bbox 421 3429 498 3482; x_wconf 69' lang='lat' dir='ltr'><strong>E’~</strong></span> <span class='ocrx_word' id='word_1_178' title='bbox 536 3428 631 3484; x_wconf 85' lang='grc' dir='ltr'><strong>ὑπ.</strong></span> <span class='ocrx_word' id='word_1_179' title='bbox 662 3431 927 3488; x_wconf 83' lang='grc' dir='ltr'>Φιλίππου</span> <span class='ocrx_word' id='word_1_180' title='bbox 963 3437 1056 3489; x_wconf 79' lang='grc' dir='ltr'>καὶ</span> <span class='ocrx_word' id='word_1_181' title='bbox 1095 3439 1383 3492; x_wconf 90' lang='grc' dir='ltr'>Τατιανοῦ.</span> 
     </span>
    </p>
   </div>
   <div class='ocr_carea' id='block_1_33' title="bbox 913 3543 1491 3613">
    <p class='ocr_par' dir='ltr' id='par_1_33' title="bbox 913 3543 1491 3613">
     <span class='ocr_line' id='line_1_33' title="bbox 913 3543 1491 3613; baseline 0.014 -17"><span class='ocrx_word' id='word_1_182' title='bbox 913 3543 1076 3613; x_wconf 72' lang='lat' dir='ltr'><strong>qu&#39;</strong></span> <span class='ocrx_word' id='word_1_183' title='bbox 1117 3548 1491 3604; x_wconf 84' lang='grc' dir='ltr'>ΟΛΥΜΠΙΑΣ.</span> 
     </span>
    </p>
   </div>
   <div class='ocr_carea' id='block_1_34' title="bbox 426 3629 1444 3705">
    <p class='ocr_par' dir='ltr' id='par_1_34' title="bbox 426 3629 1444 3705">
     <span class='ocr_line' id='line_1_34' title="bbox 426 3629 1444 3705; baseline 0.014 -23"><span class='ocrx_word' id='word_1_184' title='bbox 426 3631 520 3696; x_wconf 73' lang='grc' dir='ltr'>ς’.</span> <span class='ocrx_word' id='word_1_185' title='bbox 555 3629 650 3686; x_wconf 79' lang='grc' dir='ltr'><strong>ὑπ.</strong></span> <span class='ocrx_word' id='word_1_186' title='bbox 685 3635 1016 3705; x_wconf 88' lang='grc' dir='ltr'>Πραίσεντος</span> <span class='ocrx_word' id='word_1_187' title='bbox 1048 3639 1142 3692; x_wconf 79' lang='grc' dir='ltr'><strong>καὶ</strong></span> <span class='ocrx_word' id='word_1_188' title='bbox 1182 3641 1444 3698; x_wconf 81' lang='grc' dir='ltr'>Ἀλϐίνου.</span> 
     </span>
    </p>
   </div>
   <div class='ocr_carea' id='block_1_35' title="bbox 396 3723 2000 3812">
    <p class='ocr_par' dir='ltr' id='par_1_35' title="bbox 396 3723 2000 3812">
     <span class='ocr_line' id='line_1_35' title="bbox 396 3723 2000 3812; baseline 0.014 -38"><span class='ocrx_word' id='word_1_189' title='bbox 396 3781 403 3786; x_wconf 91' lang='lat'>_</span> <span class='ocrx_word' id='word_1_190' title='bbox 504 3723 631 3777; x_wconf 63' lang='grc' dir='ltr'><strong>Ἐπὶ</strong></span> <span class='ocrx_word' id='word_1_191' title='bbox 660 3725 865 3780; x_wconf 86' lang='grc' dir='ltr'>τούτων</span> <span class='ocrx_word' id='word_1_192' title='bbox 910 3729 1018 3784; x_wconf 86' lang='grc' dir='ltr'>τῶν</span> <span class='ocrx_word' id='word_1_193' title='bbox 1057 3731 1280 3786; x_wconf 83' lang='grc' dir='ltr'>ὑπάτων</span> <span class='ocrx_word' id='word_1_194' title='bbox 1303 3735 1444 3806; x_wconf 85' lang='grc' dir='ltr'>νόσῳ</span> <span class='ocrx_word' id='word_1_195' title='bbox 1468 3737 1684 3810; x_wconf 75' lang='grc' dir='ltr'><strong>βληθεὶς</strong></span> <span class='ocrx_word' id='word_1_196' title='bbox 1713 3742 2000 3812; x_wconf 83' lang='grc' dir='ltr'>Γορδιανὸς</span> 
     </span>
    </p>
   </div>
   <div class='ocr_carea' id='block_1_36' title="bbox 417 3813 1287 3889">
    <p class='ocr_par' dir='ltr' id='par_1_36' title="bbox 417 3813 1287 3889">
     <span class='ocr_line' id='line_1_36' title="bbox 417 3813 1287 3889; baseline 0.014 -24"><span class='ocrx_word' id='word_1_197' title='bbox 417 3829 477 3866; x_wconf 75' lang='grc' dir='ltr'><strong>σε</strong></span> <span class='ocrx_word' id='word_1_198' title='bbox 493 3813 620 3886; x_wconf 62' lang='grc' dir='ltr'>νιὼρ</span> <span class='ocrx_word' id='word_1_199' title='bbox 644 3815 890 3889; x_wconf 79' lang='grc' dir='ltr'>τελευτᾷ,</span> <span class='ocrx_word' id='word_1_200' title='bbox 919 3818 994 3873; x_wconf 83' lang='grc' dir='ltr'>ὢν</span> <span class='ocrx_word' id='word_1_201' title='bbox 1021 3821 1156 3874; x_wconf 78' lang='grc' dir='ltr'>ἑτῶν</span> <span class='ocrx_word' id='word_1_202' title='bbox 1192 3823 1287 3878; x_wconf 87' lang='lat'><strong>00&#39;.</strong></span> 
     </span>
    </p>
   </div>
   <div class='ocr_carea' id='block_1_37' title="bbox 501 3905 1999 3998">
    <p class='ocr_par' dir='ltr' id='par_1_37' title="bbox 501 3905 1999 3998">
     <span class='ocr_line' id='line_1_37' title="bbox 501 3905 1999 3998; baseline 0.016 -40"><span class='ocrx_word' id='word_1_203' title='bbox 501 3905 788 3978; x_wconf 83' lang='grc' dir='ltr'>Ῥωμαίων</span> <span class='ocrx_word' id='word_1_204' title='bbox 820 3917 897 3966; x_wconf 62' lang='grc' dir='ltr'><em>κεῖ</em></span> <span class='ocrx_word' id='word_1_205' title='bbox 927 3913 1238 3969; x_wconf 81' lang='grc' dir='ltr'>ἐϐασίλευσε</span> <span class='ocrx_word' id='word_1_206' title='bbox 1260 3918 1521 3986; x_wconf 83' lang='grc' dir='ltr'>Φίλιππος</span> <span class='ocrx_word' id='word_1_207' title='bbox 1546 3922 1574 3974; x_wconf 86' lang='grc' dir='ltr'>ὁ</span> <span class='ocrx_word' id='word_1_208' title='bbox 1611 3925 1848 3997; x_wconf 80' lang='grc' dir='ltr'>ίουνίωρ,</span> <span class='ocrx_word' id='word_1_209' title='bbox 1885 3927 1999 3998; x_wconf 81' lang='grc' dir='ltr'><strong>ἅμα</strong></span> 
     </span>
    </p>
   </div>
   <div class='ocr_carea' id='block_1_38' title="bbox 414 3999 1335 4082">
    <p class='ocr_par' dir='ltr' id='par_1_38' title="bbox 414 3999 1335 4082">
     <span class='ocr_line' id='line_1_38' title="bbox 414 3999 1335 4082; baseline 0.017 -32"><span class='ocrx_word' id='word_1_210' title='bbox 414 3999 666 4071; x_wconf 77' lang='grc' dir='ltr'>Φιλίππῳ</span> <span class='ocrx_word' id='word_1_211' title='bbox 694 4001 771 4072; x_wconf 84' lang='grc' dir='ltr'>τῷ</span> <span class='ocrx_word' id='word_1_212' title='bbox 796 4003 895 4074; x_wconf 85' lang='grc' dir='ltr'><strong>υἱῴ</strong></span> <span class='ocrx_word' id='word_1_213' title='bbox 919 4006 1108 4072; x_wconf 89' lang='grc' dir='ltr'>αὑτοῦ,</span> <span class='ocrx_word' id='word_1_214' title='bbox 1143 4009 1236 4082; x_wconf 78' lang='grc' dir='ltr'><strong>ἔτη</strong></span> <span class='ocrx_word' id='word_1_215' title='bbox 1263 4020 1335 4077; x_wconf 81' lang='grc' dir='ltr'><strong>ς’.</strong></span> 
     </span>
    </p>
   </div>
   <div class='ocr_carea' id='block_1_39' title="bbox 412 4090 1998 4173">
    <p class='ocr_par' dir='ltr' id='par_1_39' title="bbox 412 4090 1998 4173">
     <span class='ocr_line' id='line_1_39' title="bbox 412 4090 1998 4173; baseline 0.013 -31"><span class='ocrx_word' id='word_1_216' title='bbox 412 4090 492 4142; x_wconf 84' lang='lat' dir='ltr'><strong>A&#39;.</strong></span> <span class='ocrx_word' id='word_1_217' title='bbox 529 4090 622 4142; x_wconf 85' lang='grc' dir='ltr'><strong>ὑπ.</strong></span> <span class='ocrx_word' id='word_1_218' title='bbox 669 4092 934 4155; x_wconf 83' lang='grc' dir='ltr'>Φιλίππου</span> <span class='ocrx_word' id='word_1_219' title='bbox 951 4096 1260 4166; x_wconf 80' lang='grc' dir='ltr'>Αὐγούστου</span> <span class='ocrx_word' id='word_1_220' title='bbox 1293 4101 1355 4154; x_wconf 84' lang='grc' dir='ltr'>τὸ</span> <span class='ocrx_word' id='word_1_221' title='bbox 1404 4101 1576 4173; x_wconf 70' lang='grc' dir='ltr'>βἰκαὶ</span> <span class='ocrx_word' id='word_1_222' title='bbox 1607 4105 1873 4160; x_wconf 83' lang='grc' dir='ltr'>Φιλίππου</span> <span class='ocrx_word' id='word_1_223' title='bbox 1904 4109 1998 4162; x_wconf 87' lang='grc' dir='ltr'><strong>τοῦ</strong></span> 
     </span>
    </p>
   </div>
   <div class='ocr_carea' id='block_1_40' title="bbox 485 4181 820 4238">
    <p class='ocr_par' dir='ltr' id='par_1_40' title="bbox 485 4181 820 4238">
     <span class='ocr_line' id='line_1_40' title="bbox 485 4181 820 4238; baseline 0.018 -6"><span class='ocrx_word' id='word_1_224' title='bbox 485 4181 604 4234; x_wconf 82' lang='grc' dir='ltr'>υἱοῦ</span> <span class='ocrx_word' id='word_1_225' title='bbox 634 4183 820 4238; x_wconf 84' lang='grc' dir='ltr'>αὑτοῦ.</span> 
     </span>
    </p>
   </div>
   <div class='ocr_carea' id='block_1_41' title="bbox 412 4270 1996 4356">
    <p class='ocr_par' dir='ltr' id='par_1_41' title="bbox 412 4270 1996 4356">
     <span class='ocr_line' id='line_1_41' title="bbox 412 4270 1996 4356; baseline 0.016 -34"><span class='ocrx_word' id='word_1_226' title='bbox 412 4270 485 4323; x_wconf 87' lang='lat' dir='ltr'><strong>B&#39;.</strong></span> <span class='ocrx_word' id='word_1_227' title='bbox 526 4273 620 4326; x_wconf 88' lang='grc' dir='ltr'><strong>ὑπ.</strong></span> <span class='ocrx_word' id='word_1_228' title='bbox 651 4275 917 4332; x_wconf 79' lang='grc' dir='ltr'>Φιλίππου</span> <span class='ocrx_word' id='word_1_229' title='bbox 943 4282 1255 4350; x_wconf 71' lang='grc' dir='ltr'>Αὐγούστου</span> <span class='ocrx_word' id='word_1_230' title='bbox 1286 4285 1344 4338; x_wconf 85' lang='grc' dir='ltr'>τὸ</span> <span class='ocrx_word' id='word_1_231' title='bbox 1382 4295 1430 4356; x_wconf 90' lang='grc' dir='ltr'>γ’</span> <span class='ocrx_word' id='word_1_232' title='bbox 1477 4289 1572 4343; x_wconf 79' lang='grc' dir='ltr'>καὶ</span> <span class='ocrx_word' id='word_1_233' title='bbox 1612 4291 1878 4347; x_wconf 80' lang='grc' dir='ltr'>Φιλίππου</span> <span class='ocrx_word' id='word_1_234' title='bbox 1901 4294 1996 4348; x_wconf 87' lang='grc' dir='ltr'><strong>τοῦ</strong></span> 
     </span>
    </p>
   </div>
   <div class='ocr_carea' id='block_1_42' title="bbox 483 4363 977 4441">
    <p class='ocr_par' dir='ltr' id='par_1_42' title="bbox 483 4363 977 4441">
     <span class='ocr_line' id='line_1_42' title="bbox 483 4363 977 4441; baseline 0.016 -24"><span class='ocrx_word' id='word_1_235' title='bbox 483 4363 600 4418; x_wconf 87' lang='grc' dir='ltr'>υίοῦ</span> <span class='ocrx_word' id='word_1_236' title='bbox 629 4367 794 4421; x_wconf 89' lang='grc' dir='ltr'>αὑτοῦ</span> <span class='ocrx_word' id='word_1_237' title='bbox 821 4370 882 4422; x_wconf 87' lang='grc' dir='ltr'>τὸ</span> <span class='ocrx_word' id='word_1_238' title='bbox 913 4373 977 4441; x_wconf 82' lang='grc' dir='ltr'><strong>β’.</strong></span> 
     </span>
    </p>
   </div>
   <div class='ocr_carea' id='block_1_43' title="bbox 408 4453 1570 4536">
    <p class='ocr_par' dir='ltr' id='par_1_43' title="bbox 408 4453 1570 4536">
     <span class='ocr_line' id='line_1_43' title="bbox 408 4453 1570 4536; baseline 0.016 -29"><span class='ocrx_word' id='word_1_239' title='bbox 408 4453 450 4507; x_wconf 84' lang='grc' dir='ltr'><strong><em>Γ</em></strong></span> <span class='ocrx_word' id='word_1_240' title='bbox 451 4462 483 4509; x_wconf 85' lang='grc'>’.</span> <span class='ocrx_word' id='word_1_241' title='bbox 520 4457 613 4510; x_wconf 88' lang='grc' dir='ltr'><strong>ὑπ.</strong></span> <span class='ocrx_word' id='word_1_242' title='bbox 638 4461 952 4530; x_wconf 79' lang='grc' dir='ltr'>Αἰμιλιανοῦ</span> <span class='ocrx_word' id='word_1_243' title='bbox 979 4463 1039 4516; x_wconf 82' lang='grc' dir='ltr'>τὸ</span> <span class='ocrx_word' id='word_1_244' title='bbox 1069 4465 1113 4536; x_wconf 83' lang='grc' dir='ltr'><strong>β’</strong></span> <span class='ocrx_word' id='word_1_245' title='bbox 1135 4468 1229 4520; x_wconf 83' lang='grc' dir='ltr'><strong>καὶ</strong></span> <span class='ocrx_word' id='word_1_246' title='bbox 1275 4470 1570 4526; x_wconf 86' lang='grc' dir='ltr'>Ἀκυλίνου.</span> 
     </span>
    </p>
   </div>
   <div class='ocr_carea' id='block_1_44' title="bbox 915 4577 1476 4637">
    <p class='ocr_par' dir='ltr' id='par_1_44' title="bbox 915 4577 1476 4637">
     <span class='ocr_line' id='line_1_44' title="bbox 915 4577 1476 4637; baseline 0.014 -9"><span class='ocrx_word' id='word_1_247' title='bbox 915 4577 1058 4630; x_wconf 84' lang='grc' dir='ltr'><strong>ΣΝΖ¹</strong></span> <span class='ocrx_word' id='word_1_248' title='bbox 1100 4581 1476 4637; x_wconf 85' lang='grc' dir='ltr'>ΟΛΥΜΠΙΑΣ.</span> 
     </span>
    </p>
   </div>
   <div class='ocr_carea' id='block_1_45' title="bbox 403 4661 1325 4740">
    <p class='ocr_par' dir='ltr' id='par_1_45' title="bbox 403 4661 1325 4740">
     <span class='ocr_line' id='line_1_45' title="bbox 403 4661 1325 4740; baseline 0.011 -24"><span class='ocrx_word' id='word_1_249' title='bbox 403 4666 480 4717; x_wconf 89' lang='grc' dir='ltr'>Δ’.</span> <span class='ocrx_word' id='word_1_250' title='bbox 514 4661 612 4717; x_wconf 89' lang='grc' dir='ltr'><strong>ὑπ.</strong></span> <span class='ocrx_word' id='word_1_251' title='bbox 643 4666 832 4719; x_wconf 86' lang='grc' dir='ltr'>Δεκίου</span> <span class='ocrx_word' id='word_1_252' title='bbox 862 4669 954 4721; x_wconf 77' lang='grc' dir='ltr'><strong>καὶ</strong></span> <span class='ocrx_word' id='word_1_253' title='bbox 1000 4670 1325 4740; x_wconf 86' lang='grc' dir='ltr'>Γρατιανοῦ.</span> 
     </span>
    </p>
   </div>
   <div class='ocr_carea' id='block_1_46' title="bbox 403 4756 1394 4820">
    <p class='ocr_par' dir='ltr' id='par_1_46' title="bbox 403 4756 1394 4820">
     <span class='ocr_line' id='line_1_46' title="bbox 403 4756 1394 4820; baseline 0.012 -12"><span class='ocrx_word' id='word_1_254' title='bbox 403 4757 482 4810; x_wconf 87' lang='lat' dir='ltr'><strong>E&#39;.</strong></span> <span class='ocrx_word' id='word_1_255' title='bbox 517 4756 613 4810; x_wconf 87' lang='grc' dir='ltr'><strong>ὑπ.</strong></span> <span class='ocrx_word' id='word_1_256' title='bbox 645 4757 849 4812; x_wconf 80' lang='grc' dir='ltr'>Γάλλου</span> <span class='ocrx_word' id='word_1_257' title='bbox 888 4762 981 4814; x_wconf 75' lang='grc' dir='ltr'><strong>καὶ</strong></span> <span class='ocrx_word' id='word_1_258' title='bbox 1015 4762 1394 4820; x_wconf 85' lang='grc' dir='ltr'>Βολουσιανοῦ.</span> 
     </span>
    </p>
   </div>
   <div class='ocr_carea' id='block_1_47' title="bbox 405 4850 1598 4931">
    <p class='ocr_par' dir='ltr' id='par_1_47' title="bbox 405 4850 1598 4931">
     <span class='ocr_line' id='line_1_47' title="bbox 405 4850 1598 4931; baseline 0.01 -30"><span class='ocrx_word' id='word_1_259' title='bbox 405 4851 499 4916; x_wconf 72' lang='grc' dir='ltr'>ς’.</span> <span class='ocrx_word' id='word_1_260' title='bbox 525 4850 619 4903; x_wconf 87' lang='grc' dir='ltr'><strong>ὑπ.</strong></span> <span class='ocrx_word' id='word_1_261' title='bbox 661 4851 1014 4908; x_wconf 86' lang='grc' dir='ltr'>Βολουσιανοῦ</span> <span class='ocrx_word' id='word_1_262' title='bbox 1048 4855 1108 4908; x_wconf 84' lang='grc' dir='ltr'>τὸ</span> <span class='ocrx_word' id='word_1_263' title='bbox 1135 4856 1178 4927; x_wconf 79' lang='grc' dir='ltr'><strong>β’</strong></span> <span class='ocrx_word' id='word_1_264' title='bbox 1200 4859 1294 4911; x_wconf 74' lang='grc' dir='ltr'>καὶ</span> <span class='ocrx_word' id='word_1_265' title='bbox 1323 4859 1598 4931; x_wconf 79' lang='grc' dir='ltr'>Μαξίμου.</span> 
     </span>
    </p>
   </div>
   <div class='ocr_carea' id='block_1_48' title="bbox 513 4941 2003 5026">
    <p class='ocr_par' dir='ltr' id='par_1_48' title="bbox 513 4941 2003 5026">
     <span class='ocr_line' id='line_1_48' title="bbox 513 4941 2003 5026; baseline 0.009 -32"><span class='ocrx_word' id='word_1_266' title='bbox 513 4941 774 5008; x_wconf 83' lang='grc' dir='ltr'>Φίλιππος</span> <span class='ocrx_word' id='word_1_267' title='bbox 805 4947 833 4998; x_wconf 90' lang='grc' dir='ltr'>ὁ</span> <span class='ocrx_word' id='word_1_268' title='bbox 864 4947 1080 5019; x_wconf 78' lang='grc' dir='ltr'>ἰουνίωρ</span> <span class='ocrx_word' id='word_1_269' title='bbox 1128 4949 1354 5014; x_wconf 75' lang='grc' dir='ltr'>πολλοὺς</span> <span class='ocrx_word' id='word_1_270' title='bbox 1393 4953 1692 5022; x_wconf 80' lang='grc' dir='ltr'>συμϐαλὼν</span> <span class='ocrx_word' id='word_1_271' title='bbox 1724 4954 2003 5026; x_wconf 83' lang='grc' dir='ltr'>πολέμους-</span> 
     </span>
    </p>
   </div>
   <div class='ocr_carea' id='block_1_49' title="bbox 401 5033 1988 5118">
    <p class='ocr_par' dir='ltr' id='par_1_49' title="bbox 401 5033 1988 5118">
     <span class='ocr_line' id='line_1_49' title="bbox 401 5033 1988 5118; baseline 0.01 -33"><span class='ocrx_word' id='word_1_272' title='bbox 401 5033 650 5103; x_wconf 80' lang='grc' dir='ltr'>εὑτυχῶς</span> <span class='ocrx_word' id='word_1_273' title='bbox 698 5035 971 5106; x_wconf 77' lang='grc' dir='ltr'>ἔπραξεν·</span> <span class='ocrx_word' id='word_1_274' title='bbox 1021 5041 1116 5093; x_wconf 75' lang='grc' dir='ltr'>καὶ</span> <span class='ocrx_word' id='word_1_275' title='bbox 1171 5041 1246 5105; x_wconf 81' lang='grc' dir='ltr'><strong>ὡς</strong></span> <span class='ocrx_word' id='word_1_276' title='bbox 1297 5042 1525 5115; x_wconf 83' lang='grc' dir='ltr'>πολεμεῖ</span> <span class='ocrx_word' id='word_1_277' title='bbox 1576 5050 1686 5109; x_wconf 82' lang='grc' dir='ltr'>τοῖς</span> <span class='ocrx_word' id='word_1_278' title='bbox 1728 5047 1988 5118; x_wconf 81' lang='grc' dir='ltr'>Γήπεσιν,</span> 
     </span>
    </p>
   </div>
   <div class='ocr_carea' id='block_1_50' title="bbox 400 5125 1991 5210">
    <p class='ocr_par' dir='ltr' id='par_1_50' title="bbox 400 5125 1991 5210">
     <span class='ocr_line' id='line_1_50' title="bbox 400 5125 1991 5210; baseline 0.011 -33"><span class='ocrx_word' id='word_1_279' title='bbox 400 5125 758 5197; x_wconf 83' lang='grc' dir='ltr'>ὲκονδύλησεν</span> <span class='ocrx_word' id='word_1_280' title='bbox 789 5130 818 5180; x_wconf 88' lang='grc' dir='ltr'>ὁ</span> <span class='ocrx_word' id='word_1_281' title='bbox 867 5130 1033 5194; x_wconf 83' lang='grc' dir='ltr'>ἵππος</span> <span class='ocrx_word' id='word_1_282' title='bbox 1055 5133 1242 5197; x_wconf 87' lang='grc' dir='ltr'>αὑτοῦ,</span> <span class='ocrx_word' id='word_1_283' title='bbox 1277 5137 1370 5188; x_wconf 76' lang='grc' dir='ltr'><strong>καὶ</strong></span> <span class='ocrx_word' id='word_1_284' title='bbox 1394 5137 1686 5207; x_wconf 88' lang='grc' dir='ltr'>συμπεσὼν</span> <span class='ocrx_word' id='word_1_285' title='bbox 1709 5138 1857 5209; x_wconf 83' lang='grc' dir='ltr'><strong>αὑτῴ</strong></span> <span class='ocrx_word' id='word_1_286' title='bbox 1887 5157 1991 5210; x_wconf 73' lang='grc' dir='ltr'><strong>μηι</strong></span> 
     </span>
    </p>
   </div>
   <div class='ocr_carea' id='block_1_51' title="bbox 403 5215 1990 5300">
    <p class='ocr_par' dir='ltr' id='par_1_51' title="bbox 403 5215 1990 5300">
     <span class='ocr_line' id='line_1_51' title="bbox 403 5215 1990 5300; baseline 0.011 -34"><span class='ocrx_word' id='word_1_287' title='bbox 403 5215 703 5284; x_wconf 82' lang='grc' dir='ltr'>ρόκλαστος</span> <span class='ocrx_word' id='word_1_288' title='bbox 741 5219 990 5288; x_wconf 77' lang='grc' dir='ltr'>ὲγένετο“</span> <span class='ocrx_word' id='word_1_289' title='bbox 1026 5224 1124 5277; x_wconf 75' lang='grc' dir='ltr'>καὶ·</span> <span class='ocrx_word' id='word_1_290' title='bbox 1151 5224 1318 5278; x_wconf 80' lang='grc' dir='ltr'>ἐλθὼν</span> <span class='ocrx_word' id='word_1_291' title='bbox 1360 5227 1420 5279; x_wconf 83' lang='grc' dir='ltr'><strong>ὲν</strong></span> <span class='ocrx_word' id='word_1_292' title='bbox 1450 5229 1516 5298; x_wconf 82' lang='grc' dir='ltr'><strong>τῇ</strong></span> <span class='ocrx_word' id='word_1_293' title='bbox 1556 5227 1761 5300; x_wconf 87' lang='grc' dir='ltr'><strong>Ῥώμη,</strong></span> <span class='ocrx_word' id='word_1_294' title='bbox 1798 5229 1856 5296; x_wconf 80' lang='grc' dir='ltr'>ἐξ</span> <span class='ocrx_word' id='word_1_295' title='bbox 1889 5231 1990 5286; x_wconf 79' lang='grc' dir='ltr'><strong>αὑο</strong></span> 
     </span>
    </p>
   </div>
   <div class='ocr_carea' id='block_1_52' title="bbox 397 5305 1628 5388">
    <p class='ocr_par' dir='ltr' id='par_1_52' title="bbox 397 5305 1628 5388">
     <span class='ocr_line' id='line_1_52' title="bbox 397 5305 1628 5388; baseline 0.011 -31"><span class='ocrx_word' id='word_1_296' title='bbox 397 5305 498 5358; x_wconf 81' lang='grc' dir='ltr'><strong>τοῦ</strong></span> <span class='ocrx_word' id='word_1_297' title='bbox 531 5307 627 5359; x_wconf 88' lang='grc' dir='ltr'><strong>τοῦ</strong></span> <span class='ocrx_word' id='word_1_298' title='bbox 657 5308 969 5382; x_wconf 84' lang='grc' dir='ltr'>κλάσματος</span> <span class='ocrx_word' id='word_1_299' title='bbox 993 5315 1237 5387; x_wconf 82' lang='grc' dir='ltr'>τελευτᾷ,</span> <span class='ocrx_word' id='word_1_300' title='bbox 1269 5317 1343 5372; x_wconf 85' lang='grc' dir='ltr'>ὢν</span> <span class='ocrx_word' id='word_1_301' title='bbox 1363 5318 1499 5371; x_wconf 83' lang='grc' dir='ltr'>ἐτῶν</span> <span class='ocrx_word' id='word_1_302' title='bbox 1529 5326 1628 5388; x_wconf 84' lang='grc' dir='ltr'>με’.</span> 
     </span>
    </p>
   </div>
   <div class='ocr_carea' id='block_1_53' title="bbox 521 5397 1770 5473">
    <p class='ocr_par' dir='ltr' id='par_1_53' title="bbox 521 5397 1770 5473">
     <span class='ocr_line' id='line_1_53' title="bbox 521 5397 1770 5473; baseline 0.011 -23"><span class='ocrx_word' id='word_1_303' title='bbox 521 5397 806 5470; x_wconf 87' lang='grc' dir='ltr'><strong>Ῥωμαίων</strong></span> <span class='ocrx_word' id='word_1_304' title='bbox 837 5409 928 5468; x_wconf 80' lang='grc' dir='ltr'><strong>κς¹</strong></span> <span class='ocrx_word' id='word_1_305' title='bbox 958 5405 1306 5461; x_wconf 74' lang='grc' dir='ltr'>ἐϐασίλευσεν</span> <span class='ocrx_word' id='word_1_306' title='bbox 1339 5409 1525 5473; x_wconf 82' lang='grc' dir='ltr'>Δέκιος</span> <span class='ocrx_word' id='word_1_307' title='bbox 1552 5408 1668 5473; x_wconf 78' lang='grc' dir='ltr'>ἔτος</span> <span class='ocrx_word' id='word_1_308' title='bbox 1699 5417 1770 5465; x_wconf 83' lang='grc' dir='ltr'><strong>α’.</strong></span> 
     </span>
    </p>
   </div>
   <div class='ocr_carea' id='block_1_54' title="bbox 395 5487 1838 5567">
    <p class='ocr_par' dir='ltr' id='par_1_54' title="bbox 395 5487 1838 5567">
     <span class='ocr_line' id='line_1_54' title="bbox 395 5487 1838 5567; baseline 0.011 -27"><span class='ocrx_word' id='word_1_309' title='bbox 395 5489 479 5543; x_wconf 81' lang='grc' dir='ltr'>Δ’.</span> <span class='ocrx_word' id='word_1_310' title='bbox 517 5487 613 5541; x_wconf 88' lang='grc' dir='ltr'><strong>ὑπ.</strong></span> <span class='ocrx_word' id='word_1_311' title='bbox 637 5490 827 5544; x_wconf 84' lang='grc' dir='ltr'>Δεκίου</span> <span class='ocrx_word' id='word_1_312' title='bbox 865 5494 1144 5567; x_wconf 83' lang='grc' dir='ltr'>Καίσαρος</span> <span class='ocrx_word' id='word_1_313' title='bbox 1165 5499 1264 5553; x_wconf 70' lang='grc' dir='ltr'>καὶ</span> <span class='ocrx_word' id='word_1_314' title='bbox 1291 5498 1476 5553; x_wconf 87' lang='grc' dir='ltr'>Δεκίου</span> <span class='ocrx_word' id='word_1_315' title='bbox 1510 5499 1623 5553; x_wconf 83' lang='grc' dir='ltr'>υἱοῦ</span> <span class='ocrx_word' id='word_1_316' title='bbox 1652 5501 1838 5561; x_wconf 78' lang='grc' dir='ltr'>αὑτοῦ,</span> 
     </span>
    </p>
   </div>
   <div class='ocr_carea' id='block_1_55' title="bbox 523 5581 1998 5666">
    <p class='ocr_par' dir='ltr' id='par_1_55' title="bbox 523 5581 1998 5666">
     <span class='ocr_line' id='line_1_55' title="bbox 523 5581 1998 5666; baseline 0.012 -34"><span class='ocrx_word' id='word_1_317' title='bbox 523 5581 784 5644; x_wconf 85' lang='grc' dir='ltr'>Ἐξελθὼν</span> <span class='ocrx_word' id='word_1_318' title='bbox 814 5583 873 5636; x_wconf 87' lang='grc' dir='ltr'><strong>δὲ</strong></span> <span class='ocrx_word' id='word_1_319' title='bbox 917 5586 946 5637; x_wconf 85' lang='grc' dir='ltr'>ὀ</span> <span class='ocrx_word' id='word_1_320' title='bbox 975 5586 1138 5650; x_wconf 85' lang='grc' dir='ltr'>αὑτὸς</span> <span class='ocrx_word' id='word_1_321' title='bbox 1188 5589 1376 5654; x_wconf 81' lang='grc' dir='ltr'>Δέκιος</span> <span class='ocrx_word' id='word_1_322' title='bbox 1428 5593 1509 5655; x_wconf 85' lang='grc' dir='ltr'>εἰς</span> <span class='ocrx_word' id='word_1_323' title='bbox 1561 5594 1794 5666; x_wconf 82' lang='grc' dir='ltr'>πόλεμον</span> <span class='ocrx_word' id='word_1_324' title='bbox 1842 5596 1998 5661; x_wconf 12' lang='grc' dir='ltr'>κατὰ,</span> 
     </span>
    </p>
   </div>
   <div class='ocr_carea' id='block_1_56' title="bbox 395 5675 1980 5757">
    <p class='ocr_par' dir='ltr' id='par_1_56' title="bbox 395 5675 1980 5757">
     <span class='ocr_line' id='line_1_56' title="bbox 395 5675 1980 5757; baseline 0.012 -31"><span class='ocrx_word' id='word_1_325' title='bbox 395 5675 688 5747; x_wconf 76' lang='grc' dir='ltr'>Φράγκων,</span> <span class='ocrx_word' id='word_1_326' title='bbox 729 5677 808 5742; x_wconf 84' lang='grc' dir='ltr'><strong>ὡς</strong></span> <span class='ocrx_word' id='word_1_327' title='bbox 842 5679 1162 5752; x_wconf 79' lang='grc' dir='ltr'>ἀπέρχεται,</span> <span class='ocrx_word' id='word_1_328' title='bbox 1194 5685 1406 5756; x_wconf 80' lang='grc' dir='ltr'>ἐσφάγη</span> <span class='ocrx_word' id='word_1_329' title='bbox 1434 5688 1569 5757; x_wconf 85' lang='grc' dir='ltr'>μετά</span> <span class='ocrx_word' id='word_1_330' title='bbox 1592 5689 1685 5742; x_wconf 89' lang='grc' dir='ltr'><strong>τοῦ</strong></span> <span class='ocrx_word' id='word_1_331' title='bbox 1719 5690 1836 5744; x_wconf 79' lang='grc' dir='ltr'>υἱοῦ</span> <span class='ocrx_word' id='word_1_332' title='bbox 1873 5691 1980 5744; x_wconf 86' lang='grc' dir='ltr'>ὑπὸ</span> 
     </span>
    </p>
   </div>
   <div class='ocr_carea' id='block_1_57' title="bbox 394 5768 1692 5847">
    <p class='ocr_par' dir='ltr' id='par_1_57' title="bbox 394 5768 1692 5847">
     <span class='ocr_line' id='line_1_57' title="bbox 394 5768 1692 5847; baseline 0.012 -30"><span class='ocrx_word' id='word_1_333' title='bbox 394 5783 542 5831; x_wconf 84' lang='grc' dir='ltr'>τινος</span> <span class='ocrx_word' id='word_1_334' title='bbox 565 5768 674 5821; x_wconf 83' lang='grc' dir='ltr'>τῶν</span> <span class='ocrx_word' id='word_1_335' title='bbox 699 5769 944 5841; x_wconf 73' lang='grc' dir='ltr'><strong>ἐξάρχων</strong></span> <span class='ocrx_word' id='word_1_336' title='bbox 976 5775 1033 5826; x_wconf 81' lang='grc' dir='ltr'>ἐν</span> <span class='ocrx_word' id='word_1_337' title='bbox 1071 5774 1331 5847; x_wconf 83' lang='grc' dir='ltr'>Ἀϐύρτῳ,</span> <span class='ocrx_word' id='word_1_338' title='bbox 1362 5775 1435 5832; x_wconf 81' lang='grc' dir='ltr'><strong>ὢν</strong></span> <span class='ocrx_word' id='word_1_339' title='bbox 1460 5778 1592 5832; x_wconf 79' lang='grc' dir='ltr'>ἐτῶν</span> <span class='ocrx_word' id='word_1_340' title='bbox 1630 5779 1692 5845; x_wconf 81' lang='grc' dir='ltr'><strong>ξ’.</strong></span> 
     </span>
    </p>
   </div>
   <div class='ocr_carea' id='block_1_58' title="bbox 476 5905 1018 5973">
    <p class='ocr_par' dir='ltr' id='par_1_58' title="bbox 476 5905 1018 5973">
     <span class='ocr_line' id='line_1_58' title="bbox 476 5905 1018 5973; baseline 0.011 -13"><span class='ocrx_word' id='word_1_341' title='bbox 476 5905 553 5973; x_wconf 68' lang='grc'><strong>(1)</strong></span> <span class='ocrx_word' id='word_1_342' title='bbox 580 5905 690 5962; x_wconf 79' lang='lat' dir='ltr'><strong>lino</strong></span> <span class='ocrx_word' id='word_1_343' title='bbox 721 5908 1018 5967; x_wconf 75' lang='lat' dir='ltr'><strong>Feliricno.</strong></span> 
     </span>
    </p>
   </div>
   <div class='ocr_carea' id='block_1_59' title="bbox 1737 437 2480 514">
    <p class='ocr_par' dir='ltr' id='par_1_59' title="bbox 1737 437 2480 514">
     <span class='ocr_line' id='line_1_59' title="bbox 1737 437 2480 514; baseline 0.024 -23"><span class='ocrx_word' id='word_1_344' title='bbox 1737 437 2236 502; x_wconf 74' lang='lat' dir='ltr'><strong>CIIRONICORUM</strong></span> <span class='ocrx_word' id='word_1_345' title='bbox 2277 449 2404 514; x_wconf 84' lang='lat' dir='ltr'><strong>LIB.</strong></span> <span class='ocrx_word' id='word_1_346' title='bbox 2439 456 2480 514; x_wconf 90' lang='grc' dir='ltr'>Ι.</span> 
     </span>
    </p>
   </div>
   <div class='ocr_carea' id='block_1_60' title="bbox 2077 568 3379 654">
    <p class='ocr_par' dir='ltr' id='par_1_60' title="bbox 2077 568 3379 654">
     <span class='ocr_line' id='line_1_60' title="bbox 2077 568 3379 654; baseline 0.014 -32"><span class='ocrx_word' id='word_1_347' title='bbox 2077 568 2122 622; x_wconf 83' lang='grc' dir='ltr'><strong>Α</strong></span> <span class='ocrx_word' id='word_1_348' title='bbox 2163 571 2269 636; x_wconf 81' lang='lat' dir='ltr'><strong>VII.</strong></span> <span class='ocrx_word' id='word_1_349' title='bbox 2305 573 2632 645; x_wconf 87' lang='lat' dir='ltr'><strong>Pompeiano</strong></span> <span class='ocrx_word' id='word_1_350' title='bbox 2659 586 2713 632; x_wconf 91' lang='lat' dir='ltr'><strong>et</strong></span> <span class='ocrx_word' id='word_1_351' title='bbox 2745 577 3090 651; x_wconf 80' lang='lat' dir='ltr'><strong>Pelegmiano</strong></span> <span class='ocrx_word' id='word_1_352' title='bbox 3123 584 3200 654; x_wconf 78' lang='grc' dir='ltr'><strong>(Ι)</strong></span> <span class='ocrx_word' id='word_1_353' title='bbox 3235 600 3379 640; x_wconf 82' lang='lat' dir='ltr'><strong>coss.</strong></span> 
     </span>
    </p>
   </div>
   <div class='ocr_carea' id='block_1_61' title="bbox 2017 4602 2070 4662">
    <p class='ocr_par' dir='ltr' id='par_1_61' title="bbox 2017 4602 2070 4662">
     <span class='ocr_line' id='line_1_61' title="bbox 2017 4602 2070 4662; baseline 0 0"><span class='ocrx_word' id='word_1_354' title='bbox 2017 4602 2070 4662; x_wconf 94' lang='lat' dir='ltr'><strong>D</strong></span> 
     </span>
    </p>
   </div>
   <div class='ocr_carea' id='block_1_62' title="bbox 2163 661 3092 735">
    <p class='ocr_par' dir='ltr' id='par_1_62' title="bbox 2163 661 3092 735">
     <span class='ocr_line' id='line_1_62' title="bbox 2163 661 3092 735; baseline 0.015 -17"><span class='ocrx_word' id='word_1_355' title='bbox 2163 661 2298 718; x_wconf 76' lang='lat' dir='ltr'><strong>V&#39;Ill.</strong></span> <span class='ocrx_word' id='word_1_356' title='bbox 2331 664 2482 735; x_wconf 87' lang='lat' dir='ltr'><strong>Lupo</strong></span> <span class='ocrx_word' id='word_1_357' title='bbox 2511 674 2563 722; x_wconf 84' lang='lat' dir='ltr'><strong>et</strong></span> <span class='ocrx_word' id='word_1_358' title='bbox 2589 667 2822 726; x_wconf 80' lang='lat' dir='ltr'><strong>Maximo</strong></span> <span class='ocrx_word' id='word_1_359' title='bbox 2854 689 2909 727; x_wconf 90' lang='grc' dir='ltr'><strong>ιιι</strong></span> <span class='ocrx_word' id='word_1_360' title='bbox 2947 689 3092 732; x_wconf 87' lang='lat' dir='ltr'><strong>coss.</strong></span> 
     </span>
    </p>
   </div>
   <div class='ocr_carea' id='block_1_63' title="bbox 2157 755 3116 827">
    <p class='ocr_par' dir='ltr' id='par_1_63' title="bbox 2157 755 3116 827">
     <span class='ocr_line' id='line_1_63' title="bbox 2157 755 3116 827; baseline 0.02 -19"><span class='ocrx_word' id='word_1_361' title='bbox 2157 755 2246 811; x_wconf 78' lang='lat' dir='ltr'><strong>IX.</strong></span> <span class='ocrx_word' id='word_1_362' title='bbox 2278 757 2511 817; x_wconf 84' lang='lat' dir='ltr'><strong>Maximo</strong></span> <span class='ocrx_word' id='word_1_363' title='bbox 2539 779 2592 819; x_wconf 86' lang='lat' dir='ltr'><strong>IV</strong></span> <span class='ocrx_word' id='word_1_364' title='bbox 2620 771 2674 819; x_wconf 89' lang='lat' dir='ltr'><strong>et</strong></span> <span class='ocrx_word' id='word_1_365' title='bbox 2710 764 2943 825; x_wconf 86' lang='lat' dir='ltr'><strong>Paterno</strong></span> <span class='ocrx_word' id='word_1_366' title='bbox 2973 786 3116 827; x_wconf 87' lang='lat' dir='ltr'><strong>coss.</strong></span> 
     </span>
    </p>
   </div>
   <div class='ocr_carea' id='block_1_64' title="bbox 2571 873 3168 938">
    <p class='ocr_par' dir='ltr' id='par_1_64' title="bbox 2571 873 3168 938">
     <span class='ocr_line' id='line_1_64' title="bbox 2571 873 3168 938; baseline 0.015 -11"><span class='ocrx_word' id='word_1_367' title='bbox 2571 873 2772 930; x_wconf 83' lang='lat' dir='ltr'><strong>CCLIII</strong></span> <span class='ocrx_word' id='word_1_368' title='bbox 2799 877 3168 938; x_wconf 82' lang='lat' dir='ltr'><strong>OLYMPIAS.</strong></span> 
     </span>
    </p>
   </div>
   <div class='ocr_carea' id='block_1_65' title="bbox 2155 960 3053 1030">
    <p class='ocr_par' dir='ltr' id='par_1_65' title="bbox 2155 960 3053 1030">
     <span class='ocr_line' id='line_1_65' title="bbox 2155 960 3053 1030; baseline 0.014 -17"><span class='ocrx_word' id='word_1_369' title='bbox 2155 960 2221 1014; x_wconf 77' lang='grc' dir='ltr'>Χ.</span> <span class='ocrx_word' id='word_1_370' title='bbox 2260 962 2490 1022; x_wconf 79' lang='lat' dir='ltr'><strong>Maximo</strong></span> <span class='ocrx_word' id='word_1_371' title='bbox 2517 984 2550 1021; x_wconf 90' lang='lat' dir='ltr'><strong>v</strong></span> <span class='ocrx_word' id='word_1_372' title='bbox 2583 977 2636 1023; x_wconf 88' lang='lat' dir='ltr'><strong>et</strong></span> <span class='ocrx_word' id='word_1_373' title='bbox 2660 968 2878 1026; x_wconf 86' lang='lat' dir='ltr'><strong>Urbano</strong></span> <span class='ocrx_word' id='word_1_374' title='bbox 2907 989 3053 1030; x_wconf 88' lang='lat' dir='ltr'><strong>coss.</strong></span> 
     </span>
    </p>
   </div>
   <div class='ocr_carea' id='block_1_66' title="bbox 2153 1056 3059 1129">
    <p class='ocr_par' dir='ltr' id='par_1_66' title="bbox 2153 1056 3059 1129">
     <span class='ocr_line' id='line_1_66' title="bbox 2153 1056 3059 1129; baseline 0.017 -20"><span class='ocrx_word' id='word_1_375' title='bbox 2153 1056 2243 1112; x_wconf 74' lang='lat' dir='ltr'><strong>XI.</strong></span> <span class='ocrx_word' id='word_1_376' title='bbox 2279 1057 2480 1115; x_wconf 85' lang='lat' dir='ltr'><strong>Severo</strong></span> <span class='ocrx_word' id='word_1_377' title='bbox 2501 1070 2556 1117; x_wconf 90' lang='lat' dir='ltr'><strong>et</strong></span> <span class='ocrx_word' id='word_1_378' title='bbox 2589 1063 2884 1129; x_wconf 77' lang='lat' dir='ltr'><strong>Quintiano</strong></span> <span class='ocrx_word' id='word_1_379' title='bbox 2914 1081 3059 1124; x_wconf 86' lang='lat' dir='ltr'><strong>coss.</strong></span> 
     </span>
    </p>
   </div>
   <div class='ocr_carea' id='block_1_67' title="bbox 2153 1148 3164 1216">
    <p class='ocr_par' dir='ltr' id='par_1_67' title="bbox 2153 1148 3164 1216">
     <span class='ocr_line' id='line_1_67' title="bbox 2153 1148 3164 1216; baseline 0.015 -15"><span class='ocrx_word' id='word_1_380' title='bbox 2153 1148 2269 1204; x_wconf 79' lang='lat' dir='ltr'><strong>XII.</strong></span> <span class='ocrx_word' id='word_1_381' title='bbox 2298 1150 2532 1206; x_wconf 79' lang='lat' dir='ltr'><strong>Maximo</strong></span> <span class='ocrx_word' id='word_1_382' title='bbox 2558 1171 2611 1208; x_wconf 67' lang='grc' dir='ltr'>γι</span> <span class='ocrx_word' id='word_1_383' title='bbox 2643 1162 2698 1210; x_wconf 88' lang='lat' dir='ltr'><strong>et</strong></span> <span class='ocrx_word' id='word_1_384' title='bbox 2727 1156 2988 1212; x_wconf 83' lang='lat' dir='ltr'><strong>Africano</strong></span> <span class='ocrx_word' id='word_1_385' title='bbox 3019 1174 3164 1216; x_wconf 84' lang='lat' dir='ltr'><strong>coss.</strong></span> 
     </span>
    </p>
   </div>
   <div class='ocr_carea' id='block_1_68' title="bbox 2153 1239 3137 1311">
    <p class='ocr_par' dir='ltr' id='par_1_68' title="bbox 2153 1239 3137 1311">
     <span class='ocr_line' id='line_1_68' title="bbox 2153 1239 3137 1311; baseline 0.014 -20"><span class='ocrx_word' id='word_1_386' title='bbox 2153 1239 2291 1294; x_wconf 77' lang='lat' dir='ltr'><strong>XIII.</strong></span> <span class='ocrx_word' id='word_1_387' title='bbox 2332 1241 2599 1311; x_wconf 88' lang='lat' dir='ltr'><strong>Perpetuo</strong></span> <span class='ocrx_word' id='word_1_388' title='bbox 2626 1256 2681 1301; x_wconf 88' lang='lat' dir='ltr'><strong>et</strong></span> <span class='ocrx_word' id='word_1_389' title='bbox 2706 1246 2958 1302; x_wconf 84' lang='lat' dir='ltr'><strong>Cornelio</strong></span> <span class='ocrx_word' id='word_1_390' title='bbox 2995 1265 3137 1306; x_wconf 88' lang='lat' dir='ltr'><strong>coss.</strong></span> 
     </span>
    </p>
   </div>
   <div class='ocr_carea' id='block_1_69' title="bbox 2211 1320 3712 1394">
    <p class='ocr_par' dir='ltr' id='par_1_69' title="bbox 2211 1320 3712 1394">
     <span class='ocr_line' id='line_1_69' title="bbox 2211 1320 3712 1394; baseline 0.014 -20"><span class='ocrx_word' id='word_1_391' title='bbox 2211 1320 2491 1381; x_wconf 71' lang='lat' dir='ltr'><strong>Praedictis</strong></span> <span class='ocrx_word' id='word_1_392' title='bbox 2518 1341 2662 1385; x_wconf 88' lang='lat' dir='ltr'><strong>coss.</strong></span> <span class='ocrx_word' id='word_1_393' title='bbox 2693 1327 2999 1386; x_wconf 81' lang='lat' dir='ltr'><strong>Alexander</strong></span> <span class='ocrx_word' id='word_1_394' title='bbox 3019 1332 3336 1391; x_wconf 71' lang='lat' dir='ltr'><strong>interfectus</strong></span> <span class='ocrx_word' id='word_1_395' title='bbox 3354 1343 3450 1392; x_wconf 61' lang='lat' dir='ltr'><strong>est»</strong></span> <span class='ocrx_word' id='word_1_396' title='bbox 3468 1336 3537 1393; x_wconf 88' lang='lat' dir='ltr'><strong>ab</strong></span> <span class='ocrx_word' id='word_1_397' title='bbox 3557 1354 3712 1394; x_wconf 73' lang='lat' dir='ltr'><strong>exer-</strong></span> 
     </span>
    </p>
   </div>
   <div class='ocr_carea' id='block_1_70' title="bbox 2139 1414 3709 1498">
    <p class='ocr_par' dir='ltr' id='par_1_70' title="bbox 2139 1414 3709 1498">
     <span class='ocr_line' id='line_1_70' title="bbox 2139 1414 3709 1498; baseline 0.012 -32"><span class='ocrx_word' id='word_1_398' title='bbox 2139 1414 2272 1478; x_wconf 90' lang='lat' dir='ltr'><strong>citu,</strong></span> <span class='ocrx_word' id='word_1_399' title='bbox 2303 1429 2428 1470; x_wconf 91' lang='lat' dir='ltr'><strong>cum</strong></span> <span class='ocrx_word' id='word_1_400' title='bbox 2455 1427 2601 1473; x_wconf 87' lang='lat' dir='ltr'><strong>esset</strong></span> <span class='ocrx_word' id='word_1_401' title='bbox 2627 1420 2682 1474; x_wconf 91' lang='lat' dir='ltr'><strong>in</strong></span> <span class='ocrx_word' id='word_1_402' title='bbox 2708 1435 2809 1476; x_wconf 93' lang='lat' dir='ltr'><strong>suo</strong></span> <span class='ocrx_word' id='word_1_403' title='bbox 2841 1422 3212 1489; x_wconf 88' lang='lat' dir='ltr'><strong>tabernaculo,</strong></span> <span class='ocrx_word' id='word_1_404' title='bbox 3235 1425 3582 1498; x_wconf 81' lang='lat' dir='ltr'><strong>Moguntiaci,</strong></span> <span class='ocrx_word' id='word_1_405' title='bbox 3611 1446 3709 1485; x_wconf 72' lang='grc' dir='ltr'><strong>ειη-ο</strong></span> 
     </span>
    </p>
   </div>
   <div class='ocr_carea' id='block_1_71' title="bbox 2139 1512 3707 1591">
    <p class='ocr_par' dir='ltr' id='par_1_71' title="bbox 2139 1512 3707 1591">
     <span class='ocr_line' id='line_1_71' title="bbox 2139 1512 3707 1591; baseline 0.011 -32"><span class='ocrx_word' id='word_1_406' title='bbox 2139 1521 2240 1560; x_wconf 91' lang='lat' dir='ltr'><strong>nos</strong></span> <span class='ocrx_word' id='word_1_407' title='bbox 2274 1513 2388 1560; x_wconf 92' lang='lat' dir='ltr'><strong>tum</strong></span> <span class='ocrx_word' id='word_1_408' title='bbox 2421 1517 2581 1564; x_wconf 84' lang='lat' dir='ltr'><strong>natus</strong></span> <span class='ocrx_word' id='word_1_409' title='bbox 2608 1527 2744 1579; x_wconf 75' lang='lat' dir='ltr'><strong>xxx;</strong></span> <span class='ocrx_word' id='word_1_410' title='bbox 2775 1512 3004 1584; x_wconf 86' lang='lat' dir='ltr'><strong>ejusque</strong></span> <span class='ocrx_word' id='word_1_411' title='bbox 3034 1523 3208 1571; x_wconf 80' lang='lat' dir='ltr'><strong>mater</strong></span> <span class='ocrx_word' id='word_1_412' title='bbox 3252 1517 3549 1584; x_wconf 74' lang='lat' dir='ltr'><strong>Mammzea,</strong></span> <span class='ocrx_word' id='word_1_413' title='bbox 3585 1538 3707 1591; x_wconf 65' lang='lat' dir='ltr'><strong>quas</strong></span> 
     </span>
    </p>
   </div>
   <div class='ocr_carea' id='block_1_72' title="bbox 2137 1598 3708 1682">
    <p class='ocr_par' dir='ltr' id='par_1_72' title="bbox 2137 1598 3708 1682">
     <span class='ocr_line' id='line_1_72' title="bbox 2137 1598 3708 1682; baseline 0.012 -32"><span class='ocrx_word' id='word_1_414' title='bbox 2137 1612 2260 1651; x_wconf 89' lang='lat' dir='ltr'><strong>cum</strong></span> <span class='ocrx_word' id='word_1_415' title='bbox 2299 1598 2408 1653; x_wconf 84' lang='lat' dir='ltr'><strong>ﬁlio</strong></span> <span class='ocrx_word' id='word_1_416' title='bbox 2438 1607 2577 1666; x_wconf 84' lang='lat' dir='ltr'><strong>erat,</strong></span> <span class='ocrx_word' id='word_1_417' title='bbox 2604 1601 2744 1656; x_wconf 87' lang='lat' dir='ltr'><strong>intra</strong></span> <span class='ocrx_word' id='word_1_418' title='bbox 2772 1604 2948 1672; x_wconf 92' lang='lat' dir='ltr'><strong>ipsum</strong></span> <span class='ocrx_word' id='word_1_419' title='bbox 2981 1604 3389 1663; x_wconf 89' lang='lat' dir='ltr'><strong>tabernaculum</strong></span> <span class='ocrx_word' id='word_1_420' title='bbox 3409 1611 3602 1682; x_wconf 86' lang='lat' dir='ltr'><strong>laqueo</strong></span> <span class='ocrx_word' id='word_1_421' title='bbox 3623 1621 3708 1669; x_wconf 77' lang='lat' dir='ltr'><strong>est</strong></span> 
     </span>
    </p>
   </div>
   <div class='ocr_carea' id='block_1_73' title="bbox 2138 1689 3768 1745">
    <p class='ocr_par' dir='ltr' id='par_1_73' title="bbox 2138 1689 3768 1745">
     <span class='ocr_line' id='line_1_73' title="bbox 2138 1689 3768 1745; baseline 0.015 -3"><span class='ocrx_word' id='word_1_422' title='bbox 2138 1689 2418 1745; x_wconf 81' lang='lat' dir='ltr'><strong>suﬂ&#39;ocata.</strong></span> <span class='ocrx_word' id='word_1_423' title='bbox 3766 1693 3768 1695; x_wconf 4' lang='lat' dir='ltr'><strong>l</strong></span> 
     </span>
    </p>
   </div>
   <div class='ocr_carea' id='block_1_74' title="bbox 2204 1778 3704 1863">
    <p class='ocr_par' dir='ltr' id='par_1_74' title="bbox 2204 1778 3704 1863">
     <span class='ocr_line' id='line_1_74' title="bbox 2204 1778 3704 1863; baseline 0.01 -30"><span class='ocrx_word' id='word_1_424' title='bbox 2204 1778 2574 1838; x_wconf 81' lang='lat' dir='ltr'><strong>Romanorum</strong></span> <span class='ocrx_word' id='word_1_425' title='bbox 2599 1785 2895 1854; x_wconf 73' lang='lat' dir='ltr'><strong>imperator</strong></span> <span class='ocrx_word' id='word_1_426' title='bbox 2914 1784 3100 1850; x_wconf 80' lang='lat' dir='ltr'><strong>XXIII,</strong></span> <span class='ocrx_word' id='word_1_427' title='bbox 3119 1787 3443 1850; x_wconf 74' lang='lat' dir='ltr'><strong>Maximinus</strong></span> <span class='ocrx_word' id='word_1_428' title='bbox 3461 1791 3598 1863; x_wconf 83' lang='lat' dir='ltr'><strong>Aug.</strong></span> <span class='ocrx_word' id='word_1_429' title='bbox 3634 1795 3704 1848; x_wconf 88' lang='lat' dir='ltr'><strong>ab</strong></span> 
     </span>
    </p>
   </div>
   <div class='ocr_carea' id='block_1_75' title="bbox 2135 1873 3069 1942">
    <p class='ocr_par' dir='ltr' id='par_1_75' title="bbox 2135 1873 3069 1942">
     <span class='ocr_line' id='line_1_75' title="bbox 2135 1873 3069 1942; baseline 0.006 -15"><span class='ocrx_word' id='word_1_430' title='bbox 2135 1873 2379 1928; x_wconf 83' lang='lat' dir='ltr'><strong>exercitu</strong></span> <span class='ocrx_word' id='word_1_431' title='bbox 2401 1875 2771 1942; x_wconf 82' lang='lat' dir='ltr'><strong>renuntiatus,</strong></span> <span class='ocrx_word' id='word_1_432' title='bbox 2803 1877 2962 1931; x_wconf 86' lang='lat' dir='ltr'><strong>annis</strong></span> <span class='ocrx_word' id='word_1_433' title='bbox 2993 1893 3069 1933; x_wconf 86' lang='grc' dir='ltr'>ιιι.</span> 
     </span>
    </p>
   </div>
   <div class='ocr_carea' id='block_1_76' title="bbox 2605 1986 3230 2046">
    <p class='ocr_par' dir='ltr' id='par_1_76' title="bbox 2605 1986 3230 2046">
     <span class='ocr_line' id='line_1_76' title="bbox 2605 1986 3230 2046; baseline 0.005 -3"><span class='ocrx_word' id='word_1_434' title='bbox 2605 1986 2816 2043; x_wconf 31' lang='lat' dir='ltr'><strong>CCLIV.</strong></span> <span class='ocrx_word' id='word_1_435' title='bbox 2863 1987 3230 2046; x_wconf 83' lang='lat' dir='ltr'><strong>OLYMPIAS.</strong></span> 
     </span>
    </p>
   </div>
   <div class='ocr_carea' id='block_1_77' title="bbox 2143 2069 2988 2141">
    <p class='ocr_par' dir='ltr' id='par_1_77' title="bbox 2143 2069 2988 2141">
     <span class='ocr_line' id='line_1_77' title="bbox 2143 2069 2988 2141; baseline 0.007 -17"><span class='ocrx_word' id='word_1_436' title='bbox 2143 2070 2183 2126; x_wconf 89' lang='lat' dir='ltr'><strong>l.</strong></span> <span class='ocrx_word' id='word_1_437' title='bbox 2223 2069 2440 2141; x_wconf 89' lang='lat' dir='ltr'><strong>Ulpicio</strong></span> <span class='ocrx_word' id='word_1_438' title='bbox 2465 2078 2519 2126; x_wconf 88' lang='lat' dir='ltr'><strong>et</strong></span> <span class='ocrx_word' id='word_1_439' title='bbox 2544 2069 2814 2126; x_wconf 85' lang='lat' dir='ltr'><strong>Pontiano</strong></span> <span class='ocrx_word' id='word_1_440' title='bbox 2844 2090 2988 2130; x_wconf 91' lang='lat' dir='ltr'><strong>coss.</strong></span> 
     </span>
    </p>
   </div>
   <div class='ocr_carea' id='block_1_78' title="bbox 2138 2161 2964 2229">
    <p class='ocr_par' dir='ltr' id='par_1_78' title="bbox 2138 2161 2964 2229">
     <span class='ocr_line' id='line_1_78' title="bbox 2138 2161 2964 2229; baseline 0.004 -12"><span class='ocrx_word' id='word_1_441' title='bbox 2138 2161 2205 2217; x_wconf 90' lang='lat' dir='ltr'><strong>ll.</strong></span> <span class='ocrx_word' id='word_1_442' title='bbox 2236 2162 2512 2218; x_wconf 87' lang='lat' dir='ltr'><strong>Gordiano</strong></span> <span class='ocrx_word' id='word_1_443' title='bbox 2533 2171 2587 2218; x_wconf 92' lang='lat' dir='ltr'><strong>et</strong></span> <span class='ocrx_word' id='word_1_444' title='bbox 2609 2163 2796 2217; x_wconf 82' lang='lat' dir='ltr'><strong>Aviola</strong></span> <span class='ocrx_word' id='word_1_445' title='bbox 2821 2180 2964 2229; x_wconf 83' lang='lat' dir='ltr'><strong>coss.</strong></span> 
     </span>
    </p>
   </div>
   <div class='ocr_carea' id='block_1_79' title="bbox 2138 2250 2987 2310">
    <p class='ocr_par' dir='ltr' id='par_1_79' title="bbox 2138 2250 2987 2310">
     <span class='ocr_line' id='line_1_79' title="bbox 2138 2250 2987 2310; baseline 0.002 -4"><span class='ocrx_word' id='word_1_446' title='bbox 2138 2250 2226 2307; x_wconf 88' lang='lat' dir='ltr'><strong>Ill.</strong></span> <span class='ocrx_word' id='word_1_447' title='bbox 2254 2251 2453 2306; x_wconf 84' lang='lat' dir='ltr'><strong>Albino</strong></span> <span class='ocrx_word' id='word_1_448' title='bbox 2486 2261 2540 2307; x_wconf 86' lang='lat' dir='ltr'><strong>et</strong></span> <span class='ocrx_word' id='word_1_449' title='bbox 2573 2251 2816 2308; x_wconf 80' lang='lat' dir='ltr'><strong>Venusto</strong></span> <span class='ocrx_word' id='word_1_450' title='bbox 2847 2271 2987 2310; x_wconf 79' lang='lat' dir='ltr'><strong>coss.</strong></span> 
     </span>
    </p>
   </div>
   <div class='ocr_carea' id='block_1_80' title="bbox 2188 2344 3694 2428">
    <p class='ocr_par' dir='ltr' id='par_1_80' title="bbox 2188 2344 3694 2428">
     <span class='ocr_line' id='line_1_80' title="bbox 2188 2344 3694 2428; baseline 0.01 -29"><span class='ocrx_word' id='word_1_451' title='bbox 2188 2344 2286 2401; x_wconf 85' lang='lat' dir='ltr'><strong>His</strong></span> <span class='ocrx_word' id='word_1_452' title='bbox 2311 2362 2456 2403; x_wconf 91' lang='lat' dir='ltr'><strong>coss.</strong></span> <span class='ocrx_word' id='word_1_453' title='bbox 2483 2347 2751 2404; x_wconf 80' lang='lat' dir='ltr'><strong>irruentes</strong></span> <span class='ocrx_word' id='word_1_454' title='bbox 2783 2349 2989 2406; x_wconf 86' lang='lat' dir='ltr'><strong>milites.</strong></span> <span class='ocrx_word' id='word_1_455' title='bbox 3016 2350 3362 2408; x_wconf 81' lang='lat' dir='ltr'><strong>Maximinum</strong></span> <span class='ocrx_word' id='word_1_456' title='bbox 3392 2355 3694 2428; x_wconf 75' lang='lat' dir='ltr'><strong>Augustum</strong></span> 
     </span>
    </p>
   </div>
   <div class='ocr_carea' id='block_1_81' title="bbox 2116 2443 3689 2522">
    <p class='ocr_par' dir='ltr' id='par_1_81' title="bbox 2116 2443 3689 2522">
     <span class='ocr_line' id='line_1_81' title="bbox 2116 2443 3689 2522; baseline 0.009 -26"><span class='ocrx_word' id='word_1_457' title='bbox 2116 2443 2376 2513; x_wconf 52' lang='lat' dir='ltr'><strong>Aquileia</strong></span> <span class='ocrx_word' id='word_1_458' title='bbox 2402 2445 2956 2512; x_wconf 80' lang='lat' dir='ltr'><strong>interfecerunt,cum</strong></span> <span class='ocrx_word' id='word_1_459' title='bbox 2985 2464 3187 2503; x_wconf 89' lang='lat' dir='ltr'><strong>annum</strong></span> <span class='ocrx_word' id='word_1_460' title='bbox 3222 2461 3404 2522; x_wconf 80' lang='lat' dir='ltr'><strong>ageret</strong></span> <span class='ocrx_word' id='word_1_461' title='bbox 3431 2470 3554 2510; x_wconf 78' lang='lat' dir='ltr'><strong>va.</strong></span> <span class='ocrx_word' id='word_1_462' title='bbox 3587 2454 3689 2510; x_wconf 86' lang='lat' dir='ltr'><strong>Cui</strong></span> 
     </span>
    </p>
   </div>
   <div class='ocr_carea' id='block_1_82' title="bbox 2116 2537 3692 2614">
    <p class='ocr_par' dir='ltr' id='par_1_82' title="bbox 2116 2537 3692 2614">
     <span class='ocr_line' id='line_1_82' title="bbox 2116 2537 3692 2614; baseline 0.008 -22"><span class='ocrx_word' id='word_1_463' title='bbox 2116 2539 2384 2593; x_wconf 88' lang='lat' dir='ltr'><strong>successit</strong></span> <span class='ocrx_word' id='word_1_464' title='bbox 2412 2537 2708 2607; x_wconf 87' lang='lat' dir='ltr'><strong>Balbinus;</strong></span> <span class='ocrx_word' id='word_1_465' title='bbox 2739 2556 2845 2610; x_wconf 93' lang='lat' dir='ltr'><strong>quo</strong></span> <span class='ocrx_word' id='word_1_466' title='bbox 2873 2542 3093 2597; x_wconf 86' lang='lat' dir='ltr'><strong>tertium</strong></span> <span class='ocrx_word' id='word_1_467' title='bbox 3127 2553 3251 2614; x_wconf 87' lang='lat' dir='ltr'><strong>post</strong></span> <span class='ocrx_word' id='word_1_468' title='bbox 3280 2562 3520 2604; x_wconf 87' lang='lat' dir='ltr'><strong>mensem</strong></span> <span class='ocrx_word' id='word_1_469' title='bbox 3579 2567 3692 2606; x_wconf 66' lang='lat' dir='ltr'><strong>caa-.</strong></span> 
     </span>
    </p>
   </div>
   <div class='ocr_carea' id='block_1_83' title="bbox 2115 2629 3688 2710">
    <p class='ocr_par' dir='ltr' id='par_1_83' title="bbox 2115 2629 3688 2710">
     <span class='ocr_line' id='line_1_83' title="bbox 2115 2629 3688 2710; baseline 0.01 -26"><span class='ocrx_word' id='word_1_470' title='bbox 2115 2645 2197 2697; x_wconf 84' lang='lat' dir='ltr'><strong>so,</strong></span> <span class='ocrx_word' id='word_1_471' title='bbox 2233 2629 2521 2700; x_wconf 88' lang='lat' dir='ltr'><strong>imperium</strong></span> <span class='ocrx_word' id='word_1_472' title='bbox 2562 2631 2792 2701; x_wconf 88' lang='lat' dir='ltr'><strong>adeptus</strong></span> <span class='ocrx_word' id='word_1_473' title='bbox 2813 2641 2897 2688; x_wconf 90' lang='lat' dir='ltr'><strong>est</strong></span> <span class='ocrx_word' id='word_1_474' title='bbox 2923 2633 3170 2702; x_wconf 88' lang='lat' dir='ltr'><strong>Publius,</strong></span> <span class='ocrx_word' id='word_1_475' title='bbox 3202 2638 3291 2708; x_wconf 86' lang='lat' dir='ltr'><strong>qui</strong></span> <span class='ocrx_word' id='word_1_476' title='bbox 3315 2649 3437 2710; x_wconf 85' lang='lat' dir='ltr'><strong>post</strong></span> <span class='ocrx_word' id='word_1_477' title='bbox 3470 2654 3688 2700; x_wconf 84' lang='lat' dir='ltr'><strong>centum</strong></span> 
     </span>
    </p>
   </div>
   <div class='ocr_carea' id='block_1_84' title="bbox 2115 2719 2980 2792">
    <p class='ocr_par' dir='ltr' id='par_1_84' title="bbox 2115 2719 2980 2792">
     <span class='ocr_line' id='line_1_84' title="bbox 2115 2719 2980 2792; baseline 0.002 -18"><span class='ocrx_word' id='word_1_478' title='bbox 2115 2719 2231 2774; x_wconf 91' lang='lat' dir='ltr'><strong>dies</strong></span> <span class='ocrx_word' id='word_1_479' title='bbox 2261 2721 2464 2790; x_wconf 90' lang='lat' dir='ltr'><strong>pariter</strong></span> <span class='ocrx_word' id='word_1_480' title='bbox 2494 2728 2578 2775; x_wconf 91' lang='lat' dir='ltr'><strong>est</strong></span> <span class='ocrx_word' id='word_1_481' title='bbox 2601 2721 2980 2792; x_wconf 88' lang='lat' dir='ltr'><strong>interemptus.</strong></span> 
     </span>
    </p>
   </div>
   <div class='ocr_carea' id='block_1_85' title="bbox 2185 2807 3690 2890">
    <p class='ocr_par' dir='ltr' id='par_1_85' title="bbox 2185 2807 3690 2890">
     <span class='ocr_line' id='line_1_85' title="bbox 2185 2807 3690 2890; baseline 0.011 -27"><span class='ocrx_word' id='word_1_482' title='bbox 2185 2810 2554 2870; x_wconf 81' lang='lat' dir='ltr'><strong>Romanorum</strong></span> <span class='ocrx_word' id='word_1_483' title='bbox 2576 2807 2850 2878; x_wconf 80' lang='lat' dir='ltr'><strong>imperavit</strong></span> <span class='ocrx_word' id='word_1_484' title='bbox 2870 2813 3032 2874; x_wconf 79' lang='lat' dir='ltr'><strong>XXIV</strong></span> <span class='ocrx_word' id='word_1_485' title='bbox 3045 2815 3354 2877; x_wconf 90' lang='lat' dir='ltr'><strong>Gordianus</strong></span> <span class='ocrx_word' id='word_1_486' title='bbox 3375 2825 3576 2890; x_wconf 85' lang='lat' dir='ltr'><strong>senior,</strong></span> <span class='ocrx_word' id='word_1_487' title='bbox 3599 2844 3690 2880; x_wconf 76' lang='lat' dir='ltr'><strong>an-</strong></span> 
     </span>
    </p>
   </div>
   <div class='ocr_carea' id='block_1_86' title="bbox 2111 2903 3331 2957">
    <p class='ocr_par' dir='ltr' id='par_1_86' title="bbox 2111 2903 3331 2957">
     <span class='ocr_line' id='line_1_86' title="bbox 2111 2903 3331 2957; baseline 0.011 -2"><span class='ocrx_word' id='word_1_488' title='bbox 2111 2903 2198 2957; x_wconf 90' lang='lat' dir='ltr'><strong>nis</strong></span> <span class='ocrx_word' id='word_1_489' title='bbox 2235 2919 2309 2957; x_wconf 70' lang='grc' dir='ltr'>γι.</span> <span class='ocrx_word' id='word_1_490' title='bbox 3327 2927 3331 2934; x_wconf 92' lang='grc'>·</span> 
     </span>
    </p>
   </div>
   <div class='ocr_carea' id='block_1_87' title="bbox 2116 2983 3415 3071">
    <p class='ocr_par' dir='ltr' id='par_1_87' title="bbox 2116 2983 3415 3071">
     <span class='ocr_line' id='line_1_87' title="bbox 2116 2983 3415 3071; baseline 0.022 -34"><span class='ocrx_word' id='word_1_491' title='bbox 2116 2983 2159 3038; x_wconf 80' lang='grc' dir='ltr'>Ι.</span> <span class='ocrx_word' id='word_1_492' title='bbox 2193 2984 2467 3043; x_wconf 88' lang='lat' dir='ltr'><strong>Gordiano</strong></span> <span class='ocrx_word' id='word_1_493' title='bbox 2495 2989 2745 3060; x_wconf 78' lang='lat' dir='ltr'><strong>Augusto</strong></span> <span class='ocrx_word' id='word_1_494' title='bbox 2767 3011 2800 3048; x_wconf 88' lang='grc' dir='ltr'><strong>ιι</strong></span> <span class='ocrx_word' id='word_1_495' title='bbox 2828 3005 2881 3051; x_wconf 89' lang='lat' dir='ltr'><strong>et</strong></span> <span class='ocrx_word' id='word_1_496' title='bbox 2911 2997 3238 3071; x_wconf 89' lang='lat' dir='ltr'><strong>Pompeiano</strong></span> <span class='ocrx_word' id='word_1_497' title='bbox 3271 3023 3415 3065; x_wconf 90' lang='lat' dir='ltr'><strong>coss.</strong></span> 
     </span>
    </p>
   </div>
   <div class='ocr_carea' id='block_1_88' title="bbox 2535 3079 3119 3147">
    <p class='ocr_par' dir='ltr' id='par_1_88' title="bbox 2535 3079 3119 3147">
     <span class='ocr_line' id='line_1_88' title="bbox 2535 3079 3119 3147; baseline 0.021 -13"><span class='ocrx_word' id='word_1_498' title='bbox 2535 3079 2713 3138; x_wconf 78' lang='lat' dir='ltr'><strong>CCLV</strong></span> <span class='ocrx_word' id='word_1_499' title='bbox 2748 3084 3119 3147; x_wconf 79' lang='lat' dir='ltr'><strong>OLYMPIAS.</strong></span> 
     </span>
    </p>
   </div>
   <div class='ocr_carea' id='block_1_89' title="bbox 2114 3164 2986 3234">
    <p class='ocr_par' dir='ltr' id='par_1_89' title="bbox 2114 3164 2986 3234">
     <span class='ocr_line' id='line_1_89' title="bbox 2114 3164 2986 3234; baseline 0.018 -15"><span class='ocrx_word' id='word_1_500' title='bbox 2114 3164 2178 3220; x_wconf 91' lang='lat' dir='ltr'><strong>ll.</strong></span> <span class='ocrx_word' id='word_1_501' title='bbox 2209 3164 2389 3224; x_wconf 86' lang='lat' dir='ltr'><strong>Attico</strong></span> <span class='ocrx_word' id='word_1_502' title='bbox 2419 3176 2474 3223; x_wconf 84' lang='lat' dir='ltr'><strong>et</strong></span> <span class='ocrx_word' id='word_1_503' title='bbox 2501 3169 2802 3230; x_wconf 66' lang='lat' dir='ltr'><strong>Praetextato</strong></span> <span class='ocrx_word' id='word_1_504' title='bbox 2840 3193 2986 3234; x_wconf 91' lang='lat' dir='ltr'><strong>coss.</strong></span> 
     </span>
    </p>
   </div>
   <div class='ocr_carea' id='block_1_90' title="bbox 2030 3255 3009 3336">
    <p class='ocr_par' dir='ltr' id='par_1_90' title="bbox 2030 3255 3009 3336">
     <span class='ocr_line' id='line_1_90' title="bbox 2030 3255 3009 3336; baseline 0.016 -26"><span class='ocrx_word' id='word_1_505' title='bbox 2030 3261 2074 3318; x_wconf 87' lang='lat' dir='ltr'><strong>C</strong></span> <span class='ocrx_word' id='word_1_506' title='bbox 2107 3255 2195 3312; x_wconf 85' lang='lat' dir='ltr'><strong>III.</strong></span> <span class='ocrx_word' id='word_1_507' title='bbox 2227 3259 2522 3317; x_wconf 86' lang='lat' dir='ltr'><strong>Aureliano</strong></span> <span class='ocrx_word' id='word_1_508' title='bbox 2557 3271 2612 3318; x_wconf 90' lang='lat' dir='ltr'><strong>et</strong></span> <span class='ocrx_word' id='word_1_509' title='bbox 2641 3264 2826 3336; x_wconf 86' lang='lat' dir='ltr'><strong>Pappo</strong></span> <span class='ocrx_word' id='word_1_510' title='bbox 2861 3285 3009 3326; x_wconf 90' lang='lat' dir='ltr'><strong>coss.</strong></span> 
     </span>
    </p>
   </div>
   <div class='ocr_carea' id='block_1_91' title="bbox 2104 3348 3115 3424">
    <p class='ocr_par' dir='ltr' id='par_1_91' title="bbox 2104 3348 3115 3424">
     <span class='ocr_line' id='line_1_91' title="bbox 2104 3348 3115 3424; baseline 0.016 -21"><span class='ocrx_word' id='word_1_511' title='bbox 2104 3348 2195 3406; x_wconf 85' lang='lat' dir='ltr'><strong>IV.</strong></span> <span class='ocrx_word' id='word_1_512' title='bbox 2230 3351 2523 3424; x_wconf 83' lang='lat' dir='ltr'><strong>Peregrino</strong></span> <span class='ocrx_word' id='word_1_513' title='bbox 2557 3365 2612 3411; x_wconf 90' lang='lat' dir='ltr'><strong>et</strong></span> <span class='ocrx_word' id='word_1_514' title='bbox 2645 3356 2942 3416; x_wconf 69' lang='lat' dir='ltr'><strong>Emiliano</strong></span> <span class='ocrx_word' id='word_1_515' title='bbox 2971 3378 3115 3422; x_wconf 89' lang='lat' dir='ltr'><strong>coss.</strong></span> 
     </span>
    </p>
   </div>
   <div class='ocr_carea' id='block_1_92' title="bbox 2107 3443 2969 3519">
    <p class='ocr_par' dir='ltr' id='par_1_92' title="bbox 2107 3443 2969 3519">
     <span class='ocr_line' id='line_1_92' title="bbox 2107 3443 2969 3519; baseline 0.015 -21"><span class='ocrx_word' id='word_1_516' title='bbox 2107 3443 2173 3498; x_wconf 71' lang='grc' dir='ltr'><strong>ν.</strong></span> <span class='ocrx_word' id='word_1_517' title='bbox 2209 3445 2457 3519; x_wconf 86' lang='lat' dir='ltr'><strong>Philippo</strong></span> <span class='ocrx_word' id='word_1_518' title='bbox 2487 3457 2541 3505; x_wconf 92' lang='lat' dir='ltr'><strong>et</strong></span> <span class='ocrx_word' id='word_1_519' title='bbox 2567 3448 2794 3506; x_wconf 87' lang='lat' dir='ltr'><strong>Tatiano</strong></span> <span class='ocrx_word' id='word_1_520' title='bbox 2825 3469 2969 3511; x_wconf 91' lang='lat' dir='ltr'><strong>coss.</strong></span> 
     </span>
    </p>
   </div>
   <div class='ocr_carea' id='block_1_93' title="bbox 2520 3563 3125 3628">
    <p class='ocr_par' dir='ltr' id='par_1_93' title="bbox 2520 3563 3125 3628">
     <span class='ocr_line' id='line_1_93' title="bbox 2520 3563 3125 3628; baseline 0.017 -12"><span class='ocrx_word' id='word_1_521' title='bbox 2520 3563 2719 3628; x_wconf 73' lang='lat' dir='ltr'><strong>CCLV!</strong></span> <span class='ocrx_word' id='word_1_522' title='bbox 2757 3565 3125 3627; x_wconf 81' lang='lat' dir='ltr'><strong>OLYMPIAS.</strong></span> 
     </span>
    </p>
   </div>
   <div class='ocr_carea' id='block_1_94' title="bbox 2100 3647 2970 3717">
    <p class='ocr_par' dir='ltr' id='par_1_94' title="bbox 2100 3647 2970 3717">
     <span class='ocr_line' id='line_1_94' title="bbox 2100 3647 2970 3717; baseline 0.017 -16"><span class='ocrx_word' id='word_1_523' title='bbox 2100 3647 2184 3703; x_wconf 81' lang='lat' dir='ltr'><strong>Vl.</strong></span> <span class='ocrx_word' id='word_1_524' title='bbox 2221 3650 2490 3708; x_wconf 69' lang='lat' dir='ltr'><strong>Prmsentc</strong></span> <span class='ocrx_word' id='word_1_525' title='bbox 2521 3666 2571 3709; x_wconf 90' lang='lat' dir='ltr'><strong>ct</strong></span> <span class='ocrx_word' id='word_1_526' title='bbox 2592 3657 2788 3712; x_wconf 87' lang='lat' dir='ltr'><strong>Albino</strong></span> <span class='ocrx_word' id='word_1_527' title='bbox 2820 3675 2970 3717; x_wconf 86' lang='lat' dir='ltr'><strong>coss.</strong></span> 
     </span>
    </p>
   </div>
   <div class='ocr_carea' id='block_1_95' title="bbox 2172 3749 3669 3822">
    <p class='ocr_par' dir='ltr' id='par_1_95' title="bbox 2172 3749 3669 3822">
     <span class='ocr_line' id='line_1_95' title="bbox 2172 3749 3669 3822; baseline 0.007 -21"><span class='ocrx_word' id='word_1_528' title='bbox 2172 3749 2268 3805; x_wconf 85' lang='lat' dir='ltr'><strong>llis</strong></span> <span class='ocrx_word' id='word_1_529' title='bbox 2295 3764 2440 3806; x_wconf 89' lang='lat' dir='ltr'><strong>coss.</strong></span> <span class='ocrx_word' id='word_1_530' title='bbox 2459 3749 2769 3806; x_wconf 86' lang='lat' dir='ltr'><strong>Gordianus</strong></span> <span class='ocrx_word' id='word_1_531' title='bbox 2792 3751 2977 3807; x_wconf 90' lang='lat' dir='ltr'><strong>senior</strong></span> <span class='ocrx_word' id='word_1_532' title='bbox 2991 3766 3055 3807; x_wconf 81' lang='lat' dir='ltr'><strong>ex</strong></span> <span class='ocrx_word' id='word_1_533' title='bbox 3077 3754 3268 3808; x_wconf 87' lang='lat' dir='ltr'><strong>morbo</strong></span> <span class='ocrx_word' id='word_1_534' title='bbox 3297 3753 3549 3820; x_wconf 87' lang='lat' dir='ltr'><strong>decessit,</strong></span> <span class='ocrx_word' id='word_1_535' title='bbox 3581 3773 3669 3822; x_wconf 71' lang='lat' dir='ltr'><strong>an,</strong></span> 
     </span>
    </p>
   </div>
   <div class='ocr_carea' id='block_1_96' title="bbox 2101 3849 3486 3932">
    <p class='ocr_par' dir='ltr' id='par_1_96' title="bbox 2101 3849 3486 3932">
     <span class='ocr_line' id='line_1_96' title="bbox 2101 3849 3486 3932; baseline 0 -38"><span class='ocrx_word' id='word_1_536' title='bbox 2101 3857 2262 3895; x_wconf 70' lang='lat' dir='ltr'><strong>LXXIX</strong></span> <span class='ocrx_word' id='word_1_537' title='bbox 2301 3849 2484 3895; x_wconf 89' lang='lat' dir='ltr'><strong>natus.</strong></span> <span class='ocrx_word' id='word_1_538' title='bbox 3372 3892 3379 3896; x_wconf 92' lang='lat'>_</span> <span class='ocrx_word' id='word_1_539' title='bbox 3412 3925 3416 3928; x_wconf 27' lang='grc' dir='ltr'><strong>Ι</strong></span> 
     </span>
    </p>
   </div>
   <div class='ocr_carea' id='block_1_97' title="bbox 2169 3931 3662 4009">
    <p class='ocr_par' dir='ltr' id='par_1_97' title="bbox 2169 3931 3662 4009">
     <span class='ocr_line' id='line_1_97' title="bbox 2169 3931 3662 4009; baseline 0.005 -24"><span class='ocrx_word' id='word_1_540' title='bbox 2169 3931 2537 3986; x_wconf 83' lang='lat' dir='ltr'><strong>Romanorum</strong></span> <span class='ocrx_word' id='word_1_541' title='bbox 2598 3932 2894 4004; x_wconf 83' lang='lat' dir='ltr'><strong>imperator</strong></span> <span class='ocrx_word' id='word_1_542' title='bbox 2933 3933 3078 3988; x_wconf 76' lang='lat' dir='ltr'><strong>XXV</strong></span> <span class='ocrx_word' id='word_1_543' title='bbox 3123 3934 3406 4007; x_wconf 86' lang='lat' dir='ltr'><strong>Philippus</strong></span> <span class='ocrx_word' id='word_1_544' title='bbox 3454 3938 3662 4009; x_wconf 85' lang='lat' dir='ltr'><strong>junior,</strong></span> 
     </span>
    </p>
   </div>
   <div class='ocr_carea' id='block_1_98' title="bbox 2099 4023 3105 4098">
    <p class='ocr_par' dir='ltr' id='par_1_98' title="bbox 2099 4023 3105 4098">
     <span class='ocr_line' id='line_1_98' title="bbox 2099 4023 3105 4098; baseline 0.004 -20"><span class='ocrx_word' id='word_1_545' title='bbox 2099 4041 2207 4080; x_wconf 89' lang='lat' dir='ltr'><strong>una</strong></span> <span class='ocrx_word' id='word_1_546' title='bbox 2233 4039 2356 4079; x_wconf 89' lang='lat' dir='ltr'><strong>cum</strong></span> <span class='ocrx_word' id='word_1_547' title='bbox 2381 4024 2493 4079; x_wconf 81' lang='lat' dir='ltr'><strong>ﬁlio</strong></span> <span class='ocrx_word' id='word_1_548' title='bbox 2521 4023 2769 4098; x_wconf 88' lang='lat' dir='ltr'><strong>Philippo</strong></span> <span class='ocrx_word' id='word_1_549' title='bbox 2791 4065 2807 4092; x_wconf 90' lang='lat'><strong>,</strong></span> <span class='ocrx_word' id='word_1_550' title='bbox 2843 4027 3002 4082; x_wconf 86' lang='lat' dir='ltr'><strong>annis</strong></span> <span class='ocrx_word' id='word_1_551' title='bbox 3032 4044 3105 4082; x_wconf 76' lang='lat' dir='ltr'><strong>v1.</strong></span> 
     </span>
    </p>
   </div>
   <div class='ocr_carea' id='block_1_99' title="bbox 2109 4119 3626 4212">
    <p class='ocr_par' dir='ltr' id='par_1_99' title="bbox 2109 4119 3626 4212">
     <span class='ocr_line' id='line_1_99' title="bbox 2109 4119 3626 4212; baseline 0.009 -38"><span class='ocrx_word' id='word_1_552' title='bbox 2109 4119 2149 4175; x_wconf 93' lang='lat' dir='ltr'><strong>l.</strong></span> <span class='ocrx_word' id='word_1_553' title='bbox 2183 4119 2433 4194; x_wconf 84' lang='lat' dir='ltr'><strong>Philippo</strong></span> <span class='ocrx_word' id='word_1_554' title='bbox 2459 4123 2705 4194; x_wconf 78' lang='lat' dir='ltr'><strong>Augusto</strong></span> <span class='ocrx_word' id='word_1_555' title='bbox 2738 4141 2799 4191; x_wconf 90' lang='grc' dir='ltr'><strong>ιι,</strong></span> <span class='ocrx_word' id='word_1_556' title='bbox 2829 4136 2881 4182; x_wconf 88' lang='lat' dir='ltr'><strong>et</strong></span> <span class='ocrx_word' id='word_1_557' title='bbox 2911 4126 3160 4212; x_wconf 81' lang='lat' dir='ltr'><strong>Philippo</strong></span> <span class='ocrx_word' id='word_1_558' title='bbox 3193 4131 3304 4185; x_wconf 84' lang='lat' dir='ltr'><strong>ﬁlio</strong></span> <span class='ocrx_word' id='word_1_559' title='bbox 3333 4132 3451 4202; x_wconf 81' lang='lat' dir='ltr'><strong>ejus</strong></span> <span class='ocrx_word' id='word_1_560' title='bbox 3482 4147 3626 4188; x_wconf 87' lang='lat' dir='ltr'><strong>coss.</strong></span> 
     </span>
    </p>
   </div>
   <div class='ocr_carea' id='block_1_100' title="bbox 2106 4299 3696 4386">
    <p class='ocr_par' dir='ltr' id='par_1_100' title="bbox 2106 4299 3696 4386">
     <span class='ocr_line' id='line_1_100' title="bbox 2106 4299 3696 4386; baseline 0.009 -32"><span class='ocrx_word' id='word_1_561' title='bbox 2106 4299 2168 4357; x_wconf 90' lang='lat' dir='ltr'><strong>Il.</strong></span> <span class='ocrx_word' id='word_1_562' title='bbox 2204 4301 2452 4374; x_wconf 85' lang='lat' dir='ltr'><strong>Philippo</strong></span> <span class='ocrx_word' id='word_1_563' title='bbox 2493 4304 2738 4375; x_wconf 82' lang='lat' dir='ltr'><strong>Augusto</strong></span> <span class='ocrx_word' id='word_1_564' title='bbox 2787 4323 2865 4362; x_wconf 84' lang='grc' dir='ltr'>ιιι.</span> <span class='ocrx_word' id='word_1_565' title='bbox 2893 4317 2946 4363; x_wconf 91' lang='lat' dir='ltr'><strong>et</strong></span> <span class='ocrx_word' id='word_1_566' title='bbox 2994 4309 3242 4382; x_wconf 88' lang='lat' dir='ltr'><strong>Philippo</strong></span> <span class='ocrx_word' id='word_1_567' title='bbox 3293 4313 3564 4383; x_wconf 84' lang='lat' dir='ltr'><strong>ﬁliocjus</strong></span> <span class='ocrx_word' id='word_1_568' title='bbox 3602 4329 3696 4386; x_wconf 39' lang='lat' dir='ltr'><strong>II,-</strong></span> 
     </span>
    </p>
   </div>
   <div class='ocr_carea' id='block_1_101' title="bbox 2176 4411 2320 4453">
    <p class='ocr_par' dir='ltr' id='par_1_101' title="bbox 2176 4411 2320 4453">
     <span class='ocr_line' id='line_1_101' title="bbox 2176 4411 2320 4453; baseline 0.021 -3"><span class='ocrx_word' id='word_1_569' title='bbox 2176 4411 2320 4453; x_wconf 84' lang='lat' dir='ltr'><strong>COSS.</strong></span> 
     </span>
    </p>
   </div>
   <div class='ocr_carea' id='block_1_102' title="bbox 2105 4486 3117 4560">
    <p class='ocr_par' dir='ltr' id='par_1_102' title="bbox 2105 4486 3117 4560">
     <span class='ocr_line' id='line_1_102' title="bbox 2105 4486 3117 4560; baseline 0.006 -20"><span class='ocrx_word' id='word_1_570' title='bbox 2105 4486 2192 4541; x_wconf 86' lang='grc' dir='ltr'><strong>ΙΙΙ.</strong></span> <span class='ocrx_word' id='word_1_571' title='bbox 2225 4486 2519 4544; x_wconf 65' lang='grc' dir='ltr'>ίΕιῐιίΙίαιιο</span> <span class='ocrx_word' id='word_1_572' title='bbox 2545 4506 2582 4544; x_wconf 88' lang='grc' dir='ltr'><strong>ιι</strong></span> <span class='ocrx_word' id='word_1_573' title='bbox 2607 4501 2660 4545; x_wconf 87' lang='lat' dir='ltr'><strong>et</strong></span> <span class='ocrx_word' id='word_1_574' title='bbox 2690 4491 2948 4560; x_wconf 87' lang='lat' dir='ltr'><strong>Aquilino</strong></span> <span class='ocrx_word' id='word_1_575' title='bbox 2975 4509 3117 4548; x_wconf 85' lang='lat' dir='ltr'><strong>coss.</strong></span> 
     </span>
    </p>
   </div>
   <div class='ocr_carea' id='block_1_103' title="bbox 2568 4580 3201 4644">
    <p class='ocr_par' dir='ltr' id='par_1_103' title="bbox 2568 4580 3201 4644">
     <span class='ocr_line' id='line_1_103' title="bbox 2568 4580 3201 4644; baseline 0.014 -10"><span class='ocrx_word' id='word_1_576' title='bbox 2568 4580 2792 4635; x_wconf 78' lang='lat' dir='ltr'><strong>CCLV]!</strong></span> <span class='ocrx_word' id='word_1_577' title='bbox 2831 4581 3201 4644; x_wconf 71' lang='lat' dir='ltr'><strong>OI.Y1III’IAS.</strong></span> 
     </span>
    </p>
   </div>
   <div class='ocr_carea' id='block_1_104' title="bbox 2102 4667 2934 4727">
    <p class='ocr_par' dir='ltr' id='par_1_104' title="bbox 2102 4667 2934 4727">
     <span class='ocr_line' id='line_1_104' title="bbox 2102 4667 2934 4727; baseline 0.007 -6"><span class='ocrx_word' id='word_1_578' title='bbox 2102 4667 2196 4723; x_wconf 87' lang='lat' dir='ltr'><strong>IV.</strong></span> <span class='ocrx_word' id='word_1_579' title='bbox 2229 4669 2391 4726; x_wconf 89' lang='lat' dir='ltr'><strong>Decio</strong></span> <span class='ocrx_word' id='word_1_580' title='bbox 2421 4677 2474 4724; x_wconf 89' lang='lat' dir='ltr'><strong>et</strong></span> <span class='ocrx_word' id='word_1_581' title='bbox 2507 4670 2763 4725; x_wconf 86' lang='lat' dir='ltr'><strong>Gratiano</strong></span> <span class='ocrx_word' id='word_1_582' title='bbox 2791 4687 2934 4727; x_wconf 90' lang='lat' dir='ltr'><strong>coss.</strong></span> 
     </span>
    </p>
   </div>
   <div class='ocr_carea' id='block_1_105' title="bbox 2105 4762 2944 4820">
    <p class='ocr_par' dir='ltr' id='par_1_105' title="bbox 2105 4762 2944 4820">
     <span class='ocr_line' id='line_1_105' title="bbox 2105 4762 2944 4820; baseline 0.002 -4"><span class='ocrx_word' id='word_1_583' title='bbox 2105 4762 2171 4819; x_wconf 83' lang='lat' dir='ltr'><strong>V.</strong></span> <span class='ocrx_word' id='word_1_584' title='bbox 2199 4763 2352 4818; x_wconf 87' lang='lat' dir='ltr'><strong>Gallo</strong></span> <span class='ocrx_word' id='word_1_585' title='bbox 2380 4772 2436 4818; x_wconf 89' lang='lat' dir='ltr'><strong>et</strong></span> <span class='ocrx_word' id='word_1_586' title='bbox 2467 4763 2763 4819; x_wconf 74' lang='lat' dir='ltr'><strong>Volusiano</strong></span> <span class='ocrx_word' id='word_1_587' title='bbox 2799 4780 2944 4820; x_wconf 88' lang='lat' dir='ltr'><strong>coss.</strong></span> 
     </span>
    </p>
   </div>
   <div class='ocr_carea' id='block_1_106' title="bbox 2104 4853 3113 4911">
    <p class='ocr_par' dir='ltr' id='par_1_106' title="bbox 2104 4853 3113 4911">
     <span class='ocr_line' id='line_1_106' title="bbox 2104 4853 3113 4911; baseline 0.001 -4"><span class='ocrx_word' id='word_1_588' title='bbox 2104 4853 2190 4908; x_wconf 79' lang='lat' dir='ltr'><strong>Vl.</strong></span> <span class='ocrx_word' id='word_1_589' title='bbox 2223 4854 2519 4911; x_wconf 86' lang='lat' dir='ltr'><strong>Volusiano</strong></span> <span class='ocrx_word' id='word_1_590' title='bbox 2551 4873 2587 4911; x_wconf 89' lang='grc' dir='ltr'><strong>ιι</strong></span> <span class='ocrx_word' id='word_1_591' title='bbox 2625 4865 2678 4910; x_wconf 90' lang='lat' dir='ltr'><strong>et</strong></span> <span class='ocrx_word' id='word_1_592' title='bbox 2705 4856 2940 4910; x_wconf 81' lang='lat' dir='ltr'><strong>Maximo</strong></span> <span class='ocrx_word' id='word_1_593' title='bbox 2968 4872 3113 4910; x_wconf 90' lang='lat' dir='ltr'><strong>coss.</strong></span> 
     </span>
    </p>
   </div>
   <div class='ocr_carea' id='block_1_107' title="bbox 2169 4945 3677 5019">
    <p class='ocr_par' dir='ltr' id='par_1_107' title="bbox 2169 4945 3677 5019">
     <span class='ocr_line' id='line_1_107' title="bbox 2169 4945 3677 5019; baseline 0.001 -17"><span class='ocrx_word' id='word_1_594' title='bbox 2169 4949 2448 5019; x_wconf 89' lang='lat' dir='ltr'><strong>Philippus</strong></span> <span class='ocrx_word' id='word_1_595' title='bbox 2487 4949 2672 5017; x_wconf 75' lang='lat' dir='ltr'><strong>junior</strong></span> <span class='ocrx_word' id='word_1_596' title='bbox 2707 4949 2873 5001; x_wconf 89' lang='lat' dir='ltr'><strong>multa</strong></span> <span class='ocrx_word' id='word_1_597' title='bbox 2906 4947 3040 5000; x_wconf 77' lang='lat' dir='ltr'><strong>bella</strong></span> <span class='ocrx_word' id='word_1_598' title='bbox 3088 4945 3313 5000; x_wconf 82' lang='lat' dir='ltr'><strong>feliciter</strong></span> <span class='ocrx_word' id='word_1_599' title='bbox 3338 4947 3581 5002; x_wconf 76' lang='lat' dir='ltr'><strong>confecit.</strong></span> <span class='ocrx_word' id='word_1_600' title='bbox 3621 4947 3677 5003; x_wconf 85' lang='lat' dir='ltr'><strong>Is</strong></span> 
     </span>
    </p>
   </div>
   <div class='ocr_carea' id='block_1_108' title="bbox 2100 5038 3674 5108">
    <p class='ocr_par' dir='ltr' id='par_1_108' title="bbox 2100 5038 3674 5108">
     <span class='ocr_line' id='line_1_108' title="bbox 2100 5038 3674 5108; baseline -0.001 -14"><span class='ocrx_word' id='word_1_601' title='bbox 2100 5040 2227 5094; x_wconf 88' lang='lat' dir='ltr'><strong>dum</strong></span> <span class='ocrx_word' id='word_1_602' title='bbox 2285 5049 2472 5094; x_wconf 87' lang='lat' dir='ltr'><strong>contra</strong></span> <span class='ocrx_word' id='word_1_603' title='bbox 2531 5038 2779 5108; x_wconf 29' lang='lat' dir='ltr'><strong>Gepidas.</strong></span> <span class='ocrx_word' id='word_1_604' title='bbox 2817 5040 3128 5108; x_wconf 66' lang='lat' dir='ltr'><strong>praeliatur,</strong></span> <span class='ocrx_word' id='word_1_605' title='bbox 3182 5054 3321 5108; x_wconf 89' lang='lat' dir='ltr'><strong>equo</strong></span> <span class='ocrx_word' id='word_1_606' title='bbox 3377 5039 3674 5108; x_wconf 86' lang='lat' dir='ltr'><strong>ccspitantc</strong></span> 
     </span>
    </p>
   </div>
   <div class='ocr_carea' id='block_1_109' title="bbox 2101 5128 3676 5201">
    <p class='ocr_par' dir='ltr' id='par_1_109' title="bbox 2101 5128 3676 5201">
     <span class='ocr_line' id='line_1_109' title="bbox 2101 5128 3676 5201; baseline -0.003 -13"><span class='ocrx_word' id='word_1_607' title='bbox 2101 5136 2308 5201; x_wconf 87' lang='lat' dir='ltr'><strong>lapsus,</strong></span> <span class='ocrx_word' id='word_1_608' title='bbox 2339 5131 2515 5186; x_wconf 85' lang='lat' dir='ltr'><strong>femur</strong></span> <span class='ocrx_word' id='word_1_609' title='bbox 2536 5131 2810 5196; x_wconf 80' lang='lat' dir='ltr'><strong>contrivit,</strong></span> <span class='ocrx_word' id='word_1_610' title='bbox 2839 5128 3176 5198; x_wconf 73' lang='lat' dir='ltr'><strong>Romamque</strong></span> <span class='ocrx_word' id='word_1_611' title='bbox 3209 5146 3481 5197; x_wconf 88' lang='lat' dir='ltr'><strong>reversus,</strong></span> <span class='ocrx_word' id='word_1_612' title='bbox 3511 5145 3574 5185; x_wconf 78' lang='lat' dir='ltr'><strong>ex</strong></span> <span class='ocrx_word' id='word_1_613' title='bbox 3605 5144 3676 5184; x_wconf 88' lang='lat' dir='ltr'><strong>eo</strong></span> 
     </span>
    </p>
   </div>
   <div class='ocr_carea' id='block_1_110' title="bbox 2099 5222 3372 5287">
    <p class='ocr_par' dir='ltr' id='par_1_110' title="bbox 2099 5222 3372 5287">
     <span class='ocr_line' id='line_1_110' title="bbox 2099 5222 3372 5287; baseline -0.001 -10"><span class='ocrx_word' id='word_1_614' title='bbox 2099 5225 2319 5278; x_wconf 87' lang='lat' dir='ltr'><strong>vulnere</strong></span> <span class='ocrx_word' id='word_1_615' title='bbox 2346 5222 2597 5287; x_wconf 88' lang='lat' dir='ltr'><strong>moritur,</strong></span> <span class='ocrx_word' id='word_1_616' title='bbox 2631 5238 2752 5284; x_wconf 88' lang='lat' dir='ltr'><strong>cum</strong></span> <span class='ocrx_word' id='word_1_617' title='bbox 2778 5230 2928 5277; x_wconf 87' lang='lat' dir='ltr'><strong>esset.</strong></span> <span class='ocrx_word' id='word_1_618' title='bbox 2953 5236 3219 5280; x_wconf 83' lang='lat' dir='ltr'><strong>annorum</strong></span> <span class='ocrx_word' id='word_1_619' title='bbox 3251 5237 3372 5280; x_wconf 68' lang='lat' dir='ltr'><strong>xcv.</strong></span> 
     </span>
    </p>
   </div>
   <div class='ocr_carea' id='block_1_111' title="bbox 2164 5404 3288 5476">
    <p class='ocr_par' dir='ltr' id='par_1_111' title="bbox 2164 5404 3288 5476">
     <span class='ocr_line' id='line_1_111' title="bbox 2164 5404 3288 5476; baseline -0.002 -15"><span class='ocrx_word' id='word_1_620' title='bbox 2164 5408 2534 5462; x_wconf 80' lang='lat' dir='ltr'><strong>Romanorum</strong></span> <span class='ocrx_word' id='word_1_621' title='bbox 2565 5406 2696 5476; x_wconf 84' lang='lat' dir='ltr'><strong>imp.</strong></span> <span class='ocrx_word' id='word_1_622' title='bbox 2733 5422 2881 5470; x_wconf 74' lang='lat' dir='ltr'><strong>xxvi,</strong></span> <span class='ocrx_word' id='word_1_623' title='bbox 2914 5404 3108 5460; x_wconf 86' lang='lat' dir='ltr'><strong>Decius</strong></span> <span class='ocrx_word' id='word_1_624' title='bbox 3131 5419 3219 5458; x_wconf 90' lang='lat' dir='ltr'><strong>an.</strong></span> <span class='ocrx_word' id='word_1_625' title='bbox 3250 5421 3288 5459; x_wconf 92' lang='grc' dir='ltr'><strong>ι.</strong></span> 
     </span>
    </p>
   </div>
   <div class='ocr_carea' id='block_1_112' title="bbox 1983 5498 3291 5576">
    <p class='ocr_par' dir='ltr' id='par_1_112' title="bbox 1983 5498 3291 5576">
     <span class='ocr_line' id='line_1_112' title="bbox 1983 5498 3291 5576; baseline -0.004 -22"><span class='ocrx_word' id='word_1_626' title='bbox 1983 5533 1985 5536; x_wconf 57' lang='grc' dir='ltr'><strong>ι</strong></span> <span class='ocrx_word' id='word_1_627' title='bbox 2089 5500 2130 5554; x_wconf 89' lang='grc' dir='ltr'>Ι.</span> <span class='ocrx_word' id='word_1_628' title='bbox 2168 5501 2329 5553; x_wconf 88' lang='lat' dir='ltr'><strong>Decio</strong></span> <span class='ocrx_word' id='word_1_629' title='bbox 2357 5500 2565 5552; x_wconf 66' lang='lat' dir='ltr'><strong>Ctesare</strong></span> <span class='ocrx_word' id='word_1_630' title='bbox 2594 5508 2648 5552; x_wconf 91' lang='lat' dir='ltr'><strong>et</strong></span> <span class='ocrx_word' id='word_1_631' title='bbox 2671 5498 2833 5576; x_wconf 86' lang='lat' dir='ltr'><strong>Decio</strong></span> <span class='ocrx_word' id='word_1_632' title='bbox 2864 5499 2972 5553; x_wconf 81' lang='lat' dir='ltr'><strong>lilio</strong></span> <span class='ocrx_word' id='word_1_633' title='bbox 3001 5498 3117 5565; x_wconf 76' lang='lat' dir='ltr'><strong>ejus</strong></span> <span class='ocrx_word' id='word_1_634' title='bbox 3144 5512 3291 5552; x_wconf 85' lang='lat' dir='ltr'><strong>coss.</strong></span> 
     </span>
    </p>
   </div>
   <div class='ocr_carea' id='block_1_113' title="bbox 2150 5595 3652 5667">
    <p class='ocr_par' dir='ltr' id='par_1_113' title="bbox 2150 5595 3652 5667">
     <span class='ocr_line' id='line_1_113' title="bbox 2150 5595 3652 5667; baseline 0.003 -17"><span class='ocrx_word' id='word_1_635' title='bbox 2150 5598 2266 5667; x_wconf 91' lang='lat' dir='ltr'><strong>Ipse</strong></span> <span class='ocrx_word' id='word_1_636' title='bbox 2299 5611 2429 5652; x_wconf 85' lang='lat' dir='ltr'><strong>vero</strong></span> <span class='ocrx_word' id='word_1_637' title='bbox 2461 5595 2678 5663; x_wconf 90' lang='lat' dir='ltr'><strong>Decius,</strong></span> <span class='ocrx_word' id='word_1_638' title='bbox 2719 5598 2846 5652; x_wconf 91' lang='lat' dir='ltr'><strong>dum</strong></span> <span class='ocrx_word' id='word_1_639' title='bbox 2888 5596 3114 5654; x_wconf 88' lang='lat' dir='ltr'><strong>Francis</strong></span> <span class='ocrx_word' id='word_1_640' title='bbox 3170 5599 3370 5654; x_wconf 81' lang='lat' dir='ltr'><strong>bellum</strong></span> <span class='ocrx_word' id='word_1_641' title='bbox 3400 5599 3652 5655; x_wconf 75' lang='lat' dir='ltr'><strong>illaturus</strong></span> 
     </span>
    </p>
   </div>
   <div class='ocr_carea' id='block_1_114' title="bbox 2080 5691 3655 5763">
    <p class='ocr_par' dir='ltr' id='par_1_114' title="bbox 2080 5691 3655 5763">
     <span class='ocr_line' id='line_1_114' title="bbox 2080 5691 3655 5763; baseline 0.002 -18"><span class='ocrx_word' id='word_1_642' title='bbox 2080 5691 2462 5762; x_wconf 76' lang='lat' dir='ltr'><strong>proficiscitur,</strong></span> <span class='ocrx_word' id='word_1_643' title='bbox 2488 5692 2556 5747; x_wconf 87' lang='lat' dir='ltr'><strong>ab</strong></span> <span class='ocrx_word' id='word_1_644' title='bbox 2587 5708 2695 5747; x_wconf 91' lang='lat' dir='ltr'><strong>uno</strong></span> <span class='ocrx_word' id='word_1_645' title='bbox 2719 5708 2785 5747; x_wconf 79' lang='lat' dir='ltr'><strong>ex</strong></span> <span class='ocrx_word' id='word_1_646' title='bbox 2816 5694 3129 5763; x_wconf 83' lang='lat' dir='ltr'><strong>proceribus</strong></span> <span class='ocrx_word' id='word_1_647' title='bbox 3153 5710 3275 5750; x_wconf 89' lang='lat' dir='ltr'><strong>cum</strong></span> <span class='ocrx_word' id='word_1_648' title='bbox 3303 5694 3412 5750; x_wconf 81' lang='lat' dir='ltr'><strong>lilio</strong></span> <span class='ocrx_word' id='word_1_649' title='bbox 3443 5695 3655 5758; x_wconf 54' lang='lat' dir='ltr'><strong>occidk</strong></span> 
     </span>
    </p>
   </div>
   <div class='ocr_carea' id='block_1_115' title="bbox 2080 5786 2922 5857">
    <p class='ocr_par' dir='ltr' id='par_1_115' title="bbox 2080 5786 2922 5857">
     <span class='ocr_line' id='line_1_115' title="bbox 2080 5786 2922 5857; baseline 0.004 -18"><span class='ocrx_word' id='word_1_650' title='bbox 2080 5794 2168 5842; x_wconf 85' lang='lat' dir='ltr'><strong>tur</strong></span> <span class='ocrx_word' id='word_1_651' title='bbox 2194 5786 2404 5857; x_wconf 76' lang='lat' dir='ltr'><strong>Abyrti,</strong></span> <span class='ocrx_word' id='word_1_652' title='bbox 2437 5802 2608 5842; x_wconf 88' lang='lat' dir='ltr'><strong>annos</strong></span> <span class='ocrx_word' id='word_1_653' title='bbox 2638 5795 2798 5842; x_wconf 88' lang='lat' dir='ltr'><strong>natus</strong></span> <span class='ocrx_word' id='word_1_654' title='bbox 2833 5799 2922 5842; x_wconf 69' lang='grc' dir='ltr'>ιιι.</span> 
     </span>
    </p>
   </div>
  </div>
