4118 6396
351 431 454 485 513
1588 431 2086 490 CHRONICORUM
2127 434 2254 492 LIB.
2297 435 2363 492 Il.
3499 445 3604 500 '5"

961 791 1820 973 EUSEBII
1925 787 2993 971 PAMPHILI

669 1111 1823 1254 CHBONICORUM
1897 1111 2372 1240 LIBER
2465 1114 3279 1249 SECUNDUS

1035 1354 1097 1416 S.
1138 1349 1633 1416 HIERONYMO
1678 1350 2188 1413 INTERPBETE
2229 1352 2332 1412 ET
2375 1349 2904 1416 AMPLIATORE

1300 1514 1417 1598 {Ad
1446 1515 1702 1585 codices
1733 1513 2075 1577 Vaticanos
2112 1531 2318 1594 nuper
2351 1521 2633 1580 exactis.

498 1825 810 1890 SANCTI
829 1819 1322 1885 HIERONYMI
1351 1816 1806 1880 PREFATIO
1834 1819 1935 1881 ΙΝ
1960 1816 2292 1880 LIBRUM
2314 1818 2388 1879 II
2419 1817 3038 1882 CHRONICORUM
3059 1820 3422 1896 EUSEBII.

493 1992 839 2048 HIERONYIUS
876 1986 1179 2043 VINCENTIO
1200 1999 1273 2042 ET
1309 1983 1548 2040 GALIENO
1586 1998 1701 2040 SUIS
1735 1998 2000 2040 SALUTEM.

404 2128 459 2182 1.
483 2126 652 2184 Vetus
671 2127 774 2182 iste
803 2126 1135 2181 disertorum
1158 2141 1279 2182 mos
1307 2125 1430 2190 fuit,
1461 2132 1522 2179 ut
1544 2123 1838 2181 exercendi
1866 2124 2067 2195 ingenii
2097 2137 2261 2180 causa
2282 2123 2500 2178 Graecos
2528 2124 2699 2180 libros
2721 2123 2916 2181 Latino
2938 2140 3192 2183 sermone
3215 2125 3588 2192 absolverent,

328 2229 408 2285 et,
439 2221 585 2292 quod
611 2221 735 2289 plus
765 2221 819 2275 in
853 2236 913 2276 se
947 2220 1280 2276 difﬁcultatis
1317 2220 1500 2286 habet,
1518 2227 1770 2292 poemata
1793 2219 2085 2275 illustrium
2119 2220 2382 2284 virorum,
2417 2219 2601 2275 addita
2631 2222 2791 2276 metri
2823 2222 3170 2291 necessitate,
3199 2221 3587 2280 transferrent.

331 2313 490 2370 Unde
524 2322 579 2370 et
610 2323 800 2371 noster
832 2314 1044 2371 Tullius
1067 2312 1313 2372 Platonis
1334 2315 1576 2386 integros
1603 2314 1773 2370 libros
1805 2313 1873 2368 ad
1905 2314 2130 2368 verbum
2161 2314 2551 2384 interpretatus
2580 2322 2666 2370 est
2699 2333 2714 2368 :
2745 2321 2948 2370 etcum
2977 2315 3202 2370 Aratum
3232 2317 3344 2386 jam
3385 2315 3586 2371 Roma-

325 2425 462 2478 num
494 2411 826 2466 hexametris
851 2412 1101 2468 versibus
1129 2411 1412 2476 edidisset,
1467 2411 1525 2465 in
1560 2410 1937 2480 Xenophontis
1978 2408 2331 2465 (Economico
2363 2410 2493 2466 lusit
2529 2428 2542 2464 :
2589 2410 2642 2465 in
2691 2425 2800 2480 quo
2851 2425 3012 2480 opere
3044 2410 3118 2464 ita
3171 2425 3314 2480 sape
3359 2425 3587 2467 aureum

327 2498 468 2554 illud
495 2499 695 2555 ﬁumen
723 2501 1046 2570 eloquentia
1066 2499 1394 2572 quibusdam
1427 2498 1640 2554 scabris
1671 2509 1726 2554 et
1756 2497 2084 2553 turbulentis
2103 2498 2352 2556 obicibus
2381 2497 2712 2567 retardatur,
2729 2506 2790 2555 ut
2815 2500 2910 2570 qui
2936 2500 3287 2576 interpretata
3311 2502 3583 2570 nesciunt,

325 2605 361 2644 a
385 2591 652 2647 Cicerone
685 2592 829 2646 dicta
860 2607 972 2646 non
992 2591 1238 2646 credant.
1271 2589 1496 2665 Difﬁcile
1521 2598 1607 2646 est
1627 2592 1774 2646 enim
1807 2591 2016 2646 alienas
2041 2591 2214 2647 lineas
2243 2593 2619 2663 insequentem
2642 2609 2751 2648 non
2782 2593 2984 2650 alicubi
3010 2594 3302 2649 excedere:
3327 2596 3581 2658 arduum,

325 2693 393 2740 ut
422 2701 545 2755 qua
574 2686 630 2740 in
679 2685 856 2740 aliena
882 2685 1065 2760 lingua
1094 2685 1414 2740 bene-dicta
1449 2691 1598 2751 sunt,
1652 2685 1903 2740 eumdem
1929 2685 2181 2740 decorem
2234 2686 2291 2740 in
2315 2687 2676 2743 translatione
2703 2697 3053 2758 conservent.
3091 2687 3464 2760 Signiﬁcatum
3501 2701 3588 2746 est

323 2781 538 2852 aliquid
589 2780 755 2837 unius
794 2780 948 2836 verbi
979 2781 1340 2851 proprietate;
1371 2795 1484 2836 non
1512 2779 1686 2834 habeo
1712 2794 1893 2834 meum
1923 2795 2034 2850 quo
2065 2779 2120 2834 id
2164 2778 2382 2834 elferam
2408 2798 2424 2848 ;
2473 2788 2527 2836 et
2582 2780 2711 2836 dum
2759 2796 2946 2851 quaero
2973 2781 3203 2852 implere
3233 2786 3582 2850 sententiam,

320 2875 491 2944 longo
512 2873 718 2928 ambitu
738 2873 840 2928 vix
869 2872 1050 2928 brevis
1076 2873 1176 2927 via
1202 2873 1377 2943 spatia
1405 2887 1745 2927 consummo.
1763 2870 2045 2927 Accedunt
2064 2872 2482 2944 hyperbatorum
2503 2873 2807 2938 anfractus,
2830 2873 3302 2933 dissimilitudines
3331 2893 3582 2948 casuum,

317 2971 565 3026 varietas
599 2970 895 3040 ﬁgurarum
930 2987 945 3024 :
997 2969 1177 3039 ipsum
1208 2975 1485 3039 postremo
1523 2983 1704 3034 suum,
1736 2977 1810 3034 et,
1864 2975 1925 3022 ut
1956 2968 2032 3022 ita
2063 2968 2264 3036 dicam,
2295 2970 2648 3038 vernaculum
2690 2968 2888 3040 lingua
2929 2985 3118 3038 genus.
3156 2971 3213 3025 Si
3261 2972 3328 3026 ad
3361 2975 3582 3030 verbum

317 3059 678 3130 interpretor,
701 3060 939 3116 absurde
967 3071 1190 3115 resonat
1223 3080 1236 3115 :
1274 3061 1322 3116 si
1346 3060 1417 3116 ob
1445 3060 1831 3116 neCessitatem
1865 3059 2071 3131 aliquid
2108 3060 2166 3115 in
2193 3059 2382 3116 ordine
2402 3060 2486 3116 vel
2525 3061 2581 3115 in
2614 3074 2864 3116 sermone
2895 3068 3196 3130 mutavere,
3223 3064 3291 3120 ab
3319 3066 3584 3137 interpre-

315 3157 400 3211 tis
435 3153 664 3210 videbor
695 3154 872 3209 ofﬁcio
894 3156 1208 3210 recessisse.

394 3250 449 3305 2.
486 3249 696 3320 Itaque,
719 3251 796 3304 mi
829 3248 1086 3305 Vincenti
1114 3250 1460 3314 charissime,
1484 3257 1538 3304 et
1563 3256 1623 3304 tu
1648 3249 1872 3305 Galiene
1899 3264 2027 3321 pars
2051 3249 2245 3306 anima
2273 3264 2426 3314 mea,
2445 3249 2694 3316 obsecro,
2729 3257 2788 3303 ut
2819 3249 3084 3322 quidquid
3111 3251 3212 3307 hoc
3237 3254 3582 3310 tumultuarii

316 3347 511 3418 operis
543 3355 649 3412 est,
703 3347 1026 3411 amicorum,
1055 3362 1165 3402 non
1195 3346 1443 3416 judicum
1478 3345 1663 3400 animo
1691 3345 1946 3416 relegatis
1981 3364 1994 3400 :
2029 3345 2332 3415 prasertim
2363 3360 2489 3400 cum
2519 3352 2575 3400 et
2617 3345 2867 3410 notario,
2906 3351 2966 3400 ut
3006 3345 3178 3409 scitis,
3236 3347 3580 3404 velocissime

315 3439 674 3504 dictaverim,
705 3447 759 3495 et
791 3439 1159 3495 diiﬁcultatem
1193 3439 1270 3494 rei
1303 3437 1467 3494 etiam
1501 3437 1813 3492 divinorum
1852 3437 2192 3493 voluminum
2250 3437 2614 3492 instrumenta
2664 3441 2956 3502 testentur,
3009 3453 3130 3507 qua
3181 3454 3212 3492 a
3269 3436 3412 3494 LXX
3491 3439 3581 3495 in-

313 3538 663 3610 terpretibus
693 3536 860 3602 edita,
895 3552 1006 3592 non
1037 3535 1288 3591 eumdem
1316 3548 1569 3604 saporem
1603 3533 1662 3588 in
1712 3530 1902 3588 Graco
1951 3547 2203 3589 sermone
2259 3531 2596 3588 custodiunt.
2631 3529 2998 3601 Quamobrem
3049 3533 3279 3602 Aquila,
3313 3545 3368 3590 et
3423 3533 3582 3607 Sym-

311 3631 580 3694 machus,
604 3637 660 3685 et
695 3626 1265 3703 Theodotioincitati,
1301 3625 1576 3682 diversum
1611 3640 1749 3698 pene
1779 3639 1916 3695 opus
1953 3623 2011 3698 in
2041 3622 2229 3680 eodem
2253 3638 2419 3695 opere
2450 3621 2809 3693 prodiderunt
2842 3641 2856 3676 :
2890 3623 2996 3677 alio
3023 3623 3230 3679 nitente
3257 3625 3482 3680 verbum
3510 3627 3579 3682 de

313 3726 493 3782 verbo
524 3723 852 3794 exprimere,
884 3722 992 3776 alio
1017 3735 1236 3776 sensum
1270 3719 1450 3790 potius
1485 3717 1661 3788 sequi,
1692 3717 1852 3774 tertio
1887 3730 1996 3771 non
2029 3717 2263 3770 multum
2304 3731 2334 3769 a
2369 3715 2648 3771 veteribus
2688 3714 3018 3786 discrepare.
3055 3715 3256 3785 Quinta
3291 3728 3490 3784 autem,
3522 3733 3578 3779 er

313 3821 576 3878 sexta,et
613 3811 840 3882 septima
862 3809 1050 3873 editio,
1085 3809 1210 3864 licet
1237 3807 1437 3878 quibus
1465 3815 1794 3868 censeantur
1829 3807 2168 3871 auctoribus,
2192 3807 2498 3878 ignoretur,
2532 3813 2714 3869 tamen
2759 3806 2834 3860 ita
2864 3807 3196 3878 probabilem
3224 3810 3308 3864 sui
3345 3810 3577 3866 diversi-

313 3917 490 3966 tatem
517 3912 725 3970 tenent,
753 3911 814 3959 ut
848 3904 1228 3959 auctoritatem
1264 3904 1384 3958 sine
1416 3902 1731 3975 nominibus
1759 3903 2079 3958 meruerint.
2099 3899 2231 3957 Inde
2261 3902 2399 3958 adeo
2429 3903 2598 3966 venit,
2618 3909 2676 3956 ut
2703 3912 2874 3957 sacra
2898 3902 3089 3957 littera
3119 3903 3300 3959 minus
3324 3914 3572 3975 comptae,

312 4009 371 4056 et
391 4001 537 4056 dure
564 4005 822 4054 sonantes
853 3996 1170 4063 videantur;
1196 3996 1340 4066 quod
1378 3996 1469 4051 isti
1501 3971 1752 4050 homines
1779 3995 2162 4066 interpretatas
2187 4011 2281 4050 eas
2313 3993 2379 4050 de
2411 3993 2637 4050 Hebraeo
2668 3993 2997 4060 nescientes,
3031 3994 3162 4049 dum
3208 3997 3572 4066 superﬁciem,

311 4107 428 4148 non
487 4088 785 4144 medullam
815 4086 1132 4157 inspiciunt,
1169 4093 1295 4141 ante
1330 4086 1489 4156 quasi
1514 4093 1719 4141 vestem
1757 4085 2022 4142 orationis
2056 4086 2332 4147 sordidam
2362 4086 2808 4156 perhorrescunt,
2851 4103 3010 4157 quam
3055 4089 3340 4158 pulchrum
3373 4091 3574 4148 intrin-

312 4199 483 4240 secus
508 4197 695 4238 rerum
730 4195 929 4258 corpus
960 4180 1259 4242 inveniant.
1290 4177 1533 4248 Denique
1560 4177 1690 4248 quid
1719 4177 1984 4232 Psalterio
2014 4178 2290 4243 canorius,
2325 4177 2472 4248 quod
2502 4179 2558 4232 in
2592 4195 2798 4235 morem
2846 4181 3019 4235 nostri
3041 4180 3250 4246 Flacci,
3301 4190 3354 4236 et
3398 4182 3565 4240 Graeci

312 4278 572 4342 Pindari,
606 4292 752 4331 nunc
795 4275 978 4330 iambo
1011 4273 1204 4338 currit,
1253 4289 1400 4328 nunc
1427 4273 1650 4327 Alcaico
1691 4279 1973 4343 personat,
2022 4288 2171 4328 nunc
2204 4271 2477 4342 Sapphico
2525 4280 2718 4338 tumet,
2751 4291 2898 4331 nunc
2924 4276 3197 4345 semipede
3234 4275 3574 4347 ingreditur?

312 4372 463 4439 Quid
489 4367 900 4424 Deuteronomii
925 4377 979 4421 et
1009 4363 1162 4420 Isaia
1183 4365 1397 4419 cantico
1417 4365 1738 4434 pulchrius?
1768 4364 1909 4430 Quid
1950 4363 2242 4419 Salomone
2281 4363 2540 4434 gravius?
2562 4362 2703 4430 Quid
2737 4365 3031 4434 perfectius
3061 4365 3201 4422 Job?
3226 4368 3356 4434 Qua
3387 4371 3569 4424 omnia

309 4461 657 4519 hexametris
689 4466 744 4514 et
773 4457 1129 4529 pentametris
1163 4455 1431 4518 versibus,
1460 4462 1519 4508 ut
1543 4454 1814 4526 Josephus
1846 4463 1902 4511 et
1934 4454 2198 4526 Origenes
2252 4457 2520 4522 scribunt,
2567 4459 2708 4527 apud
2762 4475 2892 4514 suos
2925 4461 3222 4530 composita
3248 4461 3566 4518 decurrunt.

309 4555 444 4610 Hac
478 4567 609 4609 cum
641 4551 826 4607 Graec
856 4550 1107 4620 legimus,
1141 4546 1289 4600 aliud
1318 4545 1573 4617 quiddam
1597 4555 1812 4618 sonant,
1845 4562 1970 4601 cum
2004 4545 2214 4611 Latine,
2247 4547 2463 4616 penitus
2491 4563 2598 4604 non
2624 4548 2918 4604 coharent.
2952 4548 3108 4616 Quod
3140 4553 3184 4605 si
3225 4553 3313 4606 cui
3346 4567 3455 4605 non
3486 4553 3568 4607 vi-

310 4649 476 4706 detur
503 4649 709 4720 lingua
740 4647 968 4719 gratiam
1019 4642 1471 4713 interpretatione
1497 4643 1719 4706 mutari,
1749 4641 2044 4698 Homerum
2080 4642 2147 4696 ad
2195 4642 2422 4697 verbum
2469 4643 2740 4713 exprimat
2786 4644 2840 4697 in
2876 4643 3148 4698 Latinum.
3179 4642 3309 4700 Plus
3360 4645 3566 4715 aliquid

309 4743 520 4806 dicam,
554 4742 807 4798 eumdem
840 4740 895 4793 in
930 4753 1028 4793 sua
1045 4738 1241 4808 'lingua
1265 4751 1442 4806 prosa
1468 4736 1650 4792 verbis
1683 4737 2094 4808 interpretetur,
2127 4736 2328 4791 videbit
2352 4735 2598 4792 ordinem
2621 4737 2948 4803 ridiculum,
2985 4743 3037 4791 et
3066 4743 3280 4807 poetam
3308 4736 3566 4807 eloquen-

310 4837 600 4892 tissimum
628 4836 724 4889 vix
759 4834 1086 4903 loquentem.

380 4935 436 4989 5.
476 4931 759 4998 Onorsum
793 4926 934 4982 ista?
966 4924 1226 4989 Videlicet
1259 4930 1318 4980 ut
1346 4939 1455 4977 non
1489 4923 1643 4978 vobis
1695 4923 1897 4978 mirum
1935 4922 2203 4990 videatur,
2251 4923 2298 4986 si
2345 4921 2546 4977 alicubi
2598 4921 2943 4987 oﬁ‘endimus,
2983 4921 3028 4976 si
3057 4922 3212 4977 tarda
3244 4924 3418 4978 oratio
3470 4933 3565 4979 aut

313 5025 752 5086 consonantibus
785 5028 1092 5092 asperatur,
1118 5023 1211 5071 aut
1241 5016 1520 5071 vocalibus
1552 5015 1736 5070 hiulca
1766 5015 1850 5070 vel
1879 5013 2054 5070 divisa
2089 5013 2166 5080 ﬁt,
2201 5023 2295 5069 aut
2322 5030 2503 5070 rerum
2547 5015 2788 5085 ipsarum
2835 5013 3097 5070 brevitate
3145 5016 3560 5083 constringitur,

313 5136 436 5175 cum
467 5103 832 5173 eruditissimi
868 5111 1114 5168 homines
1145 5112 1202 5165 in
1230 5111 1418 5166 eodem
1448 5125 1612 5180 opere
1641 5109 1974 5177 sudaverint,
2038 5118 2091 5165 et
2115 5109 2179 5164 ad
2203 5124 2546 5165 communem
2578 5108 2974 5172 difﬁcultatem,
3015 5124 3177 5179 quam
3210 5111 3264 5164 in
3290 5112 3437 5165 omni
3477 5111 3563 5166 in-

314 5210 714 5283 terpretatione
739 5205 949 5260 causali
987 5218 1198 5268 sumus,
1235 5201 1340 5259 hoc
1364 5202 1522 5257 nobis
1547 5203 1825 5272 proprium
1860 5202 2116 5266 accedat,
2151 5200 2294 5271 quod
2329 5201 2558 5257 historia
2607 5199 2889 5268 multiplex
2927 5208 3042 5267 est,
3092 5201 3299 5256 habens
3329 5202 3559 5257 barbara

313 5307 565 5371 nomina,
590 5319 682 5358 res
712 5299 1019 5369 incognitas
1037 5296 1265 5363 Latinis,
1299 5310 1555 5350 numeros
1580 5295 2003 5358 inextricabiles,
2031 5293 2273 5364 virgulas
2304 5293 2468 5348 rebus
2495 5292 2703 5362 pariter
2745 5307 2808 5346 ac
2838 5294 3082 5349 numeris
3124 5295 3462 5360 intertextas,
3498 5305 3559 5354 ut

313 5413 452 5468 pene
481 5389 762 5451 diﬁicilius
791 5392 862 5447 sit
903 5389 1116 5461 legendi
1145 5389 1392 5446 ordinem
1421 5387 1634 5443 discere
1675 5402 1839 5458 quam
1871 5387 1938 5441 ad
1987 5386 2239 5441 lectionis
2272 5385 2520 5440 notitiam
2552 5383 2856 5452 pervenire.
2916 5382 2985 5438 Ut
3031 5391 3212 5440 autem
3266 5387 3558 5445 manifesto

313 5497 685 5563 cognoscatur
707 5484 929 5549 indicio,
954 5482 1023 5537 ad
1056 5496 1218 5553 quem
1238 5495 1524 5536 numerum
1545 5480 1772 5535 historia
1807 5493 2034 5550 quaque
2066 5477 2349 5547 pertineat,
2391 5476 2489 5530 has
2522 5475 2896 5530 distinctiones
2922 5476 3128 5546 positas
3163 5477 3331 5532 lector
3363 5479 3557 5536 adver-

316 5593 408 5648 tat,
443 5593 505 5638 ut
536 5583 589 5636 si
618 5580 684 5634 ad
715 5577 951 5649 primum
987 5587 1271 5630 numerum
1292 5571 1443 5642 regni
1477 5571 1730 5641 primitus
1755 5572 1959 5626 enotati
1981 5571 2206 5627 historia
2231 5567 2514 5624 referenda
2541 5574 2645 5631 est,
2682 5568 2910 5638 primam
2940 5568 3174 5624 litteram
3201 5571 3256 5625 in
3297 5573 3558 5644 explana-

314 5676 462 5730 tione
497 5672 747 5728 historia
777 5667 1168 5738 contempletur
1201 5683 1216 5721 :
1243 5673 1296 5720 et
1325 5663 1591 5734 siquidem
1620 5678 1741 5718 eam
1761 5679 1829 5718 ex
1860 5663 2030 5718 minio
2074 5661 2288 5725 viderit,
2315 5661 2392 5714 illi
2424 5659 2655 5730 tempori
2698 5659 3073 5731 applicandam
3105 5663 3188 5717 vel
3219 5679 3363 5720 anno
3395 5655 3556 5734 sciat,

315 5781 473 5835 quem
503 5747 849 5833 suggesserit
866 5774 1125 5814 numerus
1152 5757 1412 5840 similiter.
1439 5757 1626 5812 eodem
1648 5756 1819 5814 minio
1848 5755 2132 5829 ﬁguratus.
2164 5741 2390 5811 Si'vero
2415 5771 2698 5810 numerum
2745 5771 2852 5810 non
2886 5771 3025 5827 puro
3046 5755 3234 5823 minio,
3267 5758 3361 5814 sed
3392 5763 3556 5817 misto

315 5857 473 5930 nigro
507 5860 762 5918 notatum
798 5863 918 5909 esse
941 5851 1255 5923 perviderit,
1289 5851 1541 5907 secunda
1563 5850 1718 5906 linea
1744 5864 1970 5906 numero
2000 5849 2225 5904 debetur
2247 5848 2496 5905 historia.
2514 5849 2569 5904 bi
2593 5855 2773 5904 autem
2803 5849 2966 5906 tertio
2994 5864 3345 5908 numerorum
3374 5850 3555 5908 ordini
