4090 6404
465 403 562 460 Mil
1671 403 2024 460 CHRONICO

2140 403 2174 457 ll
2211 402 2338 458 LlB.
2382 403 2446 460 ll.
3609 401 3714 460 462

1233 651 1430 695 οιην.
1595 652 1756 694 HEBB.
1938 655 2058 694 LYD.
2107 655 2303 694 IACED.
2354 655 2482 695 κει).
2570 655 2697 696 1101.
2734 655 2942 696 δεῖνι.

1484 778 1656 834 Abra—
1703 777 1831 852 Iud.
1881 779 2318 852 Alyat-Aeropus
2339 780 2479 850 Cya—
2515 779 2751 851 Tarqui-
2773 795 2926 835 xxvr.

1457 849 1655 905 hamus
1699 849 1901 918 Sede-,
1950 849 2036 907 tes
2216 849 2233 852 “
2337 849 2524 921 xaresi
2561 849 2687 906 nius
2769 852 2900 921 dyn.

1685 921 1841 976 cbias
2501 920 2722 977 Priscus
2734 920 2926 977 Psam-

2721 991 2940 1046 muthes

533 1058 652 1113 aln
683 1057 979 1130 Babylonia
1021 1058 1235 1130 Daniel,
1274 1093 1418 1106 ..-
1479 1089 1625 1102 --
1697 1091 1840 1104 --
1909 1089 2050 1102 -.-
2120 1089 2264 1103 ...-
2333 1091 2475 1103 .....-
2544 1093 2689 1104 ...-
2759 1091 2901 1102 ___

460 1131 721 1208 Ananias,
751 1129 997 1198 Atarias,
1026 1129 1235 1196 Misael,
1302 1137 1395 1208 45
1774 1132 1810 1208 2
1952 1132 2021 1208 10

2195 1131 2442 1208 ξὲίὲ
2585 1133 2866 1208 188

460 1201 593 1254 clari
626 1201 914 1254 habentur.
1326 1201 1340 1208 “
1356 1201 1387 1208 ⁷
1493 1201 1634 1254 1417
1774 1204 1810 1257 5
1952 1203 2013 1257 11

2194 1203 2230 1257 9
2371 1203 2435 1257 51
2585 1203 2654 1256 19
2831 1205 2865 1260 9

479 1271 560 1393 Hb
594 1269 886 1325 Camarina
933 1269 1067 1326 urbs
1099 1285 1227 1328 con-
1494 1270 1632 1326 1418
1773 1273 1808 1327 4
1952 1271 2020 1326 12

459 1356 514 1394 οι
540 1355 591 1395 a.

2163 1271 2231 1326 {0
2371 1273 2442 1328 '52
2581 1273 2654 1330 20
2797 1275 2866 1330 ιο
3005 1265 3300 1326 Perinthus
3329 1272 3569 1330 condita.

2214 1429 2244 1466 ο
2270 1411 2360 1468 1v.
2387 1411 2754 1494 ASTYAGES

2275 1499 2435 1539 annis
2466 1502 2697 1541 XXXVIII.

517 1637 562 1720 _d
600 1636 1006 1725 Prophetabant
1042 1635 1227 1695 Hiere-
1306 1710 1381 1725 ,Α

2151 1638 2851 1725 13.1211!

455 1711 597 1765 mias
624 1719 678 1764 et
702 1708 937 1764 Baruch.
1289 1710 1384 1780 46
1478 1709 1619 1763 1420
1762 1708 1795 1764 6
1941 1709 2008 1762 14
2151 1709 2219 1762 12
2397 1710 2434 1764 2
2576 1712 2647 1766 22
2790 1715 2858 1769 12

1764 1779 1797 1860 Ζ
2399 1782 2434 1860 5
2576 1782 2648 1860 25
2791 1785 2858 1860 15
2969 1856 2981 1860 _
3002 1783 3223 1858 Sappho
3247 1789 3443 1844 mulier
3464 1789 3711 1860 philoso-

1480 1848 1619 1932 11ἓὲ
1761 1849 1796 1932 ἓ
1939 1849 2008 1932 19

2151 1849 2220 1932 ιιι
2398 1851 2434 1932 ε
2575 1853 2648 1932 ξιξ
2791 1855 2858 1932 ιιι
2931 1848 3191 1932 pna,‘_’eg
3244 1848 3482 1916 Alcaeus.
3519 1870 3710 1931 poeta,

531 1919 768 1978 Massilia
797 1917 1042 1974 condita.
1479 1919 1620 1973 1425
1762 1919 1796 1974 9
1939 1924 1964 1974 1
1977 1920 2008 1972 7
2153 1920 2221 1975 15
2399 1922 2435 1977 5
2576 1921 2648 1977 25
2793 1925 2860 1980 15
2931 1917 3078 1982 clari
3099 1927 3392 1986 habentur.

851 2011 932 2082 Β.
981 2011 1174 2082 CLX.
1296 2016 1386 2087 [‘7
1482 1989 1622 2044 1424
1729 1990 1798 2045 10
1941 1990 2008 2044 18

2153 1990 2220 2045 16
2398 1992 2435 2048 6
2575 1992 2648 2048 26
2792 1995 2858 2050 16
2950 2083 2968 2087 Α
3025 1997 3416 2087 Epimenides
3472 1999 3716 2087 ‘Athenals

1481 2130 1620 2186 1425
1726 2132 1789 2187 11
1941 2130 2008 2186 19

2155 2129 2223 2184 17
2403 2132 2435 2185 7
2576 2133 2648 2188 27
2791 2136 2856 2189 ιτ
2942 2069 3257 2125 emuudavit
3287 2069 3385 2143 [αἰ.
3403 2072 3714 2144 subvertit].

3009 2224 3037 2261 e
3065 2205 3252 2274 Solon,
3286 2209 3552 2266 Draconis
3581 2212 3714 2280 legi-

523 2273 710 2330 Judaza
741 2285 874 2343 gens
903 2270 1136 2341 capitur.
1445 2272 1475 2341 Ι
1493 2270 1999 2350 ΟᾼΡΣΓΙἮΤΑΤΙΞ,
2039 2270 2335 2350 templique
2367 2271 2379 2341 Ι
2482 2290 2514 2344 g
2538 2273 2677 2350 Ylll;
2708 2273 2922 2350 VAPH—
2952 2277 3055 2332 bus
3075 2270 3393 2350 antiquatis,
3427 2289 3579 2336 extra
3601 2270 3715 2347 eas,

1555 2341 1898 2408 inﬂammati,
1925 2343 2056 2396 anni
2090 2358 2216 2396 ιιι.
2246 2341 2249 2342 ⁷
2485 2341 2500 2344 ⁷
2547 2344 2684 2399 RES
2752 2349 2911 2404 annis
2946 2363 3068 2422 quae
3095 2350 3162 2404 ad
3185 2341 3507 2422 sanguinem
3549 2341 3712 2422 pertii

2539 2432 2666 2469 XXV.

2942 2419 3167 2484 nebant,
3221 2419 3362 2492 no'va
3414 2419 3584 2492 genti,
3629 2423 3718 2476 cui

1481 2481 1618 2536 1426
1764 2482 1791 2536 1
1937 2481 2009 2536 20
2155 2483 2225 2538 18
2400 2482 2436 2538 8
2577 2486 2648 2540 28

2828 2488 2854 2541 1
2932 2501 3187 2560 βῖκοι-αι,
3214 2491 3344 2562 jura
3369 2488 3678 2548 constituit.

525 2633 558 2686 h
590 2632 944 2692 Hebraeorum
975 2637 1286 2708 captivitas,
1316 2645 1371 2694 et
1403 2637 1790 2694 exterminium
1828 2637 2038 2708 templi,
2067 2637 2216 2709 quod
2251 2635 2356 2693 fuit
2384 2638 2439 2694 in
2470 2638 2836 2707 Hierusalem,
2869 2644 3028 2700 annis
3067 2660 3194 2710 ιιι,
3229 2646 3325 2718 qui
3351 2655 3719 2718 supputantur

457 2741 630 2796 usque
661 2728 716 2782 in
749 2729 1050 2784 secundum
1082 2745 1289 2784 annum
1320 2728 1490 2785 Darii.

525 2818 1031 2878 Nabuchodonosor
1061 2838 1158 2878 rex
1187 2820 1592 2886 Chaldaeorum,
1628 2819 2022 2894 Hierosolymis
2057 2821 2257 2892 captis,
2293 2822 2556 2894 templum
2578 2823 2846 2892 incendit,
2871 2827 3017 2897 quod
3045 2826 3114 2882 ab
3143 2827 3303 2884 initio
3334 2828 3721 2886 aediﬁcationis

455 2927 569 2969 suae
599 2921 877 2970 manserat
907 2916 1070 2970 annis
1098 2930 1361 2970 ccccxui.
1404 2913 1702 2972 Sententia:
1728 2920 1910 2970 autem
1944 2921 2149 2971 nostra;
2183 2915 2347 2971 etiam
2376 2914 2633 2972 Clemens
2668 2919 2922 2988 congruit
2947 2918 3002 2972 in
3031 2919 3206 2989 primo
3243 2918 3538 2988 Stromate,
3572 2939 3718 2979 nvn

454 3012 761 3082 Olympiade
779 3011 1147 3081 captivitatem
1167 3008 1480 3065 Iudaeorum
1510 3009 1708 3066 factam
1738 3024 1864 3065 esse
1885 3015 2228 3075 contestans,
2253 3015 2518 3080 regnante
2547 3008 2694 3079 apud
2715 3009 3002 3083 {Egyptios
3027 3010 3266 3083 Vaphre,
3303 3013 3447 3085 apud
3473 3015 3718 3072 Athenas

453 3103 750 3176 Phaenippo
778 3104 897 3178 [Gr.
937 3117 987 3160 et
1017 3106 1168 3160 Arm.
1219 3103 1495 3178 Philippo]
1541 3122 1556 3162 :
1594 3113 1649 3160 et
1679 3104 1967 3176 supputari
2003 3119 2108 3158 Lxx
2149 3119 2324 3159 annos
2357 3104 2720 3160 desolationis
2748 3105 2960 3174 templi,
2984 3121 3156 3176 usque
3187 3106 3258 3160 ad
3285 3108 3583 3164 secundum
3624 3125 3723 3165 an-

454 3215 585 3254 num
612 3198 778 3254 Darii.
811 3197 1000 3270 Captis
1030 3197 1426 3272 Hierosolymis
1458 3199 1526 3255 ab
1559 3199 1826 3271 Assyriis,
1859 3198 1928 3254 ad
1958 3196 2234 3270 Vaphrem
2263 3214 2446 3272 regem
2463 3198 2686 3271 Egypti
2707 3197 3023 3254 Iudaeorum
3056 3201 3252 3272 reliqui
3280 3201 3716 3275 transfugerunt.

453 3291 631 3362 Hujus
669 3291 904 3364 Vaphris
941 3293 1246 3351 Hieremias
1283 3309 1502 3367 quoque
1528 3295 1794 3367 prapheta
1829 3294 2096 3350 meminit.
2132 3293 2416 3350 Sedeciam
2447 3296 2742 3353 excacavit
2776 3293 3303 3365 Nabuchodonosor,
3334 3299 3723 3372 captivumque

453 3385 682 3441 abduxit
714 3403 728 3440 :
759 3386 1021 3457 templum
1047 3395 1230 3443 autem
1273 3387 1520 3444 incendit
1548 3386 1978 3444 Nabuzardanes
2012 3386 2206 3459 quinto
2234 3394 2358 3459 post
2381 3403 2574 3444 mense

1487 3543 1626 3599 1427
1765 3543 1802 3599 2
1944 3543 2009 3598 21

2163 3543 2231 3600 19
2411 3543 2446 3600 9
2587 3543 2658 3599 29
2833 3543 2872 3599 2
2908 3563 2932 3604 ι

527 3697 548 3749 ἱ
571 3694 667 3751 His
695 3697 1038 3768 temporibus
1068 3697 1414 3754 certantibus
1437 3699 1494 3753 in
1523 3713 1700 3770 agone
1725 3697 1793 3754 de
1814 3713 1950 3755 voce
1978 3709 2181 3772 tragos,
2214 3699 2269 3754 id
2301 3707 2386 3756 est
2436 3699 2640 3766 hircus,
2674 3701 2729 3757 in
2760 3703 2986 3772 praemio
3014 3703 3269 3760 dabatur.
3318 3705 3475 3761 Unde
3518 3715 3720 3779 trama

452 3785 555 3841 dos
578 3797 946 3858 nuncupatos,
978 3786 1107 3857 quia
1132 3785 1318 3842 Grece
1349 3786 1538 3843 hircus
1559 3788 1763 3860 τράγος
1788 3788 2011 3845 dicitur.

1296 3928 1390 3998 48
1489 3925 1629 3998 1428
1771 3925 1806 3998 ὅ
1947 3924 2019 3998 22

1489 3996 1627 4051 1429
1769 3995 1805 4048 4
1949 3997 2018 4050 25

527 3995 561 4070 ιι
583 3993 994 4070 corinthiorum
1019 4009 1234 4050 monar-
1321 3993 1367 4070 ’ξ

1487 4066 1627 4122 1450
1769 4065 1805 4121 5
1945 4066 2018 4120 24

453 4065 578 4122 chia
608 4066 889 4122 destructa
918 4076 1024 4121 est.

526 4240 561 4276 a
608 4223 696 4277 Ἐν
737 4221 1013 4277 Βαΰυλῶνι
1070 4222 1289 4295 Δανιὴλ,
1337 4220 1616 4296 Ἰεζεκιὴλ,
1666 4225 2038 4296 προεφήτευσν

455 4315 591 4386 (καί)
614 4317 662 4368 οἰ
692 4317 842 4386 τρεῖς
873 4314 1058 4379 παῖδες
1088 4315 1466 4385 ἐγνωρίζοντο.
1500 4313 1660 4386 Sync.
1689 4329 1740 4383 ρ.
1769 4315 1897 4380 250,
1925 4314 1992 4368 Β.

525 4406 557 4460 b
593 4406 889 4478 Καμαρίνα
923 4406 1077 4470 πόλις
1110 4405 1356 4476 ἐκτίσθη.
1395 4405 1543 4460 Idem
1572 4421 1624 4475 p.
1659 4405 1786 4472 258,
1823 4407 1894 4463 D.

525 4516 554 4552 c
589 4500 788 4572 Μήδων
815 4499 858 4552 δ’
887 4497 1234 4552 ἐϐασίλευσεν
1275 4499 1581 4571 Ἀστυάγης
1614 4498 1710 4571 ἐτη
1743 4498 1849 4572 λη’.
1888 4498 2038 4554 Idem

451 4606 508 4660 ρ.
531 4592 658 4654 251,
687 4593 753 4648 Β.

525 4685 562 4738 d
611 4685 734 4739 Ἐπὶ
773 4685 876 4756 τῆς
930 4685 1188 4750 Ἰουδαίας
1225 4685 1599 4756 προεφήτευον
1646 4683 1915 4758 Ἱερεμίας
1943 4683 2038 4738 καὶ

457 4778 693 4848 Βαρούχ.
722 4777 921 4833 Chron.
945 4777 1128 4848 pascit.
1155 4793 1208 4846 p.
1242 4777 1362 4842 159,
1391 4775 1461 4831 D.

525 4887 555 4926 ε
591 4871 766 4925 Σόλων
798 4869 894 4924 τοῦ
938 4869 1243 4942 Δράκοντος
1287 4870 1412 4932 τοὺς
1452 4867 1652 4940 νόμους
1693 4866 1895 4939 ὴθέτει.
1936 4863 2037 4921 Ce-

457 4964 672 5027 drenus,
699 4979 751 5030 p.
785 4961 874 5026 82,
909 4961 980 5015 D.

525 5056 555 5127 Ῑ
592 5055 863 5110 Ἰουδαίων
913 5053 1288 5125 αἰχμαλωσίας
1329 5051 1425 5106 καὶ
1475 5049 1787 5122 ἀφανισμοῦ
1835 5048 1930 5103 τοῦ
1980 5051 2038 5103 ἐν

469 5148 864 5222 Ἰεροσολύμοις
888 5145 996 5200 νεὼ
1024 5147 1140 5219 (ἐτη
1169 5144 1253 5218 o').
1287 5143 1486 5202 Chron.
1514 5144 1696 5214 pascit.
1726 5160 1780 5214 p.
1812 5142 1936 5208 156,
1967 5141 2036 5197 D.

525 5261 559 5315 g
589 5241 904 5313 Αἰγυπτίων
946 5241 992 5306 η’
1028 5241 1378 5295 ἐϐασίλευσεν
1427 5238 1670 5309 Οὔαφρις
1714 5237 1807 5308 ἔτη
1852 5233 1950 5294 κε’,

457 5336 801 5408 προσέφυγον
831 5332 1063 5407 ἁλούσης
1085 5333 1191 5388 ὑπὸ
1227 5331 1527 5404 Ἀσσυρίων
1552 5331 1652 5401 τῆς
1683 5326 2042 5401 Ἰερουσαλὴμ

453 5428 503 5479 οἱ
577 5425 688 5479 τῶν
739 5419 1008 5482 Ἰουδαῖον
1079 5424 1381 5480 ὑπόλοιποι.
1421 5421 1616 5477 Euseb.
1661 5421 1804 5490 apud
1841 5419 2036 5491 .Sync.

453 5532 505 5570 υ.
548 5516 634 5579 76,
664 5515 726 5571 C.

521 5608 554 5661 Ιι
591 5607 818 5680 Πρῶτον
851 5595 970 5674 Ero;
1051 5608 1229 5682 ἀρχῆς
1287 5602 1597 5678 ἀφανισμοῦ
1643 5603 1738 5658 τοῦ
1778 5601 1885 5657 νεὼ
1941 5601 2039 5656 καὶ

451 5699 827 5770 αἰχμαλωσίας
877 5702 977 5756 τοῦ
1041 5701 1310 5754 Ἰουδαίων
1355 5699 1563 5762 ἔθνους,
1617 5696 1756 5767 πλὴν
1815 5694 2036 5762 ὀλίγων,

450 5791 499 5845 οἳ
536 5793 630 5846 καὶ
661 5796 740 5857 εἰς
768 5793 1046 5862 Αἴγυπτον
1079 5793 1390 5863 κατέϐησαν
1420 5791 1556 5862 πρὸς
1595 5789 1853 5860 Ούαφρῆν
1884 5787 2038 5858 βασι-

455 5885 549 5938 λέα
578 5885 871 5955 Αἰγύπτου,
915 5886 1056 5954 μετὰ
1082 5886 1181 5949 τὰς
1216 5886 1295 5950 εἰς
1324 5884 1521 5947 αὐτοὺς
1545 5881 1844 5952 γενομένας
1875 5895 2032 5951 μερι-

2159 3926 2230 3980 20
2375 3927 2444 3983 10
2586 3929 2657 3983 50
2835 3930 2871 3984 5

2158 3997 2221 4050 21
2374 3999 2434 4052 11
2586 3998 2651 4052 51
2834 3999 2869 4053 4

2157 4067 2230 4121 22
2375 4067 2444 4122 12
2586 4068 2656 4123 52
2834 4071 2869 4124 5

2141 4222 2243 4288 κὰς
2274 4223 2675 4295 αἰχμαλωσίας,
2707 4224 2830 4279 καθ’
2857 4225 2924 4296 ἢν
2945 4225 2975 4278 ὁ
2999 4225 3107 4279 τῶν
3126 4225 3408 4280 Χαλδαίων
3435 4229 3531 4282 καὶ
3552 4227 3728 4284 Βαϐυ-

2139 4315 2346 4370 λωνίων
2381 4315 2633 4388 βασιλεὺς
2671 4316 3156 4390 Ναϐουχοδονόσωρ
3201 4318 3478 4373 ἐπαύσατο
3511 4319 3728 4395 πολιορ-

2141 4411 2318 4481 κήσας
2347 4409 2416 4464 τὰ
2452 4410 2820 4482 Ἱεροσόλυμα,
2847 4411 2942 4464 καὶ
2973 4410 3064 4464 τὸν
3093 4412 3346 4467 Σεδεκίαν
3371 4412 3726 4484 ἐκτυφλώσας

2141 4503 2486 4574 αἰχμάλωτον
2539 4502 2750 4557 ἔλαϐεν.
2807 4502 3194 4577 Ναδουζάρδαν
3235 4505 3293 4558 δὲ
3329 4505 3727 4579 ἀρχιμάγειρος

2143 4595 2274 4666 μηνὶ
2300 4595 2556 4667 πέμπτῳ,
2574 4595 2779 4669 δεκάτῃ
2801 4595 2897 4650 τοῦ
2928 4597 3116 4668 μηνὸς,
3142 4597 3233 4651 τόν
3249 4615 3307 4651 τε
3334 4596 3440 4651 νεὼ
3461 4599 3730 4670 πυρπολεῖ

2138 4685 2502 4758 διαρκέσαντα
2529 4685 2638 4740 ἀπὸ
2670 4685 2892 4758 πρώτης
2920 4686 3210 4759 οἰκοδομῆς
3240 4687 3554 4758 Σολομῶνος
3581 4689 3726 4743 ἔτεσι

2139 4777 2286 4850 υμϐν.
2327 4777 2551 4850 Συνᾲδει
2595 4776 2654 4830 δὲ
2695 4780 2826 4849 ήμίν
2865 4777 2896 4830 ὁ
2939 4775 3174 4850 Κλήμης
3217 4778 3310 4831 καὶ
3346 4777 3510 4842 αὐτὸς
3556 4779 3614 4832 ἐν
3647 4778 3728 4852 τῷ

2140 4869 2342 4940 πρώτῳ
2361 4866 2651 4940 Στρώματι
2675 4868 2919 4938 φάσκων,
2945 4868 3034 4922 ἐπὶ
3052 4868 3152 4940 τῆς
3176 4867 3261 4940 με’
3279 4867 3609 4940 ὀλυμπιάδος
3627 4870 3726 4944 τὴν

2140 4963 2220 5025 εἰς
2250 4960 2546 5014 Βαϐυλῶνα
2585 4959 2964 5030 αἰχμαλωσίαν
2987 4957 3082 5014 τοῦ
3119 4959 3388 5015 Ἰουδαίων
3413 4960 3545 5014 λαοῦ
3573 4961 3726 5030 γενέ-

2143 5050 2288 5115 σθαι,
2321 5049 2696 5120 βασιλεύοντος
2733 5050 2831 5120 μὲν
2871 5048 3185 5118 Αἰγυπτίων
3221 5051 3496 5123 Οὐαφροῦ,
3531 5051 3726 5123 ἄρχον⁹

2139 5158 2232 5205 τος
2273 5141 2332 5195 δὲ
2375 5140 2633 5217 Ἀθήνῃσι
2658 5141 2948 5196 Φιλίππουο
2984 5141 3312 5212 συνάγεσθαί
3350 5160 3412 5197 τε
3450 5142 3518 5196 τὰ
3559 5149 3600 5196 o’
3624 5142 3725 5214 ἔτη

2140 5233 2239 5303 τῆς
2267 5232 2504 5306 ἐρημίας
2533 5230 2628 5286 τοῦ
2654 5232 2821 5286 τόπου
2854 5233 2947 5287 ἐπὶ
2977 5233 3039 5286 τὸ
3068 5233 3321 5304 δεύτερον
3347 5232 3468 5298 ἔτος
3499 5233 3724 5304 Δαρείου

2140 5323 2234 5378 τοῦ
2277 5323 2608 5394 Ὑστάσπου.
2642 5323 2839 5380 Chron.
2866 5325 3050 5395 pascit.
3080 5342 3134 5396 p.
3172 5325 3295 5390 156,
3333 5325 3457 5390 15ῖ,
3479 5323 3571 5380 sed
3593 5339 3726 5390 per-

2144 5415 2358 5469 turbata
2387 5425 2544 5487 atque
2571 5417 2912 5485 interpolata.

2218 5509 2236 5558 ξ
2275 5505 2398 5569 Τοῖς
2421 5506 2848 5577 ἀγωνιζομένοις
2867 5507 2998 5578 παρ’
3023 5505 3250 5579 Ἕλλησι
3277 5504 3481 5576 τράγος
3502 5503 3724 5567 ἐδίδοτο,

2145 5594 2239 5663 ἀφ’
2268 5587 2328 5648 οὗ
2357 5597 2610 5667 τραγικοὶ
2636 5594 2966 5668 ἐκλήθησαν.
2996 5596 3156 5668 Sync.
3185 5611 3238 5666 ρ.
3262 5596 3392 5660 259,
3418 5595 3487 5651 Α.

2215 5686 2246 5739 Ir
2295 5687 2360 5740 Ἦ
2386 5687 2493 5741 τῶν
2525 5687 2827 5760 Κορινθίων
2849 5689 3118 5761 κατελύθη
3146 5687 3411 5762 μοναρχία
3439 5687 3581 5744 κατὰ
3602 5685 3721 5743 τού-

2144 5797 2269 5846 τους
2302 5781 2428 5846 τοὺς
2458 5780 2700 5852 χρόνους.
2735 5780 2888 5838 Idem
2908 5800 2962 5854 p.
2989 5783 3115 5849 258,
3152 5781 3217 5836 D.
