4160 6394
408 378 514 435 489
1685 382 2051 443 ΕΗΒΟΝΙΕΟΙ

2033 383 2189 443 ’111131
2228 383 2359 444 LIB.
2387 385 2459 444 ll.
3570 397 3676 454 490

481 646 516 684 a
547 627 856 686 Alexander
909 631 1200 686 adversum
1251 628 1464 703 Illyrios
1496 638 1551 686 et
1604 628 1850 687 Thracas
1896 630 2132 689 feliciter
2175 633 2427 700 dimicat,
2480 641 2535 690 et
2573 633 2854 692 subversis
2899 631 3104 691 Thebis
3139 634 3217 708 (1)
3253 634 3310 690 in
3343 633 3574 703 Achaia,
3611 631 3673 692 in

408 723 608 782 Persas
639 741 794 782 arma
828 729 1124 795 convertit,
1155 735 1210 786 et
1244 727 1391 800 apud
1425 728 1724 784 Granicum
1763 728 1965 786 ﬂumen
1999 730 2166 803 regiis
2199 729 2434 788 ducibus
2461 730 2762 802 oppressis,
2797 731 2990 789 urbem
3022 728 3214 789 Sardis
3250 729 3420 807 capit.

1363 860 1560 902 OLYIP.
1633 861 1867 902 ABRAIIA-
1939 860 2136 901 IACED.
2247 862 2396 902 PEBS.
2537 860 2667 901 BOI.

1696 932 1800 974 lus
1883 985 2170 1058 Philippus
2217 985 2416 1043 Darius
2491 985 2704 1112 cogu-

2568 1073 2630 1114 es

1683 1219 1825 1275 1682
2034 1219 2072 1272 2
2317 1219 2354 1274 2
2531 1219 2638 1273 178

1682 1291 1826 1346 1685
2035 1289 2071 1344 '5
2318 1291 2354 1345 5
2533 1289 2559 1343 1
2572 1290 2636 1346 79

838 1332 1238 1412 Β.ΟῘ)ΧΧ.
1395 1339 1536 1408 112
1683 1332 1825 1416 ἓξὲξ
2035 1332 2072 1414 ῖ
2319 1332 2355 1415 Ξ
2533 1332 2640 1416 ἱέὖ

474 1472 805 1542 Alexander,
839 1485 997 1549 capta
1026 1477 1192 1549 Tyro,
1231 1475 1475 1532 Iudaeam
1508 1477 1739 1541 invadit,
1787 1491 1818 1530 a
1853 1489 1960 1546 qua
1992 1473 2367 1530 favorabiliter
2395 1481 2680 1544 exceptus,
2716 1472 2829 1531 Deo
2858 1473 3112 1530 victimas
3145 1472 3414 1540 immolat,
3449 1479 3506 1529 et
3535 1469 3668 1530 Jad-

408 1571 540 1624 dum
577 1571 888 1640 pontificem
925 1571 1112 1641 templi
1155 1570 1460 1627 honoribus
1512 1571 1764 1642 plurimis
1799 1569 2174 1642 prosequitur,
2219 1568 2608 1624 Andromacho
2658 1569 2903 1624 locorum
2947 1567 3175 1624 custode
3211 1568 3463 1634 dimisso,
3499 1582 3664 1639 quem

402 1673 592 1737 postea
629 1662 963 1721 Samaritani
1003 1665 1400 1722 interliciumt:
1432 1665 1504 1720 ob
1535 1680 1659 1735 qua:
1692 1665 1762 1719 ab
1790 1663 2028 1736 (Egypto
2057 1677 2318 1720 reversus
2346 1661 2658 1718 Alexander
2687 1663 2903 1734 magnis
2931 1676 3027 1719 eos
3065 1660 3350 1732 suppliciis
3381 1658 3581 1728 affecit,
3611 1669 3668 1718 et

403 1762 594 1818 urbem
622 1774 815 1816 eorum
848 1768 1064 1831 captam
1098 1757 1486 1818 Macedonibus
1516 1761 1582 1815 ad
1620 1757 2037 1815 inhabitandum
2073 1757 2223 1815 dedit
2260 1773 2406 1815 anno
2439 1758 2592 1830 regni
2626 1757 2712 1814 sui
2740 1765 2958 1829 quarto.

1676 1850 1819 1906 1685
2028 1852 2064 1907 5
2313 1852 2347 1907 5
2531 1850 2626 1906 181

470 1923 501 1977 b
540 1924 852 1980 Alexander
876 1925 1115 1979 obtinuit
1145 1923 1249 1978 Ba-
1431 1964 1444 1978 .
1671 1921 1814 1979 1686
2029 1922 2063 1978 6
2312 1923 2348 1978 6
2527 1921 2634 1977 182
2783 1937 2813 1975 ο
2849 1918 3224 1975 Romanorum
3271 1917 3467 1976 consul
3510 1915 3665 1974 Man-

395 1997 651 2068 bylonem
694 1993 988 2068 interfecto
1027 1995 1193 2049 Dario
1231 2012 1244 2048 :
2722 1990 3196 2068 lius_Torquatus
3248 1991 3421 2068 filium
3469 2004 3661 2068 suum,

394 2059 450 2123 in
499 2082 611 2138 quo
661 2081 892 2137 regnum
955 2065 1249 2138 Persarum
2718 2061 2865 2133 quod
2906 2059 3098 2117 conira
3130 2062 3420 2138 imperium
3468 2061 3523 2114 in
3571 2059 3665 2114 ho-

392 2133 854 2212 dest’ructurniest
896 2151 1042 2193 anno
1075 2135 1246 2208 septi-
2726 2141 2865 2212 stem
2916 2139 3256 2203 pugnaverat
3307 2133 3660 2212 viceratque,

391 2223 478 2263 mo
518 2208 674 2280 regni
703 2207 850 2278 ejus.
1060 2219 1067 2226 ·
1140 2203 1158 2208 ⁷
2717 2203 2886 2274 virgis
2927 2218 3130 2259 caesum
3158 2203 3339 2258 securi
3371 2203 3660 2272 percussit.

460 2320 497 2374 ά
533 2321 848 2378 Alexander
874 2321 1157 2394 Ilyrcanos
1186 2323 1334 2394 capit
1365 2329 1420 2379 et
1450 2320 1670 2378 Mardos
1710 2339 1724 2378 :
1759 2330 2189 2394 revertensque,
2224 2337 2351 2378 cum
2383 2320 2727 2379 ascendisset
2754 2320 2824 2376 ad
2856 2319 3180 2378 Hammonis
3206 2320 3496 2393 templum,
3529 2331 3663 2373 cono
3701 2301 3706 2304 ’

390 2413 532 2472 didit
563 2417 844 2474 civitatem
877 2417 934 2473 in
973 2417 1146 2490 Libya
1188 2417 1466 2486 inferiore,
1495 2435 1660 2492 quam
1692 2430 1891 2477 vocant
1923 2418 2314 2478 Paraetonium.

1496 2705 1686 2748 οιγιρ.
1761 2705 1996 2748 ABRAIIA-
2061 2705 2262 2747 IACED.
2374 2705 2502 2748 ΒΟ..

1831 2775 1935 2818 ιυε

2050 2831 2278 2888 Alexan-

2107 2903 2205 2957 der

2339 3002 2551 3014 ———

1807 3065 1948 3120 i687
2163 3063 2194 3118 7
2407 3060 2513 3120 183
2726 3058 3262 3138 Bomanisamnitas
3291 3063 3575 3138 subigunt,
3601 3076 3657 3124 et

2661 3134 2910 3190 colonias
2940 3133 3242 3190 deducunt.

457 3270 489 3310 e
523 3251 855 3310 Alexandria
882 3255 938 3310 in
974 3251 1214 3328 Egypto
1241 3253 1466 3310 condita
1505 3254 1742 3326 septimo
1774 3252 1876 3327 [αι.
1915 3252 2098 3326 sexto]
2131 3267 2276 3309 anno
2305 3254 2460 3325 regni
2497 3252 2793 3309 Alexandri
2824 3267 2973 3325 :quo
2997 3261 3244 3324 tempore
3276 3255 3440 3310 etiam
3475 3253 3656 3311 Latini

388 3361 420 3400 ι
451 3343 718 3402 Romanis
750 3347 1042 3418 perdomiti
1079 3355 1228 3406 sunt.
1260 3347 1571 3404 Alexander
1607 3357 1804 3421 regnat
1842 3347 1989 3404 Asia:
2036 3363 2183 3405 anno
2235 3349 2386 3421 regni
2440 3346 2525 3404 sui
2565 3348 2798 3420 septimo
2841 3346 2940 3421 [αι.
2989 3343 3164 3420 sexto]
3203 3355 3258 3404 et
3291 3356 3440 3405 tenet
3471 3350 3660 3405 omnia

388 3440 552 3495 armis
585 3438 897 3495 duodecim.

1521 3554 1662 3626 113
1801 3551 1940 3628 ἓξὲξ
2156 3551 2190 3628 8
2406 3553 2510 3628 181
2723 3551 2996 3626 Harpalus
3029 3551 3164 3626 lusit

1915 3552 1940 3628 §
2156 3551 2190 3628 §
2406 3553 2510 3628 181
2723 3551 2996 3626 Harpalus
3029 3551 3167 3626 fugit
3195 3554 3252 3611 in
3271 3554 3458 3612 Asiam
3483 3557 3558 3628 (2)

457 3619 488 3689 f
513 3619 826 3692 Alexander
857 3619 1083 3676 Aornim
1116 3627 1326 3692 petram
1361 3635 1446 3675 ca-
1535 3619 1548 3622 ⁷
1583 3619 1596 3624 ⁷
1622 3619 1653 3626 ⁷
1802 3623 1943 3678 1689

866 3619 1083 3676 Aornim
1116 3627 1326 3692 petram
1361 3635 1446 3675 ca-
1535 3619 1548 3622 ⁷
1583 3619 1596 3624 ⁷
1622 3619 1653 3626 ⁷
1802 3623 1943 3678 1689
2156 3624 2192 3679 9
2406 3624 2509 3679 185

386 3659 474 3762 pn'
490 3659 1446 3763 admissas};ragadia:
1805 3659 1947 3749 ἷξξῦ
2127 3659 2196 3750 εὖ
2409 3659 2516 3749 is}?
2729 3693 2936 3763 Bellum
2969 3694 3266 3750 Alexandri
3299 3659 3356 3750 ί..
3389 3694 3542 3753 India
3565 3704 3658 3754 ad-

1809 3763 1936 3818 1691
2125 3765 2189 3820 11
2410 3765 2514 3820 187
2653 3780 2873 3823 versum
2905 3762 3106 3820 Porum
3131 3777 3184 3821 et
3215 3764 3483 3822 Taxilem.

1528 3866 1556 3934 1
1579 3865 1604 3934 ,1
1625 3865 1670 3935 4
1806 3834 1946 3889 1692
2125 3833 2194 3890 12
2408 3835 2515 3891 188
2725 3837 3171 3962 ἰεΑηθχίιηθηεει

2656 3905 2724 3961 ha
2799 3914 2947 3963 ntur.

2125 3833 2194 3890 12
2408 3835 2515 3891 188
2782 3837 3147 3893 Anaximenes
3163 3844 3216 3892 et
3227 3836 3500 3908 Epicurus
3518 3839 3656 3896 clari

2656 3853 2947 3963 habentur.

457 3992 492 4048 Ιι
528 3994 840 4052 Alexander
867 3995 1150 4053 tricesimo
1179 3995 1424 4054 secundo
1453 3993 1555 4068 [aL
1579 4002 1712 4079 xxx,
1748 3995 1824 4050 al.
1861 3996 2061 4070 xxxtn]
2084 3997 2261 4054 aetatis
2301 4013 2414 4054 suae
2451 4013 2597 4054 anno
2629 3999 2686 4055 in
2714 3999 2988 4072 Babylone
3014 3998 3250 4055 moritur
3280 4016 3293 4054 :
3328 4008 3456 4070 post
3488 4014 3654 4072 quem

388 4088 660 4144 translato
709 4091 764 4144 in
801 4091 1005 4146 multos
1057 4089 1311 4162 imperio,
1367 4088 1573 4146 diversi
1612 4099 1998 4159 regnaverunt.
2047 4089 2189 4147 Hinc
2237 4090 2736 4149 Alexandrinorum
2779 4091 3030 4148 nascitur
3079 4106 3306 4164 regnum
3373 4090 3523 4164 quod
3564 4095 3650 4152 est

382 4177 609 4251 Egypti
641 4198 655 4236 :
683 4187 738 4238 et
768 4196 866 4254 per
894 4183 1142 4240 diversas
1175 4189 1389 4254 gentes,
1418 4197 1557 4254 quas
1585 4180 1896 4240 Alexander
1922 4192 2195 4253 tenuerat,
2229 4184 2433 4242 diversi
2466 4193 2855 4258 regnaverunt.

452 4462 487 4500 a
531 4445 882 4518 Ἀλέξανδρος
925 4445 1215 4517 Ἰλλυρίους
1241 4447 1336 4500 καὶ
1365 4446 1586 4519 Θρᾷκας
1617 4441 1749 4512 εἷλε,
1781 4446 1964 4521 Θήϐας
2138 4463 2167 4502 c
2199 4445 2542 4520 (Ῥωμαίων)
2595 4444 2800 4512 ὕπατος
2844 4445 2938 4502 τὸν
2982 4448 3113 4502 ῐδιον
3149 4448 3266 4504 υἱὸν
3308 4446 3647 4510 ἐπελέκισεν,

378 4539 694 4609 κατέσκαψε
718 4579 733 4603 ,
777 4539 905 4602 τοὺς
949 4537 1176 4609 Δαρείου
1211 4543 1550 4612 στρατηγοὺς
1583 4541 1676 4595 ἐπὶ
1713 4540 1961 4612 Γρανικῷ
2065 4537 2220 4610 παρὰ
2258 4540 2485 4613 γνώμην
2522 4539 2687 4593 αὑτοῦ
2734 4539 3080 4610 συμϐαλόντα
3106 4539 3340 4613 πόλεμον
3367 4541 3465 4596 καὶ
3494 4541 3650 4614 νική-

377 4631 611 4703 ποταμῷ
641 4631 829 4685 Λυδῶν
853 4631 1090 4702 ἐνίκησε,
1119 4631 1344 4704 Σάρδεις
1367 4627 1499 4702 εἷλε,
1524 4630 1698 4705 Τύρον
1723 4632 1962 4704 ὲπολιόρ-
2067 4649 2257 4688 σαντα.
2291 4632 2489 4687 Chron.
2523 4632 2706 4703 pasch.
2731 4646 2782 4701 ρ.
2813 4631 3038 4697 171,,Β.

375 4740 569 4794 κησεν,
637 4724 895 4778 Ἰουδαίαν
957 4725 1356 4796 προσελάϐετο,
1412 4727 1507 4780 καὶ
1551 4726 1644 4780 τὸν
1697 4726 1959 4798 ἀρχιερέα
2134 4724 2170 4776 d
2216 4721 2566 4796 Ἀλέξανδρος
2607 4724 2903 4796 Ὑρκανοὺς
2947 4726 3041 4779 καὶ
3068 4725 3326 4797 Μαρδοὺς
3352 4722 3650 4797 ἐχειρώσα-

387 4817 620 4881 Ἶαδδοὺς
655 4818 884 4890 ἐτίμησε
926 4817 1092 4881 θύσας
1135 4817 1214 4888 τῷ
1240 4817 1377 4890 Θεῷδ
1411 4814 1481 4892 ἦς
1519 4817 1834 4890 (Ἰουδαίας)
1865 4817 1960 4871 καὶ
2062 4828 2142 4865 τοι
2168 4811 2328 4884 Sync.
2359 4829 2412 4883 p.
2436 4813 2564 4879 261,
2588 4813 2655 4868 Β.

265 4937 274 4942 -
376 4907 712 4981 ἐπιμελητὴν
773 4909 912 4980 μετὰ
959 4909 1068 4962 τῶν
1119 4909 1321 4963 λοιπῶν
1372 4911 1552 4964 τόπων
1597 4909 1960 4980 Ἀνδρόμαχον
2131 4923 2160 4960 e
2202 4905 2636 4979 Ἀλεξάνδρειαή
2671 4907 2791 4962 κατ’
2817 4908 3086 4976 Αἴγυπτον
3119 4904 3331 4979 ἑϐδόμῳ
3354 4905 3464 4960 ἔτει
3502 4903 3650 4958 Ἀλε-

375 5001 734 5074 κατέστησεν,
755 5001 814 5055 ὃν
839 5002 1120 5066 ἀνελόντες
1143 5003 1192 5056 οἱ
1218 5003 1317 5074 τὴν
1342 5001 1643 5075 Σαμαρέων
1661 5000 1959 5065 οἰκοῦντες,
2063 4994 2287 5069 ξάνδρου
2317 4999 2561 5070 ἐκτίσθη.
2600 4998 2826 5064 Ibidem,
2857 5000 2922 5053 Α.

372 5090 529 5155 δίκας
555 5091 740 5146 ἔτισαν
767 5092 1153 5156 ἐπανελθόντος
1186 5093 1534 5164 Ἀλεξάνδρου
1569 5092 1629 5158 ἐξ
1661 5092 1956 5163 Αἰγύπτου·
2131 5090 2160 5159 f
2199 5090 2547 5164 Ἀλέξανδρος
2574 5091 2674 5161 τὴν
2707 5091 2936 5162 Ἀορνον
2965 5090 3172 5161 πέτραν
3193 5088 3530 5164 ἐχειρώσατο
3549 5089 3645 5143 καὶ

373 5179 472 5251 τὴν
518 5181 833 5252 Σαμάρειαν
882 5179 1035 5235 πόλιν
1079 5182 1216 5236 ὲλὼν
1268 5181 1611 5255 Ἀλέξανδρος
1643 5183 1960 5246 Μακεδόνας
2062 5186 2306 5255 ποταμὸν
2345 5185 2503 5238 Ἰνδὸν
2539 5184 2712 5256 διέϐη.
2750 5182 2910 5254 Sync.
2939 5200 2991 5254 p.
3022 5183 3152 5250 261,
3183 5183 3251 5238 Β.

371 5273 432 5323 έν
456 5272 594 5344 αὑτῇ
630 5271 955 5344 κατῴκισεν.
984 5272 1134 5328 Idem
1169 5287 1220 5344 p.
1251 5274 1384 5338 260,’
1407 5274 1536 5329 261.

2137 5291 2169 5345 g
2209 5273 2563 5348 Ἀναξιμένης
2593 5274 2690 5330 καὶ
2731 5272 3047 5347 Ἐπίκουρος
3075 5273 3439 5347 ὲγνωρίζοντο
3495 5270 3645 5328 Jdem

446 5363 474 5415 b
511 5363 790 5436 Κατέσχεν
819 5365 1114 5420 Βαϐυλῶνα
1148 5365 1513 5437 Ἀλέξανδρος,
1549 5366 1643 5421 καὶ
1671 5367 1704 5438 ἡ
1730 5366 1957 5438 Περσῶν
2062 5381 2118 5435 ρ.
2148 5364 2275 5430 275,
2307 5367 2372 5420 A.

371 5451 624 5524 βασιλεία
661 5455 954 5528 κατελύθη,
983 5457 1306 5529 διαμείνασα
1341 5457 1436 5514 σλ’.
1475 5456 1625 5513 Idem
1651 5475 1705 5529 ρ.
1735 5454 1858 5525 170,
1889 5456 1951 5516 C.
2135 5459 2169 5512 h
2211 5457 2552 5529 Ἀλέξανδρος
2577 5453 2655 5512 λ6¹
2681 5457 2801 5522 ἔτος
2825 5458 2974 5527 ἄγων
3003 5456 3232 5531 τελευτᾷ
3257 5457 3319 5514 ὲν
3341 5453 3647 5513 Βαϐυλῶνι.

369 5718 641 5846 “man.
677 5733 780 5791 pro
831 5718 1092 5775 subuersis
1142 5718 1329 5776 Thebis
1380 5719 1545 5779 habet
1593 5720 1780 5795 quibus
1834 5720 1961 5779 sub-
2077 5718 2370 5863 Πέὲιξοξωο
2406 5735 2470 5777 ea:
2515 5722 2648 5779 Asia
2682 5720 3058 5790 scribendum,
3108 5721 3439 5780 admonente
3501 5717 3644 5776 Sca-

654 5883 930 5944 ΡΑτιιοι.
961 5883 1082 5948 Gn.
1111 5884 1288 5949 XIX.
2119 5852 2148 5863 ν

2119 5852 2148 5863 ⁷
2750 5855 2759 5862 ”
3000 5852 3008 5866 ί
3325 5887 3398 5950 16
