  <div class='ocr_page' id='page_1' title='image "/cluster/home/n/w/nwhite01/storage/ocr_20150623/19/nnc1.0037127454/270.png"; bbox 0 0 4090 6404; ppageno 0'>
   <div class='ocr_carea' id='block_1_1' title="bbox 352 347 3606 422">
    <p class='ocr_par' dir='ltr' id='par_1_1' title="bbox 352 347 3606 422">
     <span class='ocr_line' id='line_1_1' title="bbox 352 347 3606 422; baseline 0.006 -20"><span class='ocrx_word' id='word_1_1' title='bbox 352 347 458 402; x_wconf 75' lang='lat'><strong>5&#39;2!</strong></span> <span class='ocrx_word' id='word_1_2' title='bbox 1573 351 2075 410; x_wconf 80' lang='lat' dir='ltr'><strong>CHRONICORUM</strong></span> <span class='ocrx_word' id='word_1_3' title='bbox 2105 354 2234 412; x_wconf 86' lang='lat' dir='ltr'><strong>LIB.</strong></span> <span class='ocrx_word' id='word_1_4' title='bbox 2269 355 2334 411; x_wconf 89' lang='grc' dir='ltr'><strong>ιι.</strong></span> <span class='ocrx_word' id='word_1_5' title='bbox 3499 363 3606 422; x_wconf 62' lang='lat'><strong>521</strong></span> 
     </span>
    </p>
   </div>
   <div class='ocr_carea' id='block_1_2' title="bbox 1309 607 2614 654">
    <p class='ocr_par' dir='ltr' id='par_1_2' title="bbox 1309 607 2614 654">
     <span class='ocr_line' id='line_1_2' title="bbox 1309 607 2614 654; baseline 0.006 -9"><span class='ocrx_word' id='word_1_6' title='bbox 1309 607 1500 648; x_wconf 70' lang='lat' dir='ltr'><strong>OLYIIP.</strong></span> <span class='ocrx_word' id='word_1_7' title='bbox 1572 609 1810 648; x_wconf 76' lang='lat' dir='ltr'><strong>ABRAHA-</strong></span> <span class='ocrx_word' id='word_1_8' title='bbox 1869 611 2076 651; x_wconf 66' lang='lat' dir='ltr'><strong>EGYPT.</strong></span> <span class='ocrx_word' id='word_1_9' title='bbox 2199 612 2316 652; x_wconf 68' lang='grc' dir='ltr'>εἰεί).</span> <span class='ocrx_word' id='word_1_10' title='bbox 2484 614 2614 654; x_wconf 70' lang='lat' dir='ltr'><strong>ROI.</strong></span> 
     </span>
    </p>
   </div>
   <div class='ocr_carea' id='block_1_3' title="bbox 1642 679 2688 810">
    <p class='ocr_par' dir='ltr' id='par_1_3' title="bbox 1642 679 2688 810">
     <span class='ocr_line' id='line_1_3' title="bbox 1642 679 2688 810; baseline 0.004 -19"><span class='ocrx_word' id='word_1_11' title='bbox 1642 679 1744 719; x_wconf 63' lang='lat' dir='ltr'><strong>ws</strong></span> <span class='ocrx_word' id='word_1_12' title='bbox 1863 736 2092 806; x_wconf 87' lang='lat' dir='ltr'><strong>Cleopa-</strong></span> <span class='ocrx_word' id='word_1_13' title='bbox 2157 737 2363 808; x_wconf 84' lang='lat' dir='ltr'><strong>Hyrca-</strong></span> <span class='ocrx_word' id='word_1_14' title='bbox 2405 739 2688 810; x_wconf 86' lang='lat' dir='ltr'><strong>Augustus</strong></span> 
     </span>
    </p>
   </div>
   <div class='ocr_carea' id='block_1_4' title="bbox 1933 813 2978 883">
    <p class='ocr_par' dir='ltr' id='par_1_4' title="bbox 1933 813 2978 883">
     <span class='ocr_line' id='line_1_4' title="bbox 1933 813 2978 883; baseline 0.014 -25"><span class='ocrx_word' id='word_1_15' title='bbox 1933 813 2018 859; x_wconf 91' lang='lat' dir='ltr'><strong>tra</strong></span> <span class='ocrx_word' id='word_1_16' title='bbox 2196 825 2303 863; x_wconf 89' lang='lat' dir='ltr'><strong>nus</strong></span> <span class='ocrx_word' id='word_1_17' title='bbox 2973 878 2978 883; x_wconf 44' lang='grc'><strong>,</strong></span> 
     </span>
    </p>
   </div>
   <div class='ocr_carea' id='block_1_5' title="bbox 426 906 3607 1021">
    <p class='ocr_par' dir='ltr' id='par_1_5' title="bbox 426 906 3607 1021">
     <span class='ocr_line' id='line_1_5' title="bbox 426 906 3607 1021; baseline 0.006 -29"><span class='ocrx_word' id='word_1_18' title='bbox 426 939 702 1021; x_wconf 78' lang='lat' dir='ltr'><strong>Antonius</strong></span> <span class='ocrx_word' id='word_1_19' title='bbox 752 940 1043 1021; x_wconf 61' lang='lat' dir='ltr'><strong>adversum</strong></span> <span class='ocrx_word' id='word_1_20' title='bbox 1086 943 1272 1013; x_wconf 83' lang='lat' dir='ltr'><strong>Augu-</strong></span> <span class='ocrx_word' id='word_1_21' title='bbox 1305 906 1514 915; x_wconf 75' lang='lat'><strong><em>—</em></strong></span> <span class='ocrx_word' id='word_1_22' title='bbox 1585 906 1798 915; x_wconf 71' lang='lat'><strong>——</strong></span> <span class='ocrx_word' id='word_1_23' title='bbox 1869 906 2082 917; x_wconf 55' lang='lat'><strong>———</strong></span> <span class='ocrx_word' id='word_1_24' title='bbox 2154 906 2366 1004; x_wconf 55' lang='grc' dir='ltr'><strong>’ἿᾟῙ</strong></span> <span class='ocrx_word' id='word_1_25' title='bbox 2398 910 2657 1004; x_wconf 64' lang='grc' dir='ltr'>ρἈΞΞῦΞ</span> <span class='ocrx_word' id='word_1_26' title='bbox 2709 951 3088 1010; x_wconf 86' lang='lat' dir='ltr'><strong>AUGUSTUS</strong></span> <span class='ocrx_word' id='word_1_27' title='bbox 3135 954 3607 1021; x_wconf 82' lang='lat' dir='ltr'><strong>OCTAVIANUS,</strong></span> 
     </span>
    </p>
   </div>
   <div class='ocr_carea' id='block_1_6' title="bbox 361 1011 3609 1101">
    <p class='ocr_par' dir='ltr' id='par_1_6' title="bbox 361 1011 3609 1101">
     <span class='ocr_line' id='line_1_6' title="bbox 361 1011 3609 1101; baseline 0.006 -36"><span class='ocrx_word' id='word_1_28' title='bbox 361 1011 1043 1101; x_wconf 47' lang='lat' dir='ltr'><strong>stq‘m‘t&#39;iaesarembellum</strong></span> <span class='ocrx_word' id='word_1_29' title='bbox 1070 1011 1272 1070; x_wconf 73' lang='lat' dir='ltr'><strong>movet.</strong></span> <span class='ocrx_word' id='word_1_30' title='bbox 2383 1023 2544 1101; x_wconf 62' lang='lat' dir='ltr'><strong>annis</strong></span> <span class='ocrx_word' id='word_1_31' title='bbox 2575 1037 2684 1084; x_wconf 78' lang='lat' dir='ltr'><strong>LVI,</strong></span> <span class='ocrx_word' id='word_1_32' title='bbox 2721 1027 3014 1101; x_wconf 71' lang='lat' dir='ltr'><strong>mensibus</strong></span> <span class='ocrx_word' id='word_1_33' title='bbox 3045 1043 3120 1088; x_wconf 82' lang='lat' dir='ltr'><strong>vi,</strong></span> <span class='ocrx_word' id='word_1_34' title='bbox 3156 1011 3192 1080; x_wconf 14' lang='lat' dir='ltr'><strong>7a</strong></span> <span class='ocrx_word' id='word_1_35' title='bbox 3218 1045 3335 1101; x_wconf 79' lang='lat' dir='ltr'><strong>quo</strong></span> <span class='ocrx_word' id='word_1_36' title='bbox 3364 1038 3418 1084; x_wconf 91' lang='lat' dir='ltr'><strong>et</strong></span> <span class='ocrx_word' id='word_1_37' title='bbox 3448 1011 3609 1101; x_wconf 66' lang='lat' dir='ltr'><strong>reges</strong></span> 
     </span>
    </p>
   </div>
   <div class='ocr_carea' id='block_1_7' title="bbox 387 1080 3327 1165">
    <p class='ocr_par' dir='ltr' id='par_1_7' title="bbox 387 1080 3327 1165">
     <span class='ocr_line' id='line_1_7' title="bbox 387 1080 3327 1165; baseline 0.006 -31"><span class='ocrx_word' id='word_1_38' title='bbox 387 1153 397 1164; x_wconf 77' lang='lat'><em>_</em></span> <span class='ocrx_word' id='word_1_39' title='bbox 438 1080 670 1165; x_wconf 63' lang='lat' dir='ltr'><strong>Publius</strong></span> <span class='ocrx_word' id='word_1_40' title='bbox 713 1081 1122 1165; x_wconf 55' lang='lat' dir='ltr'><strong>mimographus</strong></span> <span class='ocrx_word' id='word_1_41' title='bbox 1173 1101 1272 1138; x_wconf 86' lang='lat' dir='ltr'><strong>na—</strong></span> <span class='ocrx_word' id='word_1_42' title='bbox 1652 1157 1775 1165; x_wconf 68' lang='lat'><strong>___</strong></span> <span class='ocrx_word' id='word_1_43' title='bbox 1997 1156 2026 1165; x_wconf 86' lang='lat'>_</span> <span class='ocrx_word' id='word_1_44' title='bbox 2244 1159 2309 1165; x_wconf 38' lang='lat' dir='ltr'><strong>An</strong></span> <span class='ocrx_word' id='word_1_45' title='bbox 2379 1080 2751 1147; x_wconf 76' lang='lat' dir='ltr'><strong>Romanorum</strong></span> <span class='ocrx_word' id='word_1_46' title='bbox 2785 1095 3016 1164; x_wconf 88' lang='lat' dir='ltr'><strong>Augusti</strong></span> <span class='ocrx_word' id='word_1_47' title='bbox 3055 1080 3327 1165; x_wconf 68' lang='lat' dir='ltr'><strong>appellati.</strong></span> 
     </span>
    </p>
   </div>
   <div class='ocr_carea' id='block_1_8' title="bbox 360 1149 1975 1250">
    <p class='ocr_par' dir='ltr' id='par_1_8' title="bbox 360 1149 1782 1250">
     <span class='ocr_line' id='line_1_8' title="bbox 360 1149 1782 1250; baseline 0 0"><span class='ocrx_word' id='word_1_48' title='bbox 360 1151 714 1250; x_wconf 66' lang='lat' dir='ltr'><strong>E9.&quot;‘i§3‘.&quot;:&#39;:</strong></span> <span class='ocrx_word' id='word_1_49' title='bbox 733 1149 840 1250; x_wconf 59' lang='lat'><strong>‘39‘</strong></span> <span class='ocrx_word' id='word_1_50' title='bbox 867 1180 952 1248; x_wconf 68' lang='grc' dir='ltr'><strong>ιι.</strong></span> <span class='ocrx_word' id='word_1_51' title='bbox 984 1149 1281 1250; x_wconf 73' lang='grc' dir='ltr'><strong>”ι)(;(;Χ.</strong></span> <span class='ocrx_word' id='word_1_52' title='bbox 1645 1157 1782 1213; x_wconf 63' lang='grc'><strong>⁸9⁷⁵</strong></span> 
     </span>
    </p>
   </div>
   <div class='ocr_carea' id='block_1_9' title="bbox 1994 1149 3609 1250">
    <p class='ocr_par' dir='ltr' id='par_1_9' title="bbox 1994 1149 3609 1250">
     <span class='ocr_line' id='line_1_9' title="bbox 1994 1149 3609 1250; baseline 0.007 -36"><span class='ocrx_word' id='word_1_53' title='bbox 1994 1156 2028 1214; x_wconf 89' lang='grc'>8</span> <span class='ocrx_word' id='word_1_54' title='bbox 2240 1159 2312 1214; x_wconf 74' lang='grc'>25</span> <span class='ocrx_word' id='word_1_55' title='bbox 2563 1165 2589 1217; x_wconf 89' lang='grc'><strong>1</strong></span> <span class='ocrx_word' id='word_1_56' title='bbox 2698 1232 2744 1250; x_wconf 61' lang='grc' dir='ltr'><strong>π</strong></span> <span class='ocrx_word' id='word_1_57' title='bbox 2772 1149 2966 1248; x_wconf 58' lang='lat' dir='ltr'><strong>Cicero</strong></span> <span class='ocrx_word' id='word_1_58' title='bbox 2993 1168 3053 1250; x_wconf 38' lang='lat' dir='ltr'><strong>ip‘</strong></span> <span class='ocrx_word' id='word_1_59' title='bbox 3084 1149 3372 1222; x_wconf 55' lang='lat' dir='ltr'><strong>Formiano</strong></span> <span class='ocrx_word' id='word_1_60' title='bbox 3411 1185 3511 1224; x_wconf 89' lang='lat' dir='ltr'><strong>suo</strong></span> <span class='ocrx_word' id='word_1_61' title='bbox 3540 1172 3609 1226; x_wconf 91' lang='lat' dir='ltr'><strong>ab</strong></span> 
     </span>
    </p>
   </div>
   <div class='ocr_carea' id='block_1_10' title="bbox 351 1231 3611 1307">
    <p class='ocr_par' dir='ltr' id='par_1_10' title="bbox 351 1231 3611 1307">
     <span class='ocr_line' id='line_1_10' title="bbox 351 1231 3611 1307; baseline 0.008 -35"><span class='ocrx_word' id='word_1_62' title='bbox 351 1237 454 1307; x_wconf 66' lang='lat' dir='ltr'><strong>ma:</strong></span> <span class='ocrx_word' id='word_1_63' title='bbox 496 1238 716 1277; x_wconf 81' lang='lat' dir='ltr'><strong>scenam</strong></span> <span class='ocrx_word' id='word_1_64' title='bbox 759 1231 839 1276; x_wconf 88' lang='lat' dir='ltr'><strong>te—</strong></span> <span class='ocrx_word' id='word_1_65' title='bbox 867 1231 952 1248; x_wconf 75' lang='lat'><strong>‘“</strong></span> <span class='ocrx_word' id='word_1_66' title='bbox 1025 1231 1281 1250; x_wconf 73' lang='grc' dir='ltr'><strong>ννν⁴³⁹</strong></span> <span class='ocrx_word' id='word_1_67' title='bbox 2698 1232 2974 1289; x_wconf 84' lang='lat' dir='ltr'><strong>Herennio</strong></span> <span class='ocrx_word' id='word_1_68' title='bbox 3014 1237 3280 1307; x_wconf 83' lang='lat' dir='ltr'><strong>Pompilio</strong></span> <span class='ocrx_word' id='word_1_69' title='bbox 3336 1242 3611 1296; x_wconf 78' lang='lat' dir='ltr'><strong>occiditur</strong></span> 
     </span>
    </p>
   </div>
   <div class='ocr_carea' id='block_1_11' title="bbox 353 1303 3368 1364">
    <p class='ocr_par' dir='ltr' id='par_1_11' title="bbox 353 1303 3368 1364">
     <span class='ocr_line' id='line_1_11' title="bbox 353 1303 3368 1364; baseline 0.006 -19"><span class='ocrx_word' id='word_1_70' title='bbox 353 1303 465 1347; x_wconf 88' lang='lat' dir='ltr'><strong>net.</strong></span> <span class='ocrx_word' id='word_1_71' title='bbox 2699 1321 2828 1362; x_wconf 80' lang='lat' dir='ltr'><strong>wa</strong></span> <span class='ocrx_word' id='word_1_72' title='bbox 2853 1309 3031 1362; x_wconf 70' lang='lat' dir='ltr'><strong>aetatis</strong></span> <span class='ocrx_word' id='word_1_73' title='bbox 3061 1303 3174 1363; x_wconf 73' lang='lat' dir='ltr'><strong>suae</strong></span> <span class='ocrx_word' id='word_1_74' title='bbox 3199 1324 3368 1364; x_wconf 91' lang='lat' dir='ltr'><strong>anno.</strong></span> 
     </span>
    </p>
   </div>
   <div class='ocr_carea' id='block_1_12' title="bbox 427 1429 1846 1507">
    <p class='ocr_par' dir='ltr' id='par_1_12' title="bbox 427 1429 1846 1507">
     <span class='ocr_line' id='line_1_12' title="bbox 427 1429 1846 1507; baseline 0.006 -25"><span class='ocrx_word' id='word_1_75' title='bbox 427 1429 456 1482; x_wconf 71' lang='grc' dir='ltr'><strong>ὁ</strong></span> <span class='ocrx_word' id='word_1_76' title='bbox 485 1429 570 1484; x_wconf 88' lang='lat' dir='ltr'><strong>Ab</strong></span> <span class='ocrx_word' id='word_1_77' title='bbox 593 1431 714 1485; x_wconf 92' lang='lat' dir='ltr'><strong>loco</strong></span> <span class='ocrx_word' id='word_1_78' title='bbox 744 1431 1068 1485; x_wconf 88' lang='lat' dir='ltr'><strong>Antiocheni</strong></span> <span class='ocrx_word' id='word_1_79' title='bbox 1104 1447 1202 1488; x_wconf 92' lang='lat' dir='ltr'><strong>sua</strong></span> <span class='ocrx_word' id='word_1_80' title='bbox 1231 1440 1476 1504; x_wconf 86' lang='lat' dir='ltr'><strong>tempora</strong></span> <span class='ocrx_word' id='word_1_81' title='bbox 1508 1443 1846 1507; x_wconf 88' lang='lat' dir='ltr'><strong>computant.</strong></span> 
     </span>
    </p>
   </div>
   <div class='ocr_carea' id='block_1_13' title="bbox 421 1523 2962 1602">
    <p class='ocr_par' dir='ltr' id='par_1_13' title="bbox 421 1523 2962 1602">
     <span class='ocr_line' id='line_1_13' title="bbox 421 1523 2962 1602; baseline 0.005 -24"><span class='ocrx_word' id='word_1_82' title='bbox 421 1523 690 1580; x_wconf 83' lang='lat' dir='ltr'><strong>Laberius</strong></span> <span class='ocrx_word' id='word_1_83' title='bbox 730 1528 1020 1580; x_wconf 90' lang='lat' dir='ltr'><strong>mimorum</strong></span> <span class='ocrx_word' id='word_1_84' title='bbox 1054 1528 1292 1598; x_wconf 76' lang='lat' dir='ltr'><strong>scriptor</strong></span> <span class='ocrx_word' id='word_1_85' title='bbox 1310 1528 1521 1583; x_wconf 91' lang='lat' dir='ltr'><strong>decimo</strong></span> <span class='ocrx_word' id='word_1_86' title='bbox 1551 1547 1738 1586; x_wconf 89' lang='lat' dir='ltr'><strong>mense</strong></span> <span class='ocrx_word' id='word_1_87' title='bbox 1762 1541 1885 1602; x_wconf 91' lang='lat' dir='ltr'><strong>post</strong></span> <span class='ocrx_word' id='word_1_88' title='bbox 1924 1532 2115 1589; x_wconf 85' lang='lat' dir='ltr'><strong>Caium</strong></span> <span class='ocrx_word' id='word_1_89' title='bbox 2141 1534 2410 1592; x_wconf 76' lang='lat' dir='ltr'><strong>Caesarem</strong></span> <span class='ocrx_word' id='word_1_90' title='bbox 2442 1536 2680 1593; x_wconf 85' lang='lat' dir='ltr'><strong>Puteolis</strong></span> <span class='ocrx_word' id='word_1_91' title='bbox 2713 1537 2962 1591; x_wconf 81' lang='lat' dir='ltr'><strong>moritur&#39;</strong></span> 
     </span>
    </p>
   </div>
   <div class='ocr_carea' id='block_1_14' title="bbox 421 1618 3612 1706">
    <p class='ocr_par' dir='ltr' id='par_1_14' title="bbox 421 1618 3612 1706">
     <span class='ocr_line' id='line_1_14' title="bbox 421 1618 3612 1706; baseline 0.004 -31"><span class='ocrx_word' id='word_1_92' title='bbox 421 1619 703 1678; x_wconf 85' lang='lat' dir='ltr'><strong>Ciceronis</strong></span> <span class='ocrx_word' id='word_1_93' title='bbox 725 1632 888 1693; x_wconf 87' lang='lat' dir='ltr'><strong>caput</strong></span> <span class='ocrx_word' id='word_1_94' title='bbox 919 1638 1044 1677; x_wconf 91' lang='lat' dir='ltr'><strong>cum</strong></span> <span class='ocrx_word' id='word_1_95' title='bbox 1079 1638 1243 1677; x_wconf 88' lang='lat' dir='ltr'><strong>manu</strong></span> <span class='ocrx_word' id='word_1_96' title='bbox 1271 1623 1494 1680; x_wconf 83' lang='lat' dir='ltr'><strong>dextera</strong></span> <span class='ocrx_word' id='word_1_97' title='bbox 1524 1642 1624 1696; x_wconf 91' lang='lat' dir='ltr'><strong>pro</strong></span> <span class='ocrx_word' id='word_1_98' title='bbox 1653 1629 1852 1684; x_wconf 88' lang='lat' dir='ltr'><strong>rostris</strong></span> <span class='ocrx_word' id='word_1_99' title='bbox 1883 1631 2125 1701; x_wconf 88' lang='lat' dir='ltr'><strong>positum</strong></span> <span class='ocrx_word' id='word_1_100' title='bbox 2159 1651 2171 1686; x_wconf 94' lang='lat'>:</span> <span class='ocrx_word' id='word_1_101' title='bbox 2197 1631 2465 1703; x_wconf 77' lang='lat' dir='ltr'><strong>juxtaque</strong></span> <span class='ocrx_word' id='word_1_102' title='bbox 2501 1640 2764 1687; x_wconf 88' lang='lat' dir='ltr'><strong>coronata</strong></span> <span class='ocrx_word' id='word_1_103' title='bbox 2793 1618 3049 1702; x_wconf 71' lang='lat' dir='ltr'><strong>Pompiiii</strong></span> <span class='ocrx_word' id='word_1_104' title='bbox 3069 1619 3262 1688; x_wconf 79' lang='lat' dir='ltr'><strong>militis</strong></span> <span class='ocrx_word' id='word_1_105' title='bbox 3283 1632 3482 1706; x_wconf 80' lang='lat' dir='ltr'><strong>imago,</strong></span> <span class='ocrx_word' id='word_1_106' title='bbox 3513 1633 3612 1705; x_wconf 89' lang='lat' dir='ltr'><strong>qui</strong></span> 
     </span>
    </p>
   </div>
   <div class='ocr_carea' id='block_1_15' title="bbox 349 1713 2396 1768">
    <p class='ocr_par' dir='ltr' id='par_1_15' title="bbox 349 1713 2396 1768">
     <span class='ocr_line' id='line_1_15' title="bbox 349 1713 2396 1768; baseline 0 0"><span class='ocrx_word' id='word_1_107' title='bbox 349 1727 473 1768; x_wconf 86' lang='lat' dir='ltr'><strong>eum</strong></span> <span class='ocrx_word' id='word_1_108' title='bbox 497 1713 793 1768; x_wconf 83' lang='lat' dir='ltr'><strong>occiderat.</strong></span> <span class='ocrx_word' id='word_1_109' title='bbox 2393 1715 2396 1718; x_wconf 81' lang='grc'><strong>’</strong></span> 
     </span>
    </p>
   </div>
   <div class='ocr_carea' id='block_1_16' title="bbox 422 1849 3608 1934">
    <p class='ocr_par' dir='ltr' id='par_1_16' title="bbox 422 1849 3608 1934">
     <span class='ocr_line' id='line_1_16' title="bbox 422 1849 3608 1934; baseline 0.003 -30"><span class='ocrx_word' id='word_1_110' title='bbox 422 1849 652 1934; x_wconf 69' lang='lat' dir='ltr'><strong>Qvidius</strong></span> <span class='ocrx_word' id='word_1_111' title='bbox 709 1849 856 1908; x_wconf 84' lang='lat' dir='ltr'><strong>Naso</strong></span> <span class='ocrx_word' id='word_1_112' title='bbox 906 1853 1152 1908; x_wconf 86' lang='lat' dir='ltr'><strong>nascitur</strong></span> <span class='ocrx_word' id='word_1_113' title='bbox 1203 1853 1261 1910; x_wconf 86' lang='lat' dir='ltr'><strong>in</strong></span> <span class='ocrx_word' id='word_1_114' title='bbox 2544 1858 2580 1934; x_wconf 57' lang='grc' dir='ltr'>ἓ</span> <span class='ocrx_word' id='word_1_115' title='bbox 2763 1857 2979 1910; x_wconf 81' lang='lat' dir='ltr'><strong>Vibium</strong></span> <span class='ocrx_word' id='word_1_116' title='bbox 3021 1856 3315 1910; x_wconf 82' lang='lat' dir='ltr'><strong>Maximum</strong></span> <span class='ocrx_word' id='word_1_117' title='bbox 3351 1859 3608 1934; x_wconf 81' lang='lat' dir='ltr'><strong>designa-</strong></span> 
     </span>
    </p>
   </div>
   <div class='ocr_carea' id='block_1_17' title="bbox 347 1919 3608 2021">
    <p class='ocr_par' dir='ltr' id='par_1_17' title="bbox 347 1919 3608 2021">
     <span class='ocr_line' id='line_1_17' title="bbox 347 1919 3608 2021; baseline 0.003 -46"><span class='ocrx_word' id='word_1_118' title='bbox 347 1919 608 2021; x_wconf 45' lang='lat' dir='ltr'><strong>Pelignis.</strong></span> <span class='ocrx_word' id='word_1_119' title='bbox 713 2000 728 2021; x_wconf 53' lang='lat'><em>.</em></span> <span class='ocrx_word' id='word_1_120' title='bbox 843 1994 894 2021; x_wconf 41' lang='grc' dir='ltr'>Ἥ</span> <span class='ocrx_word' id='word_1_121' title='bbox 972 1995 1001 2021; x_wconf 45' lang='grc' dir='ltr'><em>Α</em></span> <span class='ocrx_word' id='word_1_122' title='bbox 1181 1997 1193 2021; x_wconf 58' lang='grc' dir='ltr'><strong>ι</strong></span> <span class='ocrx_word' id='word_1_123' title='bbox 1362 1951 1497 2021; x_wconf 60' lang='grc'><strong>,185</strong></span> <span class='ocrx_word' id='word_1_124' title='bbox 1628 1926 1767 1980; x_wconf 86' lang='grc'>1976</span> <span class='ocrx_word' id='word_1_125' title='bbox 1954 1929 2020 1982; x_wconf 89' lang='grc'>10</span> <span class='ocrx_word' id='word_1_126' title='bbox 2231 1927 2302 1982; x_wconf 73' lang='grc'><strong>27</strong></span> <span class='ocrx_word' id='word_1_127' title='bbox 2550 1929 2584 1982; x_wconf 79' lang='lat'><strong>5</strong></span> <span class='ocrx_word' id='word_1_128' title='bbox 2695 1919 3608 2021; x_wconf 63' lang='lat' dir='ltr'><strong>tumqumstoremagpqvitdomi-</strong></span> 
     </span>
    </p>
   </div>
   <div class='ocr_carea' id='block_1_18' title="bbox 420 1993 3464 2066">
    <p class='ocr_par' dir='ltr' id='par_1_18' title="bbox 420 1993 3464 2066">
     <span class='ocr_line' id='line_1_18' title="bbox 420 1993 3464 2066; baseline 0.002 -19"><span class='ocrx_word' id='word_1_129' title='bbox 420 1993 633 2066; x_wconf 83' lang='lat' dir='ltr'><strong>Cicero,</strong></span> <span class='ocrx_word' id='word_1_130' title='bbox 674 2000 732 2047; x_wconf 92' lang='grc' dir='ltr'><strong>ιιι</strong></span> <span class='ocrx_word' id='word_1_131' title='bbox 764 1994 1095 2063; x_wconf 90' lang='lat' dir='ltr'><strong>quibusdam</strong></span> <span class='ocrx_word' id='word_1_132' title='bbox 1142 1997 1261 2066; x_wconf 86' lang='lat' dir='ltr'><strong>pla-</strong></span> <span class='ocrx_word' id='word_1_133' title='bbox 1373 1993 1497 2021; x_wconf 73' lang='grc' dir='ltr'><strong>ὐυ</strong></span> <span class='ocrx_word' id='word_1_134' title='bbox 2698 2014 2804 2052; x_wconf 90' lang='lat' dir='ltr'><strong>nus</strong></span> <span class='ocrx_word' id='word_1_135' title='bbox 2840 1993 2989 2056; x_wconf 70' lang='lat' dir='ltr'><strong>suus,</strong></span> <span class='ocrx_word' id='word_1_136' title='bbox 3025 2006 3185 2066; x_wconf 88' lang='lat' dir='ltr'><strong>atque</strong></span> <span class='ocrx_word' id='word_1_137' title='bbox 3216 1993 3464 2053; x_wconf 69' lang='lat' dir='ltr'><strong>abduxit.</strong></span> 
     </span>
    </p>
   </div>
   <div class='ocr_carea' id='block_1_19' title="bbox 352 2065 3606 2141">
    <p class='ocr_par' dir='ltr' id='par_1_19' title="bbox 352 2065 3606 2141">
     <span class='ocr_line' id='line_1_19' title="bbox 352 2065 3606 2141; baseline 0.002 -24"><span class='ocrx_word' id='word_1_138' title='bbox 352 2065 908 2141; x_wconf 30' lang='lat' dir='ltr'><strong>ce_t_.inte_rli_c_i_tur‘in</strong></span> <span class='ocrx_word' id='word_1_139' title='bbox 961 2066 1186 2141; x_wconf 77' lang='lat' dir='ltr'><strong>Caietis.</strong></span> <span class='ocrx_word' id='word_1_140' title='bbox 2765 2067 3018 2141; x_wconf 81' lang='lat' dir='ltr'><strong>Secunda</strong></span> <span class='ocrx_word' id='word_1_141' title='bbox 3073 2065 3317 2141; x_wconf 76' lang='lat' dir='ltr'><strong>secessio</strong></span> <span class='ocrx_word' id='word_1_142' title='bbox 3371 2070 3606 2141; x_wconf 78' lang='lat' dir='ltr'><strong>Augusti</strong></span> 
     </span>
    </p>
   </div>
   <div class='ocr_carea' id='block_1_20' title="bbox 420 2132 3291 2206">
    <p class='ocr_par' dir='ltr' id='par_1_20' title="bbox 420 2132 3291 2206">
     <span class='ocr_line' id='line_1_20' title="bbox 420 2132 3291 2206; baseline 0.003 -21"><span class='ocrx_word' id='word_1_143' title='bbox 420 2132 640 2202; x_wconf 87' lang='lat' dir='ltr'><strong>Templa</strong></span> <span class='ocrx_word' id='word_1_144' title='bbox 662 2135 1004 2206; x_wconf 60' lang='lat' dir='ltr'><strong>Rhodiorum</strong></span> <span class='ocrx_word' id='word_1_145' title='bbox 1027 2136 1270 2206; x_wconf 89' lang='lat' dir='ltr'><strong>depopu-</strong></span> <span class='ocrx_word' id='word_1_146' title='bbox 2678 2147 2734 2194; x_wconf 91' lang='lat' dir='ltr'><strong>et</strong></span> <span class='ocrx_word' id='word_1_147' title='bbox 2767 2139 2994 2192; x_wconf 85' lang='lat' dir='ltr'><strong>Antonii</strong></span> <span class='ocrx_word' id='word_1_148' title='bbox 3020 2139 3291 2194; x_wconf 88' lang='lat' dir='ltr'><strong>consulis.</strong></span> 
     </span>
    </p>
   </div>
   <div class='ocr_carea' id='block_1_21' title="bbox 350 2203 886 2261">
    <p class='ocr_par' dir='ltr' id='par_1_21' title="bbox 350 2203 886 2261">
     <span class='ocr_line' id='line_1_21' title="bbox 350 2203 886 2261; baseline 0.006 -6"><span class='ocrx_word' id='word_1_149' title='bbox 350 2203 498 2258; x_wconf 93' lang='lat' dir='ltr'><strong>latus</strong></span> <span class='ocrx_word' id='word_1_150' title='bbox 525 2214 610 2260; x_wconf 88' lang='lat' dir='ltr'><strong>est</strong></span> <span class='ocrx_word' id='word_1_151' title='bbox 639 2205 886 2261; x_wconf 87' lang='lat' dir='ltr'><strong>Cassius.</strong></span> 
     </span>
    </p>
   </div>
   <div class='ocr_carea' id='block_1_22' title="bbox 428 2338 3608 2416">
    <p class='ocr_par' dir='ltr' id='par_1_22' title="bbox 428 2338 3608 2416">
     <span class='ocr_line' id='line_1_22' title="bbox 428 2338 3608 2416; baseline 0.003 -23"><span class='ocrx_word' id='word_1_152' title='bbox 428 2339 761 2395; x_wconf 84' lang='lat' dir='ltr'><strong>Corniﬁcius</strong></span> <span class='ocrx_word' id='word_1_153' title='bbox 792 2349 954 2410; x_wconf 90' lang='lat' dir='ltr'><strong>poeta</strong></span> <span class='ocrx_word' id='word_1_154' title='bbox 985 2357 1015 2395; x_wconf 89' lang='lat' dir='ltr'><strong>a</strong></span> <span class='ocrx_word' id='word_1_155' title='bbox 1047 2341 1315 2397; x_wconf 84' lang='lat' dir='ltr'><strong>militibus</strong></span> <span class='ocrx_word' id='word_1_156' title='bbox 1348 2343 1602 2398; x_wconf 90' lang='lat' dir='ltr'><strong>desertus</strong></span> <span class='ocrx_word' id='word_1_157' title='bbox 1633 2342 1861 2410; x_wconf 83' lang='lat' dir='ltr'><strong>interiit,</strong></span> <span class='ocrx_word' id='word_1_158' title='bbox 1883 2359 2024 2414; x_wconf 90' lang='lat' dir='ltr'><strong>quos</strong></span> <span class='ocrx_word' id='word_1_159' title='bbox 2083 2359 2225 2414; x_wconf 80' lang='lat' dir='ltr'><strong>saepe</strong></span> <span class='ocrx_word' id='word_1_160' title='bbox 2249 2341 2517 2415; x_wconf 75' lang='lat' dir='ltr'><strong>fugientes</strong></span> <span class='ocrx_word' id='word_1_161' title='bbox 2541 2338 2784 2414; x_wconf 84' lang='lat' dir='ltr'><strong>galeatos</strong></span> <span class='ocrx_word' id='word_1_162' title='bbox 2829 2343 3042 2413; x_wconf 90' lang='lat' dir='ltr'><strong>lepores</strong></span> <span class='ocrx_word' id='word_1_163' title='bbox 3080 2344 3399 2414; x_wconf 86' lang='lat' dir='ltr'><strong>appellarat.</strong></span> <span class='ocrx_word' id='word_1_164' title='bbox 3431 2343 3608 2416; x_wconf 80' lang='lat' dir='ltr'><strong>Hujus</strong></span> 
     </span>
    </p>
   </div>
   <div class='ocr_carea' id='block_1_23' title="bbox 349 2432 2016 2508">
    <p class='ocr_par' dir='ltr' id='par_1_23' title="bbox 349 2432 2016 2508">
     <span class='ocr_line' id='line_1_23' title="bbox 349 2432 2016 2508; baseline 0.003 -20"><span class='ocrx_word' id='word_1_165' title='bbox 349 2448 505 2488; x_wconf 75' lang='lat' dir='ltr'><strong>soror</strong></span> <span class='ocrx_word' id='word_1_166' title='bbox 534 2432 850 2494; x_wconf 76' lang='lat' dir='ltr'><strong>Cornificio,</strong></span> <span class='ocrx_word' id='word_1_167' title='bbox 889 2434 1048 2502; x_wconf 84' lang='lat' dir='ltr'><strong>cujus</strong></span> <span class='ocrx_word' id='word_1_168' title='bbox 1078 2435 1317 2497; x_wconf 73' lang='lat' dir='ltr'><strong>insignia</strong></span> <span class='ocrx_word' id='word_1_169' title='bbox 1353 2444 1569 2490; x_wconf 75' lang='lat' dir='ltr'><strong>exstant</strong></span> <span class='ocrx_word' id='word_1_170' title='bbox 1601 2437 2016 2508; x_wconf 82' lang='lat' dir='ltr'><strong>epigrammata.</strong></span> 
     </span>
    </p>
   </div>
   <div class='ocr_carea' id='block_1_24' title="bbox 417 2523 3610 2598">
    <p class='ocr_par' dir='ltr' id='par_1_24' title="bbox 417 2523 3610 2598">
     <span class='ocr_line' id='line_1_24' title="bbox 417 2523 3610 2598; baseline 0.001 -19"><span class='ocrx_word' id='word_1_171' title='bbox 417 2523 482 2579; x_wconf 90' lang='lat' dir='ltr'><strong>C.</strong></span> <span class='ocrx_word' id='word_1_172' title='bbox 516 2523 796 2579; x_wconf 87' lang='lat' dir='ltr'><strong>Faleidius</strong></span> <span class='ocrx_word' id='word_1_173' title='bbox 820 2525 1076 2579; x_wconf 89' lang='lat' dir='ltr'><strong>tribunus</strong></span> <span class='ocrx_word' id='word_1_174' title='bbox 1100 2526 1275 2595; x_wconf 84' lang='lat' dir='ltr'><strong>plebis</strong></span> <span class='ocrx_word' id='word_1_175' title='bbox 1316 2527 1490 2596; x_wconf 85' lang='lat' dir='ltr'><strong>legem</strong></span> <span class='ocrx_word' id='word_1_176' title='bbox 1520 2529 1663 2592; x_wconf 84' lang='lat' dir='ltr'><strong>tulit,</strong></span> <span class='ocrx_word' id='word_1_177' title='bbox 1695 2544 1763 2582; x_wconf 89' lang='lat' dir='ltr'><strong>ne</strong></span> <span class='ocrx_word' id='word_1_178' title='bbox 1793 2529 1916 2598; x_wconf 89' lang='lat' dir='ltr'><strong>quis</strong></span> <span class='ocrx_word' id='word_1_179' title='bbox 1949 2534 2276 2584; x_wconf 90' lang='lat' dir='ltr'><strong>testamento</strong></span> <span class='ocrx_word' id='word_1_180' title='bbox 2307 2527 2430 2595; x_wconf 86' lang='lat' dir='ltr'><strong>plus</strong></span> <span class='ocrx_word' id='word_1_181' title='bbox 2461 2525 2685 2595; x_wconf 81' lang='lat' dir='ltr'><strong>legaret,</strong></span> <span class='ocrx_word' id='word_1_182' title='bbox 2719 2538 2882 2593; x_wconf 86' lang='lat' dir='ltr'><strong>quam</strong></span> <span class='ocrx_word' id='word_1_183' title='bbox 2909 2530 2968 2577; x_wconf 90' lang='lat' dir='ltr'><strong>ut</strong></span> <span class='ocrx_word' id='word_1_184' title='bbox 2993 2531 3187 2592; x_wconf 85' lang='lat' dir='ltr'><strong>quarta</strong></span> <span class='ocrx_word' id='word_1_185' title='bbox 3223 2540 3351 2597; x_wconf 88' lang='lat' dir='ltr'><strong>pars</strong></span> <span class='ocrx_word' id='word_1_186' title='bbox 3379 2525 3610 2582; x_wconf 62' lang='lat' dir='ltr'><strong>haeredi-</strong></span> 
     </span>
    </p>
   </div>
   <div class='ocr_carea' id='block_1_25' title="bbox 347 2621 3610 2693">
    <p class='ocr_par' dir='ltr' id='par_1_25' title="bbox 347 2621 3610 2693">
     <span class='ocr_line' id='line_1_25' title="bbox 347 2621 3610 2693; baseline 0.001 -19"><span class='ocrx_word' id='word_1_187' title='bbox 347 2621 453 2674; x_wconf 88' lang='lat' dir='ltr'><strong>bus</strong></span> <span class='ocrx_word' id='word_1_188' title='bbox 487 2629 819 2690; x_wconf 84' lang='lat' dir='ltr'><strong>superesset,</strong></span> <span class='ocrx_word' id='word_1_189' title='bbox 855 2622 901 2676; x_wconf 90' lang='lat' dir='ltr'><strong>si</strong></span> <span class='ocrx_word' id='word_1_190' title='bbox 932 2631 1172 2691; x_wconf 87' lang='lat' dir='ltr'><strong>quatuor</strong></span> <span class='ocrx_word' id='word_1_191' title='bbox 1208 2630 1303 2676; x_wconf 92' lang='lat' dir='ltr'><strong>aut</strong></span> <span class='ocrx_word' id='word_1_192' title='bbox 1337 2623 1519 2679; x_wconf 82' lang='lat' dir='ltr'><strong>minus</strong></span> <span class='ocrx_word' id='word_1_193' title='bbox 1542 2633 1749 2678; x_wconf 82' lang='lat' dir='ltr'><strong>essent.</strong></span> <span class='ocrx_word' id='word_1_194' title='bbox 1787 2623 1841 2677; x_wconf 89' lang='lat' dir='ltr'><strong>Si</strong></span> <span class='ocrx_word' id='word_1_195' title='bbox 1869 2634 2049 2678; x_wconf 90' lang='lat' dir='ltr'><strong>autem</strong></span> <span class='ocrx_word' id='word_1_196' title='bbox 2080 2624 2201 2693; x_wconf 91' lang='lat' dir='ltr'><strong>plus</strong></span> <span class='ocrx_word' id='word_1_197' title='bbox 2245 2630 2500 2692; x_wconf 85' lang='lat' dir='ltr'><strong>quatuor,</strong></span> <span class='ocrx_word' id='word_1_198' title='bbox 2528 2621 2791 2676; x_wconf 87' lang='lat' dir='ltr'><strong>medietas</strong></span> <span class='ocrx_word' id='word_1_199' title='bbox 2817 2635 2882 2674; x_wconf 93' lang='lat' dir='ltr'><strong>eo</strong></span> <span class='ocrx_word' id='word_1_200' title='bbox 2923 2628 3130 2686; x_wconf 83' lang='lat' dir='ltr'><strong>tenore,</strong></span> <span class='ocrx_word' id='word_1_201' title='bbox 3160 2629 3221 2676; x_wconf 92' lang='lat' dir='ltr'><strong>ut</strong></span> <span class='ocrx_word' id='word_1_202' title='bbox 3273 2623 3388 2678; x_wconf 88' lang='lat' dir='ltr'><strong>sive</strong></span> <span class='ocrx_word' id='word_1_203' title='bbox 3421 2624 3610 2680; x_wconf 87' lang='lat' dir='ltr'><strong>liberis</strong></span> 
     </span>
    </p>
   </div>
   <div class='ocr_carea' id='block_1_26' title="bbox 350 2701 3604 2790">
    <p class='ocr_par' dir='ltr' id='par_1_26' title="bbox 350 2701 3604 2790">
     <span class='ocr_line' id='line_1_26' title="bbox 350 2701 3604 2790; baseline 0 -20"><span class='ocrx_word' id='word_1_204' title='bbox 350 2717 468 2770; x_wconf 82' lang='lat' dir='ltr'><strong>sive</strong></span> <span class='ocrx_word' id='word_1_205' title='bbox 501 2717 823 2787; x_wconf 78' lang='lat' dir='ltr'><strong>propinquis</strong></span> <span class='ocrx_word' id='word_1_206' title='bbox 855 2725 1010 2786; x_wconf 90' lang='lat' dir='ltr'><strong>pater</strong></span> <span class='ocrx_word' id='word_1_207' title='bbox 1040 2733 1140 2772; x_wconf 92' lang='lat' dir='ltr'><strong>sua</strong></span> <span class='ocrx_word' id='word_1_208' title='bbox 1180 2718 1405 2788; x_wconf 81' lang='lat' dir='ltr'><strong>legaret,</strong></span> <span class='ocrx_word' id='word_1_209' title='bbox 1440 2719 1532 2772; x_wconf 91' lang='lat' dir='ltr'><strong>illa</strong></span> <span class='ocrx_word' id='word_1_210' title='bbox 1575 2737 1702 2790; x_wconf 91' lang='lat' dir='ltr'><strong>pars</strong></span> <span class='ocrx_word' id='word_1_211' title='bbox 1728 2737 1891 2790; x_wconf 91' lang='lat' dir='ltr'><strong>quam</strong></span> <span class='ocrx_word' id='word_1_212' title='bbox 1917 2721 2192 2775; x_wconf 83' lang='lat' dir='ltr'><strong>Falcidius</strong></span> <span class='ocrx_word' id='word_1_213' title='bbox 2240 2701 2546 2782; x_wconf 79' lang='lat' dir='ltr'><strong>constituit,</strong></span> <span class='ocrx_word' id='word_1_214' title='bbox 2592 2715 2700 2771; x_wconf 89' lang='lat' dir='ltr'><strong>nisi</strong></span> <span class='ocrx_word' id='word_1_215' title='bbox 2733 2723 2888 2785; x_wconf 90' lang='lat' dir='ltr'><strong>pater</strong></span> <span class='ocrx_word' id='word_1_216' title='bbox 2926 2715 3293 2780; x_wconf 85' lang='lat' dir='ltr'><strong>interdixerit,</strong></span> <span class='ocrx_word' id='word_1_217' title='bbox 3325 2723 3380 2770; x_wconf 86' lang='lat' dir='ltr'><strong>et</strong></span> <span class='ocrx_word' id='word_1_218' title='bbox 3409 2717 3604 2787; x_wconf 78' lang='lat' dir='ltr'><strong>legatis</strong></span> 
     </span>
    </p>
   </div>
   <div class='ocr_carea' id='block_1_27' title="bbox 346 2805 2008 2884">
    <p class='ocr_par' dir='ltr' id='par_1_27' title="bbox 346 2805 2008 2884">
     <span class='ocr_line' id='line_1_27' title="bbox 346 2805 2008 2884; baseline 0.005 -23"><span class='ocrx_word' id='word_1_219' title='bbox 346 2805 680 2875; x_wconf 76' lang='lat' dir='ltr'><strong>frUentibus,</strong></span> <span class='ocrx_word' id='word_1_220' title='bbox 713 2817 766 2864; x_wconf 90' lang='lat' dir='ltr'><strong>et</strong></span> <span class='ocrx_word' id='word_1_221' title='bbox 805 2810 998 2864; x_wconf 87' lang='lat' dir='ltr'><strong>iisdem</strong></span> <span class='ocrx_word' id='word_1_222' title='bbox 1028 2812 1345 2867; x_wconf 88' lang='lat' dir='ltr'><strong>carentibus</strong></span> <span class='ocrx_word' id='word_1_223' title='bbox 1378 2814 1662 2882; x_wconf 62' lang='lat' dir='ltr'><strong>asqualiter</strong></span> <span class='ocrx_word' id='word_1_224' title='bbox 1693 2816 2008 2884; x_wconf 87' lang='lat' dir='ltr'><strong>partiretur.</strong></span> 
     </span>
    </p>
   </div>
   <div class='ocr_carea' id='block_1_28' title="bbox 419 2897 3604 2976">
    <p class='ocr_par' dir='ltr' id='par_1_28' title="bbox 419 2897 3604 2976">
     <span class='ocr_line' id='line_1_28' title="bbox 419 2897 3604 2976; baseline -0 -19"><span class='ocrx_word' id='word_1_225' title='bbox 419 2904 642 2958; x_wconf 87' lang='lat' dir='ltr'><strong>Curtius</strong></span> <span class='ocrx_word' id='word_1_226' title='bbox 671 2901 927 2957; x_wconf 88' lang='lat' dir='ltr'><strong>Salassus</strong></span> <span class='ocrx_word' id='word_1_227' title='bbox 964 2901 1067 2973; x_wconf 84' lang='grc' dir='ltr'>[αι.</span> <span class='ocrx_word' id='word_1_228' title='bbox 1098 2901 1420 2975; x_wconf 82' lang='lat' dir='ltr'><strong>Thalassus]</strong></span> <span class='ocrx_word' id='word_1_229' title='bbox 1450 2905 1502 2959; x_wconf 91' lang='lat' dir='ltr'><strong>in</strong></span> <span class='ocrx_word' id='word_1_230' title='bbox 1534 2907 1710 2960; x_wconf 87' lang='lat' dir='ltr'><strong>insula</strong></span> <span class='ocrx_word' id='word_1_231' title='bbox 1739 2907 1919 2962; x_wconf 85' lang='lat' dir='ltr'><strong>Arado</strong></span> <span class='ocrx_word' id='word_1_232' title='bbox 1947 2921 2072 2962; x_wconf 89' lang='lat' dir='ltr'><strong>eum</strong></span> <span class='ocrx_word' id='word_1_233' title='bbox 2121 2910 2355 2976; x_wconf 91' lang='lat' dir='ltr'><strong>quatuor</strong></span> <span class='ocrx_word' id='word_1_234' title='bbox 2392 2897 2714 2958; x_wconf 87' lang='lat' dir='ltr'><strong>cohortibus</strong></span> <span class='ocrx_word' id='word_1_235' title='bbox 2765 2900 2921 2955; x_wconf 84' lang='lat' dir='ltr'><strong>vivus</strong></span> <span class='ocrx_word' id='word_1_236' title='bbox 2955 2899 3278 2955; x_wconf 87' lang='lat' dir='ltr'><strong>combustus</strong></span> <span class='ocrx_word' id='word_1_237' title='bbox 3310 2907 3414 2966; x_wconf 88' lang='lat' dir='ltr'><strong>est,</strong></span> <span class='ocrx_word' id='word_1_238' title='bbox 3455 2898 3604 2970; x_wconf 88' lang='lat' dir='ltr'><strong>quod</strong></span> 
     </span>
    </p>
   </div>
   <div class='ocr_carea' id='block_1_29' title="bbox 344 2997 1088 3068">
    <p class='ocr_par' dir='ltr' id='par_1_29' title="bbox 344 2997 1088 3068">
     <span class='ocr_line' id='line_1_29' title="bbox 344 2997 1088 3068; baseline 0 -18"><span class='ocrx_word' id='word_1_239' title='bbox 344 2997 555 3052; x_wconf 89' lang='lat' dir='ltr'><strong>tributa</strong></span> <span class='ocrx_word' id='word_1_240' title='bbox 585 2999 808 3068; x_wconf 84' lang='lat' dir='ltr'><strong>gravius</strong></span> <span class='ocrx_word' id='word_1_241' title='bbox 829 2997 1088 3066; x_wconf 81' lang='lat' dir='ltr'><strong>exigeret.</strong></span> 
     </span>
    </p>
   </div>
   <div class='ocr_carea' id='block_1_30' title="bbox 418 3086 3606 3166">
    <p class='ocr_par' dir='ltr' id='par_1_30' title="bbox 418 3086 3606 3166">
     <span class='ocr_line' id='line_1_30' title="bbox 418 3086 3606 3166; baseline -0.001 -20"><span class='ocrx_word' id='word_1_242' title='bbox 418 3093 462 3146; x_wconf 86' lang='lat' dir='ltr'><strong>E</strong></span> <span class='ocrx_word' id='word_1_243' title='bbox 488 3094 714 3148; x_wconf 89' lang='lat' dir='ltr'><strong>taberna</strong></span> <span class='ocrx_word' id='word_1_244' title='bbox 737 3092 1016 3148; x_wconf 79' lang='lat' dir='ltr'><strong>Meritoria</strong></span> <span class='ocrx_word' id='word_1_245' title='bbox 1045 3101 1198 3148; x_wconf 89' lang='lat' dir='ltr'><strong>trans</strong></span> <span class='ocrx_word' id='word_1_246' title='bbox 1233 3091 1472 3148; x_wconf 88' lang='lat' dir='ltr'><strong>Tiberim</strong></span> <span class='ocrx_word' id='word_1_247' title='bbox 1505 3096 1686 3152; x_wconf 90' lang='lat' dir='ltr'><strong>oleum</strong></span> <span class='ocrx_word' id='word_1_248' title='bbox 1713 3104 1857 3150; x_wconf 90' lang='lat' dir='ltr'><strong>terra</strong></span> <span class='ocrx_word' id='word_1_249' title='bbox 1885 3095 2086 3166; x_wconf 86' lang='lat' dir='ltr'><strong>erupit,</strong></span> <span class='ocrx_word' id='word_1_250' title='bbox 2124 3093 2396 3165; x_wconf 77' lang='lat' dir='ltr'><strong>ﬁnxitque</strong></span> <span class='ocrx_word' id='word_1_251' title='bbox 2420 3102 2536 3148; x_wconf 89' lang='lat' dir='ltr'><strong>tota</strong></span> <span class='ocrx_word' id='word_1_252' title='bbox 2573 3091 2662 3148; x_wconf 88' lang='lat' dir='ltr'><strong>die</strong></span> <span class='ocrx_word' id='word_1_253' title='bbox 2693 3091 2811 3147; x_wconf 89' lang='lat' dir='ltr'><strong>sine</strong></span> <span class='ocrx_word' id='word_1_254' title='bbox 2836 3089 3263 3155; x_wconf 83' lang='lat' dir='ltr'><strong>intermissione,</strong></span> <span class='ocrx_word' id='word_1_255' title='bbox 3287 3086 3606 3160; x_wconf 64' lang='lat' dir='ltr'><strong>signiﬁcans</strong></span> 
     </span>
    </p>
   </div>
   <div class='ocr_carea' id='block_1_31' title="bbox 344 3182 1188 3252">
    <p class='ocr_par' dir='ltr' id='par_1_31' title="bbox 344 3182 1188 3252">
     <span class='ocr_line' id='line_1_31' title="bbox 344 3182 1188 3252; baseline -0.002 -13"><span class='ocrx_word' id='word_1_256' title='bbox 344 3183 552 3239; x_wconf 88' lang='lat' dir='ltr'><strong>Christi</strong></span> <span class='ocrx_word' id='word_1_257' title='bbox 584 3183 813 3252; x_wconf 88' lang='lat' dir='ltr'><strong>gratiam</strong></span> <span class='ocrx_word' id='word_1_258' title='bbox 837 3197 903 3236; x_wconf 81' lang='lat' dir='ltr'><strong>ex</strong></span> <span class='ocrx_word' id='word_1_259' title='bbox 934 3182 1188 3252; x_wconf 84' lang='lat' dir='ltr'><strong>gentibus</strong></span> 
     </span>
    </p>
   </div>
   <div class='ocr_carea' id='block_1_32' title="bbox 419 3271 3105 3346">
    <p class='ocr_par' dir='ltr' id='par_1_32' title="bbox 419 3271 3105 3346">
     <span class='ocr_line' id='line_1_32' title="bbox 419 3271 3105 3346; baseline -0.001 -18"><span class='ocrx_word' id='word_1_260' title='bbox 419 3274 721 3328; x_wconf 89' lang='lat' dir='ltr'><strong>Antonium</strong></span> <span class='ocrx_word' id='word_1_261' title='bbox 755 3281 976 3342; x_wconf 88' lang='lat' dir='ltr'><strong>superat</strong></span> <span class='ocrx_word' id='word_1_262' title='bbox 1001 3271 1305 3343; x_wconf 84' lang='lat' dir='ltr'><strong>Augustus,</strong></span> <span class='ocrx_word' id='word_1_263' title='bbox 1329 3282 1382 3331; x_wconf 91' lang='lat' dir='ltr'><strong>et</strong></span> <span class='ocrx_word' id='word_1_264' title='bbox 1411 3275 1816 3332; x_wconf 88' lang='lat' dir='ltr'><strong>interveniente</strong></span> <span class='ocrx_word' id='word_1_265' title='bbox 1857 3285 2052 3332; x_wconf 88' lang='lat' dir='ltr'><strong>senatu</strong></span> <span class='ocrx_word' id='word_1_266' title='bbox 2081 3292 2206 3332; x_wconf 89' lang='lat' dir='ltr'><strong>cum</strong></span> <span class='ocrx_word' id='word_1_267' title='bbox 2257 3293 2324 3332; x_wconf 91' lang='lat' dir='ltr'><strong>eo</strong></span> <span class='ocrx_word' id='word_1_268' title='bbox 2353 3278 2409 3332; x_wconf 92' lang='lat' dir='ltr'><strong>in</strong></span> <span class='ocrx_word' id='word_1_269' title='bbox 2444 3277 2743 3333; x_wconf 88' lang='lat' dir='ltr'><strong>amicitiam</strong></span> <span class='ocrx_word' id='word_1_270' title='bbox 2776 3273 3105 3346; x_wconf 65' lang='lat' dir='ltr'><strong>regrediar.</strong></span> 
     </span>
    </p>
   </div>
   <div class='ocr_carea' id='block_1_33' title="bbox 413 3391 2028 3469">
    <p class='ocr_par' dir='ltr' id='par_1_33' title="bbox 413 3391 2000 3469">
     <span class='ocr_line' id='line_1_33' title="bbox 413 3391 2000 3469; baseline 0.002 -17"><span class='ocrx_word' id='word_1_271' title='bbox 413 3391 733 3469; x_wconf 83' lang='lat' dir='ltr'><strong>&#39;Cornelius</strong></span> <span class='ocrx_word' id='word_1_272' title='bbox 787 3394 984 3469; x_wconf 75' lang='lat' dir='ltr'><strong>Nepos</strong></span> <span class='ocrx_word' id='word_1_273' title='bbox 1031 3395 1266 3465; x_wconf 88' lang='lat' dir='ltr'><strong>scriptor</strong></span> <span class='ocrx_word' id='word_1_274' title='bbox 1619 3401 1759 3454; x_wconf 90' lang='grc'>1977</span> <span class='ocrx_word' id='word_1_275' title='bbox 1879 3453 1898 3469; x_wconf 67' lang='grc'><strong>,</strong></span> <span class='ocrx_word' id='word_1_276' title='bbox 1938 3401 2000 3454; x_wconf 91' lang='grc'><strong>11</strong></span> 
     </span>
    </p>
   </div>
   <div class='ocr_carea' id='block_1_34' title="bbox 961 3391 2576 3469">
    <p class='ocr_par' dir='ltr' id='par_1_34' title="bbox 961 3395 2576 3469">
     <span class='ocr_line' id='line_1_34' title="bbox 961 3395 2576 3469; baseline 0.006 -22"><span class='ocrx_word' id='word_1_277' title='bbox 961 3411 984 3469; x_wconf 38' lang='grc' dir='ltr'>ι-</span> <span class='ocrx_word' id='word_1_278' title='bbox 1031 3395 1266 3465; x_wconf 88' lang='lat' dir='ltr'><strong>scriptor</strong></span> <span class='ocrx_word' id='word_1_279' title='bbox 1619 3401 1759 3454; x_wconf 90' lang='grc'>1977</span> <span class='ocrx_word' id='word_1_280' title='bbox 1879 3453 1898 3469; x_wconf 67' lang='grc'><strong>,</strong></span> <span class='ocrx_word' id='word_1_281' title='bbox 1938 3401 2000 3454; x_wconf 90' lang='grc'><strong>11</strong></span> <span class='ocrx_word' id='word_1_282' title='bbox 2219 3400 2290 3456; x_wconf 72' lang='grc'>28</span> <span class='ocrx_word' id='word_1_283' title='bbox 2540 3402 2576 3456; x_wconf 71' lang='grc'>4</span> 
     </span>
    </p>
   </div>
   <div class='ocr_carea' id='block_1_35' title="bbox 343 3464 1958 3525">
    <p class='ocr_par' dir='ltr' id='par_1_35' title="bbox 343 3464 1958 3525">
     <span class='ocr_line' id='line_1_35' title="bbox 343 3464 1958 3525; baseline 0.002 -3"><span class='ocrx_word' id='word_1_284' title='bbox 343 3467 643 3524; x_wconf 90' lang='lat' dir='ltr'><strong>historicus</strong></span> <span class='ocrx_word' id='word_1_285' title='bbox 688 3467 871 3522; x_wconf 88' lang='lat' dir='ltr'><strong>clarus</strong></span> <span class='ocrx_word' id='word_1_286' title='bbox 897 3464 1161 3520; x_wconf 72' lang='lat' dir='ltr'><strong>habetur.</strong></span> <span class='ocrx_word' id='word_1_287' title='bbox 1614 3471 1755 3525; x_wconf 92' lang='grc'>1978</span> <span class='ocrx_word' id='word_1_288' title='bbox 1879 3464 1896 3469; x_wconf 63' lang='grc'><strong><em>⁷</em></strong></span> <span class='ocrx_word' id='word_1_289' title='bbox 1935 3471 1958 3524; x_wconf 91' lang='grc'><strong>1</strong></span> 
     </span>
    </p>
   </div>
   <div class='ocr_carea' id='block_1_36' title="bbox 959 3464 2574 3525">
    <p class='ocr_par' dir='ltr' id='par_1_36' title="bbox 959 3464 2574 3525">
     <span class='ocr_line' id='line_1_36' title="bbox 959 3464 2574 3525; baseline 0.003 -6"><span class='ocrx_word' id='word_1_290' title='bbox 959 3464 1161 3520; x_wconf 61' lang='grc' dir='ltr'>ὼειιιτζ</span> <span class='ocrx_word' id='word_1_291' title='bbox 1614 3471 1755 3525; x_wconf 87' lang='grc'>1978</span> <span class='ocrx_word' id='word_1_292' title='bbox 1879 3464 1896 3469; x_wconf 64' lang='grc'><strong><em>⁷</em></strong></span> <span class='ocrx_word' id='word_1_293' title='bbox 1935 3471 2004 3524; x_wconf 81' lang='grc'><strong>12</strong></span> <span class='ocrx_word' id='word_1_294' title='bbox 2217 3471 2288 3525; x_wconf 76' lang='grc'><strong>29</strong></span> <span class='ocrx_word' id='word_1_295' title='bbox 2540 3471 2574 3524; x_wconf 83' lang='lat'><strong>5</strong></span> 
     </span>
    </p>
   </div>
   <div class='ocr_carea' id='block_1_37' title="bbox 1619 3541 2579 3596">
    <p class='ocr_par' dir='ltr' id='par_1_37' title="bbox 1619 3541 2579 3596">
     <span class='ocr_line' id='line_1_37' title="bbox 1619 3541 2579 3596; baseline 0.001 -3"><span class='ocrx_word' id='word_1_296' title='bbox 1619 3541 1760 3596; x_wconf 89' lang='grc'>1979</span> <span class='ocrx_word' id='word_1_297' title='bbox 1943 3541 2013 3594; x_wconf 75' lang='grc'>15</span> <span class='ocrx_word' id='word_1_298' title='bbox 2225 3541 2298 3595; x_wconf 75' lang='lat'><strong>30</strong></span> <span class='ocrx_word' id='word_1_299' title='bbox 2545 3541 2579 3594; x_wconf 90' lang='lat'><strong>6</strong></span> 
     </span>
    </p>
   </div>
   <div class='ocr_carea' id='block_1_38' title="bbox 421 3611 2036 3758">
    <p class='ocr_par' dir='ltr' id='par_1_38' title="bbox 421 3612 2013 3758">
     <span class='ocr_line' id='line_1_38' title="bbox 421 3612 2013 3758; baseline 0.003 -27"><span class='ocrx_word' id='word_1_300' title='bbox 421 3677 605 3758; x_wconf 71' lang='lat' dir='ltr'><strong>Eurnii</strong></span> <span class='ocrx_word' id='word_1_301' title='bbox 632 3685 785 3758; x_wconf 75' lang='lat' dir='ltr'><strong>pater</strong></span> <span class='ocrx_word' id='word_1_302' title='bbox 832 3686 886 3758; x_wconf 86' lang='lat' dir='ltr'><strong>et</strong></span> <span class='ocrx_word' id='word_1_303' title='bbox 936 3676 1077 3732; x_wconf 86' lang='lat' dir='ltr'><strong>[ilius</strong></span> <span class='ocrx_word' id='word_1_304' title='bbox 1127 3675 1260 3732; x_wconf 89' lang='lat' dir='ltr'><strong>clari</strong></span> <span class='ocrx_word' id='word_1_305' title='bbox 1330 3636 1468 3705; x_wconf 61' lang='lat'><strong>186</strong></span> 
     </span>
    </p>
   </div>
   <div class='ocr_carea' id='block_1_39' title="bbox 1789 3611 3404 3758">
    <p class='ocr_par' dir='ltr' id='par_1_39' title="bbox 1939 3611 3404 3758">
     <span class='ocr_line' id='line_1_39' title="bbox 1944 3611 2582 3666; baseline 0 -2"><span class='ocrx_word' id='word_1_306' title='bbox 1944 3612 2013 3665; x_wconf 71' lang='grc' dir='ltr'>ιιι</span> <span class='ocrx_word' id='word_1_307' title='bbox 2227 3613 2292 3666; x_wconf 70' lang='grc' dir='ltr'>δι</span> <span class='ocrx_word' id='word_1_308' title='bbox 2549 3611 2582 3664; x_wconf 87' lang='lat'><strong>7</strong></span> 
     </span>
     <span class='ocr_line' id='line_1_40' title="bbox 1939 3681 3404 3758; baseline 0 0"><span class='ocrx_word' id='word_1_309' title='bbox 1939 3682 2011 3758; x_wconf 56' lang='grc' dir='ltr'>ἒξ</span> <span class='ocrx_word' id='word_1_310' title='bbox 2224 3683 2295 3758; x_wconf 57' lang='grc' dir='ltr'>ἕξ</span> <span class='ocrx_word' id='word_1_311' title='bbox 2546 3681 2582 3758; x_wconf 70' lang='grc' dir='ltr'><strong>ἓ</strong></span> <span class='ocrx_word' id='word_1_312' title='bbox 2760 3749 2866 3758; x_wconf 80' lang='grc'>-..</span> <span class='ocrx_word' id='word_1_313' title='bbox 2948 3747 2978 3758; x_wconf 19' lang='grc' dir='ltr'>Α.</span> <span class='ocrx_word' id='word_1_314' title='bbox 3125 3740 3158 3758; x_wconf 84' lang='grc'><strong>..</strong></span> 
     </span>
    </p>
   </div>
   <div class='ocr_carea' id='block_1_40' title="bbox 347 3740 3610 3818">
    <p class='ocr_par' dir='ltr' id='par_1_40' title="bbox 347 3740 3610 3818">
     <span class='ocr_line' id='line_1_41' title="bbox 347 3740 3610 3818; baseline 0 -15"><span class='ocrx_word' id='word_1_315' title='bbox 347 3752 594 3803; x_wconf 89' lang='lat' dir='ltr'><strong>oratores</strong></span> <span class='ocrx_word' id='word_1_316' title='bbox 633 3740 922 3802; x_wconf 62' lang='lat' dir='ltr'><strong>&#39;habentur</strong></span> <span class='ocrx_word' id='word_1_317' title='bbox 967 3765 980 3800; x_wconf 89' lang='lat'><strong>:</strong></span> <span class='ocrx_word' id='word_1_318' title='bbox 1028 3761 1262 3816; x_wconf 87' lang='lat' dir='ltr'><strong>quorum</strong></span> <span class='ocrx_word' id='word_1_319' title='bbox 1623 3751 1763 3804; x_wconf 74' lang='grc'>1982</span> <span class='ocrx_word' id='word_1_320' title='bbox 1943 3751 2011 3806; x_wconf 89' lang='grc'>16</span> <span class='ocrx_word' id='word_1_321' title='bbox 2223 3753 2292 3807; x_wconf 80' lang='grc'><strong>55</strong></span> <span class='ocrx_word' id='word_1_322' title='bbox 2544 3749 2578 3807; x_wconf 89' lang='grc'><strong>9</strong></span> <span class='ocrx_word' id='word_1_323' title='bbox 2758 3747 3054 3804; x_wconf 88' lang='lat' dir='ltr'><strong>Sallustius</strong></span> <span class='ocrx_word' id='word_1_324' title='bbox 3107 3740 3434 3818; x_wconf 15' lang='lat' dir='ltr'><strong>diemiobiit</strong></span> <span class='ocrx_word' id='word_1_325' title='bbox 3469 3762 3610 3818; x_wconf 76' lang='lat' dir='ltr'><strong>qua-</strong></span> 
     </span>
    </p>
   </div>
   <div class='ocr_carea' id='block_1_41' title="bbox 347 3817 3608 3899">
    <p class='ocr_par' dir='ltr' id='par_1_41' title="bbox 347 3817 3608 3899">
     <span class='ocr_line' id='line_1_42' title="bbox 347 3817 3608 3899; baseline 0 -27"><span class='ocrx_word' id='word_1_326' title='bbox 347 3819 491 3899; x_wconf 82' lang='lat' dir='ltr'><strong>ﬁlius</strong></span> <span class='ocrx_word' id='word_1_327' title='bbox 537 3819 844 3874; x_wconf 91' lang='lat' dir='ltr'><strong>consularis</strong></span> <span class='ocrx_word' id='word_1_328' title='bbox 877 3826 1004 3872; x_wconf 89' lang='lat' dir='ltr'><strong>ante</strong></span> <span class='ocrx_word' id='word_1_329' title='bbox 1059 3824 1270 3886; x_wconf 90' lang='lat' dir='ltr'><strong>patrem</strong></span> <span class='ocrx_word' id='word_1_330' title='bbox 2681 3820 2935 3899; x_wconf 81' lang='lat' dir='ltr'><strong>driennio</strong></span> <span class='ocrx_word' id='word_1_331' title='bbox 2982 3826 3109 3872; x_wconf 89' lang='lat' dir='ltr'><strong>ante</strong></span> <span class='ocrx_word' id='word_1_332' title='bbox 3163 3817 3450 3872; x_wconf 85' lang='lat' dir='ltr'><strong>Actiacum</strong></span> <span class='ocrx_word' id='word_1_333' title='bbox 3492 3817 3608 3873; x_wconf 82' lang='lat' dir='ltr'><strong>bel-</strong></span> 
     </span>
    </p>
   </div>
   <div class='ocr_carea' id='block_1_42' title="bbox 346 3892 3606 4028">
    <p class='ocr_par' dir='ltr' id='par_1_42' title="bbox 346 3892 3606 4028">
     <span class='ocr_line' id='line_1_43' title="bbox 346 3892 3606 4028; baseline 0.002 -18"><span class='ocrx_word' id='word_1_334' title='bbox 346 3899 722 4014; x_wconf 48' lang='lat' dir='ltr'><strong>mg‘iiugavius</strong></span> <span class='ocrx_word' id='word_1_335' title='bbox 741 3965 924 4027; x_wconf 92' lang='lat' dir='ltr'><strong>poeta,</strong></span> <span class='ocrx_word' id='word_1_336' title='bbox 955 3973 1116 4028; x_wconf 90' lang='lat' dir='ltr'><strong>quem</strong></span> <span class='ocrx_word' id='word_1_337' title='bbox 1139 3957 1260 4012; x_wconf 79' lang='lat' dir='ltr'><strong>Vir-</strong></span> <span class='ocrx_word' id='word_1_338' title='bbox 1615 3960 1754 4017; x_wconf 80' lang='grc'>1985</span> <span class='ocrx_word' id='word_1_339' title='bbox 1934 3963 2000 4016; x_wconf 94' lang='grc'><strong>17</strong></span> <span class='ocrx_word' id='word_1_340' title='bbox 2215 3961 2284 4016; x_wconf 76' lang='grc'><strong>54</strong></span> <span class='ocrx_word' id='word_1_341' title='bbox 2506 3963 2575 4017; x_wconf 92' lang='grc'>10</span> <span class='ocrx_word' id='word_1_342' title='bbox 2685 3892 2920 4013; x_wconf 38' lang='lat' dir='ltr'><strong>ll&quot;l‘ji&#39;mae</strong></span> <span class='ocrx_word' id='word_1_343' title='bbox 2965 3955 3268 4012; x_wconf 82' lang='lat' dir='ltr'><strong>secim&#39;dum</strong></span> <span class='ocrx_word' id='word_1_344' title='bbox 3325 3957 3606 4016; x_wconf 77' lang='lat' dir='ltr'><strong>Romanos</strong></span> 
     </span>
    </p>
   </div>
   <div class='ocr_carea' id='block_1_43' title="bbox 344 4027 3284 4098">
    <p class='ocr_par' dir='ltr' id='par_1_43' title="bbox 344 4027 3284 4098">
     <span class='ocr_line' id='line_1_44' title="bbox 344 4027 3284 4098; baseline -0.001 -18"><span class='ocrx_word' id='word_1_345' title='bbox 344 4029 510 4097; x_wconf 79' lang='lat' dir='ltr'><strong>gilius</strong></span> <span class='ocrx_word' id='word_1_346' title='bbox 569 4029 624 4082; x_wconf 92' lang='lat' dir='ltr'><strong>in</strong></span> <span class='ocrx_word' id='word_1_347' title='bbox 673 4029 938 4081; x_wconf 83' lang='lat' dir='ltr'><strong>Bucolicis</strong></span> <span class='ocrx_word' id='word_1_348' title='bbox 976 4027 1166 4098; x_wconf 83' lang='lat' dir='ltr'><strong>notat,</strong></span> <span class='ocrx_word' id='word_1_349' title='bbox 1213 4027 1270 4082; x_wconf 91' lang='lat' dir='ltr'><strong>in</strong></span> <span class='ocrx_word' id='word_1_350' title='bbox 2682 4046 2880 4086; x_wconf 83' lang='lat' dir='ltr'><strong>cursus</strong></span> <span class='ocrx_word' id='word_1_351' title='bbox 2904 4030 3157 4084; x_wconf 87' lang='lat' dir='ltr'><strong>inventus</strong></span> <span class='ocrx_word' id='word_1_352' title='bbox 3182 4035 3284 4082; x_wconf 89' lang='lat' dir='ltr'><strong>est.</strong></span> 
     </span>
    </p>
   </div>
   <div class='ocr_carea' id='block_1_44' title="bbox 343 4098 2842 4206">
    <p class='ocr_par' dir='ltr' id='par_1_44' title="bbox 343 4098 2842 4206">
     <span class='ocr_line' id='line_1_45' title="bbox 343 4098 2842 4206; baseline -0.006 -52"><span class='ocrx_word' id='word_1_353' title='bbox 343 4098 693 4170; x_wconf 86' lang='lat' dir='ltr'><strong>Cappadocia</strong></span> <span class='ocrx_word' id='word_1_354' title='bbox 723 4099 979 4152; x_wconf 88' lang='lat' dir='ltr'><strong>moritur.</strong></span> <span class='ocrx_word' id='word_1_355' title='bbox 2811 4165 2842 4206; x_wconf 45' lang='grc' dir='ltr'><strong><em>υ</em></strong></span> 
     </span>
    </p>
   </div>
   <div class='ocr_carea' id='block_1_45' title="bbox 415 4269 3605 4350">
    <p class='ocr_par' dir='ltr' id='par_1_45' title="bbox 415 4269 3605 4350">
     <span class='ocr_line' id='line_1_46' title="bbox 415 4269 3605 4350; baseline 0.003 -23"><span class='ocrx_word' id='word_1_356' title='bbox 415 4291 444 4327; x_wconf 87' lang='lat' dir='ltr'><strong>c</strong></span> <span class='ocrx_word' id='word_1_357' title='bbox 471 4273 777 4344; x_wconf 85' lang='lat' dir='ltr'><strong>Antigonus</strong></span> <span class='ocrx_word' id='word_1_358' title='bbox 799 4281 989 4328; x_wconf 89' lang='lat' dir='ltr'><strong>contra</strong></span> <span class='ocrx_word' id='word_1_359' title='bbox 1017 4269 1235 4326; x_wconf 73' lang='lat' dir='ltr'><strong>Iudaeos</strong></span> <span class='ocrx_word' id='word_1_360' title='bbox 1263 4271 1535 4326; x_wconf 88' lang='lat' dir='ltr'><strong>dimicans</strong></span> <span class='ocrx_word' id='word_1_361' title='bbox 1571 4270 1790 4324; x_wconf 84' lang='lat' dir='ltr'><strong>tandem</strong></span> <span class='ocrx_word' id='word_1_362' title='bbox 1818 4273 2090 4326; x_wconf 89' lang='lat' dir='ltr'><strong>occiditur</strong></span> <span class='ocrx_word' id='word_1_363' title='bbox 2121 4289 2133 4326; x_wconf 76' lang='grc' dir='ltr'><strong>ε</strong></span> <span class='ocrx_word' id='word_1_364' title='bbox 2169 4288 2198 4325; x_wconf 90' lang='lat' dir='ltr'><strong>a</strong></span> <span class='ocrx_word' id='word_1_365' title='bbox 2240 4287 2348 4342; x_wconf 90' lang='lat' dir='ltr'><strong>quo</strong></span> <span class='ocrx_word' id='word_1_366' title='bbox 2381 4289 2555 4344; x_wconf 88' lang='lat' dir='ltr'><strong>usque</strong></span> <span class='ocrx_word' id='word_1_367' title='bbox 2583 4274 2637 4328; x_wconf 92' lang='lat' dir='ltr'><strong>in</strong></span> <span class='ocrx_word' id='word_1_368' title='bbox 2674 4291 2916 4346; x_wconf 87' lang='lat' dir='ltr'><strong>praesens</strong></span> <span class='ocrx_word' id='word_1_369' title='bbox 2939 4286 3152 4348; x_wconf 87' lang='lat' dir='ltr'><strong>tempus</strong></span> <span class='ocrx_word' id='word_1_370' title='bbox 3187 4277 3605 4350; x_wconf 80' lang='lat' dir='ltr'><strong>Hierosolymo-</strong></span> 
     </span>
    </p>
   </div>
   <div class='ocr_carea' id='block_1_46' title="bbox 340 4365 3602 4447">
    <p class='ocr_par' dir='ltr' id='par_1_46' title="bbox 340 4365 3602 4447">
     <span class='ocr_line' id='line_1_47' title="bbox 340 4365 3602 4447; baseline 0.003 -27"><span class='ocrx_word' id='word_1_371' title='bbox 340 4381 464 4421; x_wconf 86' lang='lat' dir='ltr'><strong>rum</strong></span> <span class='ocrx_word' id='word_1_372' title='bbox 489 4382 718 4437; x_wconf 81' lang='lat' dir='ltr'><strong>regnum</strong></span> <span class='ocrx_word' id='word_1_373' title='bbox 743 4367 1082 4422; x_wconf 90' lang='lat' dir='ltr'><strong>destructum</strong></span> <span class='ocrx_word' id='word_1_374' title='bbox 1113 4373 1218 4420; x_wconf 88' lang='lat' dir='ltr'><strong>est.</strong></span> <span class='ocrx_word' id='word_1_375' title='bbox 1245 4365 1526 4436; x_wconf 89' lang='lat' dir='ltr'><strong>Siquidem</strong></span> <span class='ocrx_word' id='word_1_376' title='bbox 1554 4365 1796 4422; x_wconf 82' lang='lat' dir='ltr'><strong>Herodes</strong></span> <span class='ocrx_word' id='word_1_377' title='bbox 1829 4377 1951 4436; x_wconf 92' lang='lat' dir='ltr'><strong>post</strong></span> <span class='ocrx_word' id='word_1_378' title='bbox 1982 4384 2105 4423; x_wconf 90' lang='lat' dir='ltr'><strong>eum</strong></span> <span class='ocrx_word' id='word_1_379' title='bbox 2145 4385 2174 4422; x_wconf 90' lang='lat' dir='ltr'><strong>a</strong></span> <span class='ocrx_word' id='word_1_380' title='bbox 2213 4370 2477 4426; x_wconf 85' lang='lat' dir='ltr'><strong>Romanis</strong></span> <span class='ocrx_word' id='word_1_381' title='bbox 2509 4372 2846 4428; x_wconf 90' lang='lat' dir='ltr'><strong>constitutus</strong></span> <span class='ocrx_word' id='word_1_382' title='bbox 2877 4381 2960 4428; x_wconf 91' lang='lat' dir='ltr'><strong>est</strong></span> <span class='ocrx_word' id='word_1_383' title='bbox 2994 4375 3246 4446; x_wconf 89' lang='lat' dir='ltr'><strong>princeps</strong></span> <span class='ocrx_word' id='word_1_384' title='bbox 3276 4376 3602 4447; x_wconf 82' lang='lat' dir='ltr'><strong>alienigena,</strong></span> 
     </span>
    </p>
   </div>
   <div class='ocr_carea' id='block_1_47' title="bbox 341 4462 1508 4532">
    <p class='ocr_par' dir='ltr' id='par_1_47' title="bbox 341 4462 1508 4532">
     <span class='ocr_line' id='line_1_48' title="bbox 341 4462 1508 4532; baseline -0.001 -13"><span class='ocrx_word' id='word_1_385' title='bbox 341 4472 397 4520; x_wconf 92' lang='lat' dir='ltr'><strong>et</strong></span> <span class='ocrx_word' id='word_1_386' title='bbox 421 4463 557 4518; x_wconf 91' lang='lat' dir='ltr'><strong>nihil</strong></span> <span class='ocrx_word' id='word_1_387' title='bbox 585 4465 810 4518; x_wconf 91' lang='lat' dir='ltr'><strong>omnino</strong></span> <span class='ocrx_word' id='word_1_388' title='bbox 839 4463 906 4517; x_wconf 93' lang='lat' dir='ltr'><strong>ad</strong></span> <span class='ocrx_word' id='word_1_389' title='bbox 938 4462 1180 4518; x_wconf 70' lang='lat' dir='ltr'><strong>Iudaeam</strong></span> <span class='ocrx_word' id='word_1_390' title='bbox 1207 4464 1508 4532; x_wconf 86' lang='lat' dir='ltr'><strong>pertinens.</strong></span> 
     </span>
    </p>
   </div>
   <div class='ocr_carea' id='block_1_48' title="bbox 410 4553 3597 4626">
    <p class='ocr_par' dir='ltr' id='par_1_48' title="bbox 410 4553 3597 4626">
     <span class='ocr_line' id='line_1_49' title="bbox 410 4553 3597 4626; baseline 0.002 -18"><span class='ocrx_word' id='word_1_391' title='bbox 410 4553 703 4626; x_wconf 81' lang='lat' dir='ltr'><strong>Hyrcanus</strong></span> <span class='ocrx_word' id='word_1_392' title='bbox 733 4563 921 4609; x_wconf 89' lang='lat' dir='ltr'><strong>contra</strong></span> <span class='ocrx_word' id='word_1_393' title='bbox 944 4553 1176 4608; x_wconf 86' lang='lat' dir='ltr'><strong>Parthos</strong></span> <span class='ocrx_word' id='word_1_394' title='bbox 1215 4569 1487 4623; x_wconf 86' lang='lat' dir='ltr'><strong>pugnans,</strong></span> <span class='ocrx_word' id='word_1_395' title='bbox 1521 4553 1770 4621; x_wconf 87' lang='lat' dir='ltr'><strong>captivus</strong></span> <span class='ocrx_word' id='word_1_396' title='bbox 1798 4554 1944 4622; x_wconf 90' lang='lat' dir='ltr'><strong>apud</strong></span> <span class='ocrx_word' id='word_1_397' title='bbox 1975 4555 2096 4608; x_wconf 90' lang='lat' dir='ltr'><strong>illos</strong></span> <span class='ocrx_word' id='word_1_398' title='bbox 2116 4555 2314 4610; x_wconf 90' lang='lat' dir='ltr'><strong>ductus</strong></span> <span class='ocrx_word' id='word_1_399' title='bbox 2345 4563 2448 4610; x_wconf 84' lang='lat' dir='ltr'><strong>est.</strong></span> <span class='ocrx_word' id='word_1_400' title='bbox 2479 4554 2732 4626; x_wconf 82' lang='lat' dir='ltr'><strong>Hyrcano</strong></span> <span class='ocrx_word' id='word_1_401' title='bbox 2754 4557 2972 4626; x_wconf 86' lang='lat' dir='ltr'><strong>captivo</strong></span> <span class='ocrx_word' id='word_1_402' title='bbox 3002 4557 3167 4621; x_wconf 77' lang='lat' dir='ltr'><strong>iacto,</strong></span> <span class='ocrx_word' id='word_1_403' title='bbox 3199 4557 3443 4614; x_wconf 82' lang='lat' dir='ltr'><strong>Herodes</strong></span> <span class='ocrx_word' id='word_1_404' title='bbox 3473 4559 3597 4614; x_wconf 78' lang='lat' dir='ltr'><strong>An-</strong></span> 
     </span>
    </p>
   </div>
   <div class='ocr_carea' id='block_1_49' title="bbox 339 4645 3600 4722">
    <p class='ocr_par' dir='ltr' id='par_1_49' title="bbox 339 4645 3600 4722">
     <span class='ocr_line' id='line_1_50' title="bbox 339 4645 3600 4722; baseline 0.002 -22"><span class='ocrx_word' id='word_1_405' title='bbox 339 4647 529 4716; x_wconf 80' lang='lat' dir='ltr'><strong>tipatri</strong></span> <span class='ocrx_word' id='word_1_406' title='bbox 559 4646 889 4702; x_wconf 79' lang='lat' dir='ltr'><strong>Ascalonitae</strong></span> <span class='ocrx_word' id='word_1_407' title='bbox 917 4657 968 4700; x_wconf 89' lang='lat' dir='ltr'><strong>et</strong></span> <span class='ocrx_word' id='word_1_408' title='bbox 1015 4647 1208 4700; x_wconf 88' lang='lat' dir='ltr'><strong>matris</strong></span> <span class='ocrx_word' id='word_1_409' title='bbox 1233 4645 1486 4716; x_wconf 84' lang='lat' dir='ltr'><strong>Cypridis</strong></span> <span class='ocrx_word' id='word_1_410' title='bbox 1508 4647 1758 4722; x_wconf 74' lang='lat' dir='ltr'><strong>Arabica:</strong></span> <span class='ocrx_word' id='word_1_411' title='bbox 1812 4647 1954 4701; x_wconf 85' lang='lat' dir='ltr'><strong>tilius</strong></span> <span class='ocrx_word' id='word_1_412' title='bbox 2007 4663 2036 4698; x_wconf 92' lang='lat' dir='ltr'><strong>a</strong></span> <span class='ocrx_word' id='word_1_413' title='bbox 2066 4647 2328 4702; x_wconf 82' lang='lat' dir='ltr'><strong>Romanis</strong></span> <span class='ocrx_word' id='word_1_414' title='bbox 2358 4648 2671 4703; x_wconf 67' lang='lat' dir='ltr'><strong>Iudaeorum</strong></span> <span class='ocrx_word' id='word_1_415' title='bbox 2728 4651 2960 4719; x_wconf 87' lang='lat' dir='ltr'><strong>suscipit</strong></span> <span class='ocrx_word' id='word_1_416' title='bbox 2997 4651 3362 4722; x_wconf 87' lang='lat' dir='ltr'><strong>principatum</strong></span> <span class='ocrx_word' id='word_1_417' title='bbox 3395 4671 3408 4706; x_wconf 91' lang='lat'><strong>:</strong></span> <span class='ocrx_word' id='word_1_418' title='bbox 3438 4652 3600 4721; x_wconf 81' lang='lat' dir='ltr'><strong>cujus</strong></span> 
     </span>
    </p>
   </div>
   <div class='ocr_carea' id='block_1_50' title="bbox 339 4743 3597 4816">
    <p class='ocr_par' dir='ltr' id='par_1_50' title="bbox 339 4743 3597 4816">
     <span class='ocr_line' id='line_1_51' title="bbox 339 4743 3597 4816; baseline 0.001 -18"><span class='ocrx_word' id='word_1_419' title='bbox 339 4751 587 4814; x_wconf 85' lang='lat' dir='ltr'><strong>tempore</strong></span> <span class='ocrx_word' id='word_1_420' title='bbox 617 4744 819 4799; x_wconf 89' lang='lat' dir='ltr'><strong>Christi</strong></span> <span class='ocrx_word' id='word_1_421' title='bbox 849 4743 1133 4798; x_wconf 84' lang='lat' dir='ltr'><strong>nativitate</strong></span> <span class='ocrx_word' id='word_1_422' title='bbox 1164 4745 1365 4806; x_wconf 87' lang='lat' dir='ltr'><strong>vicina,</strong></span> <span class='ocrx_word' id='word_1_423' title='bbox 1407 4759 1634 4814; x_wconf 87' lang='lat' dir='ltr'><strong>regnum</strong></span> <span class='ocrx_word' id='word_1_424' title='bbox 1656 4753 1710 4797; x_wconf 89' lang='lat' dir='ltr'><strong>et</strong></span> <span class='ocrx_word' id='word_1_425' title='bbox 1757 4743 2126 4798; x_wconf 89' lang='lat' dir='ltr'><strong>sacerdotium</strong></span> <span class='ocrx_word' id='word_1_426' title='bbox 2161 4744 2383 4809; x_wconf 70' lang='lat' dir='ltr'><strong>Judazae,</strong></span> <span class='ocrx_word' id='word_1_427' title='bbox 2428 4746 2572 4816; x_wconf 90' lang='lat' dir='ltr'><strong>quod</strong></span> <span class='ocrx_word' id='word_1_428' title='bbox 2602 4747 2755 4816; x_wconf 90' lang='lat' dir='ltr'><strong>prius</strong></span> <span class='ocrx_word' id='word_1_429' title='bbox 2785 4763 2881 4816; x_wconf 87' lang='lat' dir='ltr'><strong>per</strong></span> <span class='ocrx_word' id='word_1_430' title='bbox 2904 4747 3282 4802; x_wconf 87' lang='lat' dir='ltr'><strong>successiones</strong></span> <span class='ocrx_word' id='word_1_431' title='bbox 3318 4746 3597 4800; x_wconf 89' lang='lat' dir='ltr'><strong>minorum</strong></span> 
     </span>
    </p>
   </div>
   <div class='ocr_carea' id='block_1_51' title="bbox 340 4837 3598 4909">
    <p class='ocr_par' dir='ltr' id='par_1_51' title="bbox 340 4837 3598 4909">
     <span class='ocr_line' id='line_1_52' title="bbox 340 4837 3598 4909; baseline 0.001 -22"><span class='ocrx_word' id='word_1_432' title='bbox 340 4837 652 4901; x_wconf 88' lang='lat' dir='ltr'><strong>tenebatur,</strong></span> <span class='ocrx_word' id='word_1_433' title='bbox 688 4837 1027 4892; x_wconf 89' lang='lat' dir='ltr'><strong>destructum</strong></span> <span class='ocrx_word' id='word_1_434' title='bbox 1064 4846 1166 4898; x_wconf 88' lang='lat' dir='ltr'><strong>est,</strong></span> <span class='ocrx_word' id='word_1_435' title='bbox 1202 4837 1469 4905; x_wconf 91' lang='lat' dir='ltr'><strong>completa</strong></span> <span class='ocrx_word' id='word_1_436' title='bbox 1505 4837 1812 4907; x_wconf 83' lang='lat' dir='ltr'><strong>prophetia,</strong></span> <span class='ocrx_word' id='word_1_437' title='bbox 1847 4853 1966 4906; x_wconf 63' lang='lat' dir='ltr'><strong>quae</strong></span> <span class='ocrx_word' id='word_1_438' title='bbox 2007 4839 2079 4890; x_wconf 85' lang='lat' dir='ltr'><strong>ita</strong></span> <span class='ocrx_word' id='word_1_439' title='bbox 2130 4854 2225 4907; x_wconf 88' lang='lat' dir='ltr'><strong>per</strong></span> <span class='ocrx_word' id='word_1_440' title='bbox 2271 4837 2508 4909; x_wconf 82' lang='lat' dir='ltr'><strong>Moysem</strong></span> <span class='ocrx_word' id='word_1_441' title='bbox 2553 4839 2830 4908; x_wconf 88' lang='lat' dir='ltr'><strong>loquitur:</strong></span> <span class='ocrx_word' id='word_1_442' title='bbox 2869 4837 2992 4892; x_wconf 88' lang='lat' dir='ltr'><strong>Non</strong></span> <span class='ocrx_word' id='word_1_443' title='bbox 3017 4837 3222 4906; x_wconf 78' lang='lat' dir='ltr'><strong>deficiet</strong></span> <span class='ocrx_word' id='word_1_444' title='bbox 3262 4839 3500 4904; x_wconf 77' lang='lat' dir='ltr'><strong>princeps</strong></span> <span class='ocrx_word' id='word_1_445' title='bbox 3531 4849 3598 4891; x_wconf 80' lang='lat' dir='ltr'><strong>ea:</strong></span> 
     </span>
    </p>
   </div>
   <div class='ocr_carea' id='block_1_52' title="bbox 339 4929 3595 5004">
    <p class='ocr_par' dir='ltr' id='par_1_52' title="bbox 339 4929 3595 5004">
     <span class='ocr_line' id='line_1_53' title="bbox 339 4929 3595 5004; baseline 0 -20"><span class='ocrx_word' id='word_1_446' title='bbox 339 4929 506 4995; x_wconf 76' lang='lat' dir='ltr'><strong>Iuda,</strong></span> <span class='ocrx_word' id='word_1_447' title='bbox 535 4947 695 5003; x_wconf 84' lang='lat' dir='ltr'><strong>neque</strong></span> <span class='ocrx_word' id='word_1_448' title='bbox 724 4932 833 4986; x_wconf 79' lang='lat' dir='ltr'><strong>dua:</strong></span> <span class='ocrx_word' id='word_1_449' title='bbox 861 4933 924 4985; x_wconf 89' lang='lat' dir='ltr'><strong>de</strong></span> <span class='ocrx_word' id='word_1_450' title='bbox 954 4933 1240 5002; x_wconf 80' lang='lat' dir='ltr'><strong>femoribus</strong></span> <span class='ocrx_word' id='word_1_451' title='bbox 1270 4934 1404 5001; x_wconf 85' lang='lat' dir='ltr'><strong>ejus,</strong></span> <span class='ocrx_word' id='word_1_452' title='bbox 1423 4935 1585 4986; x_wconf 87' lang='lat' dir='ltr'><strong>donec</strong></span> <span class='ocrx_word' id='word_1_453' title='bbox 1609 4933 1778 4985; x_wconf 80' lang='lat' dir='ltr'><strong>veniat</strong></span> <span class='ocrx_word' id='word_1_454' title='bbox 1804 4935 1888 4985; x_wconf 89' lang='lat' dir='ltr'><strong>cui</strong></span> <span class='ocrx_word' id='word_1_455' title='bbox 1909 4935 2287 5000; x_wconf 84' lang='lat' dir='ltr'><strong>repromissum</strong></span> <span class='ocrx_word' id='word_1_456' title='bbox 2304 4944 2399 4987; x_wconf 84' lang='lat' dir='ltr'><strong>est.</strong></span> <span class='ocrx_word' id='word_1_457' title='bbox 2433 4932 2500 4986; x_wconf 85' lang='lat' dir='ltr'><strong>Et</strong></span> <span class='ocrx_word' id='word_1_458' title='bbox 2532 4935 2641 5004; x_wconf 80' lang='lat' dir='ltr'><strong>ipse</strong></span> <span class='ocrx_word' id='word_1_459' title='bbox 2671 4935 2770 4987; x_wconf 88' lang='lat' dir='ltr'><strong>erit</strong></span> <span class='ocrx_word' id='word_1_460' title='bbox 2797 4934 3119 5003; x_wconf 74' lang='lat' dir='ltr'><strong>exspectatio</strong></span> <span class='ocrx_word' id='word_1_461' title='bbox 3149 4933 3404 5003; x_wconf 82' lang='lat' dir='ltr'><strong>gentium.</strong></span> <span class='ocrx_word' id='word_1_462' title='bbox 3440 4929 3595 5001; x_wconf 81' lang='lat' dir='ltr'><strong>(Cen.</strong></span> 
     </span>
    </p>
   </div>
   <div class='ocr_carea' id='block_1_53' title="bbox 340 5023 3601 5095">
    <p class='ocr_par' dir='ltr' id='par_1_53' title="bbox 340 5023 3601 5095">
     <span class='ocr_line' id='line_1_54' title="bbox 340 5023 3601 5095; baseline -0 -17"><span class='ocrx_word' id='word_1_463' title='bbox 340 5041 492 5092; x_wconf 79' lang='lat' dir='ltr'><strong>xm,</strong></span> <span class='ocrx_word' id='word_1_464' title='bbox 514 5027 626 5095; x_wconf 84' lang='grc' dir='ltr'>ιο.)</span> <span class='ocrx_word' id='word_1_465' title='bbox 655 5027 710 5080; x_wconf 86' lang='lat' dir='ltr'><strong>In</strong></span> <span class='ocrx_word' id='word_1_466' title='bbox 730 5028 834 5082; x_wconf 92' lang='lat' dir='ltr'><strong>hoc</strong></span> <span class='ocrx_word' id='word_1_467' title='bbox 861 5028 1004 5080; x_wconf 90' lang='lat' dir='ltr'><strong>enim</strong></span> <span class='ocrx_word' id='word_1_468' title='bbox 1037 5027 1158 5081; x_wconf 85' lang='lat' dir='ltr'><strong>loco</strong></span> <span class='ocrx_word' id='word_1_469' title='bbox 1179 5026 1454 5091; x_wconf 90' lang='lat' dir='ltr'><strong>Christus,</strong></span> <span class='ocrx_word' id='word_1_470' title='bbox 1479 5041 1639 5095; x_wconf 90' lang='lat' dir='ltr'><strong>quem</strong></span> <span class='ocrx_word' id='word_1_471' title='bbox 1671 5024 1910 5080; x_wconf 90' lang='lat' dir='ltr'><strong>Danielis</strong></span> <span class='ocrx_word' id='word_1_472' title='bbox 1934 5026 2206 5094; x_wconf 90' lang='lat' dir='ltr'><strong>scriptura</strong></span> <span class='ocrx_word' id='word_1_473' title='bbox 2231 5025 2509 5093; x_wconf 74' lang='lat' dir='ltr'><strong>praefatur,</strong></span> <span class='ocrx_word' id='word_1_474' title='bbox 2530 5025 2739 5093; x_wconf 89' lang='lat' dir='ltr'><strong>accepit</strong></span> <span class='ocrx_word' id='word_1_475' title='bbox 2772 5024 3100 5080; x_wconf 79' lang='lat' dir='ltr'><strong>tinem.Nam</strong></span> <span class='ocrx_word' id='word_1_476' title='bbox 3133 5040 3304 5093; x_wconf 82' lang='lat' dir='ltr'><strong>usque</strong></span> <span class='ocrx_word' id='word_1_477' title='bbox 3331 5025 3396 5079; x_wconf 83' lang='lat' dir='ltr'><strong>ad</strong></span> <span class='ocrx_word' id='word_1_478' title='bbox 3426 5023 3601 5078; x_wconf 78' lang='lat' dir='ltr'><strong>Hero-</strong></span> 
     </span>
    </p>
   </div>
   <div class='ocr_carea' id='block_1_54' title="bbox 339 5113 3598 5186">
    <p class='ocr_par' dir='ltr' id='par_1_54' title="bbox 339 5113 3598 5186">
     <span class='ocr_line' id='line_1_55' title="bbox 339 5113 3598 5186; baseline -0.001 -16"><span class='ocrx_word' id='word_1_479' title='bbox 339 5117 462 5173; x_wconf 93' lang='lat' dir='ltr'><strong>dem</strong></span> <span class='ocrx_word' id='word_1_480' title='bbox 497 5117 709 5183; x_wconf 73' lang='lat' dir='ltr'><strong>christi,</strong></span> <span class='ocrx_word' id='word_1_481' title='bbox 744 5117 799 5170; x_wconf 93' lang='lat' dir='ltr'><strong>id</strong></span> <span class='ocrx_word' id='word_1_482' title='bbox 837 5124 922 5172; x_wconf 89' lang='lat' dir='ltr'><strong>est</strong></span> <span class='ocrx_word' id='word_1_483' title='bbox 949 5116 1284 5180; x_wconf 88' lang='lat' dir='ltr'><strong>sacerdotes,</strong></span> <span class='ocrx_word' id='word_1_484' title='bbox 1317 5123 1474 5168; x_wconf 87' lang='lat' dir='ltr'><strong>erant</strong></span> <span class='ocrx_word' id='word_1_485' title='bbox 1506 5130 1661 5184; x_wconf 81' lang='lat' dir='ltr'><strong>reges</strong></span> <span class='ocrx_word' id='word_1_486' title='bbox 1682 5113 1997 5172; x_wconf 82' lang='lat' dir='ltr'><strong>Judaeorum</strong></span> <span class='ocrx_word' id='word_1_487' title='bbox 2023 5130 2036 5166; x_wconf 90' lang='lat'><strong>:</strong></span> <span class='ocrx_word' id='word_1_488' title='bbox 2068 5115 2159 5184; x_wconf 92' lang='lat' dir='ltr'><strong>qui</strong></span> <span class='ocrx_word' id='word_1_489' title='bbox 2186 5115 2455 5183; x_wconf 86' lang='lat' dir='ltr'><strong>imperare</strong></span> <span class='ocrx_word' id='word_1_490' title='bbox 2478 5122 2758 5184; x_wconf 86' lang='lat' dir='ltr'><strong>coeperant</strong></span> <span class='ocrx_word' id='word_1_491' title='bbox 2779 5130 2810 5167; x_wconf 91' lang='lat' dir='ltr'><strong>a</strong></span> <span class='ocrx_word' id='word_1_492' title='bbox 2830 5115 3168 5186; x_wconf 83' lang='lat' dir='ltr'><strong>sexagesima</strong></span> <span class='ocrx_word' id='word_1_493' title='bbox 3199 5115 3389 5176; x_wconf 84' lang='lat' dir='ltr'><strong>quinta</strong></span> <span class='ocrx_word' id='word_1_494' title='bbox 3417 5115 3598 5184; x_wconf 82' lang='lat' dir='ltr'><strong>olym-</strong></span> 
     </span>
    </p>
   </div>
   <div class='ocr_carea' id='block_1_55' title="bbox 408 5331 3598 5413">
    <p class='ocr_par' dir='ltr' id='par_1_55' title="bbox 408 5331 3598 5413">
     <span class='ocr_line' id='line_1_56' title="bbox 408 5331 3598 5413; baseline -0.003 -17"><span class='ocrx_word' id='word_1_495' title='bbox 408 5360 443 5396; x_wconf 88' lang='lat' dir='ltr'><strong><em>a</em></strong></span> <span class='ocrx_word' id='word_1_496' title='bbox 499 5341 784 5413; x_wconf 79' lang='grc' dir='ltr'><strong>Ῥωμαίων</strong></span> <span class='ocrx_word' id='word_1_497' title='bbox 835 5340 1084 5411; x_wconf 84' lang='grc' dir='ltr'>δεύτερος</span> <span class='ocrx_word' id='word_1_498' title='bbox 1123 5338 1436 5392; x_wconf 75' lang='grc' dir='ltr'>ἐϐασίλευσε</span> <span class='ocrx_word' id='word_1_499' title='bbox 1478 5340 1696 5408; x_wconf 78' lang='grc' dir='ltr'>Καῖσαρ</span> <span class='ocrx_word' id='word_1_500' title='bbox 1737 5337 1909 5390; x_wconf 80' lang='grc' dir='ltr'><strong>Σεὸα-</strong></span> <span class='ocrx_word' id='word_1_501' title='bbox 2019 5333 2111 5392; x_wconf 72' lang='grc' dir='ltr'><strong>καὶ</strong></span> <span class='ocrx_word' id='word_1_502' title='bbox 2154 5331 2325 5390; x_wconf 75' lang='grc' dir='ltr'>πολλὰ</span> <span class='ocrx_word' id='word_1_503' title='bbox 2351 5335 2848 5408; x_wconf 71' lang='grc' dir='ltr'>διαμαχησάμενος,</span> <span class='ocrx_word' id='word_1_504' title='bbox 2880 5332 3202 5404; x_wconf 78' lang='grc' dir='ltr'><strong>ἀναιρεῖταιο</strong></span> <span class='ocrx_word' id='word_1_505' title='bbox 3240 5333 3334 5388; x_wconf 71' lang='grc' dir='ltr'><strong>καὶ</strong></span> <span class='ocrx_word' id='word_1_506' title='bbox 3362 5331 3598 5388; x_wconf 79' lang='grc' dir='ltr'><strong>ἐνταῦθα</strong></span> 
     </span>
    </p>
   </div>
   <div class='ocr_carea' id='block_1_56' title="bbox 339 5425 3596 5502">
    <p class='ocr_par' dir='ltr' id='par_1_56' title="bbox 339 5425 3596 5502">
     <span class='ocr_line' id='line_1_57' title="bbox 339 5425 3596 5502; baseline -0.003 -14"><span class='ocrx_word' id='word_1_507' title='bbox 339 5435 461 5498; x_wconf 74' lang='grc' dir='ltr'>στος</span> <span class='ocrx_word' id='word_1_508' title='bbox 485 5434 808 5502; x_wconf 75' lang='grc' dir='ltr'>Αὔγουστος,</span> <span class='ocrx_word' id='word_1_509' title='bbox 843 5435 873 5486; x_wconf 83' lang='grc' dir='ltr'>ὁ</span> <span class='ocrx_word' id='word_1_510' title='bbox 903 5435 996 5486; x_wconf 79' lang='grc' dir='ltr'><strong>καὶ</strong></span> <span class='ocrx_word' id='word_1_511' title='bbox 1041 5433 1342 5496; x_wconf 78' lang='grc' dir='ltr'><strong>Ὀκτάϐιος,</strong></span> <span class='ocrx_word' id='word_1_512' title='bbox 1370 5431 1464 5501; x_wconf 79' lang='grc' dir='ltr'><strong>ἔτη</strong></span> <span class='ocrx_word' id='word_1_513' title='bbox 1488 5437 1596 5495; x_wconf 72' lang='grc' dir='ltr'><strong>νςν,</strong></span> <span class='ocrx_word' id='word_1_514' title='bbox 1628 5430 1803 5500; x_wconf 78' lang='grc' dir='ltr'>μῆνας</span> <span class='ocrx_word' id='word_1_515' title='bbox 1833 5435 1906 5493; x_wconf 81' lang='grc' dir='ltr'><strong>ς’.</strong></span> <span class='ocrx_word' id='word_1_516' title='bbox 2017 5430 2316 5500; x_wconf 74' lang='grc' dir='ltr'><strong>καταλήγει</strong></span> <span class='ocrx_word' id='word_1_517' title='bbox 2339 5431 2399 5482; x_wconf 78' lang='grc' dir='ltr'><strong>τὸ</strong></span> <span class='ocrx_word' id='word_1_518' title='bbox 2426 5431 2532 5482; x_wconf 77' lang='grc' dir='ltr'><strong>τῶν</strong></span> <span class='ocrx_word' id='word_1_519' title='bbox 2573 5429 2838 5482; x_wconf 73' lang='grc' dir='ltr'><strong>Ἰουδαίων</strong></span> <span class='ocrx_word' id='word_1_520' title='bbox 2867 5427 3154 5498; x_wconf 77' lang='grc' dir='ltr'>βασίλειον.</span> <span class='ocrx_word' id='word_1_521' title='bbox 3195 5425 3458 5479; x_wconf 77' lang='grc' dir='ltr'><strong>Ἐνταῦθα</strong></span> <span class='ocrx_word' id='word_1_522' title='bbox 3486 5425 3542 5478; x_wconf 80' lang='grc' dir='ltr'><strong>δὲ</strong></span> <span class='ocrx_word' id='word_1_523' title='bbox 3565 5427 3596 5479; x_wconf 81' lang='grc' dir='ltr'>ὁ</span> 
     </span>
    </p>
   </div>
   <div class='ocr_carea' id='block_1_57' title="bbox 340 5514 1955 5596">
    <p class='ocr_par' dir='ltr' id='par_1_57' title="bbox 340 5525 1118 5596">
     <span class='ocr_line' id='line_1_58' title="bbox 340 5525 1118 5596; baseline -0.006 -14"><span class='ocrx_word' id='word_1_524' title='bbox 340 5526 536 5582; x_wconf 82' lang='lat' dir='ltr'><strong>Chron.</strong></span> <span class='ocrx_word' id='word_1_525' title='bbox 577 5527 756 5595; x_wconf 83' lang='lat' dir='ltr'><strong>pasch.</strong></span> <span class='ocrx_word' id='word_1_526' title='bbox 794 5544 847 5596; x_wconf 86' lang='lat' dir='ltr'><strong>p.</strong></span> <span class='ocrx_word' id='word_1_527' title='bbox 890 5526 1013 5588; x_wconf 80' lang='grc'>189,</span> <span class='ocrx_word' id='word_1_528' title='bbox 1050 5525 1118 5577; x_wconf 80' lang='grc' dir='ltr'>ι).</span> 
     </span>
    </p>
   </div>
   <div class='ocr_carea' id='block_1_58' title="bbox 1980 5514 3595 5596">
    <p class='ocr_par' dir='ltr' id='par_1_58' title="bbox 2019 5514 3595 5588">
     <span class='ocr_line' id='line_1_59' title="bbox 2019 5514 3595 5588; baseline 0 -19"><span class='ocrx_word' id='word_1_529' title='bbox 2019 5518 2490 5588; x_wconf 74' lang='grc' dir='ltr'>προφητευόμενος</span> <span class='ocrx_word' id='word_1_530' title='bbox 2525 5517 2674 5588; x_wconf 78' lang='grc' dir='ltr'>παρὰ</span> <span class='ocrx_word' id='word_1_531' title='bbox 2703 5517 2780 5588; x_wconf 78' lang='grc' dir='ltr'>τῷ</span> <span class='ocrx_word' id='word_1_532' title='bbox 2811 5516 3007 5587; x_wconf 74' lang='grc' dir='ltr'><strong>Δανιὴλ</strong></span> <span class='ocrx_word' id='word_1_533' title='bbox 3037 5516 3267 5588; x_wconf 76' lang='grc' dir='ltr'>Χριστὸς</span> <span class='ocrx_word' id='word_1_534' title='bbox 3295 5514 3595 5585; x_wconf 77' lang='grc' dir='ltr'>ἡγούμενος</span> 
     </span>
    </p>
   </div>
   <div class='ocr_carea' id='block_1_59' title="bbox 407 5609 3593 5688">
    <p class='ocr_par' dir='ltr' id='par_1_59' title="bbox 407 5609 3593 5688">
     <span class='ocr_line' id='line_1_60' title="bbox 407 5609 3593 5688; baseline -0.003 -15"><span class='ocrx_word' id='word_1_535' title='bbox 407 5622 435 5672; x_wconf 89' lang='lat' dir='ltr'><strong>b</strong></span> <span class='ocrx_word' id='word_1_536' title='bbox 467 5622 528 5673; x_wconf 85' lang='grc' dir='ltr'><strong>Οἱ</strong></span> <span class='ocrx_word' id='word_1_537' title='bbox 583 5620 872 5688; x_wconf 77' lang='grc' dir='ltr'><strong>Ἀντιοχεῖς</strong></span> <span class='ocrx_word' id='word_1_538' title='bbox 907 5619 1056 5671; x_wconf 77' lang='grc' dir='ltr'>ἐνθεν</span> <span class='ocrx_word' id='word_1_539' title='bbox 1092 5617 1384 5688; x_wconf 80' lang='grc' dir='ltr'><strong>ἀριθμοῦσι</strong></span> <span class='ocrx_word' id='word_1_540' title='bbox 1421 5615 1546 5678; x_wconf 79' lang='grc' dir='ltr'>τοὺς</span> <span class='ocrx_word' id='word_1_541' title='bbox 1579 5613 1757 5669; x_wconf 76' lang='grc' dir='ltr'>αὐτῶν</span> <span class='ocrx_word' id='word_1_542' title='bbox 1785 5613 1910 5685; x_wconf 84' lang='grc' dir='ltr'><strong>χρό-</strong></span> <span class='ocrx_word' id='word_1_543' title='bbox 2015 5613 2167 5675; x_wconf 81' lang='grc' dir='ltr'>τέλος</span> <span class='ocrx_word' id='word_1_544' title='bbox 2190 5612 2476 5682; x_wconf 79' lang='grc' dir='ltr'><strong>λαμϐάνει·</strong></span> <span class='ocrx_word' id='word_1_545' title='bbox 2512 5611 2672 5683; x_wconf 81' lang='grc' dir='ltr'>μέχρι</span> <span class='ocrx_word' id='word_1_546' title='bbox 2700 5611 2808 5682; x_wconf 87' lang='grc' dir='ltr'><strong>γὰρ</strong></span> <span class='ocrx_word' id='word_1_547' title='bbox 2850 5609 3087 5682; x_wconf 78' lang='grc' dir='ltr'>Ἡρώδου</span> <span class='ocrx_word' id='word_1_548' title='bbox 3123 5610 3332 5681; x_wconf 77' lang='grc' dir='ltr'>χριστοὶ</span> <span class='ocrx_word' id='word_1_549' title='bbox 3358 5609 3593 5680; x_wconf 76' lang='grc' dir='ltr'>ἡγούμε-</span> 
     </span>
    </p>
   </div>
   <div class='ocr_carea' id='block_1_60' title="bbox 339 5700 3595 5782">
    <p class='ocr_par' dir='ltr' id='par_1_60' title="bbox 339 5700 3595 5782">
     <span class='ocr_line' id='line_1_61' title="bbox 339 5700 3595 5782; baseline -0.003 -17"><span class='ocrx_word' id='word_1_550' title='bbox 339 5726 476 5775; x_wconf 71' lang='grc' dir='ltr'>νους.</span> <span class='ocrx_word' id='word_1_551' title='bbox 509 5711 670 5782; x_wconf 83' lang='lat' dir='ltr'><strong>Sync.</strong></span> <span class='ocrx_word' id='word_1_552' title='bbox 698 5727 748 5780; x_wconf 82' lang='lat' dir='ltr'><strong>p.</strong></span> <span class='ocrx_word' id='word_1_553' title='bbox 777 5711 902 5774; x_wconf 80' lang='grc'>505,</span> <span class='ocrx_word' id='word_1_554' title='bbox 937 5709 998 5766; x_wconf 89' lang='lat' dir='ltr'><strong>C.</strong></span> <span class='ocrx_word' id='word_1_555' title='bbox 2013 5724 2113 5762; x_wconf 82' lang='grc' dir='ltr'><strong>νοι·</strong></span> <span class='ocrx_word' id='word_1_556' title='bbox 2143 5700 2288 5760; x_wconf 63' lang='grc' dir='ltr'>οὗτοι</span> <span class='ocrx_word' id='word_1_557' title='bbox 2308 5706 2365 5758; x_wconf 82' lang='grc' dir='ltr'><strong>δὲ</strong></span> <span class='ocrx_word' id='word_1_558' title='bbox 2386 5701 2525 5777; x_wconf 76' lang='grc' dir='ltr'>ἦσαν</span> <span class='ocrx_word' id='word_1_559' title='bbox 2544 5707 2594 5757; x_wconf 84' lang='grc' dir='ltr'>οἱ</span> <span class='ocrx_word' id='word_1_560' title='bbox 2621 5706 2916 5776; x_wconf 85' lang='grc' dir='ltr'><strong>ἀρχιερεῖς,</strong></span> <span class='ocrx_word' id='word_1_561' title='bbox 2941 5704 3134 5766; x_wconf 85' lang='grc' dir='ltr'>οἵτινες</span> <span class='ocrx_word' id='word_1_562' title='bbox 3161 5703 3595 5774; x_wconf 81' lang='grc' dir='ltr'>προεστήκεισαν</span> 
     </span>
    </p>
   </div>
   <div class='ocr_carea' id='block_1_61' title="bbox 405 5788 3594 5874">
    <p class='ocr_par' dir='ltr' id='par_1_61' title="bbox 405 5788 3594 5874">
     <span class='ocr_line' id='line_1_62' title="bbox 405 5788 3594 5874; baseline -0.003 -18"><span class='ocrx_word' id='word_1_563' title='bbox 405 5821 430 5856; x_wconf 90' lang='lat' dir='ltr'><strong>c</strong></span> <span class='ocrx_word' id='word_1_564' title='bbox 482 5804 801 5871; x_wconf 76' lang='grc' dir='ltr'><strong>Ἀντίγονος,</strong></span> <span class='ocrx_word' id='word_1_565' title='bbox 847 5807 913 5874; x_wconf 82' lang='grc' dir='ltr'><strong>τῇ</strong></span> <span class='ocrx_word' id='word_1_566' title='bbox 973 5802 1238 5857; x_wconf 79' lang='grc' dir='ltr'><strong>Ἰουδαίων</strong></span> <span class='ocrx_word' id='word_1_567' title='bbox 1285 5801 1529 5872; x_wconf 67' lang='grc' dir='ltr'><strong>βασιλείᾳ.</strong></span> <span class='ocrx_word' id='word_1_568' title='bbox 1570 5798 1902 5864; x_wconf 77' lang='grc' dir='ltr'><strong>ἐπαναστὰς,</strong></span> <span class='ocrx_word' id='word_1_569' title='bbox 2013 5796 2104 5850; x_wconf 75' lang='grc' dir='ltr'><strong>τοῦ</strong></span> <span class='ocrx_word' id='word_1_570' title='bbox 2142 5795 2404 5849; x_wconf 82' lang='grc' dir='ltr'><strong>Ἰουδαίων</strong></span> <span class='ocrx_word' id='word_1_571' title='bbox 2443 5793 2646 5860; x_wconf 79' lang='grc' dir='ltr'><strong>ἔθνους,</strong></span> <span class='ocrx_word' id='word_1_572' title='bbox 2690 5794 2983 5866; x_wconf 79' lang='grc' dir='ltr'>ἀρξάμενοι</span> <span class='ocrx_word' id='word_1_573' title='bbox 3025 5793 3121 5863; x_wconf 85' lang='grc' dir='ltr'><strong>μὲν</strong></span> <span class='ocrx_word' id='word_1_574' title='bbox 3167 5792 3276 5845; x_wconf 83' lang='grc' dir='ltr'>ἀπὸ</span> <span class='ocrx_word' id='word_1_575' title='bbox 3315 5793 3412 5863; x_wconf 78' lang='grc' dir='ltr'><strong>τῆς</strong></span> <span class='ocrx_word' id='word_1_576' title='bbox 3451 5788 3594 5846; x_wconf 63' lang='grc' dir='ltr'><strong>κατὰ</strong></span> 
     </span>
    </p>
   </div>
   <div class='ocr_carea' id='block_1_62' title="bbox 661 5886 3266 5994">
    <p class='ocr_par' dir='ltr' id='par_1_62' title="bbox 661 5886 3266 5994">
     <span class='ocr_line' id='line_1_63' title="bbox 661 5886 3266 5994; baseline -0.003 -40"><span class='ocrx_word' id='word_1_577' title='bbox 661 5895 935 5956; x_wconf 56' lang='lat' dir='ltr'><strong>Parnm.</strong></span> <span class='ocrx_word' id='word_1_578' title='bbox 969 5895 1087 5955; x_wconf 79' lang='lat' dir='ltr'><strong>Gn.</strong></span> <span class='ocrx_word' id='word_1_579' title='bbox 1111 5894 1288 5955; x_wconf 74' lang='lat' dir='ltr'><strong>XIX.</strong></span> <span class='ocrx_word' id='word_1_580' title='bbox 2001 5986 2004 5994; x_wconf 29' lang='grc'><strong><em>1</em></strong></span> <span class='ocrx_word' id='word_1_581' title='bbox 2370 5968 2417 5994; x_wconf 25' lang='grc' dir='ltr'><strong>,θ’</strong></span> <span class='ocrx_word' id='word_1_582' title='bbox 3191 5886 3266 5947; x_wconf 88' lang='grc'><strong>17</strong></span> 
     </span>
    </p>
   </div>
   <div class='ocr_carea' id='block_1_63' title="bbox 2370 5968 2417 5995">
    <p class='ocr_par' dir='ltr' id='par_1_63' title="bbox 2370 5968 2417 5995">
     <span class='ocr_line' id='line_1_64' title="bbox 2370 5968 2417 5995; baseline 0 -21"><span class='ocrx_word' id='word_1_583' title='bbox 2370 5968 2417 5995; x_wconf 42' lang='grc' dir='ltr'>κ.</span> 
     </span>
    </p>
   </div>
  </div>
