4090 6404
452 396 558 458 625
1109 397 1382 460 EUSEBII
1421 394 1902 454 CESARIENSIS
1938 394 2009 451 Ol

2130 395 2311 453 PARS
2349 394 2391 454 1.
2427 427 2497 436 -
2535 395 2925 454 ΗΙΞΤΟΒΙΟΑ.
3603 403 3711 459 ΕΞῚ

448 646 635 718 piade,
666 652 723 702 et
756 646 825 703 ab
866 646 1266 704 instauratione
1298 646 1488 717 templi
1522 647 1627 702 sub
1673 646 1860 714 Dario,
1892 661 2068 717 usque
2103 646 2171 701 ad
2222 644 2538 718 Hyrcanum
2585 640 2663 701 et'
2683 646 3041 702 centesimam
3071 646 3461 717 octogesimam
3500 656 3708 703 sextam

448 741 835 814 Olympiadem,
860 743 1020 797 annis
1049 756 1391 797 ccccuxxm
1414 742 1472 795 in
1498 742 1680 798 medio
1707 741 2030 806 transactis,
2064 757 2206 813 quos
2240 741 2429 798 Daniel
2463 742 2736 814 signiﬁcat
2765 743 2957 800 dicens
2990 740 3089 795 :Et
3115 745 3248 796 scies
3277 749 3327 795 et
3356 741 3615 813 intelliges
3643 744 3708 798 ab

445 836 600 890 initio
629 837 886 890 sermonis
919 832 1267 904 respondendi
1285 842 1336 889 et
1363 832 1673 904 aediﬁcandi
1698 833 2062 897 Hierusalem,
2095 851 2260 905 usque
2287 835 2355 888 ad
2384 833 2586 890 Christi
2613 835 2990 904 principatum,
3030 833 3372 890 hebdomadas
3405 847 3621 907 septem,
3658 848 3709 893 et

443 926 787 983 hebdomadis
822 927 1099 998 sexaginta
1126 926 1248 982 dum
1279 926 1445 999 (Dan.
1490 943 1568 993 ix,
1621 926 1716 996 25)
1747 947 1761 984 :
1798 943 1920 1000 quae
1950 944 2076 983 uix
2132 928 2488 983 hebdomadas
2537 927 2745 983 faciunt
2781 944 2958 984 annos
2989 943 3369 986 cccccxxxm:
3405 929 3462 984 in
3510 930 3710 1000 quibus

442 1024 660 1092 christi,
696 1024 749 1079 id
796 1032 882 1080 est
914 1024 1252 1089 sacerdotes,
1290 1039 1389 1094 per
1445 1024 1762 1080 unctionem
1811 1023 2147 1088 consecrati,
2187 1030 2559 1095 regnaverunt
2606 1039 2783 1094 usque
2830 1023 2896 1077 ad
2931 1022 3244 1094 Hyrcanum
3276 1041 3288 1076 :
3320 1039 3430 1094 quo
3466 1033 3711 1079 extremo

440 1118 690 1174 omnium
722 1134 752 1173 a
782 1116 1002 1174 Parthis
1028 1129 1209 1190 capto,
1244 1118 1488 1175 Herodes
1516 1117 1791 1188 Antipatri
1843 1117 1988 1172 ﬁlius
2020 1117 2153 1171 nihil
2185 1117 2254 1172 ad
2286 1133 2345 1173 se
2376 1118 2740 1188 pertinentem
2782 1118 3025 1174 Iudaeam
3052 1117 3121 1171 ab
3166 1116 3414 1185 Augusto
3436 1122 3491 1171 et
3518 1124 3713 1172 senatu

440 1211 679 1283 accipit;
717 1209 925 1281 ﬁliique
948 1212 1070 1280 ejus
1096 1221 1219 1281 post
1245 1226 1370 1266 eum
1400 1217 1791 1281 regnaverunt,
1817 1225 1995 1275 usque
2024 1208 2093 1263 ad
2123 1209 2479 1265 novissimam
2511 1210 3018 1283 Hierosolymorum
3071 1210 3474 1278 captivitatem,
3502 1223 3715 1278 nequa-

441 1318 606 1373 quam
637 1319 701 1358 ex
739 1303 1096 1360 successione
1118 1302 1726 1374 sacerdotalis-generis
1760 1304 2113 1374 pontiﬁcibus
2136 1305 2477 1369 constitutis,
2513 1320 2691 1376 neque
2738 1304 3105 1377 perpetuitate
3131 1303 3258 1357 vitae
3298 1299 3606 1358 secundum
3631 1300 3712 1354 le-

437 1411 561 1466 gem
590 1394 762 1467 Moysi
799 1395 1173 1450 servientibus
1218 1394 1350 1450 Deo.
1382 1392 1661 1467 lgnobiles
1691 1408 1824 1450 vero
1869 1394 2118 1466 quidam,
2149 1402 2205 1450 et
2250 1395 2358 1450 alio
2404 1401 2652 1465 temporc
2677 1394 2793 1459 alii,
2840 1403 2894 1449 et
2925 1393 3175 1448 nonnulli
3219 1392 3384 1447 unius
3414 1392 3564 1457 anni,
3597 1392 3713 1448 sive

438 1488 656 1544 modico
677 1489 934 1559 amplius,
965 1504 994 1542 a
1028 1485 1295 1542 Romanis
1322 1489 1749 1560 imperatoribus
1769 1488 2139 1545 sacerdotium
2164 1490 2439 1545 emebant.
2482 1488 2614 1555 Quae
2639 1488 2824 1543 omnia
2857 1489 3022 1543 etiam
3057 1486 3248 1541 Daniel
3278 1485 3542 1558 propheta
3569 1486 3712 1542 vati-

438 1582 657 1636 cinatur
686 1581 758 1636 ita
785 1581 977 1637 dicens
1006 1598 1018 1633 :
1054 1566 1143 1634 Εἰ
1156 1589 1273 1648 post
1306 1579 1656 1635 hebdomades
1696 1597 1772 1634 vu
1804 1590 1853 1635 et
1890 1597 2029 1645 an,
2057 1582 2297 1636 interibit
2341 1582 2597 1646 chrisma,
2631 1590 2682 1635 et
2701 1578 2970 1651 judicium
3005 1596 3110 1634 non
3141 1582 3245 1635 erit
3274 1582 3329 1635 in
3357 1597 3417 1634 eo
3446 1594 3465 1634 :
3498 1588 3548 1634 et
3571 1590 3707 1635 tem-

435 1677 580 1745 plum
604 1683 655 1731 et
683 1684 927 1730 sanctum
952 1682 1248 1741 corrumpet
1274 1675 1497 1744 populus
1521 1670 1653 1728 duce
1682 1674 1958 1729 veniente:
1988 1681 2040 1728 et
2081 1673 2349 1729 credentur
2370 1674 2427 1727 in
2470 1674 2794 1744 cataclysmo
2832 1672 2956 1726 belli
2997 1672 3145 1743 (ibid.
3174 1670 3288 1742 26).
3324 1669 3391 1726 Et
3424 1672 3481 1726 iu
3506 1688 3705 1729 conse-

438 1770 735 1839 quentibus
766 1787 779 1822 :
815 1766 885 1821 Et
914 1782 1069 1836 super
1120 1767 1391 1836 templum.
1416 1769 1608 1839 inquit,
1636 1763 1969 1823 abomina'tio
2023 1767 2416 1824 desolationum
2444 1784 2463 1821 :
2506 1778 2557 1823 et
2588 1784 2753 1839 usque
2804 1767 2872 1821 ad
2913 1767 3419 1821 consummationem
3459 1766 3707 1836 temporis

436 1861 821 1916 consummatio
845 1858 1063 1913 dabitur
1088 1875 1246 1931 super
1276 1859 1661 1916 desolationem
1681 1858 1848 1930 (Ibid.
1881 1860 1994 1932 27).

1397 2034 1589 2075 OLYIP.
1665 2035 1904 2074 ΔΒΒΑΗΛ-
1963 2034 2167 2075 εοῖρτ.
2292 2036 2408 2076 ΠΗ).
2568 2036 2697 2075 ROI.

1950 2161 2184 2232 Cleopa-
2228 2160 2474 2218 Herodes
2550 2161 2733 2231 Augu-

2026 2240 2113 2286 tra
2568 2243 2690 2287 stus

1396 2330 1603 2342 ———_
1670 2329 1883 2358 -.--——
1957 2332 2099 2347 ς...-
2125 2331 2172 2341 —

2243 2330 2456 2344 ——-—

2548 2331 2739 2342 ...ιι-..-

2010 2433 2044 2470 ο
2069 2415 2112 2472 1.
2137 2414 2472 2490 HERODESV
2495 2417 2825 2488 alienigena,
2856 2417 3144 2474 deﬁciente
3181 2428 3319 2490 pon-

504 2547 780 2642 AntoniiA
896 2544 1331 2618 aoccxx,
1415 2572 1553 2642 487
1698 2548 1837 2607 1984
2016 2556 2084 2613 ιδ

426 2649 483 2697 et
509 2641 735 2714 Augusti
759 2639 956 2698 fmdus.

2154 2488 2363 2612 tilicun;
2391 2489 2723 2612 principatu,
2759 2490 2920 2569 annis
2949 2500 3157 2544 uxvn.

499 2763 531 2816 b
557 2761 801 2819 Herodes
836 2761 1141 2818 Ananelum
1167 2761 1462 2834 quemdam
1489 2765 1557 2819 de
1587 2761 1868 2834 Babylone
1890 2763 2130 2820 accitum
2161 2766 2471 2838 pontiﬁcem
2502 2767 2815 2824 Iudaeorum
2846 2769 3135 2825 constituit
3160 2786 3172 2822 :
3201 2778 3255 2825 et
3289 2778 3414 2841 post
3444 2771 3703 2844 exiguum

426 2858 716 2929 temporis,
749 2858 1124 2914 Aristobulum
1173 2856 1398 2914 fratrem
1442 2858 1636 2915 uxoris
1674 2875 1813 2925 suae,
1867 2868 2124 2933 nepotem
2172 2860 2438 2936 Hyrcani,
2476 2880 2856 2922 successorem
2884 2866 2938 2922 ei
2963 2864 3150 2923 dedit:
3184 2883 3293 2939 quo
3331 2876 3455 2940 post
3497 2884 3701 2924 annum

430 2950 749 3018 interfecto,
778 2966 1000 3007 rursum
1027 2950 1272 3006 Ananelo
1299 2949 1538 3007 reddidit
1561 2952 1957 3009 sacerdotium.

501 3073 759 3130 Colonias
786 3071 1063 3127 deduxere
1094 3070 1347 3127 Romani.
1707 3074 1849 3131 i985
1892 3056 1897 3061 ’

498 3160 526 3197 c
550 3149 829 3214 Augustus
868 3142 1222 3211 triumphavit
1248 3158 1346 3213 pe-
1706 3145 1847 3201 i986

428 3213 632 3270 destris
651 3213 655 3214 ⁷
676 3213 997 3268 certaminis
1049 3214 1348 3283 triumpho.

2025 3076 2097 3132 i9

2023 3147 2098 3202 20

2344 3078 2382 3132 9
2598 3080 2669 3134 li

2346 3150 2381 3204 5
2598 3152 2667 3205 15

496 3326 715 3382 Nicetes
732 3335 786 3383 et
806 3325 1053 3399 Hybreas
1084 3327 1182 3398 lal.
1215 3326 1488 3399 Tybreas]
1532 3334 1586 3381 et
1609 3326 1956 3392 Theodorus,
1984 3335 2041 3383 et
2074 3327 2255 3387 Plutio
2285 3330 2616 3390 nobilissimi
2649 3335 2786 3392 artis
2817 3336 3106 3395 rhetoricae
3131 3338 3304 3396 Graeci
3332 3351 3705 3416 praeceptores

426 3421 717 3477 habentur.

425 3606 651 3676 Δαρεῖον
678 3601 1031 3667 ἀνανεώσεως
1061 3602 1155 3656 τοῦ
1200 3601 1368 3676 ίεροῦ,
1406 3602 1548 3657 κατὰ
1577 3601 1676 3673 τὴν
1709 3603 2009 3676 ἑξηκοστὴν

424 3699 520 3752 καὶ
550 3696 807 3768 πέμπτην
850 3696 1205 3767 Ὀλυμπιάδα,
1227 3696 1489 3769 λήξαντες
1513 3696 1571 3749 δὲ
1594 3697 1688 3751 ἐπὶ
1720 3690 2007 3767 Ὑρκανὸν,

422 3792 522 3845 ἐπὶ
550 3792 650 3863 τῆς
681 3798 810 3863 ρπς*
856 3789 1236 3861 Ὀλυμπιάδος*
1267 3790 1335 3844 τὰ
1362 3790 1418 3843 δὲ
1447 3789 1649 3862 μεταξὺ
1680 3790 1884 3844 τούτων
1916 3807 2010 3860 γε·

424 3887 615 3942 νέσθαι
661 3886 757 3956 ἔτη
805 3891 954 3954 υπγ’,
980 3885 1155 3940 ὁπόσα
1182 3885 1246 3957 δὴ
1279 3887 1312 3957 ή
1345 3886 1436 3940 τοῦ
1472 3886 1672 3959 Δανιὴλ
1704 3887 2007 3960 προφητεία

427 3976 673 4043 θεσπίζει
708 3979 961 4045 λέγουσα·
994 3977 1105 4032 Καὶ
1148 3977 1351 4048 γνώσῃ
1401 3981 1497 4033 καὶ
1547 3979 1842 4047 συνήσεις
1887 3979 2007 4035 ἀπὸ

427 4071 644 4137 ἐξόδου
674 4071 860 4142 λόγου
888 4070 995 4125 τοῦ
1024 4071 1439 4141 ἀποκριθῆναι,
1488 4073 1587 4128 καὶ
1633 4074 1741 4128 τοῦ
1781 4074 2009 4129 οἰκοδο-

428 4161 619 4235 μῆσαι
662 4160 1071 4232 Ἰερουσαλὴμ,
1108 4163 1222 4230 ἕως
1255 4166 1510 4233 Χριστοῦ
1540 4168 1879 4237 ἡγουμένου
1914 4169 2007 4223 ἐϐ-

429 4254 684 4324 δομάδες
716 4254 866 4309 ἑπτὰ
912 4256 1013 4309 καὶ
1063 4254 1382 4325 ἐϐδομάδες
1410 4257 1515 4322 £6".
1559 4252 1728 4312 Αὗται
1761 4262 1815 4313 αἱ
1851 4260 2007 4315 ὲννὲα

428 4345 524 4400 καὶ
569 4340 831 4417 ἑξήκοντα
876 4346 1167 4417 ἐϐδομάδες
1212 4347 1591 4421 συμπληροῦσι
1634 4350 1824 4423 χρόνον
1870 4351 2007 4405 ἐτῶν

427 4442 575 4505 υπγ¹·
609 4438 779 4490 ὁπόσα
805 4435 898 4509 ἔτη
932 4437 1190 4507 τυγχάνει
1236 4438 1339 4508 τῆς
1384 4439 1562 4510 ἀρχῆς
1605 4439 1716 4493 τῶν
1766 4439 2005 4513 χριστῶν

426 4527 765 4601 ἡγουμένων·
814 4524 889 4583 ὧν
936 4529 1244 4584 τελευταίου
1298 4530 1568 4602 Ὑρκανοῦ
1618 4530 1727 4586 ἀπὸ
1776 4532 2009 4605 Πάρθων

426 4619 772 4691 αἰχμαλώτου
810 4620 1125 4692 ληφθέντος,
1162 4622 1191 4673 ό
1234 4619 1478 4693 Ἡρώδης
1508 4621 1604 4675 τοῦ
1651 4624 2006 4694 Ἀντιπάτρου

372 4716 375 4719 ’
430 4712 598 4784 μηδὲν
640 4714 1021 4784 προσήκουσαν
1066 4712 1214 4785 αὐτῷ
1257 4713 1356 4786 τήν
1402 4714 1509 4769 τῶν
1559 4715 1827 4769 Ἰουδαίων
1855 4715 2009 4787 βασι-

425 4803 577 4860 λείαν
608 4806 713 4859 ὑπὸ
751 4806 1062 4875 Αὐγούστου
1105 4807 1199 4861 καὶ
1232 4805 1535 4878 συγκλήτου
1575 4808 1862 4879 Ῥωμαίων
1903 4828 2008 4864 πα-

429 4896 784 4969 ραλαμόάνει’
835 4899 1072 4953 κᾶπειτα
1120 4901 1169 4952 οἱ
1219 4899 1410 4953 τούτου
1458 4899 1647 4964 παῖδες
1697 4902 1858 4974 μέχρι
1908 4904 2009 4976 τῆς

428 4991 670 5061 ὑστάτης
712 4990 1098 5064 Ἱεροσολύμων
1127 4992 1461 5063 πολιορκίας·
1493 4994 1593 5048 οὐκ
1624 4994 1703 5049 ἔτι
1734 4997 1782 5049 οί
1806 4998 1870 5049 ὲκ
1894 4996 2011 5051 δια-

426 5083 588 5154 δοχῆς
614 5082 706 5137 τοῦ
738 5084 1009 5156 ἱερατικοῦ
1040 5085 1229 5154 γένους
1260 5086 1482 5156 ἱερῶντο
1510 5085 1589 5158 τῷ
1611 5087 1750 5158 Θεῷ,
1783 5087 1904 5141 οὐδὲ
1922 5088 2009 5143 διὰ

430 5174 547 5245 βίου
578 5174 720 5229 κατὰ
748 5176 839 5229 τὸν
873 5177 1153 5242 Μωῦσέως
1185 5177 1369 5249 νόμον
1408 5177 1612 5249 ἄσημοι
1644 5178 1702 5231 δέ
1733 5196 1879 5243 τινες
1909 5178 2006 5234 ἄλ-

428 5267 549 5320 λοτε
574 5267 741 5322 ἄλλοι·
767 5269 861 5322 καὶ
881 5270 932 5323 oi
962 5271 1060 5342 μὲν
1080 5269 1362 5335 ἐνιαύσιοι,
1387 5272 1437 5325 oi
1454 5270 1510 5325 δὲ
1527 5271 1605 5325 ἔτι
1634 5271 1800 5343 ὀλίγῳ
1821 5271 2002 5337 πλέον,

428 5363 579 5434 παρὰ
608 5363 716 5415 τῶν
762 5363 1085 5433 Ἰῖωμαῖκῶν
1111 5363 1431 5436 ἡγουμένων
1467 5364 1568 5437 τὴν
1597 5363 2006 5436 ἀρχιερωσύνην

426 5452 738 5519 ἑξωνοῢντο.

509 5544 756 5619 Ἡρώδης
802 5548 1159 5620 Ἀντιπάτρου
1202 5548 1295 5603 τοῦ
1340 5547 1738 5602 Ἀσκαλωνίτου
1775 5549 1870 5602 καὶ
1908 5564 2007 5620 μη-

426 5634 556 5704 τρὸς
580 5635 857 5708 Κύπριδος
899 5624 1229 5713 Ἀραϐίσσης
1261 5639 1413 5694 οὐδὲν
1441 5641 1591 5712 αύτῳ
1624 5641 2018 5712 προσήκουσαν

428 5723 529 5793 τὴν
563 5725 831 5782 Ἰουδαίων
862 5728 1140 5798 βασιλείαν
1170 5729 1277 5783 ὑπὸ
1306 5730 1593 5801 Ῥωμαίων
1619 5728 2002 5803 ἐγχειρίζεται,

432 5814 553 5866 καθ’
583 5814 642 5869 ὃν
672 5814 772 5886 τῆς
799 5816 891 5870 τοῦ
922 5819 1158 5888 Χριστοῦ
1186 5821 1491 5891 γεννήσεως
1516 5820 1939 5887 πλησιαζούσης,
1966 5823 1999 5891 ή

2118 3608 2182 3660 ὲκ
2209 3608 2474 3677 προγόνου
2505 3609 2744 3683 διαδοχὴ,
2784 3614 3164 3687 ἀρχιερωσύνη
3188 3635 3249 3671 τε
3280 3620 3373 3673 καὶ
3413 3621 3554 3695 ἀρχὴ
3588 3623 3701 3675 τῶν

2130 3698 2397 3753 Ἰουδαίων
2461 3702 2753 3773 κατελύθη,
2819 3707 3315 3781 συμπληρουμένης
3380 3713 3483 3785 τῆς
3547 3717 3699 3788 παρὰ

2115 3791 2320 3863 Μωῦσῇ
2360 3792 2623 3867 λεγούσης
2651 3801 3005 3872 προφητείας
3043 3804 3164 3856 Οὐκ
3196 3803 3465 3873 ἐκλείψει
3496 3805 3698 3878 ἄρχων

2112 3882 2182 3947 ἐξ
2233 3884 2437 3948 Ἰούδα,
2486 3888 2585 3941 καὶ
2624 3888 2825 3960 ἄρχων
2856 3894 2925 3946 ἐκ
2960 3894 3078 3948 τῶν
3102 3896 3312 3965 μηρῶν
3339 3898 3545 3961 αὐτοῦ,
3585 3900 3700 3966 ἕως

2113 3973 2191 4028 ἂν
2211 3977 2360 4046 ἔλθῃ
2382 3970 2431 4045 ᾦ
2452 3980 2780 4048 ἀπόκειται,
2805 3985 2903 4038 καὶ
2925 3985 3109 4054 αὐτὸς
3129 3991 3464 4057 προσδοκία
3483 3992 3694 4046 ἐθνῶν.

2124 4068 2281 4141 Ἑξῆς
2308 4071 2364 4124 δὲ
2397 4073 2425 4125 ό
2459 4073 2655 4145 Δανιὴλ
2686 4078 3019 4150 προφητεύει
3044 4078 3237 4148 λέγων’
3272 4083 3379 4136 Kal
3408 4084 3561 4153 μετὰ
3587 4084 3697 4151 τὰς

2109 4158 2155 4223 ζ’
2186 4162 2284 4216 καὶ
2318 4163 2403 4228 ξδ’
2432 4164 2764 4236 ἑϐδομάδας
2788 4169 3382 4241 ἐξολοθρευθήσετιιι,
3423 4176 3523 4230 καὶ
3566 4178 3697 4247 χρί-

2110 4270 2236 4324 σμα
2262 4260 2372 4310 οὐκ
2391 4257 2565 4312 ἔσται
2587 4260 2657 4312 ἐν
2676 4261 2857 4328 αὐτῷ,
2887 4264 2988 4318 καὶ
3014 4266 3082 4320 τὸ
3116 4268 3275 4335 ἱερὸν
3306 4269 3406 4323 καὶ
3434 4269 3501 4323 τὸ
3524 4269 3695 4340 ἅγιον

2110 4346 2412 4418 διαφθερεῖ
2432 4351 2583 4417 λαὸς
2606 4354 2944 4424 ἡγουμένου
2989 4357 3345 4428 ἐρχομένου,
3383 4360 3482 4415 καί
3516 4361 3698 4429 κοπήο

2110 4454 2321 4493 σονται
2348 4441 2421 4494 ἐν
2464 4444 2871 4513 κατακλυσμῷ
2915 4447 3203 4519 πολέμου·
3245 4452 3340 4505 καὶ
3380 4451 3509 4522 ἑξῆς
3539 4469 3693 4523 φησιο

2110 4532 2222 4586 Kal
2249 4533 2349 4587 ἐπὶ
2395 4534 2462 4589 τὸ
2508 4536 2671 4605 ἱερὸν
2691 4537 3008 4611 ,βδέλυγμα
3045 4541 3166 4596 τῶν
3194 4543 3567 4612 ἑρημὼσεων,
3597 4544 3695 4620 καὶ

2110 4626 2217 4692 ἕως
2248 4629 2605 4696 συντελείας
2642 4630 2851 4698 καιροῦ
2891 4632 3212 4686 συντέλεια
3246 4632 3567 4700 δοθήσεται
3593 4634 3693 4689 ἐπὶ

2110 4718 2228 4788 τὴν
2247 4719 2571 4789 ἐρήμωσιν.
2597 4720 2758 4793 Sync.
2784 4738 2836 4793 p.
2866 4724 2990 4788 509,
3018 4724 3143 4780 510.

2183 4826 2217 4864 a
2246 4809 2368 4862 Τῶν
2414 4812 2567 4884 παρὰ
2627 4813 2902 4880 Ἰουδαίοις
2956 4816 3258 4889 ἀρχιερέων
3310 4816 3689 4881 ἐκλειπόντων,

2123 4903 2369 4977 Ἡρώδης
2416 4905 2712 4976 ἀλλόφυλος
2773 4906 3066 4978 βασιλεύει.
3128 4907 3325 4965 Chron.
3391 4911 3571 4978 pasch.
3634 4924 3689 4978 ρ.

2113 4996 2237 5062 189,
2275 4996 2344 5051 Α.

2184 5084 2213 5138 b
2263 5084 2526 5159 Ἡρώδης,
2574 5087 2859 5161 Ἀνάνηλόν
2894 5108 3013 5144 τινα
3054 5090 3548 5162 μεταπεμψάμενος
3584 5090 3692 5145 ἀπὸ

2112 5176 2449 5243 Βαϐυλῶνος,
2494 5179 2773 5234 Ἰουδαίων
2813 5182 3077 5255 ἀρχιερέα
3118 5181 3426 5253 καθίστησι.
3466 5183 3600 5237 Μετ’
3628 5183 3690 5234 ού

2114 5271 2249 5325 πολὺ
2287 5271 2365 5335 δὲ,
2410 5270 2596 5326 τοῦτον
2637 5271 2869 5338 παύσας,
2912 5274 3314 5346 Ἀριστόϐουλον
3344 5274 3435 5327 τὸν
3465 5273 3691 5342 ἀδελφὸν

2110 5365 2211 5435 τῆς
2253 5364 2445 5417 ἑαυτοῦ
2492 5366 2769 5434 γυναικὸς,
2812 5366 2928 5419 υἱὸν
2968 5366 3096 5419 ὅντα
3145 5364 3437 5437 Ὑρκανοῦ,
3468 5366 3562 5419 ἐπὶ
3591 5364 3690 5436 τὴν

2111 5456 2276 5528 τιμὴν
2309 5457 2559 5527 προάγει.
2609 5459 2886 5511 Ἐνιαυτοῦ
2912 5458 2970 5511 δὲ
2993 5457 3397 5527 διαγενομένου,
3430 5457 3592 5512 πάλιν
3612 5455 3690 5528 τῷ

2125 5546 2400 5618 Ἀνανήλφ
2459 5548 2771 5615 ἀποδίδωσι,
2838 5549 2930 5602 τὸν
3001 5548 3057 5601 Ἀ
3067 5548 3410 5620 ριστόὼυλον
3461 5546 3688 5603 ἀνελών.
3778 5590 3788 5600 .

2113 5637 2263 5694 Idem
2294 5653 2348 5709 ρ.
2376 5640 2500 5706 190,
2531 5640 2597 5707 Β,
2625 5650 2677 5695 et
2704 5640 2862 5713 Sync.
2890 5656 2943 5709 ρ.
2974 5640 3101 5704 511,
3137 5640 3189 5695 D

2181 5748 2209 5785 c
2240 5731 2548 5801 Αὔγουστος
2593 5734 2756 5798 πεζὸν
2790 5731 3159 5804 ἐθριάμϐευσε
3197 5732 3486 5806 θρίαμϐον.
3522 5730 3686 5804 Sync.

2106 5837 2157 5890 p.
2190 5822 2315 5884 δοες,
2343 5822 2408 5877 ο.
