4142 6400
509 402 616 458 ΕΩἸ

1219 371 1487 451 Boston
1524 388 2010 448 cmsamnnsns
2048 385 2198 444 opp.
2242 383 2424 440 rans
2476 385 2521 440 ι.
2562 413 2634 424 -
2671 379 3061 439 HISTORICA.

3661 376 3766 434 528

521 535 3745 584 ΝΜ

1602 647 1794 688 οιγιιι».
1861 643 2102 684 ΔΒΒΑΠΑ·

1933 715 2036 754 IUS

1597 941 1810 955 *-
1881 938 2093 952 _—
2163 935 2301 950 η’
2306 937 2377 949 -ι
2445 933 2517 946 —
2521 935 2656 948 ——-

581 1021 609 1074 ὸ
659 1010 940 1091 Augustus
983 1000 1291 1073 Calabriam
1325 1021 1380 1068 et
1411 1009 1594 1065 Gallos
1915 999 2054 1055 1995

507 1090 800 1162 vectigales
838 1090 988 1144 facit.

2202 642 2316 682 JUD.
2486 639 2618 680 BOI.

2176 766 2355 822 Hero-
2463 765 2645 835 Augu-

2199 839 2296 893 des
2493 846 2611 891 stus

2235 998 2305 1054 10
2516 996 2588 1051 20
2837 1011 2870 1048 a
2895 994 3108 1050 Marcus
3131 992 3335 1048 Lollius
3363 990 3630 1047 Galatiam
3659 989 3772 1047 Ro-

2754 1080 2971 1120 manam
3005 1063 3342 1136 provinciam
3381 1062 3529 1117 facit.

579 1183 884 1254 Quintilius
914 1176 1303 1237 Cremonensis
1333 1171 1546 1242 Virgilii
1573 1175 1628 1224 et
1657 1165 1870 1222 Horatii
1906 1165 2117 1220 amicus
2145 1164 2396 1219 moritur.

1914 1261 2054 1316 1994

1904 1402 2042 1459 1995

1043 1279 1120 1348 R.
1175 1274 1550 1348 DCCXXX.

577 1435 606 1501 ς
648 1417 932 1500 Augustus
970 1414 1273 1486 Cyzicenos
1295 1411 1548 1466 libertate

510 1501 767 1560 privavit.

2233 1258 2296 1313 11
2509 1256 2577 1310 21
2795 1271 2821 1308 c
2848 1252 3150 1323 Augustus,
3201 1265 3326 1306 cum
3367 1250 3416 1306 ei
3455 1249 3774 1304 monarchia

2739 1324 3057 1386 deferretur,
3084 1325 3281 1378 renuit.

2227 1399 2297 1453 12
2509 1396 2580 1451 22
2799 1395 2833 1447 d
2867 1393 3120 1449 Tiberius
3166 1394 3233 1447 ab
3279 1394 3524 1463 Augusto
3571 1390 3775 1445 missus

2732 1466 3022 1535 occupavit
3049 1463 3385 1519 Armeniam.

587 1585 817 1658 Pylades
840 1623 856 1650 ,
889 1582 1030 1639 Cilix
1061 1581 1451 1652 pantomimus,
1489 1588 1615 1629 cum
1641 1579 1853 1626 veteres
1890 1567 1994 1638 ipsi
2022 1573 2282 1621 canerent
2311 1573 2472 1636 atque
2501 1562 2783 1625 saltarent,
2817 1561 3027 1631 primus
3058 1556 3243 1613 Romae
3275 1557 3503 1613 chorum
3534 1563 3589 1611 et
3621 1554 3772 1612 ﬁstu-

511 1679 622 1732 lam
654 1677 756 1732 sibi
788 1676 1089 1748 priecinerc
1119 1671 1266 1726 fecit.

584 1773 612 1837 f
633 1771 890 1828 Cantabri
941 1785 1031 1825 res
1071 1779 1242 1822 novas
1278 1760 1564 1818 molientes
1678 1759 1814 1828 190
1924 1749 2063 1806 1996

514 1845 919 1914 Opprimuntnr.

2241 1747 2308 1802 15
2519 1746 2591 1800 25
2812 1761 2845 1815 g
2873 1743 3112 1799 Herodes
3151 1741 3294 1814 apud
3345 1739 3775 1815 Hierosolymam

2737 1809 2938 1896 multas
2964 1824 3039 1896 _et
3071 1809 3304 1892 inag'nas
3345 1811 3488 1866 aedes
3525 1809 3775 1881 publicas

2731 1892 3022 1941 construit.

585 2004 891 2066 Atratinus,
930 2002 1022 2072 qui
1056 1995 1448 2071 septemdecim
1475 2005 1650 2048 annos
1677 1996 1840 2044 natus
1868 1983 2094 2039 Caelium
2124 1984 2503 2042 accusaverat,
2535 1978 2718 2032 clarus
2756 1979 2898 2031 inter
2923 1985 3169 2030 oratores
3201 1973 3453 2030 habetur.
3487 1971 3571 2027 Ad
3597 1981 3777 2029 extre-

518 2113 690 2157 mum.
726 2067 1042 2150 morborum
1077 2067 1238 2146 taedio
1263 2088 1320 2142 in
1343 2085 1538 2141 balneo
1562 2081 1842 2137 voluntate
1871 2074 2234 2136 exanimatus,
2267 2067 2535 2123 haeredem
2567 2068 2788 2138 reliquit
2818 2067 3147 2138 Augustum.

587 2191 623 2244 Ιι
664 2190 945 2261 Augustus
998 2186 1200 2242 Samiis
1249 2183 1560 2238 libertatem

518 2260 714 2388 deihlfn
765 2329 945 2402 Cypro
988 2322 1558 2402 plurimagpivitatum

521 2410 704 2474 partes
732 2397 1048 2458 ter'raemotu
1084 2397 1462 2453 conciderunt.

2233 2302 2302 2358 15
2513 2301 2584 2360 25
2797 2305 2828 2358 It
2853 2302 3155 2359 Germanos
3179 2303 3234 2356 in
3254 2317 3406 2356 arma
3424 2316 3614 2358 versos
3639 2299 3780 2356 Mar-

2737 2390 2837 2431 cus
2875 2375 3081 2429 Lollius
3111 2381 3354 2442 superat.

557 2496 854 2569 .Virgilius
901 2494 1198 2550 Brundusii
1245 2491 1498 2556 moritur,
1554 2485 1744 2542 Sentio
1787 2478 2084 2536 Saturnino
2131 2483 2184 2530 et
2228 2471 2485 2528 Lucretio
2523 2469 2702 2524 Cinna
2749 2467 3090 2524 consulibus.
3139 2464 3280 2520 Ossa
3323 2464 3443 2536 ejus
3497 2461 3778 2534 Neapolim

520 2593 785 2649 translata
823 2593 878 2646 in
909 2588 1150 2646 secundo
1179 2587 1246 2643 ab
1275 2585 1409 2642 urbe
1441 2555 1698 2640 milliaria
1746 2573 2106 2646 sepeliuntur,
2146 2568 2306 2625 titulo
2350 2563 2669 2636 hujusmodi
2717 2561 3115 2634 suprascripto,
3166 2575 3326 2632 quem
3373 2560 3490 2628 ipse
3539 2555 3783 2612 moriens

522 2691 822 2747 dictaverat
845 2706 857 2741 :

1365 2791 1594 2847 Mantua
1623 2805 1702 2843 me
1734 2785 1930 2855 genuit,
1964 2778 2184 2855 Calabri
2219 2792 2463 2846 rapuere,
2499 2782 2633 2855 tenet
2663 2788 2800 2828 nunc

1473 2846 1804 2926 Parthenope
1834 2871 1850 2908 :
1885 2852 2048 2909 cecini
2075 2865 2296 2920 pascua,
2335 2863 2485 2911 rura,
2521 2846 2701 2899 duces.

591 3057 832 3117 Herodes
861 3052 1186 3116 Samariam,
1219 3049 1349 3104 olim
1371 3046 1484 3115 jam
1527 3043 1584 3097 in
1613 3041 1894 3097 cineribus
1924 3037 2226 3099 sedentem,
2252 3049 2282 3088 a
2312 3028 2680 3086 fundamentis
2706 3026 3002 3090 suscitans,
3021 3023 3076 3078 in
3105 3022 3366 3078 honorem
3386 3005 3638 3090 Augusti,
3665 3017 3781 3072 Au-

521 3163 757 3222 gustam,
786 3148 838 3202 id
873 3151 958 3201 est
991 3139 1316 3200 Sebastiam,
1349 3109 1637 3205 appellavit
1666 3151 1679 3186 :
1711 3141 1765 3186 et
1795 3131 1850 3184 in
1888 3125 2161 3190 Paneade,
2197 3123 2253 3178 id
2297 3121 2446 3194 quod
2496 3119 2708 3174 Panion
2742 3125 2988 3184 vocatur,
3032 3114 3302 3170 exstruxit
3341 3131 3354 3166 :
3391 3117 3444 3165 et
3481 3111 3536 3163 in
3567 3109 3782 3163 civitate

523 3248 874 3304 Paniotarum
906 3236 1128 3292 Silvano
1167 3228 1430 3300 templum
1457 3224 1770 3282 mdiﬁcavit.

593 3339 612 3394 t
647 3327 901 3393 Tiberius
928 3330 1110 3384 Caesar
1145 3323 1448 3394 appellatus
1479 3325 1580 3374 est.
1684 3365 1706 3394 Α
1727 3363 1804 3394 Μ

1680 3363 1805 3433 191
1927 3363 2071 3436 eoeo

2248 3307 2315 3361 16
2531 3305 2601 3357 26

2255 3378 2317 3434 l7
2532 3375 2604 3428 27

591 3474 794 3558 Varius
833 3505 889 3553 et
929 3494 1113 3549 Tucca
1150 3483 1366 3558 Virgilii
1395 3457 1448 3538 et
1477 3479 1688 3536 Horatii
1713 3472 2133 3534 contubernales
2163 3477 2337 3541 poetae
2361 3467 2634 3524 habentur
2663 3464 2904 3520 illustres
2934 3481 2946 3518 :
2984 3461 3078 3532 qui
3107 3458 3362 3528 xEneidos
3397 3464 3585 3528 postea
3613 3454 3783 3510 libros

521 3593 977 3656 emendaverunt,
1020 3587 1123 3643 sub
1154 3597 1220 3639 ea
1249 3581 1367 3648 lege
1402 3583 1461 3630 ut
1488 3573 1628 3629 nihil
1663 3569 1947 3627 adderent.

597 3709 648 3746 m
718 3690 1000 3758 Augustus
1059 3679 1251 3735 Caium
1306 3674 1604 3744 Agrippam
1921 3659 2059 3714 2001

525 3754 830 3832 ιόοβιονί(
843 3758 900 3832 in
912 3754 1118 3832 lilium;

595 3797 1428 3925 gnra;'ngzgqvmﬁas
1455 3815 1613 3881 poeta
1930 3797 2076 3925 ἓξὲξ

525 3888 746 3963 in'Asia
776 3897 1020 3954 nascitur
1051 3899 1105 3948 et
1138 3888 1390 3944 moritur.

595 4042 816 4102 Cestius
861 4036 1196 4107 Smyrnaens_
1215 4023 1618 4107 Latinam}?-

527 4078 1613 4175 mé’ciia'euilri'c'iiﬁ“mhi—BQC)“,
1697 4089 1836 4160 192
1944 4078 2088 4136 2004

526 4187 735 4245 docuit.
829 4227 838 4236 .

599 4430 633 4466 a
662 4409 881 4469 Λόλλιος
927 4399 1152 4472 Μάρκος
1217 4389 1508 4461 Ῥωμαίοις
1553 4379 1821 4437 Γαλατίαν
1867 4373 2106 4444 ἐπεκτή·

530 4521 680 4562 σατο.
713 4501 875 4572 Sync.
901 4511 954 4565 ρ.
984 4493 1110 4556 515,
1147 4487 1212 4544 C.
1484 4565 1485 4568 η

599 4597 629 4651 b
657 4562 964 4663 Αΰγουστνος
991 4582 1210 4654 Καῖσαρ
1234 4565 1554 4646 Καλαϐρίαν
1588 4569 1684 4623 καὶ
1701 4564 1945 4624 Γαλάτας
1968 4562 2103 4612 ύπο-

599 4981 634 5034 d
691 4977 944 5048 Τιϐέριος
1012 4969 1296 5043 Ἀρμενίαν
1354 4962 1648 5032 Αὐγούστῳ
1706 4954 2107 5028 παρεστήσατο.

530 5073 756 5130 Ibidem.

597 5202 628 5242 ο
653 5182 959 5253 Αὔγουστος
974 5172 1298 5246 Κυζικηνῶν
1314 5169 1496 5224 ἐλευθε
1507 5167 1626 5240 ρίαν
1652 5162 1932 5234 άφείλατο.
1961 5156 2104 5212 Ibid.

602 5299 631 5371 ι’
653 5294 967 5365 Κάνταϐροι
1006 5289 1396 5350 στασιάσαντες
1433 5281 1824 5353 διεφθάρησαν.
1865 5275 2023 5346 Sync.
2053 5289 2106 5343 ρ.

531 5393 659 5458 515,
688 5390 748 5447 (3.

600 5526 634 5580 g
673 5505 918 5578 Ἡρώδης
961 5505 1019 5556 ἐν
1065 5497 1458 5572 Ἱεροσολύμοις
1500 5494 1728 5547 πλεῖστα
1763 5487 1857 5543 καὶ
1899 5485 2109 5557 μεγάλα

530 5600 765 5655 ἔκτισεν*
796 5601 825 5651 ὁ
855 5595 1016 5659 αὐτὸς
1055 5594 1112 5646 δὲ
1147 5593 1241 5646 καὶ
1278 5590 1377 5660 τὴν
1406 5587 1572 5640 πάλαι
1607 5583 1918 5654 Σαμάρειαν
1943 5594 2107 5631 κατε-

534 5693 862 5768 ρειπομένην
897 5694 961 5745 ἐκ
1009 5685 1270 5758 θεμελίων
1302 5683 1542 5753 ἐγείρας,
1581 5680 1659 5741 είς
1685 5675 1850 5747 τιμὴν
1880 5671 1973 5727 τοῦ
2007 5673 2107 5724 Σε-

532 5762 733 5840 ϐαστοῦ
758 5762 1064 5850 Αύγούστου
1091 5773 1364 5844 Σεϐαστὴν
1381 5769 1689 5840 ὠνόμασεν·
1722 5767 1780 5820 ἐν
1802 5763 2024 5818 Πανιάδι
2050 5762 2107 5815 δέ

529 5879 592 5951 τὸ
620 5876 818 5932 Πάνιον
841 5869 1263 5928 κατεσκεύασεν.
1297 5862 1492 5922 Chron.
1524 5861 1706 5932 pasch.
1733 5875 1784 5930 ρ.
1819 5857 1940 5923 195,
1971 5855 2034 5911 Β.

2245 3655 2314 3709 18
2527 3649 2598 3704 28
2813 3666 2850 3706 n
2899 3647 3138 3704 Coloniae
3183 3645 3436 3717 Berytum
3485 3648 3540 3697 et
3589 3639 3784 3695 Patras

2743 3719 2842 3791 [at.
2870 3717 3121 3791 Pataras]
3152 3717 3418 3791 deductae.

2255 3795 2320 3850 19
2531 3793 2602 3866 29
2744 3781 2763 3791 “
2815 3807 2845 3843 ο
2875 3781 3472 3866 ΙΞ-οερῑιριῖωῃᾼειοῖρρο
3495 3781 3660 3866 capit.

2251 3866 2323 3920 20
2536 3864 2606 3920 50
2815 3876 2849 3928 p
2885 3857 3137 3915 Tiberius
3179 3857 3513 3928 Vindelicos,
3563 3858 3618 3906 et
3667 3865 3784 3916 eos,

2789 3925 2840 3983 u'i
2877 3930 3253 3998 .Thraciarum
3293 3925 3550 3998 confines
3607 3929 3789 3986 erant,

2797 3994 3023 4055 ornanas
3064 3997 3373 4068 provincias
3413 3994 3564 4048 facit.

2829 4089 2859 4141 q
2912 4057 3188 4140 Augustus
3221 4083 3263 4141 _a
3313 4074 3504 4122 senatu
3543 4057 3784 4134 pontifex

2754 4139 3025 4196 maximus
3059 4139 3378 4212 appellatur.

2263 4077 2328 4132 21
2545 4074 2610 4130 51

2293 4373 2325 4426 Ii
2349 4371 2659 4441 Αὔγουστος
2702 4368 2924 4439 Σαμίοις
2977 4366 3286 4437 ἐλευθερίαν
3315 4361 3608 4434 παρέσχεν.
3640 4356 3782 4411 Idem

2254 4507 2266 4521 .
2301 4464 2427 4521 515.
2453 4463 2516 4518 C.

2254 4507 2266 4521 .
2303 4481 2427 4531 om,
2453 4481 2516 4518 ιλ.

2212 4481 2247 4535 Ρ
2287 4559 2306 4612 i
2338 4553 2568 4627 Σεισμὸς
2617 4552 2842 4624 Κύπρου
2891 4547 3058 4604 πολλὰ
3107 4547 3246 4619 μέρη
3279 4545 3643 4599 κατέπτωσεν.
3674 4537 3784 4594 Ιὸὶι

2213 4651 2350 4706 dem.

2285 4745 2316 4798 Ic
2347 4740 2660 4815 Γερμανοὺς
2709 4732 3114 4806 κατεστρέψατο
3161 4697 3378 4788 Λόλλιος
3408 4721 3632 4793 Μάρκος
3659 4733 3780 4772 νεωο

2211 4825 2553 4910 τερίσαντας.
2592 4829 2742 4885 Idem
2774 4843 2826 4898 p.
2857 4825 2981 4890 $5M,
3017 4822 3085 4876 Α.

2287 4898 2307 4980 ί
2335 4924 2582 4995 Τιϐέριος
2610 4896 2826 4988 Καῖσαρ
2854 4910 3216 4984 ἀνηγορεύθη.
3253 4905 3400 4995 Idem
3518 4899 3644 4965 515,

2284 5023 2338 5071 m
2370 4981 2676 5082 Αὔγουστος
2704 4981 2863 5062 Γάέον
2913 4981 3220 5073 Ἀγρίππαν
3261 4991 3630 5060 υίοθετήσατο.
3674 4981 3786 5036 Ibi;

2214 5113 2355 5166 dem.

2283 5243 2318 5280 η
2357 5221 2637 5281 Ἀποικίας
2687 5219 2766 5280 είς
2817 5213 3038 5283 Πάτρας
3092 5205 3184 5262 καὶ
3231 5201 3470 5272 Βήρυτον
3530 5189 3786 5262 Ῥωμαῖοι

2213 5315 2547 5386 ἐξέπεμψαν.
2585 5309 2735 5365 Idem
2759 5324 2813 5376 p.
2836 5306 2960 5369 3M,
2990 5306 3050 5356 A.

2284 5450 2313 5487 ο
2359 5428 2666 5501 Ἀγρίππας
2692 5423 2966 5492 Βόσφορον
2997 5409 3348 5485 ἐχειρώσατο.
3383 5401 3609 5462 Ibidem,
3641 5396 3704 5450 Β.

2284 5567 2317 5621 p
2344 5547 2594 5617 Τιϐέριος
2643 5541 2862 5607 Καῖσαρ
2909 5524 3222 5621 Ούῖνδικοίνς
3267 5519 3366 5621 καὶἒ
3407 5515 3532 5577 τοὺς
3565 5507 3788 5621 fama;

2219 5596 2653 5718 m'piiédaéug
2679 5634 2746 5704 τῇ
2774 5596 2964 5700 Θρᾴκῃ
2989 5617 3272 5683 ὑπέταξεν.
3302 5611 3450 5665 Idem
3483 5621 3534 5675 p.
3565 5601 3688 5665 315,
3717 5596 3787 5652 υ.

2287 5709 2317 5823 ᾇ
2352 5709 2658 5818 Αὓγγουστυς
2692 5741 2864 5815 μέγας
2898 5729 3186 5805 ἀρχιερεὺς
3220 5715 3515 5795 ἐψηφίσθη.
3556 5709 3700 5766 Idem
3733 5721 3788 5775 ρ.

2216 5848 2339 5913 514,
2374 5844 2452 5911 3.,
3507 5847 3510 5851 λ
