4142 6400
383 375 483 432 Sil
1598 377 2102 437 CHRONICOBUM
2130 380 2260 439 LIB.
2295 382 2361 439 II.
3524 389 3632 449 521

388 523 3618 567 -ρ-δ-ῢ-ῌ--ῇ--ᾠ--ᾠ--η--α--ᾑῇ

1335 633 1529 675 οιῑιρ.
1598 635 1837 675 ΔΒΒΑΗΔ·
1896 638 2080 678 EGYPT
2090 664 2103 677 .
2226 639 2343 680 JUD.
2511 640 2641 681 ROI.

1669 705 1772 747 ms
1889 762 2120 833 Cleopa-
2182 763 2391 835 Hyrca-
2432 765 2715 837 Augustus

1960 840 2046 886 tra
2222 851 2330 891 nus
2996 904 3007 910 .

453 956 728 1048 Antonius
778 968 1070 1048 adversum
1111 970 1300 1041 Augu-
1332 932 1542 943 __
1611 932 1826 943 —_—
1896 932 2109 945 ﬂ
2181 932 2394 1032 ..ἧ-ί.
2736 977 3115 1037 AUGUSTUS
3161 980 3637 1048 OCTAVIANUS,

388 1040 1069 1128 stth‘Cafsarembellum
1096 1040 1299 1097 movet.
2410 1050 2572 1128 annis
2601 1064 2711 1112 LVI,
2747 1053 3042 1128 mensibus
3070 1070 3148 1116 γι,
3192 1069 3221 1107 a
3244 1071 3363 1128 quo
3392 1063 3446 1111 et
3475 1040 3637 1128 reges

415 1179 425 1192 .
464 1108 696 1193 Publius
738 1108 1149 1193 mimographus
1198 1128 1300 1167 na-
1679 1183 1803 1193 η--
2022 1176 2053 1193 ﬁ
2270 1186 2337 1193 ﬂ
2406 1108 2779 1193 Romanorum
2813 1121 3045 1193 Augusti
3082 1108 3355 1193 appellati.

386 1177 866 1279 :is'i§21':':‘is-
892 1177 979 1277 ιι.
1010 1177 1308 1279 'Dccx.
1673 1183 1810 1241 ωτι
2019 1196 2022 1237 έ

2019 1177 2056 1242 8
2267 1186 2339 1242 25
2590 1191 2617 1244 1
2725 1177 2994 1279 “Cicero
3020 1194 3082 1279 il'I‘
3111 1177 3401 1279 Formiano
3439 1197 3637 1279 suoab

378 1264 480 1334 mre
523 1265 743 1306 scenam
785 1258 866 1305 te-
893 1258 979 1277 *ι’
1051 1258 1308 1279 ννν⁴⁵⁹
2725 1259 3001 1316 Herennio
3040 1264 3308 1334 Pompilio
3364 1268 3639 1323 occiditur

380 1332 493 1375 net.
1340 1360 1347 1365 -
2726 1347 2855 1388 LXIV
2880 1335 3059 1389 aztatis
3087 1332 3202 1390 suae
3226 1350 3396 1392 anno.

454 1457 484 1512 ὁ
513 1456 598 1512 Ab
618 1458 741 1513 loco
770 1459 1095 1514 Antiochcni
1130 1475 1230 1516 sua
1257 1467 1504 1532 tempora
1534 1470 1875 1535 computant.

448 1550 717 1608 Laberius
756 1555 1047 1608 mimorum
1080 1555 1320 1626 scriptor
1337 1555 1549 1611 decimo
1578 1574 1767 1614 mense
1789 1568 1913 1630 post
1952 1560 2143 1617 Caium
2168 1561 2438 1620 Caesarem
2468 1562 2709 1620 Puteolis
2739 1563 2990 1618 moritur'

447 1647 730 1706 Ciceronis
752 1659 917 1722 caput
946 1665 1071 1705 cum
1105 1666 1271 1705 manu
1298 1650 1523 1708 dextera
1551 1669 1651 1725 pro
1680 1657 1880 1711 rostris
1910 1657 2153 1729 positum
2186 1644 2199 1713 ξ
2224 1658 2492 1731 juxtaque
2527 1667 2792 1715 coronata
2820 1644 3077 1730 Pompilii
3095 1645 3289 1715 militis
3310 1659 3511 1733 imago,
3540 1659 3640 1732 qui

376 1754 501 1796 eum
523 1738 821 1796 occiderat.
2420 1741 2425 1746 ’

322 1619 338 1647 ἲ

450 1876 680 1962 Qviqius
736 1874 884 1936 Naso
933 1880 1180 1937 nascitur
1230 1879 1289 1938 in
1650 1882 1793 1962 tals
1848 1852 1853 1857 ’
1987 1884 2041 1962 ἐξ
2253 1882 2330 1962 se
2572 1884 2608 1962 ξ
2742 1840 3342 1962 ⁸γίδῖυιιηΜειιῑητιιιηι
3379 1885 3637 1962 designa-

376 1946 643 2049 Pelignis;
703 2021 1121 2049 mum-“AM”
1206 2023 1257 2049 ’Δ
1388 1977 1525 2049 185
1655 1953 1795 2008 1976
1980 1955 2049 2009 10
2258 1954 2330 2009 27
2578 1955 2613 2009 ὃ
2722 1970 2834 2008 tum
2865 1946 3637 2049 quaestoremagpovitdoiui-

449 2020 664 2093 Cicero,
703 2028 762 2075 ut
792 2021 1124 2093 quibusdam
1169 2023 1290 2093 pla-
1400 2020 1525 2049 '°"
2726 2040 2832 2080 nus
2866 2020 3017 2084 suus,
3052 2033 3213 2093 atque
3243 2020 3492 2080 abduxit.

380 2092 936 2168 CCEilllQl‘ﬁgilUPdﬂ
989 2092 1215 2168 Caietis.
2792 2093 3045 2168 Secunda
3101 2092 3345 2168 secessio
3398 2096 3633 2168 Augusti

448 2159 1033 2234 Templalthodiorum
1055 2162 1299 2234 depopu-
2598 2190 2601 2193 λ
2705 2173 2763 2221 et
2795 2165 3022 2219 Antonii
3048 2165 3318 2221 consulis.

378 2230 527 2287 latus
554 2230 639 2288 est
666 2232 915 2289 Cassius.

454 2367 790 2423 Corniﬁcius
820 2376 983 2439 poeta
1014 2384 1043 2422 a
1074 2367 1344 2424 militibus
1376 2368 1630 2425 desertus
1661 2369 1889 2438 interiit,
1911 2386 2052 2442 quos
2110 2386 2253 2442 saepe
2277 2366 2545 2442 fngientes
2569 2364 2813 2441 galeatos
2856 2368 3071 2440 lepores
3108 2370 3427 2442 appellarat.
3457 2369 3636 2444 Hujus

330 2468 337 2474 '
376 2475 533 2517 soror
562 2459 879 2522 Corniﬁcia,
918 2461 1076 2531 cujus
1106 2461 1346 2525 insignia
1382 2470 1599 2517 exstant
1629 2464 2044 2535 epigrammata.

445 2551 510 2607 C.
544 2550 825 2607 Falcidius
849 2552 1105 2607 tribunus
1128 2552 1303 2623 plebis
1344 2553 1519 2623 legem
1549 2554 1691 2620 tulit,
1723 2570 1792 2610 ne
1821 2556 1944 2624 quis
1977 2560 2304 2612 testamento
2334 2553 2458 2623 plus
2489 2552 2714 2622 legaret,
2747 2564 2910 2620 quam
2937 2556 2997 2604 ut
3020 2557 3215 2620 quarta
3251 2566 3380 2624 pars
3405 2552 3639 2609 haredi-

374 2648 481 2703 bus
515 2657 848 2719 superesset,
883 2649 931 2704 si
960 2658 1201 2719 quatuor
1236 2656 1332 2703 aut
1366 2650 1548 2706 minus
1570 2658 1778 2706 essent.
1815 2650 1871 2704 Si
1897 2660 2078 2705 autem
2108 2650 2230 2720 plus
2273 2656 2529 2720 quatuor,
2556 2647 2821 2703 medietas
2845 2660 2911 2701 eo
2952 2654 3159 2713 tenore,
3188 2654 3250 2702 ut
3301 2648 3417 2704 sive
3448 2649 3639 2707 liberis

378 2743 497 2799 sive
530 2744 853 2816 propinquis
883 2753 1039 2814 pater
1067 2760 1169 2801 sua
1207 2745 1435 2816 legaret,
1468 2746 1562 2800 illa
1604 2762 1732 2816 pars
1756 2762 1920 2817 quam
1946 2747 2221 2802 Falcidius
2268 2726 2575 2810 constituit,
2619 2742 2729 2798 nisi
2761 2748 2917 2812 pater
2954 2740 3322 2807 interdixerit,
3354 2749 3409 2797 et
3438 2743 3634 2813 legatis

375 2828 710 2904 fru'entibus,
740 2844 795 2892 et
833 2837 1027 2893 iisdem
1056 2839 1374 2895 carentibus
1407 2840 1692 2910 aequaliter
1722 2842 2037 2911 partiretur.

448 2931 671 2987 Curtius
700 2929 956 2986 Salassus
992 2928 1096 3001 [αι.
1126 2928 1449 3003 Thalassus]
1477 2932 1531 2986 in
1562 2933 1740 2988 insula
1768 2933 1949 2989 Arado
1976 2948 2101 2989 cum
2149 2936 2385 3004 quatuor
2420 2924 2743 2985 cohortibus
2792 2925 2951 2982 vivus
2984 2924 3308 2981 combustus
3339 2932 3444 2993 est,
3484 2923 3633 2997 quod

373 3025 585 3080 tributa
613 3026 837 3097 gravius
857 3024 1117 3095 exigeret.

447 3120 492 3175 E
517 3122 744 3177 taberna
765 3119 1045 3176 Meritoria
1074 3127 1228 3175 trans
1261 3118 1503 3176 Tiberim
1534 3123 1716 3179 oleum
1741 3131 1887 3178 terra
1914 3122 2116 3193 erupit,
2153 3119 2425 3192 ﬁnxitque
2450 3128 2565 3175 tota
2601 3117 2691 3175 die
2721 3117 2841 3173 sine
2865 3114 3294 3181 intermissione,
3315 3111 3636 3186 signiﬁcans

373 3211 580 3268 Christi
612 3210 842 3280 gratiam
866 3224 933 3264 ex
962 3209 1218 3280 gentibus

448 3302 751 3357 Antonium
783 3309 1006 3371 superat
1030 3298 1334 3371 Augustus,
1357 3309 1411 3358 et
1439 3302 1845 3359 interveniente
1885 3312 2081 3359 senatu
2109 3318 2235 3359 cum
2286 3319 2353 3359 eo
2381 3304 2439 3359 in
2472 3302 2773 3359 amicitiam
2805 3299 3134 3373 regredittr.

442 3418 764 3497 Cornelius
816 3421 1014 3497 Nepos
1059 3422 1295 3493 scriptor
1648 3427 1789 3482 1977
1908 3479 1929 3497 ,
1967 3428 2030 3481 11

970 3436 1014 3497 s_
1059 3422 1295 3493 scriptor
1648 3427 1789 3482 1977
1908 3479 1929 3497 ,
1967 3428 2030 3481 11
2248 3426 2320 3482 28
2568 3428 2606 3482 4

373 3495 673 3552 historicus
717 3491 1190 3559 clarus'babetur.‘
1643 3498 1785 3553 1978
1908 3491 1926 3497 ⁷
1963 3497 2033 3551 12
2246 3497 2318 3552 29
2569 3497 2604 3552 5

1648 3568 1789 3623 1979
1972 3568 2043 3622 15
2254 3567 2327 3622 50
2574 3567 2609 3621 6

450 3704 815 3785 summa
860 3713 916 3785 ςει
964 3703 1107 3760 anus
1155 3702 1290 3760 ειετί
1358 3663 1498 3733 ‘86
1648 3638 1791 3785 iiii
1968 3638 2043 3785 ἒξ
2253 3639 2325 3785 ἕξ
2576 3638 2612 3785 ἕ
2788 3774 2821 3785 ,.
2862 3770 2895 3785 ..
2976 3773 3008 3785 _.
3153 3766 3187 3785 ..

376 3780 624 3832 Oratores
662 3766 951 3830 “habentur
997 3793 1009 3828 :
1057 3787 1292 3843 quorum
1652 3770 1793 3833 1982
1973 3778 2041 3834 16
2252 3780 2322 3834 55
2572 3775 2607 3833 9
2787 3770 3083 3831 Sallustius
3136 3766 3463 3843 diemrohiit
3499 3784 3639 3843 qua-

374 3846 520 3928 ﬂlius
565 3845 873 3901 consularis
906 3852 1034 3901 ante
1075 3842 1300 3913 patrem
2709 3845 2965 3928 driennio
3012 3850 3139 3898 ante
3192 3842 3480 3898 Actiacum
3517 3842 3636 3899 bei-

374 3917 626 3971 moritur.

446 3985 519 4041 M.
552 3986 752 4043 Bavius
769 3993 955 4055 poeta,
983 4001 1145 4056 quem
1168 3984 1290 4056 νὴ.
1644 3987 1785 4045 1985
1964 3989 2010 4044 1τ

1999 3989 2030 4042 7
2243 3980 2314 4043 34
2535 3988 2606 4043 10
2713 3917 2950 4039 Iulli:an
2994 3981 3298 4039 secundum
3353 3981 3635 4042 Romanos

412 4056 539 4112 ilius
598 4057 655 4111 in
702 4052 968 4110 Bucolicis
1002 4052 1196 4126 notat,
1242 4052 1300 4111 in
2711 4071 2911 4113 cursus
2933 4055 3187 4110 inventus
3211 4060 3314 4108 est.

422 4126 725 4199 appadocia
752 4127 1009 4181 moritur.
2840 4191 2873 4233 υ

445 4319 475 4356 c
500 4301 807 4372 Antigonus
827 4308 1019 4356 contra
1046 4296 1266 4354 Iudaeos
1293 4298 1565 4354 dimicans
1601 4297 1821 4352 tandem
1848 4299 2121 4353 occiditur
2151 4314 2163 4353 ε
2198 4314 2228 4353 a
2270 4314 2378 4369 quo
2410 4311 2586 4370 usque
2612 4300 2668 4354 in
2703 4316 2946 4373 praesens
2968 4311 3183 4373 tempus
3216 4276 3635 4377 Hierosolymo-

370 4408 494 4449 rum
519 4409 748 4465 regnum
772 4394 1112 4450 destructum
1143 4401 1250 4448 est.
1274 4392 1556 4464 Siquidem
1584 4392 1826 4450 Herodes
1859 4403 1981 4464 post
2011 4411 2136 4451 eum
2175 4411 2204 4449 a
2242 4396 2507 4453 Romanis
2538 4398 2876 4454 constitutus
2906 4406 2990 4455 est
3023 4400 3277 4471 princeps
3306 4401 3632 4473 alienigena.

372 4498 428 4549 et
451 4491 588 4547 nihil
615 4491 840 4547 omnino
868 4490 937 4545 ad
967 4489 1211 4545 Iudaeam
1237 4492 1539 4561 pertinens.

441 4580 733 4655 Hyrcanus
762 4591 951 4637 contra
972 4580 1206 4636 Parthos
1243 4596 1517 4651 pugnans,
1550 4580 1801 4649 captivus
1828 4581 1974 4651 apud
2004 4581 2126 4636 illos
2145 4583 2345 4637 ductus
2374 4589 2478 4637 est.
2508 4580 2762 4653 Hyrcano
2783 4583 3002 4653 captivo
3032 4582 3198 4647 iacto,
3229 4581 3474 4640 Herodes
3503 4584 3628 4639 An-

369 4674 560 4745 tipatri
590 4673 920 4730 Ascalonita;
946 4684 1000 4728 et
1045 4674 1238 4727 matris
1263 4672 1517 4744 Cypridis
1538 4674 1789 4752 Arabica:
1842 4674 1985 4728 tilius
2037 4690 2067 4727 a
2096 4674 2358 4730 Romanis
2388 4674 2702 4731 Iudaeorum
2757 4676 2990 4746 suscipit
3026 4676 3393 4749 principatum
3426 4696 3439 4732 :
3468 4676 3631 4747 cujus

369 4778 617 4841 tempore
646 4771 850 4827 Christi
879 4770 1164 4826 nativitate
1193 4771 1396 4833 vicina,
1437 4786 1664 4842 regnum
1686 4780 1741 4825 et
1787 4770 2157 4827 sacerdotium
2190 4770 2413 4836 Iudaeae,
2458 4772 2603 4843 quod
2631 4773 2786 4842 prius
2814 4788 2911 4843 per
2933 4772 3313 4828 successiones
3347 4771 3628 4826 minorum

370 4864 683 4929 tenebatur,
718 4864 1059 4919 destructum
1094 4872 1197 4925 est,
1232 4864 1501 4933 completa
1535 4865 1843 4934 prophetia,
1876 4879 1997 4934 quae
2037 4865 2111 4918 ita
2160 4881 2255 4934 per
2300 4864 2538 4936 Moysem
2582 4865 2861 4934 loquitur:
2899 4863 3023 4918 Non
3046 4862 3253 4932 deﬁciet
3291 4864 3531 4930 princeps
3562 4874 3630 4917 ea:

369 4956 537 5023 Iuda,
564 4972 725 5030 neque
754 4959 864 5013 dux
891 4959 955 5013 de
984 4959 1271 5030 femoribus
1300 4961 1435 5028 ejus,
1454 4962 1615 5013 donec
1639 4960 1809 5013 veniat
1834 4961 1919 5012 cui
1940 4960 2318 5037 repromissum
2334 4970 2429 5014 est.
2462 4958 2531 5013 Et
2561 4961 2672 5030 ipse
2701 4961 2800 5014 erit
2828 4959 3150 5030 exspectatio
3178 4959 3435 5029 gentium.
3471 4955 3627 5027 (Gen.

370 5068 523 5119 nix,
545 5053 657 5123 10.)
684 5053 740 5108 1η
759 5055 865 5110 hoc
892 5055 1036 5109 enim
1067 5053 1189 5108 loco
1209 5052 1485 5119 Christus,
1510 5067 1671 5122 quem
1701 5050 1941 5107 Danielis
1964 5053 2236 5120 scriptura
2261 5051 2539 5120 praefatur,
2560 5052 2770 5119 accepit
2801 5049 3131 5107 ﬁnem.Nam
3164 5066 3336 5120 usque
3361 5051 3428 5105 ad
3456 5048 3633 5105 Hero-

369 5144 494 5200 dem
527 5144 740 5212 cliristi,
774 5144 830 5198 id
867 5150 953 5199 est
980 5142 1315 5208 sacerdotes,
1348 5149 1506 5197 erant
1536 5156 1693 5212 reges
1713 5139 2027 5198 Judaeorum
2053 5155 2066 5192 :
2098 5141 2190 5211 qui
2216 5141 2486 5210 imperare
2508 5148 2788 5210 coeperant
2808 5155 2840 5193 a
2860 5140 3200 5212 sexagesima
3229 5140 3420 5202 quinta
3447 5140 3630 5210 olym-

439 5387 475 5424 a
530 5369 815 5441 Ῥωμαίων
865 5367 1114 5439 δεύτερος
1153 5366 1468 5420 ἐϐασίλευσε
1509 5367 1727 5437 Καῖσαρ
1767 5364 1940 5418 Σεὸα-
2050 5358 2143 5419 καὶ
2184 5357 2356 5418 πολλὰ
2381 5362 2880 5434 διαμαχησάμενος,
2910 5358 3233 5431 ἀναιρεῖται·
3271 5358 3365 5414 καὶ
3393 5357 3630 5414 ἐνταῦθα

365 5462 493 5526 στος
517 5461 840 5531 Αὔγουστος,
874 5464 904 5514 ὁ
934 5462 1027 5514 καὶ
1070 5460 1374 5525 Ὀκτάϐιος,
1400 5459 1495 5530 ἐτη
1519 5464 1627 5524 νς¹,
1658 5457 1834 5528 μῆνας
1863 5462 1937 5521 ς’.
2048 5456 2347 5527 καταλήγει
2369 5456 2430 5509 τὺ
2456 5456 2563 5509 τῶν
2603 5455 2869 5509 Ἰουδαίων
2898 5452 3187 5525 βασίλειον.
3227 5450 3490 5505 Ἐνταῦθα
3517 5450 3575 5504 δὲ
3597 5452 3627 5505 ὁ

368 5554 568 5611 Chron.
608 5555 787 5624 pascit.
824 5572 878 5625 p.
920 5553 1044 5617 189,
1080 5553 1149 5606 1).

2049 5544 2521 5616 προφητευόμενος
2555 5543 2706 5615 παρὰ
2733 5542 2812 5614 τῷ
2842 5542 3039 5613 Δανιὴλ
3068 5541 3299 5614 Χριστὸς
3327 5539 3626 5611 ἡγούμενος

439 5649 467 5700 b
499 5649 562 5701 Οἱ
614 5647 904 5717 Ἀντιοχεῖς
938 5646 1088 5700 ἐνθεν
1122 5644 1415 5717 ἀριθμοῦσι
1452 5642 1578 5707 τοὺς
1609 5640 1789 5698 αὐτῶν
1815 5640 1941 5713 χρό-
2046 5639 2199 5702 τέλος
2221 5639 2507 5709 λαμϐάνειο
2542 5637 2704 5710 μέχρι
2730 5636 2839 5708 γὰρ
2881 5634 3119 5707 Ἡρώδου
3154 5634 3364 5707 χριστοὶ
3390 5633 3625 5706 ἡγούμε-

366 5753 509 5803 νους.
542 5737 702 5809 Sync.
729 5754 779 5808 p.
808 5739 933 5803 505,
968 5737 1030 5795 C.
2043 5751 2144 5790 νοι·
2175 5727 2319 5787 οὗτοι
2339 5732 2397 5786 δὲ
2417 5727 2557 5804 ἦσαν
2575 5733 2625 5784 οἱ
2652 5732 2948 5802 ἀρχιερεῖς,
2971 5728 3167 5792 οἵτινες
3192 5728 3627 5799 προεστήκεισαν

437 5848 463 5884 c
514 5831 833 5900 Ἀντίγονος,
878 5834 945 5902 τῇ
1003 5830 1268 5886 Ἰουδαίων
1315 5828 1561 5901 βασιλείᾳ
1600 5824 1933 5891 ἐπαναστὰς,
2043 5823 2135 5878 τοῦ
2172 5821 2436 5876 Ἰουδαίων
2474 5819 2678 5889 ἔθνους,
2721 5819 3015 5892 ἀρξάμενοι
3056 5818 3153 5889 μὲν
3346 5818 3445 5888 τῆς
3482 5812 3627 5872 κατὰ

692 5923 966 5972 Panum-
1000 5923 1118 5972 Gn-
1141 5922 1319 5972 XIX.

692 5923 966 5984 ΡΑτιιοι..
1000 5923 1118 5984 Gn.
1141 5922 1320 5984 XIX.

2400 6006 2437 6023 θ’
