4142 6400
507 405 613 467 625
1164 405 1437 468 EUSEBll
1476 402 1957 462 CA‘ZSARIENSIS
1993 402 2145 459 OPP.
2184 403 2366 460 PARS
2403 401 2446 461 l.
2483 434 2552 444 —
2590 403 2980 461 HISTOIHCA.
3657 410 3765 465 521

504 654 690 726 piade,
722 661 778 711 et
811 655 880 711 ab
922 654 1321 712 instauratione
1354 654 1543 724 templi
1577 654 1682 710 sub
1729 654 1915 721 Dario,
1947 669 2123 724 usque
2157 653 2226 708 ad
2277 652 2593 726 Hyrcanum
2640 648 2717 709 et'
2738 653 3096 709 centesimam
3126 653 3516 723 octogesimum
3555 664 3763 709 sextam

504 750 891 822 olympiadem,
915 751 1075 805 annis
1104 763 1446 804 ccccnxxxm
1469 750 1527 803 in
1554 749 1735 805 medio
1762 749 2085 813 transactis,
2119 765 2261 821 quos
2294 749 2484 805 Daniel
2518 749 2791 822 signiﬁcat
2820 750 3012 807 dicens
3045 766 3057 801 :
3081 747 3144 802 Et
3169 751 3303 803 scies
3332 757 3382 803 et
3411 748 3669 819 intelliges
3698 750 3763 805 ab

501 844 656 898 initio
684 846 941 898 sermonis
974 840 1322 912 respondendi
1341 849 1391 896 et
1419 840 1728 911 cediﬁcandi
1753 840 2117 905 Hierusalem,
2150 859 2315 913 usque
2342 842 2411 896 ad
2439 841 2641 897 Christi
2668 843 3045 913 principatum,
3085 841 3427 897 hebdomadas
3459 854 3676 913 septem,
3713 855 3765 900 et

498 934 843 991 hebdomadis
877 936 1155 1006 sexaginta
1181 934 1304 989 duce
1335 933 1500 1007 (Dan.
1545 950 1623 1000 lx,
1676 934 1771 1003 25)
1802 955 1816 991 ε
1853 950 1975 1007 quae
2006 952 2132 990 uix
2186 936 2544 991 hebdomade:
2592 934 2801 990 faciunt
2836 951 3013 991 annos
3044 950 3424 993 coccum“:
3460 936 3517 991 in
3565 937 3766 1007 quibus

498 1033 716 1100 christi,
752 1032 805 1087 id
851 1040 937 1089 est
970 1031 1308 1097 sacerdotes,
1346 1047 1444 1102 per
1501 1032 1817 1088 unctionem
1866 1031 2203 1096 consecrati,
2242 1038 2614 1103 regnaverunt
2662 1046 2839 1101 usque
2886 1030 2951 1084 ad
2987 1029 3299 1102 Hyrcanum
3331 1048 3344 1083 :
3375 1045 3485 1101 quo
3521 1040 3767 1086 extremo

496 1127 746 1182 omnium
778 1142 807 1181 a
837 1124 1057 1183 Parthis
1084 1136 1265 1198 capto,
1299 1126 1544 1183 Herodes
1572 1125 1848 1196 Antipatri
1899 1125 2043 1180 ﬁlius
2076 1125 2209 1179 nihil
2241 1126 2310 1180 ad
2341 1141 2401 1181 se
2432 1126 2795 1195 pertinentem
2837 1125 3081 1181 Iudaeam
3108 1124 3176 1179 ab
3222 1124 3469 1193 Augusto
3491 1130 3546 1178 et
3574 1131 3769 1179 senatu

497 1219 735 1292 accipit;
773 1217 981 1290 ﬁliique
1003 1220 1125 1289 ejus
1152 1230 1273 1289 post
1301 1235 1426 1274 eum
1456 1225 1846 1290 regnaverunt,
1872 1233 2050 1283 usque
2080 1216 2148 1271 ad
2179 1217 2535 1273 novissimam
2567 1218 3073 1291 Hierosolymorum
3127 1217 3528 1286 captivitatem,
3557 1231 3770 1285 nequa-

498 1326 662 1381 quam
693 1328 758 1366 ex
795 1312 1152 1368 successione
1175 1311 1782 1383 sacerdotalisgeneris
1815 1311 2168 1382 pontiﬁcibus
2192 1313 2532 1376 constitutis,
2568 1328 2747 1384 neque
2794 1312 3161 1384 perpetuitate
3187 1310 3312 1364 vitae
3353 1307 3661 1365 secundum
3687 1307 3768 1361 le-

494 1420 617 1475 gem
646 1402 817 1475 Moysi
854 1403 1228 1459 servientibus
1274 1402 1406 1458 Deo.
1438 1400 1717 1475 lgnobiles
1747 1416 1879 1457 vero
1924 1402 2174 1474 quidam,
2205 1410 2260 1458 et
2305 1402 2414 1458 alio
2460 1409 2707 1473 tempore
2732 1402 2849 1466 alii,
2895 1412 2949 1457 et
2980 1400 3231 1456 nonnulli
3274 1399 3439 1454 unius
3469 1399 3620 1465 anni,
3652 1400 3769 1455 sive

494 1497 712 1553 modico
733 1498 990 1568 amplius,
1021 1512 1048 1551 a
1084 1493 1351 1551 Romanis
1378 1497 1805 1568 imperatoribus
1826 1497 2195 1553 sacerdotium
2220 1498 2495 1553 emebant.
2536 1496 2670 1563 Quae
2694 1496 2880 1551 omnia
2913 1496 3077 1550 etiam
3112 1493 3303 1549 Daniel
3334 1492 3597 1565 propheta
3624 1493 3767 1549 vati-

494 1591 713 1645 cinatur
741 1589 814 1645 ita
842 1589 1034 1644 dicens
1062 1606 1074 1642 :
1110 1575 1199 1642 Et'
1212 1598 1329 1657 post
1362 1587 1712 1643 hebdomades
1752 1605 1828 1643 vu
1860 1598 1909 1644 et
1946 1605 2084 1654 uti,
2112 1589 2353 1646 interibit
2396 1589 2652 1654 chrisma,
2687 1598 2738 1642 et
2757 1586 3025 1658 judicium
3061 1604 3166 1641 non
3196 1589 3300 1641 erit
3330 1589 3384 1641 in
3412 1604 3473 1641 eo
3502 1602 3521 1640 :
3553 1595 3603 1641 et
3628 1598 3762 1642 tem-

491 1686 637 1754 plum
661 1692 711 1739 et
739 1693 983 1738 sanctum
1008 1691 1304 1749 corrumpet
1330 1683 1554 1752 populus
1577 1680 1709 1736 duce
1738 1682 2014 1737 veniente:
2044 1689 2096 1736 et
2137 1681 2405 1737 ca’dentur
2426 1682 2483 1735 in
2526 1682 2850 1751 cataclysmo
2888 1679 3011 1734 belli
3052 1679 3200 1750 (ibid.
3230 1677 3343 1749 26).
3380 1677 3447 1733 Et
3480 1679 3536 1733 in
3562 1694 3760 1735 conse-

494 1778 791 1848 quentibus
822 1796 835 1831 :
871 1775 941 1829 Et
970 1791 1125 1845 super
1175 1775 1446 1844 templum,
1473 1777 1665 1847 inquit,
1692 1772 2025 1831 abomina'tio
2080 1775 2471 1832 desolationum
2500 1792 2519 1829 :
2561 1786 2613 1831 et
2644 1792 2808 1847 usque
2859 1774 2927 1828 ad
2968 1774 3474 1828 consummationem
3514 1773 3763 1843 temporis

492 1870 877 1925 consummatio
901 1867 1118 1922 dabitur
1145 1883 1303 1939 super
1332 1866 1717 1924 desolationem
1738 1866 1905 1938 (Ibid.
1936 1868 2050 1940 27).

1453 2042 1646 2083 οιῖιιι».
1722 2043 1961 2082 ΑειιΑιιΑ-
2019 2042 2224 2084 ,εϐῖΡτο
2349 2044 2463 2083 JUD.

2623 2043 2752 2083 ROI.

2007 2168 2241 2239 Cleopa-
2284 2167 2530 2225 Herodes
2606 2169 2788 2238 Angu-

2082 2247 2169 2293 tra

1453 2339 1660 2351 —-—-
1727 2338 1939 2367 Ὗ...-
2013 2340 2155 2355 ψ-
2181 2338 2228 2349 ~—

2624 2250 2746 2295 slus

2298 2338 2512 2351 ———

2066 2441 2100 2478 a
2125 2423 2168 2480 ι.
2194 2422 2525 2497 HERODES
2551 2425 2880 2495 alienigena,
2912 2424 3200 2497 deﬁciente
3237 2436 3375 2497 pon-

561 2557 835 2650 Antoniig
952 2555 1028 2627 Β.
1076 2554 1388 2627 DCCXX.
1473 2581 1610 2650 437

483 2658 540 2706 et
565 2650 791 2723 Augusti
815 2648 1012 2708 fmdus.

1754 2556 1893 2615 i984
2072 2564 2140 2621 18

2210 2496 2419 2620 tilicqu
2447 2496 2779 2619 principatu,
2816 2496 2976 2575 annis
3005 2506 3214 2551 XXxvu.

556 2772 587 2826 b
614 2770 857 2828 Herodes
893 2770 1198 2827 Ananelum
1224 2769 1519 2843 quemdam
1546 2773 1614 2827 de
1644 2769 1924 2842 Babylone
1947 2771 2185 2828 accitum
2216 2773 2526 2845 pontiﬁcem
2558 2774 2871 2831 Iudaeorum
2902 2776 3191 2833 constituit
3217 2793 3229 2829 :
3258 2785 3312 2833 et
3346 2785 3470 2848 post
3500 2779 3759 2852 exiguum

484 2867 773 2938 temporis,
806 2867 1181 2923 Aristobulum
1231 2865 1454 2923 fratrem
1499 2866 1693 2922 uxoris
1730 2882 1870 2933 suae,
1924 2876 2180 2940 nepotem
2228 2868 2494 2944 Hyrcani,
2533 2887 2912 2929 successorem
2940 2873 2994 2929 ei
3019 2872 3207 2930 dedit:
3241 2888 3350 2946 quo
3388 2883 3512 2947 post
3554 2891 3757 2932 annum

487 2959 805 3028 interfecto,
836 2975 1056 3016 rursum
1083 2959 1329 3015 Ananelo
1356 2958 1594 3015 reddidit
1617 2960 2013 3017 sacerdotium.

1764 3081 1905 3139 i985
1950 3064 1953 3067 ’

1762 3155 1786 3209 1
1799 3152 1903 3209 986

559 3082 816 3139 Colonias
843 3080 1120 3136 deduxere
1151 3079 1404 3135 Romani.

556 3170 584 3205 c
608 3158 887 3223 Augustus
925 3151 1279 3223 triumphavit
1306 3166 1402 3221 pe—

486 3222 711 3279 destris
734 3222 1053 3277 certaminis
1105 3222 1405 3291 triumpho.

2082 3084 2155 3139 19

2080 3154 2154 3210 20

2400 3085 2439 3140 3
2654 3087 2727 3141 12'

2402 3158 2438 3212 5
2654 3159 2724 3213 15

555 3334 773 3391 Nicetes
790 3345 844 3391 et
864 3334 1110 3407 Hybreas
1140 3335 1238 3407 lat.
1271 3335 1544 3407 Tybreas]
1588 3342 1643 3390 ct
1666 3335 2012 3402 Theodorus,
2041 3344 2098 3392 et
2131 3335 2311 3395 Plutio
2341 3338 2672 3397 nobilissimi
2704 3342 2843 3399 artis
2873 3343 3163 3402 rhetorica:
3188 3346 3361 3403 Graeci
3389 3359 3762 3423 praeceptores

485 3430 775 3486 habentur.

483 3615 709 3685 Δαρεῖον
736 3609 1088 3675 ἀνανεώσεως
1118 3611 1212 3664 τοῦ
1256 3610 1425 3683 ἱεροῦ,
1462 3611 1605 3666 κατά
1633 3610 1732 3682 τὴν
1766 3611 2065 3684 ἑξηκοστὴν

483 3708 578 3761 καὶ
608 3705 864 3776 πέμπτην
908 3703 1263 3775 Ὀλυμπιάδα,
1284 3704 1545 3777 λήξαντες
1570 3705 1627 3758 δὲ
1651 3705 1744 3759 ἐπὶ
1777 3698 2063 3776 Ὑρκανὸν,

485 3802 580 3854 ἐπὶ
608 3801 707 3872 τῆς
738 3805 868 3871 ρπς¹
913 3797 1293 3869 Ὀλυμπιάδος⁹
1324 3798 1393 3851 τά
1419 3798 1475 3851 δὲ
1504 3798 1705 3870 μεταξὺ
1736 3798 1941 3852 τούτων
1973 3815 2068 3868 γε·

482 3896 672 3951 νέσθαι
718 3895 814 3964 ἐτη
862 3899 1011 3962 υπγ’,
1038 3893 1213 3947 ὁπόσα
1239 3892 1304 3965 δὴ
1337 3896 1369 3965 ἠ
1402 3894 1494 3948 τοῦ
1529 3895 1729 3967 Δανιὴλ
1760 3895 2064 3968 προφητεία

484 3984 730 4050 θεσπίζει
765 3987 1019 4053 λέγουσα⁹
1052 3986 1162 4040 Καὶ
1206 3984 1408 4056 γνώσῃ
1458 3988 1555 4041 καὶ
1605 3987 1899 4055 συνήσεις
1944 3987 2063 4043 ἀπὸ

485 4079 702 4145 ἐξόδου
732 4080 918 4149 λόγου
946 4078 1053 4133 τοῦ
1081 4079 1497 4149 ἀποκριθῆναι,
1546 4081 1645 4136 καὶ
1690 4082 1798 4136 τοῦ
1838 4082 2065 4137 οἰκοδο-

485 4169 677 4244 μῆσαι
719 4168 1129 4240 Ἰερουσαλὴμ,
1165 4171 1279 4238 ἕως
1312 4174 1568 4241 Χριστοῦ
1598 4176 1936 4245 ἡγουμένου
1972 4176 2064 4230 ἐό.

486 4262 742 4333 δομάδες
774 4263 924 4317 ἑπτὰ
970 4264 1070 4318 καὶ
1120 4263 1440 4334 ἑϐδομάδες
1468 4265 1572 4331 ξδ’.
1617 4260 1785 4320 Αὖται
1818 4268 1872 4321 αί
1908 4268 2064 4322 ἐννέα

486 4355 582 4410 καὶ
626 4349 890 4426 ἑξήκοντα
934 4354 1225 4425 ἐϐδομάδες
1270 4356 1649 4430 συμπληροῦσι
1692 4358 1881 4430 χρόνον
1926 4358 2064 4412 ἐτῶν

485 4452 633 4515 υπγ¹·
666 4447 837 4500 όπόσα
863 4446 956 4518 ἐτη
990 4446 1247 4516 τυγχάνει
1294 4446 1397 4516 τῆς
1442 4447 1620 4518 ἀρχῆς
1663 4447 1773 4501 τῶν
1824 4447 2063 4520 χριστῶν

484 4536 822 4610 ⁴ἡγουμένων·
871 4533 946 4592 ὦν
994 4538 1301 4593 τελευταίου
1356 4539 1625 4610 Ὑρκανοῦ
1675 4538 1784 4594 ἀπὸ
1835 4540 2067 4612 Πάρθων

483 4628 830 4701 αἰχμαλώτου
868 4628 1183 4700 ληφθέντος,
1219 4630 1249 4682 ό
1291 4628 1536 4702 Ἡρώδης
1567 4629 1661 4683 τοῦ
1709 4631 2065 4702 Ἀντιπάτρου

487 4721 655 4793 μηδὲν
698 4722 1079 4793 προσήκουσαν
1125 4721 1272 4794 αὐτῷ
1314 4722 1413 4794 τὴν
1460 4722 1567 4777 τῶν
1617 4722 1884 4777 Ἰουδαίων
1913 4723 2067 4795 βασι-

482 4812 634 4869 λείαν
665 4815 770 4868 ὑπὸ
808 4814 1121 4884 Αὐγούστου
1163 4816 1257 4869 καὶ
1291 4814 1593 4887 συγκλήτου
1633 4816 1919 4887 Ῥωμαίων
1961 4835 2066 4871 πα-

487 4904 841 4977 ραλαμϐάνει·
893 4907 1131 4962 κᾶπειτα
1178 4908 1227 4960 oi
1277 4907 1467 4961 τούτου
1516 4907 1703 4972 παῖδες
1754 4910 1916 4982 μέχρι
1966 4912 2066 4983 τῆς

486 4999 727 5070 ὑστάτης
769 4999 1155 5072 Ἰεροσολύμων
1186 5000 1519 5070 πολιορκίαςο
1550 5002 1651 5055 οὐκ
1681 5001 1761 5057 ἐτι
1792 5005 1839 5057 oi
1863 5006 1927 5057 ὲκ
1952 5004 2069 5058 δια-

485 5091 647 5163 δοχῆς
671 5091 764 5146 τοῦ
796 5093 1067 5164 ἱερατικοῦ
1098 5093 1287 5162 γένους
1318 5094 1539 5164 ίερῶντο
1568 5093 1646 5165 τῷ
1669 5094 1807 5166 Θεῷ,
1841 5095 1962 5150 οὐδὲ
1980 5096 2067 5150 διὰ

488 5182 605 5252 βίου
635 5183 778 5238 κατά
806 5185 898 5238 τὸν
930 5186 1211 5250 Μωῦσέως
1243 5184 1427 5256 νόμονο
1466 5185 1670 5257 ἄσημοι
1701 5186 1760 5240 δέ
1791 5204 1937 5252 τινες
1966 5186 2064 5242 ἄλ-

486 5275 608 5328 λοτε
631 5276 799 5330 ἄλλοι·
825 5277 919 5330 καὶ¹
939 5279 991 5331 oi
1020 5279 1117 5350 μὲν
1138 5277 1420 5343 ἐνιαύσιοι,
1445 5280 1495 5332 οἱ
1512 5278 1568 5332 δὲ
1586 5278 1663 5333 ἔτι
1692 5279 1857 5351 ὀλίγῳ
1879 5279 2061 5344 πλέον,

486 5371 636 5442 παρὰ
667 5371 775 5423 τῶν
820 5370 1143 5441 Ἰζωμαῖκῶν
1170 5371 1489 5443 ἡγουμένων
1526 5371 1626 5445 τὴν
1655 5371 2065 5444 ἀρχιερωσύνην

485 5461 797 5528 ὲξωνοῢντο.

567 5552 815 5626 Ἡρώδης
860 5556 1216 5637 Ἀντιπάτρου
1260 5555 1354 5610 τοῦ
1399 5555 1796 5610 Ἀσκαλωνίτου
1833 5557 1927 5610 καὶ
1966 5573 2064 5628 μη-

485 5642 615 5713 τρὸς
638 5643 915 5716 Κύπριδος
957 5647 1286 5721 Ἀραϐίσσης
1319 5647 1472 5702 οὐδὲν
1500 5649 1649 5720 αύτῳ
1682 5649 2076 5719 προσήκουσαν-

460 5733 587 5802 τὴν
621 5734 890 5790 Ἰουδαίων
921 5735 1197 5805 βασιλείαν
1228 5738 1335 5792 ὑπὸ
1364 5738 1652 5809 Ῥωμαίων
1677 5736 2059 5810 ἐγχειρίζεται,

490 5823 611 5875 καθ’
641 5823 701 5877 ὃν
730 5823 831 5895 τῆς
858 5824 950 5878 τοῦ
981 5827 1216 5896 Χριστοῦ
1244 5829 1550 5899 γεννήσεως
1575 5828 1997 5894 πλησιαζούσης,
2024 5831 2057 5899 ἡ

2174 3616 2239 3668 ὲκ
2266 3614 2530 3685 προγόνου
2562 3617 2801 3691 διαδοχὴ,
2841 3621 3222 3694 ἀρχιερωσύνη
3246 3642 3307 3678 τε
3338 3628 3431 3680 καὶ
3470 3629 3610 3702 ἀρχὴ
3646 3630 3757 3683 τῶν

2186 3706 2454 3760 Ἰουδαίων
2516 3709 2810 3781 κατελύθη,
2876 3715 3373 3789 συμπληρουμένης
3437 3720 3540 3792 τῆς
3604 3724 3756 3795 παρά

2171 3798 2376 3871 Μωῦσῇ
2416 3800 2679 3874 λεγούσης
2708 3808 3062 3879 προφητείας·
3101 3812 3221 3863 Οὐκ
3254 3811 3522 3881 ἐκλείψει
3554 3812 3755 3885 ἄρχων
3851 3845 3853 3848 ‹

2168 3890 2238 3955 ἐξ
2289 3892 2494 3955 Ἰούδα,
2542 3896 2642 3949 καὶ
2681 3895 2883 3968 ἄρχων
2913 3901 2982 3953 ἐκ
3018 3901 3136 3955 τῶν
3160 3903 3369 3972 μηρῶν
3396 3905 3602 3969 αὐτοῦ,
3642 3906 3756 3973 ἕως

2170 3981 2247 4036 ἂν
2267 3985 2417 4053 ἔλθῃ
2439 3978 2487 4052 ᾦ
2508 3988 2837 4055 ἀπόκειται,
2862 3991 2960 4045 καὶ
2982 3993 3166 4061 αὐτὸς
3187 3997 3521 4064 προσδοκία
3540 3998 3751 4052 ἐθνῶν.

2181 4076 2337 4149 Ἑξῆς
2364 4079 2421 4132 δὲ
2453 4081 2481 4132 ό
2515 4081 2711 4153 Δανιὴλ
2743 4085 3076 4157 προφητεύει
3102 4085 3294 4155 λέγων’
3329 4090 3436 4143 Καὶ
3465 4091 3618 4160 μετά
3644 4090 3754 4157 τὰς

2166 4166 2212 4230 Cl
2243 4170 2341 4225 καί
2375 4171 2459 4236 ξδ’
2488 4173 2820 4244 ἑϐδομάδας
2845 4176 3439 4249 ἐξολοθρευθήσεται,
3480 4183 3580 4237 καί
3624 4184 3754 4254 χρί-

2167 4278 2293 4332 σμα
2319 4268 2429 4319 οὐκ
2448 4265 2622 4320 ἔσται
2644 4267 2714 4321 ἐν
2732 4268 2915 4335 αὐτῷ,
2944 4271 3045 4325 καὶ
3072 4273 3139 4327 τὸ
3173 4275 3332 4342 ἱερὸν
3364 4275 3463 4329 καὶ
3491 4275 3558 4330 τὸ
3581 4276 3752 4346 ἅγιον

2167 4354 2469 4426 διαφθερεῖ
2489 4359 2639 4426 λαὸς
2663 4362 3002 4431 ἡγουμένου
3046 4364 3403 4435 ἐρχομένου,
3440 4367 3539 4422 καί
3574 4368 3755 4435 seomi-

2168 4462 2379 4500 σονται
2405 4449 2477 4502 ἐν
2521 4451 2929 4521 κατακλυσμῷ
2972 4455 3261 4526 πολέμου·
3302 4459 3397 4512 καὶ
3437 4458 3566 4529 ἑξῆς
3596 4476 3749 4530 φησι·

2168 4540 2279 4594 Καὶ
2307 4541 2406 4595 ἐπὶ
2452 4542 2519 4596 τὸ
2565 4544 2727 4613 ἱερὸν
2747 4544 3065 4618 βδέλυγμα
3102 4548 3223 4603 τῶν
3251 4549 3624 4619 ἐρημώσεων,
3654 4550 3752 4626 καὶ

2167 4633 2275 4699 ἕως
2306 4637 2663 4703 συντελείας
2699 4638 2909 4706 καιροῦ
2948 4639 3270 4694 συντέλεια
3304 4639 3623 4707 δοθήσεται
3651 4640 3750 4695 ἐπὶ

2168 4725 2286 4795 τὴν
2305 4726 2628 4796 ἐρήμωσιν.
2655 4728 2815 4801 Sync.
2841 4746 2893 4801 p.
2923 4731 3047 4795 309,
3075 4732 3200 4787 510.

2241 4833 2276 4871 a
2304 4816 2425 4870 Τῶν
2472 4819 2625 4891 παρά
2684 4818 2960 4888 Ἰουδαίοις
3014 4824 3315 4897 ἀρχιερέων
3367 4823 3746 4888 ἐκλειπόντων,

2181 4910 2427 4984 Ἡρώδης
2474 4911 2771 4983 ἀλλόφυλος
2831 4913 3123 4985 βασιλεύει.
3185 4915 3382 4972 Chron.
3448 4918 3629 4985 pascit.
3691 4930 3746 4985 p.

2171 5003 2296 5069 189,
2333 5003 2402 5058 Α.

2241 5091 2272 5145 b
2322 5092 2584 5167 Ἡρώδης,
2632 5094 2917 5168 ’Δνάνηλόν
2952 5115 3071 5151 τινα
3112 5097 3605 5169 μεταπεμψάμενος
3642 5097 3750 5152 ἀπὸ

2170 5183 2507 5251 Βαϐυλῶνος,
2553 5187 2831 5242 ἰουδαίων
2871 5190 3135 5262 ἀρχιερέα
3176 5188 3484 5260 καθίστησι.
3524 5190 3658 5244 Μετ’
3686 5190 3748 5241 ού

2172 5278 2307 5332 πολὺ
2345 5278 2423 5342 δὲ,
2468 5277 2655 5333 τοῦτον
2695 5278 2927 5345 παύσας,
2970 5281 3372 5353 Ἀριστόϐουλον
3402 5281 3494 5335 τὸν
3523 5280 3749 5350 ἀδελφὸν

2169 5372 2269 5442 τῆς
2311 5370 2504 5424 ἑαυτοῦ
2552 5372 2828 5441 γυναικὸς,
2871 5372 2986 5426 υἱὸν
3027 5373 3156 5427 ὄντα
3204 5373 3497 5445 Ὑρκανοῦ,
3527 5374 3620 5427 ἐπὶ
3650 5371 3748 5443 τὴν

2168 5464 2335 5535 τιμὴν
2368 5464 2617 5534 προάγει.
2667 5466 2945 5518 Ἐνιαυτοῦ
2971 5466 3029 5519 δὲ
3052 5466 3457 5536 διαγενομένου,
3490 5465 3651 5520 πάλιν
3671 5463 3749 5535 τῷ

2183 5553 2458 5625 Ἀνανήλῳ
2517 5555 2830 5623 ἀποδίδωσι,
2897 5556 2989 5610 τὸν
3060 5556 3117 5609 Ἀ
3127 5556 3470 5629 ριστόδουλον
3520 5554 3746 5611 ἀνελών.
3835 5596 3846 5606 .

2171 5645 2321 5701 Idem
2352 5661 2406 5717 p.
2434 5647 2558 5713 190,
2589 5647 2655 5713 Β,
2683 5657 2735 5702 et
2762 5648 2921 5720 Sync.
2949 5664 3002 5717 ρ.
3034 5649 3161 5712 511,
3198 5648 3249 5703 D

2238 5756 2267 5793 c
2299 5738 2607 5808 Αὔγουστος
2651 5742 2814 5806 πεζὸν
2850 5740 3218 5812 ἐθριὰμεευσε
3257 5741 3546 5814 θρίαμϐον.
3582 5737 3744 5811 Sync.

2164 5844 2215 5898 ρ.
2248 5829 2372 5892 305,
2401 5829 2466 5884 ο.
