4142 6400
448 397 554 456 529

1711 417 2212 479 CHRONICORUM
2250 425 2377 482 LIB.
2419 427 2481 486 ll.

3593 450 3696 507 5'50

515 541 549 578 α
584 522 828 584 Herodes
856 526 1191 585 Antedonam
1225 532 1501 592 civitatem
1529 538 1865 597 reformavit.
1902 541 1967 597 Et
1993 541 2393 616 Antipatridam
2424 559 2584 621 atque
2617 551 2981 612 Herodionem
3011 555 3067 609 in
3093 555 3354 613 honorem
3384 558 3556 629 patris
3581 561 3690 617 An-

367 626 370 635 '
442 622 625 694 tipatri
657 629 899 678 et.suum
929 627 1214 682 exstruxit.
1243 627 1666 689 Innumerabilia
1691 651 1908 708 quoque
1939 653 2103 710 opera
2133 635 2189 696 in
2222 643 2450 715 singulis
2487 633 2764 718 Syriarum
2798 650 3046 724 urbibus,
3079 666 3216 723 quas
3242 622 3483 725 regebat,
3516 655 3690 712 soler-

444 717 650 774 tissime
672 718 976 776 aediﬁcavit.

1555 816 1752 870 cum.
1825 818 2059 860 sanans-

1877 889 2000 950 nus.

449 990 454 992 ⁷
514 999 543 1050 b
585 997 827 1056 Herodes
879 1001 934 1056 in
979 1002 1267 1061 Palaestina
1317 1006 1501 1064 Caesa—
1539 1041 1754 1055 ———-

1827 1044 1986 1055 ———.

439 1083 590 1125 ream
620 1070 673 1145 in
704 1071 1191 1145 nomine‘Cm‘saris
1230 1080 1493 1145 condidit,
1853 1083 1996 1138 2005

439 1155 560 1208 qua:
587 1141 739 1209 prius
788 1138 982 1198 Turris
1034 1142 1308 1203 Stratonis
1336 1138 1499 1205 voca;
1850 1152 1992 1209 2006

437 1210 822 1350 Ιῗθίίίιῐεξείεεῐιιιε,
857 1290 1012 1350 pater
1055 1285 1390 1344 declamator
1411 1291 1495 1346 in-
1666 1262 1670 1266 1
1853 1294 1992 1350 2007

439 1347 611 1418 signis
638 1350 783 1406 diem
815 1347 980 1407 obiit.

506 1418 917 1508 Caiusndulliu‘s
955 1421 1219 1494 Hyginus,
1274 1444 1498 1508 _cogno-
1573 1438 1709 1508 193
1852 1435 1994 1491 2008

333 1555 338 1560 η
437 1489 1495 1572 ξηεηιοοΡοιγὴῇειοτ,έιῖθωωοιὶουξὴιι·

437 1557 594 1624 betur
629 1557 884 1633 insignis.

2169 822 2286 876 run.
2433 825 2560 883 non,

2099 945 2342 1002 Herodes
2358 949 2639 1021 Augustus

1998 1042 2038 1054 _
2109 1046 2318 1140 -ᾖ-
2391 1051 2600 1146 Ἦ-

2171 1158 2242 1213 25
2455 1163 2524 1216 55
2702 1162 2980 1238 Horatius,
2993 1167 3439 1238 quinquagesimo
3459 1168 3690 1238 septimo

2631 1235 2805 1287 aetatis
2836 1251 2947 1290 suae
2980 1235 3155 1302 anno,
3178 1235 3361 1292 Romae
3387 1235 3634 1292 moritur.

2703 1319 2730 1356 c
2769 1303 3021 1360 Tiberius
3054 1315 3264 1362 vastata
3284 1307 3576 1363 Germania
3592 1309 3686 1363 im-

2174 1299 2244 1354 24
2456 1301 2524 1355 54

2172 1438 2244 1493 25
2455 1441 2526 1496 35
2631 1383 2849 1444 perator
2883 1375 3202 1446 appellatur.

502 1704 538 1756 ά
574 1703 818 1762 Herodes
851 1706 1186 1778 Hyrcanum,
1224 1710 1316 1781 qui
1343 1711 1470 1766 olim
1504 1713 1762 1768 sacerdos
1790 1713 2099 1771 Judaeorum
2129 1716 2326 1784 fuerat,
2359 1719 2425 1776 de
2455 1722 2767 1792 captivitate
2790 1721 3046 1777 Parthica
3074 1735 3404 1791 regressum,
3432 1726 3486 1776 et
3517 1720 3686 1776 ﬁlium

434 1798 575 1867 ejus,
601 1797 695 1869 qui
725 1801 1031 1857 sacerdotio
1057 1802 1228 1871 patris
1263 1812 1622 1872 successerat,
1654 1806 1908 1865 interﬁcit
1940 1832 1953 1866 :
1988 1824 2230 1868 sororem
2261 1829 2480 1884 quoque
2518 1815 2659 1884 ejus,
2685 1829 2911 1870 uxorem
2959 1829 3137 1879 suam,
3165 1829 3288 1870 cum
3318 1815 3532 1870 duobus
3559 1815 3686 1871 ﬁliis

433 1891 673 1962 propriis
697 1893 810 1964 jam
840 1895 1297 1964 adolescentibus,
1331 1905 1385 1953 et
1414 1908 1638 1956 matrem
1668 1905 1855 1961 uxoris
1884 1907 2100 1975 occisae,
2127 1924 2345 1966 socrum
2369 1927 2547 1978 suam,
2569 1910 2950 1967 crudelissime
2981 1917 3158 1967 necat.

504 2002 745 2060 Herodes
778 2007 847 2062 ad
873 2021 959 2072 ea,
995 2012 1114 2079 quae
1138 2024 1302 2079 supra
1333 2012 1712 2076 crudelissime
1743 2026 2006 2088 gesserat,
2043 2021 2204 2079 etiam
2233 2022 2337 2079 hoc
2367 2024 2572 2080 addidit
2605 2046 2618 2079 :
2649 2027 2826 2080 virum
2862 2027 3069 2084 sororis
3105 2043 3216 2083 sua:
3245 2030 3474 2086 Salomae
3515 2034 3685 2089 inter-

433 2095 593 2199 ﬁcitur
625 2103 680 2153 et
704 2112 828 2199 cum
856 2114 975 2154 eam
1003 2101 1095 2199 alii
1126 2103 1443 2162 tradidisset
1471 2121 1715 2176 uxorem,
1746 2114 1906 2168 etiam
1941 2113 2086 2168 hunc
2121 2125 2299 2172 necat.
2335 2116 2555 2176 Scribas
2587 2136 2804 2191 quoque
2848 2129 2903 2177 et
2948 2121 3277 2198 interpretes
3314 2123 3512 2181 divina:
3551 2126 3687 2199 legis

433 2183 597 2241 simili
629 2185 835 2242 scelere
865 2188 1083 2245 occidit.

502 2330 834 2406 ejl‘iberius
850 2331 1032 2406 Caesar
1053 2334 1120 2390 de
1145 2335 1318 2406 captis
1351 2333 1488 2390 Pan-
1844 2339 1984 2396 2009

433 2402 617 2473 noniis
630 2402 1025 2473 :triumphavi‘t.
1212 2402 1230 2406 “
1843 2409 1984 2463 2010

505 2472 534 2541 f
563 2471 838 2527 Tiberius
867 2473 934 2528 de
982 2473 1208 2535 Rhaztis,
1251 2472 1490 2530 Vindeli-
1843 2479 1976 2534 2011

433 2542 538 2623 cis,
571 2541 844 2623 ﬁrmeniis
894 2555 948 2599 et
973 2544 1270 2599 Pannoniis
1301 2546 1486 2600 trium-

434 2611 772 2774 ph‘lﬁi‘liéisﬁula
807 2683 927 2765 Coo
942 2691 1280 2774 Jterrin‘motu
1312 2686 1482 2756 pluri-
1559 2690 1698 2774 1'94
1838 2688 1980 2764 2012

433 2765 524 2805 ma
556 2751 785 2807 adiﬁcia
815 2755 1148 2810 ceciderunt.

2199 2344 2232 2398 6
2447 2347 2516 2400 56

2199 2344 2232 2398 6
2447 2347 2516 2400 56

2161 2343 2233 2538 Eg
2689 2489 2956 2552 Albucius
2989 2489 3102 2544 Silo
3129 2486 3684 2553 Novariensisclarus

2619 2559 2805 2615 rhetor
2830 2561 3169 2630 agnoscitur.

2162 2695 2231 2752 29
2451 2698 2519 2752 59

503 2891 721 2971 Marcus
749 2896 958 2952 Tullius
982 2896 1130 2963 Tiro,
1167 2895 1450 2952 Ciceronis
1479 2896 1725 2964 libertus,
1763 2898 1854 2969 qui
1897 2900 2107 2970 primus
2159 2911 2334 2969 notas~
2362 2916 2758 2967 commentatus
2786 2920 2890 2980 est,
2928 2915 2984 2970 in
3023 2915 3321 2974 Puteolano
3349 2921 3552 2990 praedio
3582 2936 3682 2977 suo

433 3004 606 3066 usque
629 2990 698 3046 ad
727 2994 1079 3049 centesimum
1110 3009 1310 3066 annum
1344 2995 1700 3067 consenescit,

503 3146 537 3201 g
571 3129 850 3202 Augustus
879 3131 1077 3187 Juliam
1108 3133 1271 3187 ﬁliam
1309 3147 1486 3194 suam,
1748 3112 1750 3115 l
1843 3135 1984 3193 2015

429 3200 485 3256 in
510 3200 786 3274 adulterio
826 3202 1241 3274 deprehensam,
1267 3204 1491 3258 damnat

434 3271 650 3328 exsilio.

496 3479 530 3553 Ii
566 3481 846 3552 Augustus
869 3482 1092 3553 'gladia-
1129 3418 1212 3486 R'
1239 3415 1486 3489 DCCL.

427 3552 631 3606 torium
665 3553 859 3608 ludum
891 3552 953 3611 et
992 3555 1184 3611 navale
1211 3565 1489 3614 certamen

434 3621 719 3697 exhibuit.
866 3628 868 3630 '

2161 3141 2230 3195 50
2447 3142 2511 3196 40
2695 3143 2946 3203 Melissus
2965 3147 3302 3223 ‘Spoletinus
3363 3152 3682 3223 grammati-

2624 3229 2741 3286 cu_s_
2755 3218 3096 3286 agnoscitur.

2692 3284 2762 3337 M.
2793 3283 3234 3354 Porcius'Latro,
3254 3289 3478 3358 Latinus
3509 3289 3684 3345 decla-

2620 3363 2817 3431 mator,
2837 3359 2994 3431 taedio
3010 3358 3243 3431 duplicis
3269 3371 3570 3431 quartanm,
3596 3377 3682 3418 se—

2621 3426 2912 3492 metipsum
2944 3426 3240 3492 inter-Tecit.

2687 3441 2912 3549 eugsum
2944 3441 3240 3492 interiecit.

2687 3495 2706 3546 i
2788 3494 2977 3566 ‘yrinus
3000 3513 3068 3566 ex
3112 3500 3342 3560 consilio
3372 3508 3594 3557 senatus
3625 3502 3682 3563 in

2615 3561 2855 3641 Iudaeam
2901 3561 3104 3624 missus
3139 3585 3367 3640 censum
3398 3561 3682 3641 hominum

2616 3637 3139 3710 possessionumque
3165 3637 3445 3696 describit.

2160 3420 2222 3475 51
2442 3423 2503 3476 41

2161 3489 2230 3545 52
2441 3491 2511 3546 ‘2

498 3760 840 3846 Colliguntur
888 3777 1079 3821 omnes
1106 3766 1173 3820 ab
1202 3766 1496 3833 Abraham,
1527 3783 1702 3837 usque
1746 3766 1815 3822 ad
1851 3767 2190 3826 nativitatem
2248 3771 2475 3841 Christi,
2513 3775 2640 3828 anni
2671 3775 2780 3830 duo
2815 3776 2982 3832 millia
3011 3776 3342 3852 quindecim.
3401 3776 3478 3832 Ab
3507 3775 3680 3836 Adam

432 3870 605 3926 usque
631 3858 698 3912 ad
725 3857 1023 3926 Christum,
1055 3860 1295 3930 quinque
1323 3861 1493 3916 millia
1527 3862 1748 3941 ducenti
1788 3867 1896 3918 duo
1927 3867 2128 3939 minus.

498 3969 870 4030 Tertullianus
898 3975 954 4028 in
980 3990 1046 4031 eo
1067 3974 1226 4043 libro,
1257 3990 1416 4046 quem
1447 3981 1638 4032 contra
1670 3975 1887 4034 Judaeos
1912 3979 2154 4050 scripsit,
2190 3980 2418 4035 aﬁirmat
2452 3981 2729 4053 Christum
2758 3997 2847 4050 xu
2878 3999 3021 4047 anno
3043 3985 3273 4057 Augusti
3297 3994 3509 4054 natum,
3539 3996 3593 4044 et
3615 4003 3683 4043 xv

425 4058 633 4141 Tiberii
662 4078 783 4121 esse
810 4079 1052 4136 passum.
1159 4088 1163 4092 ·

497 4309 532 4348 a
574 4295 818 4368 Ἡρώδης
847 4294 1438 4370 Ἀνθηδόναὲπέκτισεν
1463 4299 1822 4368 Ἀγριππίναν
1849 4317 2034 4382 μετοη

425 4386 686 4457 νομάσας.
725 4391 845 4442 Ἔτι
878 4389 935 4443 δὲ
981 4387 1386 4464 Παρασανὰϐαν
1422 4390 1502 4452 είς
1541 4391 1707 4461 τιμὴν
1746 4392 1996 4446 Ἀντιπά-

424 4495 551 4548 τρου
603 4478 697 4532 τοῦ
739 4482 942 4554 πατρὸς
974 4483 1160 4548 αὑτοῦ,
1180 4481 1561 4555 Ἀντιπατρίδα
1583 4481 1835 4553 ὠνόμασε
1854 4499 1867 4513 ·
1901 4485 1996 4538 καὶ

423 4569 588 4640 ἀλλην
608 4573 686 4636 εἰς
711 4575 906 4626 οἰκεῖον
929 4574 1185 4628 ἐκάλεσεν
1206 4575 1395 4646 ὄνομα,
1412 4576 1563 4633 πόλιν
1583 4575 1802 4648 εγείρας
1832 4575 1997 4647 Ἠρώ-

425 4659 553 4714 διον.
585 4659 788 4716 Ibidem
821 4663 885 4728 (3,
914 4663 983 4728 D,
1024 4673 1072 4718 et
1102 4663 1299 4718 Chron.
1329 4665 1510 4733 pasch.
1547 4683 1600 4735 p.
1631 4666 1754 4733 195,
1781 4664 1850 4725 D.

493 4749 524 4804 b
574 4752 819 4824 Ἡρώδης
846 4755 1179 4826 Καισάρειαν
1197 4757 1274 4818 εἰς
1296 4756 1467 4826 ὄνομα
1488 4757 1762 4829 Καίσαρος
1789 4757 1991 4823 ἔκτισε,

426 4841 736 4913 Στράτωνος
758 4844 972 4914 Πύργον
991 4847 1049 4899 τὸ
1064 4847 1190 4917 πρὶν
1206 4847 1367 4900 καλου
1377 4847 1562 4918 μένην.
1585 4847 1780 4904 Chron.
1806 4849 1986 4916 pascit.

425 4949 480 5002 ρ.
517 4934 636 5002 195,
666 4935 735 4989 D.
756 4936 812 4989 Ὀ
858 4938 1020 5000 αὐτὸς
1053 4939 1192 4991 κατὰ
1215 4939 1393 5002 πάσας
1439 4939 1623 5003 πόλεις
1669 4941 1868 5013 Συρίας
1900 4944 1994 4995 καὶ

426 5025 712 5090 Γαλιλαίας
744 5027 1046 5083 ὲπέκτισεν.
1079 5029 1239 5100 Sync.
1267 5046 1324 5098 ρ.
1354 5031 1477 5094 ⁸514,
1514 5031 1584 5089 Ι).

499 5133 527 5170 c
565 5117 812 5188 Τιϐέριος
857 5122 1100 5191 Καῖσαρ,
1151 5121 1609 5193 καταπολεμήσας
1661 5124 1992 5196 Γερμανοὺς,

425 5209 780 5282 αὐτοκράτωρ
811 5212 1170 5283 ἀνηγορεύθη.
1206 5212 1408 5266 Ibidem
1435 5215 1504 5268 A.

498 5299 533 5350 ά
583 5301 842 5368 Ὑρκανὸν
871 5304 934 5355 ὲκ
956 5303 1624 5376 Παρθικῆςὲπανελθόντα
1645 5307 1872 5378 γηραιὸν
1903 5309 1996 5378 φό-

427 5390 507 5460 ϐῳ
541 5392 639 5462 τῆς
669 5394 1214 5468 εὐγενείαςἮρώδης
1242 5397 1448 5451 ἀνεῖλεν
1469 5414 1483 5428 ’
1503 5397 1701 5468 ὁμοίως
1729 5401 1821 5452 καὶ
1855 5401 1997 5469 Ἀρι-

429 5480 710 5550 στόϐουλον
737 5486 851 5539 υἱὸν
883 5487 1048 5540 αὑτοῦ
1082 5488 1361 5558 ἀρχιερέα.
1381 5489 1438 5542 Ὀ
1477 5489 1637 5552 αὐτὸς
1664 5490 1997 5561 Μαριάμνην

430 5575 561 5641 ἰδία»
580 5579 844 5648 γαμετὴν,
863 5578 1137 5651 θυγατέρα
1152 5579 1438 5652 Ὑρκανοῦ,
1459 5583 1554 5635 σὺν
1587 5581 1679 5634 δύο
1692 5583 1878 5636 παισὶν
1899 5583 1996 5634 αύ-

425 5663 521 5717 τοῦ
547 5665 606 5730 ἐξ
636 5667 824 5737 αὐτῆς,
852 5669 1199 5740 ἀνδρωθεῖσιν
1226 5671 1348 5740 ἤδη,
1380 5671 1610 5739 φονεύει,
1633 5672 1727 5726 καὶ
1753 5671 1849 5742 τὴν
1880 5673 2000 5726 Μα-

430 5757 664 5831 ριάμνης
713 5761 941 5831 μητέρα,
971 5762 1174 5816 οἰκείαν
1221 5763 1278 5815 δὲ
1328 5764 1595 5834 πενθερὰν
1635 5765 1662 5815 ὁ
1698 5765 1996 5834 μιαιφόνος.

429 5843 652 5916 Ibidem,
685 5849 748 5906 Β.
780 5852 920 5922 Πρὸς
961 5853 1015 5905 δὲ
1058 5856 1175 5916 ταῖς
1215 5854 1424 5925 ἑτέραις
1456 5854 1620 5909 αὑτοῦ
1650 5855 1998 5926 μιαιφονίαις,

2110 4304 2375 4376 Σαλώμης
2407 4304 2508 4374 τῆς
2541 4305 2676 4368 ιδίας
2705 4305 2939 4375 ἀδελφῆς
2974 4304 3187 4376 ἀναιρεῖ
3225 4306 3317 4360 τὸν
3344 4305 3540 4378 ἀνδρα’
3575 4306 3678 4376 γή-

2115 4413 2312 4465 μαντος
2348 4394 2403 4448 δὲ
2428 4393 2596 4465 αὐτὴν
2627 4395 2835 4466 ἐτέρου,
2870 4396 2964 4448 καὶ
3002 4395 3191 4448 τοῦτον
3219 4396 3636 4466 ὲπιπροστίθησι
3661 4413 3675 4427 ⁸

2111 4490 2204 4540 καὶ
2235 4487 2316 4540 ἔτι
2343 4488 2478 4556 πρὸς
2501 4487 2709 4551 τούτοις
2733 4486 2858 4550 τοὺς
2886 4487 3172 4557 ὑφηγητάς
3189 4487 3295 4540 τῶν
3321 4486 3480 4559 ἱερῶν
3501 4487 3682 4557 νόμων

2109 4581 2204 4633 καὶ
2259 4581 2384 4642 τοὺς
2443 4579 2550 4634 τῶν
2611 4577 2854 4650 πατρίων
2900 4578 3146 4649 ζηλωτὰς
3184 4579 3442 4633 κτίννυσι.
3479 4577 3676 4640 Chron.

2107 4673 2287 4742 pascit.
2316 4689 2368 4741 p.
2395 4671 2521 4738 202,
2552 4672 2622 4728 D.

2105 4815 2108 4819 .
2178 4782 2206 4820 e
2244 4763 2493 4837 Τιϐέριος
2521 4765 2614 4817 ἐπὶ
2643 4764 2767 4839 νίκῃ
2787 4763 3091 4832 Παννονίων
3123 4760 3537 4834 ἐθριάμϐευσεν.
3563 4760 3678 4816 lbi-

2109 4856 2250 4913 dem.

2101 4977 2104 4984 ’
2180 4970 2210 5039 Ῑ
2254 4969 2311 5023 Ὁ
2351 4969 2512 5032 αὐτὸς
2566 4969 2659 5021 ἐπὶ
2713 4967 2838 5042 νίκῃ
2876 4967 3099 5021 Ῥαιτῶν
3127 4968 3225 5022 καὶ
3262 4968 3559 5040 Ἀρμενίων
3588 4967 3682 5022 καὶ

2111 5059 2406 5113 Οὐΐνδικῶν
2437 5060 2531 5113 καὶ
2561 5061 2866 5114 Παννονίων
2897 5059 3316 5131 ἐθριάμϐευσεν.
3345 5060 3569 5117 Ibidem.

2180 5193 2212 5245 g
2248 5173 2552 5244 Αὔγουστος
2587 5174 2806 5244 Ἰουλίαν
2836 5173 2933 5248 τὴν
2957 5175 3148 5238 ἑαυτοῦ
3177 5175 3451 5255 θυγατέρα
3481 5177 3678 5245 ὲφυγάυ

2109 5265 2286 5331 δευσε,
2334 5266 2635 5333 καταγνοὺς
2707 5264 2876 5336 αὐτῆς
2937 5265 3194 5340 μοιχείαν.
3259 5265 3452 5320 Chron.
3495 5271 3674 5334 pascit.

2109 5372 2163 5424 ρ.
2202 5354 2322 5419 194,
2354 5353 2418 5408 Β.

2183 5469 2216 5520 Ii
2253 5467 2563 5538 Αὔγουστος
2594 5471 2835 5540 παρέσχε
2861 5471 3169 5542 ναυμαχίαν
3197 5471 3290 5524 καὶ
3322 5469 3678 5541 μονομαχίαν.
3745 5467 3770 5518 ’.

2098 5558 2276 5633 Sync.
2305 5576 2356 5629 p.
2391 5559 2514 5623 514,
2552 5559 2619 5612 Α.

2185 5671 2204 5724 ἱ
2254 5670 2388 5724 Ὑπὸ
2428 5671 2524 5740 τῆς
2573 5670 2872 5743 συγκλήτου
2902 5671 3096 5742 βουλῆς
3129 5675 3382 5745 Κυρίνιος
3417 5674 3681 5745 ἐπιμελητ-

2114 5763 2213 5835 τὴς
2268 5762 2602 5834 ἐξεπέμφθη,
2637 5763 2832 5817 οὐσιῶν
2880 5765 2974 5819 καὶ
3021 5766 3317 5836 οἰκητόρων
3363 5767 3712 5848 ἀναγραφὰς⁷

2117 5854 2453 5926 ποιούμενος.
2493 5853 2640 5909 Idem
2677 5872 2730 5925 p.
2771 5855 2893 5922 316,
2927 5853 2969 5912 Β
