4142 6400
497 357 603 432 53s
1743 353 2133 410 cuuomcon

2112 353 2243 408 KUM
2282 351 2411 408 LIB.
2454 351 2517 407 11.
3651 339 3748 398 551

508 517 1125 534 _—————-——

1603 636 1800 676 οιῑιιιι.
1877 633 2139 674 CHRISTUS
2209 633 2326 673 δυο.
2507 632 2637 673 1101.

2193 729 2368 786 Hero-
2439 731 2695 788 Tiberius

2200 803 2299 857 des

562 943 726 1000 Caius
757 947 764 960 '
791 945 1018 1003 Asinius
1058 946 1246 1004 Gallus
1270 989 1284 1011 ,
1331 951 1550 1009 orator,

1881 904 2092 916 uim—-
2161 901 2373 994 --Ῑ
2389 900 2835 997 ιιῖὶῖῇἒιιιυδ
2861 938 3158 1009 imperator
3185 939 3346 996 annis
3379 957 3516 996 uin

493 1015 664 1070 Asinii
705 1015 966 1074 Pollionis
997 1019 1158 1080 (ilius,
1199 1019 1358 1080 cujus
1386 1019 1547 1073 etiam

497 1084 752 1156 Virgilius
803 1090 1072 1152 meminit,
1106 1075 1238 1144 diris
1265 1075 1295 1142 5
1325 1087 1548 1144 Tiberio
2011 1086 2039 1138 ὁ
2079 1082 2169 1141 lll.
2203 1077 2529 1138 HERODES
2557 1077 2831 1136 tetrarcha
2859 1078 3018 1135 annis
3047 1085 3180 1135 xxiv

493 1157 774 1228 suppliciis
815 1169 1063 1214 necatur.

1937 1249 2007 1304 15
2256 1248 2280 1300 1
2543 1245 2567 1297 1

1940 1320 2008 1373 16
2257 1316 2294 1370 2
2547 1314 2584 1366 2

1587 1371 1726 1440 199
1941 1371 2010 1443 ii
2263 1388 2297 1441 δ
2550 1385 2586 1439 5

571 1460 755 1534 Livius
819 1460 1297 1534 bistoriographus
1348 1460 1558 1516 Patavii
1949 1461 2016 1515 18
2267 1459 2302 1513 1
2547 1455 2584 1508 4
2700 1533 2705 1534 γ
2749 1454 3133 1534 _Gerr_nanicus
3195 1456 3381 1512 Caesar
3417 1457 3485 1512 de
3536 1457 3752 1514 Parthis

493 1533 743 1590 moritur.
1059 1525 1085 1534 ⁷
1157 1525 1175 1532 ’
2693 1525 3010 1595 triumphat.

560 1703 586 1740 c
615 1684 1040 1754 Quatuordecim
1075 1684 1150 1755 (1)
1180 1684 1355 1740 urbes
1387 1691 1700 1739 terraemotu
1745 1687 2092 1748 corruerunt,
2129 1679 2396 1752 Ephesus,
2457 1680 2757 1751 Magnesia,
2815 1678 3026 1744 Sardis,
3071 1681 3372 1750 Mosthene,
3418 1681 3589 1755 Egae,
3623 1684 3754 1740 llic-

491 1795 812 1845 rocazsarea,
843 1779 1242 1849 Philadelphia,
1270 1777 1520 1842 Tmolus,
1552 1775 1815 1842 Temnus,
1838 1775 2027 1846 Cyme,
2063 1773 2318 1845 Smyrna,
2349 1773 2660 1842 Apollonia,
2696 1773 2812 1842 Dia,
2851 1773 3146 1845 Hyrcania.

561 1871 790 1928 Ovidius
820 1879 980 1941 poeta
1018 1871 1072 1925 in
1091 1870 1284 1926 exsilio
1312 1868 1474 1939 perit,
1505 1875 1560 1924 et
1584 1867 1737 1938 juxta
1766 1865 2027 1938 oppidum
2068 1865 2268 1920 Tomos
2286 1863 2583 1936 (sepelitur.

558 2095 862 2178 Fenestella
883 2135 916 2178 ,.
949 2031 1118 2178 hi-R_°
1163 2027 1540 2175 DCGLXX'
2255 2019 2290 2142 ἓ

488 2173 784 2236 storiarum
814 2173 1048 2236 scriptor
1059 2175 1112 2220 et
1134 2173 1463 2227 carminum,
1480 2178 1565 2236 se-

491 2196 594 2222 διυι
607 2196 676 2220 1611
693 2196 784 2238 ιιιιμ
814 2196 892 2222 θυι
905 2196 1038 2236 ιυιυι
1059 2196 1112 2220 Cl
1134 2196 1218 2246 Lt'll
1236 2196 1463 2227 IIIIIIUIII,
1480 2196 1565 2244 D?‘

491 2237 828 2308 ptingesimo
873 2252 1017 2292 anno
1059 2244 1314 2301 moritur,
1365 2236 1560 2304 sepeii-
1949 2233 2014 2289 2i
2267 2235 2296 2286 7
2552 2231 2584 2284 7

488 2305 684 2378 torque
714 2305 926 2362 Cumis.

556 2462 817 2522 Tiberius,
838 2463 1039 2517 multos
1069 2477 1228 2534 reges
1253 2461 1321 2516 ad
1350 2477 1410 2517 se
1434 2476 1531 2532 per
1559 2460 1856 2517 blanditias
1885 2469 2146 2518 evocatos
2185 2476 2468 2531 nunquam
2499 2460 2711 2516 remisit
2736 2477 2749 2512 :
2776 2461 2831 2514 in
2852 2460 3054 2532 quibus
3077 2467 3130 2515 et
3163 2461 3493 2516 Archelaum
3525 2460 3745 2534 Cappa-

489 2558 698 2624 docem,
729 2559 888 2630 cujus
936 2573 1106 2630 regno
1144 2557 1200 2617 in
1233 2557 1570 2629 provinciam
1599 2572 1782 2624 verso,
1816 2556 2094 2616 Mazacam
2137 2557 2544 2614 nobilissimam
2580 2557 2884 2620 civitatem,
2911 2555 3219 2612 Caesaream
3258 2557 3524 2628 appellari
3552 2559 3744 2628 jussit.

1931 2652 2003 2706 22
2256 2653 2290 2708 8
2535 2651 2570 2704 8
2749 2649 2783 2702 d
2816 2647 3063 2720 Pompeii
3111 2649 3384 2706 theatrum
3437 2652 3752 2707 incensumo.

556 2739 586 2777 e
624 2723 880 2806 Tiberius
930 2721 1170 2780 Drusum
1226 2728 1541 2778 consortem
1930 2722 2003 2778 25
2257 2725 2291 2778 9
2539 2720 2574 2774 9

488 2808 546 2854 re
624 2794 638 2848 i
675 2794 824 2848 facit.

550 2809 767 2920 IIII-usus
793 2864 977 2920 Caesar
1009 2879 1216 2919 veneno
1250 2864 1409 2934 perit.
1931 2863 2003 2919 24
2221 2864 2290 2919 10
2507 2859 2574 2916 16

558 2958 586 3026 f
605 2955 889 3028 Philippus
919 2956 1198 3015 tetrarcha
1227 2956 1284 3012 in
1310 2955 1467 3030 Syria
1495 2958 1759 3015 thnice
1805 2957 2084 3015 civitatem
2126 2957 2392 3022 condidit,
2418 2971 2541 3027 quae
2580 2969 2728 3010 nunc
2750 2953 2956 3010 dicitur
2992 2952 3294 3019 Paneades,
3329 2955 3385 3008 in
3428 2971 3534 3025 qua
3576 2957 3750 3026 pluri-

487 3067 604 3107 mas
631 3050 778 3106 aedes
807 3057 1214 3114 construxerat,
1244 3066 1408 3122 quam
1433 3058 1566 3109 tunc
1617 3053 1925 3109 Caesaream
1951 3051 2216 3125 .Philippi
2243 3050 2480 3108 vocavit.
2544 3050 2614 3104 Et.
2637 3046 2908 3103 Juliadem
2944 3046 3089 3103 idem
3139 3045 3422 3118 Philippus
3470 3047 3761 3106 tetrarcha.

487 3143 650 3199 aiam
678 3141 957 3198 civitatem
979 3139 1246 3197 condidit.

555 3297 625 3366 Q.
660 3297 941 3361 Haterius,
972 3307 1260 3370 promptus
1293 3303 1349 3352 et
1366 3311 1544 3370 popu-
1578 3301 1706 3370 201
1934 3296 2007 3353 25
2219 3298 2282 3351 11
2504 3297 2560 3350 ii
2755 3296 2980 3352 Servius
3042 3295 3312 3370 Plautus,_
3337 3296 3581 3370 corrupti
3617 3368 3623 3370 _
3653 3297 3756 3352 lilii.

486 3369 620 3424 laris
654 3375 862 3436 orator,
887 3366 1064 3438 usmie
1080 3366 1147 3422 ad
1165 3368 1577 3438 nonagesimum
1605 3366 1608 3367 ⁷
1641 3366 1654 3370 ⁷
1691 3366 1698 3368 ⁷
2676 3385 2830 3434 reus,
2864 3373 3036 3423 semet
3064 3367 3118 3421 in
3141 3367 3352 3436 judicio
3390 3366 3675 3422 interﬁcit.

485 3454 658 3510 prope
706 3454 912 3494 annum
968 3441 1026 3494 in
1083 3454 1299 3496 summo
1346 3441 1555 3492 honore

487 3504 856 3566 consenescit.
1935 3507 2006 3582 26
2221 3509 2290 3582 i2
2503 3507 2572 3582 l2
2692 3509 3016 3582 ngiiatus
3070 3519 3402 3582 procurator
3457 3504 3662 3562 Iudaeae
3716 3524 3748 3563 ιι

1936 3580 2009 3642 27
2215 3580 2284 3634 15
2500 3579 2569 3634 15
2691 3579 2914 3636 Tiberio
2942 3580 3199 3634 mittitur.
3308 3601 3312 3605 ·

562 3649 828 3706 Votienus
845 3649 1154 3713 Montanus,
1171 3649 1545 3705 Narbonensis
1935 3651 2007 3705 28
2215 3651 2284 3706 M
2501 3649 2572 3703 14
2757 3652 2790 3704 It
2823 3650 3069 3706 Herodes
3092 3651 3367 3703 civitatem
3402 3647 3750 3704 Tiberiadem

483 3733 688 3815 οῖιθιοιῖν
711 3723 767 3815 ‘3'
788 3721 1088 3815 93333-11.
1118 3741 1550 3815 DCCLXXX.
1579 3745 1724 3812 202
1935 3722 2007 3780 29
2215 3723 2284 3778 ‘5
2499 3721 2567 3776 ‘5
2687 3722 2957 3815 candidi,
2983 3736 3148 3815 51".?“
3165 3719 3550 3815 .9b.‘.'°.'19.t°1"
3583 3718 3752 3815 3592:

485 3797 637 3850 ribus
660 3793 856 3848 insulis
873 3806 983 3844 m0-
999 3788 1092 3820 "’~
1119 3788 1550 3819 ”“”““““'
1582 3788 1724 3812 θυθ
2687 3793 2752 3848 rii
2794 3788 3117 3852 nominavit,
3160 3797 3215 3845 et
3253 3788 3535 3846 Liviadem
3582 3789 3754 3843 aliam

487 3867 646 3929 ritur,
672 3879 704 3918 a
729 3862 953 3919 Tiberio
975 3859 1088 3916 illic
1114 3862 1407 3933 relegatus.
2689 3862 2935 3919 condidit
2959 3861 3259 3916 civitatem.

554 3978 830 4036 iJoannes
867 3980 1011 4036 ﬁlius
1045 3979 1326 4038 Zacharia:
1348 3983 1401 4036 in
1431 3983 1649 4040 deserto
1671 3984 1826 4055 juxta
1854 3985 2148 4042 Iordanem
2198 3985 2424 4041 fluvium
2461 3985 2791 4057 prmdicans,
2815 3982 3095 4040 Christum
3125 3979 3327 4038 Filium
3361 3980 3454 4037 Dei
3479 3981 3537 4035 in
3569 3979 3752 4035 medio

482 4086 675 4126 eorum
724 4070 918 4128 adesse
944 4077 1194 4128 testatur.
1235 4071 1356 4144 ipse
1385 4089 1603 4146 quoque
1629 4075 1894 4134 Dominus
1924 4076 2085 4134 Jcsus
2116 4077 2370 4134 Christus
2399 4077 2528 4133 hinc
2563 4078 2618 4132 in
2648 4077 2881 4147 populos
2924 4077 3221 4131 salutarem
3257 4072 3403 4128 viam
3435 4073 3748 4136 annuntiat,

484 4166 654 4237 signis
685 4175 845 4236 atque
870 4165 1164 4223 virtutibus
1194 4183 1321 4222 vera
1351 4172 1719 4241 comprobans
1747 4188 1892 4237 esse,
1923 4189 2048 4243 quae
2079 4172 2311 4227 diceret.
2341 4169 2748 4242 Computantur
2786 4169 2842 4224 in
2870 4175 3190 4238 prazsentem
3226 4181 3458 4229 annum,
3491 4164 3545 4219 id
3573 4171 3659 4219 est
3682 4179 3752 4219 xv

483 4255 685 4314 Tiberii
716 4256 970 4323 Caesaris,
1005 4274 1035 4312 a
1071 4259 1314 4315 secundo
1339 4275 1485 4318 anno
1521 4263 1941 4320 instaurationis
1979 4264 2188 4334 templi,
2224 4278 2347 4334 quae
2386 4262 2530 4316 facta
2559 4270 2645 4316 est
2669 4261 2774 4316 sub
2803 4260 2976 4316 altero
3003 4274 3149 4312 anno
3193 4257 3340 4312 Darii
3380 4258 3525 4327 regis
3551 4255 3748 4312 Persa-

484 4365 625 4414 rum,
652 4351 778 4404 anni
808 4367 1032 4406 nxuiu.
1057 4352 1103 4406 A
1135 4351 1427 4409 Salomone
1481 4363 1686 4420 autem,
1716 4366 1772 4412 et
1816 4357 1991 4427 prima
2024 4356 2388 4412 aediﬁcatione
2415 4356 2624 4427 templi,
2664 4355 2792 4409 anni
2822 4354 2972 4408 mille
3001 4369 3069 4406 Lx
3103 4351 3201 4424 [aL
3241 4349 3355 4423 XL].
3396 4351 3444 4404 A
3483 4349 3667 4422 Moyse
3697 4366 3754 4412 et

482 4459 732 4514 regressu
776 4441 996 4500 Israelis
1037 4460 1105 4499 ex
1153 4445 1406 4517 Egypto,
1437 4448 1568 4502 anni
1612 4465 1878 4505 unxxxrx.
1904 4448 1986 4505 Ab
2036 4450 2313 4511 Abraham
2357 4457 2412 4506 et
2451 4465 2624 4520 regno
2658 4447 2786 4502 Nini
2826 4455 2878 4502 et
2908 4445 3317 4512 Semiramidis,
3358 4446 3488 4500 anni
3519 4461 3749 4500 Μίκων·

481 4535 526 4588 Α
557 4533 761 4588 diluvio
784 4549 960 4603 usque
997 4535 1064 4590 ad
1080 4535 1375 4604 Abraham,
1405 4539 1532 4592 anni
1559 4555 1828 4596 nccchu.
1864 4541 1948 4597 Ab
1977 4541 2149 4598 Adam
2180 4558 2357 4613 usque
2385 4542 2455 4598 ad
2475 4542 2768 4606 diluvium,
2801 4539 2932 4594 anni
2961 4552 3250 4594 unoculi.

551 4711 584 4746 a
631 4692 917 4763 Ῥωμαίων
944 4678 999 4760 γ)-
1026 4692 1294 4765 μόναρχος
1337 4693 1586 4765 Τιϐέριος
1613 4694 1706 4766 ἐτη
1758 4694 1863 4765 κγ’.
1897 4695 2058 4766 Sync.
2164 4697 2387 4769 σάρειαν
2415 4695 2683 4749 Φιλίππου
2705 4694 3152 4766 προσωνόμασεν.
3196 4693 3254 4746 '0
3288 4691 3452 4758 αὐτὸς
3486 4691 3750 4751 Ἰουλιάδα

477 4801 532 4856 p.
562 4787 688 4850 519,
722 4786 790 4841 Α.

2161 4789 2472 4860 ἀνήγειρεν.
2505 4786 2730 4841 Ibidem.

549 4879 580 4935 b
618 4878 886 4932 Ἰουδαίων
915 4883 963 4946 γ’
999 4877 1252 4948 Ἡρώδης
1284 4877 1378 4950 ἔτη
1405 4878 1483 4932 κδ’
1516 4920 1528 4932 .
1569 4878 1796 4936 Ibidem.
2230 4899 2262 4952 g
2292 4881 2541 4951 Τιϐέριος
2599 4881 2824 4933 Πόντιον
2880 4877 3111 4934 Πιλᾶτον
3163 4877 3410 4950 ἡγεμόνα
3456 4877 3558 4948 τῆς
3615 4878 3748 4933 Ἰου·

551 4988 578 5024 c
608 4969 673 5023 ἰδ’
698 4969 879 5032 πόλεις
897 4966 1439 5039 κατεπτώθησανυέ),
1461 4969 1714 5038 Ἔφεσος,
1743 4969 2058 5040 Μαγνησία,
2160 4975 2316 5038 δαίας
2352 4971 2678 5044 ἐξέπεμψεν.
2710 4969 2936 5025 Ibidem.
3533 4973 3536 4977 ’

481 5063 723 5135 Σάρδεις,
750 5058 1028 5131 Μοστηνὴ,
1076 5059 1261 5127 Αἰγαὶ,
1306 5060 1754 5130 Ἰεροκαισάρεια,
1805 5061 2058 5115 Φιλαδελ-
2235 5067 2267 5119 li
2312 5064 2558 5138 Ἡρώδης
2604 5063 2818 5118 ἔκτισεν
2851 5061 3145 5135 Τιϐεριάδα
3177 5064 3258 5125 είς
3289 5063 3461 5133 ὄνομα
3495 5062 3746 5133 Τιϐερίου

482 5157 599 5225 φία,
621 5154 867 5226 Τμῶλος,
911 5152 1149 5222 Τῆμνος,
1184 5151 1420 5222 Μυρῖνα,
1468 5151 1658 5224 Κύμη,
1707 5152 2057 5220 Ἀπολλωνία,
2164 5158 2463 5229 Καίσαρος.
2498 5155 2724 5210 Ibidem.

481 5249 600 5313 Δία,
643 5247 926 5318 Ὑρκανία.
957 5243 1183 5306 Ibidem,
1211 5243 1275 5295 Β.
2236 5248 2254 5300 i
2297 5247 2570 5318 Ἰωάννης,
2597 5247 2868 5319 Ζαχαρίου
2898 5246 3032 5314 υἱὸς,
3065 5247 3125 5299 ὲν
3166 5249 3232 5318 τῇ
3268 5248 3461 5318 ἐρήμῳ
3490 5244 3642 5317 παρὰ
3668 5244 3750 5316 τῷ

551 5341 587 5394 d
613 5341 901 5412 Πομπηΐου
953 5339 1179 5408 θέατρον
1222 5338 1551 5411 ἐνεπρήσθη.
1583 5337 1730 5394 Idem
1754 5357 1806 5410 p.
1832 5339 1955 5405 520,
1990 5341 2054 5395 Β.
2181 5340 2420 5413 Ἰορδάνῃ
2475 5339 2706 5411 ποταμῷ
2737 5335 2898 5412 ἦλθεν
2955 5337 3438 5409 εὐαγγελιζόμενος
3467 5338 3525 5390 ἐν
3563 5337 3750 5408 μέσοις

549 5451 577 5487 e
606 5433 875 5504 Τιϐέριος,
924 5429 1158 5503 Δροῦσον
1213 5429 1315 5498 τῆς
1368 5430 1546 5501 ἀρχῆς
1601 5431 1856 5486 κοινωνὸν
1889 5449 2058 5502 προσ-
2163 5433 2348 5496 αὐτοῖς
2387 5433 2485 5504 ἤδη
2531 5436 2784 5505 παρεῖναι
2845 5431 2936 5486 τὸν
2987 5430 3222 5503 Χριστὸν
3277 5431 3371 5484 τοῦ
3428 5429 3588 5484 Θεοῦ.
3639 5431 3752 5484 Καὶ

478 5523 793 5593 λαϐόμενος,
807 5523 946 5578 κατὰ
961 5522 1152 5594 μικρὸν
1179 5518 1255 5582 ὡς
1276 5522 1553 5595 φαρμάκῳ
1570 5523 1799 5578 ἀνεῖλεν.
1825 5522 2048 5578 Ibidem.

2161 5525 2323 5589 αὐτὸς
2363 5527 2392 5578 ὁ
2441 5525 2658 5597 Ἰησοῦςι
2719 5524 2972 5598 Χριστὸς,
3024 5541 3079 5578 κ.
3131 5541 3181 5577 τ.
3230 5524 3279 5576 λ.
3318 5521 3514 5579 Chron.
3565 5521 3750 5592 pascit.

553 5617 580 5686 f
604 5617 867 5680 Φίλιππος
909 5616 1233 5690 τετράρχης,
1267 5615 1542 5671 Παναιάδα
1573 5617 1888 5681 ἀνακτίσας,
1915 5618 2052 5670 Και-
2155 5631 2208 5683 ρ·
2239 5616 2363 5683 209,
2389 5617 2452 5671 Β.
2930 5603 2932 5608 ’

552 5730 628 5804 (1)
656 5731 732 5804 Ita
756 5733 1013 5803 antiquus
1034 5733 1202 5788 codex
1242 5733 1364 5788 Vat.
1396 5734 1816 5803 quatuordecim,
1849 5749 1980 5799 non,
2007 5739 2066 5786 ut
2104 5734 2282 5804 vulgo,
2325 5733 2589 5789 tredecim.

550 5803 627 5874 (‘2)
668 5801 922 5865 Fortasse
944 5805 1049 5875 leg.
1085 5801 1485 5876 κατεπόθησαν,
1521 5805 1782 5874 absorpta:
1817 5816 1957 5860 sunt.
1997 5804 2153 5864 Eon.
