4142 6400
1165 413 1440 486 ΕυδΕΒΙΙ
1479 411 1968 481 ΟΕΒᾹΒΙΕΝΞΙΞ
2001 419 2152 478 ΟΡΡ.
2197 418 2380 476 PARS
2410 419 2454 476 l.
2489 449 2559 463 —
2595 413 2988 475 HISTORICA.

1529 675 1744 730 ouum,
1812 674 2076 717 camsrus
2174 675 2296 716 δυο.
2461 673 2593 714 nou.

2147 751 2325 809 Hero-
2363 751 2616 813 Tiberius

2182 824 2280 880 des

525 1076 560 1114 a
586 1055 748 1116 Jesus
784 1058 1062 1124 Christus,
1115 1055 1289 1122 Filius
1313 1055 1431 1124 Dei,
1463 1059 1761 1118 salutarem
1811 1059 2028 1118 cunctis
2057 1058 2366 1152 praedicans
2397 1057 2562 1129 viam,
2587 1055 2877 1124 miracula,
2914 1071 3036 1128 quae
3062 1056 3120 1111 in
3151 1053 3459 1130 Evangeliis
3499 1057 3711 1132 scripta

449 1161 598 1220 sunt,
635 1153 784 1210 facit.

1901 1276 1966 1356 si
2187 1276 2256 1330 ιτ
2467 1275 2539 1330 ιτ

514 1386 678 1444 Jesus
713 1385 994 1453 Christus,
1029 1386 1203 1443 Filius
1231 1385 1349 1452 Dei,
1385 1386 1692 1460 discipulos
1739 1405 1873 1448 suos
1894 1389 2097 1450 divinis
2129 1391 2382 1452 imbuens
2411 1389 2795 1456 sacramentis,
2825 1397 2888 1446 ut
2907 1386 3180 1446 universis
3204 1385 3460 1460 gentibus
3488 1402 3714 1452 conver-

447 1481 659 1538 sionem
699 1481 770 1537 ad
789 1481 963 1538 Deum
988 1483 1266 1549 nuntient,
1297 1481 1546 1552 imperat.

1609 1663 1752 1736 ποθ
1895 1637 1968 1765 ιι
2177 1637 2248 1764 ιι
2457 1637 2530 1763 ιι

515 1892 546 1946 b
585 1891 748 1948 Jesus
765 1889 1021 1949 Christus
1040 1889 1346 1948 secundum
1402 1891 1743 1964 pmphetias,
1778 1904 1902 1962 quae
1947 1889 2016 1946 de
2037 1903 2104 1946 eo
2135 1889 2353 1946 fuerant
2383 1890 2714 1962 praeloeltae,
2747 1891 2816 1948 ad
2860 1893 3176 1964 passionem
3232 1893 3385 1950 venit
3431 1908 3576 1950 anno
3619 1893 3714 1950 Ti-

441 1984 582 2048 berii
599 2001 738 2042 xvnr
769 2005 783 2042 :
810 2001 920 2057 quo
944 1996 1198 2056 tempore
1217 1985 1383 2041 etiam
1406 1985 1464 2041 in
1483 1985 1606 2044 aliis
1634 1985 1981 2041 ethnicorum
2003 1983 2420 2042 commentariis
2450 1985 2568 2042 haec
2587 1986 2656 2042 ad
2684 1986 2913 2066 verbum
2941 1988 3150 2065 scripta
3185 1987 3496 2059 reperimus
3521 2005 3534 2042 :
3566 1985 3712 2043 Solis

442 2077 590 2134 theta
621 2077 856 2134 defectio
889 2096 904 2134 :
941 2076 1200 2150 Bithynia
1229 2086 1544 2135 terrmmotu
1585 2092 1878 2143 concussa,
1911 2084 1966 2132 et
1993 2077 2052 2132 in
2103 2077 2240 2136 urbe
2267 2075 2486 2133 Nicaena
2517 2077 2662 2134 aedes
2696 2079 2947 2150 plurimae
2985 2088 3332 2135 corruerunt.
3367 2078 3500 2146 Quae
3525 2079 3711 2134 omnia

439 2169 530 2227 his
563 2179 894 2244 congruunt,
927 2187 1048 2244 quae
1077 2172 1132 2227 in
1163 2173 1421 2244 passione
1459 2172 1678 2230 Domini
1730 2171 2070 2228 acciderunt.
2110 2169 2314 2228 Scribit
2334 2187 2466 2244 vero
2504 2188 2671 2244 super
2703 2172 2791 2230 his
2821 2181 2876 2230 et
2912 2172 3178 2245 Phlegon,
3212 2174 3307 2245 qui
3340 2173 3734 2246 olympiadum‘

439 2264 696 2336 egregius
717 2272 1049 2337 supputator
1077 2275 1182 2332 est,
1217 2266 1275 2321 in
1304 2265 1470 2322 tertio
1495 2265 1708 2322 decimo
1734 2255 1886 2320 libro
1903 2266 1980 2320 ita
2007 2265 2199 2322 dicens
2225 2284 2239 2321 :
2265 2263 2474 2332 Quarto
2505 2273 2692 2322 autem
2730 2281 2878 2321 anno
2905 2280 3014 2323 con
3048 2265 3398 2339 Olympiadis,
3427 2278 3624 2336 magna
3657 2270 3714 2319 et

438 2359 718 2416 excellens
752 2360 894 2417 inter
923 2377 1136 2428 omnes,
1161 2377 1284 2434 quae.
1319 2371 1448 2418 ante
1487 2376 1607 2418 eam
1643 2361 1979 2427 acciderant,
2019 2361 2252 2418 defectio
2286 2360 2420 2418 solis
2453 2366 2540 2418 est
2578 2359 2725 2418 facta
2752 2380 2768 2417 :
2796 2361 2937 2426 dies,
2984 2360 3120 2416 hora
3143 2368 3320 2422 sexta.
3361 2360 3436 2415 ita
3476 2359 3532 2414 in
3565 2365 3713 2417 tene-

437 2449 660 2518 brosam
691 2461 908 2510 noctem
931 2467 1149 2518 versus,
1187 2459 1249 2508 ut
1290 2453 1461 2508 stellzn
1489 2451 1546 2506 in
1578 2451 1720 2512 emlo
1763 2450 1896 2507 visae
1944 2449 2060 2506 sint
2092 2469 2106 2507 :
2138 2456 2410 2521 terraeque
2449 2455 2636 2508 motus
2674 2450 2730 2514 in
2775 2449 3030 2521 Bithynia
3055 2447 3289 2505 Nicmnae
3331 2448 3486 2505 urbis
3510 2449 3712 2504 multas

439 2547 586 2606 aedes
617 2547 906 2604 subvertit.
937 2546 1066 2604 Hac
1089 2549 1438 2618 supradictus
1459 2547 1566 2603 vir.

509 2639 908 2716 Argumentum
947 2650 1129 2700 autem
1161 2642 1326 2716 huius
1354 2643 1452 2707 rei,
1487 2641 1634 2713 quod
1667 2639 1920 2698 Salvator
1953 2641 2061 2698 isto
2091 2655 2234 2708 anno
2276 2653 2478 2711 passus
2521 2639 2614 2704 sit,
2644 2638 2799 2695 affert
2834 2637 3188 2712 Evangelium
3218 2637 3486 2694 Joannis:
3519 2637 3576 2692 in
3603 2651 3713 2708 quo

439 2731 725 2799 scribitur,
752 2739 877 2802 post
906 2747 975 2787 xv
999 2747 1203 2786 annum
1229 2730 1434 2787 Tiberii
1477 2731 1715 2788 Caesaris
1745 2732 1920 2787 tribus
1946 2731 2106 2786 annis
2133 2730 2426 2792 Dominum
2471 2729 2820 2799 praedicasse.
2869 2727 3145 2800 Iosephus
3174 2729 3362 2794 etiam,
3383 2728 3712 2784 vernaculus

435 2823 750 2882 Iudaeorum
800 2825 1058 2895 scriptor,
1089 2825 1238 2880 circa
1289 2824 1404 2880 luce
1455 2832 1700 2894 tempora
1749 2824 1838 2880 die
1887 2824 2243 2880 Pentecostes
2288 2823 2604 2878 sacerdotes
2633 2822 2870 2892 primum
2910 2821 3333 2876 commotionem
3372 2820 3618 2875 locorum
3656 2825 3713 2876 et

437 2917 706 2990 quosdam
764 2919 978 2975 sonitus
1039 2921 1284 2976 sensisse
1325 2926 1562 2984 testatur
1588 2939 1602 2975 :
1627 2919 1824 2976 deinde
1879 2935 1948 2975 ex
1999 2920 2185 2975 abdito
2225 2917 2412 2988 templi
2453 2918 2796 2990 repentinam
2835 2917 3089 2987 erupisse
3113 2931 3304 2972 vocem
3359 2915 3662 2970 dicentium
3689 2928 3710 2970 :

437 3015 899 3094 Trausmigremtts
931 3032 997 3071 ea:
1017 3017 1101 3072 Ιιὶε
1135 3017 1368 3072 sedibus.
1399 3017 1602 3074 Scribit
1649 3026 1832 3074 autem
1869 3018 2222 3096 supradictus
2255 3018 2361 3086 vir,
2404 3017 2551 3088 quod
2590 3016 2781 3071 eodem
2821 3029 2966 3069 anno
3002 3013 3214 3068 Pilatus
3253 3026 3458 3082 praeses
3497 3017 3712 3067 secreto

433 3113 618 3168 noctis
641 3113 908 3185 imagines
927 3113 1162 3169 Caesaris
1196 3114 1254 3169 in
1289 3114 1490 3184 templo
1513 3114 1767 3169 statuerit
1791 3131 1806 3181 ;
1839 3123 1892 3170 et
1921 3115 2038 3169 haec
2075 3115 2251 3184 prima
2292 3112 2578 3170 seditionis
2601 3119 2656 3168 et
2683 3111 2969 3166 turbarum
2997 3108 3201 3164 Judaeis
3217 3123 3384 3164 causa
3413 3107 3712 3191 exstiterit.

433 3203 519 3260 Et
557 3205 662 3260 hoc
685 3205 809 3262 loco
841 3206 1330 3277 considerandum,
1363 3214 1586 3278 quantae
1618 3208 1961 3266 calamitates
1987 3206 2246 3277 deinceps
2272 3204 2590 3262 Iudaeorum
2611 3212 2827 3286 gentem
2855 3201 3248 3275 oppresserint.
3666 3188 3671 3193 ’

505 3378 534 3416 c
561 3360 830 3435 Ecclesiae
853 3360 1356 3435 Hierosolymorum
1385 3363 1500 3435 pri-
1889 3362 1959 3420 54
2169 3361 2243 3416 20
2453 3359 2527 3416 20.

431 3447 559 3488 mus
599 3434 888 3503 episcopw~
921 3435 990 3487 ab
1047 3434 1312 3503 apostolis
1359 3434 1507 3488 ordi-

429 3511 598 3575 natus
626 3501 890 3575 J_acobus,
931 3504 1027 3575 qui
1056 3501 1110 3567 et
1153 3504 1374 3572 habitus
1411 3513 1503 3560 est

430 3571 605 3628 frater
632 3572 870 3629 Domini.

506 3729 736 3790 Cassius
764 3729 1022 3799 Severus,
1071 3741 1262 3788 orator
1323 3731 1598 3804 egregius,
1657 3728 1751 3802 qui
1806 3727 2164 3798 Quintianum
2203 3728 2301 3803 Eat.
2332 3727 2756 3802 Quintilianum]
2803 3729 2937 3786 illud
2977 3729 3321 3801 proverbium
3349 3723 3428 3800 (1)
3477 3727 3704 3794 luserat.

429 3839 539 3882 xxv
567 3813 749 3882 exsilii
783 3829 870 3883 sui
899 3843 1044 3884 anno
1076 3829 1133 3884 in
1163 3845 1379 3885 summa
1407 3829 1592 3900 inopia
1614 3829 1868 3895 moritur,
1890 3827 1981 3884 vix
2006 3842 2190 3898 panno
2218 3825 2456 3884 verenda
2483 3835 2791 3882 contectus.
3003 3805 3006 3814 I

2124 4005 2269 4061 κατὰ
2307 4007 2562 4078 Ἰωάννην
2591 4004 2921 4074 Εὑαγγελίου
2967 4003 3262 4077 μαρτυρία,
3298 4003 3418 4075 ἥτις
3465 4001 3602 4074 μετὰ
3645 3999 3708 4054 τὸ

2126 4105 2188 4151 ιε’
2221 4097 2340 4162 ἔτος
2375 4096 2626 4169 Τιϐερίου
2659 4097 2843 4171 τριετῆ
2895 4097 3087 4168 χρόνον
3113 4097 3210 4166 τῆς
3243 4094 3591 4158 διδασκαλίας
3611 4093 3708 4147 αύ-

502 4020 536 4057 α
574 4003 781 4074 Ἰησοῦς
813 4007 844 4059 ὁ
871 4007 1109 4078 Χριστὸς
1157 4007 1424 4082 κηρύσσει
1463 4009 1525 4063 τὸ
1557 4007 1891 4079 Εὐαγγέλιον
1921 4009 2020 4081 τῆς

432 4090 728 4162 βασιλείας.
760 4093 957 4150 Chron.
992 4099 1174 4167 pasch.
1203 4117 1256 4170 p.
1289 4099 1416 4163 210,
1451 4099 1520 4154 D.

503 4183 532 4236 ὁ
559 4185 766 4256 Ἰησοῦς
795 4188 824 4239 6
848 4189 1081 4260 Χριστὸς
1107 4192 1136 4244 6
1153 4191 1282 4254 Υἱὸς
1295 4191 1388 4247 τοῦ
1415 4192 1551 4248 Θεοῦ
1583 4194 1612 4246 6
1643 4191 2020 4264 Κύριος-ὴμῶν

430 4276 575 4329 κατὰ
589 4277 687 4341 τὰς
713 4279 842 4348 περὶ
857 4279 1026 4334 αὐτοῦ
1055 4283 1396 4354 προφητείας
1427 4285 1520 4338 ἐπὶ
1539 4284 1600 4336 τὸ
1629 4282 1802 4347 πάθος
1825 4283 2020 4355 προῄει

431 4371 587 4436 ἔτους
607 4373 676 4426 ιϐ’
699 4375 798 4447 τῆς
832 4376 1086 4449 Τιϐερίου
1119 4378 1429 4448 βασιλείας·
1459 4379 1582 4433 καθ’
1613 4379 1672 4432 ὃν
1704 4379 1894 4451 καιρὸν
1927 4379 2020 4432 καὶ⁵

428 4465 488 4518 ὲν
532 4465 714 4532 ἄλλοις
771 4467 872 4540 μὲν
941 4469 1274 4541 Ἑλληνικοῖς
1327 4473 1712 4543 ὑπομνήμασιν
1787 4471 2021 4543 εὕρομεν

433 4557 792 4630 ἱστορούμενα
844 4559 987 4615 κατὰ
1037 4561 1182 4629 λέξιν
1231 4563 1436 4616 ταῦτα·
1497 4563 1555 4616 '0
1596 4563 1747 4634 ἥλιος
1779 4563 2017 4631 ἐξέλιπε,

431 4648 654 4704 Βιθυνία
707 4650 951 4724 ἐσείσθη,
986 4653 1222 4716 Νικαίας
1267 4653 1336 4708 τὰ
1383 4654 1552 4708 πολλὰ
1581 4655 1804 4730 ἐπεσενο
1845 4657 1882 4710 δι
1925 4657 2018 4709 καὶ

433 4741 649 4812 συνᾴδει
676 4745 788 4806 τοῖς
818 4736 947 4816 περὶ
971 4744 1034 4798 τὸ
1068 4731 1239 4809 πάθος
1277 4744 1372 4798 τοῦ
1403 4731 1658 4820 ’Σωτῆρος
1690 4747 1846 4817 ἡμῶν
1881 4765 2019 4818 συμ-

432 4831 714 4903 6ε6ηδιόσι.
747 4834 955 4909 Γράφει
993 4835 1050 4889 δὲ
1083 4839 1178 4890 καὶ
1205 4837 1422 4907 Φλέγων
1477 4839 1504 4891 6
1539 4839 1638 4902 τὰς
1679 4829 2018 4911 ὀλυμπιάδας

433 4923 724 4997 (συνάγων)
765 4927 892 4998 περὶ
937 4929 1045 4982 τῶν
1073 4929 1252 4982 αὐτῶν
1279 4931 1336 4982 ἐν
1366 4929 1443 5000 τῷ
1472 4936 1538 5000 ιγ’
1575 4933 1815 5004 ῥήμασιν
1835 4933 2017 5002 αὐτοῖς

427 5015 554 5069 τάδε
578 5033 592 5046 ⁸
623 5015 714 5088 Τῷ
751 5016 792 5070 δ’
817 5017 926 5092 ἔτει
947 5019 1046 5090 τῆς
1074 5020 1152 5073 σεῖ’
1200 5020 1558 5093 Ὀλυμπιάδος
1588 5023 1804 5093 ἐγένετο
1845 5025 2018 5097 ἔκλει-

425 5108 519 5178 ψις
550 5108 703 5179 ἡλίου
729 5111 960 5182 μεγίστη
1019 5111 1128 5166 τῶν
1181 5115 1540 5183 ἐγνωσμένων
1587 5116 1852 5188 πρότερον
1873 5135 1886 5148 ο
1922 5117 2016 5170 καλ⁴

427 5199 524 5266 νὺξ
555 5201 674 5288 ὥρᾳ
703 5202 840 5280 ἕκτῃ
867 5204 966 5278 τῆς
990 5205 1202 5278 ἡμέρας
1231 5208 1466 5276 ἐγένετο,
1497 5207 1638 5262 ὥστε
1665 5210 1758 5264 καὶ
1779 5191 2015 5282 ἀστέρας

325 5303 333 5311 “
429 5295 487 5348 ὲν
512 5293 731 5371 οὐρανῷ
765 5297 1032 5368 φανῆναι·
1067 5300 1289 5370 σεισμός
1309 5318 1367 5354 τε
1395 5301 1566 5372 μέγας
1589 5302 1730 5356 κατὰ
1758 5301 2012 5356 Βιθυνίαν

424 5383 494 5438 τὰ
534 5385 706 5440 πολλὰ
755 5388 991 5456 Νικαίας
1045 5391 1470 5464 κατεστρέψατο.
1505 5395 1615 5447 Καὶ
1645 5393 1817 5449 ταῦτα
1844 5395 1940 5466 μὲν
1983 5396 2012 5448 ὁ

425 5470 685 5570 δηλωθεὶς
733 5478 892 5560 ἀνήρ.
939 5481 1252 5570 Τεκμήριον
1291 5482 1335 5536 δ’
1371 5483 1438 5538 ἂν
1473 5485 1681 5554 γένοιτο
1729 5486 1822 5540 τοῦ
1871 5487 2011 5542 κατὰ

425 5567 543 5621 τόδε
584 5569 646 5624 τὸ
691 5570 810 5637 ετος
859 5567 1190 5630 πεπονθέναι
1219 5573 1310 5628 τὸν
1345 5575 1572 5650 Σωτῆρα
1605 5581 1638 5650 ἡ
1668 5578 1762 5632 τοῦ
1800 5579 2010 5654 Κυρίου

2121 4190 2216 4244 τοῦ
2243 4189 2586 4259 διαγενέσθαι
2621 4192 2906 4262 μαρτυρεῖ.
2945 4189 3104 4243 Κατὰ
3123 4190 3251 4250 τοὺς
3271 4188 3465 4252 αὐτοὺς
3493 4187 3552 4241 δὲ
3583 4185 3708 4258 χρό-

2123 4300 2249 4346 νους
2283 4283 2378 4336 καὶ
2415 4281 2716 4354 Ἰώσηππος
2773 4283 2987 4353 ἱστορεῖ·
3019 4282 3076 4334 ἐν
3111 4281 3294 4352 ἡμέρᾳ
3327 4277 3706 4350 Πεντηκοστῆς

2123 4376 2390 4446 κινήσεως
2439 4377 2558 4429 καὶ·
2589 4375 2796 4429 κτύπου
2843 4377 3008 4446 ἱερεῖς
3052 4373 3432 4428 ἀντιλαϐέσθαι
3465 4371 3702 4444 πρῶτον,

2122 4467 2312 4521 ἔπειτα
2341 4467 2523 4537 φωνῆς
2543 4467 2744 4538 ἁθρόας
2773 4466 2984 4520 ἔνδοθεν
3018 4465 3268 4529 ἀκοῦσαι,
3296 4464 3404 4519 ἀπὸ
3439 4464 3534 4516 τοῦ
3571 4465 3705 4516 ἐσω-

2121 4561 2280 4614 τάτου
2313 4558 2456 4630 ἱεροῦ
2490 4560 2672 4623 αὐτοῖς
2692 4558 2953 4630 εἰπούσης
2975 4576 2988 4588 °
3025 4557 3484 4626 Μεταϐαίνωμεν
3499 4553 3702 4608 ἐντεῦ-

2121 4657 2244 4708 θεν.
2271 4653 2380 4706 Καὶ
2409 4651 2536 4706 ἄλλο
2579 4651 2637 4705 δέ
2663 4669 2716 4723 τι
2749 4656 2778 4706 6
2809 4652 2974 4715 αὐτὸς
3003 4650 3309 4721 ἀναγράφει
3361 4648 3662 4718 Ἰώσηππος
3683 4661 3698 4676 ·

2133 4747 2222 4812 Ὡς
2260 4748 2492 4802 Πιλάτου
2521 4747 2613 4800 τοῦ
2655 4747 2921 4818 ἡγεμόνος
2968 4744 3112 4800 κατὰ
3157 4744 3248 4798 τὸν
3307 4742 3468 4796 αὑτὸν
3513 4741 3723 4812 χρόνον·

2118 4839 2396 4910 Καίσαρος
2450 4839 2549 4902 τὰς
2596 4839 2811 4902 εἰκόνας
2863 4836 3080 4909 νύκτωρ
3115 4838 3194 4900 είς
3227 4835 3288 4887 τὸ
3323 4833 3486 4905 ἱερὸν,
3520 4835 3699 4902 ἇσπερ

2117 4931 2218 4985 οὐκ
2249 4927 2316 5002 ἦν
2346 4931 2522 5002 θέμις,
2555 4915 2865 4996 ἄναθέντος,
2891 4930 3146 5001 μεγίστου
3191 4927 3419 4999 θορύϐου
3445 4925 3540 4978 καὶ
3570 4923 3700 4977 στά-

2119 5041 2257 5088 σεως
2285 5024 2455 5095 ἀρχὴν
2473 5021 3182 5095 ἐμϐεϐληκότοςἸουδαίοιςο
3216 5018 3366 5072 ἔνθεν
3383 5019 3698 5089 ἐπιστήσεις

2118 5119 2284 5172 πόσαι
2313 5118 2374 5171 τὸ
2415 5117 2680 5172 Ἰουδαίων
2706 5116 2856 5180 ἔθνος
2885 5114 3185 5196 διεδέξαντο
3215 5111 3508 5195 συμφοραί.
3541 5109 3702 5165 Euse-

2119 5207 2954 5282 ιῆαεαραάδωηα.ρ.εεισεε.
3052 5191 3095 5196 ”
3237 5191 3244 5195 ⁷
3329 5191 3332 5196 ’

2187 5411 2215 5470 e
2253 5393 2506 5458 Ἰάκωϐος
2533 5395 2562 5448 6
2589 5393 2912 5464 ἀδελφόθεος
2955 5390 3170 5462 πρῶτος
3211 5389 3507 5453 ἐπίσκοπος
3546 5387 3703 5460 Ἰερο-

2120 5488 2365 5560 σολύμων
2419 5487 2524 5542 ὑπὸ
2570 5486 2680 5542 τῶν
2753 5483 3066 5540 ἀποστόλων
3127 5481 3468 5538 καθίσταται.
3535 5479 3694 5551 Sync.

2117 5579 2433 5651 p.528,tL

498 5721 575 5806 (.1)
598 5723 674 5778 Ita
696 5725 859 5806 etiam
881 5728 1041 5806 codd.
1061 5727 1212 5796 Vat.;
1233 5728 1477 5806 Scaliger
1505 5740 1685 5806 autem
1707 5733 2398 5806 legendumﬁsuspicabatur
2420 5752 2432 5787 :
2455 5735 2806 5802 Quintianum
2827 5733 3160 5806 prougbium;
3180 5727 3696 5806 intelligendamque

426 5793 993 5877 υίίιαιιιριιὺιέτὺαηαηι
1023 5793 1296 5877 in_pr_dtis
1332 5793 1662 5877 Quintianus,
1681 5793 1853 5877 gnem
1897 5808 1952 5860 in
1986 5793 2282 5861 ludo'alem
2329 5793 2718 5877 perditissimus
2755 5793 2912 5876 nepos
2961 5793 3181 5862 Cassius
3228 5793 3449 5860 Severus
3485 5793 3696 5875 ιιιεεὲἱτι

427 5866 595 5924 Certe
623 5864 714 5924 hic
748 5865 984 5927 Severus
1007 5885 1040 5926 a
1068 5864 1282 5940 Tacito,
1313 5864 1372 5930 ut
1396 5864 1660 5932 observat
1675 5864 1938 5948 Scaliger,
1967 5877 2226 5934 maleﬁcae
2260 5864 2383 5934 vita:
2413 5878 2578 5934 homo
2607 5864 2828 5934 dicitur:
