  <div class='ocr_page' id='page_1' title='image "/cluster/home/n/w/nwhite01/storage/ocr_20150623/19/nnc1.0037127454/290.png"; bbox 0 0 4142 6400; ppageno 0'>
   <div class='ocr_carea' id='block_1_1' title="bbox 433 382 543 440">
    <p class='ocr_par' dir='ltr' id='par_1_1' title="bbox 433 382 543 440">
     <span class='ocr_line' id='line_1_1' title="bbox 433 382 543 440; baseline 0 0"><span class='ocrx_word' id='word_1_1' title='bbox 433 382 543 440; x_wconf 69' lang='grc' dir='ltr'><strong>διδ</strong></span> 
     </span>
    </p>
   </div>
   <div class='ocr_carea' id='block_1_2' title="bbox 439 543 3676 580">
    <p class='ocr_par' dir='ltr' id='par_1_2' title="bbox 439 543 3676 580">
     <span class='ocr_line' id='line_1_2' title="bbox 439 543 3676 580; baseline 0 -16"><span class='ocrx_word' id='word_1_2' title='bbox 439 543 3676 580; x_wconf 58' lang='lat' dir='ltr'><strong>mm</strong></span> 
     </span>
    </p>
   </div>
   <div class='ocr_carea' id='block_1_3' title="bbox 1544 646 2252 692">
    <p class='ocr_par' dir='ltr' id='par_1_3' title="bbox 1544 646 2252 692">
     <span class='ocr_line' id='line_1_3' title="bbox 1544 646 2252 692; baseline 0.01 -8"><span class='ocrx_word' id='word_1_3' title='bbox 1544 646 1734 687; x_wconf 72' lang='lat' dir='ltr'><strong>OLYIP.</strong></span> <span class='ocrx_word' id='word_1_4' title='bbox 1791 648 2050 691; x_wconf 72' lang='lat' dir='ltr'><strong>CHRISTUS</strong></span> <span class='ocrx_word' id='word_1_5' title='bbox 2135 649 2252 692; x_wconf 79' lang='lat' dir='ltr'><strong>JUD.</strong></span> 
     </span>
    </p>
   </div>
   <div class='ocr_carea' id='block_1_4' title="bbox 433 979 953 1052">
    <p class='ocr_par' dir='ltr' id='par_1_4' title="bbox 433 979 953 1052">
     <span class='ocr_line' id='line_1_4' title="bbox 433 979 953 1052; baseline 0.008 -4"><span class='ocrx_word' id='word_1_6' title='bbox 433 979 512 1048; x_wconf 84' lang='lat' dir='ltr'><strong>R.</strong></span> <span class='ocrx_word' id='word_1_7' title='bbox 584 979 953 1052; x_wconf 85' lang='lat' dir='ltr'><strong>DCCCXX.</strong></span> 
     </span>
    </p>
   </div>
   <div class='ocr_carea' id='block_1_5' title="bbox 1669 388 3676 460">
    <p class='ocr_par' dir='ltr' id='par_1_5' title="bbox 1669 388 3676 460">
     <span class='ocr_line' id='line_1_5' title="bbox 1669 388 3676 460; baseline 0.006 -13"><span class='ocrx_word' id='word_1_8' title='bbox 1669 388 2166 449; x_wconf 80' lang='lat' dir='ltr'><strong>CHRONICORUM</strong></span> <span class='ocrx_word' id='word_1_9' title='bbox 2205 392 2333 450; x_wconf 84' lang='lat' dir='ltr'><strong>LIB.</strong></span> <span class='ocrx_word' id='word_1_10' title='bbox 2373 393 2440 451; x_wconf 83' lang='lat' dir='ltr'><strong>Il.</strong></span> <span class='ocrx_word' id='word_1_11' title='bbox 3573 400 3676 460; x_wconf 67' lang='lat'><strong>5“</strong></span> 
     </span>
    </p>
   </div>
   <div class='ocr_carea' id='block_1_6' title="bbox 2333 653 2516 693">
    <p class='ocr_par' dir='ltr' id='par_1_6' title="bbox 2333 653 2516 693">
     <span class='ocr_line' id='line_1_6' title="bbox 2333 653 2516 693; baseline 0.011 -2"><span class='ocrx_word' id='word_1_12' title='bbox 2333 661 2336 665; x_wconf 89' lang='lat'>‘</span> <span class='ocrx_word' id='word_1_13' title='bbox 2407 653 2516 693; x_wconf 76' lang='lat' dir='ltr'><strong>ROI</strong></span> 
     </span>
    </p>
   </div>
   <div class='ocr_carea' id='block_1_7' title="bbox 2092 779 2535 850">
    <p class='ocr_par' dir='ltr' id='par_1_7' title="bbox 2092 779 2535 850">
     <span class='ocr_line' id='line_1_7' title="bbox 2092 779 2535 850; baseline 0.007 -17"><span class='ocrx_word' id='word_1_14' title='bbox 2092 780 2285 850; x_wconf 83' lang='lat' dir='ltr'><strong>Agrip-</strong></span> <span class='ocrx_word' id='word_1_15' title='bbox 2395 779 2535 836; x_wconf 84' lang='lat' dir='ltr'><strong>Nero</strong></span> 
     </span>
    </p>
   </div>
   <div class='ocr_carea' id='block_1_8' title="bbox 2149 867 2216 920">
    <p class='ocr_par' dir='ltr' id='par_1_8' title="bbox 2149 867 2216 920">
     <span class='ocr_line' id='line_1_8' title="bbox 2149 867 2216 920; baseline 0 -17"><span class='ocrx_word' id='word_1_16' title='bbox 2149 867 2216 920; x_wconf 67' lang='grc' dir='ltr'><strong>υἷι</strong></span> 
     </span>
    </p>
   </div>
   <div class='ocr_carea' id='block_1_9' title="bbox 2156 942 2508 1046">
    <p class='ocr_par' dir='ltr' id='par_1_9' title="bbox 2156 950 2508 1046">
     <span class='ocr_line' id='line_1_9' title="bbox 2156 950 2508 1046; baseline 0.009 -2"><span class='ocrx_word' id='word_1_17' title='bbox 2156 950 2508 1046; x_wconf 66' lang='grc' dir='ltr'><strong>ΞΓἿῙ</strong></span> 
     </span>
    </p>
   </div>
   <div class='ocr_carea' id='block_1_10' title="bbox 2361 950 2570 962">
    <p class='ocr_par' dir='ltr' id='par_1_10' title="bbox 2361 950 2570 962">
     <span class='ocr_line' id='line_1_10' title="bbox 2361 950 2570 962; baseline 0.01 -2"><span class='ocrx_word' id='word_1_18' title='bbox 2361 950 2570 962; x_wconf 69' lang='grc' dir='ltr'><strong>-ι--ο</strong></span> 
     </span>
    </p>
   </div>
   <div class='ocr_carea' id='block_1_11' title="bbox 494 1175 3494 1270">
    <p class='ocr_par' dir='ltr' id='par_1_11' title="bbox 494 1175 3494 1270">
     <span class='ocr_line' id='line_1_11' title="bbox 494 1175 3494 1270; baseline 0.008 -37"><span class='ocrx_word' id='word_1_19' title='bbox 494 1175 558 1234; x_wconf 90' lang='lat' dir='ltr'><strong>L.</strong></span> <span class='ocrx_word' id='word_1_20' title='bbox 589 1180 830 1237; x_wconf 75' lang='lat' dir='ltr'><strong>Annaeus</strong></span> <span class='ocrx_word' id='word_1_21' title='bbox 865 1179 1055 1248; x_wconf 85' lang='lat' dir='ltr'><strong>Melas,</strong></span> <span class='ocrx_word' id='word_1_22' title='bbox 1091 1179 1311 1237; x_wconf 62' lang='lat' dir='ltr'><strong>Seneca</strong></span> <span class='ocrx_word' id='word_1_23' title='bbox 1345 1181 1514 1238; x_wconf 79' lang='lat' dir='ltr'><strong>frater</strong></span> <span class='ocrx_word' id='word_1_24' title='bbox 1539 1191 1593 1239; x_wconf 92' lang='lat' dir='ltr'><strong>et</strong></span> <span class='ocrx_word' id='word_1_25' title='bbox 1616 1183 1910 1248; x_wconf 91' lang='lat' dir='ltr'><strong>Gallionis,</strong></span> <span class='ocrx_word' id='word_1_26' title='bbox 1941 1186 2084 1242; x_wconf 79' lang='lat' dir='ltr'><strong>bOna</strong></span> <span class='ocrx_word' id='word_1_27' title='bbox 2112 1183 2320 1261; x_wconf 81' lang='lat' dir='ltr'><strong>Lucani</strong></span> <span class='ocrx_word' id='word_1_28' title='bbox 2343 1179 2547 1262; x_wconf 60' lang='lat' dir='ltr'><strong>pectas,</strong></span> <span class='ocrx_word' id='word_1_29' title='bbox 2573 1193 2670 1249; x_wconf 90' lang='lat' dir='ltr'><strong>ﬁlii</strong></span> <span class='ocrx_word' id='word_1_30' title='bbox 2702 1197 2812 1263; x_wconf 90' lang='lat' dir='ltr'><strong>sui,</strong></span> <span class='ocrx_word' id='word_1_31' title='bbox 2843 1212 2873 1251; x_wconf 88' lang='lat' dir='ltr'><strong>a</strong></span> <span class='ocrx_word' id='word_1_32' title='bbox 2892 1197 3106 1254; x_wconf 82' lang='lat' dir='ltr'><strong>Nerone</strong></span> <span class='ocrx_word' id='word_1_33' title='bbox 3128 1208 3494 1270; x_wconf 82' lang='lat' dir='ltr'><strong>promeretur.</strong></span> 
     </span>
    </p>
   </div>
   <div class='ocr_carea' id='block_1_12' title="bbox 497 1273 3672 1365">
    <p class='ocr_par' dir='ltr' id='par_1_12' title="bbox 497 1273 3672 1365">
     <span class='ocr_line' id='line_1_12' title="bbox 497 1273 3672 1365; baseline 0.007 -36"><span class='ocrx_word' id='word_1_34' title='bbox 497 1292 532 1330; x_wconf 90' lang='lat' dir='ltr'><strong>a</strong></span> <span class='ocrx_word' id='word_1_35' title='bbox 563 1275 765 1330; x_wconf 93' lang='lat' dir='ltr'><strong>Contra</strong></span> <span class='ocrx_word' id='word_1_36' title='bbox 800 1273 1043 1342; x_wconf 69' lang='lat' dir='ltr'><strong>Iudaeos,</strong></span> <span class='ocrx_word' id='word_1_37' title='bbox 1076 1279 1171 1348; x_wconf 90' lang='lat' dir='ltr'><strong>qui</strong></span> <span class='ocrx_word' id='word_1_38' title='bbox 1200 1277 1370 1332; x_wconf 91' lang='lat' dir='ltr'><strong>Cestii</strong></span> <span class='ocrx_word' id='word_1_39' title='bbox 1402 1276 1548 1333; x_wconf 85' lang='lat' dir='ltr'><strong>Flori</strong></span> <span class='ocrx_word' id='word_1_40' title='bbox 1579 1279 1865 1365; x_wconf 78' lang='lat' dir='ltr'><strong>avaritiam</strong></span> <span class='ocrx_word' id='word_1_41' title='bbox 1899 1296 2011 1335; x_wconf 91' lang='lat' dir='ltr'><strong>non</strong></span> <span class='ocrx_word' id='word_1_42' title='bbox 2058 1279 2296 1340; x_wconf 83' lang='lat' dir='ltr'><strong>ferentes</strong></span> <span class='ocrx_word' id='word_1_43' title='bbox 2326 1286 2685 1356; x_wconf 81' lang='lat' dir='ltr'><strong>rebellabant,</strong></span> <span class='ocrx_word' id='word_1_44' title='bbox 2713 1287 3086 1361; x_wconf 82' lang='lat' dir='ltr'><strong>Vespasianus</strong></span> <span class='ocrx_word' id='word_1_45' title='bbox 3113 1294 3376 1365; x_wconf 80' lang='lat' dir='ltr'><strong>magister</strong></span> <span class='ocrx_word' id='word_1_46' title='bbox 3409 1295 3617 1351; x_wconf 62' lang='lat' dir='ltr'><strong>militiae</strong></span> <span class='ocrx_word' id='word_1_47' title='bbox 3642 1312 3672 1352; x_wconf 85' lang='lat' dir='ltr'><strong>a</strong></span> 
     </span>
    </p>
   </div>
   <div class='ocr_carea' id='block_1_13' title="bbox 419 1363 2112 1448">
    <p class='ocr_par' dir='ltr' id='par_1_13' title="bbox 419 1363 2112 1448">
     <span class='ocr_line' id='line_1_13' title="bbox 419 1363 2112 1448; baseline 0.006 -25"><span class='ocrx_word' id='word_1_48' title='bbox 419 1365 637 1425; x_wconf 89' lang='lat' dir='ltr'><strong>Nerone</strong></span> <span class='ocrx_word' id='word_1_49' title='bbox 662 1372 1073 1439; x_wconf 90' lang='lat' dir='ltr'><strong>transmittitur,</strong></span> <span class='ocrx_word' id='word_1_50' title='bbox 1108 1375 1207 1444; x_wconf 86' lang='lat' dir='ltr'><strong>qui</strong></span> <span class='ocrx_word' id='word_1_51' title='bbox 1231 1377 1492 1446; x_wconf 90' lang='lat' dir='ltr'><strong>plurimas</strong></span> <span class='ocrx_word' id='word_1_52' title='bbox 1521 1363 1912 1435; x_wconf 36' lang='lat' dir='ltr'><strong>Iudaeae-urbes</strong></span> <span class='ocrx_word' id='word_1_53' title='bbox 1947 1379 2112 1448; x_wconf 90' lang='lat' dir='ltr'><strong>capit.</strong></span> 
     </span>
    </p>
   </div>
   <div class='ocr_carea' id='block_1_14' title="bbox 494 1461 3675 1558">
    <p class='ocr_par' dir='ltr' id='par_1_14' title="bbox 494 1461 3675 1558">
     <span class='ocr_line' id='line_1_14' title="bbox 494 1461 3675 1558; baseline 0.009 -44"><span class='ocrx_word' id='word_1_54' title='bbox 494 1461 522 1514; x_wconf 76' lang='grc' dir='ltr'><strong><em>ὸ</em></strong></span> <span class='ocrx_word' id='word_1_55' title='bbox 550 1461 768 1518; x_wconf 84' lang='lat' dir='ltr'><strong>Flavius</strong></span> <span class='ocrx_word' id='word_1_56' title='bbox 785 1462 1054 1536; x_wconf 87' lang='lat' dir='ltr'><strong>Josephus</strong></span> <span class='ocrx_word' id='word_1_57' title='bbox 1082 1469 1317 1537; x_wconf 90' lang='lat' dir='ltr'><strong>scriptor</strong></span> <span class='ocrx_word' id='word_1_58' title='bbox 1346 1469 1666 1535; x_wconf 88' lang='lat' dir='ltr'><strong>historicus,</strong></span> <span class='ocrx_word' id='word_1_59' title='bbox 1693 1472 1800 1525; x_wconf 84' lang='lat' dir='ltr'><strong>dux</strong></span> <span class='ocrx_word' id='word_1_60' title='bbox 1835 1471 1960 1525; x_wconf 79' lang='lat' dir='ltr'><strong>belli</strong></span> <span class='ocrx_word' id='word_1_61' title='bbox 1982 1469 2316 1542; x_wconf 68' lang='lat' dir='ltr'><strong>Judazorum,</strong></span> <span class='ocrx_word' id='word_1_62' title='bbox 2343 1470 2468 1530; x_wconf 89' lang='lat' dir='ltr'><strong>cum</strong></span> <span class='ocrx_word' id='word_1_63' title='bbox 2501 1492 2533 1532; x_wconf 91' lang='lat' dir='ltr'><strong>a</strong></span> <span class='ocrx_word' id='word_1_64' title='bbox 2552 1476 2814 1536; x_wconf 76' lang='lat' dir='ltr'><strong>Romanis</strong></span> <span class='ocrx_word' id='word_1_65' title='bbox 2840 1479 3252 1538; x_wconf 89' lang='lat' dir='ltr'><strong>interﬁciendus</strong></span> <span class='ocrx_word' id='word_1_66' title='bbox 3275 1490 3442 1550; x_wconf 87' lang='lat' dir='ltr'><strong>esset,</strong></span> <span class='ocrx_word' id='word_1_67' title='bbox 3467 1483 3675 1558; x_wconf 88' lang='lat' dir='ltr'><strong>Vespa-</strong></span> 
     </span>
    </p>
   </div>
   <div class='ocr_carea' id='block_1_15' title="bbox 423 1554 2032 1632">
    <p class='ocr_par' dir='ltr' id='par_1_15' title="bbox 423 1554 2032 1632">
     <span class='ocr_line' id='line_1_15' title="bbox 423 1554 2032 1632; baseline 0.006 -24"><span class='ocrx_word' id='word_1_68' title='bbox 423 1554 575 1608; x_wconf 89' lang='lat' dir='ltr'><strong>siano</strong></span> <span class='ocrx_word' id='word_1_69' title='bbox 606 1557 935 1625; x_wconf 83' lang='lat' dir='ltr'><strong>praenuntiat</strong></span> <span class='ocrx_word' id='word_1_70' title='bbox 963 1558 1241 1630; x_wconf 3' lang='lat' dir='ltr'><strong>deymorte</strong></span> <span class='ocrx_word' id='word_1_71' title='bbox 1267 1559 1518 1628; x_wconf 88' lang='lat' dir='ltr'><strong>Neronis,</strong></span> <span class='ocrx_word' id='word_1_72' title='bbox 1555 1569 1610 1616; x_wconf 91' lang='lat' dir='ltr'><strong>et</strong></span> <span class='ocrx_word' id='word_1_73' title='bbox 1638 1562 1755 1629; x_wconf 82' lang='lat' dir='ltr'><strong>ejus</strong></span> <span class='ocrx_word' id='word_1_74' title='bbox 1780 1563 2032 1632; x_wconf 90' lang='lat' dir='ltr'><strong>imperio.</strong></span> 
     </span>
    </p>
   </div>
   <div class='ocr_carea' id='block_1_16' title="bbox 491 1639 3672 1732">
    <p class='ocr_par' dir='ltr' id='par_1_16' title="bbox 491 1639 3672 1732">
     <span class='ocr_line' id='line_1_16' title="bbox 491 1639 3672 1732; baseline 0.006 -27"><span class='ocrx_word' id='word_1_75' title='bbox 491 1665 520 1705; x_wconf 94' lang='lat' dir='ltr'><strong>c</strong></span> <span class='ocrx_word' id='word_1_76' title='bbox 548 1649 709 1717; x_wconf 86' lang='lat' dir='ltr'><strong>Nero,</strong></span> <span class='ocrx_word' id='word_1_77' title='bbox 739 1667 862 1706; x_wconf 90' lang='lat' dir='ltr'><strong>cum</strong></span> <span class='ocrx_word' id='word_1_78' title='bbox 896 1669 925 1707; x_wconf 90' lang='lat' dir='ltr'><strong>a</strong></span> <span class='ocrx_word' id='word_1_79' title='bbox 968 1664 1158 1710; x_wconf 86' lang='lat' dir='ltr'><strong>senatu</strong></span> <span class='ocrx_word' id='word_1_80' title='bbox 1183 1665 1518 1726; x_wconf 84' lang='lat' dir='ltr'><strong>quaereretur</strong></span> <span class='ocrx_word' id='word_1_81' title='bbox 1548 1656 1615 1710; x_wconf 83' lang='lat' dir='ltr'><strong>ad</strong></span> <span class='ocrx_word' id='word_1_82' title='bbox 1643 1639 1882 1726; x_wconf 69' lang='lat' dir='ltr'><strong>poenam,</strong></span> <span class='ocrx_word' id='word_1_83' title='bbox 1910 1671 1941 1710; x_wconf 92' lang='lat' dir='ltr'><strong>e</strong></span> <span class='ocrx_word' id='word_1_84' title='bbox 2006 1656 2209 1725; x_wconf 89' lang='lat' dir='ltr'><strong>palatio</strong></span> <span class='ocrx_word' id='word_1_85' title='bbox 2239 1657 2472 1728; x_wconf 82' lang='lat' dir='ltr'><strong>fugiens,</strong></span> <span class='ocrx_word' id='word_1_86' title='bbox 2507 1662 2575 1716; x_wconf 91' lang='lat' dir='ltr'><strong>ad</strong></span> <span class='ocrx_word' id='word_1_87' title='bbox 2609 1672 2866 1732; x_wconf 86' lang='lat' dir='ltr'><strong>quartum</strong></span> <span class='ocrx_word' id='word_1_88' title='bbox 2899 1663 3062 1730; x_wconf 66' lang='lat' dir='ltr'><strong>Urbis</strong></span> <span class='ocrx_word' id='word_1_89' title='bbox 3109 1665 3422 1721; x_wconf 87' lang='lat' dir='ltr'><strong>milliarium</strong></span> <span class='ocrx_word' id='word_1_90' title='bbox 3454 1668 3511 1723; x_wconf 91' lang='lat' dir='ltr'><strong>in</strong></span> <span class='ocrx_word' id='word_1_91' title='bbox 3541 1670 3672 1724; x_wconf 86' lang='lat' dir='ltr'><strong>sub-</strong></span> 
     </span>
    </p>
   </div>
   <div class='ocr_carea' id='block_1_17' title="bbox 420 1743 3668 1830">
    <p class='ocr_par' dir='ltr' id='par_1_17' title="bbox 420 1743 3668 1830">
     <span class='ocr_line' id='line_1_17' title="bbox 420 1743 3668 1830; baseline 0.006 -32"><span class='ocrx_word' id='word_1_92' title='bbox 420 1743 634 1798; x_wconf 90' lang='lat' dir='ltr'><strong>urbano</strong></span> <span class='ocrx_word' id='word_1_93' title='bbox 679 1744 858 1799; x_wconf 89' lang='lat' dir='ltr'><strong>liberti</strong></span> <span class='ocrx_word' id='word_1_94' title='bbox 887 1747 1146 1803; x_wconf 73' lang='lat' dir='ltr'><strong>sui-inter</strong></span> <span class='ocrx_word' id='word_1_95' title='bbox 1183 1749 1450 1802; x_wconf 87' lang='lat' dir='ltr'><strong>Salariam</strong></span> <span class='ocrx_word' id='word_1_96' title='bbox 1495 1756 1547 1803; x_wconf 92' lang='lat' dir='ltr'><strong>et</strong></span> <span class='ocrx_word' id='word_1_97' title='bbox 1581 1747 1972 1803; x_wconf 86' lang='lat' dir='ltr'><strong>Nomentanam</strong></span> <span class='ocrx_word' id='word_1_98' title='bbox 2031 1749 2175 1803; x_wconf 83' lang='lat' dir='ltr'><strong>viam</strong></span> <span class='ocrx_word' id='word_1_99' title='bbox 2211 1752 2564 1822; x_wconf 90' lang='lat' dir='ltr'><strong>semetipsum</strong></span> <span class='ocrx_word' id='word_1_100' title='bbox 2596 1753 2893 1822; x_wconf 87' lang='lat' dir='ltr'><strong>interﬁcit,</strong></span> <span class='ocrx_word' id='word_1_101' title='bbox 2930 1770 3076 1810; x_wconf 89' lang='lat' dir='ltr'><strong>anno</strong></span> <span class='ocrx_word' id='word_1_102' title='bbox 3108 1758 3286 1813; x_wconf 82' lang='lat' dir='ltr'><strong>aetatis</strong></span> <span class='ocrx_word' id='word_1_103' title='bbox 3331 1775 3446 1815; x_wconf 66' lang='lat' dir='ltr'><strong>suae</strong></span> <span class='ocrx_word' id='word_1_104' title='bbox 3487 1777 3668 1830; x_wconf 64' lang='lat' dir='ltr'><strong>xxxv,</strong></span> 
     </span>
    </p>
   </div>
   <div class='ocr_carea' id='block_1_18' title="bbox 421 1835 2018 1907">
    <p class='ocr_par' dir='ltr' id='par_1_18' title="bbox 421 1835 2018 1907">
     <span class='ocr_line' id='line_1_18' title="bbox 421 1835 2018 1907; baseline -0.001 -17"><span class='ocrx_word' id='word_1_105' title='bbox 421 1841 584 1904; x_wconf 85' lang='lat' dir='ltr'><strong>atque</strong></span> <span class='ocrx_word' id='word_1_106' title='bbox 612 1835 668 1890; x_wconf 87' lang='lat' dir='ltr'><strong>in</strong></span> <span class='ocrx_word' id='word_1_107' title='bbox 703 1850 767 1890; x_wconf 91' lang='lat' dir='ltr'><strong>eo</strong></span> <span class='ocrx_word' id='word_1_108' title='bbox 795 1838 976 1893; x_wconf 88' lang='lat' dir='ltr'><strong>omnis</strong></span> <span class='ocrx_word' id='word_1_109' title='bbox 1010 1837 1241 1907; x_wconf 81' lang='lat' dir='ltr'><strong>Augusti</strong></span> <span class='ocrx_word' id='word_1_110' title='bbox 1271 1837 1478 1891; x_wconf 80' lang='lat' dir='ltr'><strong>familia</strong></span> <span class='ocrx_word' id='word_1_111' title='bbox 1502 1844 1884 1891; x_wconf 85' lang='lat' dir='ltr'><strong>consummata</strong></span> <span class='ocrx_word' id='word_1_112' title='bbox 1915 1844 2018 1891; x_wconf 90' lang='lat' dir='ltr'><strong>est.</strong></span> 
     </span>
    </p>
   </div>
   <div class='ocr_carea' id='block_1_19' title="bbox 492 1926 3396 2010">
    <p class='ocr_par' dir='ltr' id='par_1_19' title="bbox 492 1926 3396 2010">
     <span class='ocr_line' id='line_1_19' title="bbox 492 1926 3396 2010; baseline 0.006 -30"><span class='ocrx_word' id='word_1_113' title='bbox 492 1927 526 1980; x_wconf 68' lang='grc' dir='ltr'><em>ὁ</em></span> <span class='ocrx_word' id='word_1_114' title='bbox 561 1927 690 1984; x_wconf 89' lang='lat' dir='ltr'><strong>Post</strong></span> <span class='ocrx_word' id='word_1_115' title='bbox 720 1927 988 1986; x_wconf 89' lang='lat' dir='ltr'><strong>Neronem</strong></span> <span class='ocrx_word' id='word_1_116' title='bbox 1021 1929 1189 1985; x_wconf 80' lang='lat' dir='ltr'><strong>Galba</strong></span> <span class='ocrx_word' id='word_1_117' title='bbox 1224 1931 1280 1985; x_wconf 91' lang='lat' dir='ltr'><strong>in</strong></span> <span class='ocrx_word' id='word_1_118' title='bbox 1312 1928 1554 1993; x_wconf 88' lang='lat' dir='ltr'><strong>lliberia,</strong></span> <span class='ocrx_word' id='word_1_119' title='bbox 1582 1928 1834 1984; x_wconf 81' lang='lat' dir='ltr'><strong>Vitellius</strong></span> <span class='ocrx_word' id='word_1_120' title='bbox 1862 1930 1916 1982; x_wconf 91' lang='lat' dir='ltr'><strong>in</strong></span> <span class='ocrx_word' id='word_1_121' title='bbox 1955 1926 2268 2003; x_wconf 85' lang='lat' dir='ltr'><strong>Germania,</strong></span> <span class='ocrx_word' id='word_1_122' title='bbox 2303 1929 2444 1988; x_wconf 85' lang='lat' dir='ltr'><strong>Otho</strong></span> <span class='ocrx_word' id='word_1_123' title='bbox 2473 1931 2679 2000; x_wconf 61' lang='lat' dir='ltr'><strong>Rome,</strong></span> <span class='ocrx_word' id='word_1_124' title='bbox 2717 1935 3004 2006; x_wconf 87' lang='lat' dir='ltr'><strong>imperium</strong></span> <span class='ocrx_word' id='word_1_125' title='bbox 3029 1939 3396 2010; x_wconf 86' lang='lat' dir='ltr'><strong>arripuerunt.</strong></span> 
     </span>
    </p>
   </div>
   <div class='ocr_carea' id='block_1_20' title="bbox 493 2020 2235 2090">
    <p class='ocr_par' dir='ltr' id='par_1_20' title="bbox 493 2020 2235 2090">
     <span class='ocr_line' id='line_1_20' title="bbox 493 2020 2235 2090; baseline 0 -15"><span class='ocrx_word' id='word_1_126' title='bbox 493 2020 711 2078; x_wconf 83' lang='lat' dir='ltr'><strong>Marcus</strong></span> <span class='ocrx_word' id='word_1_127' title='bbox 740 2022 942 2078; x_wconf 87' lang='lat' dir='ltr'><strong>Fabius</strong></span> <span class='ocrx_word' id='word_1_128' title='bbox 973 2021 1344 2088; x_wconf 80' lang='lat' dir='ltr'><strong>Quintilianus</strong></span> <span class='ocrx_word' id='word_1_129' title='bbox 1373 2022 1602 2077; x_wconf 78' lang='lat' dir='ltr'><strong>Romam</strong></span> <span class='ocrx_word' id='word_1_130' title='bbox 1635 2037 1666 2075; x_wconf 86' lang='lat' dir='ltr'><strong>a</strong></span> <span class='ocrx_word' id='word_1_131' title='bbox 1697 2021 1863 2077; x_wconf 85' lang='lat' dir='ltr'><strong>Galba</strong></span> <span class='ocrx_word' id='word_1_132' title='bbox 1896 2020 2235 2090; x_wconf 90' lang='lat' dir='ltr'><strong>perducitur.</strong></span> 
     </span>
    </p>
   </div>
   <div class='ocr_carea' id='block_1_21' title="bbox 493 2111 2567 2189">
    <p class='ocr_par' dir='ltr' id='par_1_21' title="bbox 493 2111 2567 2189">
     <span class='ocr_line' id='line_1_21' title="bbox 493 2111 2567 2189; baseline 0.003 -22"><span class='ocrx_word' id='word_1_133' title='bbox 493 2129 522 2167; x_wconf 82' lang='lat' dir='ltr'><strong>e</strong></span> <span class='ocrx_word' id='word_1_134' title='bbox 547 2111 918 2183; x_wconf 87' lang='lat' dir='ltr'><strong>Vespasianus</strong></span> <span class='ocrx_word' id='word_1_135' title='bbox 947 2116 1160 2170; x_wconf 88' lang='lat' dir='ltr'><strong>duobus</strong></span> <span class='ocrx_word' id='word_1_136' title='bbox 1194 2115 1396 2184; x_wconf 87' lang='lat' dir='ltr'><strong>praeliis</strong></span> <span class='ocrx_word' id='word_1_137' title='bbox 1423 2122 1711 2186; x_wconf 90' lang='lat' dir='ltr'><strong>superatos</strong></span> <span class='ocrx_word' id='word_1_138' title='bbox 1731 2112 1948 2169; x_wconf 67' lang='lat' dir='ltr'><strong>Iudaeos</strong></span> <span class='ocrx_word' id='word_1_139' title='bbox 1978 2115 2046 2169; x_wconf 90' lang='lat' dir='ltr'><strong>ad</strong></span> <span class='ocrx_word' id='word_1_140' title='bbox 2070 2130 2260 2170; x_wconf 90' lang='lat' dir='ltr'><strong>muros</strong></span> <span class='ocrx_word' id='word_1_141' title='bbox 2284 2117 2567 2189; x_wconf 90' lang='lat' dir='ltr'><strong>compulit.</strong></span> 
     </span>
    </p>
   </div>
   <div class='ocr_carea' id='block_1_22' title="bbox 487 2195 2983 2280">
    <p class='ocr_par' dir='ltr' id='par_1_22' title="bbox 487 2195 2983 2280">
     <span class='ocr_line' id='line_1_22' title="bbox 487 2195 2983 2280; baseline 0.004 -21"><span class='ocrx_word' id='word_1_142' title='bbox 487 2203 657 2260; x_wconf 87' lang='lat' dir='ltr'><strong>Galba</strong></span> <span class='ocrx_word' id='word_1_143' title='bbox 700 2207 934 2276; x_wconf 90' lang='lat' dir='ltr'><strong>septimo</strong></span> <span class='ocrx_word' id='word_1_144' title='bbox 962 2222 1149 2262; x_wconf 92' lang='lat' dir='ltr'><strong>mense</strong></span> <span class='ocrx_word' id='word_1_145' title='bbox 1182 2207 1395 2278; x_wconf 89' lang='lat' dir='ltr'><strong>imperii</strong></span> <span class='ocrx_word' id='word_1_146' title='bbox 1434 2205 1520 2262; x_wconf 88' lang='lat' dir='ltr'><strong>sui</strong></span> <span class='ocrx_word' id='word_1_147' title='bbox 1549 2207 1601 2259; x_wconf 92' lang='lat' dir='ltr'><strong>in</strong></span> <span class='ocrx_word' id='word_1_148' title='bbox 1631 2205 1810 2260; x_wconf 88' lang='lat' dir='ltr'><strong>medio</strong></span> <span class='ocrx_word' id='word_1_149' title='bbox 1836 2195 2096 2260; x_wconf 80' lang='lat' dir='ltr'><strong>Romanae</strong></span> <span class='ocrx_word' id='word_1_150' title='bbox 2127 2201 2278 2262; x_wconf 87' lang='lat' dir='ltr'><strong>urbis</strong></span> <span class='ocrx_word' id='word_1_151' title='bbox 2312 2207 2428 2263; x_wconf 82' lang='lat' dir='ltr'><strong>foro</strong></span> <span class='ocrx_word' id='word_1_152' title='bbox 2463 2209 2644 2280; x_wconf 89' lang='lat' dir='ltr'><strong>capite</strong></span> <span class='ocrx_word' id='word_1_153' title='bbox 2674 2219 2983 2268; x_wconf 89' lang='lat' dir='ltr'><strong>truncatur.</strong></span> 
     </span>
    </p>
   </div>
   <div class='ocr_carea' id='block_1_23' title="bbox 487 2295 3128 2371">
    <p class='ocr_par' dir='ltr' id='par_1_23' title="bbox 487 2295 3128 2371">
     <span class='ocr_line' id='line_1_23' title="bbox 487 2295 3128 2371; baseline 0.005 -20"><span class='ocrx_word' id='word_1_154' title='bbox 487 2295 631 2352; x_wconf 90' lang='lat' dir='ltr'><strong>Otho</strong></span> <span class='ocrx_word' id='word_1_155' title='bbox 662 2299 826 2354; x_wconf 90' lang='lat' dir='ltr'><strong>tertio</strong></span> <span class='ocrx_word' id='word_1_156' title='bbox 859 2299 1011 2369; x_wconf 80' lang='lat' dir='ltr'><strong>regni</strong></span> <span class='ocrx_word' id='word_1_157' title='bbox 1043 2299 1125 2354; x_wconf 90' lang='lat' dir='ltr'><strong>sui</strong></span> <span class='ocrx_word' id='word_1_158' title='bbox 1158 2314 1345 2354; x_wconf 89' lang='lat' dir='ltr'><strong>mense</strong></span> <span class='ocrx_word' id='word_1_159' title='bbox 1365 2299 1507 2369; x_wconf 91' lang='lat' dir='ltr'><strong>apud</strong></span> <span class='ocrx_word' id='word_1_160' title='bbox 1539 2296 1852 2352; x_wconf 87' lang='lat' dir='ltr'><strong>Vetriacum</strong></span> <span class='ocrx_word' id='word_1_161' title='bbox 1885 2297 1990 2368; x_wconf 85' lang='grc' dir='ltr'><strong>[αι.</strong></span> <span class='ocrx_word' id='word_1_162' title='bbox 2016 2296 2366 2370; x_wconf 78' lang='lat' dir='ltr'><strong>Bebriacum]</strong></span> <span class='ocrx_word' id='word_1_163' title='bbox 2397 2302 2620 2371; x_wconf 83' lang='lat' dir='ltr'><strong>prepria</strong></span> <span class='ocrx_word' id='word_1_164' title='bbox 2649 2318 2817 2358; x_wconf 89' lang='lat' dir='ltr'><strong>manu</strong></span> <span class='ocrx_word' id='word_1_165' title='bbox 2848 2306 3128 2364; x_wconf 91' lang='lat' dir='ltr'><strong>occubuit.</strong></span> 
     </span>
    </p>
   </div>
   <div class='ocr_carea' id='block_1_24' title="bbox 482 2387 3663 2475">
    <p class='ocr_par' dir='ltr' id='par_1_24' title="bbox 482 2387 3663 2475">
     <span class='ocr_line' id='line_1_24' title="bbox 482 2387 3663 2475; baseline 0.008 -31"><span class='ocrx_word' id='word_1_166' title='bbox 482 2388 754 2456; x_wconf 71' lang='lat' dir='ltr'><strong>Vitellius,</strong></span> <span class='ocrx_word' id='word_1_167' title='bbox 785 2406 816 2444; x_wconf 89' lang='lat' dir='ltr'><strong>a</strong></span> <span class='ocrx_word' id='word_1_168' title='bbox 854 2387 1176 2461; x_wconf 87' lang='lat' dir='ltr'><strong>VeSpasiani</strong></span> <span class='ocrx_word' id='word_1_169' title='bbox 1227 2392 1458 2446; x_wconf 91' lang='lat' dir='ltr'><strong>ducibus</strong></span> <span class='ocrx_word' id='word_1_170' title='bbox 1509 2391 1748 2458; x_wconf 90' lang='lat' dir='ltr'><strong>occisus,</strong></span> <span class='ocrx_word' id='word_1_171' title='bbox 1787 2391 1841 2444; x_wconf 90' lang='lat' dir='ltr'><strong>in</strong></span> <span class='ocrx_word' id='word_1_172' title='bbox 1877 2389 2115 2446; x_wconf 89' lang='lat' dir='ltr'><strong>Tiberim</strong></span> <span class='ocrx_word' id='word_1_173' title='bbox 2149 2392 2453 2460; x_wconf 86' lang='lat' dir='ltr'><strong>projicitur,</strong></span> <span class='ocrx_word' id='word_1_174' title='bbox 2494 2404 2686 2452; x_wconf 83' lang='lat' dir='ltr'><strong>octavo</strong></span> <span class='ocrx_word' id='word_1_175' title='bbox 2723 2414 2913 2457; x_wconf 89' lang='lat' dir='ltr'><strong>mense</strong></span> <span class='ocrx_word' id='word_1_176' title='bbox 2965 2401 3175 2474; x_wconf 85' lang='lat' dir='ltr'><strong>imperii</strong></span> <span class='ocrx_word' id='word_1_177' title='bbox 3200 2405 3384 2475; x_wconf 78' lang='lat' dir='ltr'><strong>sui,et</strong></span> <span class='ocrx_word' id='word_1_178' title='bbox 3407 2407 3498 2465; x_wconf 85' lang='lat' dir='ltr'><strong>die</strong></span> <span class='ocrx_word' id='word_1_179' title='bbox 3530 2425 3663 2469; x_wconf 85' lang='lat' dir='ltr'><strong>uno.</strong></span> 
     </span>
    </p>
   </div>
   <div class='ocr_carea' id='block_1_25' title="bbox 486 2483 2350 2558">
    <p class='ocr_par' dir='ltr' id='par_1_25' title="bbox 486 2483 2350 2558">
     <span class='ocr_line' id='line_1_25' title="bbox 486 2483 2350 2558; baseline 0.001 -18"><span class='ocrx_word' id='word_1_180' title='bbox 486 2484 676 2551; x_wconf 90' lang='lat' dir='ltr'><strong>Galba,</strong></span> <span class='ocrx_word' id='word_1_181' title='bbox 705 2483 866 2554; x_wconf 91' lang='lat' dir='ltr'><strong>Otho,</strong></span> <span class='ocrx_word' id='word_1_182' title='bbox 899 2485 1171 2553; x_wconf 90' lang='lat' dir='ltr'><strong>Vitellius,</strong></span> <span class='ocrx_word' id='word_1_183' title='bbox 1208 2493 1572 2558; x_wconf 77' lang='lat' dir='ltr'><strong>regnaverunt</strong></span> <span class='ocrx_word' id='word_1_184' title='bbox 1595 2500 1741 2540; x_wconf 91' lang='lat' dir='ltr'><strong>anno</strong></span> <span class='ocrx_word' id='word_1_185' title='bbox 1769 2500 1900 2549; x_wconf 91' lang='lat' dir='ltr'><strong>uno,</strong></span> <span class='ocrx_word' id='word_1_186' title='bbox 1925 2485 2207 2542; x_wconf 89' lang='lat' dir='ltr'><strong>mensibus</strong></span> <span class='ocrx_word' id='word_1_187' title='bbox 2238 2501 2350 2542; x_wconf 85' lang='lat' dir='ltr'><strong>sex.</strong></span> 
     </span>
    </p>
   </div>
   <div class='ocr_carea' id='block_1_26' title="bbox 485 2576 2080 2652">
    <p class='ocr_par' dir='ltr' id='par_1_26' title="bbox 485 2576 2080 2652">
     <span class='ocr_line' id='line_1_26' title="bbox 485 2576 2080 2652; baseline 0.005 -23"><span class='ocrx_word' id='word_1_188' title='bbox 485 2576 514 2646; x_wconf 78' lang='lat' dir='ltr'><em>f</em></span> <span class='ocrx_word' id='word_1_189' title='bbox 542 2576 846 2634; x_wconf 67' lang='lat' dir='ltr'><strong>Antiochiae</strong></span> <span class='ocrx_word' id='word_1_190' title='bbox 882 2579 1160 2637; x_wconf 89' lang='lat' dir='ltr'><strong>secundus</strong></span> <span class='ocrx_word' id='word_1_191' title='bbox 1190 2579 1482 2651; x_wconf 90' lang='lat' dir='ltr'><strong>episcopus</strong></span> <span class='ocrx_word' id='word_1_192' title='bbox 1506 2579 1792 2636; x_wconf 88' lang='lat' dir='ltr'><strong>ordinatur</strong></span> <span class='ocrx_word' id='word_1_193' title='bbox 1819 2579 2080 2652; x_wconf 80' lang='lat' dir='ltr'><strong>lgnatius.</strong></span> 
     </span>
    </p>
   </div>
   <div class='ocr_carea' id='block_1_27' title="bbox 1855 3011 1924 3066">
    <p class='ocr_par' dir='ltr' id='par_1_27' title="bbox 1855 3011 1924 3066">
     <span class='ocr_line' id='line_1_27' title="bbox 1855 3011 1924 3066; baseline 0 0"><span class='ocrx_word' id='word_1_194' title='bbox 1855 3011 1924 3066; x_wconf 89' lang='lat'><strong>70</strong></span> 
     </span>
    </p>
   </div>
   <div class='ocr_carea' id='block_1_28' title="bbox 2209 2758 3657 2840">
    <p class='ocr_par' dir='ltr' id='par_1_28' title="bbox 2209 2758 3657 2840">
     <span class='ocr_line' id='line_1_28' title="bbox 2209 2758 3657 2840; baseline 0.012 -27"><span class='ocrx_word' id='word_1_195' title='bbox 2209 2778 2240 2832; x_wconf 89' lang='lat' dir='ltr'><strong><em>g</em></strong></span> <span class='ocrx_word' id='word_1_196' title='bbox 2268 2758 2384 2815; x_wconf 84' lang='lat' dir='ltr'><strong>VII.</strong></span> <span class='ocrx_word' id='word_1_197' title='bbox 2452 2760 2930 2824; x_wconf 71' lang='lat' dir='ltr'><strong>VESPASIANUS</strong></span> <span class='ocrx_word' id='word_1_198' title='bbox 2963 2769 3122 2827; x_wconf 89' lang='lat' dir='ltr'><strong>annis</strong></span> <span class='ocrx_word' id='word_1_199' title='bbox 3149 2786 3228 2837; x_wconf 81' lang='lat' dir='ltr'><strong>Ix,</strong></span> <span class='ocrx_word' id='word_1_200' title='bbox 3261 2772 3546 2831; x_wconf 82' lang='lat' dir='ltr'><strong>mensibus</strong></span> <span class='ocrx_word' id='word_1_201' title='bbox 3577 2790 3657 2840; x_wconf 77' lang='grc' dir='ltr'><strong>ιι,</strong></span> 
     </span>
    </p>
   </div>
   <div class='ocr_carea' id='block_1_29' title="bbox 2310 2853 2663 2912">
    <p class='ocr_par' dir='ltr' id='par_1_29' title="bbox 2310 2853 2663 2912">
     <span class='ocr_line' id='line_1_29' title="bbox 2310 2853 2663 2912; baseline 0.014 -5"><span class='ocrx_word' id='word_1_202' title='bbox 2310 2853 2504 2911; x_wconf 89' lang='lat' dir='ltr'><strong>diebus</strong></span> <span class='ocrx_word' id='word_1_203' title='bbox 2526 2872 2663 2912; x_wconf 78' lang='lat' dir='ltr'><strong>xx&quot;.</strong></span> 
     </span>
    </p>
   </div>
   <div class='ocr_carea' id='block_1_30' title="bbox 2139 3013 2485 3071">
    <p class='ocr_par' dir='ltr' id='par_1_30' title="bbox 2139 3013 2485 3071">
     <span class='ocr_line' id='line_1_30' title="bbox 2139 3013 2485 3071; baseline 0.012 -4"><span class='ocrx_word' id='word_1_204' title='bbox 2139 3013 2209 3068; x_wconf 79' lang='lat'><strong>25</strong></span> <span class='ocrx_word' id='word_1_205' title='bbox 2459 3017 2485 3071; x_wconf 82' lang='grc'><strong>1</strong></span> 
     </span>
    </p>
   </div>
   <div class='ocr_carea' id='block_1_31' title="bbox 479 3128 3656 3248">
    <p class='ocr_par' dir='ltr' id='par_1_31' title="bbox 479 3128 3656 3248">
     <span class='ocr_line' id='line_1_31' title="bbox 479 3128 3656 3248; baseline 0.005 -29"><span class='ocrx_word' id='word_1_206' title='bbox 479 3166 514 3219; x_wconf 86' lang='grc' dir='ltr'>Ιι</span> <span class='ocrx_word' id='word_1_207' title='bbox 542 3158 910 3234; x_wconf 84' lang='lat' dir='ltr'><strong>Vespasianus</strong></span> <span class='ocrx_word' id='word_1_208' title='bbox 946 3165 1089 3236; x_wconf 92' lang='lat' dir='ltr'><strong>apud</strong></span> <span class='ocrx_word' id='word_1_209' title='bbox 1113 3163 1359 3222; x_wconf 76' lang='lat' dir='ltr'><strong>Iudaeam</strong></span> <span class='ocrx_word' id='word_1_210' title='bbox 1396 3166 1693 3236; x_wconf 79' lang='lat' dir='ltr'><strong>imperator</strong></span> <span class='ocrx_word' id='word_1_211' title='bbox 1721 3169 1790 3225; x_wconf 89' lang='lat' dir='ltr'><strong>ab</strong></span> <span class='ocrx_word' id='word_1_212' title='bbox 1813 3128 2063 3225; x_wconf 81' lang='lat' dir='ltr'><strong>exercitu</strong></span> <span class='ocrx_word' id='word_1_213' title='bbox 2097 3171 2424 3242; x_wconf 89' lang='lat' dir='ltr'><strong>appellatus,</strong></span> <span class='ocrx_word' id='word_1_214' title='bbox 2448 3178 2503 3229; x_wconf 92' lang='lat' dir='ltr'><strong>et</strong></span> <span class='ocrx_word' id='word_1_215' title='bbox 2547 3173 2749 3229; x_wconf 90' lang='lat' dir='ltr'><strong>bellum</strong></span> <span class='ocrx_word' id='word_1_216' title='bbox 2791 3137 2915 3230; x_wconf 86' lang='lat' dir='ltr'><strong>Tito</strong></span> <span class='ocrx_word' id='word_1_217' title='bbox 2946 3158 3058 3231; x_wconf 90' lang='lat' dir='ltr'><strong>ﬁlio</strong></span> <span class='ocrx_word' id='word_1_218' title='bbox 3089 3179 3508 3248; x_wconf 87' lang='lat' dir='ltr'><strong>commendans,</strong></span> <span class='ocrx_word' id='word_1_219' title='bbox 3538 3179 3656 3236; x_wconf 83' lang='lat' dir='ltr'><strong>Ro-</strong></span> 
     </span>
    </p>
   </div>
   <div class='ocr_carea' id='block_1_32' title="bbox 412 3263 1517 3336">
    <p class='ocr_par' dir='ltr' id='par_1_32' title="bbox 412 3263 1517 3336">
     <span class='ocr_line' id='line_1_32' title="bbox 412 3263 1517 3336; baseline -0.002 -17"><span class='ocrx_word' id='word_1_220' title='bbox 412 3279 554 3319; x_wconf 64' lang='lat' dir='ltr'><strong>mam</strong></span> <span class='ocrx_word' id='word_1_221' title='bbox 586 3279 681 3334; x_wconf 90' lang='lat' dir='ltr'><strong>per</strong></span> <span class='ocrx_word' id='word_1_222' title='bbox 707 3263 1094 3320; x_wconf 78' lang='lat' dir='ltr'><strong>Alexandriam</strong></span> <span class='ocrx_word' id='word_1_223' title='bbox 1127 3263 1517 3336; x_wconf 88' lang='lat' dir='ltr'><strong>proﬁciscitur.</strong></span> 
     </span>
    </p>
   </div>
   <div class='ocr_carea' id='block_1_33' title="bbox 475 3421 1912 3495">
    <p class='ocr_par' dir='ltr' id='par_1_33' title="bbox 475 3421 1912 3495">
     <span class='ocr_line' id='line_1_33' title="bbox 475 3421 1912 3495; baseline 0.003 -16"><span class='ocrx_word' id='word_1_224' title='bbox 475 3421 810 3495; x_wconf 86' lang='lat' dir='ltr'><strong>Capitolium</strong></span> <span class='ocrx_word' id='word_1_225' title='bbox 836 3423 1020 3480; x_wconf 75' lang='lat' dir='ltr'><strong>Romae</strong></span> <span class='ocrx_word' id='word_1_226' title='bbox 1049 3427 1354 3483; x_wconf 90' lang='lat' dir='ltr'><strong>incensum.</strong></span> <span class='ocrx_word' id='word_1_227' title='bbox 1852 3428 1912 3484; x_wconf 77' lang='lat' dir='ltr'><strong>7i</strong></span> 
     </span>
    </p>
   </div>
   <div class='ocr_carea' id='block_1_34' title="bbox 2129 3429 2481 3486">
    <p class='ocr_par' dir='ltr' id='par_1_34' title="bbox 2129 3429 2481 3486">
     <span class='ocr_line' id='line_1_34' title="bbox 2129 3429 2481 3486; baseline 0.006 -2"><span class='ocrx_word' id='word_1_228' title='bbox 2129 3429 2200 3484; x_wconf 82' lang='lat'><strong>26</strong></span> <span class='ocrx_word' id='word_1_229' title='bbox 2444 3432 2481 3486; x_wconf 83' lang='lat'><strong>2</strong></span> 
     </span>
    </p>
   </div>
   <div class='ocr_carea' id='block_1_35' title="bbox 477 3624 3658 3700">
    <p class='ocr_par' dir='ltr' id='par_1_35' title="bbox 477 3624 3658 3700">
     <span class='ocr_line' id='line_1_35' title="bbox 477 3624 3658 3700; baseline 0.002 -19"><span class='ocrx_word' id='word_1_230' title='bbox 477 3624 709 3692; x_wconf 75' lang='lat' dir='ltr'><strong>iTitUs,</strong></span> <span class='ocrx_word' id='word_1_231' title='bbox 742 3624 927 3680; x_wconf 69' lang='lat' dir='ltr'><strong>Iudaea</strong></span> <span class='ocrx_word' id='word_1_232' title='bbox 968 3628 1126 3695; x_wconf 85' lang='lat' dir='ltr'><strong>eapta</strong></span> <span class='ocrx_word' id='word_1_233' title='bbox 1171 3633 1223 3681; x_wconf 87' lang='lat' dir='ltr'><strong>et</strong></span> <span class='ocrx_word' id='word_1_234' title='bbox 1265 3625 1656 3698; x_wconf 82' lang='lat' dir='ltr'><strong>Hierosolymis</strong></span> <span class='ocrx_word' id='word_1_235' title='bbox 1687 3625 1998 3695; x_wconf 87' lang='lat' dir='ltr'><strong>subversis,</strong></span> <span class='ocrx_word' id='word_1_236' title='bbox 2031 3641 2098 3682; x_wconf 83' lang='lat' dir='ltr'><strong>nc</strong></span> <span class='ocrx_word' id='word_1_237' title='bbox 2131 3628 2302 3683; x_wconf 90' lang='lat' dir='ltr'><strong>millia</strong></span> <span class='ocrx_word' id='word_1_238' title='bbox 2350 3629 2593 3683; x_wconf 85' lang='lat' dir='ltr'><strong>virorum</strong></span> <span class='ocrx_word' id='word_1_239' title='bbox 2643 3627 2918 3685; x_wconf 89' lang='lat' dir='ltr'><strong>interﬁcit.</strong></span> <span class='ocrx_word' id='word_1_240' title='bbox 2964 3627 3234 3700; x_wconf 77' lang='lat' dir='ltr'><strong>Iosephus</strong></span> <span class='ocrx_word' id='word_1_241' title='bbox 3282 3644 3414 3686; x_wconf 85' lang='lat' dir='ltr'><strong>vero</strong></span> <span class='ocrx_word' id='word_1_242' title='bbox 3464 3630 3658 3689; x_wconf 67' lang='lat' dir='ltr'><strong>scribit</strong></span> 
     </span>
    </p>
   </div>
   <div class='ocr_carea' id='block_1_36' title="bbox 406 3718 3657 3798">
    <p class='ocr_par' dir='ltr' id='par_1_36' title="bbox 406 3718 3657 3798">
     <span class='ocr_line' id='line_1_36' title="bbox 406 3718 3657 3798; baseline 0.002 -26"><span class='ocrx_word' id='word_1_243' title='bbox 406 3719 666 3774; x_wconf 87' lang='lat' dir='ltr'><strong>undecies</strong></span> <span class='ocrx_word' id='word_1_244' title='bbox 696 3727 927 3774; x_wconf 89' lang='lat' dir='ltr'><strong>centena</strong></span> <span class='ocrx_word' id='word_1_245' title='bbox 956 3718 1126 3771; x_wconf 90' lang='lat' dir='ltr'><strong>millia</strong></span> <span class='ocrx_word' id='word_1_246' title='bbox 1158 3719 1299 3774; x_wconf 74' lang='lat' dir='ltr'><strong>fame</strong></span> <span class='ocrx_word' id='word_1_247' title='bbox 1331 3727 1384 3772; x_wconf 90' lang='lat' dir='ltr'><strong>et</strong></span> <span class='ocrx_word' id='word_1_248' title='bbox 1424 3718 1605 3788; x_wconf 83' lang='lat' dir='ltr'><strong>gladio</strong></span> <span class='ocrx_word' id='word_1_249' title='bbox 1638 3719 1890 3788; x_wconf 89' lang='lat' dir='ltr'><strong>periisse,</strong></span> <span class='ocrx_word' id='word_1_250' title='bbox 1922 3725 1976 3774; x_wconf 94' lang='lat' dir='ltr'><strong>et</strong></span> <span class='ocrx_word' id='word_1_251' title='bbox 2006 3719 2112 3774; x_wconf 89' lang='lat' dir='ltr'><strong>alia</strong></span> <span class='ocrx_word' id='word_1_252' title='bbox 2143 3730 2360 3776; x_wconf 89' lang='lat' dir='ltr'><strong>centum</strong></span> <span class='ocrx_word' id='word_1_253' title='bbox 2390 3720 2559 3775; x_wconf 90' lang='lat' dir='ltr'><strong>millia</strong></span> <span class='ocrx_word' id='word_1_254' title='bbox 2589 3723 2930 3798; x_wconf 81' lang='lat' dir='ltr'><strong>captivorum</strong></span> <span class='ocrx_word' id='word_1_255' title='bbox 2964 3723 3182 3793; x_wconf 91' lang='lat' dir='ltr'><strong>publice</strong></span> <span class='ocrx_word' id='word_1_256' title='bbox 3214 3723 3546 3778; x_wconf 84' lang='lat' dir='ltr'><strong>venundata.</strong></span> <span class='ocrx_word' id='word_1_257' title='bbox 3585 3719 3657 3778; x_wconf 89' lang='lat' dir='ltr'><strong>Ut</strong></span> 
     </span>
    </p>
   </div>
   <div class='ocr_carea' id='block_1_37' title="bbox 404 3807 3657 3888">
    <p class='ocr_par' dir='ltr' id='par_1_37' title="bbox 404 3807 3657 3888">
     <span class='ocr_line' id='line_1_37' title="bbox 404 3807 3657 3888; baseline 0.002 -24"><span class='ocrx_word' id='word_1_258' title='bbox 404 3818 584 3864; x_wconf 82' lang='lat' dir='ltr'><strong>autem</strong></span> <span class='ocrx_word' id='word_1_259' title='bbox 605 3817 770 3888; x_wconf 81' lang='lat' dir='ltr'><strong>tanta</strong></span> <span class='ocrx_word' id='word_1_260' title='bbox 797 3809 1093 3866; x_wconf 88' lang='lat' dir='ltr'><strong>multitudo</strong></span> <span class='ocrx_word' id='word_1_261' title='bbox 1122 3807 1517 3880; x_wconf 83' lang='lat' dir='ltr'><strong>Hierosolymis</strong></span> <span class='ocrx_word' id='word_1_262' title='bbox 1549 3811 1904 3879; x_wconf 87' lang='lat' dir='ltr'><strong>reperiretur,</strong></span> <span class='ocrx_word' id='word_1_263' title='bbox 1933 3826 2160 3869; x_wconf 89' lang='lat' dir='ltr'><strong>causam</strong></span> <span class='ocrx_word' id='word_1_264' title='bbox 2189 3827 2504 3883; x_wconf 86' lang='lat' dir='ltr'><strong>azymorum</strong></span> <span class='ocrx_word' id='word_1_265' title='bbox 2534 3810 2708 3867; x_wconf 88' lang='lat' dir='ltr'><strong>fuisse</strong></span> <span class='ocrx_word' id='word_1_266' title='bbox 2730 3814 2898 3869; x_wconf 83' lang='lat' dir='ltr'><strong>refert</strong></span> <span class='ocrx_word' id='word_1_267' title='bbox 2922 3833 2936 3868; x_wconf 88' lang='lat'><strong>:</strong></span> <span class='ocrx_word' id='word_1_268' title='bbox 2967 3814 3038 3868; x_wconf 93' lang='lat' dir='ltr'><strong>ob</strong></span> <span class='ocrx_word' id='word_1_269' title='bbox 3066 3829 3188 3884; x_wconf 68' lang='lat' dir='ltr'><strong>quae</strong></span> <span class='ocrx_word' id='word_1_270' title='bbox 3215 3827 3279 3870; x_wconf 84' lang='lat' dir='ltr'><strong>ex</strong></span> <span class='ocrx_word' id='word_1_271' title='bbox 3311 3815 3462 3868; x_wconf 87' lang='lat' dir='ltr'><strong>omni</strong></span> <span class='ocrx_word' id='word_1_272' title='bbox 3496 3821 3657 3885; x_wconf 82' lang='lat' dir='ltr'><strong>gente</strong></span> 
     </span>
    </p>
   </div>
   <div class='ocr_carea' id='block_1_38' title="bbox 403 3895 3656 3975">
    <p class='ocr_par' dir='ltr' id='par_1_38' title="bbox 403 3895 3656 3975">
     <span class='ocr_line' id='line_1_38' title="bbox 403 3895 3656 3975; baseline 0.002 -21"><span class='ocrx_word' id='word_1_273' title='bbox 403 3895 573 3956; x_wconf 66' lang='grc' dir='ltr'><strong>«ἰυᾱωί</strong></span> <span class='ocrx_word' id='word_1_274' title='bbox 597 3901 664 3955; x_wconf 91' lang='lat' dir='ltr'><strong>ad</strong></span> <span class='ocrx_word' id='word_1_275' title='bbox 696 3900 955 3970; x_wconf 91' lang='lat' dir='ltr'><strong>templum</strong></span> <span class='ocrx_word' id='word_1_276' title='bbox 978 3899 1336 3968; x_wconf 85' lang='lat' dir='ltr'><strong>conﬂuentes,</strong></span> <span class='ocrx_word' id='word_1_277' title='bbox 1371 3901 1502 3955; x_wconf 91' lang='lat' dir='ltr'><strong>urbe</strong></span> <span class='ocrx_word' id='word_1_278' title='bbox 1535 3901 1692 3971; x_wconf 88' lang='lat' dir='ltr'><strong>quasi</strong></span> <span class='ocrx_word' id='word_1_279' title='bbox 1722 3917 1948 3959; x_wconf 87' lang='lat' dir='ltr'><strong>carcere</strong></span> <span class='ocrx_word' id='word_1_280' title='bbox 2004 3913 2134 3960; x_wconf 85' lang='lat' dir='ltr'><strong>sunt</strong></span> <span class='ocrx_word' id='word_1_281' title='bbox 2179 3903 2396 3959; x_wconf 90' lang='lat' dir='ltr'><strong>reclusi.</strong></span> <span class='ocrx_word' id='word_1_282' title='bbox 2437 3902 2689 3975; x_wconf 90' lang='lat' dir='ltr'><strong>Oportuit</strong></span> <span class='ocrx_word' id='word_1_283' title='bbox 2719 3904 2865 3960; x_wconf 86' lang='lat' dir='ltr'><strong>enim</strong></span> <span class='ocrx_word' id='word_1_284' title='bbox 2894 3905 2951 3960; x_wconf 92' lang='lat' dir='ltr'><strong>in</strong></span> <span class='ocrx_word' id='word_1_285' title='bbox 2979 3905 3066 3961; x_wconf 89' lang='lat' dir='ltr'><strong>his</strong></span> <span class='ocrx_word' id='word_1_286' title='bbox 3093 3905 3285 3962; x_wconf 89' lang='lat' dir='ltr'><strong>diebus</strong></span> <span class='ocrx_word' id='word_1_287' title='bbox 3316 3904 3539 3962; x_wconf 72' lang='lat' dir='ltr'><strong>Pascha:</strong></span> <span class='ocrx_word' id='word_1_288' title='bbox 3559 3921 3656 3962; x_wconf 87' lang='lat' dir='ltr'><strong>eos</strong></span> 
     </span>
    </p>
   </div>
   <div class='ocr_carea' id='block_1_39' title="bbox 405 3994 1776 4068">
    <p class='ocr_par' dir='ltr' id='par_1_39' title="bbox 405 3994 1776 4068">
     <span class='ocr_line' id='line_1_39' title="bbox 405 3994 1776 4068; baseline 0.002 -19"><span class='ocrx_word' id='word_1_289' title='bbox 405 3996 662 4066; x_wconf 88' lang='lat' dir='ltr'><strong>interﬁci,</strong></span> <span class='ocrx_word' id='word_1_290' title='bbox 684 3997 738 4052; x_wconf 90' lang='lat' dir='ltr'><strong>in</strong></span> <span class='ocrx_word' id='word_1_291' title='bbox 765 3997 964 4068; x_wconf 88' lang='lat' dir='ltr'><strong>quibus</strong></span> <span class='ocrx_word' id='word_1_292' title='bbox 1001 3994 1340 4052; x_wconf 86' lang='lat' dir='ltr'><strong>Salvatorem</strong></span> <span class='ocrx_word' id='word_1_293' title='bbox 1366 3997 1776 4053; x_wconf 82' lang='lat' dir='ltr'><strong>cruciﬁxerant.</strong></span> 
     </span>
    </p>
   </div>
   <div class='ocr_carea' id='block_1_40' title="bbox 473 4191 1971 4265">
    <p class='ocr_par' dir='ltr' id='par_1_40' title="bbox 473 4191 1971 4265">
     <span class='ocr_line' id='line_1_40' title="bbox 473 4191 1971 4265; baseline -0.001 -15"><span class='ocrx_word' id='word_1_294' title='bbox 473 4215 508 4252; x_wconf 90' lang='lat' dir='ltr'><strong><em>a</em></strong></span> <span class='ocrx_word' id='word_1_295' title='bbox 545 4196 780 4249; x_wconf 85' lang='grc' dir='ltr'>Ἰουδαῖοι</span> <span class='ocrx_word' id='word_1_296' title='bbox 812 4194 1096 4265; x_wconf 84' lang='grc' dir='ltr'>Ῥωμαίων</span> <span class='ocrx_word' id='word_1_297' title='bbox 1125 4191 1439 4263; x_wconf 79' lang='grc' dir='ltr'>ἀπέστησαν</span> <span class='ocrx_word' id='word_1_298' title='bbox 1460 4195 1552 4247; x_wconf 70' lang='grc' dir='ltr'>ἐπὶ</span> <span class='ocrx_word' id='word_1_299' title='bbox 1579 4195 1799 4250; x_wconf 80' lang='grc' dir='ltr'>Γεστίου</span> <span class='ocrx_word' id='word_1_300' title='bbox 1826 4195 1971 4250; x_wconf 82' lang='grc' dir='ltr'><strong>Φλώ-</strong></span> 
     </span>
    </p>
   </div>
   <div class='ocr_carea' id='block_1_41' title="bbox 401 4281 1970 4364">
    <p class='ocr_par' dir='ltr' id='par_1_41' title="bbox 401 4281 1970 4364">
     <span class='ocr_line' id='line_1_41' title="bbox 401 4281 1970 4364; baseline 0.001 -23"><span class='ocrx_word' id='word_1_301' title='bbox 401 4305 498 4364; x_wconf 82' lang='grc' dir='ltr'><strong>ρου</strong></span> <span class='ocrx_word' id='word_1_302' title='bbox 531 4287 618 4341; x_wconf 77' lang='grc' dir='ltr'>διὰ</span> <span class='ocrx_word' id='word_1_303' title='bbox 649 4285 957 4351; x_wconf 81' lang='grc' dir='ltr'>πλεονεξίαν</span> <span class='ocrx_word' id='word_1_304' title='bbox 1001 4281 1164 4338; x_wconf 80' lang='grc' dir='ltr'>αὐτοῦ</span> <span class='ocrx_word' id='word_1_305' title='bbox 1199 4283 1464 4356; x_wconf 83' lang='grc' dir='ltr'>ἄμετρον·</span> <span class='ocrx_word' id='word_1_306' title='bbox 1500 4289 1583 4356; x_wconf 83' lang='grc' dir='ltr'><strong>ἐφ’</strong></span> <span class='ocrx_word' id='word_1_307' title='bbox 1615 4287 1706 4352; x_wconf 72' lang='grc' dir='ltr'><strong>οὓς</strong></span> <span class='ocrx_word' id='word_1_308' title='bbox 1733 4291 1761 4343; x_wconf 83' lang='grc' dir='ltr'>ὁ</span> <span class='ocrx_word' id='word_1_309' title='bbox 1781 4289 1970 4360; x_wconf 85' lang='grc' dir='ltr'><strong>Νέρων</strong></span> 
     </span>
    </p>
   </div>
   <div class='ocr_carea' id='block_1_42' title="bbox 397 4369 1970 4451">
    <p class='ocr_par' dir='ltr' id='par_1_42' title="bbox 397 4369 1970 4451">
     <span class='ocr_line' id='line_1_42' title="bbox 397 4369 1970 4451; baseline -0.003 -13"><span class='ocrx_word' id='word_1_310' title='bbox 397 4379 806 4438; x_wconf 83' lang='grc' dir='ltr'>Οὐεσπασιανὸν</span> <span class='ocrx_word' id='word_1_311' title='bbox 873 4369 1348 4448; x_wconf 78' lang='grc' dir='ltr'><strong>στρατοπεδάρχην</strong></span> <span class='ocrx_word' id='word_1_312' title='bbox 1417 4379 1743 4451; x_wconf 77' lang='grc' dir='ltr'>ἐξέπεμψεν.</span> <span class='ocrx_word' id='word_1_313' title='bbox 1821 4381 1970 4434; x_wconf 87' lang='lat' dir='ltr'><strong>Idem</strong></span> 
     </span>
    </p>
   </div>
   <div class='ocr_carea' id='block_1_43' title="bbox 398 4471 701 4544">
    <p class='ocr_par' dir='ltr' id='par_1_43' title="bbox 398 4471 701 4544">
     <span class='ocr_line' id='line_1_43' title="bbox 398 4471 701 4544; baseline -0.007 -17"><span class='ocrx_word' id='word_1_314' title='bbox 398 4490 451 4544; x_wconf 84' lang='lat' dir='ltr'><strong>p.</strong></span> <span class='ocrx_word' id='word_1_315' title='bbox 479 4473 602 4536; x_wconf 78' lang='lat'><strong>536,</strong></span> <span class='ocrx_word' id='word_1_316' title='bbox 632 4471 701 4526; x_wconf 88' lang='lat' dir='ltr'><strong>D.</strong></span> 
     </span>
    </p>
   </div>
   <div class='ocr_carea' id='block_1_44' title="bbox 471 4563 1972 4636">
    <p class='ocr_par' dir='ltr' id='par_1_44' title="bbox 471 4563 1972 4636">
     <span class='ocr_line' id='line_1_44' title="bbox 471 4563 1972 4636; baseline -0.002 -18"><span class='ocrx_word' id='word_1_317' title='bbox 471 4566 498 4618; x_wconf 89' lang='lat' dir='ltr'><strong>b</strong></span> <span class='ocrx_word' id='word_1_318' title='bbox 535 4564 766 4627; x_wconf 79' lang='grc' dir='ltr'>Φλάϐιος</span> <span class='ocrx_word' id='word_1_319' title='bbox 817 4563 1123 4634; x_wconf 86' lang='grc' dir='ltr'>Ἰώσηππος</span> <span class='ocrx_word' id='word_1_320' title='bbox 1172 4565 1554 4636; x_wconf 82' lang='grc' dir='ltr'>συγγραφεὺς,</span> <span class='ocrx_word' id='word_1_321' title='bbox 1594 4563 1972 4633; x_wconf 76' lang='grc' dir='ltr'><strong>στρατηγήσας</strong></span> 
     </span>
    </p>
   </div>
   <div class='ocr_carea' id='block_1_45' title="bbox 399 4650 1972 4728">
    <p class='ocr_par' dir='ltr' id='par_1_45' title="bbox 399 4650 1972 4728">
     <span class='ocr_line' id='line_1_45' title="bbox 399 4650 1972 4728; baseline -0.001 -19"><span class='ocrx_word' id='word_1_322' title='bbox 399 4656 540 4728; x_wconf 89' lang='grc' dir='ltr'><strong>ὐπέρ</strong></span> <span class='ocrx_word' id='word_1_323' title='bbox 575 4650 888 4717; x_wconf 80' lang='grc' dir='ltr'>Ἶουδαίων,</span> <span class='ocrx_word' id='word_1_324' title='bbox 939 4655 1034 4708; x_wconf 72' lang='grc' dir='ltr'><strong>καὶ</strong></span> <span class='ocrx_word' id='word_1_325' title='bbox 1069 4653 1276 4725; x_wconf 79' lang='grc' dir='ltr'><strong>μέλλων</strong></span> <span class='ocrx_word' id='word_1_326' title='bbox 1307 4656 1385 4718; x_wconf 87' lang='grc' dir='ltr'>εἰς</span> <span class='ocrx_word' id='word_1_327' title='bbox 1417 4654 1506 4707; x_wconf 82' lang='grc' dir='ltr'><strong>τὸν</strong></span> <span class='ocrx_word' id='word_1_328' title='bbox 1541 4653 1774 4725; x_wconf 80' lang='grc' dir='ltr'>πόλεμον</span> <span class='ocrx_word' id='word_1_329' title='bbox 1819 4655 1972 4707; x_wconf 84' lang='grc' dir='ltr'>ἀναι-</span> 
     </span>
    </p>
   </div>
   <div class='ocr_carea' id='block_1_46' title="bbox 407 4743 1973 4817">
    <p class='ocr_par' dir='ltr' id='par_1_46' title="bbox 407 4743 1973 4817">
     <span class='ocr_line' id='line_1_46' title="bbox 407 4743 1973 4817; baseline 0 -19"><span class='ocrx_word' id='word_1_330' title='bbox 407 4745 611 4816; x_wconf 82' lang='grc' dir='ltr'>ρεῖσθαι</span> <span class='ocrx_word' id='word_1_331' title='bbox 636 4785 655 4813; x_wconf 76' lang='grc'><strong>,</strong></span> <span class='ocrx_word' id='word_1_332' title='bbox 704 4743 946 4808; x_wconf 78' lang='grc' dir='ltr'>θεσπίζει</span> <span class='ocrx_word' id='word_1_333' title='bbox 991 4744 1380 4816; x_wconf 75' lang='grc' dir='ltr'>Οὐεσπασιανῷ</span> <span class='ocrx_word' id='word_1_334' title='bbox 1421 4745 1548 4816; x_wconf 74' lang='grc' dir='ltr'>περὶ</span> <span class='ocrx_word' id='word_1_335' title='bbox 1588 4748 1686 4816; x_wconf 85' lang='grc' dir='ltr'><strong>τῆς</strong></span> <span class='ocrx_word' id='word_1_336' title='bbox 1723 4745 1973 4817; x_wconf 80' lang='grc' dir='ltr'><strong>Νέρωνος</strong></span> 
     </span>
    </p>
   </div>
   <div class='ocr_carea' id='block_1_47' title="bbox 397 4836 1967 4910">
    <p class='ocr_par' dir='ltr' id='par_1_47' title="bbox 397 4836 1967 4910">
     <span class='ocr_line' id='line_1_47' title="bbox 397 4836 1967 4910; baseline -0.002 -18"><span class='ocrx_word' id='word_1_337' title='bbox 397 4840 692 4910; x_wconf 78' lang='grc' dir='ltr'>τελευτῆς,</span> <span class='ocrx_word' id='word_1_338' title='bbox 725 4837 818 4891; x_wconf 81' lang='grc' dir='ltr'>καὶ</span> <span class='ocrx_word' id='word_1_339' title='bbox 860 4837 960 4906; x_wconf 82' lang='grc' dir='ltr'>τῆς</span> <span class='ocrx_word' id='word_1_340' title='bbox 1001 4837 1163 4892; x_wconf 81' lang='grc' dir='ltr'>αὐτοῦ</span> <span class='ocrx_word' id='word_1_341' title='bbox 1211 4836 1622 4891; x_wconf 80' lang='grc' dir='ltr'>Οὐεσπασιανοῦ</span> <span class='ocrx_word' id='word_1_342' title='bbox 1676 4836 1967 4908; x_wconf 84' lang='grc' dir='ltr'>βασιλείας.</span> 
     </span>
    </p>
   </div>
   <div class='ocr_carea' id='block_1_48' title="bbox 400 4929 1470 5000">
    <p class='ocr_par' dir='ltr' id='par_1_48' title="bbox 400 4929 1470 5000">
     <span class='ocr_line' id='line_1_48' title="bbox 400 4929 1470 5000; baseline -0.004 -15"><span class='ocrx_word' id='word_1_343' title='bbox 400 4931 592 4987; x_wconf 82' lang='lat' dir='ltr'><strong>Chron.</strong></span> <span class='ocrx_word' id='word_1_344' title='bbox 622 4930 800 4999; x_wconf 83' lang='lat' dir='ltr'><strong>pasch.</strong></span> <span class='ocrx_word' id='word_1_345' title='bbox 824 4947 877 5000; x_wconf 89' lang='lat' dir='ltr'><strong>p.</strong></span> <span class='ocrx_word' id='word_1_346' title='bbox 904 4929 1030 4992; x_wconf 78' lang='lat'><strong>250,</strong></span> <span class='ocrx_word' id='word_1_347' title='bbox 1055 4929 1124 4983; x_wconf 87' lang='lat' dir='ltr'><strong>D.</strong></span> <span class='ocrx_word' id='word_1_348' title='bbox 1467 4961 1470 4964; x_wconf 62' lang='grc' dir='ltr'><em>η</em></span> 
     </span>
    </p>
   </div>
   <div class='ocr_carea' id='block_1_49' title="bbox 394 5019 1826 5093">
    <p class='ocr_par' dir='ltr' id='par_1_49' title="bbox 394 5019 1826 5093">
     <span class='ocr_line' id='line_1_49' title="bbox 394 5019 1826 5093; baseline 0 -18"><span class='ocrx_word' id='word_1_349' title='bbox 394 5071 395 5075; x_wconf 44' lang='grc' dir='ltr'><strong>η</strong></span> <span class='ocrx_word' id='word_1_350' title='bbox 468 5039 497 5078; x_wconf 87' lang='lat' dir='ltr'><strong>c</strong></span> <span class='ocrx_word' id='word_1_351' title='bbox 524 5022 714 5093; x_wconf 82' lang='grc' dir='ltr'>Νέρων</span> <span class='ocrx_word' id='word_1_352' title='bbox 741 5021 931 5076; x_wconf 83' lang='grc' dir='ltr'>ἐαυτὸν</span> <span class='ocrx_word' id='word_1_353' title='bbox 962 5021 1191 5074; x_wconf 83' lang='grc' dir='ltr'>ἀνεῖλεν.</span> <span class='ocrx_word' id='word_1_354' title='bbox 1223 5019 1489 5076; x_wconf 81' lang='lat' dir='ltr'><strong>Cedrenus</strong></span> <span class='ocrx_word' id='word_1_355' title='bbox 1518 5035 1572 5089; x_wconf 89' lang='lat' dir='ltr'><strong>p.</strong></span> <span class='ocrx_word' id='word_1_356' title='bbox 1603 5019 1728 5086; x_wconf 80' lang='grc'>215,</span> <span class='ocrx_word' id='word_1_357' title='bbox 1762 5020 1826 5075; x_wconf 85' lang='grc'><strong>1).</strong></span> 
     </span>
    </p>
   </div>
   <div class='ocr_carea' id='block_1_50' title="bbox 467 5111 1968 5184">
    <p class='ocr_par' dir='ltr' id='par_1_50' title="bbox 467 5111 1968 5184">
     <span class='ocr_line' id='line_1_50' title="bbox 467 5111 1968 5184; baseline -0.003 -18"><span class='ocrx_word' id='word_1_358' title='bbox 467 5113 504 5166; x_wconf 85' lang='lat' dir='ltr'><strong>d</strong></span> <span class='ocrx_word' id='word_1_359' title='bbox 536 5113 692 5167; x_wconf 72' lang='grc' dir='ltr'>Μετὰ</span> <span class='ocrx_word' id='word_1_360' title='bbox 719 5113 970 5184; x_wconf 80' lang='grc' dir='ltr'>Νέρωνος</span> <span class='ocrx_word' id='word_1_361' title='bbox 1013 5111 1225 5174; x_wconf 89' lang='grc' dir='ltr'>Γάλϐας</span> <span class='ocrx_word' id='word_1_362' title='bbox 1267 5111 1616 5166; x_wconf 83' lang='grc' dir='ltr'>ἐϐασίλευσεν</span> <span class='ocrx_word' id='word_1_363' title='bbox 1649 5113 1706 5163; x_wconf 89' lang='grc' dir='ltr'><strong>ἐν</strong></span> <span class='ocrx_word' id='word_1_364' title='bbox 1741 5111 1968 5183; x_wconf 85' lang='grc' dir='ltr'>Ἰϐηρίᾳ,</span> 
     </span>
    </p>
   </div>
   <div class='ocr_carea' id='block_1_51' title="bbox 399 5187 1970 5272">
    <p class='ocr_par' dir='ltr' id='par_1_51' title="bbox 399 5187 1970 5272">
     <span class='ocr_line' id='line_1_51' title="bbox 399 5187 1970 5272; baseline -0.001 -16"><span class='ocrx_word' id='word_1_365' title='bbox 399 5202 703 5265; x_wconf 81' lang='grc' dir='ltr'>Οὐιτέλλιος</span> <span class='ocrx_word' id='word_1_366' title='bbox 726 5203 782 5254; x_wconf 89' lang='grc' dir='ltr'><strong>ἐν</strong></span> <span class='ocrx_word' id='word_1_367' title='bbox 809 5187 1112 5272; x_wconf 59' lang='grc' dir='ltr'>Γερμάνιοιο</span> <span class='ocrx_word' id='word_1_368' title='bbox 1143 5201 1319 5258; x_wconf 87' lang='grc' dir='ltr'>Ὄθων</span> <span class='ocrx_word' id='word_1_369' title='bbox 1350 5203 1440 5255; x_wconf 79' lang='grc' dir='ltr'><strong>ἐπὶ</strong></span> <span class='ocrx_word' id='word_1_370' title='bbox 1469 5201 1684 5272; x_wconf 82' lang='grc' dir='ltr'>Ῥώμης</span> <span class='ocrx_word' id='word_1_371' title='bbox 1701 5218 1715 5234; x_wconf 77' lang='grc' dir='ltr'><strong>ο</strong></span> <span class='ocrx_word' id='word_1_372' title='bbox 1743 5202 1970 5265; x_wconf 74' lang='grc' dir='ltr'>ἕκαστος</span> 
     </span>
    </p>
   </div>
   <div class='ocr_carea' id='block_1_52' title="bbox 400 5293 1965 5365">
    <p class='ocr_par' dir='ltr' id='par_1_52' title="bbox 400 5293 1965 5365">
     <span class='ocr_line' id='line_1_52' title="bbox 400 5293 1965 5365; baseline 0.001 -17"><span class='ocrx_word' id='word_1_373' title='bbox 400 5295 576 5349; x_wconf 84' lang='grc' dir='ltr'>αὐτῶν</span> <span class='ocrx_word' id='word_1_374' title='bbox 612 5295 719 5365; x_wconf 73' lang='grc' dir='ltr'>ἰδίᾳ</span> <span class='ocrx_word' id='word_1_375' title='bbox 759 5294 929 5365; x_wconf 83' lang='grc' dir='ltr'>ἐπέϐη</span> <span class='ocrx_word' id='word_1_376' title='bbox 968 5296 1034 5364; x_wconf 81' lang='grc' dir='ltr'>τῇ</span> <span class='ocrx_word' id='word_1_377' title='bbox 1075 5295 1238 5365; x_wconf 81' lang='grc' dir='ltr'>ἀρχῇ.</span> <span class='ocrx_word' id='word_1_378' title='bbox 1287 5293 1483 5349; x_wconf 81' lang='lat' dir='ltr'><strong>Chron.</strong></span> <span class='ocrx_word' id='word_1_379' title='bbox 1530 5295 1709 5362; x_wconf 77' lang='lat' dir='ltr'><strong>pascit.</strong></span> <span class='ocrx_word' id='word_1_380' title='bbox 1752 5310 1804 5363; x_wconf 86' lang='lat' dir='ltr'><strong>p.</strong></span> <span class='ocrx_word' id='word_1_381' title='bbox 1839 5295 1965 5363; x_wconf 81' lang='lat'><strong>245,</strong></span> 
     </span>
    </p>
   </div>
   <div class='ocr_carea' id='block_1_53' title="bbox 397 5387 1888 5444">
    <p class='ocr_par' dir='ltr' id='par_1_53' title="bbox 397 5387 1888 5444">
     <span class='ocr_line' id='line_1_53' title="bbox 397 5387 1888 5444; baseline 0.002 -3"><span class='ocrx_word' id='word_1_382' title='bbox 397 5387 523 5441; x_wconf 76' lang='lat'><strong>246.</strong></span> <span class='ocrx_word' id='word_1_383' title='bbox 1160 5412 1166 5418; x_wconf 84' lang='lat'><strong><em>-</em></strong></span> <span class='ocrx_word' id='word_1_384' title='bbox 1884 5439 1888 5444; x_wconf 89' lang='lat'><strong>.</strong></span> 
     </span>
    </p>
   </div>
   <div class='ocr_carea' id='block_1_54' title="bbox 465 5477 1969 5554">
    <p class='ocr_par' dir='ltr' id='par_1_54' title="bbox 465 5477 1969 5554">
     <span class='ocr_line' id='line_1_54' title="bbox 465 5477 1969 5554; baseline 0.002 -22"><span class='ocrx_word' id='word_1_385' title='bbox 465 5495 494 5532; x_wconf 87' lang='lat' dir='ltr'><strong>e</strong></span> <span class='ocrx_word' id='word_1_386' title='bbox 527 5477 930 5543; x_wconf 85' lang='grc' dir='ltr'>Οὐεσπασιανὸς</span> <span class='ocrx_word' id='word_1_387' title='bbox 961 5479 1080 5532; x_wconf 72' lang='grc' dir='ltr'>δυσὶ</span> <span class='ocrx_word' id='word_1_388' title='bbox 1125 5478 1380 5550; x_wconf 80' lang='grc' dir='ltr'>πολέμοις</span> <span class='ocrx_word' id='word_1_389' title='bbox 1428 5480 1712 5545; x_wconf 88' lang='grc' dir='ltr'>Ἰουδαίους</span> <span class='ocrx_word' id='word_1_390' title='bbox 1767 5481 1969 5554; x_wconf 77' lang='grc' dir='ltr'>τρεψά·</span> 
     </span>
    </p>
   </div>
   <div class='ocr_carea' id='block_1_55' title="bbox 402 5565 1967 5641">
    <p class='ocr_par' dir='ltr' id='par_1_55' title="bbox 402 5565 1967 5641">
     <span class='ocr_line' id='line_1_55' title="bbox 402 5565 1967 5641; baseline 0.002 -19"><span class='ocrx_word' id='word_1_391' title='bbox 402 5587 559 5640; x_wconf 87' lang='grc' dir='ltr'>μενος</span> <span class='ocrx_word' id='word_1_392' title='bbox 594 5565 934 5623; x_wconf 79' lang='grc' dir='ltr'>ἀπέκλεισεν.</span> <span class='ocrx_word' id='word_1_393' title='bbox 973 5569 1133 5641; x_wconf 86' lang='lat' dir='ltr'><strong>Sync.</strong></span> <span class='ocrx_word' id='word_1_394' title='bbox 1163 5585 1215 5638; x_wconf 85' lang='lat' dir='ltr'><strong>p.</strong></span> <span class='ocrx_word' id='word_1_395' title='bbox 1252 5570 1388 5635; x_wconf 78' lang='lat'><strong>540,</strong></span> <span class='ocrx_word' id='word_1_396' title='bbox 1431 5571 1495 5626; x_wconf 87' lang='grc' dir='ltr'><strong>Β.</strong></span> <span class='ocrx_word' id='word_1_397' title='bbox 1528 5572 1740 5636; x_wconf 88' lang='grc' dir='ltr'>Γάλϐας</span> <span class='ocrx_word' id='word_1_398' title='bbox 1783 5572 1967 5625; x_wconf 82' lang='grc' dir='ltr'>ἐϐασί-</span> 
     </span>
    </p>
   </div>
   <div class='ocr_carea' id='block_1_56' title="bbox 398 5654 1970 5735">
    <p class='ocr_par' dir='ltr' id='par_1_56' title="bbox 398 5654 1970 5735">
     <span class='ocr_line' id='line_1_56' title="bbox 398 5654 1970 5735; baseline 0.002 -20"><span class='ocrx_word' id='word_1_399' title='bbox 398 5662 558 5715; x_wconf 82' lang='grc' dir='ltr'>λευσε</span> <span class='ocrx_word' id='word_1_400' title='bbox 607 5663 781 5734; x_wconf 84' lang='grc' dir='ltr'>μῆνας</span> <span class='ocrx_word' id='word_1_401' title='bbox 829 5663 894 5727; x_wconf 80' lang='grc' dir='ltr'><strong>ζ’,</strong></span> <span class='ocrx_word' id='word_1_402' title='bbox 941 5663 1034 5716; x_wconf 73' lang='grc' dir='ltr'><strong>καὶ</strong></span> <span class='ocrx_word' id='word_1_403' title='bbox 1080 5665 1136 5715; x_wconf 85' lang='grc' dir='ltr'><strong>ἐν</strong></span> <span class='ocrx_word' id='word_1_404' title='bbox 1179 5662 1319 5734; x_wconf 83' lang='grc' dir='ltr'>μέσῃ</span> <span class='ocrx_word' id='word_1_405' title='bbox 1350 5665 1414 5732; x_wconf 84' lang='grc' dir='ltr'>τῇ</span> <span class='ocrx_word' id='word_1_406' title='bbox 1463 5654 1750 5734; x_wconf 87' lang='grc' dir='ltr'>Ῥωμαίων</span> <span class='ocrx_word' id='word_1_407' title='bbox 1795 5665 1970 5735; x_wconf 79' lang='grc' dir='ltr'>ἀγορᾷ</span> 
     </span>
    </p>
   </div>
   <div class='ocr_carea' id='block_1_57' title="bbox 397 5752 1964 5826">
    <p class='ocr_par' dir='ltr' id='par_1_57' title="bbox 397 5752 1964 5826">
     <span class='ocr_line' id='line_1_57' title="bbox 397 5752 1964 5826; baseline 0.001 -19"><span class='ocrx_word' id='word_1_408' title='bbox 397 5755 498 5825; x_wconf 79' lang='grc' dir='ltr'>τὴν</span> <span class='ocrx_word' id='word_1_409' title='bbox 520 5754 760 5826; x_wconf 76' lang='grc' dir='ltr'>κεφαλὴν</span> <span class='ocrx_word' id='word_1_410' title='bbox 787 5752 1099 5823; x_wconf 84' lang='grc' dir='ltr'>ἀπετμήθη.</span> <span class='ocrx_word' id='word_1_411' title='bbox 1133 5752 1311 5805; x_wconf 83' lang='grc' dir='ltr'>Ὄθων</span> <span class='ocrx_word' id='word_1_412' title='bbox 1338 5753 1658 5822; x_wconf 84' lang='grc' dir='ltr'>βασιλεύσας</span> <span class='ocrx_word' id='word_1_413' title='bbox 1689 5756 1862 5824; x_wconf 80' lang='grc' dir='ltr'>μῆνας</span> <span class='ocrx_word' id='word_1_414' title='bbox 1896 5763 1964 5824; x_wconf 84' lang='grc' dir='ltr'><strong>γ’,</strong></span> 
     </span>
    </p>
   </div>
   <div class='ocr_carea' id='block_1_58' title="bbox 399 5843 1916 5918">
    <p class='ocr_par' dir='ltr' id='par_1_58' title="bbox 399 5843 1916 5918">
     <span class='ocr_line' id='line_1_58' title="bbox 399 5843 1916 5918; baseline 0.003 -20"><span class='ocrx_word' id='word_1_415' title='bbox 399 5846 754 5918; x_wconf 83' lang='grc' dir='ltr'>διεχειρίσατο</span> <span class='ocrx_word' id='word_1_416' title='bbox 787 5847 995 5900; x_wconf 71' lang='grc' dir='ltr'>ἑαυτόν.</span> <span class='ocrx_word' id='word_1_417' title='bbox 1032 5843 1209 5899; x_wconf 84' lang='lat' dir='ltr'><strong>Chron</strong></span> <span class='ocrx_word' id='word_1_418' title='bbox 1258 5845 1432 5916; x_wconf 77' lang='lat' dir='ltr'><strong>pasch.</strong></span> <span class='ocrx_word' id='word_1_419' title='bbox 1467 5863 1512 5916; x_wconf 86' lang='lat' dir='ltr'><strong>p.</strong></span> <span class='ocrx_word' id='word_1_420' title='bbox 1547 5847 1672 5912; x_wconf 77' lang='lat'><strong>245,</strong></span> <span class='ocrx_word' id='word_1_421' title='bbox 1701 5848 1824 5915; x_wconf 73' lang='lat'><strong>246,</strong></span> <span class='ocrx_word' id='word_1_422' title='bbox 1853 5849 1916 5902; x_wconf 83' lang='grc' dir='ltr'><strong>Α.</strong></span> 
     </span>
    </p>
   </div>
   <div class='ocr_carea' id='block_1_59' title="bbox 2147 4193 3651 4266">
    <p class='ocr_par' dir='ltr' id='par_1_59' title="bbox 2147 4193 3651 4266">
     <span class='ocr_line' id='line_1_59' title="bbox 2147 4193 3651 4266; baseline 0.002 -19"><span class='ocrx_word' id='word_1_423' title='bbox 2147 4196 2174 4261; x_wconf 84' lang='lat' dir='ltr'><em>f</em></span> <span class='ocrx_word' id='word_1_424' title='bbox 2196 4195 2523 4266; x_wconf 86' lang='grc' dir='ltr'>Ἀντιοχείας</span> <span class='ocrx_word' id='word_1_425' title='bbox 2545 4194 2842 4258; x_wconf 76' lang='grc' dir='ltr'>ἐπίσκοπος</span> <span class='ocrx_word' id='word_1_426' title='bbox 2869 4193 3146 4263; x_wconf 83' lang='grc' dir='ltr'>Ἰγνάτιος.</span> <span class='ocrx_word' id='word_1_427' title='bbox 3172 4193 3334 4266; x_wconf 80' lang='lat' dir='ltr'><strong>Sync.</strong></span> <span class='ocrx_word' id='word_1_428' title='bbox 3357 4211 3410 4264; x_wconf 79' lang='grc' dir='ltr'>ρ.</span> <span class='ocrx_word' id='word_1_429' title='bbox 3438 4198 3563 4263; x_wconf 81' lang='lat'><strong>542,</strong></span> <span class='ocrx_word' id='word_1_430' title='bbox 3583 4197 3651 4252; x_wconf 85' lang='grc' dir='ltr'><strong>Β.</strong></span> 
     </span>
    </p>
   </div>
   <div class='ocr_carea' id='block_1_60' title="bbox 2145 4286 3650 4395">
    <p class='ocr_par' dir='ltr' id='par_1_60' title="bbox 2145 4286 3650 4395">
     <span class='ocr_line' id='line_1_60' title="bbox 2145 4286 3650 4395; baseline -0.001 -19"><span class='ocrx_word' id='word_1_431' title='bbox 2145 4342 2176 4395; x_wconf 84' lang='lat' dir='ltr'><strong><em>g</em></strong></span> <span class='ocrx_word' id='word_1_432' title='bbox 2220 4323 2502 4393; x_wconf 89' lang='grc' dir='ltr'>Ῥωμαίων</span> <span class='ocrx_word' id='word_1_433' title='bbox 2539 4320 2583 4385; x_wconf 78' lang='grc' dir='ltr'><strong>ζ’</strong></span> <span class='ocrx_word' id='word_1_434' title='bbox 2635 4286 2981 4389; x_wconf 81' lang='grc' dir='ltr'>ἐϐασίλευσεν</span> <span class='ocrx_word' id='word_1_435' title='bbox 3013 4320 3418 4384; x_wconf 87' lang='grc' dir='ltr'>Οὐεσπασιανὸς</span> <span class='ocrx_word' id='word_1_436' title='bbox 3461 4320 3554 4392; x_wconf 85' lang='grc' dir='ltr'><strong>ἔτη</strong></span> <span class='ocrx_word' id='word_1_437' title='bbox 3585 4321 3650 4376; x_wconf 85' lang='grc' dir='ltr'><strong>θ’.</strong></span> 
     </span>
    </p>
   </div>
   <div class='ocr_carea' id='block_1_61' title="bbox 2080 4410 2822 4484">
    <p class='ocr_par' dir='ltr' id='par_1_61' title="bbox 2080 4410 2822 4484">
     <span class='ocr_line' id='line_1_61' title="bbox 2080 4410 2822 4484; baseline -0.009 -14"><span class='ocrx_word' id='word_1_438' title='bbox 2080 4415 2275 4470; x_wconf 84' lang='lat' dir='ltr'><strong>Chron.</strong></span> <span class='ocrx_word' id='word_1_439' title='bbox 2305 4413 2486 4484; x_wconf 76' lang='lat' dir='ltr'><strong>pasch.</strong></span> <span class='ocrx_word' id='word_1_440' title='bbox 2519 4429 2572 4482; x_wconf 87' lang='lat' dir='ltr'><strong>p.</strong></span> <span class='ocrx_word' id='word_1_441' title='bbox 2600 4410 2728 4475; x_wconf 88' lang='lat'><strong>246,</strong></span> <span class='ocrx_word' id='word_1_442' title='bbox 2755 4410 2822 4464; x_wconf 79' lang='grc' dir='ltr'><strong>Α.</strong></span> 
     </span>
    </p>
   </div>
   <div class='ocr_carea' id='block_1_62' title="bbox 2150 4533 3653 4606">
    <p class='ocr_par' dir='ltr' id='par_1_62' title="bbox 2150 4533 3653 4606">
     <span class='ocr_line' id='line_1_62' title="bbox 2150 4533 3653 4606; baseline 0 -18"><span class='ocrx_word' id='word_1_443' title='bbox 2150 4537 2183 4588; x_wconf 89' lang='lat' dir='ltr'><strong>h</strong></span> <span class='ocrx_word' id='word_1_444' title='bbox 2209 4536 2616 4598; x_wconf 79' lang='grc' dir='ltr'>Οὐεσπασιανὸς</span> <span class='ocrx_word' id='word_1_445' title='bbox 2641 4533 3016 4606; x_wconf 84' lang='grc' dir='ltr'>αὐτοκράτωρ,</span> <span class='ocrx_word' id='word_1_446' title='bbox 3045 4533 3336 4604; x_wconf 77' lang='grc' dir='ltr'>στέψαντος</span> <span class='ocrx_word' id='word_1_447' title='bbox 3360 4533 3524 4588; x_wconf 88' lang='grc' dir='ltr'>αὐτὸν</span> <span class='ocrx_word' id='word_1_448' title='bbox 3553 4533 3653 4588; x_wconf 83' lang='grc' dir='ltr'>τοῦ</span> 
     </span>
    </p>
   </div>
   <div class='ocr_carea' id='block_1_63' title="bbox 2081 4623 3654 4700">
    <p class='ocr_par' dir='ltr' id='par_1_63' title="bbox 2081 4623 3654 4700">
     <span class='ocr_line' id='line_1_63' title="bbox 2081 4623 3654 4700; baseline -0.003 -21"><span class='ocrx_word' id='word_1_449' title='bbox 2081 4625 2333 4698; x_wconf 82' lang='grc' dir='ltr'>στρατοῦ,</span> <span class='ocrx_word' id='word_1_450' title='bbox 2361 4625 2450 4677; x_wconf 85' lang='grc' dir='ltr'><strong>τὸν</strong></span> <span class='ocrx_word' id='word_1_451' title='bbox 2475 4623 2619 4676; x_wconf 83' lang='grc' dir='ltr'><strong>κατά</strong></span> <span class='ocrx_word' id='word_1_452' title='bbox 2661 4623 2926 4677; x_wconf 86' lang='grc' dir='ltr'>Ἰουδαίων</span> <span class='ocrx_word' id='word_1_453' title='bbox 2953 4623 3266 4700; x_wconf 64' lang='grc' dir='ltr'>ἐγχειρίσας</span> <span class='ocrx_word' id='word_1_454' title='bbox 3291 4623 3525 4692; x_wconf 89' lang='grc' dir='ltr'>πόλεμον</span> <span class='ocrx_word' id='word_1_455' title='bbox 3557 4623 3654 4675; x_wconf 81' lang='grc' dir='ltr'><strong>Τί·-</strong></span> 
     </span>
    </p>
   </div>
   <div class='ocr_carea' id='block_1_64' title="bbox 2069 4713 3652 4788">
    <p class='ocr_par' dir='ltr' id='par_1_64' title="bbox 2069 4713 3652 4788">
     <span class='ocr_line' id='line_1_64' title="bbox 2069 4713 3652 4788; baseline -0.003 -16"><span class='ocrx_word' id='word_1_456' title='bbox 2069 4736 2174 4788; x_wconf 34' lang='grc' dir='ltr'>,τῳ,</span> <span class='ocrx_word' id='word_1_457' title='bbox 2195 4717 2356 4780; x_wconf 78' lang='grc' dir='ltr'>αὐτὸς</span> <span class='ocrx_word' id='word_1_458' title='bbox 2376 4716 2442 4769; x_wconf 88' lang='grc' dir='ltr'>δι’</span> <span class='ocrx_word' id='word_1_459' title='bbox 2471 4713 2875 4786; x_wconf 83' lang='grc' dir='ltr'>Ἀλεξανδρείας</span> <span class='ocrx_word' id='word_1_460' title='bbox 2891 4717 2971 4778; x_wconf 82' lang='grc' dir='ltr'>εἰς</span> <span class='ocrx_word' id='word_1_461' title='bbox 2985 4715 3084 4784; x_wconf 83' lang='grc' dir='ltr'>τὴν</span> <span class='ocrx_word' id='word_1_462' title='bbox 3113 4713 3398 4784; x_wconf 86' lang='grc' dir='ltr'>Ῥωμαίων</span> <span class='ocrx_word' id='word_1_463' title='bbox 3423 4714 3652 4784; x_wconf 85' lang='grc' dir='ltr'>ἀφίκετο</span> 
     </span>
    </p>
   </div>
   <div class='ocr_carea' id='block_1_65' title="bbox 2079 4805 2837 4880">
    <p class='ocr_par' dir='ltr' id='par_1_65' title="bbox 2079 4805 2837 4880">
     <span class='ocr_line' id='line_1_65' title="bbox 2079 4805 2837 4880; baseline -0.004 -17"><span class='ocrx_word' id='word_1_464' title='bbox 2079 4811 2253 4864; x_wconf 85' lang='grc' dir='ltr'>πόλιν.</span> <span class='ocrx_word' id='word_1_465' title='bbox 2287 4809 2435 4864; x_wconf 78' lang='lat' dir='ltr'><strong>Idem</strong></span> <span class='ocrx_word' id='word_1_466' title='bbox 2465 4826 2517 4880; x_wconf 83' lang='lat' dir='ltr'><strong>p.</strong></span> <span class='ocrx_word' id='word_1_467' title='bbox 2539 4808 2666 4872; x_wconf 85' lang='lat'><strong>246,</strong></span> <span class='ocrx_word' id='word_1_468' title='bbox 2696 4805 2837 4862; x_wconf 62' lang='lat' dir='ltr'><strong>AoC.</strong></span> 
     </span>
    </p>
   </div>
   <div class='ocr_carea' id='block_1_66' title="bbox 2077 4919 3652 4992">
    <p class='ocr_par' dir='ltr' id='par_1_66' title="bbox 2077 4919 3652 4992">
     <span class='ocr_line' id='line_1_66' title="bbox 2077 4919 3652 4992; baseline -0.003 -13"><span class='ocrx_word' id='word_1_469' title='bbox 2077 4921 2080 4923; x_wconf 4' lang='lat'><strong>4</strong></span> <span class='ocrx_word' id='word_1_470' title='bbox 2149 4928 2166 4980; x_wconf 77' lang='grc' dir='ltr'><strong>ί</strong></span> <span class='ocrx_word' id='word_1_471' title='bbox 2189 4925 2363 4988; x_wconf 85' lang='grc' dir='ltr'>Τῖτος,</span> <span class='ocrx_word' id='word_1_472' title='bbox 2396 4923 2679 4987; x_wconf 85' lang='grc' dir='ltr'>Ἰουδαίους</span> <span class='ocrx_word' id='word_1_473' title='bbox 2701 4919 3194 4992; x_wconf 75' lang='grc' dir='ltr'>πολιορκήσας,καὶ</span> <span class='ocrx_word' id='word_1_474' title='bbox 3214 4919 3282 4973; x_wconf 80' lang='grc' dir='ltr'>τὰ</span> <span class='ocrx_word' id='word_1_475' title='bbox 3305 4919 3566 4990; x_wconf 88' lang='grc' dir='ltr'>Ἰεροσόλυ</span> <span class='ocrx_word' id='word_1_476' title='bbox 3576 4939 3652 4992; x_wconf 86' lang='grc' dir='ltr'><strong>μα</strong></span> 
     </span>
    </p>
   </div>
   <div class='ocr_carea' id='block_1_67' title="bbox 1962 5011 3652 5086">
    <p class='ocr_par' dir='ltr' id='par_1_67' title="bbox 1962 5011 3652 5086">
     <span class='ocr_line' id='line_1_67' title="bbox 1962 5011 3652 5086; baseline -0.005 -14"><span class='ocrx_word' id='word_1_477' title='bbox 1962 5067 1966 5072; x_wconf 92' lang='grc'>.</span> <span class='ocrx_word' id='word_1_478' title='bbox 2077 5016 2456 5086; x_wconf 69' lang='grc' dir='ltr'>κατασκάψας,</span> <span class='ocrx_word' id='word_1_479' title='bbox 2475 5017 2567 5070; x_wconf 78' lang='grc' dir='ltr'>καὶ</span> <span class='ocrx_word' id='word_1_480' title='bbox 2593 5015 2859 5086; x_wconf 80' lang='grc' dir='ltr'>μυριάδας</span> <span class='ocrx_word' id='word_1_481' title='bbox 2889 5012 3098 5084; x_wconf 82' lang='grc' dir='ltr'>ἀνδρῶν</span> <span class='ocrx_word' id='word_1_482' title='bbox 3125 5011 3402 5082; x_wconf 83' lang='grc' dir='ltr'>ἐφόνευσε.</span> <span class='ocrx_word' id='word_1_483' title='bbox 3427 5014 3564 5084; x_wconf 76' lang='grc' dir='ltr'>Φησὶ</span> <span class='ocrx_word' id='word_1_484' title='bbox 3593 5011 3652 5066; x_wconf 83' lang='grc' dir='ltr'>δὲ</span> 
     </span>
    </p>
   </div>
   <div class='ocr_carea' id='block_1_68' title="bbox 2077 5101 3653 5181">
    <p class='ocr_par' dir='ltr' id='par_1_68' title="bbox 2077 5101 3653 5181">
     <span class='ocr_line' id='line_1_68' title="bbox 2077 5101 3653 5181; baseline -0.004 -16"><span class='ocrx_word' id='word_1_485' title='bbox 2077 5112 2170 5165; x_wconf 79' lang='grc' dir='ltr'><strong>καὶ</strong></span> <span class='ocrx_word' id='word_1_486' title='bbox 2203 5109 2505 5181; x_wconf 86' lang='grc' dir='ltr'>Ἰώσηππος</span> <span class='ocrx_word' id='word_1_487' title='bbox 2537 5107 2680 5179; x_wconf 80' lang='grc' dir='ltr'>λιμῷ</span> <span class='ocrx_word' id='word_1_488' title='bbox 2714 5108 2808 5161; x_wconf 79' lang='grc' dir='ltr'>καὶ</span> <span class='ocrx_word' id='word_1_489' title='bbox 2844 5106 3087 5178; x_wconf 76' lang='grc' dir='ltr'>μαχαίρᾳ</span> <span class='ocrx_word' id='word_1_490' title='bbox 3123 5106 3385 5178; x_wconf 82' lang='grc' dir='ltr'>μυριάδας</span> <span class='ocrx_word' id='word_1_491' title='bbox 3410 5101 3490 5178; x_wconf 80' lang='grc' dir='ltr'>’ρι’</span> <span class='ocrx_word' id='word_1_492' title='bbox 3518 5107 3653 5159; x_wconf 82' lang='grc' dir='ltr'>ἀπο-</span> 
     </span>
    </p>
   </div>
   <div class='ocr_carea' id='block_1_69' title="bbox 2076 5194 3652 5270">
    <p class='ocr_par' dir='ltr' id='par_1_69' title="bbox 2076 5194 3652 5270">
     <span class='ocr_line' id='line_1_69' title="bbox 2076 5194 3652 5270; baseline -0.004 -16"><span class='ocrx_word' id='word_1_493' title='bbox 2076 5200 2298 5265; x_wconf 90' lang='grc' dir='ltr'>λέσθαι,</span> <span class='ocrx_word' id='word_1_494' title='bbox 2357 5200 2450 5253; x_wconf 75' lang='grc' dir='ltr'><strong>καὶ</strong></span> <span class='ocrx_word' id='word_1_495' title='bbox 2497 5194 2661 5263; x_wconf 80' lang='grc' dir='ltr'>ἄλλας</span> <span class='ocrx_word' id='word_1_496' title='bbox 2717 5202 2868 5270; x_wconf 85' lang='grc' dir='ltr'>τρεῖς</span> <span class='ocrx_word' id='word_1_497' title='bbox 2925 5197 3190 5270; x_wconf 89' lang='grc' dir='ltr'>μυριάδας</span> <span class='ocrx_word' id='word_1_498' title='bbox 3249 5196 3652 5268; x_wconf 86' lang='grc' dir='ltr'>διαπεπράσθαι</span> 
     </span>
    </p>
   </div>
   <div class='ocr_carea' id='block_1_70' title="bbox 2076 5287 3654 5364">
    <p class='ocr_par' dir='ltr' id='par_1_70' title="bbox 2076 5287 3654 5364">
     <span class='ocr_line' id='line_1_70' title="bbox 2076 5287 3654 5364; baseline -0.003 -17"><span class='ocrx_word' id='word_1_499' title='bbox 2076 5291 2463 5364; x_wconf 76' lang='grc' dir='ltr'>αἰχμαλώτωνο</span> <span class='ocrx_word' id='word_1_500' title='bbox 2505 5293 2676 5346; x_wconf 82' lang='grc' dir='ltr'>αἴτιον</span> <span class='ocrx_word' id='word_1_501' title='bbox 2706 5291 2761 5346; x_wconf 87' lang='grc' dir='ltr'><strong>δέ</strong></span> <span class='ocrx_word' id='word_1_502' title='bbox 2790 5291 2849 5344; x_wconf 80' lang='grc' dir='ltr'>τὸ</span> <span class='ocrx_word' id='word_1_503' title='bbox 2876 5290 3097 5345; x_wconf 78' lang='grc' dir='ltr'>τοσοῦτο</span> <span class='ocrx_word' id='word_1_504' title='bbox 3133 5289 3335 5360; x_wconf 83' lang='grc' dir='ltr'>πλῆθος</span> <span class='ocrx_word' id='word_1_505' title='bbox 3375 5288 3518 5342; x_wconf 81' lang='grc' dir='ltr'>κατὰ</span> <span class='ocrx_word' id='word_1_506' title='bbox 3552 5287 3654 5360; x_wconf 83' lang='grc' dir='ltr'>τὴν</span> 
     </span>
    </p>
   </div>
   <div class='ocr_carea' id='block_1_71' title="bbox 2076 5377 3649 5460">
    <p class='ocr_par' dir='ltr' id='par_1_71' title="bbox 2076 5377 3649 5460">
     <span class='ocr_line' id='line_1_71' title="bbox 2076 5377 3649 5460; baseline -0.003 -18"><span class='ocrx_word' id='word_1_507' title='bbox 2076 5388 2230 5442; x_wconf 84' lang='grc' dir='ltr'>πόλιν</span> <span class='ocrx_word' id='word_1_508' title='bbox 2281 5386 2542 5460; x_wconf 84' lang='grc' dir='ltr'>εὑρῆσθαί</span> <span class='ocrx_word' id='word_1_509' title='bbox 2586 5404 2718 5458; x_wconf 82' lang='grc' dir='ltr'>φησι</span> <span class='ocrx_word' id='word_1_510' title='bbox 2752 5385 2850 5457; x_wconf 84' lang='grc' dir='ltr'>τὴν</span> <span class='ocrx_word' id='word_1_511' title='bbox 2881 5384 2976 5440; x_wconf 82' lang='grc' dir='ltr'>τοῦ</span> <span class='ocrx_word' id='word_1_512' title='bbox 3016 5385 3207 5455; x_wconf 78' lang='grc' dir='ltr'>Πάσχα</span> <span class='ocrx_word' id='word_1_513' title='bbox 3247 5384 3473 5456; x_wconf 77' lang='grc' dir='ltr'>ἑορτὴν,</span> <span class='ocrx_word' id='word_1_514' title='bbox 3519 5383 3578 5436; x_wconf 84' lang='grc' dir='ltr'><strong>ἐν</strong></span> 
     </span>
    </p>
   </div>
   <div class='ocr_carea' id='block_1_72' title="bbox 2077 5475 3649 5548">
    <p class='ocr_par' dir='ltr' id='par_1_72' title="bbox 2077 5475 3649 5548">
     <span class='ocr_line' id='line_1_72' title="bbox 2077 5475 3649 5548; baseline -0.005 -14"><span class='ocrx_word' id='word_1_515' title='bbox 2077 5480 2277 5543; x_wconf 89' lang='grc' dir='ltr'>πάντες</span> <span class='ocrx_word' id='word_1_516' title='bbox 2301 5480 2351 5533; x_wconf 81' lang='grc' dir='ltr'>οἱ</span> <span class='ocrx_word' id='word_1_517' title='bbox 2393 5478 2487 5532; x_wconf 77' lang='grc' dir='ltr'><strong>τοῦ</strong></span> <span class='ocrx_word' id='word_1_518' title='bbox 2532 5477 2720 5541; x_wconf 80' lang='grc' dir='ltr'>ἔθνους</span> <span class='ocrx_word' id='word_1_519' title='bbox 2749 5477 3196 5548; x_wconf 71' lang='grc' dir='ltr'>ωνεληλυθὸντες</span> <span class='ocrx_word' id='word_1_520' title='bbox 3233 5475 3309 5540; x_wconf 88' lang='grc' dir='ltr'><strong>ὡς</strong></span> <span class='ocrx_word' id='word_1_521' title='bbox 3351 5476 3410 5528; x_wconf 88' lang='grc' dir='ltr'><strong>ἐν</strong></span> <span class='ocrx_word' id='word_1_522' title='bbox 3456 5475 3649 5546; x_wconf 81' lang='grc' dir='ltr'>εἱρκτῇ</span> 
     </span>
    </p>
   </div>
   <div class='ocr_carea' id='block_1_73' title="bbox 2078 5565 3651 5642">
    <p class='ocr_par' dir='ltr' id='par_1_73' title="bbox 2078 5565 3651 5642">
     <span class='ocr_line' id='line_1_73' title="bbox 2078 5565 3651 5642; baseline -0.005 -15"><span class='ocrx_word' id='word_1_523' title='bbox 2078 5571 2532 5641; x_wconf 83' lang='grc' dir='ltr'>συνεκλείσθησαν</span> <span class='ocrx_word' id='word_1_524' title='bbox 2551 5585 2564 5599; x_wconf 90' lang='grc'><strong>·</strong></span> <span class='ocrx_word' id='word_1_525' title='bbox 2601 5570 2708 5623; x_wconf 78' lang='grc' dir='ltr'>ἔδει</span> <span class='ocrx_word' id='word_1_526' title='bbox 2735 5570 2842 5642; x_wconf 82' lang='grc' dir='ltr'><strong>γάρ</strong></span> <span class='ocrx_word' id='word_1_527' title='bbox 2867 5571 2994 5633; x_wconf 85' lang='grc' dir='ltr'>τοὺς</span> <span class='ocrx_word' id='word_1_528' title='bbox 3025 5571 3083 5622; x_wconf 88' lang='grc' dir='ltr'><strong>ἐν</strong></span> <span class='ocrx_word' id='word_1_529' title='bbox 3110 5568 3294 5641; x_wconf 81' lang='grc' dir='ltr'>ἡμέρᾳ</span> <span class='ocrx_word' id='word_1_530' title='bbox 3336 5565 3430 5620; x_wconf 81' lang='grc' dir='ltr'>τοῦ</span> <span class='ocrx_word' id='word_1_531' title='bbox 3458 5567 3651 5636; x_wconf 86' lang='grc' dir='ltr'>Πάσχα</span> 
     </span>
    </p>
   </div>
   <div class='ocr_carea' id='block_1_74' title="bbox 2075 5659 3646 5735">
    <p class='ocr_par' dir='ltr' id='par_1_74' title="bbox 2075 5659 3646 5735">
     <span class='ocr_line' id='line_1_74' title="bbox 2075 5659 3646 5735; baseline -0.004 -18"><span class='ocrx_word' id='word_1_532' title='bbox 2075 5663 2154 5735; x_wconf 81' lang='grc' dir='ltr'>τῷ</span> <span class='ocrx_word' id='word_1_533' title='bbox 2199 5665 2409 5735; x_wconf 83' lang='grc' dir='ltr'>Σωτῆρι</span> <span class='ocrx_word' id='word_1_534' title='bbox 2437 5662 2891 5726; x_wconf 82' lang='grc' dir='ltr'>ἐπιϐουλευκότας</span> <span class='ocrx_word' id='word_1_535' title='bbox 2931 5661 3006 5733; x_wconf 84' lang='grc' dir='ltr'><strong>μὴ</strong></span> <span class='ocrx_word' id='word_1_536' title='bbox 3040 5660 3226 5716; x_wconf 83' lang='grc' dir='ltr'>ἄλλοτε</span> <span class='ocrx_word' id='word_1_537' title='bbox 3257 5660 3330 5714; x_wconf 78' lang='grc' dir='ltr'><strong>τά</strong></span> <span class='ocrx_word' id='word_1_538' title='bbox 3373 5659 3646 5729; x_wconf 69' lang='grc' dir='ltr'>ἐπίχειρα,</span> 
     </span>
    </p>
   </div>
   <div class='ocr_carea' id='block_1_75' title="bbox 2075 5749 3648 5826">
    <p class='ocr_par' dir='ltr' id='par_1_75' title="bbox 2075 5749 3648 5826">
     <span class='ocr_line' id='line_1_75' title="bbox 2075 5749 3648 5826; baseline -0.003 -17"><span class='ocrx_word' id='word_1_539' title='bbox 2075 5749 2149 5809; x_wconf 84' lang='grc' dir='ltr'>ὧν</span> <span class='ocrx_word' id='word_1_540' title='bbox 2178 5755 2505 5826; x_wconf 80' lang='grc' dir='ltr'>ἐτόλμησαν,</span> <span class='ocrx_word' id='word_1_541' title='bbox 2546 5754 2757 5808; x_wconf 85' lang='grc' dir='ltr'>παθεῖν.</span> <span class='ocrx_word' id='word_1_542' title='bbox 2791 5753 3047 5808; x_wconf 74' lang='lat' dir='ltr'><strong>Eusebius</strong></span> <span class='ocrx_word' id='word_1_543' title='bbox 3087 5753 3224 5821; x_wconf 81' lang='lat' dir='ltr'><strong>apud</strong></span> <span class='ocrx_word' id='word_1_544' title='bbox 3258 5753 3417 5824; x_wconf 80' lang='lat' dir='ltr'><strong>Sync.</strong></span> <span class='ocrx_word' id='word_1_545' title='bbox 3441 5768 3494 5823; x_wconf 83' lang='lat' dir='ltr'><strong>p.</strong></span> <span class='ocrx_word' id='word_1_546' title='bbox 3521 5752 3648 5818; x_wconf 78' lang='lat'><strong>542,</strong></span> 
     </span>
    </p>
   </div>
   <div class='ocr_carea' id='block_1_76' title="bbox 2078 5847 3228 5921">
    <p class='ocr_par' dir='ltr' id='par_1_76' title="bbox 2078 5847 3228 5921">
     <span class='ocr_line' id='line_1_76' title="bbox 2078 5847 3228 5921; baseline -0.001 -18"><span class='ocrx_word' id='word_1_547' title='bbox 2078 5851 2143 5919; x_wconf 84' lang='grc' dir='ltr'>Α,</span> <span class='ocrx_word' id='word_1_548' title='bbox 2173 5859 2220 5904; x_wconf 83' lang='lat' dir='ltr'><strong>et</strong></span> <span class='ocrx_word' id='word_1_549' title='bbox 2251 5849 2390 5921; x_wconf 83' lang='lat' dir='ltr'><strong>apud</strong></span> <span class='ocrx_word' id='word_1_550' title='bbox 2426 5847 2620 5906; x_wconf 86' lang='lat' dir='ltr'><strong>Chron.</strong></span> <span class='ocrx_word' id='word_1_551' title='bbox 2648 5848 2830 5917; x_wconf 76' lang='lat' dir='ltr'><strong>pasch.</strong></span> <span class='ocrx_word' id='word_1_552' title='bbox 2851 5863 2904 5917; x_wconf 85' lang='lat' dir='ltr'><strong>p.</strong></span> <span class='ocrx_word' id='word_1_553' title='bbox 2933 5847 3059 5916; x_wconf 77' lang='lat'><strong>247,</strong></span> <span class='ocrx_word' id='word_1_554' title='bbox 3094 5848 3228 5902; x_wconf 80' lang='grc' dir='ltr'><strong>Α-Β.</strong></span> 
     </span>
    </p>
   </div>
  </div>
