4142 6400
527 374 648 429 '551

1774 628 1967 668 OLYIP.
2045 626 2306 669 CHRISTUS
2413 627 2542 667 8031'.

1230 371 1501 430 EUSEBII
1541 371 2021 429 CESARIENSIS
2055 372 2213 429 OPP.
2251 371 2431 427 PARS
2469 372 2510 427 1.
2551 402 2621 413 —
2661 370 3052 429 HISTORICA.

3703 380 3802 437 55']

2701 630 2734 666 α
2767 612 3051 670 Secundus
3089 621 3212 683 post
3247 614 3513 669 Neronem
3544 613 3802 670 Domitia-

2619 699 2724 738 nus
2750 683 3094 740 Christianos
3125 687 3472 754 persequitur
3500 705 3512 738 :
3539 695 3593 740 et
3615 686 3719 741 sub
3740 703 3807 742 eo

2374 752 2562 808 Domi-
2613 755 2893 824 apostolus
2955 752 3193 810 Joannes
3256 752 3317 810 in
3353 755 3601 810 Palmum
3653 758 3804 814 insu-

2375 825 2557 878 tianus
2612 823 2719 877 lam
2773 827 3044 898 relegatus
3097 827 3476 898 Apocalypsim
3525 828 3680 893 vidit,
3726 830 3802 883 uti

1775 925 1989 940 ....--
2059 923 2270 939 ---
2346 925 2556 936 ——-——
2611 905 2798 949 narrat
2836 896 3091 952 lrcnzeus.

1758 1015 1984 1073 SECUN
1993 1017 2080 1071 DA
2140 1013 2596 1072 PERSECUTIO.

2126 1131 2195 1187 95

2415 1133 2480 1188 M
2589 1201 2600 1209 Δ
2664 1135 2691 1209 b
2736 1134 3058 1209 Apollonius
3109 1133 3362 1209 Tyaneus
3406 1145 3462 1192 et
3499 1135 3804 1209 Euphrates

2587 1201 2832 1276 insignes
2869 1201 3180 1276 philosophi
3212 1208 3502 1262 habentur.

609 1317 638 1358 ο
666 1297 1010 1354 Domitianus
1041 1311 1158 1366 eos,
1199 1299 1291 1368 qui
1323 1297 1392 1353 de
1427 1313 1626 1369 genere
1663 1296 1829 1352 David
1877 1304 2056 1363 erant,
2093 1293 2331 1352 interﬁci
2377 1297 2657 1367 praecepit,
2696 1305 2756 1352 ut
2800 1299 2984 1354 nullus
3022 1297 3335 1355 Iudaeorum
3373 1302 3527 1371 regni
3559 1301 3803 1372 reliquus

537 1397 697 1453 foret.

498 1530 507 1548 .-
610 1492 809 1548 Scribit
871 1491 1120 1547 Bruttius
1171 1490 1442 1562 plurimos
1494 1489 1933 1546 Christianorum
1987 1491 2092 1547 sub
2145 1489 2457 1546 Domitiano
2494 1488 2691 1543 fecisse
2718 1489 3040 1561 martyrium
3073 1509 3088 1546 :
3123 1491 3266 1546 inter
3291 1506 3432 1562 quos
3469 1497 3524 1546 et
3560 1489 3800 1546 Flaviam

534 1588 866 1644 Domitillam
893 1587 1066 1642 Flavii
1105 1587 1401 1642 Clementis
1429 1588 1675 1643 consulis
1714 1603 1779 1642 ex
1815 1602 2006 1642 sorore
2034 1593 2273 1657 neptem,
2307 1587 2361 1640 in
2397 1584 2632 1638 insulam
2657 1582 2908 1640 Pontiam
2944 1586 3256 1657 relcgatam,
3290 1587 3414 1656 quia
3447 1602 3505 1642 se
3534 1584 3802 1640 Christia-

534 1699 659 1738 nam
690 1699 813 1736 essc
847 1689 1044 1735 testata
1077 1689 1178 1736 est.

606 1779 723 1834 IIoc
755 1797 892 1834 anno
925 1781 1103 1832 beatus
1138 1775 1424 1848 Dionysius
1469 1787 1622 1848 atque
1670 1777 1924 1832 Nicasius
1973 1793 2093 1830 cum
2142 1778 2300 1831 sociis
2337 1779 2446 1832 suis
2491 1795 2583 1849 per
2611 1796 2860 1834 coronam
2891 1779 3136 1849 martyrii
3174 1789 3510 1848 pervenerunt
3545 1780 3614 1832 ad
3645 1779 3802 1834 Chrin

531 1889 695 1929 slum.

601 2037 942 2092 Domitianus
992 2037 1207 2091 occisus
1258 2037 1311 2090 in
1355 2035 1598 2102 Palatio,
1651 2051 1747 2105 per
1854 2039 1996 2107 219

529 2111 859 2178 vespillones
884 2109 1193 2176 ignobiliter
1219 2118 1557 2178 cxportatur,
1600 2123 1745 2161 anno

531 2181 707 2250 aetatis
740 2179 1011 2250 xxxviiii.
1045 2178 1193 2250 sev].

605 2249 633 2319 ι’
661 2241 1040 2304 Alexandrinae
1075 2241 1344 2319 Ecclesiae?
1375 2247 1570 2302 tertius
1599 2241 1737 2319 epi-

530 2318 732 2389 scOpus
771 2320 987 2389 praefuit
1019 2318 1194 2373 Cerdo
1220 2318 1382 2372 annis
1415 2318 1690 2372 undecim.

2140 1963 2209 2030 96
2426 1967 2495 2018 15
2671 1971 2705 2017 d
2740 1967 2902 2020 Multa
2935 1965 3089 2034 signa
3121 1973 3245 2034 atqu

2142 2034 2211 2088 97
2430 2039 2495 2090 16
2601 2044 2656 2090 et
2687 2038 2742 2090 in
2769 2044 2882 2092 toto
2909 2037 3042 2090 orbe
3080 2035 3245 2090 facta.

2133 2247 2202 2302 98

2671 1971 2705 2017 α
2740 1967 2902 2020 Multa
2935 1965 3099 2036 signa
3121 1973 3286 2034 atque
3330 1973 3583 2036 portenta
3612 1963 3798 2020 Romae

2216 2192 2243 2229 e
2281 2173 2349 2229 Χ.
2380 2173 2616 2230 NERVA
2647 2192 2792 2231 anno
2831 2192 2870 2241 ι,
2903 2177 3185 2233 mensibus
3217 2193 3289 2232 IV.

2453 2249 2479 2302 1
2662 2265 2694 2318 g
2721 2247 2914 2302 Justus
2942 2264 2970 2300 a
3005 2248 3296 2304 Tiberiade
3318 2247 3630 2303 Iudaeorum
3653 2247 3788 2301 scri-

2599 2324 2723 2388 ptor
2753 2321 3090 2387 agnoscitur.

597 2409 776 2466 Nerva
807 2411 1001 2466 morbo
1034 2411 1175 2480 perit
1205 2417 1259 2464 in
1292 2411 1468 2466 hortis
1505 2411 1857 2466 Sallustianis
1891 2427 2036 2468 anno
2058 2414 2238 2468 aetatis
2274 2427 2444 2477 uxn,
2478 2427 2602 2467 cum
2624 2413 2739 2482 jam
2781 2411 3078 2482 Trajanum
3117 2411 3432 2482 adoptasset
3466 2413 3523 2467 in
3564 2412 3756 2468 ﬁlium.

601 2502 878 2573 Trajanus
907 2503 1221 2574 Agrippina:
1251 2503 1305 2557 in
1333 2502 1524 2558 Galliis
1557 2511 1854 2573 .mperator
1884 2503 2084 2568 factus,
2117 2516 2281 2560 natus
2308 2505 2508 2560 Italica:
2536 2507 2591 2559 in
2623 2505 2903 2575 Hispania.

599 2597 633 2650 Ιι
674 2596 910 2654 Senatus
955 2594 1218 2663 decrevit,
1270 2605 1330 2652 ut
1364 2598 1547 2652 omnia
1593 2613 1714 2668 qua:
1765 2598 2109 2656 Domitianus
2143 2607 2431 2665 statuerat,
2492 2600 2549 2653 in
2589 2597 2804 2653 irritum
2835 2598 3187 2654 ducerentur.
3223 2599 3411 2666 Itaque
3439 2599 3619 2662 multi,
3652 2613 3792 2668 quos

528 2692 737 2763 injuste
786 2692 1042 2762 ejecerat,
1087 2693 1156 2748 de
1208 2692 1402 2748 exsilio
1450 2692 1679 2758 reversi,
1722 2693 1973 2747 nonnulli
2019 2695 2162 2749 bona
2214 2695 2437 2766 propria
2487 2699 2825 2763 receperunt.
2886 2691 3054 2745 Aiunt
3100 2699 3155 2746 et
3189 2692 3496 2762 apostolum
3524 2689 3790 2745 Joannem

526 2787 634 2843 hoc
671 2793 918 2856 tempore
945 2787 1140 2841 exsilio
1187 2785 1488 2841 resolutum
1519 2783 1794 2855 Ephesum
1827 2785 2045 2842 venisse
2073 2804 2086 2840 :
2111 2785 2167 2840 in
2196 2801 2304 2857 qua
2342 2785 2480 2841 urbe
2511 2793 2565 2840 et
2604 2785 2900 2856 hOSpitium
2929 2789 2984 2838 et
3021 2784 3228 2838 amicos
3257 2783 3664 2837 amantissimos
3705 2783 3791 2838 sui

525 2881 784 2936 habebat.

597 2973 628 3027 It
655 2971 922 3028 Joannem
953 2974 1279 3042 apostolum,
1311 2987 1485 3042 usque
1509 2971 1576 3026 ad
1608 2971 1744 3026 Tra-

522 3043 639 3114 jani
688 3051 931 3115 tempora
980 3047 1216 3099 [renatus
1267 3046 1558 3115 episcopus
1617 3059 1740 3108 per-

2271 2974 2292 3029 i
2321 2972 2411 3030 XI.
2447 2971 2811 3028 TRAIANUS
2841 2971 3001 3026 annis
3036 2985 3150 3033 xxx,
3185 2969 3470 3026 mensibus
3502 2984 3577 3023 vi.

525 3108 818 3169 inansisse'
833 3115 1024 3169 scribit
1061 3133 1074 3169 :
1302 3108 1389 3184 Ἠ,
1432 3114 1727 3185 DCCCL.

2193 3122 2199 3162 ν
2451 3115 2478 3185 1
2661 3113 2889 3168 Decreto
2955 3118 3178 3167 senatus
3233 3108 3408 3164 Nerva
3459 3111 3604 3164 inter
3657 3109 3790 3166 deos

523 3191 650 3254 post
681 3201 841 3255 quem
875 3186 1150 3239 auditores
1201 3254 1220 3255 ί
1315 3183 1362 3255 ί
1565 3183 1584 3185 ἡ
1616 3183 1700 3255 vi
2095 3186 2198 3242 100
2446 3183 2482 3237 2
2588 3185 2815 3255 relatus.

525 3249 646 3325 ejus
676 3249 918 3324 insignes
950 3255 1170 3310 fuerunt
1197 3254 1413 3324 Papias,
1436 3252 1743 3325 Hierapoli-
1871 3258 1873 3260 ’
2672 3253 2692 3306 ι
2750 3253 3012 3306 Romana:
3083 3249 3342 3325 Ecclesiae
3413 3251 3789 3325 episcopatum

524 3320 690 3381 tanus
728 3320 1043 3394 episcopus,
1095 3335 1150 3396 et
1168 3320 1526 3396 Polj'carpus,
1561 3320 1748 3395 Sinyr-
2605 3332 2836 3395 quartus
2880 3321 3124 3391 suscepit
3157 3320 3440 3376 Evaristus
3479 3321 3639 3375 annis
3684 3338 3788 3376 no-

524 3410 698 3462 nams,
733 3403 787 3450 et
829 3397 1092 3467 Ignatius,
1127 3394 1524 3450 Antidcbenus.
1663 3394 1671 3395 7
1856 3399 1998 3468 220
2109 3395 2209 3449 101
2466 3396 2501 3449 ’5
2611 3394 2752 3450 vem.

2112 3535 2216 3590 102
2467 3535 2502 3589 4
2678 3552 2727 3588 m
2745 3533 3015 3606 Trajanus
3035 3533 3103 3587 de
3120 3530 3281 3587 Dacis
3298 3540 3352 3587 et
3369 3531 3588 3605 Scythis
3605 3533 3790 3588 trium-

2112 3607 2217 3659 105
2469 3606 2503 3659 5
2608 3607 2760 3659 nhat.

2112 3607 2217 3662 105
2469 3607 2503 3659 5
2608 3607 2760 3675 phat.

606 3719 642 3756 η
681 3699 976 3772 Trajanus,
1030 3701 1176 3757 victo
1224 3717 1353 3773 rege
1398 3697 1674 3768 Decibalo,
1725 3701 1944 3757 Daciam
1999 3699 2127 3757 fecit
2174 3702 2511 3772 pro'vinciam
2555 3719 2566 3752 :
2608 3699 2810 3765 Iberos,
2861 3696 3161 3761 Sarmatas,
3213 3696 3510 3760 Osroenos,
3555 3694 3780 3758 Arabas,

522 3798 929 3869 Bosphoranos,
959 3798 1215 3863 Colchos,
1248 3800 1304 3853 in
1339 3798 1497 3855 ﬁdem
1547 3799 1754 3868 accepit
1785 3818 1797 3853 :
1830 3797 2156 3862 Seleuciam,
2197 3797 2635 3868 Ctesiphontem,
2672 3794 3003 3864 Babylonem
3042 3791 3334 3862 occupavit
3389 3798 3445 3846 et
3495 3789 3692 3844 tenuit.
3729 3787 3787 3842 In

531 3890 673 3945 mari
701 3889 892 3946 Rubro
924 3891 1158 3947 classem
1190 3891 1448 3956 instituit,
1486 3899 1545 3945 ut
1573 3907 1670 3962 per
1700 3907 1821 3948 eam
1852 3890 2019 3946 India:
2046 3891 2184 3947 ﬁnes
2212 3899 2474 3946 vastaret.

594 4107 628 4143 a
659 4089 922 4160 Δεύτερος
955 4093 1093 4160 μετὰ
1120 4089 1212 4142 τὸν
1239 4089 1468 4160 Νέρωνα
1495 4089 1819 4159 Δομετιανὸς
1844 4089 2103 4160 Χριστια-

522 4181 649 4245 νοὺς
674 4181 914 4246 ἐδίωξεν·
949 4183 1034 4234 ἐπ’
1067 4181 1231 4234 αὐτοῦ
1266 4181 1321 4234 δέ
1348 4181 1443 4235 καλ¹
1469 4183 1496 4234 ὁ
1516 4180 1812 4244 ἀπόστολος
1849 4180 2102 4253 Ἰωάννης

524 4273 603 4335 είς
631 4270 852 4342 Πάτμον
881 4269 1182 4342 ἐξορίζεται
1221 4271 1318 4342 τὴν
1357 4273 1540 4342 νῆσον,
1571 4270 1696 4324 ἔνθα
1731 4269 1826 4341 τὴν
1874 4271 2106 4325 Ἀποκά-

519 4360 680 4431 λυψιν
713 4362 1018 4433 ἑωρακέναι
1041 4361 1281 4430 λέγεται,
1304 4359 1379 4426 ὡς
1404 4362 1553 4434 δηλοῖ
1571 4363 1879 4434 Εἰρηναῖος.
1904 4361 2100 4418 Chron.

520 4453 700 4522 pascit.
742 4469 793 4522 p.
816 4451 944 4518 250,
977 4453 1039 4508 C.

593 4545 623 4599 ί)
669 4545 1025 4610 Ἀπολλώνιος
1056 4548 1084 4600 ὁ
1114 4547 1354 4610 Τυανεὺς
1390 4549 1482 4600 καὶ
1510 4549 1802 4620 Εὐφράτης
1829 4550 2104 4620 φιλόσοφοι

521 4637 790 4711 ἧκμιζον.
829 4636 980 4692 Idem
1011 4653 1064 4708 p.
1097 4638 1222 4705 545,
1259 4637 1320 4693 C.

594 4747 620 4783 c
653 4731 982 4802 Δομετιανὸς
1022 4732 1150 4793 τοὺς
1189 4729 1298 4784 ἀπὸ
1339 4730 1529 4800 γένους
1573 4732 1736 4785 Δαυῖδ
1763 4733 2104 4806 ἀναιρεῖσθαι

525 4821 877 4895 προσέταξεν,
913 4822 1000 4876 ἵνα
1041 4824 1114 4893 μή
1155 4841 1237 4886 τις
1280 4823 1547 4878 Ἰουδαίων
1589 4825 1868 4896 βασιλικοῦ
1915 4827 2106 4896 γένους

522 4913 845 4985 ἀπολειφθῇ.
882 4914 1073 4967 Πολλοὶ
1098 4914 1154 4967 δὲ
1184 4915 1523 4986 Χριστιανῶν
1549 4918 1934 4991 ἐμαρτύρησαν
1964 4919 2106 4974 κατά

520 5006 867 5077 Δομετιανὸν,
908 5007 984 5070 ὼς
1011 5009 1037 5060 ό
1059 5007 1312 5079 Βρέττιος
1345 5010 1566 5082 ἱστορεῖ,
1594 5013 1652 5063 ἐν
1683 5005 1764 5076 οἷς
1785 5011 1881 5065 καὶ
1902 5012 2110 5067 Φλαυῒα

521 5098 839 5169 Δομετίλλα,
890 5098 1154 5170 ἐξαδέλφη
1194 5100 1512 5172 Κλήμεντος
1553 5103 1784 5158 Φλαυῖου
1811 5103 2103 5168 ὑπατικοῦ,

521 5189 597 5253 ὡς
630 5190 930 5261 Χριστιανὴ
960 5191 1041 5256 είς
1067 5193 1228 5264 νῆσον
1254 5192 1486 5248 Ποντίαν
1526 5195 1906 5264 φυγαδεύεται.
1958 5195 2105 5251 Idem

520 5297 576 5349 ρ.
604 5283 733 5348 544,
759 5283 828 5338 Α.

592 5374 628 5428 d
675 5376 761 5430 Ἐν
803 5375 988 5451 Ῥώμῃ
1015 5378 1330 5450 θεοσημεῖαι
1359 5379 1550 5434 πολλαὶ
1579 5382 1672 5435 καὶ
1698 5381 1818 5437 καθ’
1844 5383 1972 5454 ὅλης
1995 5381 2097 5451 τῆς

519 5469 845 5541 οἰκουμένης
871 5472 1148 5540 γεγόνασι.
1176 5471 1400 5528 Ibidem.

593 5575 620 5612 e
664 5559 946 5632 Ῥωμαίων
1012 5563 1265 5634 βασιλεὺς
1330 5571 1358 5617 ι’
1410 5565 1656 5636 Νερούας
1744 5565 2095 5620 ἐϐασίλευσεν

521 5649 637 5713 ἔτος
671 5651 748 5706 ἓν.
779 5652 928 5708 Idem
953 5670 1005 5724 ρ.
1033 5656 1156 5724 546,
1183 5655 1244 5712 C.

589 5741 1067 5888 Ῑὸἑξλῗανδρείας
1111 5750 1406 5817 ἐπίσκοπος
1452 5753 1672 5825 Κέρδων
1705 5752 1798 5824 ἔτη
1847 5759 1897 5807 ι’.
1947 5751 2095 5808 Idem

519 5848 575 5904 ρ.
606 5848 730 5902 ou,
757 5848 823 5890 β.

2273 4107 2304 4159 g
2349 4087 2578 4151 Ἰοῦστος
2604 4088 2863 4160 Τιϐερεὺς
2891 4089 3142 4153 Ἰουδαῖος
3175 4103 3524 4160 συγγραφεύς
3557 4085 3784 4155 ἐγνωρί-

2205 4181 2351 4244 ςετο.
2383 4180 2611 4247 Ibidem,
2643 4181 2711 4235 D.

2277 4274 2310 4326 It
2342 4275 2668 4346 Δομετιανοῦ
2697 4276 2753 4328 αἱ
2787 4275 2942 4344 τιμαὶ¹
2971 4273 3355 4348 καθῃρέθησαν
3387 4273 3492 4326 ὑπὸ
3526 4273 3624 4340 τῆς
3658 4287 3787 4338 συγ-

2205 4365 2424 4437 κλήτου·
2455 4365 2550 4419 καὶ
2577 4367 2626 4418 οἱ
2660 4365 2860 4428 ἀδίκως
2886 4365 3284 4428 ἀπελασθέντες
3307 4363 3629 4433 ἐπανῆλθον·
3657 4361 3783 4414 ἔνιοι

2203 4457 2475 4511 ἀπέλαϐον
2503 4459 2598 4511 καὶ
2622 4458 2719 4522 τὰς
2739 4459 2945 4521 οὐσίας.
2982 4457 3129 4512 Idem
3154 4475 3204 4527 p.
3236 4457 3362 4520 (245,
3390 4456 3452 4512 C.
3484 4455 3639 4508 Κατὰ
3661 4454 3784 4508 τοῦ-

2203 4568 2294 4603 τον
2328 4550 2418 4604 τὸν
2452 4551 2640 4622 χρόνον
2665 4553 2693 4603 ὁ
2729 4549 2983 4620 βασιλεὺς
3021 4551 3268 4621 Νερούας
3303 4547 3665 4602 ἀνεκαλέσατο
3690 4547 3766 4598 τὸε

2203 4644 2497 4697 ἀπόστολον
2536 4644 2788 4715 Ἰωάννην
2810 4644 2916 4696 ἀπὸ
2939 4645 3165 4714 Πάτμου
3195 4645 3294 4714 τῆς
3317 4644 3505 4712 νήσου,
3531 4640 3623 4693 καὶ
3650 4635 3774 4710 ἦλίὶ.⁸

2204 4736 2365 4790 πάλιν
2391 4737 2470 4800 είς
2499 4737 2752 4805 Ἔφεσον.
2788 4735 2983 4788 Chron.
3010 4734 3190 4804 pasch.
3222 4750 3274 4803 p.
3307 4733 3433 4797 251,
3468 4733 3535 4788 Β.

2280 4831 2299 4882 ἱ
2335 4828 2620 4898 Ῥωμαίων
2653 4833 2717 4881 ια’
2751 4827 3067 4880 ἐϐασίλευσε
3095 4824 3360 4897 Τραϊανὸς
3382 4824 3473 4896 ἔτη
3504 4824 3588 4878 ιϐ’.
3619 4822 3776 4894 Sync.

2202 4937 2255 4990 ρ.
2289 4920 2414 4986 346,
2442 4919 2510 4974 ι).

2274 5010 2304 5064 k
2347 5010 2598 5082 Ἰωάννην
2638 5010 2935 5064 ἀπόστολον
2980 5011 3268 5081 Εἰρηναῖος
3307 5007 3401 5061 καὶ⁵
3445 5006 3594 5060 ἄλλοι
3640 5007 3778 5058 ἱστοι-

2208 5100 2358 5174 ροῦσι
2395 5104 2731 5174 παραμεῖναι
2760 5103 2837 5172 τῷ
2873 5095 2970 5173 βίῳ
2997 5103 3100 5164 ’έως
3125 5100 3231 5152 τῶν
3257 5100 3464 5170 χρόνων
3490 5097 3776 5170 Τραϊανοῦο

2208 5194 2326 5266 μεθ’
2348 5193 2406 5248 ὃν
2420 5194 2702 5257 Παππίας,
2731 5193 3100 5267 Ἱεραπολίτης
3117 5192 3210 5244 καὶ
3229 5191 3585 5262 Πολύκαρπος
3606 5189 3717 5259 Σμύ
3727 5205 3783 5260 ρ-

2203 5305 2301 5358 νης
2329 5288 2624 5351 ἐπίσκοπος
2655 5288 2917 5342 ἀκουσταὶ
2945 5287 3109 5341 αὐτοῦ
3145 5287 3526 5359 ἐγνωρίζοντο.
3557 5285 3705 5339 Idem
3726 5300 3774 5352 p.

2205 5381 2328 5446 547,
2360 5379 2421 5434 c.

2275 5472 2294 5524 ί
2339 5474 2624 5543 Ῥωμαίων
2663 5472 2960 5536 ἐπίσκοπος
3007 5474 3312 5545 Εὐάρεστος
3359 5473 3454 5542 έτη
3509 5471 3573 5524 θ’.
3618 5468 3775 5540 Sync.

2201 5583 2251 5634 p.
2289 5565 2413 5629 5M,
2443 5567 2510 5618 Α.

2272 5676 2323 5712 m
2353 5659 2619 5730 Τραϊανὸς
2652 5661 2833 5725 Δάκας
2863 5661 2954 5714 καὶ
2988 5660 3198 5724 Σκύθας
3229 5659 3464 5725 ὑπέταξε
3504 5659 3595 5712 καὶ
3633 5656 3780 5727 ἐθρι-

2205 5751 2494 5821 άμϐευσεν.
2527 5751 2751 5807 Ibidem.

2275 5861 2307 5898 ιι
2326 5844 2592 5914 Τραϊανὸς
2615 5846 2882 5917 ἐπαρχίαν
2901 5847 3121 5916 ἐποίησε
3149 5846 3249 5916 τὴν
3278 5846 3502 5902 Δακίαν.
3528 5841 3774 5906 ΙίιίάηΑ.
