  <div class='ocr_page' id='page_1' title='image "/cluster/home/n/w/nwhite01/storage/ocr_20150623/19/nnc1.0037127454/301.png"; bbox 0 0 4142 6400; ppageno 0'>
   <div class='ocr_carea' id='block_1_1' title="bbox 456 335 2092 403">
    <p class='ocr_par' dir='ltr' id='par_1_1' title="bbox 456 338 2092 401">
     <span class='ocr_line' id='line_1_1' title="bbox 456 338 2092 401; baseline 0.001 -6"><span class='ocrx_word' id='word_1_1' title='bbox 456 338 569 395; x_wconf 66' lang='grc' dir='ltr'>σοι·</span> <span class='ocrx_word' id='word_1_2' title='bbox 1140 340 1228 398; x_wconf 89' lang='lat' dir='ltr'><strong>EU</strong></span> <span class='ocrx_word' id='word_1_3' title='bbox 1239 340 1409 396; x_wconf 85' lang='lat' dir='ltr'><strong>SEBll</strong></span> <span class='ocrx_word' id='word_1_4' title='bbox 1444 340 1918 400; x_wconf 60' lang='lat' dir='ltr'><strong>CASSARIEISIS</strong></span> <span class='ocrx_word' id='word_1_5' title='bbox 1955 343 2092 401; x_wconf 37' lang='lat' dir='ltr'><strong>OPP.</strong></span> 
     </span>
    </p>
   </div>
   <div class='ocr_carea' id='block_1_2' title="bbox 2066 335 3702 403">
    <p class='ocr_par' dir='ltr' id='par_1_2' title="bbox 2066 335 3702 403">
     <span class='ocr_line' id='line_1_2' title="bbox 2066 335 3702 403; baseline 0.005 -5"><span class='ocrx_word' id='word_1_6' title='bbox 2066 344 2104 398; x_wconf 72' lang='grc' dir='ltr'><strong>ι.</strong></span> <span class='ocrx_word' id='word_1_7' title='bbox 2137 342 2317 399; x_wconf 82' lang='lat' dir='ltr'><strong>PARS</strong></span> <span class='ocrx_word' id='word_1_8' title='bbox 2348 346 2393 401; x_wconf 94' lang='grc' dir='ltr'><strong>ι.</strong></span> <span class='ocrx_word' id='word_1_9' title='bbox 2425 375 2495 385; x_wconf 93' lang='grc'><strong><em>-</em></strong></span> <span class='ocrx_word' id='word_1_10' title='bbox 2535 343 2923 403; x_wconf 50' lang='grc' dir='ltr'><strong>ιιιδτοιιιαᾼκ</strong></span> <span class='ocrx_word' id='word_1_11' title='bbox 3595 335 3702 395; x_wconf 78' lang='lat'><strong>568</strong></span> 
     </span>
    </p>
   </div>
   <div class='ocr_carea' id='block_1_3' title="bbox 469 499 3676 535">
    <p class='ocr_par' dir='ltr' id='par_1_3' title="bbox 469 499 3676 535">
     <span class='ocr_line' id='line_1_3' title="bbox 469 499 3676 535; baseline 0.002 -16"><span class='ocrx_word' id='word_1_12' title='bbox 469 499 3676 535; x_wconf 51' lang='grc' dir='ltr'>Μ</span> 
     </span>
    </p>
   </div>
   <div class='ocr_carea' id='block_1_4' title="bbox 1708 605 2421 650">
    <p class='ocr_par' dir='ltr' id='par_1_4' title="bbox 1708 605 2421 650">
     <span class='ocr_line' id='line_1_4' title="bbox 1708 605 2421 650; baseline 0.007 -5"><span class='ocrx_word' id='word_1_13' title='bbox 1708 605 1898 646; x_wconf 67' lang='grc' dir='ltr'>οιινιιρ.</span> <span class='ocrx_word' id='word_1_14' title='bbox 1958 607 2219 650; x_wconf 73' lang='lat' dir='ltr'><strong>CHRISTUS</strong></span> <span class='ocrx_word' id='word_1_15' title='bbox 2292 610 2421 650; x_wconf 71' lang='lat' dir='ltr'><strong>ROI.</strong></span> 
     </span>
    </p>
   </div>
   <div class='ocr_carea' id='block_1_5' title="bbox 2281 710 2444 766">
    <p class='ocr_par' dir='ltr' id='par_1_5' title="bbox 2281 710 2444 766">
     <span class='ocr_line' id='line_1_5' title="bbox 2281 710 2444 766; baseline -0.006 -1"><span class='ocrx_word' id='word_1_16' title='bbox 2281 710 2444 766; x_wconf 71' lang='lat' dir='ltr'><strong>Seve—</strong></span> 
     </span>
    </p>
   </div>
   <div class='ocr_carea' id='block_1_6' title="bbox 2315 797 2411 836">
    <p class='ocr_par' dir='ltr' id='par_1_6' title="bbox 2315 797 2411 836">
     <span class='ocr_line' id='line_1_6' title="bbox 2315 797 2411 836; baseline 0.021 -2"><span class='ocrx_word' id='word_1_17' title='bbox 2315 797 2411 836; x_wconf 80' lang='lat' dir='ltr'><strong>I‘IIS</strong></span> 
     </span>
    </p>
   </div>
   <div class='ocr_carea' id='block_1_7' title="bbox 1694 875 2461 891">
    <p class='ocr_par' dir='ltr' id='par_1_7' title="bbox 1694 875 2461 891">
     <span class='ocr_line' id='line_1_7' title="bbox 1694 875 2461 891; baseline 0.005 -4"><span class='ocrx_word' id='word_1_18' title='bbox 1694 875 1907 890; x_wconf 45' lang='lat' dir='ltr'><strong>ﬂ</strong></span> <span class='ocrx_word' id='word_1_19' title='bbox 1976 878 2188 891; x_wconf 46' lang='grc' dir='ltr'><strong>--Ψ</strong></span> <span class='ocrx_word' id='word_1_20' title='bbox 2258 881 2461 891; x_wconf 73' lang='lat'><strong>_-—_—</strong></span> 
     </span>
    </p>
   </div>
   <div class='ocr_carea' id='block_1_8' title="bbox 2215 944 3122 1003">
    <p class='ocr_par' dir='ltr' id='par_1_8' title="bbox 2215 944 3122 1003">
     <span class='ocr_line' id='line_1_8' title="bbox 2215 944 3122 1003; baseline 0.002 -4"><span class='ocrx_word' id='word_1_21' title='bbox 2215 963 2247 1000; x_wconf 84' lang='grc' dir='ltr'>α</span> <span class='ocrx_word' id='word_1_22' title='bbox 2278 944 2444 1001; x_wconf 81' lang='lat' dir='ltr'><strong>XVII.</strong></span> <span class='ocrx_word' id='word_1_23' title='bbox 2481 945 2798 1002; x_wconf 80' lang='lat' dir='ltr'><strong>SEVERUS</strong></span> <span class='ocrx_word' id='word_1_24' title='bbox 2827 949 2986 1003; x_wconf 85' lang='lat' dir='ltr'><strong>annis</strong></span> <span class='ocrx_word' id='word_1_25' title='bbox 3008 964 3122 1003; x_wconf 70' lang='grc' dir='ltr'><strong>χιιι.</strong></span> 
     </span>
    </p>
   </div>
   <div class='ocr_carea' id='block_1_9' title="bbox 531 1023 2389 1106">
    <p class='ocr_par' dir='ltr' id='par_1_9' title="bbox 531 1023 2389 1106">
     <span class='ocr_line' id='line_1_9' title="bbox 531 1023 2389 1106; baseline 0.008 -29"><span class='ocrx_word' id='word_1_26' title='bbox 531 1023 562 1106; x_wconf 77' lang='lat' dir='ltr'><strong>b</strong></span> <span class='ocrx_word' id='word_1_27' title='bbox 607 1023 1472 1106; x_wconf 37' lang='grc' dir='ltr'><strong>Νιιιιιίειιιιεξ..ἨἰοιξοξοΙγιιὶοιιιιιιΔ</strong></span> <span class='ocrx_word' id='word_1_28' title='bbox 1509 1049 1654 1106; x_wconf 61' lang='grc' dir='ltr'><strong>χχιιγ</strong></span> <span class='ocrx_word' id='word_1_29' title='bbox 2046 1037 2152 1091; x_wconf 79' lang='grc'><strong>195</strong></span> <span class='ocrx_word' id='word_1_30' title='bbox 2365 1041 2389 1091; x_wconf 91' lang='grc'><strong>1</strong></span> 
     </span>
    </p>
   </div>
   <div class='ocr_carea' id='block_1_10' title="bbox 457 1096 1655 1168">
    <p class='ocr_par' dir='ltr' id='par_1_10' title="bbox 457 1096 1655 1168">
     <span class='ocr_line' id='line_1_10' title="bbox 457 1096 1655 1168; baseline 0.009 -22"><span class='ocrx_word' id='word_1_31' title='bbox 457 1096 753 1168; x_wconf 69' lang='lat' dir='ltr'><strong>episcopus</strong></span> <span class='ocrx_word' id='word_1_32' title='bbox 798 1105 852 1153; x_wconf 94' lang='lat' dir='ltr'><strong>et</strong></span> <span class='ocrx_word' id='word_1_33' title='bbox 886 1096 1220 1168; x_wconf 79' lang='lat' dir='ltr'><strong>Theophilus</strong></span> <span class='ocrx_word' id='word_1_34' title='bbox 1268 1100 1655 1165; x_wconf 64' lang='lat' dir='ltr'><strong>Cmsariensis,</strong></span> 
     </span>
    </p>
   </div>
   <div class='ocr_carea' id='block_1_11' title="bbox 458 1163 1658 1240">
    <p class='ocr_par' dir='ltr' id='par_1_11' title="bbox 458 1163 1658 1240">
     <span class='ocr_line' id='line_1_11' title="bbox 458 1163 1658 1240; baseline 0.007 -23"><span class='ocrx_word' id='word_1_35' title='bbox 458 1163 774 1240; x_wconf 62' lang='lat' dir='ltr'><strong>Polycrates</strong></span> <span class='ocrx_word' id='word_1_36' title='bbox 808 1163 1056 1240; x_wconf 62' lang='lat' dir='ltr'><strong>quoque;</strong></span> <span class='ocrx_word' id='word_1_37' title='bbox 1092 1177 1146 1222; x_wconf 87' lang='lat' dir='ltr'><strong>et</strong></span> <span class='ocrx_word' id='word_1_38' title='bbox 1180 1171 1396 1224; x_wconf 61' lang='lat' dir='ltr'><strong>Asiana:</strong></span> <span class='ocrx_word' id='word_1_39' title='bbox 1432 1163 1658 1240; x_wconf 54' lang='lat' dir='ltr'><strong>proviné</strong></span> 
     </span>
    </p>
   </div>
   <div class='ocr_carea' id='block_1_12' title="bbox 456 1234 1438 1308">
    <p class='ocr_par' dir='ltr' id='par_1_12' title="bbox 456 1234 1438 1308">
     <span class='ocr_line' id='line_1_12' title="bbox 456 1234 1438 1308; baseline 0.008 -22"><span class='ocrx_word' id='word_1_40' title='bbox 456 1234 840 1306; x_wconf 32' lang='lat' dir='ltr'><strong>ciaa’episcopi&#39;</strong></span> <span class='ocrx_word' id='word_1_41' title='bbox 868 1234 1112 1308; x_wconf 80' lang='lat' dir='ltr'><strong>insignes</strong></span> <span class='ocrx_word' id='word_1_42' title='bbox 1140 1234 1438 1295; x_wconf 49' lang='lat' dir='ltr'><strong>habentur;</strong></span> 
     </span>
    </p>
   </div>
   <div class='ocr_carea' id='block_1_13' title="bbox 529 1323 3709 1411">
    <p class='ocr_par' dir='ltr' id='par_1_13' title="bbox 529 1323 3709 1411">
     <span class='ocr_line' id='line_1_13' title="bbox 529 1323 3709 1411; baseline 0.005 -31"><span class='ocrx_word' id='word_1_43' title='bbox 529 1323 764 1382; x_wconf 85' lang='lat' dir='ltr'><strong>Severus</strong></span> <span class='ocrx_word' id='word_1_44' title='bbox 794 1328 1074 1397; x_wconf 83' lang='lat' dir='ltr'><strong>provincia</strong></span> <span class='ocrx_word' id='word_1_45' title='bbox 1105 1329 1470 1400; x_wconf 87' lang='lat' dir='ltr'><strong>Tripolitana,</strong></span> <span class='ocrx_word' id='word_1_46' title='bbox 1503 1333 1704 1402; x_wconf 91' lang='lat' dir='ltr'><strong>oppido</strong></span> <span class='ocrx_word' id='word_1_47' title='bbox 1733 1331 1888 1403; x_wconf 92' lang='lat' dir='ltr'><strong>Lepti</strong></span> <span class='ocrx_word' id='word_1_48' title='bbox 1927 1334 2080 1391; x_wconf 92' lang='lat' dir='ltr'><strong>solus</strong></span> <span class='ocrx_word' id='word_1_49' title='bbox 2106 1350 2173 1392; x_wconf 85' lang='lat' dir='ltr'><strong>ex</strong></span> <span class='ocrx_word' id='word_1_50' title='bbox 2213 1337 2421 1403; x_wconf 89' lang='lat' dir='ltr'><strong>Africa,</strong></span> <span class='ocrx_word' id='word_1_51' title='bbox 2448 1351 2623 1409; x_wconf 83' lang='lat' dir='ltr'><strong>usque</strong></span> <span class='ocrx_word' id='word_1_52' title='bbox 2649 1340 2704 1394; x_wconf 92' lang='lat' dir='ltr'><strong>in</strong></span> <span class='ocrx_word' id='word_1_53' title='bbox 2734 1347 3056 1411; x_wconf 74' lang='lat' dir='ltr'><strong>praesentem</strong></span> <span class='ocrx_word' id='word_1_54' title='bbox 3083 1340 3249 1406; x_wconf 90' lang='lat' dir='ltr'><strong>diem,</strong></span> <span class='ocrx_word' id='word_1_55' title='bbox 3283 1339 3563 1396; x_wconf 84' lang='lat' dir='ltr'><strong>Romanus</strong></span> <span class='ocrx_word' id='word_1_56' title='bbox 3592 1341 3709 1395; x_wconf 73' lang='lat' dir='ltr'><strong>im-</strong></span> 
     </span>
    </p>
   </div>
   <div class='ocr_carea' id='block_1_14' title="bbox 457 1421 3712 1507">
    <p class='ocr_par' dir='ltr' id='par_1_14' title="bbox 457 1421 3712 1507">
     <span class='ocr_line' id='line_1_14' title="bbox 457 1421 3712 1507; baseline 0.005 -32"><span class='ocrx_word' id='word_1_57' title='bbox 457 1430 678 1488; x_wconf 88' lang='lat' dir='ltr'><strong>perator</strong></span> <span class='ocrx_word' id='word_1_58' title='bbox 709 1421 813 1476; x_wconf 90' lang='lat' dir='ltr'><strong>fuit</strong></span> <span class='ocrx_word' id='word_1_59' title='bbox 839 1437 852 1473; x_wconf 91' lang='lat'>:</span> <span class='ocrx_word' id='word_1_60' title='bbox 887 1433 942 1478; x_wconf 93' lang='lat' dir='ltr'><strong>et</strong></span> <span class='ocrx_word' id='word_1_61' title='bbox 968 1423 1025 1478; x_wconf 94' lang='lat' dir='ltr'><strong>in</strong></span> <span class='ocrx_word' id='word_1_62' title='bbox 1067 1425 1330 1482; x_wconf 84' lang='lat' dir='ltr'><strong>honorem</strong></span> <span class='ocrx_word' id='word_1_63' title='bbox 1360 1425 1684 1492; x_wconf 74' lang='lat' dir='ltr'><strong>Pertinacis,</strong></span> <span class='ocrx_word' id='word_1_64' title='bbox 1715 1444 1876 1498; x_wconf 89' lang='lat' dir='ltr'><strong>quem</strong></span> <span class='ocrx_word' id='word_1_65' title='bbox 1897 1427 2152 1487; x_wconf 84' lang='lat' dir='ltr'><strong>Julianus</strong></span> <span class='ocrx_word' id='word_1_66' title='bbox 2173 1433 2470 1498; x_wconf 87' lang='lat' dir='ltr'><strong>occiderat,</strong></span> <span class='ocrx_word' id='word_1_67' title='bbox 2491 1433 2838 1490; x_wconf 90' lang='lat' dir='ltr'><strong>Pertinacem</strong></span> <span class='ocrx_word' id='word_1_68' title='bbox 2871 1451 2930 1491; x_wconf 91' lang='lat' dir='ltr'><strong>se</strong></span> <span class='ocrx_word' id='word_1_69' title='bbox 2960 1435 3337 1507; x_wconf 88' lang='lat' dir='ltr'><strong>cognominari</strong></span> <span class='ocrx_word' id='word_1_70' title='bbox 3360 1436 3543 1507; x_wconf 89' lang='lat' dir='ltr'><strong>jussit.</strong></span> <span class='ocrx_word' id='word_1_71' title='bbox 3573 1434 3712 1492; x_wconf 82' lang='lat' dir='ltr'><strong>Ideo.</strong></span> 
     </span>
    </p>
   </div>
   <div class='ocr_carea' id='block_1_15' title="bbox 459 1512 2994 1597">
    <p class='ocr_par' dir='ltr' id='par_1_15' title="bbox 459 1512 2994 1597">
     <span class='ocr_line' id='line_1_15' title="bbox 459 1512 2994 1597; baseline 0.007 -33"><span class='ocrx_word' id='word_1_72' title='bbox 459 1519 641 1566; x_wconf 87' lang='lat' dir='ltr'><strong>autem</strong></span> <span class='ocrx_word' id='word_1_73' title='bbox 672 1512 761 1568; x_wconf 93' lang='lat' dir='ltr'><strong>hic</strong></span> <span class='ocrx_word' id='word_1_74' title='bbox 785 1513 894 1568; x_wconf 92' lang='lat' dir='ltr'><strong>duo</strong></span> <span class='ocrx_word' id='word_1_75' title='bbox 924 1516 1051 1569; x_wconf 88' lang='lat' dir='ltr'><strong>anni</strong></span> <span class='ocrx_word' id='word_1_76' title='bbox 1083 1517 1247 1586; x_wconf 88' lang='lat' dir='ltr'><strong>positi</strong></span> <span class='ocrx_word' id='word_1_77' title='bbox 1281 1525 1430 1584; x_wconf 91' lang='lat' dir='ltr'><strong>sunt,</strong></span> <span class='ocrx_word' id='word_1_78' title='bbox 1456 1519 1586 1588; x_wconf 89' lang='lat' dir='ltr'><strong>quia</strong></span> <span class='ocrx_word' id='word_1_79' title='bbox 1617 1520 1898 1590; x_wconf 84' lang='lat' dir='ltr'><strong>superiore</strong></span> <span class='ocrx_word' id='word_1_80' title='bbox 1926 1536 2071 1575; x_wconf 90' lang='lat' dir='ltr'><strong>anno</strong></span> <span class='ocrx_word' id='word_1_81' title='bbox 2097 1539 2189 1579; x_wconf 84' lang='lat' dir='ltr'><strong>sex</strong></span> <span class='ocrx_word' id='word_1_82' title='bbox 2222 1539 2438 1580; x_wconf 86' lang='lat' dir='ltr'><strong>menses</strong></span> <span class='ocrx_word' id='word_1_83' title='bbox 2462 1526 2710 1597; x_wconf 80' lang='lat' dir='ltr'><strong>regnavit</strong></span> <span class='ocrx_word' id='word_1_84' title='bbox 2741 1524 2994 1583; x_wconf 86' lang='lat' dir='ltr'><strong>Severus.</strong></span> 
     </span>
    </p>
   </div>
   <div class='ocr_carea' id='block_1_16' title="bbox 527 1613 2386 1754">
    <p class='ocr_par' dir='ltr' id='par_1_16' title="bbox 527 1613 2386 1754">
     <span class='ocr_line' id='line_1_16' title="bbox 527 1613 2386 1754; baseline 0.008 -28"><span class='ocrx_word' id='word_1_85' title='bbox 527 1672 815 1754; x_wconf 75' lang='lat' dir='ltr'><strong>Jndaicum</strong></span> <span class='ocrx_word' id='word_1_86' title='bbox 853 1689 906 1754; x_wconf 71' lang='lat' dir='ltr'><strong>et</strong></span> <span class='ocrx_word' id='word_1_87' title='bbox 951 1677 1335 1744; x_wconf 85' lang='lat' dir='ltr'><strong>Samariticum</strong></span> <span class='ocrx_word' id='word_1_88' title='bbox 1385 1677 1483 1749; x_wconf 84' lang='grc' dir='ltr'><strong>[αι.</strong></span> <span class='ocrx_word' id='word_1_89' title='bbox 1515 1679 1646 1734; x_wconf 89' lang='lat' dir='ltr'><strong>Sar-</strong></span> <span class='ocrx_word' id='word_1_90' title='bbox 1719 1685 1865 1754; x_wconf 71' lang='grc'>244</span> <span class='ocrx_word' id='word_1_91' title='bbox 2349 1615 2386 1741; x_wconf 64' lang='grc' dir='ltr'>ξ</span> 
     </span>
    </p>
   </div>
   <div class='ocr_carea' id='block_1_17' title="bbox 459 1745 1216 1818">
    <p class='ocr_par' dir='ltr' id='par_1_17' title="bbox 459 1745 1216 1818">
     <span class='ocr_line' id='line_1_17' title="bbox 459 1745 1216 1818; baseline 0.007 -23"><span class='ocrx_word' id='word_1_92' title='bbox 459 1745 752 1818; x_wconf 87' lang='lat' dir='ltr'><strong>maticum]</strong></span> <span class='ocrx_word' id='word_1_93' title='bbox 786 1748 988 1802; x_wconf 92' lang='lat' dir='ltr'><strong>bellum</strong></span> <span class='ocrx_word' id='word_1_94' title='bbox 1015 1756 1216 1802; x_wconf 89' lang='lat' dir='ltr'><strong>ortum.</strong></span> 
     </span>
    </p>
   </div>
   <div class='ocr_carea' id='block_1_18' title="bbox 534 1835 3710 1918">
    <p class='ocr_par' dir='ltr' id='par_1_18' title="bbox 534 1835 3710 1918">
     <span class='ocr_line' id='line_1_18' title="bbox 534 1835 3710 1918; baseline 0.005 -28"><span class='ocrx_word' id='word_1_95' title='bbox 534 1835 844 1902; x_wconf 71' lang='lat' dir='ltr'><strong>Quaestione</strong></span> <span class='ocrx_word' id='word_1_96' title='bbox 877 1848 996 1894; x_wconf 87' lang='lat' dir='ltr'><strong>orta</strong></span> <span class='ocrx_word' id='word_1_97' title='bbox 1026 1841 1080 1894; x_wconf 93' lang='lat' dir='ltr'><strong>in</strong></span> <span class='ocrx_word' id='word_1_98' title='bbox 1129 1839 1258 1893; x_wconf 86' lang='lat' dir='ltr'><strong>Asia</strong></span> <span class='ocrx_word' id='word_1_99' title='bbox 1291 1839 1432 1894; x_wconf 87' lang='lat' dir='ltr'><strong>inter</strong></span> <span class='ocrx_word' id='word_1_100' title='bbox 1452 1842 1762 1911; x_wconf 87' lang='lat' dir='ltr'><strong>episcopos,</strong></span> <span class='ocrx_word' id='word_1_101' title='bbox 1804 1858 1875 1898; x_wconf 85' lang='lat' dir='ltr'><strong>an</strong></span> <span class='ocrx_word' id='word_1_102' title='bbox 1916 1843 2221 1901; x_wconf 89' lang='lat' dir='ltr'><strong>secundum</strong></span> <span class='ocrx_word' id='word_1_103' title='bbox 2264 1847 2439 1918; x_wconf 84' lang='lat' dir='ltr'><strong>legem</strong></span> <span class='ocrx_word' id='word_1_104' title='bbox 2467 1846 2664 1918; x_wconf 49' lang='lat' dir='ltr'><strong>flMoysi</strong></span> <span class='ocrx_word' id='word_1_105' title='bbox 2703 1849 3115 1918; x_wconf 86' lang='lat' dir='ltr'><strong>quartodecimo</strong></span> <span class='ocrx_word' id='word_1_106' title='bbox 3149 1850 3237 1907; x_wconf 89' lang='lat' dir='ltr'><strong>die</strong></span> <span class='ocrx_word' id='word_1_107' title='bbox 3264 1853 3472 1908; x_wconf 88' lang='lat' dir='ltr'><strong>mensis</strong></span> <span class='ocrx_word' id='word_1_108' title='bbox 3491 1851 3710 1908; x_wconf 77' lang='lat' dir='ltr'><strong>Pascha-</strong></span> 
     </span>
    </p>
   </div>
   <div class='ocr_carea' id='block_1_19' title="bbox 461 1929 3698 2018">
    <p class='ocr_par' dir='ltr' id='par_1_19' title="bbox 461 1929 3698 2018">
     <span class='ocr_line' id='line_1_19' title="bbox 461 1929 3698 2018; baseline 0.006 -35"><span class='ocrx_word' id='word_1_109' title='bbox 461 1929 866 1986; x_wconf 89' lang='lat' dir='ltr'><strong>observandum</strong></span> <span class='ocrx_word' id='word_1_110' title='bbox 899 1941 1064 1998; x_wconf 83' lang='lat' dir='ltr'><strong>esset,</strong></span> <span class='ocrx_word' id='word_1_111' title='bbox 1100 1933 1288 1990; x_wconf 89' lang='lat' dir='ltr'><strong>Victor</strong></span> <span class='ocrx_word' id='word_1_112' title='bbox 1321 1935 1582 1996; x_wconf 66' lang='lat' dir='ltr'><strong>Romana:</strong></span> <span class='ocrx_word' id='word_1_113' title='bbox 1626 1943 1780 1999; x_wconf 90' lang='lat' dir='ltr'><strong>urbis</strong></span> <span class='ocrx_word' id='word_1_114' title='bbox 1810 1945 2101 2014; x_wconf 87' lang='lat' dir='ltr'><strong>episcopus</strong></span> <span class='ocrx_word' id='word_1_115' title='bbox 2131 1954 2186 2001; x_wconf 91' lang='lat' dir='ltr'><strong>et</strong></span> <span class='ocrx_word' id='word_1_116' title='bbox 2229 1945 2523 2002; x_wconf 79' lang='lat' dir='ltr'><strong>Narcissus</strong></span> <span class='ocrx_word' id='word_1_117' title='bbox 2564 1945 3067 2017; x_wconf 86' lang='lat' dir='ltr'><strong>Hierosolymorum</strong></span> <span class='ocrx_word' id='word_1_118' title='bbox 3089 1986 3104 2012; x_wconf 93' lang='lat'><strong>,</strong></span> <span class='ocrx_word' id='word_1_119' title='bbox 3133 1946 3448 2018; x_wconf 87' lang='lat' dir='ltr'><strong>Polycrates</strong></span> <span class='ocrx_word' id='word_1_120' title='bbox 3483 1963 3698 2018; x_wconf 77' lang='lat' dir='ltr'><strong>quoque</strong></span> 
     </span>
    </p>
   </div>
   <div class='ocr_carea' id='block_1_20' title="bbox 458 2021 3708 2110">
    <p class='ocr_par' dir='ltr' id='par_1_20' title="bbox 458 2021 3708 2110">
     <span class='ocr_line' id='line_1_20' title="bbox 458 2021 3708 2110; baseline 0.006 -36"><span class='ocrx_word' id='word_1_121' title='bbox 458 2021 838 2092; x_wconf 80' lang='lat' dir='ltr'><strong>Ephesiorum,</strong></span> <span class='ocrx_word' id='word_1_122' title='bbox 871 2033 926 2080; x_wconf 89' lang='lat' dir='ltr'><strong>et</strong></span> <span class='ocrx_word' id='word_1_123' title='bbox 967 2024 1202 2083; x_wconf 69' lang='lat' dir='ltr'><strong>lrenaeus</strong></span> <span class='ocrx_word' id='word_1_124' title='bbox 1250 2029 1667 2101; x_wconf 83' lang='lat' dir='ltr'><strong>Lugdunensis,</strong></span> <span class='ocrx_word' id='word_1_125' title='bbox 1715 2044 1771 2091; x_wconf 84' lang='lat' dir='ltr'><strong>et</strong></span> <span class='ocrx_word' id='word_1_126' title='bbox 1808 2036 2118 2110; x_wconf 87' lang='lat' dir='ltr'><strong>Bacchylus</strong></span> <span class='ocrx_word' id='word_1_127' title='bbox 2163 2038 2594 2103; x_wconf 88' lang='lat' dir='ltr'><strong>Corinthiorum,</strong></span> <span class='ocrx_word' id='word_1_128' title='bbox 2635 2038 2966 2108; x_wconf 91' lang='lat' dir='ltr'><strong>plurimique</strong></span> <span class='ocrx_word' id='word_1_129' title='bbox 3009 2037 3379 2095; x_wconf 82' lang='lat' dir='ltr'><strong>Ecclesiarum</strong></span> <span class='ocrx_word' id='word_1_130' title='bbox 3425 2047 3708 2110; x_wconf 71' lang='lat' dir='ltr'><strong>pastores,</strong></span> 
     </span>
    </p>
   </div>
   <div class='ocr_carea' id='block_1_21' title="bbox 461 2115 3347 2204">
    <p class='ocr_par' dir='ltr' id='par_1_21' title="bbox 461 2115 3347 2204">
     <span class='ocr_line' id='line_1_21' title="bbox 461 2115 3347 2204; baseline 0.006 -36"><span class='ocrx_word' id='word_1_131' title='bbox 461 2115 592 2186; x_wconf 90' lang='lat' dir='ltr'><strong>quid</strong></span> <span class='ocrx_word' id='word_1_132' title='bbox 624 2118 705 2172; x_wconf 90' lang='lat' dir='ltr'><strong>eis</strong></span> <span class='ocrx_word' id='word_1_133' title='bbox 735 2119 1019 2187; x_wconf 87' lang='lat' dir='ltr'><strong>probabile</strong></span> <span class='ocrx_word' id='word_1_134' title='bbox 1044 2119 1223 2174; x_wconf 88' lang='lat' dir='ltr'><strong>visum</strong></span> <span class='ocrx_word' id='word_1_135' title='bbox 1251 2119 1436 2188; x_wconf 86' lang='lat' dir='ltr'><strong>fuerit,</strong></span> <span class='ocrx_word' id='word_1_136' title='bbox 1473 2124 1678 2183; x_wconf 87' lang='lat' dir='ltr'><strong>litteris</strong></span> <span class='ocrx_word' id='word_1_137' title='bbox 1702 2130 2025 2188; x_wconf 89' lang='lat' dir='ltr'><strong>ediderunt:</strong></span> <span class='ocrx_word' id='word_1_138' title='bbox 2056 2145 2290 2200; x_wconf 84' lang='lat' dir='ltr'><strong>quarum</strong></span> <span class='ocrx_word' id='word_1_139' title='bbox 2316 2129 2580 2185; x_wconf 85' lang='lat' dir='ltr'><strong>memoria</strong></span> <span class='ocrx_word' id='word_1_140' title='bbox 2607 2130 2676 2185; x_wconf 80' lang='lat' dir='ltr'><strong>ad</strong></span> <span class='ocrx_word' id='word_1_141' title='bbox 2707 2145 2810 2185; x_wconf 92' lang='lat' dir='ltr'><strong>nos</strong></span> <span class='ocrx_word' id='word_1_142' title='bbox 2843 2144 3019 2200; x_wconf 78' lang='lat' dir='ltr'><strong>usque</strong></span> <span class='ocrx_word' id='word_1_143' title='bbox 3042 2131 3242 2201; x_wconf 85' lang='lat' dir='ltr'><strong>perdur</strong></span> <span class='ocrx_word' id='word_1_144' title='bbox 3267 2133 3347 2204; x_wconf 64' lang='lat' dir='ltr'><strong>aj,</strong></span> 
     </span>
    </p>
   </div>
   <div class='ocr_carea' id='block_1_22' title="bbox 1307 2221 2413 2346">
    <p class='ocr_par' dir='ltr' id='par_1_22' title="bbox 1307 2221 2413 2346">
     <span class='ocr_line' id='line_1_22' title="bbox 1307 2221 2413 2346; baseline 0.005 -25"><span class='ocrx_word' id='word_1_145' title='bbox 1307 2256 1399 2322; x_wconf 73' lang='grc' dir='ltr'><strong>ιι..</strong></span> <span class='ocrx_word' id='word_1_146' title='bbox 1437 2256 1631 2324; x_wconf 87' lang='lat' dir='ltr'><strong>CML.</strong></span> <span class='ocrx_word' id='word_1_147' title='bbox 2060 2221 2164 2346; x_wconf 61' lang='lat'><strong>:33</strong></span> <span class='ocrx_word' id='word_1_148' title='bbox 2377 2221 2413 2346; x_wconf 64' lang='grc' dir='ltr'>ἓ</span> 
     </span>
    </p>
   </div>
   <div class='ocr_carea' id='block_1_23' title="bbox 533 2347 1644 2420">
    <p class='ocr_par' dir='ltr' id='par_1_23' title="bbox 533 2347 1644 2420">
     <span class='ocr_line' id='line_1_23' title="bbox 533 2347 1644 2420; baseline -0.001 -18"><span class='ocrx_word' id='word_1_149' title='bbox 533 2347 735 2403; x_wconf 88' lang='lat' dir='ltr'><strong>Severo</strong></span> <span class='ocrx_word' id='word_1_150' title='bbox 756 2350 1082 2420; x_wconf 76' lang='lat' dir='ltr'><strong>imperante,</strong></span> <span class='ocrx_word' id='word_1_151' title='bbox 1113 2353 1362 2412; x_wconf 65' lang='lat' dir='ltr'><strong>Ther-ma;</strong></span> <span class='ocrx_word' id='word_1_152' title='bbox 1395 2357 1644 2412; x_wconf 73' lang='lat' dir='ltr'><strong>Severia-</strong></span> 
     </span>
    </p>
   </div>
   <div class='ocr_carea' id='block_1_24' title="bbox 459 2419 2417 2495">
    <p class='ocr_par' dir='ltr' id='par_1_24' title="bbox 459 2419 2417 2495">
     <span class='ocr_line' id='line_1_24' title="bbox 459 2419 2417 2495; baseline 0.008 -24"><span class='ocrx_word' id='word_1_153' title='bbox 459 2433 545 2495; x_wconf 62' lang='lat' dir='ltr'><strong>nae</strong></span> <span class='ocrx_word' id='word_1_154' title='bbox 573 2419 1077 2495; x_wconf 87' lang='lat' dir='ltr'><strong>a_pud_Antiochiam</strong></span> <span class='ocrx_word' id='word_1_155' title='bbox 1106 2433 1161 2478; x_wconf 87' lang='lat' dir='ltr'><strong>et</strong></span> <span class='ocrx_word' id='word_1_156' title='bbox 1178 2423 1365 2495; x_wconf 75' lang='lat' dir='ltr'><strong>Romae</strong></span> <span class='ocrx_word' id='word_1_157' title='bbox 1388 2429 1566 2495; x_wconf 81' lang='lat' dir='ltr'><strong>factae,</strong></span> <span class='ocrx_word' id='word_1_158' title='bbox 1589 2439 1643 2484; x_wconf 91' lang='lat' dir='ltr'><strong>et</strong></span> <span class='ocrx_word' id='word_1_159' title='bbox 2059 2429 2166 2487; x_wconf 88' lang='lat'><strong>200</strong></span> <span class='ocrx_word' id='word_1_160' title='bbox 2377 2431 2417 2486; x_wconf 86' lang='lat'><strong><em>6</em></strong></span> 
     </span>
    </p>
   </div>
   <div class='ocr_carea' id='block_1_25' title="bbox 461 2487 1236 2558">
    <p class='ocr_par' dir='ltr' id='par_1_25' title="bbox 461 2487 1236 2558">
     <span class='ocr_line' id='line_1_25' title="bbox 461 2487 1236 2558; baseline 0.01 -16"><span class='ocrx_word' id='word_1_161' title='bbox 461 2487 833 2558; x_wconf 87' lang='lat' dir='ltr'><strong>Septizonium</strong></span> <span class='ocrx_word' id='word_1_162' title='bbox 860 2493 1236 2550; x_wconf 80' lang='lat' dir='ltr'><strong>exstructum.&#39;</strong></span> 
     </span>
    </p>
   </div>
   <div class='ocr_carea' id='block_1_26' title="bbox 527 2628 3707 2734">
    <p class='ocr_par' dir='ltr' id='par_1_26' title="bbox 527 2628 3707 2734">
     <span class='ocr_line' id='line_1_26' title="bbox 527 2628 3707 2734; baseline 0.006 -34"><span class='ocrx_word' id='word_1_163' title='bbox 527 2665 554 2700; x_wconf 92' lang='lat' dir='ltr'><strong>c</strong></span> <span class='ocrx_word' id='word_1_164' title='bbox 587 2628 820 2708; x_wconf 79' lang='lat' dir='ltr'><strong>Severus</strong></span> <span class='ocrx_word' id='word_1_165' title='bbox 848 2651 1082 2715; x_wconf 87' lang='lat' dir='ltr'><strong>Parthos</strong></span> <span class='ocrx_word' id='word_1_166' title='bbox 1132 2667 1187 2714; x_wconf 94' lang='lat' dir='ltr'><strong>et</strong></span> <span class='ocrx_word' id='word_1_167' title='bbox 1221 2658 1536 2714; x_wconf 84' lang='lat' dir='ltr'><strong>Adiabenos</strong></span> <span class='ocrx_word' id='word_1_168' title='bbox 1557 2658 1869 2728; x_wconf 86' lang='lat' dir='ltr'><strong>superavit:</strong></span> <span class='ocrx_word' id='word_1_169' title='bbox 1895 2656 2105 2712; x_wconf 88' lang='lat' dir='ltr'><strong>Arabas</strong></span> <span class='ocrx_word' id='word_1_170' title='bbox 2135 2673 2354 2728; x_wconf 89' lang='lat' dir='ltr'><strong>quoque</strong></span> <span class='ocrx_word' id='word_1_171' title='bbox 2402 2659 2693 2717; x_wconf 87' lang='lat' dir='ltr'><strong>interiores</strong></span> <span class='ocrx_word' id='word_1_172' title='bbox 2724 2661 2802 2717; x_wconf 88' lang='lat' dir='ltr'><strong>ita</strong></span> <span class='ocrx_word' id='word_1_173' title='bbox 2843 2663 3076 2727; x_wconf 90' lang='lat' dir='ltr'><strong>cecidit,</strong></span> <span class='ocrx_word' id='word_1_174' title='bbox 3109 2670 3169 2717; x_wconf 89' lang='lat' dir='ltr'><strong>ut</strong></span> <span class='ocrx_word' id='word_1_175' title='bbox 3201 2663 3477 2734; x_wconf 78' lang='lat' dir='ltr'><strong>regionem</strong></span> <span class='ocrx_word' id='word_1_176' title='bbox 3505 2679 3707 2720; x_wconf 89' lang='lat' dir='ltr'><strong>eorum-</strong></span> 
     </span>
    </p>
   </div>
   <div class='ocr_carea' id='block_1_27' title="bbox 456 2740 3276 2823">
    <p class='ocr_par' dir='ltr' id='par_1_27' title="bbox 456 2740 3276 2823">
     <span class='ocr_line' id='line_1_27' title="bbox 456 2740 3276 2823; baseline 0.004 -29"><span class='ocrx_word' id='word_1_177' title='bbox 456 2740 758 2800; x_wconf 78' lang='lat' dir='ltr'><strong>Romanam</strong></span> <span class='ocrx_word' id='word_1_178' title='bbox 788 2751 1124 2818; x_wconf 86' lang='lat' dir='ltr'><strong>provinciam</strong></span> <span class='ocrx_word' id='word_1_179' title='bbox 1156 2750 1364 2806; x_wconf 79' lang='lat' dir='ltr'><strong>fecerit.</strong></span> <span class='ocrx_word' id='word_1_180' title='bbox 1394 2748 1476 2804; x_wconf 93' lang='lat' dir='ltr'><strong>0b</strong></span> <span class='ocrx_word' id='word_1_181' title='bbox 1499 2765 1620 2820; x_wconf 69' lang='lat' dir='ltr'><strong>qua:</strong></span> <span class='ocrx_word' id='word_1_182' title='bbox 1650 2747 1958 2814; x_wconf 86' lang='lat' dir='ltr'><strong>Parthicus,</strong></span> <span class='ocrx_word' id='word_1_183' title='bbox 1983 2747 2273 2816; x_wconf 88' lang='lat' dir='ltr'><strong>Arabicus,</strong></span> <span class='ocrx_word' id='word_1_184' title='bbox 2305 2750 2692 2818; x_wconf 86' lang='lat' dir='ltr'><strong>Adiabenicus,</strong></span> <span class='ocrx_word' id='word_1_185' title='bbox 2723 2754 3138 2823; x_wconf 87' lang='lat' dir='ltr'><strong>cognominatus</strong></span> <span class='ocrx_word' id='word_1_186' title='bbox 3171 2761 3276 2809; x_wconf 88' lang='lat' dir='ltr'><strong>est.</strong></span> 
     </span>
    </p>
   </div>
   <div class='ocr_carea' id='block_1_28' title="bbox 527 2833 3692 2909">
    <p class='ocr_par' dir='ltr' id='par_1_28' title="bbox 527 2833 3692 2909">
     <span class='ocr_line' id='line_1_28' title="bbox 527 2833 3692 2909; baseline 0.003 -23"><span class='ocrx_word' id='word_1_187' title='bbox 527 2834 562 2885; x_wconf 89' lang='lat' dir='ltr'><strong>d</strong></span> <span class='ocrx_word' id='word_1_188' title='bbox 592 2833 1041 2909; x_wconf 56' lang='lat' dir='ltr'><strong>Romaequartus</strong></span> <span class='ocrx_word' id='word_1_189' title='bbox 1075 2841 1323 2894; x_wconf 84' lang='lat' dir='ltr'><strong>decimus</strong></span> <span class='ocrx_word' id='word_1_190' title='bbox 1361 2841 1648 2909; x_wconf 87' lang='lat' dir='ltr'><strong>episcopa-</strong></span> <span class='ocrx_word' id='word_1_191' title='bbox 1723 2841 1864 2909; x_wconf 65' lang='grc'>245</span> <span class='ocrx_word' id='word_1_192' title='bbox 2036 2838 2135 2893; x_wconf 82' lang='lat'><strong>201</strong></span> <span class='ocrx_word' id='word_1_193' title='bbox 2355 2841 2386 2893; x_wconf 91' lang='grc'><strong>7</strong></span> <span class='ocrx_word' id='word_1_194' title='bbox 2570 2859 2598 2896; x_wconf 83' lang='lat' dir='ltr'><strong>e</strong></span> <span class='ocrx_word' id='word_1_195' title='bbox 2621 2841 3013 2897; x_wconf 86' lang='lat' dir='ltr'><strong>Persecutione</strong></span> <span class='ocrx_word' id='word_1_196' title='bbox 3045 2843 3097 2896; x_wconf 91' lang='lat' dir='ltr'><strong>in</strong></span> <span class='ocrx_word' id='word_1_197' title='bbox 3143 2843 3488 2898; x_wconf 89' lang='lat' dir='ltr'><strong>Christianos</strong></span> <span class='ocrx_word' id='word_1_198' title='bbox 3524 2843 3692 2908; x_wconf 87' lang='lat' dir='ltr'><strong>facta,</strong></span> 
     </span>
    </p>
   </div>
   <div class='ocr_carea' id='block_1_29' title="bbox 457 2908 3691 2984">
    <p class='ocr_par' dir='ltr' id='par_1_29' title="bbox 457 2908 3691 2984">
     <span class='ocr_line' id='line_1_29' title="bbox 457 2908 3691 2984; baseline 0.003 -27"><span class='ocrx_word' id='word_1_199' title='bbox 457 2913 572 2958; x_wconf 78' lang='lat' dir='ltr'><strong>trum</strong></span> <span class='ocrx_word' id='word_1_200' title='bbox 602 2908 833 2977; x_wconf 86' lang='lat' dir='ltr'><strong>suscipit</strong></span> <span class='ocrx_word' id='word_1_201' title='bbox 859 2909 1202 2982; x_wconf 90' lang='lat' dir='ltr'><strong>Zephyrinus</strong></span> <span class='ocrx_word' id='word_1_202' title='bbox 1231 2908 1578 2964; x_wconf 74' lang='lat' dir='ltr'><strong>annisan.</strong></span> <span class='ocrx_word' id='word_1_203' title='bbox 1833 2908 1842 2909; x_wconf 48' lang='grc'><strong>“</strong></span> <span class='ocrx_word' id='word_1_204' title='bbox 2035 2909 2142 2984; x_wconf 64' lang='lat'><strong>202</strong></span> <span class='ocrx_word' id='word_1_205' title='bbox 2354 2911 2388 2984; x_wconf 62' lang='grc' dir='ltr'>β</span> <span class='ocrx_word' id='word_1_206' title='bbox 2494 2911 2766 2984; x_wconf 91' lang='lat' dir='ltr'><strong>Leonides</strong></span> <span class='ocrx_word' id='word_1_207' title='bbox 2801 2911 3055 2982; x_wconf 85' lang='lat' dir='ltr'><strong>Origenis</strong></span> <span class='ocrx_word' id='word_1_208' title='bbox 3087 2920 3241 2982; x_wconf 90' lang='lat' dir='ltr'><strong>pater</strong></span> <span class='ocrx_word' id='word_1_209' title='bbox 3269 2915 3511 2984; x_wconf 87' lang='lat' dir='ltr'><strong>gloriosa</strong></span> <span class='ocrx_word' id='word_1_210' title='bbox 3544 2930 3691 2968; x_wconf 87' lang='lat' dir='ltr'><strong>mar-</strong></span> 
     </span>
    </p>
   </div>
   <div class='ocr_carea' id='block_1_30' title="bbox 2035 2979 3282 3055">
    <p class='ocr_par' dir='ltr' id='par_1_30' title="bbox 2035 2979 3282 3055">
     <span class='ocr_line' id='line_1_30' title="bbox 2035 2979 3282 3055; baseline 0.006 -24"><span class='ocrx_word' id='word_1_211' title='bbox 2035 2979 2141 3032; x_wconf 84' lang='lat'><strong>205</strong></span> <span class='ocrx_word' id='word_1_212' title='bbox 2353 2981 2386 3035; x_wconf 90' lang='lat'>9</span> <span class='ocrx_word' id='word_1_213' title='bbox 2495 2983 2622 3055; x_wconf 89' lang='lat' dir='ltr'><strong>tyrii</strong></span> <span class='ocrx_word' id='word_1_214' title='bbox 2646 2991 2820 3038; x_wconf 91' lang='lat' dir='ltr'><strong>morte</strong></span> <span class='ocrx_word' id='word_1_215' title='bbox 2845 2979 3146 3038; x_wconf 78' lang='lat' dir='ltr'><strong>translatus</strong></span> <span class='ocrx_word' id='word_1_216' title='bbox 3177 2979 3282 3039; x_wconf 52' lang='lat' dir='ltr'><strong>est;</strong></span> 
     </span>
    </p>
   </div>
   <div class='ocr_carea' id='block_1_31' title="bbox 1692 3072 2444 3141">
    <p class='ocr_par' dir='ltr' id='par_1_31' title="bbox 1692 3072 2444 3141">
     <span class='ocr_line' id='line_1_31' title="bbox 1692 3072 2444 3141; baseline 0.004 -12"><span class='ocrx_word' id='word_1_217' title='bbox 1692 3073 1950 3141; x_wconf 83' lang='lat' dir='ltr'><strong>QUINTA</strong></span> <span class='ocrx_word' id='word_1_218' title='bbox 1986 3072 2444 3132; x_wconf 85' lang='lat' dir='ltr'><strong>PERSECUTIO.</strong></span> 
     </span>
    </p>
   </div>
   <div class='ocr_carea' id='block_1_32' title="bbox 532 3161 3636 3227">
    <p class='ocr_par' dir='ltr' id='par_1_32' title="bbox 532 3161 3636 3227">
     <span class='ocr_line' id='line_1_32' title="bbox 532 3161 3636 3227; baseline 0.004 -14"><span class='ocrx_word' id='word_1_219' title='bbox 532 3161 838 3219; x_wconf 83' lang='lat' dir='ltr'><strong>Alexander</strong></span> <span class='ocrx_word' id='word_1_220' title='bbox 865 3165 935 3218; x_wconf 93' lang='lat' dir='ltr'><strong>ob</strong></span> <span class='ocrx_word' id='word_1_221' title='bbox 957 3166 1360 3221; x_wconf 87' lang='lat' dir='ltr'><strong>confessionem</strong></span> <span class='ocrx_word' id='word_1_222' title='bbox 1379 3163 1652 3220; x_wconf 87' lang='lat' dir='ltr'><strong>Dominici</strong></span> <span class='ocrx_word' id='word_1_223' title='bbox 2037 3165 2144 3220; x_wconf 72' lang='lat'><strong>204</strong></span> <span class='ocrx_word' id='word_1_224' title='bbox 2326 3168 2394 3222; x_wconf 90' lang='grc'>10</span> <span class='ocrx_word' id='word_1_225' title='bbox 2572 3171 2826 3226; x_wconf 89' lang='lat' dir='ltr'><strong>Clemens</strong></span> <span class='ocrx_word' id='word_1_226' title='bbox 2853 3171 3023 3225; x_wconf 84' lang='lat' dir='ltr'><strong>multa</strong></span> <span class='ocrx_word' id='word_1_227' title='bbox 3053 3180 3108 3227; x_wconf 88' lang='lat' dir='ltr'><strong>et</strong></span> <span class='ocrx_word' id='word_1_228' title='bbox 3131 3172 3285 3226; x_wconf 82' lang='lat' dir='ltr'><strong>varia</strong></span> <span class='ocrx_word' id='word_1_229' title='bbox 3313 3171 3636 3227; x_wconf 86' lang='lat' dir='ltr'><strong>conscribit.</strong></span> 
     </span>
    </p>
   </div>
   <div class='ocr_carea' id='block_1_33' title="bbox 459 3231 1353 3306">
    <p class='ocr_par' dir='ltr' id='par_1_33' title="bbox 459 3231 1353 3306">
     <span class='ocr_line' id='line_1_33' title="bbox 459 3231 1353 3306; baseline 0.006 -23"><span class='ocrx_word' id='word_1_230' title='bbox 459 3231 714 3306; x_wconf 74' lang='lat' dir='ltr'><strong>nominis</strong></span> <span class='ocrx_word' id='word_1_231' title='bbox 735 3235 966 3305; x_wconf 80' lang='lat' dir='ltr'><strong>insignis</strong></span> <span class='ocrx_word' id='word_1_232' title='bbox 1000 3237 1230 3292; x_wconf 84' lang='lat' dir='ltr'><strong>habetur</strong></span> <span class='ocrx_word' id='word_1_233' title='bbox 1256 3235 1353 3306; x_wconf 78' lang='grc'><strong>(1).</strong></span> 
     </span>
    </p>
   </div>
   <div class='ocr_carea' id='block_1_34' title="bbox 525 3299 2383 3399">
    <p class='ocr_par' dir='ltr' id='par_1_34' title="bbox 525 3299 2383 3399">
     <span class='ocr_line' id='line_1_34' title="bbox 525 3299 2383 3399; baseline -0.001 -40"><span class='ocrx_word' id='word_1_234' title='bbox 525 3299 1090 3399; x_wconf 37' lang='grc' dir='ltr'><strong>ξ-ηυῗὲοὲξιρ-οειιω</strong></span> <span class='ocrx_word' id='word_1_235' title='bbox 1119 3299 1479 3377; x_wconf 65' lang='lat' dir='ltr'><strong>philosophiae</strong></span> <span class='ocrx_word' id='word_1_236' title='bbox 1512 3305 1651 3361; x_wconf 87' lang='lat' dir='ltr'><strong>scri-</strong></span> <span class='ocrx_word' id='word_1_237' title='bbox 1730 3331 1872 3399; x_wconf 62' lang='grc'><strong>246</strong></span> <span class='ocrx_word' id='word_1_238' title='bbox 2323 3308 2383 3399; x_wconf 46' lang='lat'><strong>1‘12</strong></span> 
     </span>
    </p>
   </div>
   <div class='ocr_carea' id='block_1_35' title="bbox 456 3375 3690 3451">
    <p class='ocr_par' dir='ltr' id='par_1_35' title="bbox 456 3375 3690 3451">
     <span class='ocr_line' id='line_1_35' title="bbox 456 3375 3690 3451; baseline 0.001 -24"><span class='ocrx_word' id='word_1_239' title='bbox 456 3376 584 3440; x_wconf 77' lang='lat' dir='ltr'><strong>ptor</strong></span> <span class='ocrx_word' id='word_1_240' title='bbox 613 3375 952 3443; x_wconf 78' lang='lat' dir='ltr'><strong>agnoscitur.</strong></span> <span class='ocrx_word' id='word_1_241' title='bbox 1121 3375 1136 3377; x_wconf 27' lang='grc' dir='ltr'><strong>ί</strong></span> <span class='ocrx_word' id='word_1_242' title='bbox 1343 3375 1353 3376; x_wconf 29' lang='grc' dir='ltr'><strong>ί</strong></span> <span class='ocrx_word' id='word_1_243' title='bbox 1732 3375 1872 3399; x_wconf 49' lang='lat' dir='ltr'><strong>Mm</strong></span> <span class='ocrx_word' id='word_1_244' title='bbox 2037 3376 2146 3430; x_wconf 83' lang='lat'><strong>206</strong></span> <span class='ocrx_word' id='word_1_245' title='bbox 2322 3377 2392 3432; x_wconf 70' lang='lat' dir='ltr'><strong>i2</strong></span> <span class='ocrx_word' id='word_1_246' title='bbox 2572 3379 2842 3451; x_wconf 88' lang='lat' dir='ltr'><strong>Origenes</strong></span> <span class='ocrx_word' id='word_1_247' title='bbox 2869 3381 3216 3437; x_wconf 65' lang='lat' dir='ltr'><strong>Alexandria;</strong></span> <span class='ocrx_word' id='word_1_248' title='bbox 3265 3381 3466 3437; x_wconf 89' lang='lat' dir='ltr'><strong>studiis</strong></span> <span class='ocrx_word' id='word_1_249' title='bbox 3503 3379 3690 3436; x_wconf 87' lang='lat' dir='ltr'><strong>erudi-</strong></span> 
     </span>
    </p>
   </div>
   <div class='ocr_carea' id='block_1_36' title="bbox 2500 3451 3690 3515">
    <p class='ocr_par' dir='ltr' id='par_1_36' title="bbox 2500 3451 3690 3515">
     <span class='ocr_line' id='line_1_36' title="bbox 2500 3451 3690 3515; baseline 0.001 -11"><span class='ocrx_word' id='word_1_250' title='bbox 2500 3459 2612 3515; x_wconf 86' lang='lat' dir='ltr'><strong>tus,</strong></span> <span class='ocrx_word' id='word_1_251' title='bbox 2629 3451 2828 3507; x_wconf 90' lang='lat' dir='ltr'><strong>divinis</strong></span> <span class='ocrx_word' id='word_1_252' title='bbox 2848 3458 2996 3507; x_wconf 87' lang='lat' dir='ltr'><strong>totus</strong></span> <span class='ocrx_word' id='word_1_253' title='bbox 3014 3451 3282 3506; x_wconf 87' lang='lat' dir='ltr'><strong>incumbit</strong></span> <span class='ocrx_word' id='word_1_254' title='bbox 3297 3451 3690 3506; x_wconf 86' lang='lat' dir='ltr'><strong>voluminibus.</strong></span> 
     </span>
    </p>
   </div>
   <div class='ocr_carea' id='block_1_37' title="bbox 526 3551 3686 3631">
    <p class='ocr_par' dir='ltr' id='par_1_37' title="bbox 526 3551 3686 3631">
     <span class='ocr_line' id='line_1_37' title="bbox 526 3551 3686 3631; baseline 0.002 -26"><span class='ocrx_word' id='word_1_255' title='bbox 526 3551 586 3607; x_wconf 89' lang='lat' dir='ltr'><strong>In</strong></span> <span class='ocrx_word' id='word_1_256' title='bbox 626 3553 732 3609; x_wconf 91' lang='lat' dir='ltr'><strong>hoc</strong></span> <span class='ocrx_word' id='word_1_257' title='bbox 771 3569 916 3610; x_wconf 92' lang='lat' dir='ltr'><strong>anno</strong></span> <span class='ocrx_word' id='word_1_258' title='bbox 959 3555 1244 3624; x_wconf 70' lang='lat' dir='ltr'><strong>jubilaeum</strong></span> <span class='ocrx_word' id='word_1_259' title='bbox 1280 3571 1312 3612; x_wconf 88' lang='lat' dir='ltr'><strong>a</strong></span> <span class='ocrx_word' id='word_1_260' title='bbox 1349 3555 1652 3627; x_wconf 89' lang='lat' dir='ltr'><strong>majoribus</strong></span> <span class='ocrx_word' id='word_1_261' title='bbox 1691 3555 2006 3612; x_wconf 86' lang='lat' dir='ltr'><strong>invenimus</strong></span> <span class='ocrx_word' id='word_1_262' title='bbox 2032 3555 2406 3624; x_wconf 88' lang='lat' dir='ltr'><strong>observatum,</strong></span> <span class='ocrx_word' id='word_1_263' title='bbox 2438 3559 2492 3614; x_wconf 91' lang='lat' dir='ltr'><strong>id</strong></span> <span class='ocrx_word' id='word_1_264' title='bbox 2518 3567 2603 3615; x_wconf 92' lang='lat' dir='ltr'><strong>est</strong></span> <span class='ocrx_word' id='word_1_265' title='bbox 2642 3575 2718 3614; x_wconf 77' lang='lat' dir='ltr'><strong>xu</strong></span> <span class='ocrx_word' id='word_1_266' title='bbox 2749 3557 2848 3631; x_wconf 83' lang='grc' dir='ltr'><strong>[αι.</strong></span> <span class='ocrx_word' id='word_1_267' title='bbox 2873 3558 2999 3631; x_wconf 84' lang='lat' dir='ltr'><strong>xm]</strong></span> <span class='ocrx_word' id='word_1_268' title='bbox 3031 3574 3174 3614; x_wconf 89' lang='lat' dir='ltr'><strong>anno</strong></span> <span class='ocrx_word' id='word_1_269' title='bbox 3222 3556 3408 3614; x_wconf 88' lang='lat' dir='ltr'><strong>Severi</strong></span> <span class='ocrx_word' id='word_1_270' title='bbox 3462 3565 3517 3613; x_wconf 92' lang='lat' dir='ltr'><strong>et</strong></span> <span class='ocrx_word' id='word_1_271' title='bbox 3547 3571 3686 3613; x_wconf 68' lang='lat' dir='ltr'><strong>cczu</strong></span> 
     </span>
    </p>
   </div>
   <div class='ocr_carea' id='block_1_38' title="bbox 455 3646 1005 3704">
    <p class='ocr_par' dir='ltr' id='par_1_38' title="bbox 455 3646 1005 3704">
     <span class='ocr_line' id='line_1_38' title="bbox 455 3646 1005 3704; baseline 0 -2"><span class='ocrx_word' id='word_1_272' title='bbox 455 3646 811 3703; x_wconf 73' lang='lat' dir='ltr'><strong>Antiochenze</strong></span> <span class='ocrx_word' id='word_1_273' title='bbox 835 3649 1005 3704; x_wconf 93' lang='lat' dir='ltr'><strong>urbis.</strong></span> 
     </span>
    </p>
   </div>
   <div class='ocr_carea' id='block_1_39' title="bbox 2041 3739 2394 3796">
    <p class='ocr_par' dir='ltr' id='par_1_39' title="bbox 2041 3739 2394 3796">
     <span class='ocr_line' id='line_1_39' title="bbox 2041 3739 2394 3796; baseline 0.006 -4"><span class='ocrx_word' id='word_1_274' title='bbox 2041 3739 2148 3795; x_wconf 83' lang='lat'><strong>207</strong></span> <span class='ocrx_word' id='word_1_275' title='bbox 2326 3741 2394 3796; x_wconf 81' lang='grc'><strong>15</strong></span> 
     </span>
    </p>
   </div>
   <div class='ocr_carea' id='block_1_40' title="bbox 526 3850 3695 3924">
    <p class='ocr_par' dir='ltr' id='par_1_40' title="bbox 526 3850 3695 3924">
     <span class='ocr_line' id='line_1_40' title="bbox 526 3850 3695 3924; baseline 0.001 -18"><span class='ocrx_word' id='word_1_276' title='bbox 526 3869 557 3921; x_wconf 91' lang='lat' dir='ltr'><strong><em>g</em></strong></span> <span class='ocrx_word' id='word_1_277' title='bbox 588 3851 782 3906; x_wconf 90' lang='lat' dir='ltr'><strong>Clodio</strong></span> <span class='ocrx_word' id='word_1_278' title='bbox 824 3851 1042 3917; x_wconf 90' lang='lat' dir='ltr'><strong>Albino,</strong></span> <span class='ocrx_word' id='word_1_279' title='bbox 1083 3854 1176 3923; x_wconf 93' lang='lat' dir='ltr'><strong>qui</strong></span> <span class='ocrx_word' id='word_1_280' title='bbox 1218 3868 1278 3908; x_wconf 90' lang='lat' dir='ltr'><strong>se</strong></span> <span class='ocrx_word' id='word_1_281' title='bbox 1317 3854 1374 3908; x_wconf 93' lang='lat' dir='ltr'><strong>in</strong></span> <span class='ocrx_word' id='word_1_282' title='bbox 1409 3850 1584 3907; x_wconf 88' lang='lat' dir='ltr'><strong>Gallia</strong></span> <span class='ocrx_word' id='word_1_283' title='bbox 1617 3851 1888 3906; x_wconf 69' lang='lat' dir='ltr'><strong>Caesarem</strong></span> <span class='ocrx_word' id='word_1_284' title='bbox 1920 3859 2144 3918; x_wconf 63' lang='lat' dir='ltr'><strong>iecerat,</strong></span> <span class='ocrx_word' id='word_1_285' title='bbox 2175 3853 2318 3923; x_wconf 89' lang='lat' dir='ltr'><strong>apud</strong></span> <span class='ocrx_word' id='word_1_286' title='bbox 2343 3852 2668 3924; x_wconf 85' lang='lat' dir='ltr'><strong>Lugdunum</strong></span> <span class='ocrx_word' id='word_1_287' title='bbox 2694 3851 3007 3917; x_wconf 83' lang='lat' dir='ltr'><strong>interfecto,</strong></span> <span class='ocrx_word' id='word_1_288' title='bbox 3035 3850 3271 3908; x_wconf 88' lang='lat' dir='ltr'><strong>Severus</strong></span> <span class='ocrx_word' id='word_1_289' title='bbox 3312 3853 3365 3907; x_wconf 93' lang='lat' dir='ltr'><strong>in</strong></span> <span class='ocrx_word' id='word_1_290' title='bbox 3401 3852 3695 3920; x_wconf 80' lang='lat' dir='ltr'><strong>Britannos</strong></span> 
     </span>
    </p>
   </div>
   <div class='ocr_carea' id='block_1_41' title="bbox 454 3941 3694 4023">
    <p class='ocr_par' dir='ltr' id='par_1_41' title="bbox 454 3941 3694 4023">
     <span class='ocr_line' id='line_1_41' title="bbox 454 3941 3694 4023; baseline 0.001 -28"><span class='ocrx_word' id='word_1_291' title='bbox 454 3941 658 3995; x_wconf 88' lang='lat' dir='ltr'><strong>bellum</strong></span> <span class='ocrx_word' id='word_1_292' title='bbox 696 3941 983 4005; x_wconf 79' lang='lat' dir='ltr'><strong>transfert,</strong></span> <span class='ocrx_word' id='word_1_293' title='bbox 1017 3943 1146 4007; x_wconf 87' lang='lat' dir='ltr'><strong>ubi,</strong></span> <span class='ocrx_word' id='word_1_294' title='bbox 1192 3952 1252 3998; x_wconf 91' lang='lat' dir='ltr'><strong>ut</strong></span> <span class='ocrx_word' id='word_1_295' title='bbox 1295 3951 1547 4012; x_wconf 89' lang='lat' dir='ltr'><strong>receptas</strong></span> <span class='ocrx_word' id='word_1_296' title='bbox 1590 3943 1908 4012; x_wconf 89' lang='lat' dir='ltr'><strong>provincias</strong></span> <span class='ocrx_word' id='word_1_297' title='bbox 1939 3942 2009 3997; x_wconf 90' lang='lat' dir='ltr'><strong>ab</strong></span> <span class='ocrx_word' id='word_1_298' title='bbox 2041 3942 2360 4023; x_wconf 71' lang='lat' dir='ltr'><strong>incursione</strong></span> <span class='ocrx_word' id='word_1_299' title='bbox 2404 3945 2688 3999; x_wconf 85' lang='lat' dir='ltr'><strong>barbarica</strong></span> <span class='ocrx_word' id='word_1_300' title='bbox 2737 3943 2942 3999; x_wconf 88' lang='lat' dir='ltr'><strong>faceret</strong></span> <span class='ocrx_word' id='word_1_301' title='bbox 2989 3943 3328 4006; x_wconf 86' lang='lat' dir='ltr'><strong>securiores,</strong></span> <span class='ocrx_word' id='word_1_302' title='bbox 3363 3945 3566 3999; x_wconf 91' lang='lat' dir='ltr'><strong>vallum</strong></span> <span class='ocrx_word' id='word_1_303' title='bbox 3596 3961 3694 4016; x_wconf 81' lang='lat' dir='ltr'><strong>per-</strong></span> 
     </span>
    </p>
   </div>
   <div class='ocr_carea' id='block_1_42' title="bbox 452 4033 3376 4107">
    <p class='ocr_par' dir='ltr' id='par_1_42' title="bbox 452 4033 3376 4107">
     <span class='ocr_line' id='line_1_42' title="bbox 452 4033 3376 4107; baseline -0 -16"><span class='ocrx_word' id='word_1_304' title='bbox 452 4048 602 4091; x_wconf 79' lang='lat' dir='ltr'><strong>cxxu</strong></span> <span class='ocrx_word' id='word_1_305' title='bbox 640 4033 735 4106; x_wconf 84' lang='grc' dir='ltr'><strong>[αι.</strong></span> <span class='ocrx_word' id='word_1_306' title='bbox 761 4033 970 4106; x_wconf 77' lang='lat' dir='ltr'><strong>cxxxu]</strong></span> <span class='ocrx_word' id='word_1_307' title='bbox 1002 4035 1173 4089; x_wconf 88' lang='lat' dir='ltr'><strong>millia</strong></span> <span class='ocrx_word' id='word_1_308' title='bbox 1198 4050 1459 4104; x_wconf 89' lang='lat' dir='ltr'><strong>passuum</strong></span> <span class='ocrx_word' id='word_1_309' title='bbox 1491 4051 1523 4090; x_wconf 91' lang='lat' dir='ltr'><strong>a</strong></span> <span class='ocrx_word' id='word_1_310' title='bbox 1553 4037 1692 4091; x_wconf 85' lang='lat' dir='ltr'><strong>mari</strong></span> <span class='ocrx_word' id='word_1_311' title='bbox 1719 4034 1785 4089; x_wconf 89' lang='lat' dir='ltr'><strong>ad</strong></span> <span class='ocrx_word' id='word_1_312' title='bbox 1817 4049 1970 4089; x_wconf 87' lang='lat' dir='ltr'><strong>mare</strong></span> <span class='ocrx_word' id='word_1_313' title='bbox 2005 4035 2282 4105; x_wconf 81' lang='lat' dir='ltr'><strong>perduxit.</strong></span> <span class='ocrx_word' id='word_1_314' title='bbox 2307 4035 2589 4092; x_wconf 89' lang='lat' dir='ltr'><strong>Pictorum</strong></span> <span class='ocrx_word' id='word_1_315' title='bbox 2617 4036 2816 4092; x_wconf 87' lang='lat' dir='ltr'><strong>cecidit</strong></span> <span class='ocrx_word' id='word_1_316' title='bbox 2846 4035 3040 4107; x_wconf 87' lang='lat' dir='ltr'><strong>ingens</strong></span> <span class='ocrx_word' id='word_1_317' title='bbox 3064 4036 3376 4091; x_wconf 87' lang='lat' dir='ltr'><strong>multitudo.</strong></span> 
     </span>
    </p>
   </div>
   <div class='ocr_carea' id='block_1_43' title="bbox 528 4124 2164 4200">
    <p class='ocr_par' dir='ltr' id='par_1_43' title="bbox 528 4124 2148 4200">
     <span class='ocr_line' id='line_1_43' title="bbox 528 4124 2148 4200; baseline 0.003 -21"><span class='ocrx_word' id='word_1_318' title='bbox 528 4124 898 4200; x_wconf 74' lang='lat' dir='ltr'><strong>Tertullianus</strong></span> <span class='ocrx_word' id='word_1_319' title='bbox 942 4125 1119 4200; x_wconf 71' lang='lat' dir='ltr'><strong>Afer,</strong></span> <span class='ocrx_word' id='word_1_320' title='bbox 1146 4127 1486 4183; x_wconf 87' lang='lat' dir='ltr'><strong>centurionis</strong></span> <span class='ocrx_word' id='word_1_321' title='bbox 1525 4143 1651 4197; x_wconf 90' lang='lat' dir='ltr'><strong>pro—</strong></span> <span class='ocrx_word' id='word_1_322' title='bbox 1717 4132 1859 4200; x_wconf 68' lang='grc'><strong>247</strong></span> <span class='ocrx_word' id='word_1_323' title='bbox 2038 4127 2148 4200; x_wconf 67' lang='lat'><strong>208</strong></span> 
     </span>
    </p>
   </div>
   <div class='ocr_carea' id='block_1_44' title="bbox 759 4124 2395 4200">
    <p class='ocr_par' dir='ltr' id='par_1_44' title="bbox 761 4125 2395 4200">
     <span class='ocr_line' id='line_1_44' title="bbox 761 4125 2395 4200; baseline 0.002 -20"><span class='ocrx_word' id='word_1_324' title='bbox 761 4142 898 4200; x_wconf 73' lang='lat' dir='ltr'><strong>anus</strong></span> <span class='ocrx_word' id='word_1_325' title='bbox 942 4125 1119 4200; x_wconf 72' lang='lat' dir='ltr'><strong>Afer,</strong></span> <span class='ocrx_word' id='word_1_326' title='bbox 1146 4127 1486 4183; x_wconf 87' lang='lat' dir='ltr'><strong>centurionis</strong></span> <span class='ocrx_word' id='word_1_327' title='bbox 1525 4143 1651 4197; x_wconf 91' lang='lat' dir='ltr'><strong>pro—</strong></span> <span class='ocrx_word' id='word_1_328' title='bbox 1717 4132 1859 4200; x_wconf 68' lang='grc'><strong>247</strong></span> <span class='ocrx_word' id='word_1_329' title='bbox 2038 4127 2148 4200; x_wconf 67' lang='lat'><strong>208</strong></span> <span class='ocrx_word' id='word_1_330' title='bbox 2322 4128 2395 4200; x_wconf 57' lang='lat' dir='ltr'><strong>id;</strong></span> 
     </span>
    </p>
   </div>
   <div class='ocr_carea' id='block_1_45' title="bbox 425 4196 2394 4262">
    <p class='ocr_par' dir='ltr' id='par_1_45' title="bbox 425 4196 2394 4262">
     <span class='ocr_line' id='line_1_45' title="bbox 425 4196 2394 4262; baseline 0 -12"><span class='ocrx_word' id='word_1_331' title='bbox 425 4196 765 4252; x_wconf 66' lang='lat' dir='ltr'><strong>consularis</strong></span> <span class='ocrx_word' id='word_1_332' title='bbox 795 4196 956 4262; x_wconf 85' lang='lat' dir='ltr'><strong>filius,</strong></span> <span class='ocrx_word' id='word_1_333' title='bbox 975 4197 1218 4250; x_wconf 89' lang='lat' dir='ltr'><strong>omnium</strong></span> <span class='ocrx_word' id='word_1_334' title='bbox 1251 4234 1302 4262; x_wconf 69' lang='grc' dir='ltr'><strong>η</strong></span> <span class='ocrx_word' id='word_1_335' title='bbox 1372 4196 1610 4262; x_wconf 44' lang='lat' dir='ltr'><strong>run&quot;,</strong></span> <span class='ocrx_word' id='word_1_336' title='bbox 1718 4196 1754 4200; x_wconf 73' lang='grc'><strong>’“</strong></span> <span class='ocrx_word' id='word_1_337' title='bbox 1781 4196 1841 4200; x_wconf 72' lang='grc'><strong>“’</strong></span> <span class='ocrx_word' id='word_1_338' title='bbox 2039 4196 2146 4250; x_wconf 84' lang='lat'><strong>209</strong></span> <span class='ocrx_word' id='word_1_339' title='bbox 2323 4198 2394 4250; x_wconf 80' lang='grc'><strong>15</strong></span> 
     </span>
    </p>
   </div>
   <div class='ocr_carea' id='block_1_46' title="bbox 453 4234 2394 4322">
    <p class='ocr_par' dir='ltr' id='par_1_46' title="bbox 453 4234 2394 4322">
     <span class='ocr_line' id='line_1_46' title="bbox 453 4234 2394 4322; baseline 0.001 -3"><span class='ocrx_word' id='word_1_340' title='bbox 453 4234 1218 4322; x_wconf 51' lang='lat' dir='ltr'><strong>il&#39;éié‘éi‘ééﬂ1312356113231</strong></span> <span class='ocrx_word' id='word_1_341' title='bbox 1251 4234 1329 4303; x_wconf 70' lang='grc' dir='ltr'><strong>Βι</strong></span> <span class='ocrx_word' id='word_1_342' title='bbox 1371 4234 1642 4304; x_wconf 82' lang='lat' dir='ltr'><strong>CMLX-</strong></span> <span class='ocrx_word' id='word_1_343' title='bbox 2038 4234 2145 4321; x_wconf 72' lang='grc' dir='ltr'>Ξῖὄ</span> <span class='ocrx_word' id='word_1_344' title='bbox 2325 4234 2394 4321; x_wconf 71' lang='grc' dir='ltr'>ἱὲ</span> 
     </span>
    </p>
   </div>
   <div class='ocr_carea' id='block_1_47' title="bbox 454 4335 2394 4392">
    <p class='ocr_par' dir='ltr' id='par_1_47' title="bbox 454 4335 2394 4392">
     <span class='ocr_line' id='line_1_47' title="bbox 454 4335 2394 4392; baseline -0.001 -1"><span class='ocrx_word' id='word_1_345' title='bbox 454 4335 718 4392; x_wconf 84' lang='lat' dir='ltr'><strong>lebratur.</strong></span> <span class='ocrx_word' id='word_1_346' title='bbox 2032 4337 2130 4390; x_wconf 81' lang='lat' dir='ltr'><strong>2H</strong></span> <span class='ocrx_word' id='word_1_347' title='bbox 2325 4339 2394 4390; x_wconf 83' lang='grc'><strong>17</strong></span> 
     </span>
    </p>
   </div>
   <div class='ocr_carea' id='block_1_48' title="bbox 497 4404 3674 4486">
    <p class='ocr_par' dir='ltr' id='par_1_48' title="bbox 497 4404 3674 4486">
     <span class='ocr_line' id='line_1_48' title="bbox 497 4404 3674 4486; baseline 0.001 -27"><span class='ocrx_word' id='word_1_348' title='bbox 497 4407 560 4486; x_wconf 81' lang='lat' dir='ltr'><strong>_h</strong></span> <span class='ocrx_word' id='word_1_349' title='bbox 589 4404 822 4462; x_wconf 81' lang='lat' dir='ltr'><strong>Severus</strong></span> <span class='ocrx_word' id='word_1_350' title='bbox 846 4406 1076 4461; x_wconf 87' lang='lat' dir='ltr'><strong>moritur</strong></span> <span class='ocrx_word' id='word_1_351' title='bbox 1098 4405 1329 4462; x_wconf 87' lang='lat' dir='ltr'><strong>Eboraci</strong></span> <span class='ocrx_word' id='word_1_352' title='bbox 1354 4407 1408 4459; x_wconf 90' lang='lat' dir='ltr'><strong>in</strong></span> <span class='ocrx_word' id='word_1_353' title='bbox 1431 4405 1646 4460; x_wconf 84' lang='lat' dir='ltr'><strong>Britan-</strong></span> <span class='ocrx_word' id='word_1_354' title='bbox 2035 4406 2143 4460; x_wconf 75' lang='lat'><strong>212</strong></span> <span class='ocrx_word' id='word_1_355' title='bbox 2322 4408 2390 4461; x_wconf 86' lang='grc'><strong>18</strong></span> <span class='ocrx_word' id='word_1_356' title='bbox 2543 4479 2554 4486; x_wconf 89' lang='lat'>_</span> <span class='ocrx_word' id='word_1_357' title='bbox 2580 4406 2858 4464; x_wconf 80' lang='lat' dir='ltr'><strong>Severinus</strong></span> <span class='ocrx_word' id='word_1_358' title='bbox 2896 4407 3141 4464; x_wconf 77' lang='lat' dir='ltr'><strong>Ebroiris</strong></span> <span class='ocrx_word' id='word_1_359' title='bbox 3181 4410 3238 4463; x_wconf 89' lang='lat' dir='ltr'><strong>in</strong></span> <span class='ocrx_word' id='word_1_360' title='bbox 3257 4407 3544 4464; x_wconf 79' lang='lat' dir='ltr'><strong>Britannia</strong></span> <span class='ocrx_word' id='word_1_361' title='bbox 3578 4425 3674 4463; x_wconf 85' lang='lat' dir='ltr'><strong>mo.</strong></span> 
     </span>
    </p>
   </div>
   <div class='ocr_carea' id='block_1_49' title="bbox 453 4479 2662 4530">
    <p class='ocr_par' dir='ltr' id='par_1_49' title="bbox 453 4479 2662 4530">
     <span class='ocr_line' id='line_1_49' title="bbox 453 4479 2662 4530; baseline 0 0"><span class='ocrx_word' id='word_1_362' title='bbox 453 4479 568 4530; x_wconf 90' lang='lat' dir='ltr'><strong>nia.</strong></span> <span class='ocrx_word' id='word_1_363' title='bbox 2509 4479 2662 4530; x_wconf 81' lang='lat' dir='ltr'><strong>ritur.</strong></span> 
     </span>
    </p>
   </div>
   <div class='ocr_carea' id='block_1_50' title="bbox 523 4569 3699 4644">
    <p class='ocr_par' dir='ltr' id='par_1_50' title="bbox 523 4569 3699 4644">
     <span class='ocr_line' id='line_1_50' title="bbox 523 4569 3699 4644; baseline -0 -16"><span class='ocrx_word' id='word_1_364' title='bbox 523 4572 656 4628; x_wconf 86' lang='lat' dir='ltr'><strong>Geta</strong></span> <span class='ocrx_word' id='word_1_365' title='bbox 689 4571 874 4629; x_wconf 89' lang='lat' dir='ltr'><strong>Severi</strong></span> <span class='ocrx_word' id='word_1_366' title='bbox 906 4572 1050 4630; x_wconf 85' lang='lat' dir='ltr'><strong>ﬁlius</strong></span> <span class='ocrx_word' id='word_1_367' title='bbox 1079 4589 1203 4628; x_wconf 90' lang='lat' dir='ltr'><strong>cum</strong></span> <span class='ocrx_word' id='word_1_368' title='bbox 1243 4570 1505 4627; x_wconf 88' lang='lat' dir='ltr'><strong>Bassiano</strong></span> <span class='ocrx_word' id='word_1_369' title='bbox 1547 4569 1713 4625; x_wconf 83' lang='lat' dir='ltr'><strong>fratre</strong></span> <span class='ocrx_word' id='word_1_370' title='bbox 1745 4587 2038 4628; x_wconf 89' lang='lat' dir='ltr'><strong>successor</strong></span> <span class='ocrx_word' id='word_1_371' title='bbox 2075 4572 2322 4637; x_wconf 82' lang='lat' dir='ltr'><strong>relicms,</strong></span> <span class='ocrx_word' id='word_1_372' title='bbox 2350 4579 2404 4627; x_wconf 90' lang='lat' dir='ltr'><strong>et</strong></span> <span class='ocrx_word' id='word_1_373' title='bbox 2446 4581 2570 4642; x_wconf 83' lang='lat' dir='ltr'><strong>post</strong></span> <span class='ocrx_word' id='word_1_374' title='bbox 2596 4573 2770 4630; x_wconf 85' lang='lat' dir='ltr'><strong>hostis</strong></span> <span class='ocrx_word' id='word_1_375' title='bbox 2797 4573 3049 4643; x_wconf 92' lang='lat' dir='ltr'><strong>publicus</strong></span> <span class='ocrx_word' id='word_1_376' title='bbox 3073 4572 3374 4644; x_wconf 86' lang='lat' dir='ltr'><strong>judicatus,</strong></span> <span class='ocrx_word' id='word_1_377' title='bbox 3397 4573 3699 4628; x_wconf 78' lang='lat' dir='ltr'><strong>confestim.</strong></span> 
     </span>
    </p>
   </div>
   <div class='ocr_carea' id='block_1_51' title="bbox 451 4666 637 4736">
    <p class='ocr_par' dir='ltr' id='par_1_51' title="bbox 451 4666 637 4736">
     <span class='ocr_line' id='line_1_51' title="bbox 451 4666 637 4736; baseline 0.011 -17"><span class='ocrx_word' id='word_1_378' title='bbox 451 4666 637 4736; x_wconf 85' lang='lat' dir='ltr'><strong>periit.</strong></span> 
     </span>
    </p>
   </div>
   <div class='ocr_carea' id='block_1_52' title="bbox 520 4841 3683 4915">
    <p class='ocr_par' dir='ltr' id='par_1_52' title="bbox 520 4841 3683 4915">
     <span class='ocr_line' id='line_1_52' title="bbox 520 4841 3683 4915; baseline 0.001 -18"><span class='ocrx_word' id='word_1_379' title='bbox 520 4861 555 4897; x_wconf 89' lang='lat' dir='ltr'><strong><em>a</em></strong></span> <span class='ocrx_word' id='word_1_380' title='bbox 616 4845 899 4915; x_wconf 84' lang='grc' dir='ltr'>Ῥωμαίων</span> <span class='ocrx_word' id='word_1_381' title='bbox 952 4844 1405 4906; x_wconf 75' lang='grc' dir='ltr'><strong>ἑπτακαιδέκατος</strong></span> <span class='ocrx_word' id='word_1_382' title='bbox 1479 4844 1725 4914; x_wconf 84' lang='grc' dir='ltr'>βασιλεὺς</span> <span class='ocrx_word' id='word_1_383' title='bbox 1779 4843 2018 4915; x_wconf 83' lang='grc' dir='ltr'>Σευῆρος</span> <span class='ocrx_word' id='word_1_384' title='bbox 2189 4841 2224 4894; x_wconf 83' lang='lat' dir='ltr'><strong>d</strong></span> <span class='ocrx_word' id='word_1_385' title='bbox 2272 4841 2488 4912; x_wconf 82' lang='grc' dir='ltr'><strong>Ῥώμης</strong></span> <span class='ocrx_word' id='word_1_386' title='bbox 2530 4843 2589 4896; x_wconf 87' lang='grc' dir='ltr'><strong>ιδ’</strong></span> <span class='ocrx_word' id='word_1_387' title='bbox 2639 4843 2934 4907; x_wconf 74' lang='grc' dir='ltr'>ἐπίσκοπος</span> <span class='ocrx_word' id='word_1_388' title='bbox 2985 4844 3279 4915; x_wconf 81' lang='grc' dir='ltr'>Ζεφυρῖνος</span> <span class='ocrx_word' id='word_1_389' title='bbox 3308 4841 3401 4914; x_wconf 83' lang='grc' dir='ltr'>ἔτη</span> <span class='ocrx_word' id='word_1_390' title='bbox 3455 4842 3683 4900; x_wconf 84' lang='grc' dir='ltr'><strong>δώδεκα.</strong></span> 
     </span>
    </p>
   </div>
   <div class='ocr_carea' id='block_1_53' title="bbox 446 4933 2082 5008">
    <p class='ocr_par' dir='ltr' id='par_1_53' title="bbox 446 4936 1157 5008">
     <span class='ocr_line' id='line_1_53' title="bbox 446 4936 1157 5008; baseline 0.004 -19"><span class='ocrx_word' id='word_1_391' title='bbox 446 4936 541 5008; x_wconf 74' lang='grc' dir='ltr'><strong>ετη</strong></span> <span class='ocrx_word' id='word_1_392' title='bbox 569 4937 649 4989; x_wconf 85' lang='grc' dir='ltr'><strong>ιθ’.</strong></span> <span class='ocrx_word' id='word_1_393' title='bbox 677 4936 834 5008; x_wconf 84' lang='lat' dir='ltr'><strong>Sync.</strong></span> <span class='ocrx_word' id='word_1_394' title='bbox 857 4953 908 5006; x_wconf 90' lang='lat' dir='ltr'><strong>p.</strong></span> <span class='ocrx_word' id='word_1_395' title='bbox 935 4937 1062 4999; x_wconf 77' lang='lat'><strong>556,</strong></span> <span class='ocrx_word' id='word_1_396' title='bbox 1091 4937 1157 4992; x_wconf 83' lang='lat' dir='ltr'><strong>A.</strong></span> 
     </span>
    </p>
   </div>
   <div class='ocr_carea' id='block_1_54' title="bbox 1392 4933 3028 5008">
    <p class='ocr_par' dir='ltr' id='par_1_54' title="bbox 2120 4933 3028 5005">
     <span class='ocr_line' id='line_1_54' title="bbox 2120 4933 3028 5005; baseline 0 -17"><span class='ocrx_word' id='word_1_397' title='bbox 2120 4933 2313 4988; x_wconf 80' lang='lat' dir='ltr'><strong>Euseb.</strong></span> <span class='ocrx_word' id='word_1_398' title='bbox 2345 4934 2483 5003; x_wconf 86' lang='lat' dir='ltr'><strong>apud</strong></span> <span class='ocrx_word' id='word_1_399' title='bbox 2520 4933 2682 5005; x_wconf 85' lang='lat' dir='ltr'><strong>Sync.</strong></span> <span class='ocrx_word' id='word_1_400' title='bbox 2715 4950 2770 5001; x_wconf 76' lang='grc' dir='ltr'>ρ.</span> <span class='ocrx_word' id='word_1_401' title='bbox 2803 4935 2930 5001; x_wconf 77' lang='grc'><strong>555,</strong></span> <span class='ocrx_word' id='word_1_402' title='bbox 2967 4934 3028 4991; x_wconf 82' lang='lat' dir='ltr'><strong>C.</strong></span> 
     </span>
    </p>
   </div>
   <div class='ocr_carea' id='block_1_55' title="bbox 517 5026 3684 5103">
    <p class='ocr_par' dir='ltr' id='par_1_55' title="bbox 517 5026 3684 5103">
     <span class='ocr_line' id='line_1_55' title="bbox 517 5026 3684 5103; baseline -0 -20"><span class='ocrx_word' id='word_1_403' title='bbox 517 5031 548 5083; x_wconf 90' lang='lat' dir='ltr'><strong>b</strong></span> <span class='ocrx_word' id='word_1_404' title='bbox 565 5029 901 5101; x_wconf 80' lang='grc' dir='ltr'><strong>Καισαρείας</strong></span> <span class='ocrx_word' id='word_1_405' title='bbox 933 5032 992 5084; x_wconf 82' lang='grc' dir='ltr'>ὲν</span> <span class='ocrx_word' id='word_1_406' title='bbox 1031 5029 1362 5103; x_wconf 78' lang='grc' dir='ltr'><strong>Παλαιστίνῃ</strong></span> <span class='ocrx_word' id='word_1_407' title='bbox 1400 5030 1691 5102; x_wconf 81' lang='grc' dir='ltr'><strong>καθηγεῖτο</strong></span> <span class='ocrx_word' id='word_1_408' title='bbox 1726 5028 2010 5096; x_wconf 79' lang='grc' dir='ltr'><strong>Θεόφιλος·</strong></span> <span class='ocrx_word' id='word_1_409' title='bbox 2187 5045 2215 5082; x_wconf 83' lang='lat' dir='ltr'><strong>e</strong></span> <span class='ocrx_word' id='word_1_410' title='bbox 2235 5028 2505 5100; x_wconf 82' lang='grc' dir='ltr'><strong>Λεωνίδης</strong></span> <span class='ocrx_word' id='word_1_411' title='bbox 2528 5027 2830 5100; x_wconf 81' lang='grc' dir='ltr'>Ὠριγένους</span> <span class='ocrx_word' id='word_1_412' title='bbox 2858 5028 3038 5099; x_wconf 79' lang='grc' dir='ltr'>πατὴρ</span> <span class='ocrx_word' id='word_1_413' title='bbox 3060 5026 3684 5100; x_wconf 80' lang='grc' dir='ltr'>ὲμαρτύρησε,διωγμοῦ</span> 
     </span>
    </p>
   </div>
   <div class='ocr_carea' id='block_1_56' title="bbox 444 5119 3495 5196">
    <p class='ocr_par' dir='ltr' id='par_1_56' title="bbox 444 5119 3495 5196">
     <span class='ocr_line' id='line_1_56' title="bbox 444 5119 3495 5196; baseline -0 -19"><span class='ocrx_word' id='word_1_414' title='bbox 444 5125 540 5178; x_wconf 76' lang='grc' dir='ltr'>καὶ</span> <span class='ocrx_word' id='word_1_415' title='bbox 567 5123 876 5196; x_wconf 84' lang='grc' dir='ltr'><strong>Νάρκισσος</strong></span> <span class='ocrx_word' id='word_1_416' title='bbox 912 5122 1012 5194; x_wconf 81' lang='grc' dir='ltr'>τῆς</span> <span class='ocrx_word' id='word_1_417' title='bbox 1043 5125 1102 5177; x_wconf 84' lang='grc' dir='ltr'>ὲν</span> <span class='ocrx_word' id='word_1_418' title='bbox 1140 5123 1530 5195; x_wconf 85' lang='grc' dir='ltr'>Ἰεροσολύμοις</span> <span class='ocrx_word' id='word_1_419' title='bbox 1565 5121 1889 5192; x_wconf 86' lang='grc' dir='ltr'>Ἐκκλησίας</span> <span class='ocrx_word' id='word_1_420' title='bbox 1915 5121 2014 5192; x_wconf 80' lang='grc' dir='ltr'>τὴν</span> <span class='ocrx_word' id='word_1_421' title='bbox 2118 5120 2398 5189; x_wconf 80' lang='grc' dir='ltr'>γεγονότος</span> <span class='ocrx_word' id='word_1_422' title='bbox 2426 5124 2483 5174; x_wconf 82' lang='grc' dir='ltr'>ὲν</span> <span class='ocrx_word' id='word_1_423' title='bbox 2519 5120 2911 5192; x_wconf 79' lang='grc' dir='ltr'>’Δλεξανδρείᾳ.</span> <span class='ocrx_word' id='word_1_424' title='bbox 2944 5119 3163 5186; x_wconf 78' lang='lat' dir='ltr'><strong>Ibidem,</strong></span> <span class='ocrx_word' id='word_1_425' title='bbox 3194 5137 3247 5189; x_wconf 88' lang='lat' dir='ltr'><strong>p.</strong></span> <span class='ocrx_word' id='word_1_426' title='bbox 3274 5121 3400 5184; x_wconf 75' lang='lat'><strong>555,</strong></span> <span class='ocrx_word' id='word_1_427' title='bbox 3433 5121 3495 5176; x_wconf 88' lang='grc' dir='ltr'><strong>Β.</strong></span> 
     </span>
    </p>
   </div>
   <div class='ocr_carea' id='block_1_57' title="bbox 442 5208 3682 5288">
    <p class='ocr_par' dir='ltr' id='par_1_57' title="bbox 442 5208 3682 5288">
     <span class='ocr_line' id='line_1_57' title="bbox 442 5208 3682 5288; baseline -0.002 -18"><span class='ocrx_word' id='word_1_428' title='bbox 442 5215 781 5288; x_wconf 88' lang='grc' dir='ltr'>λειτουργίαν</span> <span class='ocrx_word' id='word_1_429' title='bbox 811 5211 944 5286; x_wconf 72' lang='grc' dir='ltr'>εἷχε.</span> <span class='ocrx_word' id='word_1_430' title='bbox 971 5213 1232 5286; x_wconf 80' lang='grc' dir='ltr'><strong>Κορίνθου</strong></span> <span class='ocrx_word' id='word_1_431' title='bbox 1264 5215 1320 5268; x_wconf 81' lang='grc' dir='ltr'><strong>δὲ</strong></span> <span class='ocrx_word' id='word_1_432' title='bbox 1343 5215 1436 5286; x_wconf 83' lang='grc' dir='ltr'>τῆς</span> <span class='ocrx_word' id='word_1_433' title='bbox 1461 5213 1580 5267; x_wconf 77' lang='grc' dir='ltr'><strong>καθ’</strong></span> <span class='ocrx_word' id='word_1_434' title='bbox 1618 5214 1840 5267; x_wconf 80' lang='grc' dir='ltr'>Ἐλλάδα</span> <span class='ocrx_word' id='word_1_435' title='bbox 1870 5214 2014 5266; x_wconf 81' lang='grc' dir='ltr'><strong>Βάκ·</strong></span> <span class='ocrx_word' id='word_1_436' title='bbox 2191 5216 2211 5282; x_wconf 72' lang='grc'><strong>1</strong></span> <span class='ocrx_word' id='word_1_437' title='bbox 2257 5212 2562 5275; x_wconf 82' lang='grc' dir='ltr'>Μουσιανὺς</span> <span class='ocrx_word' id='word_1_438' title='bbox 2604 5208 3053 5281; x_wconf 75' lang='grc' dir='ltr'>ἐκκλησιαστικὺς</span> <span class='ocrx_word' id='word_1_439' title='bbox 3107 5211 3455 5282; x_wconf 85' lang='grc' dir='ltr'>συγγραφεὺς</span> <span class='ocrx_word' id='word_1_440' title='bbox 3515 5211 3682 5277; x_wconf 79' lang='grc' dir='ltr'>ἐγνω-</span> 
     </span>
    </p>
   </div>
   <div class='ocr_carea' id='block_1_58' title="bbox 441 5302 2580 5377">
    <p class='ocr_par' dir='ltr' id='par_1_58' title="bbox 441 5302 2580 5377">
     <span class='ocr_line' id='line_1_58' title="bbox 441 5302 2580 5377; baseline -0.001 -18"><span class='ocrx_word' id='word_1_441' title='bbox 441 5306 651 5377; x_wconf 82' lang='grc' dir='ltr'>χυλλος,</span> <span class='ocrx_word' id='word_1_442' title='bbox 688 5307 782 5361; x_wconf 77' lang='grc' dir='ltr'><strong>καὶ</strong></span> <span class='ocrx_word' id='word_1_443' title='bbox 815 5306 918 5377; x_wconf 85' lang='grc' dir='ltr'>τῆς</span> <span class='ocrx_word' id='word_1_444' title='bbox 946 5308 1004 5360; x_wconf 85' lang='grc' dir='ltr'>ὲν</span> <span class='ocrx_word' id='word_1_445' title='bbox 1055 5306 1264 5376; x_wconf 81' lang='grc' dir='ltr'>Ἐφέσῳ</span> <span class='ocrx_word' id='word_1_446' title='bbox 1305 5306 1593 5374; x_wconf 86' lang='grc' dir='ltr'>παροικίας</span> <span class='ocrx_word' id='word_1_447' title='bbox 1642 5305 2013 5377; x_wconf 82' lang='grc' dir='ltr'><strong>Πολυκράτης.</strong></span> <span class='ocrx_word' id='word_1_448' title='bbox 2121 5304 2316 5373; x_wconf 78' lang='grc' dir='ltr'>ρίζετο.</span> <span class='ocrx_word' id='word_1_449' title='bbox 2354 5302 2580 5357; x_wconf 82' lang='lat' dir='ltr'><strong>Ibidem.</strong></span> 
     </span>
    </p>
   </div>
   <div class='ocr_carea' id='block_1_59' title="bbox 444 5394 2080 5468">
    <p class='ocr_par' dir='ltr' id='par_1_59' title="bbox 444 5395 1238 5462">
     <span class='ocr_line' id='line_1_59' title="bbox 444 5395 1238 5462; baseline 0 -12"><span class='ocrx_word' id='word_1_450' title='bbox 444 5395 702 5451; x_wconf 77' lang='lat' dir='ltr'><strong>Eusebius</strong></span> <span class='ocrx_word' id='word_1_451' title='bbox 727 5396 869 5453; x_wconf 80' lang='lat' dir='ltr'><strong>Hist.</strong></span> <span class='ocrx_word' id='word_1_452' title='bbox 894 5397 1020 5452; x_wconf 83' lang='lat' dir='ltr'><strong>eccl.</strong></span> <span class='ocrx_word' id='word_1_453' title='bbox 1051 5397 1114 5462; x_wconf 87' lang='lat' dir='ltr'><strong>V,</strong></span> <span class='ocrx_word' id='word_1_454' title='bbox 1148 5397 1238 5451; x_wconf 82' lang='lat'><strong>22.</strong></span> 
     </span>
    </p>
   </div>
   <div class='ocr_carea' id='block_1_60' title="bbox 2044 5394 3680 5468">
    <p class='ocr_par' dir='ltr' id='par_1_60' title="bbox 2186 5394 3680 5468">
     <span class='ocr_line' id='line_1_60' title="bbox 2186 5394 3680 5468; baseline 0 -19"><span class='ocrx_word' id='word_1_455' title='bbox 2186 5415 2217 5468; x_wconf 88' lang='lat' dir='ltr'><strong><em>g</em></strong></span> <span class='ocrx_word' id='word_1_456' title='bbox 2235 5398 2373 5468; x_wconf 80' lang='grc' dir='ltr'>Σευῆ</span> <span class='ocrx_word' id='word_1_457' title='bbox 2383 5413 2470 5466; x_wconf 87' lang='grc' dir='ltr'><strong>ρος</strong></span> <span class='ocrx_word' id='word_1_458' title='bbox 2494 5397 2572 5459; x_wconf 83' lang='grc' dir='ltr'>εἰς</span> <span class='ocrx_word' id='word_1_459' title='bbox 2586 5394 2802 5466; x_wconf 84' lang='grc' dir='ltr'>Ῥώμην</span> <span class='ocrx_word' id='word_1_460' title='bbox 2819 5394 2986 5447; x_wconf 78' lang='grc' dir='ltr'>ἐλθὼν</span> <span class='ocrx_word' id='word_1_461' title='bbox 3019 5394 3255 5448; x_wconf 77' lang='grc' dir='ltr'>’Δλϐἷνον</span> <span class='ocrx_word' id='word_1_462' title='bbox 3276 5395 3680 5465; x_wconf 73' lang='grc' dir='ltr'><strong>τυραννήσαντα</strong></span> 
     </span>
    </p>
   </div>
   <div class='ocr_carea' id='block_1_61' title="bbox 516 5483 3556 5562">
    <p class='ocr_par' dir='ltr' id='par_1_61' title="bbox 516 5483 3556 5562">
     <span class='ocr_line' id='line_1_61' title="bbox 516 5483 3556 5562; baseline -0.001 -20"><span class='ocrx_word' id='word_1_463' title='bbox 516 5505 543 5542; x_wconf 91' lang='lat' dir='ltr'><strong>c</strong></span> <span class='ocrx_word' id='word_1_464' title='bbox 569 5491 807 5562; x_wconf 83' lang='grc' dir='ltr'>Σευῆρος</span> <span class='ocrx_word' id='word_1_465' title='bbox 843 5489 1190 5560; x_wconf 70' lang='grc' dir='ltr'>Ἀδιαϐηνοὺς</span> <span class='ocrx_word' id='word_1_466' title='bbox 1225 5491 1318 5542; x_wconf 78' lang='grc' dir='ltr'>καὶ</span> <span class='ocrx_word' id='word_1_467' title='bbox 1347 5489 1590 5560; x_wconf 74' lang='grc' dir='ltr'>Ἄραϐας</span> <span class='ocrx_word' id='word_1_468' title='bbox 1621 5489 2014 5558; x_wconf 68' lang='grc' dir='ltr'>συμμαχήσανη</span> <span class='ocrx_word' id='word_1_469' title='bbox 2119 5489 2258 5541; x_wconf 81' lang='grc' dir='ltr'>κατὰ</span> <span class='ocrx_word' id='word_1_470' title='bbox 2285 5487 2628 5554; x_wconf 85' lang='grc' dir='ltr'>Λουγδούνων</span> <span class='ocrx_word' id='word_1_471' title='bbox 2659 5487 2810 5539; x_wconf 84' lang='grc' dir='ltr'>πόλιν</span> <span class='ocrx_word' id='word_1_472' title='bbox 2832 5486 3031 5540; x_wconf 84' lang='grc' dir='ltr'>ἀνεῖλε.</span> <span class='ocrx_word' id='word_1_473' title='bbox 3057 5485 3230 5546; x_wconf 84' lang='lat' dir='ltr'><strong>Idem,</strong></span> <span class='ocrx_word' id='word_1_474' title='bbox 3259 5503 3310 5553; x_wconf 81' lang='grc' dir='ltr'>ρ.</span> <span class='ocrx_word' id='word_1_475' title='bbox 3341 5485 3466 5549; x_wconf 80' lang='grc'><strong>556,</strong></span> <span class='ocrx_word' id='word_1_476' title='bbox 3495 5483 3556 5539; x_wconf 88' lang='lat' dir='ltr'><strong>B.</strong></span> 
     </span>
    </p>
   </div>
   <div class='ocr_carea' id='block_1_62' title="bbox 444 5575 3679 5652">
    <p class='ocr_par' dir='ltr' id='par_1_62' title="bbox 444 5575 3679 5652">
     <span class='ocr_line' id='line_1_62' title="bbox 444 5575 3679 5652; baseline -0.002 -20"><span class='ocrx_word' id='word_1_477' title='bbox 444 5596 543 5644; x_wconf 83' lang='grc' dir='ltr'><strong>τας</strong></span> <span class='ocrx_word' id='word_1_478' title='bbox 578 5582 658 5651; x_wconf 86' lang='grc' dir='ltr'>τῷ</span> <span class='ocrx_word' id='word_1_479' title='bbox 687 5583 883 5652; x_wconf 78' lang='grc' dir='ltr'>Νίγερι</span> <span class='ocrx_word' id='word_1_480' title='bbox 910 5581 1304 5646; x_wconf 85' lang='grc' dir='ltr'>καθυπέταξεν.</span> <span class='ocrx_word' id='word_1_481' title='bbox 1339 5581 1497 5651; x_wconf 82' lang='lat' dir='ltr'><strong>Sync.</strong></span> <span class='ocrx_word' id='word_1_482' title='bbox 1531 5597 1586 5646; x_wconf 88' lang='lat' dir='ltr'><strong>p.</strong></span> <span class='ocrx_word' id='word_1_483' title='bbox 1616 5580 1738 5646; x_wconf 79' lang='grc'><strong>556,</strong></span> <span class='ocrx_word' id='word_1_484' title='bbox 1771 5580 1835 5632; x_wconf 81' lang='grc' dir='ltr'><strong>Α.</strong></span> <span class='ocrx_word' id='word_1_485' title='bbox 2190 5579 2223 5632; x_wconf 87' lang='lat' dir='ltr'><strong><em>h</em></strong></span> <span class='ocrx_word' id='word_1_486' title='bbox 2258 5579 2491 5649; x_wconf 78' lang='grc' dir='ltr'>Σευῆρος</span> <span class='ocrx_word' id='word_1_487' title='bbox 2518 5579 2598 5640; x_wconf 81' lang='grc' dir='ltr'>εἰς</span> <span class='ocrx_word' id='word_1_488' title='bbox 2630 5576 2957 5648; x_wconf 85' lang='grc' dir='ltr'>Βρεττανίαν</span> <span class='ocrx_word' id='word_1_489' title='bbox 2983 5575 3154 5629; x_wconf 75' lang='grc' dir='ltr'>ἐλθὼν</span> <span class='ocrx_word' id='word_1_490' title='bbox 3187 5576 3427 5647; x_wconf 82' lang='grc' dir='ltr'>τελευτᾷ.</span> <span class='ocrx_word' id='word_1_491' title='bbox 3456 5575 3679 5630; x_wconf 84' lang='lat' dir='ltr'><strong>Ibidem.</strong></span> 
     </span>
    </p>
   </div>
   <div class='ocr_carea' id='block_1_63' title="bbox 509 5693 3677 5824">
    <p class='ocr_par' dir='ltr' id='par_1_63' title="bbox 509 5693 3677 5824">
     <span class='ocr_line' id='line_1_63' title="bbox 509 5693 3677 5824; baseline -0.003 -70"><span class='ocrx_word' id='word_1_492' title='bbox 509 5697 596 5820; x_wconf 74' lang='grc' dir='ltr'><strong>ι(1)</strong></span> <span class='ocrx_word' id='word_1_493' title='bbox 635 5699 929 5824; x_wconf 43' lang='grc' dir='ltr'><strong>ῧιθχοὲἓῖἰ</strong></span> <span class='ocrx_word' id='word_1_494' title='bbox 956 5703 1215 5774; x_wconf 83' lang='lat' dir='ltr'><strong>martyris</strong></span> <span class='ocrx_word' id='word_1_495' title='bbox 1242 5702 1344 5758; x_wconf 89' lang='lat' dir='ltr'><strong>sub</strong></span> <span class='ocrx_word' id='word_1_496' title='bbox 1383 5701 1660 5756; x_wconf 86' lang='lat' dir='ltr'><strong>Antonino</strong></span> <span class='ocrx_word' id='word_1_497' title='bbox 1693 5700 1823 5769; x_wconf 89' lang='lat' dir='ltr'><strong>imp.</strong></span> <span class='ocrx_word' id='word_1_498' title='bbox 1862 5708 2037 5755; x_wconf 79' lang='lat' dir='ltr'><strong>exstat</strong></span> <span class='ocrx_word' id='word_1_499' title='bbox 2065 5697 2278 5769; x_wconf 87' lang='lat' dir='ltr'><strong>insigne</strong></span> <span class='ocrx_word' id='word_1_500' title='bbox 2315 5698 2652 5768; x_wconf 80' lang='lat' dir='ltr'><strong>epitaphium</strong></span> <span class='ocrx_word' id='word_1_501' title='bbox 2680 5697 2734 5752; x_wconf 87' lang='lat' dir='ltr'><strong>in</strong></span> <span class='ocrx_word' id='word_1_502' title='bbox 2766 5695 3084 5751; x_wconf 81' lang='lat' dir='ltr'><strong>collectione</strong></span> <span class='ocrx_word' id='word_1_503' title='bbox 3119 5710 3148 5748; x_wconf 88' lang='lat' dir='ltr'><strong>a</strong></span> <span class='ocrx_word' id='word_1_504' title='bbox 3189 5710 3274 5751; x_wconf 88' lang='lat' dir='ltr'><strong>me</strong></span> <span class='ocrx_word' id='word_1_505' title='bbox 3305 5695 3446 5751; x_wconf 87' lang='lat' dir='ltr'><strong>edita</strong></span> <span class='ocrx_word' id='word_1_506' title='bbox 3481 5693 3677 5762; x_wconf 80' lang='lat' dir='ltr'><strong>Script.</strong></span> 
     </span>
     <span class='ocr_line' id='line_1_64' title="bbox 533 5778 932 5824; baseline 0.005 -2"><span class='ocrx_word' id='word_1_507' title='bbox 533 5807 542 5822; x_wconf 87' lang='lat'><strong>.</strong></span> <span class='ocrx_word' id='word_1_508' title='bbox 572 5778 609 5822; x_wconf 85' lang='grc'><strong>1..</strong></span> <span class='ocrx_word' id='word_1_509' title='bbox 689 5811 702 5824; x_wconf 88' lang='grc'>.</span> <span class='ocrx_word' id='word_1_510' title='bbox 731 5785 782 5824; x_wconf 85' lang='lat' dir='ltr'><strong>n.</strong></span> <span class='ocrx_word' id='word_1_511' title='bbox 921 5812 932 5824; x_wconf 94' lang='lat'><strong>.</strong></span> 
     </span>
    </p>
   </div>
   <div class='ocr_carea' id='block_1_64' title="bbox 445 5778 932 5837">
    <p class='ocr_par' dir='ltr' id='par_1_64' title="bbox 445 5778 932 5837">
     <span class='ocr_line' id='line_1_65' title="bbox 445 5778 932 5837; baseline 0.004 -14"><span class='ocrx_word' id='word_1_512' title='bbox 445 5778 542 5823; x_wconf 67' lang='grc' dir='ltr'>ιρι.</span> <span class='ocrx_word' id='word_1_513' title='bbox 572 5778 609 5822; x_wconf 89' lang='grc' dir='ltr'><strong>ι.</strong></span> <span class='ocrx_word' id='word_1_514' title='bbox 642 5778 702 5836; x_wconf 84' lang='lat' dir='ltr'><strong>v,</strong></span> <span class='ocrx_word' id='word_1_515' title='bbox 730 5785 782 5837; x_wconf 82' lang='grc' dir='ltr'><strong>[ι.</strong></span> <span class='ocrx_word' id='word_1_516' title='bbox 808 5778 932 5825; x_wconf 74' lang='grc'><strong>561.</strong></span> 
     </span>
    </p>
   </div>
  </div>
