4142 6400
431 371 539 427 575
1715 370 2217 433 CHRONICORUM
2257 370 2388 429 LIB.
2422 369 2492 432 ll.
3580 367 3689 430 574

1661 627 1856 668 ouup.
1906 628 2166 668 cnmsrus
2254 627 2384 667 non.
2776 609 2784 616 '

2223 750 2434 822 Philip-

2301 838 2404 893 pus

1660 925 1878 938 ””’”’“
1944 924 2150 1019 325—
2225 922 2434 1015 "—2"

498 1297 876 1371 Regnantibus
914 1300 1181 1374 Philippis
1214 1303 1538 1361 millesimus
1573 1296 1833 1358 Romanae
1887 1305 2040 1360 urbis
2069 1305 2318 1375 expletus
2363 1311 2447 1359 est
2492 1318 2708 1358 annus:
2749 1303 2820 1358 ob
2865 1319 3029 1374 quam
3072 1302 3474 1358 solemnitatem
3521 1301 3694 1358 innu‘

427 1392 720 1455 merabiles
750 1395 938 1452 bestia:
977 1397 1032 1451 in
1071 1395 1221 1450 circo
1254 1412 1452 1468 magno
1479 1397 1778 1454 interfectae
1815 1418 1828 1454 :
1861 1398 2082 1468 ludique
2128 1399 2184 1453 in
2227 1411 2421 1469 campo
2462 1395 2656 1450 Martio
2691 1396 2989 1453 theatrales
3023 1395 3201 1452 tribus
3233 1394 3429 1452 diebus
3463 1409 3530 1449 ac
3561 1409 3673 1451 no-

425 1485 608 1540 ctibus
633 1488 832 1556 populo
859 1491 1216 1561 pervigilante
1247 1490 1529 1546 celebrati.

495 1577 790 1658 Thea."“m
821 1581 1066 1655 PomPeii
1095 1585 1402 1651 incensum,
1435 1595 1488 1640 et
1517 1584 1619 1642 Hea
1970 1587 2082 1643 250
2328 1588 2364 1643 4
2496 1657 2533 1658 7
2565 1587 2846 1658 Philippus
2873 1589 3059 1658 urbem
3101 1582 3480 1656 cognominem
3515 1582 3598 1638 sui
3626 1582 3683 1640 in

423 1652 751 1722 catostylon.
957 1652 973 1655 ’

2493 1652 2725 1712 Thracia
2746 1652 3079 1712 construxit.

617 1725 620 1729 ί
1972 1731 2069 1789 251
2329 1729 2363 1785 5
2562 1747 2594 1782 ιι
2630 1728 3011 1782 Alexandrinae
3060 1725 3316 1780 Ecclesia:
3365 1721 3560 1778 tertius
3587 1722 3683 1776 de-

1973 1801 2080 1858 252
2327 1799 2360 1852 6
2489 1799 2665 1853 cimus
2688 1799 3058 1867 episcopatum
3083 1795 3255 1867 ten_uit
3278 1793 3568 1867 Dionysius
3591 1809 3684 1867 an:

2488 1871 2576 1924 nis
2621 1863 2774 1922 χνιῐι.
2820 1863 2920 1922 Hic
2949 1874 3129 1920 autem
3157 1863 3449 1935 Dionysius
3487 1863 3572 1935 vir
3595 1863 3682 1935 sui

2488 1939 2750 2008 temporis
2772 1937 3255 2008 eloquentissimus
3276 1933 3487 1991 summa
3508 1933 3684 2006 gloria

2487 2007 2692 2067 ﬂoruit.

425 2232 437 2244 _
494 2161 536 2243 ι,
571 2161 854 2244 Philippus
909 2164 1095 2220 senior
1136 2165 1386 2233 Veronae,
1443 2165 1630 2222 Romae
1699 2173 1842 2244 258
1983 2167 2091 2222 255
2343 2165 2376 2218 7

419 2236 607 2302 iunior
634 2236 926 2290 occiditur.

490 2303 524 2354 d
545 2302 741 2358 Decius
767 2321 797 2360 e
824 2304 1104 2360 Pannonia
1126 2305 1481 2366 inferioribus
1508 2306 1627 2361 Dal-

419 2375 602 2428 matiis
653 2387 816 2447 natus
865 2375 995 2440 fuit;
1040 2376 1132 2447 qui
1165 2392 1296 2447 cum
1348 2375 1627 2447 Philippos
1910 2395 1938 2432 ε
1975 2375 2138 2431 XXV.
2166 2373 2418 2431 DECIUS
2450 2389 2594 2429 anno
2628 2390 2667 2439 ι,
2701 2373 2984 2430 mensibus
3027 2388 3112 2428 ιιι.

419 2451 627 2511 patrem
652 2452 707 2498 et
732 2444 899 2498 [ilium
927 2444 1314 2507 interfecisset,
1338 2447 1407 2500 ob
1437 2444 1621 2501 odium

419 2527 630 2576 eorum,
695 2517 1128 2586 persecutionem
1180 2513 1235 2571 ih
1298 2516 1639 2573 Christianos
1987 2517 2095 2572 254
2343 2517 2370 2572 I
2553 2515 2738 2570 Romae
2758 2515 3213 2585 amphitheatrum
3243 2515 3548 2569 incensum.

419 2590 637 2656 movet,
658 2584 766 2654 qua
786 2585 1051 2642 diaconus
1081 2584 1408 2644 Laurentius
1434 2589 1623 2644 Romae
2530 2585 2801 2642 Jubelaeus
2826 2584 2983 2656 juxta
3013 2586 3251 2656 majores
3285 2591 3525 2641 nostros.

418 2655 738 2717 martyrium
770 2656 943 2712 duxit.

1654 2773 1952 2830 SEPTIMA
1988 2770 2446 2832 PERSECUTIO.

487 2925 767 2990 Antonius,
789 2930 1093 2991 monachus
1131 2931 1187 2985 in
1223 2930 1463 3005 Egypto
1501 2931 1770 2987 nascitur.

485 3036 515 3073 e
545 3019 805 3076 Romanae
833 3021 1092 3082 Ecclesiae
1110 3027 1486 3097 episcopatum
1526 3037 1651 3098 post
1695 3024 1918 3081 Fabiani
1951 3023 2243 3096 gloriosam
2292 3030 2524 3082 mortem
2562 3020 2860 3078 vicesimus
2906 3017 3139 3089 suscipit
3170 3016 3480 3081 Cornelius,
3511 3032 3677 3088 quem

416 3109 594 3165 tenuit
621 3112 781 3168 annis
827 3114 1024 3184 tribus,
1054 3118 1248 3174 diebus
1303 3120 1500 3188 tribus,
1536 3119 1631 3190 qui
1674 3127 1728 3172 et
1763 3119 1880 3189 ipse
1924 3118 2190 3190 martyrio
2237 3124 2536 3174 coronatus
2581 3122 2688 3173 est.
2720 3113 2954 3170 Exstant
3012 3111 3082 3167 ad
3114 3125 3239 3167 eum
3270 3110 3524 3182 Cypriani
3549 3119 3678 3164 octo

415 3202 678 3271 epistolae.

485 3300 507 3367 Ι
531 3298 838 3372 Cyprianus
871 3302 1110 3372 primum
1138 3302 1346 3372 rhetor,
1387 3302 1582 3359 deinde
1607 3303 1914 3374 presbyter,
1947 3302 2017 3358 ad
2041 3310 2348 3358 extremum
2391 3300 2869 3371 Carthaginiensis
2898 3299 3190 3370 episcopus
3215 3296 3484 3374 martyrio
3515 3310 3673 3366 coro-

415 3401 602 3450 natur.

481 3485 750 3546 Pestilens
781 3491 1006 3547 morbus
1045 3491 1247 3545 multas
1279 3490 1447 3547 totius
1489 3491 1642 3547 orbis
1672 3490 1986 3563 provincias
2023 3489 2332 3560 occupavit,
2368 3490 2716 3563 maximeque
2755 3485 3144 3545 Alexandriam
3177 3490 3233 3539 et
3259 3481 3580 3553 Egyptum,
3611 3487 3672 3535 ut

414 3581 607 3639 scribit
639 3581 954 3656 Dionysius,
981 3592 1036 3641 et
1061 3585 1318 3657 Cypriani
1338 3587 1415 3642 De
1446 3588 1777 3644 mortalitate
1811 3588 1966 3643 testis
1991 3595 2077 3642 est
2111 3587 2268 3642 liber.

478 3689 510 3742 g
538 3674 852 3731 Alexandro
887 3677 1390 3751 Hierosolymorum
1434 3679 1694 3750 episcopo
1750 3679 1894 3750 apud
1935 3680 2243 3735 Caesaream
2275 3677 2581 3735 Palaestina:
2626 3677 2697 3734 ob
2749 3674 3070 3746 martyrium
3120 3669 3429 3736 interfecto,
3462 3675 3518 3725 et
3559 3667 3670 3728 An-

412 3767 629 3830 tiochia;
659 3770 883 3844 Babyla,
912 3772 1244 3835 Mazabanus
1272 3782 1326 3829 et
1359 3773 1559 3831 Fabius
1590 3775 1832 3846 episcopi
1855 3777 2282 3832 constituuntur.

513 3861 768 3938 hDecius
802 3880 951 3938 cum
1002 3865 1114 3920 lilio
1159 3866 1216 3920 in
1267 3866 1458 3922 Abrito
1515 3866 1613 3938 [aL

413 3931 672 4012 Aorutiol
699 3935 994 4003 occiditur.
1515 3927 1530 3938 '
2018 3938 2040 3992 ί
2075 3936 2267 4012 Χιινι,
2295 3935 2590 4012 GALLps,
2622 3944 2676 3992 et
2705 3929 3174 4000 VOLUSIANUS,
3206 3927 3348 3985 Galli
3377 3928 3546 3994 ﬁlius,
3571 3942 3655 3982 an-

2106 4009 2193 4064 nis
2219 4023 2280 4074 ιι,
2313 4008 2598 4063 mensibus
2627 4023 2701 4061 ιν.

1967 4099 2073 4155 255
2321 4100 2347 4153 1
2532 4098 2563 4153 Ιι
2588 4096 2853 4170 Origenes
2882 4095 3137 4152 moritur.

486 4251 793 4314 (Romanae
823 4253 1078 4315 Ecclesia:
1133 4259 1506 4329 episcopatum
1548 4267 1697 4318 tenet
1725 4262 2020 4324 vicesimus
2060 4263 2272 4338 primus
2309 4260 2514 4318 Lucius
2563 4258 2724 4314 annis
2759 4258 2959 4324 tribus,
3009 4255 3294 4311 mensibus
3337 4254 3513 4309 tribus
3565 4253 3662 4325 [aL

411 4339 615 4397 Lucius
638 4343 920 4398 mensibus
967 4344 1138 4418 octo].
1168 4345 1300 4403 Post
1326 4363 1489 4419 quem
1535 4349 1832 4411 vicesimus
1861 4351 2139 4408 secundus
2174 4351 2486 4424 Stephanus
2515 4348 2676 4407 annis
2705 4356 2960 4420 quatuor.
2993 4347 3226 4403 Exstant
3253 4344 3322 4400 ad
3373 4354 3666 4418 utrumque

408 4438 668 4510 Cypriani
698 4440 964 4512 epistolae.

478 4611 512 4647 ιι
558 4593 958 4666 Ἀλεξανδρείας
986 4595 1098 4668 (ιγ’)
1141 4597 1442 4665 ἐπίσκοπος
1478 4601 1770 4667 Διονύσιος.
1823 4603 1981 4675 Sync.
2119 4605 2147 4674 f
2163 4603 2475 4677 Κυπριανὸς
2489 4602 2805 4675 διαπρέπων
2826 4601 3006 4674 ἔργοις
3023 4599 3118 4655 καὶ
3132 4598 3311 4670 λόγοις
3333 4598 3660 4662 θεοσεϐείας,

406 4701 459 4755 p.
491 4686 618 4751 565,
643 4686 707 4742 C.
2083 4697 2112 4759 ὁ
2146 4695 2317 4768 μέγας
2353 4694 2714 4768 Καρθαγένης
2757 4693 3074 4755 ἐπίσκοπος,
3119 4689 3197 4762 τῷ
3228 4689 3370 4763 ὑπὲρ
3421 4690 3660 4762 Χριστοῦ

477 4779 508 4832 b.
561 4779 827 4844 Φίλιππος
873 4780 1111 4854 ἀνῃρέθη
1165 4782 1283 4854 ἃμα
1329 4783 1408 4855 τῷ
1455 4783 1571 4856 υἱῷ.
1618 4783 1882 4842 Cedrenus
1925 4801 1979 4854 p.
2085 4799 2113 4853 μ

1631 4783 1882 4842 Cedrenus
1925 4801 1979 4854 p.
2085 4783 2375 4854 μαρτυρίιρ
2397 4781 2720 4837 τελειοῦται.
2754 4781 2928 4846 Idem,
2961 4795 3014 4849 ρ.
3044 4779 3170 4846 565,
3201 4779 3267 4836 Α.

405 4871 532 4937 257,
569 4869 633 4926 C.
2150 4889 2184 4944 g
2225 4873 2552 4943 Ἀντιοχείας
2584 4872 2652 4925 ιϐ’
2688 4871 2988 4935 ἐπίσκοπος
3014 4869 3288 4935 Βαϐυλᾶς,
3338 4865 3495 4942 (εἷτα)
3521 4871 3660 4925 Φλα-

474 4979 502 5018 c
528 4963 816 5034 Ῥωμαίων
833 4964 952 5036 (κε’)
982 4965 1296 5022 ἐϐασίλευσε
1320 4969 1507 5033 Δέκιος
1547 4967 1665 5033 ετος
1685 4965 1753 5022 α’.
1780 4967 1975 5024 Chron.
2083 4964 2110 5017 6

2083 4964 2288 5029 ϐιανός.
2335 4964 2562 5032 Ibidem,
2593 4972 2648 5021 et
2673 4965 2797 5029 585,
2832 4963 2896 5019 C.
2939 4961 3322 5036 Ἱεροσολύμων
3361 4963 3659 5029 ἐπίσκοπος

405 5055 581 5122 pascit.
612 5073 665 5125 ρ.
697 5055 823 5125 271,
854 5059 919 5121 Α,

2079 5054 2435 5129 Μαζαϐἁνης.
2463 5055 2687 5125 Ibidem,
2708 5066 2756 5110 et
2784 5072 2837 5125 p.
2873 5054 2999 5121 585,
3031 5053 3092 5110 C.

471 5146 506 5198 ά
543 5148 730 5212 Δέκιος
756 5150 1018 5204 Φίλιππον
1044 5150 1249 5204 ἀνεῖλεν
1274 5151 1390 5222 ἅμα
1429 5154 1538 5216 τοῖς
1563 5154 1740 5219 παισὶ,
1772 5154 1863 5208 καὶ
1893 5154 1980 5208 διὰ
2149 5149 2183 5202 Ιι
2212 5149 2399 5214 Δέκιος
2425 5149 2639 5218 ἐσφάγη
2671 5147 2809 5219 μετὰ
2839 5147 2934 5201 τοῦ
2959 5146 3075 5202 υἱοῦ
3105 5146 3270 5206 αὐτοῦ
3291 5149 3350 5201 ὲν
3390 5145 3652 5218 Ἀδύρτῳ.

403 5239 462 5292 τὺ
508 5240 644 5311 πρὸς
674 5242 936 5297 Φίλιππον
985 5242 1160 5313 ἔχθος,
1207 5245 1403 5317 πικρὸν
1441 5247 1628 5322 ἤγειρε
1660 5246 1802 5304 κατὰ
1845 5247 1980 5316 Χρι-

1212 5245 1403 5317 πικρὸν
1441 5247 1628 5322 ἤγειρε
1660 5246 1802 5304 κατὰ
1845 5247 1980 5316 Χρι-
2080 5239 2274 5297 Chron.
2315 5241 2497 5311 pascit.
2532 5256 2584 5309 p.
2618 5240 2746 5305 272,
2780 5237 2848 5294 Α.

404 5331 633 5385 στιανῶν
675 5333 934 5405 διωγμὸν,
977 5338 1033 5390 ὲν
1065 5331 1109 5405 ᾧ
1143 5337 1407 5402 Φαϐιανὸς
1435 5339 1529 5392 ἐπὶ
1566 5339 1664 5410 τῆς
1708 5337 1922 5410 Ῥώμης
1948 5338 1978 5390 ὁ
2145 5335 2166 5387 ἱ
2206 5333 2490 5403 Ῥωμαίων
2509 5329 2600 5397 κς¹
2637 5331 2953 5386 ἐϐασίλευσε
2986 5330 3186 5396 Γάλλος
3212 5330 3305 5385 καὶ⁵
3339 5327 3658 5383 Βολλουσια-

403 5422 604 5491 ταύτης
634 5426 929 5492 ἐπίσκοπος
953 5428 1043 5483 τὸν
1085 5430 1416 5502 μαρτυρικὸν
1446 5431 1742 5503 ἀνεδήσατο
1780 5431 1978 5500 στέφα-
2076 5425 2166 5488 νὸς
2195 5423 2312 5486 ἔτος
2344 5423 2422 5487 ἓν,
2455 5423 2628 5494 μῆνας
2647 5420 2708 5475 δ’.
2737 5419 2791 5474 Ν
2795 5422 2959 5492 ἱεερίι.
2993 5438 3046 5492 ρ.
3086 5422 3210 5486 401,
3236 5419 3300 5476 C.

402 5527 509 5574 νον,
545 5512 792 5579 Βαϐυλᾶς
851 5534 911 5569 τε
952 5519 1090 5579 κατὰ
1132 5518 1228 5598 τὴν
1269 5517 1590 5599 Ἀντιόχειαν
1639 5520 1972 5587 ἐπισκοπῶν,
2147 5517 2177 5572 It
2214 5515 2370 5570 Κατὰ
2399 5515 2488 5568 τὸν
2517 5513 2716 5568 Γάλλου
2757 5515 2948 5586 χρόνον
2979 5513 3127 5583 λέγει
3163 5511 3412 5566 τεθνάναι
3446 5511 3536 5564 τὸν
3569 5510 3654 5564 Ὦς

401 5603 494 5655 καὶ
537 5604 922 5679 Ἰεροσολύμων
969 5611 1331 5684 Ἀλέξανδρος.
1363 5611 1522 5681 Sync.
1549 5629 1603 5682 ρ.
1637 5613 1761 5680 565,
1785 5613 1855 5675 Α,
2080 5609 2297 5687 ριγένην
2323 5607 2599 5671 Εὐσέϐιος.
2631 5607 2789 5678 Sync.
2821 5623 2874 5676 ρ.
2907 5607 3033 5671 577,
3061 5606 3128 5661 Α.

467 5711 495 5748 ⁸
537 5694 754 5768 Ῥώμης
808 5702 1102 5767 ἐπίσκοπος
1131 5701 1222 5776 (κ’)
1262 5706 1558 5777 Κορνήλιος
1605 5706 1700 5777 ἔτη
1741 5703 1806 5774 γ’.
1861 5705 1970 5760 lbi-
2147 5703 2165 5755 ί
2205 5702 2488 5773 Ῥωμαίων
2516 5700 2643 5771 (κα’)
2692 5699 2986 5762 ἐπίσκοπος
3021 5700 3247 5766 Λούκιος
3290 5700 3385 5771 ἔτη
3427 5698 3492 5771 β’.
3521 5698 3648 5756 Στέ-

399 5782 535 5852 ιίεηι,
571 5786 635 5844 Β,

2075 5811 2241 5866 φανος
2267 5793 2361 5865 ἔτη
2394 5792 2456 5864 β’.
2500 5791 2674 5859 Idem,
2701 5809 2754 5862 p.
2786 5791 3057 5882 575³581.
