4142 6400
381 322 493 380 577
1618 331 2122 394 CHRONICORUM
2161 335 2292 399 LIB.
2311 337 2378 395 ll.
3535 347 3642 404 578

397 486 3618 528 ww

1627 593 1818 634 OLYIP.
1881 595 2142 638 ειιιιιετυε
2205 597 2342 638 anu.

2128 650 2451 712 Valerianus

2141 730 2421 850 Gallienus

1622 886 2393 906 ———-——-———-———

1939 956 2047 1012 270
2259 959 2328 1014 14
2505 958 2691 1016 Galliae
2720 975 2818 1030 per
2853 960 3215 1019 Posthumum
3244 969 3301 1020 et
3323 960 3628 1019 Victorium

2450 1039 2506 1086 et
2539 1030 2821 1086 Tetricum
2850 1041 3103 1104 receptae.

450 1126 485 1167 α
514 1108 716 1170 Paulus
737 1109 1128 1171 Samosatenus
1159 1127 1190 1167 a
1223 1123 1553 1170 cunctorum
1586 1115 1974 1187 praedicatione
2006 1119 2346 1187 desciscens,
2381 1121 2695 1177 Artemonis
2728 1122 2981 1178 haeresim
3018 1123 3330 1180 suscitavit.
3370 1121 3431 1177 In
3468 1121 3629 1192 cujus

368 1203 559 1260 Ioeum
589 1205 944 1261 Antiochenae
978 1203 1240 1259 Ecclesiae
1279 1213 1468 1259 sextus
1497 1205 1743 1262 decimus
1776 1208 2066 1265 ordinatur
2103 1210 2397 1282 episcopus
2432 1209 2698 1267 Domnus.
3125 1206 3135 1216 ’

448 1298 480 1348 b
513 1297 792 1355 Gallienus
819 1297 1107 1355 Mediolani
1137 1297 1433 1353 occiditur.
1946 1301 2044 1356 271
2265 1304 2336 1358 15

1773 1388 1802 1424 c
1828 1370 2068 1427 XXVIII.
2095 1371 2442 1429 CLAUDIUS
2471 1389 2617 1431 anno
2648 1391 2686 1442 ι,
2718 1374 3001 1431 mensibus
3029 1391 3106 1430 ιι.

1943 1512 2050 1567 272
2303 1515 2325 1568 l

442 1595 502 1652 In
533 1598 864 1654 Alexandria
901 1614 1011 1654 una
1047 1615 1200 1671 pars,
1233 1615 1354 1671 quae
1385 1602 1692 1672 appellatur
1723 1602 2063 1672 Bruchium,‘
2082 1619 2203 1675 quae
2230 1621 2326 1675 per
2350 1606 2552 1661 multos
2585 1619 2761 1660 annos
2791 1605 2970 1661 fuerat
2994 1605 3240 1670 obsessa,
3277 1604 3404 1675 quia
3442 1601 3624 1660 rebel-
3680 1596 3686 1599 ⁷

368 1692 542 1761 labat,
574 1693 794 1750 tandem
829 1693 1152 1751 destruitur.

443 1784 705 1841 Claudius
737 1783 965 1854 Gothos,
1010 1785 1284 1858 lllyricum
1332 1796 1387 1842 et
1423 1787 1800 1845 Macedoniam
1828 1797 2377 1862 vastantessuperat.
2420 1793 2503 1848 0b
2528 1809 2648 1865 qua:
2679 1794 2735 1849 in
2769 1793 2923 1850 curia
2957 1796 3179 1868 clypeus
3223 1794 3274 1851 ei
3313 1808 3536 1859 aureus,
3565 1801 3621 1849 et

367 1878 428 1932 in
455 1877 725 1948 Capitolio
749 1885 929 1934 statua
957 1893 1123 1934 aurea
1151 1879 1416 1935 collocata
1449 1887 1548 1936 est.

441 1967 488 2044 d_
509 1967 774 2023 Claudius
808 1966 996 2022 Sirmii
1033 1969 1286 2023 moritur.
1685 1973 1828 2045 263
1934 1969 2042 2026 275
2283 1972 2322 2026 2

1351 845 1382 868 ι

442 2130 740 2197 Quintilius
765 2130 982 2186 Claudii
1029 2131 1200 2188 frater
1237 2145 1268 2186 a
1296 2142 1491 2188 senatu
1522 2131 1802 2205 Augustus
1835 2133 2164 2205 appellatus,
2201 2134 2424 2216 decimo.
2454 2135 2688 2206 septimo
2718 2133 2820 2208 [αι.
2851 2152 2998 2193 nono
3023 2137 3259 2210 decimo]
3291 2138 3502 2208 imperii
3528 2137 3618 2195 die

369 2222 635 2294 Aquileia:
667 2223 959 2280 occiditur.

2050 2351 2077 2391 ε
2109 2334 2302 2392 XXIX.
2332 2334 2778 2392 AURELIANUS
2809 2337 2969 2394 annis
2999 2352 3054 2402 v,
3089 2338 3373 2396 mensibus
3397 2355 3472 2395 νι.

442 2430 791 2495 Aurelianus,
824 2429 1042 2484 Tetrico
1070 2427 1210 2499 apud
1223 2427 1582 2499 ‘Catalaunos

367 2503 638 2574 prodente
665 2494 969 2557 exercitum
997 2494 1181 2567 suum,
1209 2494 1412 2554 Gallias
1442 2513 1588 2553 rece-
1935 2494 2044 2551 274
2294 2497 2321 2550 1
2503 2495 2859 2574 Antiochena:
2887 2498 3147 2574 Ecclesiae
3175 2501 3440 2574 septimus
3466 2501 3618 2558 deci-

369 2569 473 2644 pit,
1937 2636 2039 2644 ῃ-.
2289 2635 2318 2644 _
2439 2582 2563 2623 mus
2599 2569 2883 2624 ordinatur
2919 2572 3210 2641 episcopus
3241 2569 3582 2628 Timotheus.

1935 2636 2042 2693 275
2287 2635 2324 2693 2

444 2758 474 2826 f
499 2755 736 2813 Zenobia
771 2757 914 2829 apud
947 2756 1146 2814 Immas
1173 2757 1316 2813 haud
1347 2759 1508 2829 longe
1538 2758 1606 2812 ab
1631 2756 1922 2812 Antiochia
1950 2744 2188 2812 vincitur
2222 2770 2397 2826 :quae,
2415 2756 2603 2812 occiso
2624 2754 2912 2812 Odenatho
2940 2759 3162 2823 marito,
3185 2756 3434 2815 Orientis
3463 2765 3616 2816 tene-

370 2851 468 2907 bat
490 2849 778 2920 imperium
808 2869 821 2905 :
854 2849 910 2904 in
940 2864 1045 2920 qua
1078 2865 1260 2922 pugna
1287 2850 1670 2906 strenuissime
1702 2850 1965 2905 adversus
1996 2864 2116 2905 eam
2151 2848 2432 2902 dimicavit
2459 2847 2828 2918 Pompeianus
2849 2849 2956 2903 dux
2982 2858 3343 2920 cognomento
3369 2849 3614 2906 Francus

373 2941 481 3014 [αι.
514 2941 804 3016 Staticus],
837 2943 997 3013 cujus
1030 2943 1237 2998 familia
1267 2944 1538 3016 hodieque
1561 2943 1705 3014 apud
1750 2943 2094 3000 Antiochiam
2125 2948 2460 3014 perseverat,
2503 2957 2568 2998 ex
2591 2943 2749 3013 cujus
2771 2942 3038 3014 Evagrius
3067 2944 3427 3001 charissimus
3453 2945 3615 3000 nobis

368 3035 659 3108 presbyter
693 3037 865 3108 stirpe
895 3036 1202 3094 descendit.

364 3229 389 3275 ι
439 3149 704 3206 Eusebius
747 3148 1099 3207 Laodicensis
1139 3149 1371 3222 insignis
1410 3149 1578 3207 habe-
1641 3128 1645 3135 ⁷
1680 3153 1825 3224 264
1926 3149 1998 3206 27

393 3237 479 3275 ur.

683 3165 704 3206 s
747 3148 1099 3207 Laodicensis
1139 3149 1371 3222 insignis
1410 3149 1578 3207 habe-
1641 3128 1645 3135 ⁷
1680 3153 1825 3224 264
1926 3149 2035 3206 276
2281 3152 2319 3208 ’ὅ

393 3237 479 3275 lll'.

438 3337 796 3393 Aurelianum
841 3335 1029 3393 Romae
1074 3337 1502 3409 triumphantem
1546 3336 1799 3394 Tetricus
1850 3345 1906 3394 et
1954 3337 2197 3394 Zenobia
2240 3345 2664 3408 praecesserunt.
2702 3335 2746 3389 E
2787 3335 2989 3406 quibus
3032 3335 3283 3393 Tetricus
3331 3311 3612 3393 corrector

363 3439 556 3502 postea
600 3431 860 3488 Lucaniae
899 3432 1002 3488 fuit
1042 3452 1057 3489 :
1090 3442 1146 3490 et
1192 3433 1431 3489 Zeuobia
1473 3433 1530 3490 in
1583 3433 1728 3491 Urbe
1777 3450 1997 3492 summo
2033 3435 2246 3493 honore
2277 3434 2570 3490 consenuit
2603 3450 2619 3489 :
2651 3447 2683 3487 a
2711 3447 2822 3503 quo
2852 3431 3124 3503 hodieque
3151 3431 3339 3488 Romae
3371 3432 3611 3489 Zenobia

364 3526 573 3581 familia
610 3533 979 3597 nuncupatur.

430 3659 488 3722 gn
507 3640 851 3722 Aurelianus.
872 3638 1133 3722 templum
1160 3637 1272 3720 soli
1305 3637 1567 3722 aedificat,
2268 3638 2304 3722 ξ
2480 3707 2523 3722 ἢ
2559 3707 2571 3720 .
2904 3706 2938 3722 ﬂ
2980 3707 3017 3722 μ
3128 3707 3144 3722 ¹
3202 3707 3220 3722 Δ
3337 3709 3371 3722 ﬂ
3523 3707 3538 3722 .

363 3719 418 3769 et
431 3706 678 3766 'Romam
710 3706 1048 3766 ﬁrmioribus
1077 3710 1252 3763 muris
1281 3709 1466 3762 vallat.
1917 3708 2025 3763 278
2270 3707 2306 3763 5
2480 3707 2702 3764 Primus
2730 3723 2872 3781 agon
2904 3706 3051 3764 Solis
3096 3707 3166 3763 ab
3189 3707 3486 3768 Aureliano
3521 3707 3609 3767 iu-

1139 3779 1218 3835 R-
1279 3779 1564 3835 MYYY-
2417 3778 2659 3835 stitutus.

436 3850 753 3907 hRomanae
781 3849 1040 3907 Ecclesiae
1138 3779 1221 3852 R'
1279 3779 1565 3852 MXXX’
1918 3847 2024 3904 379
2272 3847 2307 3902 6
2417 3787 2659 3835 δίηυίυδ·

361 3924 736 4006 episgopatum
777 3923 1072 4004 vicesimus
1115 3921 1340 3993 quintus
1384 3935 1573 3977 susce-

364 3991 444 4064 pit
480 3991 630 4048 Felix
668 3993 826 4049 annis
853 4008 907 4047 v.

1641 4162 1830 4221 NONA
1865 4161 2320 4221 PERSECUTIO.

429 4337 449 4404 ἒ
495 4347 824 4403 Aurelianus
853 4362 978 4402 cum
1011 4346 1304 4401 adversum
1336 4357 1440 4399 nos
1475 4343 1914 4414 persecutionem
1942 4342 2225 4409 movisset,
2255 4342 2458 4400 fulmen
2491 4344 2648 4416 juxta
2677 4359 2802 4400 eum
2832 4346 3170 4418 comitesque
3203 4349 3325 4419 ejus
3355 4351 3467 4406 ruit
3493 4369 3506 4406 :
3538 4367 3620 4407 ac-

363 4455 473 4496 non
498 4440 672 4495 multo
703 4448 828 4510 post
855 4439 996 4494 inter
1022 4435 1563 4505 ConstantinOpolim
1588 4442 1642 4489 et
1664 4433 1976 4489 Heracliam
2001 4434 2058 4489 in
2088 4436 2473 4506 caenophrurio
2502 4436 2617 4492 Viae
2643 4436 2857 4492 Veteris
2885 4438 3175 4493 occiditur.

434 4675 464 4710 a
499 4653 706 4718 Παῦλος
752 4631 1143 4724 Σαμοσατεὺς,
1169 4648 1267 4720 τὴν
1312 4647 1651 4719 Ἀρτέμωνος
1689 4647 1929 4702 ἀνανεω-
2032 4648 2262 4704 Γαλλίαν
2284 4648 2570 4715 ὑπέταξεν.
2609 4649 2770 4721 Sync.
2798 4666 2849 4720 p.
2876 4653 3002 4716 584,
3038 4651 3104 4710 D.
3153 4656 3240 4709 Ἐν
3271 4657 3475 4728 Ἴμμας
3504 4674 3603 4712 κα⁶

365 4749 592 4821 σάμενος
628 4747 859 4818 αἵρεσιν,
903 4743 1132 4814 ἐξώσθη.
1180 4740 1508 4811 Ἀντιοχείας
1545 4739 1930 4803 ἑκκαιδέκατος
2031 4739 2277 4812 λουμένῳ
2324 4743 2508 4814 χωρίῳ
2550 4744 2678 4807 τοὺς
2720 4745 2819 4815 μὲν
2868 4745 3265 4819 Παλμυρηνοὺς
3309 4747 3601 4820 διέφθειρε,

364 4844 651 4904 ἐπίσκοπος
680 4840 955 4910 Δομνῖνος.
983 4835 1142 4906 Sync.
1171 4851 1224 4904 ρ.
1256 4834 1383 4897 581,
1411 4835 1474 4897 Α,
1505 4833 1565 4887 B.
2030 4833 2292 4904 Ζηνοδίαν
2336 4835 2393 4888 δὲ
2436 4835 2840 4908 χειρωσάμενος
2886 4839 2967 4900 εἰς
3009 4837 3226 4913 Ῥώμην
3271 4841 3467 4912 ἤγαγε,
3507 4843 3602 4896 καὶ

429 4935 458 4987 b
496 4931 754 4995 Γαλιανὺς
816 4927 1030 4998 ἐσφάγη
1086 4929 1143 4980 ἐν
1199 4925 1530 4995 Μεδιολάνῳ.
1599 4923 1823 4994 Niceph.
1869 4939 1922 4992 ρ.
2032 4920 2410 4999 φιλανθρωπίᾳ
2461 4928 2806 5000 χρησάμενος
2858 4931 3025 5002 πολλῇ
3082 4933 3341 4988 συνάπτει
3397 4934 3604 5006 ταύτην

361 5025 482 5091 401,
516 5021 578 5077 c.

2030 5015 2256 5082 ἐνδόξως
2284 5017 2439 5089 ἀνδρὶ
2464 5017 2572 5071 τῶν
2599 5020 2656 5071 ἐν
2674 5020 2956 5091 γερουσίᾳ.
2982 5019 3207 5074 Ibidem.

429 5131 476 5169 ε.
524 5112 744 5185 Ῥώμης
785 5117 871 5182 κη’
914 5109 1226 5164 ἐϐασίλευσε
1249 5108 1515 5172 Κλαύδιος
1541 5108 1659 5170 ἔτος
1704 5107 1780 5174 ἐν,
1815 5108 1924 5180 μῆοο
2100 5125 2132 5178 g
2168 5109 2502 5181 Αὐρηλιανὸς
2549 5109 2702 5181 ἡλίου
2743 5111 2870 5165 ναὸν
2897 5114 2956 5165 ἐν
2990 5111 3178 5186 Ῥώμῃ
3206 5111 3599 5172 κατεσκεύασε.

363 5224 455 5270 νας
480 5205 545 5258 θ’.
583 5204 740 5276 Sync.
768 5219 821 5273 p.
849 5203 974 5268 584,
999 5202 1064 5266 Β,
1097 5211 1148 5255 et
1177 5200 1398 5270 Niceplz.
1437 5215 1490 5269 ρ.
1530 5200 1656 5264 401,
1684 5199 1746 5255 C.

907 5203 974 5268 ιι,
999 5202 1064 5266 Β,
1097 5211 1148 5255 et
1177 5200 1398 5270 Niceplz.
1437 5215 1490 5269 ρ.
1530 5200 1656 5264 401,
1684 5199 1746 5255 C.
2031 5197 2203 5264 Idem,
2231 5217 2284 5270 ρ.
2322 5200 2447 5263 585,
2477 5201 2543 5254 Α.

428 5297 465 5350 d
499 5294 765 5359 Κλαύδιος
801 5293 1028 5365 τελευτᾷ
1072 5293 1164 5347 τὸν
1215 5291 1345 5362 βίον·
1386 5291 1506 5363 μεθ’
1549 5291 1609 5344 ὃν
1646 5293 1924 5358 Κεντίλιος
2097 5290 2133 5343 It
2179 5292 2466 5363 Ῥωμαίων
2522 5292 2820 5356 ἐπίσκοπος
2879 5293 3047 5364 Φῆλιξ
3097 5293 3191 5368 ἐτη
3241 5301 3304 5349 ε’.
3346 5293 3520 5362 Idem,
3542 5309 3600 5366 ρ.

363 5391 620 5462 κατέσχεν
663 5388 792 5454 ὅλας
836 5386 1048 5461 ἡμέρας
1100 5384 1186 5452 ιζ’,
1233 5386 1325 5440 καὶ
1367 5384 1621 5441 ἀπέθανε.
1670 5385 1833 5456 Sync.
1865 5403 1919 5457 ρ.
2028 5383 2156 5448 386,
2182 5384 2252 5440 Β.

361 5484 480 5548 584,
511 5481 574 5540 c.
1037 5477 1039 5480 ‘
2101 5480 2121 5531 ί
2156 5478 2246 5550 Τῷ
2277 5484 2330 5543 ς’
2367 5476 2530 5531 αὑτοῦ
2566 5476 2676 5531 ἔτει
2721 5477 3060 5548 Λύρηλιανὺς
3111 5476 3319 5549 μέλλων
3363 5478 3600 5550 διωγμὸν

425 5591 454 5629 ε
499 5574 716 5646 Ῥώμης
742 5572 822 5628 κθ¹
847 5570 1191 5626 ἐϐασίλευσεν
1223 5569 1555 5642 Δύρηλιανὺς
1590 5569 1685 5644 ἔτη
1717 5568 1780 5636 ε’,
1823 5571 1926 5643 μῆ-
2030 5575 2200 5628 κινεῖν
2237 5571 2378 5626 κατὰ
2417 5570 2757 5643 Χριστιανῶν
2785 5571 2910 5644 θείῳ
2939 5570 3189 5644 κεραυνῷ
3221 5571 3598 5627 διακωλύεται·

362 5683 454 5730 νας
481 5665 554 5732 ς’.
587 5665 745 5738 Sync.
773 5681 825 5735 p.
859 5665 987 5730 385,
1016 5663 1078 5727 C,
1108 5673 1158 5718 et
1185 5662 1405 5733 Niceph.
1440 5663 1545 5718 loc.
1573 5663 1794 5733 praedic.

2033 5663 2306 5738 συσκευῆς
2335 5663 2392 5716 δὲ
2423 5663 2725 5735 γενομένης
2750 5664 2880 5735 περὶ
2906 5661 3095 5731 αὐτοῦ,
3119 5665 3184 5716 ἐκ
3215 5663 3325 5718 τῶν
3356 5664 3476 5717 κατ’
3505 5664 3597 5718 αύ-

431 5757 458 5826 Ῑ
487 5755 818 5829 Αύρηλιανδς
865 5756 991 5820 τοὺς
1033 5753 1426 5826 Παλμυρηνοὺς
1464 5752 1798 5825 ἐχειρώσατο
1829 5753 1924 5810 καὶ
2030 5755 2122 5811 τὸν
2153 5753 2510 5825 ἐδολοφονήθη
2543 5756 2600 5809 ἐν
2631 5753 2801 5825 καινῷ
2825 5754 3086 5828 φρουρίῳ.
3109 5753 3281 5825 Idem,
3307 5771 3358 5826 p.
3379 5753 3504 5821 385,
3536 5751 3597 5813 ϐ.
