  <div class='ocr_page' id='page_1' title='image "/cluster/home/n/w/nwhite01/storage/ocr_20150623/19/nnc1.0037127454/313.png"; bbox 0 0 4142 6400; ppageno 0'>
   <div class='ocr_carea' id='block_1_1' title="bbox 432 419 3706 517">
    <p class='ocr_par' dir='ltr' id='par_1_1' title="bbox 432 419 3706 517">
     <span class='ocr_line' id='line_1_1' title="bbox 432 419 3706 517; baseline -0.009 -15"><span class='ocrx_word' id='word_1_1' title='bbox 432 443 531 502; x_wconf 67' lang='grc'><strong>891</strong></span> <span class='ocrx_word' id='word_1_2' title='bbox 558 500 577 517; x_wconf 40' lang='grc' dir='ltr'><strong>ί</strong></span> <span class='ocrx_word' id='word_1_3' title='bbox 1215 432 1484 492; x_wconf 82' lang='lat' dir='ltr'><strong>EUSEBH</strong></span> <span class='ocrx_word' id='word_1_4' title='bbox 1523 427 2004 490; x_wconf 62' lang='lat' dir='ltr'><strong>CIESABIENSIS</strong></span> <span class='ocrx_word' id='word_1_5' title='bbox 2042 427 2194 487; x_wconf 88' lang='lat' dir='ltr'><strong>OPP.</strong></span> <span class='ocrx_word' id='word_1_6' title='bbox 2237 423 2420 482; x_wconf 80' lang='lat' dir='ltr'><strong>PARS</strong></span> <span class='ocrx_word' id='word_1_7' title='bbox 2456 424 2498 481; x_wconf 88' lang='grc' dir='ltr'><strong>ι.</strong></span> <span class='ocrx_word' id='word_1_8' title='bbox 2527 455 2596 466; x_wconf 88' lang='lat'><strong>-—</strong></span> <span class='ocrx_word' id='word_1_9' title='bbox 2625 421 3019 480; x_wconf 74' lang='lat' dir='ltr'><strong>HlSTOl-HCA.</strong></span> <span class='ocrx_word' id='word_1_10' title='bbox 3599 419 3706 475; x_wconf 69' lang='lat'><strong>692</strong></span> 
     </span>
    </p>
   </div>
   <div class='ocr_carea' id='block_1_2' title="bbox 441 577 3674 612">
    <p class='ocr_par' dir='ltr' id='par_1_2' title="bbox 441 577 3674 612">
     <span class='ocr_line' id='line_1_2' title="bbox 441 577 3674 612; baseline 0 -20"><span class='ocrx_word' id='word_1_11' title='bbox 441 577 3674 612; x_wconf 66' lang='lat' dir='ltr'>MM</span> 
     </span>
    </p>
   </div>
   <div class='ocr_carea' id='block_1_3' title="bbox 1697 687 2438 730">
    <p class='ocr_par' dir='ltr' id='par_1_3' title="bbox 1697 687 2438 730">
     <span class='ocr_line' id='line_1_3' title="bbox 1697 687 2438 730; baseline -0.005 0"><span class='ocrx_word' id='word_1_12' title='bbox 1697 690 1892 730; x_wconf 72' lang='lat' dir='ltr'><strong>OLYIP.</strong></span> <span class='ocrx_word' id='word_1_13' title='bbox 1967 687 2232 730; x_wconf 74' lang='lat' dir='ltr'><strong>CHRISTUS</strong></span> <span class='ocrx_word' id='word_1_14' title='bbox 2311 688 2438 728; x_wconf 68' lang='grc' dir='ltr'><strong>1ιο..</strong></span> 
     </span>
    </p>
   </div>
   <div class='ocr_carea' id='block_1_4' title="bbox 2221 812 2495 892">
    <p class='ocr_par' dir='ltr' id='par_1_4' title="bbox 2221 812 2495 892">
     <span class='ocr_line' id='line_1_4' title="bbox 2221 812 2495 892; baseline -0.011 -25"><span class='ocrx_word' id='word_1_15' title='bbox 2221 812 2495 892; x_wconf 77' lang='lat' dir='ltr'><strong>Constan-</strong></span> 
     </span>
    </p>
   </div>
   <div class='ocr_carea' id='block_1_5' title="bbox 2311 890 2425 936">
    <p class='ocr_par' dir='ltr' id='par_1_5' title="bbox 2311 890 2425 936">
     <span class='ocr_line' id='line_1_5' title="bbox 2311 890 2425 936; baseline 0.009 -1"><span class='ocrx_word' id='word_1_16' title='bbox 2311 890 2425 936; x_wconf 83' lang='lat' dir='ltr'><strong>tius</strong></span> 
     </span>
    </p>
   </div>
   <div class='ocr_carea' id='block_1_6' title="bbox 2249 977 2462 993">
    <p class='ocr_par' dir='ltr' id='par_1_6' title="bbox 2249 977 2462 993">
     <span class='ocr_line' id='line_1_6' title="bbox 2249 977 2462 993; baseline -0.005 -1"><span class='ocrx_word' id='word_1_17' title='bbox 2249 977 2462 993; x_wconf 48' lang='grc' dir='ltr'><strong>...σιη-</strong></span> 
     </span>
    </p>
   </div>
   <div class='ocr_carea' id='block_1_7' title="bbox 1965 985 2178 999">
    <p class='ocr_par' dir='ltr' id='par_1_7' title="bbox 1965 985 2178 999">
     <span class='ocr_line' id='line_1_7' title="bbox 1965 985 2178 999; baseline -0.009 -1"><span class='ocrx_word' id='word_1_18' title='bbox 1965 985 2178 999; x_wconf 82' lang='lat'><strong>—_—</strong></span> 
     </span>
    </p>
   </div>
   <div class='ocr_carea' id='block_1_8' title="bbox 511 1175 3708 1262">
    <p class='ocr_par' dir='ltr' id='par_1_8' title="bbox 511 1175 3708 1262">
     <span class='ocr_line' id='line_1_8' title="bbox 511 1175 3708 1262; baseline -0.007 -13"><span class='ocrx_word' id='word_1_19' title='bbox 511 1191 720 1250; x_wconf 89' lang='lat' dir='ltr'><strong>Bellum</strong></span> <span class='ocrx_word' id='word_1_20' title='bbox 752 1190 1033 1249; x_wconf 87' lang='lat' dir='ltr'><strong>Persicum</strong></span> <span class='ocrx_word' id='word_1_21' title='bbox 1069 1201 1402 1251; x_wconf 89' lang='lat' dir='ltr'><strong>nocturnum</strong></span> <span class='ocrx_word' id='word_1_22' title='bbox 1430 1190 1573 1262; x_wconf 89' lang='lat' dir='ltr'><strong>apud</strong></span> <span class='ocrx_word' id='word_1_23' title='bbox 1610 1187 1899 1262; x_wconf 80' lang='lat' dir='ltr'><strong>Singaram</strong></span> <span class='ocrx_word' id='word_1_24' title='bbox 1921 1231 1936 1255; x_wconf 94' lang='lat'><strong>,</strong></span> <span class='ocrx_word' id='word_1_25' title='bbox 1970 1189 2025 1244; x_wconf 92' lang='lat' dir='ltr'><strong>in</strong></span> <span class='ocrx_word' id='word_1_26' title='bbox 2070 1203 2179 1259; x_wconf 94' lang='lat' dir='ltr'><strong>quo</strong></span> <span class='ocrx_word' id='word_1_27' title='bbox 2205 1185 2352 1241; x_wconf 92' lang='lat' dir='ltr'><strong>haud</strong></span> <span class='ocrx_word' id='word_1_28' title='bbox 2395 1183 2618 1239; x_wconf 87' lang='lat' dir='ltr'><strong>dubiam</strong></span> <span class='ocrx_word' id='word_1_29' title='bbox 2653 1181 2942 1236; x_wconf 82' lang='lat' dir='ltr'><strong>victoriam</strong></span> <span class='ocrx_word' id='word_1_30' title='bbox 2979 1177 3214 1234; x_wconf 77' lang='lat' dir='ltr'><strong>militum</strong></span> <span class='ocrx_word' id='word_1_31' title='bbox 3251 1175 3548 1234; x_wconf 72' lang='lat' dir='ltr'><strong>stoliditate</strong></span> <span class='ocrx_word' id='word_1_32' title='bbox 3581 1189 3708 1246; x_wconf 78' lang='lat' dir='ltr'><strong>per-</strong></span> 
     </span>
    </p>
   </div>
   <div class='ocr_carea' id='block_1_9' title="bbox 441 1272 3706 1360">
    <p class='ocr_par' dir='ltr' id='par_1_9' title="bbox 441 1272 3706 1360">
     <span class='ocr_line' id='line_1_9' title="bbox 441 1272 3706 1360; baseline -0.004 -18"><span class='ocrx_word' id='word_1_33' title='bbox 441 1289 704 1345; x_wconf 87' lang='lat' dir='ltr'><strong>didimus.</strong></span> <span class='ocrx_word' id='word_1_34' title='bbox 736 1287 924 1360; x_wconf 85' lang='lat' dir='ltr'><strong>Neque</strong></span> <span class='ocrx_word' id='word_1_35' title='bbox 954 1305 1085 1345; x_wconf 85' lang='lat' dir='ltr'><strong>vero</strong></span> <span class='ocrx_word' id='word_1_36' title='bbox 1112 1287 1635 1344; x_wconf 77' lang='lat' dir='ltr'><strong>ullum‘Constantio</strong></span> <span class='ocrx_word' id='word_1_37' title='bbox 1666 1300 1733 1340; x_wconf 80' lang='lat' dir='ltr'><strong>ex</strong></span> <span class='ocrx_word' id='word_1_38' title='bbox 1767 1300 1966 1347; x_wconf 80' lang='lat' dir='ltr'><strong>novem</strong></span> <span class='ocrx_word' id='word_1_39' title='bbox 2008 1280 2351 1354; x_wconf 76' lang='lat' dir='ltr'><strong>gravissimis</strong></span> <span class='ocrx_word' id='word_1_40' title='bbox 2381 1277 2581 1349; x_wconf 85' lang='lat' dir='ltr'><strong>praeliis</strong></span> <span class='ocrx_word' id='word_1_41' title='bbox 2617 1283 2811 1331; x_wconf 88' lang='lat' dir='ltr'><strong>contra</strong></span> <span class='ocrx_word' id='word_1_42' title='bbox 2847 1273 3046 1330; x_wconf 79' lang='lat' dir='ltr'><strong>Persas</strong></span> <span class='ocrx_word' id='word_1_43' title='bbox 3083 1272 3303 1344; x_wconf 79' lang='lat' dir='ltr'><strong>gravius</strong></span> <span class='ocrx_word' id='word_1_44' title='bbox 3337 1272 3540 1328; x_wconf 90' lang='lat' dir='ltr'><strong>bellum</strong></span> <span class='ocrx_word' id='word_1_45' title='bbox 3585 1272 3706 1328; x_wconf 88' lang='lat' dir='ltr'><strong>fuit.</strong></span> 
     </span>
    </p>
   </div>
   <div class='ocr_carea' id='block_1_10' title="bbox 443 1370 2609 1447">
    <p class='ocr_par' dir='ltr' id='par_1_10' title="bbox 443 1370 2609 1447">
     <span class='ocr_line' id='line_1_10' title="bbox 443 1370 2609 1447; baseline -0.004 -13"><span class='ocrx_word' id='word_1_46' title='bbox 443 1378 600 1445; x_wconf 86' lang='lat' dir='ltr'><strong>Nam,</strong></span> <span class='ocrx_word' id='word_1_47' title='bbox 635 1389 687 1435; x_wconf 92' lang='lat' dir='ltr'><strong>ut</strong></span> <span class='ocrx_word' id='word_1_48' title='bbox 719 1381 824 1435; x_wconf 92' lang='lat' dir='ltr'><strong>alia</strong></span> <span class='ocrx_word' id='word_1_49' title='bbox 859 1383 1135 1447; x_wconf 76' lang='lat' dir='ltr'><strong>omittam,</strong></span> <span class='ocrx_word' id='word_1_50' title='bbox 1169 1379 1346 1437; x_wconf 82' lang='lat' dir='ltr'><strong>Nisibi</strong></span> <span class='ocrx_word' id='word_1_51' title='bbox 1379 1383 1630 1447; x_wconf 88' lang='lat' dir='ltr'><strong>obsessa,</strong></span> <span class='ocrx_word' id='word_1_52' title='bbox 1667 1377 1919 1433; x_wconf 85' lang='lat' dir='ltr'><strong>Bizabdae</strong></span> <span class='ocrx_word' id='word_1_53' title='bbox 1949 1387 2002 1433; x_wconf 92' lang='lat' dir='ltr'><strong>et</strong></span> <span class='ocrx_word' id='word_1_54' title='bbox 2032 1370 2226 1430; x_wconf 77' lang='lat' dir='ltr'><strong>Amida</strong></span> <span class='ocrx_word' id='word_1_55' title='bbox 2262 1380 2434 1443; x_wconf 75' lang='lat' dir='ltr'><strong>capta:</strong></span> <span class='ocrx_word' id='word_1_56' title='bbox 2463 1380 2609 1425; x_wconf 91' lang='lat' dir='ltr'><strong>sunt.</strong></span> 
     </span>
    </p>
   </div>
   <div class='ocr_carea' id='block_1_11' title="bbox 511 1459 3710 1544">
    <p class='ocr_par' dir='ltr' id='par_1_11' title="bbox 511 1459 3710 1544">
     <span class='ocr_line' id='line_1_11' title="bbox 511 1459 3710 1544; baseline -0.004 -18"><span class='ocrx_word' id='word_1_57' title='bbox 511 1471 978 1543; x_wconf 81' lang='lat' dir='ltr'><strong>Quadragesimus</strong></span> <span class='ocrx_word' id='word_1_58' title='bbox 1018 1474 1288 1530; x_wconf 74' lang='lat' dir='ltr'><strong>Maximus</strong></span> <span class='ocrx_word' id='word_1_59' title='bbox 1317 1481 1441 1544; x_wconf 90' lang='lat' dir='ltr'><strong>post</strong></span> <span class='ocrx_word' id='word_1_60' title='bbox 1490 1474 1786 1528; x_wconf 82' lang='lat' dir='ltr'><strong>Macarium</strong></span> <span class='ocrx_word' id='word_1_61' title='bbox 1845 1471 2346 1542; x_wconf 83' lang='lat' dir='ltr'><strong>Hierosolymorum</strong></span> <span class='ocrx_word' id='word_1_62' title='bbox 2401 1468 2696 1538; x_wconf 86' lang='lat' dir='ltr'><strong>episcopus</strong></span> <span class='ocrx_word' id='word_1_63' title='bbox 2746 1464 3001 1519; x_wconf 88' lang='lat' dir='ltr'><strong>moritur.</strong></span> <span class='ocrx_word' id='word_1_64' title='bbox 3053 1461 3186 1516; x_wconf 83' lang='lat' dir='ltr'><strong>Post</strong></span> <span class='ocrx_word' id='word_1_65' title='bbox 3211 1477 3373 1532; x_wconf 84' lang='lat' dir='ltr'><strong>quem</strong></span> <span class='ocrx_word' id='word_1_66' title='bbox 3412 1459 3710 1516; x_wconf 83' lang='lat' dir='ltr'><strong>Ecclesiam</strong></span> 
     </span>
    </p>
   </div>
   <div class='ocr_carea' id='block_1_12' title="bbox 445 1554 3714 1638">
    <p class='ocr_par' dir='ltr' id='par_1_12' title="bbox 445 1554 3714 1638">
     <span class='ocr_line' id='line_1_12' title="bbox 445 1554 3714 1638; baseline -0.003 -22"><span class='ocrx_word' id='word_1_67' title='bbox 445 1564 634 1618; x_wconf 84' lang='lat' dir='ltr'><strong>Ariani</strong></span> <span class='ocrx_word' id='word_1_68' title='bbox 665 1564 972 1620; x_wconf 90' lang='lat' dir='ltr'><strong>invadunt:</strong></span> <span class='ocrx_word' id='word_1_69' title='bbox 1006 1565 1058 1620; x_wconf 90' lang='lat' dir='ltr'><strong>id</strong></span> <span class='ocrx_word' id='word_1_70' title='bbox 1084 1575 1169 1622; x_wconf 90' lang='lat' dir='ltr'><strong>est</strong></span> <span class='ocrx_word' id='word_1_71' title='bbox 1197 1565 1460 1638; x_wconf 88' lang='lat' dir='ltr'><strong>Cyrillus,</strong></span> <span class='ocrx_word' id='word_1_72' title='bbox 1501 1564 1829 1636; x_wconf 85' lang='lat' dir='ltr'><strong>Eutychius,</strong></span> <span class='ocrx_word' id='word_1_73' title='bbox 1867 1578 2091 1618; x_wconf 88' lang='lat' dir='ltr'><strong>rursum</strong></span> <span class='ocrx_word' id='word_1_74' title='bbox 2125 1560 2386 1633; x_wconf 89' lang='lat' dir='ltr'><strong>Cyrillus,</strong></span> <span class='ocrx_word' id='word_1_75' title='bbox 2420 1558 2678 1623; x_wconf 75' lang='lat' dir='ltr'><strong>lreuzeus,</strong></span> <span class='ocrx_word' id='word_1_76' title='bbox 2723 1557 2886 1613; x_wconf 88' lang='lat' dir='ltr'><strong>tertio</strong></span> <span class='ocrx_word' id='word_1_77' title='bbox 2909 1555 3168 1628; x_wconf 88' lang='lat' dir='ltr'><strong>Cyrillus,</strong></span> <span class='ocrx_word' id='word_1_78' title='bbox 3203 1554 3470 1617; x_wconf 85' lang='lat' dir='ltr'><strong>Hilarius,</strong></span> <span class='ocrx_word' id='word_1_79' title='bbox 3513 1559 3714 1624; x_wconf 89' lang='lat' dir='ltr'><strong>quarto</strong></span> 
     </span>
    </p>
   </div>
   <div class='ocr_carea' id='block_1_13' title="bbox 441 1645 3714 1731">
    <p class='ocr_par' dir='ltr' id='par_1_13' title="bbox 441 1645 3714 1731">
     <span class='ocr_line' id='line_1_13' title="bbox 441 1645 3714 1731; baseline -0.004 -19"><span class='ocrx_word' id='word_1_80' title='bbox 441 1659 678 1730; x_wconf 82' lang='lat' dir='ltr'><strong>Cyrillus</strong></span> <span class='ocrx_word' id='word_1_81' title='bbox 705 1676 720 1724; x_wconf 90' lang='lat'><strong>;</strong></span> <span class='ocrx_word' id='word_1_82' title='bbox 766 1675 1000 1729; x_wconf 91' lang='lat' dir='ltr'><strong>quorum</strong></span> <span class='ocrx_word' id='word_1_83' title='bbox 1052 1659 1312 1731; x_wconf 83' lang='lat' dir='ltr'><strong>Cyrillus,</strong></span> <span class='ocrx_word' id='word_1_84' title='bbox 1369 1675 1495 1714; x_wconf 86' lang='lat' dir='ltr'><strong>cum</strong></span> <span class='ocrx_word' id='word_1_85' title='bbox 1527 1675 1558 1712; x_wconf 89' lang='lat' dir='ltr'><strong>a</strong></span> <span class='ocrx_word' id='word_1_86' title='bbox 1591 1657 1827 1712; x_wconf 80' lang='lat' dir='ltr'><strong>Maximo</strong></span> <span class='ocrx_word' id='word_1_87' title='bbox 1879 1656 2075 1712; x_wconf 89' lang='lat' dir='ltr'><strong>fuisset</strong></span> <span class='ocrx_word' id='word_1_88' title='bbox 2105 1657 2390 1728; x_wconf 87' lang='lat' dir='ltr'><strong>presbyter</strong></span> <span class='ocrx_word' id='word_1_89' title='bbox 2431 1653 2740 1716; x_wconf 89' lang='lat' dir='ltr'><strong>ordinatus,</strong></span> <span class='ocrx_word' id='word_1_90' title='bbox 2790 1660 2844 1706; x_wconf 84' lang='lat' dir='ltr'><strong>et</strong></span> <span class='ocrx_word' id='word_1_91' title='bbox 2877 1659 3000 1722; x_wconf 87' lang='lat' dir='ltr'><strong>post</strong></span> <span class='ocrx_word' id='word_1_92' title='bbox 3032 1657 3264 1705; x_wconf 86' lang='lat' dir='ltr'><strong>mortem</strong></span> <span class='ocrx_word' id='word_1_93' title='bbox 3307 1648 3427 1718; x_wconf 83' lang='lat' dir='ltr'><strong>ejus</strong></span> <span class='ocrx_word' id='word_1_94' title='bbox 3457 1647 3532 1701; x_wconf 89' lang='lat' dir='ltr'><strong>ita</strong></span> <span class='ocrx_word' id='word_1_95' title='bbox 3560 1645 3610 1700; x_wconf 90' lang='lat' dir='ltr'><strong>ei</strong></span> <span class='ocrx_word' id='word_1_96' title='bbox 3643 1645 3714 1700; x_wconf 89' lang='lat' dir='ltr'><strong>ab</strong></span> 
     </span>
    </p>
   </div>
   <div class='ocr_carea' id='block_1_14' title="bbox 441 1741 3710 1822">
    <p class='ocr_par' dir='ltr' id='par_1_14' title="bbox 441 1741 3710 1822">
     <span class='ocr_line' id='line_1_14' title="bbox 441 1741 3710 1822; baseline -0.003 -19"><span class='ocrx_word' id='word_1_97' title='bbox 441 1750 953 1821; x_wconf 80' lang='lat' dir='ltr'><strong>Acacio,cpisc0po</strong></span> <span class='ocrx_word' id='word_1_98' title='bbox 981 1749 1330 1816; x_wconf 70' lang='lat' dir='ltr'><strong>Caesariensi,</strong></span> <span class='ocrx_word' id='word_1_99' title='bbox 1391 1760 1446 1807; x_wconf 87' lang='lat' dir='ltr'><strong>et</strong></span> <span class='ocrx_word' id='word_1_100' title='bbox 1477 1753 1693 1807; x_wconf 42' lang='lat' dir='ltr'><strong>caiteris</strong></span> <span class='ocrx_word' id='word_1_101' title='bbox 1725 1751 2003 1822; x_wconf 85' lang='lat' dir='ltr'><strong>episcopis</strong></span> <span class='ocrx_word' id='word_1_102' title='bbox 2058 1751 2281 1806; x_wconf 81' lang='lat' dir='ltr'><strong>Arianis</strong></span> <span class='ocrx_word' id='word_1_103' title='bbox 2327 1750 2680 1820; x_wconf 85' lang='lat' dir='ltr'><strong>episcopatus</strong></span> <span class='ocrx_word' id='word_1_104' title='bbox 2723 1746 3157 1816; x_wconf 85' lang='lat' dir='ltr'><strong>promitteretur,</strong></span> <span class='ocrx_word' id='word_1_105' title='bbox 3210 1741 3256 1798; x_wconf 92' lang='lat' dir='ltr'><strong>si</strong></span> <span class='ocrx_word' id='word_1_106' title='bbox 3304 1741 3710 1796; x_wconf 86' lang='lat' dir='ltr'><strong>ordinationem</strong></span> 
     </span>
    </p>
   </div>
   <div class='ocr_carea' id='block_1_15' title="bbox 445 1833 3714 1911">
    <p class='ocr_par' dir='ltr' id='par_1_15' title="bbox 445 1833 3714 1911">
     <span class='ocr_line' id='line_1_15' title="bbox 445 1833 3714 1911; baseline -0.001 -20"><span class='ocrx_word' id='word_1_107' title='bbox 445 1833 666 1894; x_wconf 75' lang='lat' dir='ltr'><strong>Maximi</strong></span> <span class='ocrx_word' id='word_1_108' title='bbox 717 1839 1086 1911; x_wconf 84' lang='lat' dir='ltr'><strong>repudiasset,</strong></span> <span class='ocrx_word' id='word_1_109' title='bbox 1143 1840 1414 1898; x_wconf 84' lang='lat' dir='ltr'><strong>diaconus</strong></span> <span class='ocrx_word' id='word_1_110' title='bbox 1473 1842 1529 1896; x_wconf 91' lang='lat' dir='ltr'><strong>in</strong></span> <span class='ocrx_word' id='word_1_111' title='bbox 1579 1842 1814 1898; x_wconf 91' lang='lat' dir='ltr'><strong>ecclesia</strong></span> <span class='ocrx_word' id='word_1_112' title='bbox 1863 1842 2271 1898; x_wconf 77' lang='lat' dir='ltr'><strong>administravit</strong></span> <span class='ocrx_word' id='word_1_113' title='bbox 2318 1860 2331 1896; x_wconf 92' lang='lat'><strong>:</strong></span> <span class='ocrx_word' id='word_1_114' title='bbox 2382 1841 2453 1896; x_wconf 92' lang='lat' dir='ltr'><strong>ob</strong></span> <span class='ocrx_word' id='word_1_115' title='bbox 2501 1854 2666 1910; x_wconf 90' lang='lat' dir='ltr'><strong>quam</strong></span> <span class='ocrx_word' id='word_1_116' title='bbox 2724 1839 3062 1908; x_wconf 87' lang='lat' dir='ltr'><strong>impietatem</strong></span> <span class='ocrx_word' id='word_1_117' title='bbox 3121 1836 3416 1893; x_wconf 90' lang='lat' dir='ltr'><strong>sacerdotii</strong></span> <span class='ocrx_word' id='word_1_118' title='bbox 3464 1835 3714 1894; x_wconf 86' lang='lat' dir='ltr'><strong>mercede</strong></span> 
     </span>
    </p>
   </div>
   <div class='ocr_carea' id='block_1_16' title="bbox 443 1926 3716 2004">
    <p class='ocr_par' dir='ltr' id='par_1_16' title="bbox 443 1926 3716 2004">
     <span class='ocr_line' id='line_1_16' title="bbox 443 1926 3716 2004; baseline -0.002 -16"><span class='ocrx_word' id='word_1_119' title='bbox 443 1941 730 2002; x_wconf 87' lang='lat' dir='ltr'><strong>pensatus,</strong></span> <span class='ocrx_word' id='word_1_120' title='bbox 761 1933 1096 2001; x_wconf 88' lang='lat' dir='ltr'><strong>Heraclium,</strong></span> <span class='ocrx_word' id='word_1_121' title='bbox 1127 1949 1290 2004; x_wconf 88' lang='lat' dir='ltr'><strong>quem</strong></span> <span class='ocrx_word' id='word_1_122' title='bbox 1337 1934 1583 1990; x_wconf 90' lang='lat' dir='ltr'><strong>moriens</strong></span> <span class='ocrx_word' id='word_1_123' title='bbox 1625 1933 1896 1991; x_wconf 85' lang='lat' dir='ltr'><strong>Maximus</strong></span> <span class='ocrx_word' id='word_1_124' title='bbox 1940 1934 1998 1989; x_wconf 90' lang='lat' dir='ltr'><strong>in</strong></span> <span class='ocrx_word' id='word_1_125' title='bbox 2041 1951 2202 1991; x_wconf 90' lang='lat' dir='ltr'><strong>suum</strong></span> <span class='ocrx_word' id='word_1_126' title='bbox 2235 1934 2417 1990; x_wconf 89' lang='lat' dir='ltr'><strong>locum</strong></span> <span class='ocrx_word' id='word_1_127' title='bbox 2450 1931 2835 1997; x_wconf 88' lang='lat' dir='ltr'><strong>substituerat,</strong></span> <span class='ocrx_word' id='word_1_128' title='bbox 2879 1931 3036 1986; x_wconf 88' lang='lat' dir='ltr'><strong>varia</strong></span> <span class='ocrx_word' id='word_1_129' title='bbox 3067 1929 3260 1986; x_wconf 80' lang='lat' dir='ltr'><strong>fraude</strong></span> <span class='ocrx_word' id='word_1_130' title='bbox 3283 1928 3608 1993; x_wconf 87' lang='lat' dir='ltr'><strong>sollicitans,</strong></span> <span class='ocrx_word' id='word_1_131' title='bbox 3645 1926 3716 1982; x_wconf 84' lang='lat' dir='ltr'><strong>de</strong></span> 
     </span>
    </p>
   </div>
   <div class='ocr_carea' id='block_1_17' title="bbox 446 2025 1555 2098">
    <p class='ocr_par' dir='ltr' id='par_1_17' title="bbox 446 2025 1555 2098">
     <span class='ocr_line' id='line_1_17' title="bbox 446 2025 1555 2098; baseline 0 -18"><span class='ocrx_word' id='word_1_132' title='bbox 446 2027 706 2096; x_wconf 87' lang='lat' dir='ltr'><strong>episcopo</strong></span> <span class='ocrx_word' id='word_1_133' title='bbox 730 2025 786 2080; x_wconf 88' lang='lat' dir='ltr'><strong>in</strong></span> <span class='ocrx_word' id='word_1_134' title='bbox 811 2026 1188 2097; x_wconf 84' lang='lat' dir='ltr'><strong>presbyterum</strong></span> <span class='ocrx_word' id='word_1_135' title='bbox 1222 2025 1555 2098; x_wconf 84' lang='lat' dir='ltr'><strong>regradavit.</strong></span> 
     </span>
    </p>
   </div>
   <div class='ocr_carea' id='block_1_18' title="bbox 2020 2117 2409 2174">
    <p class='ocr_par' dir='ltr' id='par_1_18' title="bbox 2020 2117 2409 2174">
     <span class='ocr_line' id='line_1_18' title="bbox 2020 2117 2409 2174; baseline -0.005 0"><span class='ocrx_word' id='word_1_136' title='bbox 2020 2119 2126 2174; x_wconf 67' lang='lat'><strong>554</strong></span> <span class='ocrx_word' id='word_1_137' title='bbox 2341 2117 2362 2172; x_wconf 79' lang='grc' dir='ltr'><strong>Ι</strong></span> <span class='ocrx_word' id='word_1_138' title='bbox 2374 2119 2409 2173; x_wconf 99' lang='lat'><strong>5</strong></span> 
     </span>
    </p>
   </div>
   <div class='ocr_carea' id='block_1_19' title="bbox 520 2229 3716 2307">
    <p class='ocr_par' dir='ltr' id='par_1_19' title="bbox 520 2229 3716 2307">
     <span class='ocr_line' id='line_1_19' title="bbox 520 2229 3716 2307; baseline 0.001 -22"><span class='ocrx_word' id='word_1_139' title='bbox 520 2229 788 2286; x_wconf 75' lang='lat' dir='ltr'><strong>Romana:</strong></span> <span class='ocrx_word' id='word_1_140' title='bbox 819 2231 1079 2286; x_wconf 74' lang='lat' dir='ltr'><strong>Ecclesiae</strong></span> <span class='ocrx_word' id='word_1_141' title='bbox 1111 2230 1428 2286; x_wconf 86' lang='lat' dir='ltr'><strong>tricesimus</strong></span> <span class='ocrx_word' id='word_1_142' title='bbox 1459 2239 1691 2307; x_wconf 85' lang='lat' dir='ltr'><strong>quartus</strong></span> <span class='ocrx_word' id='word_1_143' title='bbox 1734 2230 2023 2286; x_wconf 87' lang='lat' dir='ltr'><strong>ordinatur</strong></span> <span class='ocrx_word' id='word_1_144' title='bbox 2057 2231 2348 2302; x_wconf 90' lang='lat' dir='ltr'><strong>episcopus</strong></span> <span class='ocrx_word' id='word_1_145' title='bbox 2386 2231 2654 2288; x_wconf 87' lang='lat' dir='ltr'><strong>Liberius.</strong></span> <span class='ocrx_word' id='word_1_146' title='bbox 2679 2232 2800 2298; x_wconf 85' lang='lat' dir='ltr'><strong>Quo</strong></span> <span class='ocrx_word' id='word_1_147' title='bbox 2830 2234 2886 2287; x_wconf 91' lang='lat' dir='ltr'><strong>in</strong></span> <span class='ocrx_word' id='word_1_148' title='bbox 2931 2231 3186 2288; x_wconf 76' lang='lat' dir='ltr'><strong>exsilium</strong></span> <span class='ocrx_word' id='word_1_149' title='bbox 3226 2231 3298 2286; x_wconf 93' lang='lat' dir='ltr'><strong>ob</strong></span> <span class='ocrx_word' id='word_1_150' title='bbox 3347 2231 3506 2287; x_wconf 85' lang='lat' dir='ltr'><strong>fidem</strong></span> <span class='ocrx_word' id='word_1_151' title='bbox 3538 2241 3716 2302; x_wconf 79' lang='lat' dir='ltr'><strong>truso.</strong></span> 
     </span>
    </p>
   </div>
   <div class='ocr_carea' id='block_1_20' title="bbox 443 2323 3712 2395">
    <p class='ocr_par' dir='ltr' id='par_1_20' title="bbox 443 2323 3712 2395">
     <span class='ocr_line' id='line_1_20' title="bbox 443 2323 3712 2395; baseline -0 -15"><span class='ocrx_word' id='word_1_152' title='bbox 443 2339 636 2380; x_wconf 90' lang='lat' dir='ltr'><strong>omnes</strong></span> <span class='ocrx_word' id='word_1_153' title='bbox 665 2325 850 2380; x_wconf 86' lang='lat' dir='ltr'><strong>clerici</strong></span> <span class='ocrx_word' id='word_1_154' title='bbox 876 2325 1199 2394; x_wconf 89' lang='lat' dir='ltr'><strong>juraverunt</strong></span> <span class='ocrx_word' id='word_1_155' title='bbox 1243 2323 1389 2395; x_wconf 92' lang='lat' dir='ltr'><strong>quod</strong></span> <span class='ocrx_word' id='word_1_156' title='bbox 1421 2325 1632 2378; x_wconf 92' lang='lat' dir='ltr'><strong>nullum</strong></span> <span class='ocrx_word' id='word_1_157' title='bbox 1665 2323 1832 2378; x_wconf 88' lang='lat' dir='ltr'><strong>alium</strong></span> <span class='ocrx_word' id='word_1_158' title='bbox 1865 2324 2229 2393; x_wconf 90' lang='lat' dir='ltr'><strong>susciperent.</strong></span> <span class='ocrx_word' id='word_1_159' title='bbox 2264 2323 2465 2380; x_wconf 84' lang='lat' dir='ltr'><strong>Verum</strong></span> <span class='ocrx_word' id='word_1_160' title='bbox 2513 2341 2642 2380; x_wconf 91' lang='lat' dir='ltr'><strong>cum</strong></span> <span class='ocrx_word' id='word_1_161' title='bbox 2686 2324 2837 2380; x_wconf 81' lang='lat' dir='ltr'><strong>Felix</strong></span> <span class='ocrx_word' id='word_1_162' title='bbox 2870 2325 2938 2380; x_wconf 88' lang='lat' dir='ltr'><strong>ab</strong></span> <span class='ocrx_word' id='word_1_163' title='bbox 2954 2324 3176 2380; x_wconf 83' lang='lat' dir='ltr'><strong>Arianis</strong></span> <span class='ocrx_word' id='word_1_164' title='bbox 3207 2323 3402 2380; x_wconf 89' lang='lat' dir='ltr'><strong>fuisset</strong></span> <span class='ocrx_word' id='word_1_165' title='bbox 3443 2327 3496 2379; x_wconf 93' lang='lat' dir='ltr'><strong>in</strong></span> <span class='ocrx_word' id='word_1_166' title='bbox 3526 2341 3712 2382; x_wconf 89' lang='lat' dir='ltr'><strong>sacer-</strong></span> 
     </span>
    </p>
   </div>
   <div class='ocr_carea' id='block_1_21' title="bbox 447 2415 3720 2489">
    <p class='ocr_par' dir='ltr' id='par_1_21' title="bbox 447 2415 3720 2489">
     <span class='ocr_line' id='line_1_21' title="bbox 447 2415 3720 2489; baseline 0.001 -19"><span class='ocrx_word' id='word_1_167' title='bbox 447 2415 660 2470; x_wconf 86' lang='lat' dir='ltr'><strong>dotium</strong></span> <span class='ocrx_word' id='word_1_168' title='bbox 691 2417 1043 2480; x_wconf 89' lang='lat' dir='ltr'><strong>substitutus,</strong></span> <span class='ocrx_word' id='word_1_169' title='bbox 1091 2417 1313 2488; x_wconf 88' lang='lat' dir='ltr'><strong>plurimi</strong></span> <span class='ocrx_word' id='word_1_170' title='bbox 1344 2417 1733 2488; x_wconf 82' lang='lat' dir='ltr'><strong>pejeraverunt</strong></span> <span class='ocrx_word' id='word_1_171' title='bbox 1765 2435 1780 2472; x_wconf 91' lang='lat'><strong>:</strong></span> <span class='ocrx_word' id='word_1_172' title='bbox 1825 2426 1878 2472; x_wconf 84' lang='lat' dir='ltr'><strong>et</strong></span> <span class='ocrx_word' id='word_1_173' title='bbox 1914 2426 2040 2488; x_wconf 91' lang='lat' dir='ltr'><strong>post</strong></span> <span class='ocrx_word' id='word_1_174' title='bbox 2070 2432 2274 2472; x_wconf 88' lang='lat' dir='ltr'><strong>annum</strong></span> <span class='ocrx_word' id='word_1_175' title='bbox 2311 2433 2436 2473; x_wconf 86' lang='lat' dir='ltr'><strong>cum</strong></span> <span class='ocrx_word' id='word_1_176' title='bbox 2469 2416 2652 2475; x_wconf 83' lang='lat' dir='ltr'><strong>Felice</strong></span> <span class='ocrx_word' id='word_1_177' title='bbox 2684 2417 2843 2488; x_wconf 89' lang='lat' dir='ltr'><strong>ejecti</strong></span> <span class='ocrx_word' id='word_1_178' title='bbox 2881 2425 3046 2486; x_wconf 88' lang='lat' dir='ltr'><strong>sunt;</strong></span> <span class='ocrx_word' id='word_1_179' title='bbox 3091 2417 3222 2489; x_wconf 87' lang='lat' dir='ltr'><strong>quia</strong></span> <span class='ocrx_word' id='word_1_180' title='bbox 3267 2415 3518 2474; x_wconf 88' lang='lat' dir='ltr'><strong>Liberius</strong></span> <span class='ocrx_word' id='word_1_181' title='bbox 3551 2419 3720 2474; x_wconf 67' lang='lat' dir='ltr'><strong>taedio</strong></span> 
     </span>
    </p>
   </div>
   <div class='ocr_carea' id='block_1_22' title="bbox 453 2511 3014 2587">
    <p class='ocr_par' dir='ltr' id='par_1_22' title="bbox 453 2511 3014 2587">
     <span class='ocr_line' id='line_1_22' title="bbox 453 2511 3014 2587; baseline 0.002 -23"><span class='ocrx_word' id='word_1_182' title='bbox 453 2511 630 2567; x_wconf 89' lang='lat' dir='ltr'><strong>victus</strong></span> <span class='ocrx_word' id='word_1_183' title='bbox 657 2511 859 2576; x_wconf 83' lang='lat' dir='ltr'><strong>exsilii,</strong></span> <span class='ocrx_word' id='word_1_184' title='bbox 890 2521 945 2566; x_wconf 91' lang='lat' dir='ltr'><strong>et</strong></span> <span class='ocrx_word' id='word_1_185' title='bbox 974 2514 1029 2566; x_wconf 91' lang='lat' dir='ltr'><strong>in</strong></span> <span class='ocrx_word' id='word_1_186' title='bbox 1050 2512 1307 2569; x_wconf 78' lang='lat' dir='ltr'><strong>lueretica</strong></span> <span class='ocrx_word' id='word_1_187' title='bbox 1335 2513 1606 2584; x_wconf 78' lang='lat' dir='ltr'><strong>pravitate</strong></span> <span class='ocrx_word' id='word_1_188' title='bbox 1633 2514 2016 2582; x_wconf 83' lang='lat' dir='ltr'><strong>subscribens,</strong></span> <span class='ocrx_word' id='word_1_189' title='bbox 2048 2513 2280 2570; x_wconf 79' lang='lat' dir='ltr'><strong>Romam</strong></span> <span class='ocrx_word' id='word_1_190' title='bbox 2311 2514 2471 2587; x_wconf 90' lang='lat' dir='ltr'><strong>quasi</strong></span> <span class='ocrx_word' id='word_1_191' title='bbox 2495 2515 2671 2571; x_wconf 86' lang='lat' dir='ltr'><strong>victor</strong></span> <span class='ocrx_word' id='word_1_192' title='bbox 2695 2516 3014 2570; x_wconf 81' lang='lat' dir='ltr'><strong>intraverat.</strong></span> 
     </span>
    </p>
   </div>
   <div class='ocr_carea' id='block_1_23' title="bbox 515 2603 3706 2679">
    <p class='ocr_par' dir='ltr' id='par_1_23' title="bbox 515 2603 3706 2679">
     <span class='ocr_line' id='line_1_23' title="bbox 515 2603 3706 2679; baseline 0.003 -21"><span class='ocrx_word' id='word_1_193' title='bbox 515 2603 702 2679; x_wconf 59' lang='lat' dir='ltr'><strong>Romae</strong></span> <span class='ocrx_word' id='word_1_194' title='bbox 736 2607 980 2679; x_wconf 85' lang='lat' dir='ltr'><strong>populus</strong></span> <span class='ocrx_word' id='word_1_195' title='bbox 1003 2607 1270 2679; x_wconf 77' lang='lat' dir='ltr'><strong>adversus</strong></span> <span class='ocrx_word' id='word_1_196' title='bbox 1310 2608 1652 2678; x_wconf 82' lang='lat' dir='ltr'><strong>Maguentta-</strong></span> <span class='ocrx_word' id='word_1_197' title='bbox 2565 2610 2888 2667; x_wconf 83' lang='lat' dir='ltr'><strong>Vetranioni</strong></span> <span class='ocrx_word' id='word_1_198' title='bbox 2919 2611 3061 2679; x_wconf 91' lang='lat' dir='ltr'><strong>apud</strong></span> <span class='ocrx_word' id='word_1_199' title='bbox 3097 2610 3349 2666; x_wconf 83' lang='lat' dir='ltr'><strong>Naissum</strong></span> <span class='ocrx_word' id='word_1_200' title='bbox 3377 2627 3406 2665; x_wconf 85' lang='lat' dir='ltr'><strong>a</strong></span> <span class='ocrx_word' id='word_1_201' title='bbox 3429 2609 3706 2666; x_wconf 82' lang='lat' dir='ltr'><strong>Constan-</strong></span> 
     </span>
    </p>
   </div>
   <div class='ocr_carea' id='block_1_24' title="bbox 445 2675 3422 2801">
    <p class='ocr_par' dir='ltr' id='par_1_24' title="bbox 445 2675 3422 2801">
     <span class='ocr_line' id='line_1_24' title="bbox 445 2675 3422 2801; baseline 0.002 -70"><span class='ocrx_word' id='word_1_202' title='bbox 445 2678 881 2801; x_wconf 57' lang='lat' dir='ltr'><strong>nosd7Ieliellaris</strong></span> <span class='ocrx_word' id='word_1_203' title='bbox 935 2678 1004 2734; x_wconf 88' lang='lat' dir='ltr'><strong>ab</strong></span> <span class='ocrx_word' id='word_1_204' title='bbox 1052 2675 1344 2735; x_wconf 85' lang='lat' dir='ltr'><strong>Heraclida</strong></span> <span class='ocrx_word' id='word_1_205' title='bbox 1399 2675 1654 2736; x_wconf 82' lang='lat' dir='ltr'><strong>senatore</strong></span> <span class='ocrx_word' id='word_1_206' title='bbox 2494 2683 2574 2738; x_wconf 95' lang='lat' dir='ltr'><strong>tio</strong></span> <span class='ocrx_word' id='word_1_207' title='bbox 2615 2683 2826 2754; x_wconf 85' lang='lat' dir='ltr'><strong>regium</strong></span> <span class='ocrx_word' id='word_1_208' title='bbox 2857 2675 3072 2753; x_wconf 78' lang='lat' dir='ltr'><strong>insigne</strong></span> <span class='ocrx_word' id='word_1_209' title='bbox 3091 2682 3422 2738; x_wconf 88' lang='lat' dir='ltr'><strong>detractum.</strong></span> 
     </span>
     <span class='ocr_line' id='line_1_25' title="bbox 450 2764 720 2801; baseline 0 0"><span class='ocrx_word' id='word_1_210' title='bbox 450 2764 547 2801; x_wconf 79' lang='grc' dir='ltr'><strong>ι)ῐο</strong></span> <span class='ocrx_word' id='word_1_211' title='bbox 592 2765 603 2800; x_wconf 88' lang='grc' dir='ltr'><strong>ι</strong></span> <span class='ocrx_word' id='word_1_212' title='bbox 637 2764 720 2801; x_wconf 85' lang='lat' dir='ltr'><strong>lll&#39;.</strong></span> 
     </span>
    </p>
   </div>
   <div class='ocr_carea' id='block_1_25' title="bbox 448 2764 720 2818">
    <p class='ocr_par' dir='ltr' id='par_1_25' title="bbox 448 2764 720 2818">
     <span class='ocr_line' id='line_1_26' title="bbox 448 2764 720 2818; baseline 0.011 -17"><span class='ocrx_word' id='word_1_213' title='bbox 448 2764 720 2818; x_wconf 85' lang='lat' dir='ltr'><strong>prouttur.</strong></span> 
     </span>
    </p>
   </div>
   <div class='ocr_carea' id='block_1_26' title="bbox 519 2837 3715 2916">
    <p class='ocr_par' dir='ltr' id='par_1_26' title="bbox 519 2837 3715 2916">
     <span class='ocr_line' id='line_1_27' title="bbox 519 2837 3715 2916; baseline 0.001 -22"><span class='ocrx_word' id='word_1_214' title='bbox 519 2837 836 2911; x_wconf 81' lang='lat' dir='ltr'><strong>Magnentio</strong></span> <span class='ocrx_word' id='word_1_215' title='bbox 861 2842 1006 2913; x_wconf 86' lang='lat' dir='ltr'><strong>apud</strong></span> <span class='ocrx_word' id='word_1_216' title='bbox 1031 2843 1490 2915; x_wconf 81' lang='lat' dir='ltr'><strong>Augustodunum</strong></span> <span class='ocrx_word' id='word_1_217' title='bbox 1529 2842 1827 2914; x_wconf 89' lang='lat' dir='ltr'><strong>arripiente</strong></span> <span class='ocrx_word' id='word_1_218' title='bbox 1879 2843 2192 2914; x_wconf 89' lang='lat' dir='ltr'><strong>imperium,</strong></span> <span class='ocrx_word' id='word_1_219' title='bbox 2241 2843 2516 2901; x_wconf 89' lang='lat' dir='ltr'><strong>Constans</strong></span> <span class='ocrx_word' id='word_1_220' title='bbox 2562 2844 2708 2900; x_wconf 89' lang='lat' dir='ltr'><strong>baud</strong></span> <span class='ocrx_word' id='word_1_221' title='bbox 2739 2845 2899 2916; x_wconf 83' lang='lat' dir='ltr'><strong>longe</strong></span> <span class='ocrx_word' id='word_1_222' title='bbox 2937 2845 3006 2900; x_wconf 90' lang='lat' dir='ltr'><strong>ab</strong></span> <span class='ocrx_word' id='word_1_223' title='bbox 3037 2843 3322 2915; x_wconf 85' lang='lat' dir='ltr'><strong>Hispania,</strong></span> <span class='ocrx_word' id='word_1_224' title='bbox 3360 2858 3505 2899; x_wconf 89' lang='lat' dir='ltr'><strong>anno</strong></span> <span class='ocrx_word' id='word_1_225' title='bbox 3535 2843 3715 2899; x_wconf 70' lang='lat' dir='ltr'><strong>aetatis</strong></span> 
     </span>
    </p>
   </div>
   <div class='ocr_carea' id='block_1_27' title="bbox 445 2934 3717 3007">
    <p class='ocr_par' dir='ltr' id='par_1_27' title="bbox 445 2934 3717 3007">
     <span class='ocr_line' id='line_1_28' title="bbox 445 2934 3717 3007; baseline 0.001 -21"><span class='ocrx_word' id='word_1_226' title='bbox 445 2948 559 2988; x_wconf 67' lang='lat' dir='ltr'><strong>ante</strong></span> <span class='ocrx_word' id='word_1_227' title='bbox 590 2934 895 2999; x_wconf 90' lang='lat' dir='ltr'><strong>tricesimo,</strong></span> <span class='ocrx_word' id='word_1_228' title='bbox 930 2937 1146 3007; x_wconf 81' lang='lat' dir='ltr'><strong>imperij</strong></span> <span class='ocrx_word' id='word_1_229' title='bbox 1183 2937 1267 2992; x_wconf 79' lang='lat' dir='ltr'><strong>sui</strong></span> <span class='ocrx_word' id='word_1_230' title='bbox 1298 2937 1723 3003; x_wconf 84' lang='lat' dir='ltr'><strong>tertiodecimo,</strong></span> <span class='ocrx_word' id='word_1_231' title='bbox 1770 2937 1825 2991; x_wconf 89' lang='lat' dir='ltr'><strong>in</strong></span> <span class='ocrx_word' id='word_1_232' title='bbox 1851 2939 2098 3003; x_wconf 90' lang='lat' dir='ltr'><strong>castello,</strong></span> <span class='ocrx_word' id='word_1_233' title='bbox 2126 2939 2212 2994; x_wconf 84' lang='lat' dir='ltr'><strong>cui</strong></span> <span class='ocrx_word' id='word_1_234' title='bbox 2259 2953 2457 2992; x_wconf 90' lang='lat' dir='ltr'><strong>nomen</strong></span> <span class='ocrx_word' id='word_1_235' title='bbox 2488 2946 2571 2993; x_wconf 91' lang='lat' dir='ltr'><strong>est</strong></span> <span class='ocrx_word' id='word_1_236' title='bbox 2617 2938 2840 3004; x_wconf 88' lang='lat' dir='ltr'><strong>Helene,</strong></span> <span class='ocrx_word' id='word_1_237' title='bbox 2882 2938 3232 2994; x_wconf 85' lang='lat' dir='ltr'><strong>interficitur.</strong></span> <span class='ocrx_word' id='word_1_238' title='bbox 3277 2936 3451 3004; x_wconf 83' lang='lat' dir='ltr'><strong>Quam</strong></span> <span class='ocrx_word' id='word_1_239' title='bbox 3489 2935 3562 2992; x_wconf 92' lang='lat' dir='ltr'><strong>ob</strong></span> <span class='ocrx_word' id='word_1_240' title='bbox 3599 2950 3717 2990; x_wconf 91' lang='lat' dir='ltr'><strong>rem</strong></span> 
     </span>
    </p>
   </div>
   <div class='ocr_carea' id='block_1_28' title="bbox 443 3024 2712 3100">
    <p class='ocr_par' dir='ltr' id='par_1_28' title="bbox 443 3024 2712 3100">
     <span class='ocr_line' id='line_1_29' title="bbox 443 3024 2712 3100; baseline 0.003 -22"><span class='ocrx_word' id='word_1_241' title='bbox 443 3024 662 3080; x_wconf 89' lang='lat' dir='ltr'><strong>turbata</strong></span> <span class='ocrx_word' id='word_1_242' title='bbox 689 3041 745 3082; x_wconf 90' lang='lat' dir='ltr'><strong>re</strong></span> <span class='ocrx_word' id='word_1_243' title='bbox 775 3026 1016 3098; x_wconf 88' lang='lat' dir='ltr'><strong>publica,</strong></span> <span class='ocrx_word' id='word_1_244' title='bbox 1048 3025 1308 3082; x_wconf 80' lang='lat' dir='ltr'><strong>Vetranio</strong></span> <span class='ocrx_word' id='word_1_245' title='bbox 1341 3025 1559 3091; x_wconf 66' lang='lat' dir='ltr'><strong>Mursaz,</strong></span> <span class='ocrx_word' id='word_1_246' title='bbox 1581 3027 1918 3100; x_wconf 87' lang='lat' dir='ltr'><strong>Nepotianus</strong></span> <span class='ocrx_word' id='word_1_247' title='bbox 1952 3031 2140 3086; x_wconf 66' lang='lat' dir='ltr'><strong>Romae</strong></span> <span class='ocrx_word' id='word_1_248' title='bbox 2173 3029 2530 3098; x_wconf 88' lang='lat' dir='ltr'><strong>imperatores</strong></span> <span class='ocrx_word' id='word_1_249' title='bbox 2561 3026 2712 3084; x_wconf 87' lang='lat' dir='ltr'><strong>facti.</strong></span> 
     </span>
    </p>
   </div>
   <div class='ocr_carea' id='block_1_29' title="bbox 515 3109 3712 3194">
    <p class='ocr_par' dir='ltr' id='par_1_29' title="bbox 515 3109 3712 3194">
     <span class='ocr_line' id='line_1_30' title="bbox 515 3109 3712 3194; baseline 0.001 -19"><span class='ocrx_word' id='word_1_250' title='bbox 515 3118 808 3192; x_wconf 86' lang='lat' dir='ltr'><strong>Nepotiani</strong></span> <span class='ocrx_word' id='word_1_251' title='bbox 838 3128 1005 3193; x_wconf 92' lang='lat' dir='ltr'><strong>caput</strong></span> <span class='ocrx_word' id='word_1_252' title='bbox 1035 3121 1148 3192; x_wconf 91' lang='lat' dir='ltr'><strong>pilo</strong></span> <span class='ocrx_word' id='word_1_253' title='bbox 1177 3137 1275 3193; x_wconf 89' lang='lat' dir='ltr'><strong>per</strong></span> <span class='ocrx_word' id='word_1_254' title='bbox 1302 3119 1504 3178; x_wconf 91' lang='lat' dir='ltr'><strong>Urbem</strong></span> <span class='ocrx_word' id='word_1_255' title='bbox 1539 3123 1945 3192; x_wconf 83' lang='lat' dir='ltr'><strong>circumlatum,</strong></span> <span class='ocrx_word' id='word_1_256' title='bbox 2009 3125 2306 3194; x_wconf 60' lang='lat' dir='ltr'><strong>multaque</strong></span> <span class='ocrx_word' id='word_1_257' title='bbox 2360 3123 2792 3194; x_wconf 88' lang='lat' dir='ltr'><strong>proscriptiones</strong></span> <span class='ocrx_word' id='word_1_258' title='bbox 2829 3121 3099 3178; x_wconf 88' lang='lat' dir='ltr'><strong>nobilium</strong></span> <span class='ocrx_word' id='word_1_259' title='bbox 3134 3129 3190 3178; x_wconf 89' lang='lat' dir='ltr'><strong>et</strong></span> <span class='ocrx_word' id='word_1_260' title='bbox 3220 3120 3399 3177; x_wconf 67' lang='lat' dir='ltr'><strong>caedes</strong></span> <span class='ocrx_word' id='word_1_261' title='bbox 3429 3119 3609 3180; x_wconf 68' lang='lat' dir='ltr'><strong>factae.</strong></span> <span class='ocrx_word' id='word_1_262' title='bbox 3708 3109 3712 3114; x_wconf 67' lang='grc'><em>’</em></span> 
     </span>
    </p>
   </div>
   <div class='ocr_carea' id='block_1_30' title="bbox 553 3240 2189 3295">
    <p class='ocr_par' dir='ltr' id='par_1_30' title="bbox 553 3240 2159 3295">
     <span class='ocr_line' id='line_1_31' title="bbox 553 3240 2159 3295; baseline 0.004 -7"><span class='ocrx_word' id='word_1_263' title='bbox 553 3285 555 3288; x_wconf 32' lang='lat'><strong>.</strong></span> <span class='ocrx_word' id='word_1_264' title='bbox 2050 3240 2159 3295; x_wconf 79' lang='lat'><strong>555</strong></span> 
     </span>
    </p>
   </div>
   <div class='ocr_carea' id='block_1_31' title="bbox 806 3240 2442 3295">
    <p class='ocr_par' dir='ltr' id='par_1_31' title="bbox 2050 3240 2442 3295">
     <span class='ocr_line' id='line_1_32' title="bbox 2050 3240 2442 3295; baseline 0 -1"><span class='ocrx_word' id='word_1_265' title='bbox 2050 3240 2159 3295; x_wconf 79' lang='lat'><strong>555</strong></span> <span class='ocrx_word' id='word_1_266' title='bbox 2374 3241 2442 3295; x_wconf 75' lang='grc'><strong>14</strong></span> 
     </span>
    </p>
   </div>
   <div class='ocr_carea' id='block_1_32' title="bbox 516 3305 3721 3381">
    <p class='ocr_par' dir='ltr' id='par_1_32' title="bbox 516 3305 3721 3381">
     <span class='ocr_line' id='line_1_33' title="bbox 516 3305 3721 3381; baseline 0.001 -21"><span class='ocrx_word' id='word_1_267' title='bbox 516 3305 778 3381; x_wconf 78' lang='lat' dir='ltr'><strong>Nonnulli</strong></span> <span class='ocrx_word' id='word_1_268' title='bbox 809 3307 1074 3364; x_wconf 89' lang='lat' dir='ltr'><strong>nobilium</strong></span> <span class='ocrx_word' id='word_1_269' title='bbox 1097 3307 1406 3365; x_wconf 76' lang='lat' dir='ltr'><strong>Antiochia:</strong></span> <span class='ocrx_word' id='word_1_270' title='bbox 1433 3323 1465 3364; x_wconf 89' lang='lat' dir='ltr'><strong>a</strong></span> <span class='ocrx_word' id='word_1_271' title='bbox 1496 3307 1654 3365; x_wconf 88' lang='lat' dir='ltr'><strong>Gallo</strong></span> <span class='ocrx_word' id='word_1_272' title='bbox 2043 3310 2150 3367; x_wconf 75' lang='lat'><strong>556</strong></span> <span class='ocrx_word' id='word_1_273' title='bbox 2365 3312 2434 3366; x_wconf 83' lang='grc'><strong>15</strong></span> <span class='ocrx_word' id='word_1_274' title='bbox 2592 3309 2776 3365; x_wconf 83' lang='lat' dir='ltr'><strong>Gallus</strong></span> <span class='ocrx_word' id='word_1_275' title='bbox 2796 3309 3106 3366; x_wconf 79' lang='lat' dir='ltr'><strong>Constantii</strong></span> <span class='ocrx_word' id='word_1_276' title='bbox 3141 3308 3407 3381; x_wconf 88' lang='lat' dir='ltr'><strong>patruelis</strong></span> <span class='ocrx_word' id='word_1_277' title='bbox 3423 3309 3607 3366; x_wconf 66' lang='lat' dir='ltr'><strong>Caesar</strong></span> <span class='ocrx_word' id='word_1_278' title='bbox 3640 3309 3721 3364; x_wconf 80' lang='lat' dir='ltr'><strong>fa-</strong></span> 
     </span>
    </p>
   </div>
   <div class='ocr_carea' id='block_1_33' title="bbox 445 3377 2644 3436">
    <p class='ocr_par' dir='ltr' id='par_1_33' title="bbox 445 3377 2644 3436">
     <span class='ocr_line' id='line_1_34' title="bbox 445 3377 2644 3436; baseline 0.001 -4"><span class='ocrx_word' id='word_1_279' title='bbox 445 3377 740 3434; x_wconf 79' lang='lat' dir='ltr'><strong>interfecti.</strong></span> <span class='ocrx_word' id='word_1_280' title='bbox 2498 3388 2644 3436; x_wconf 92' lang='lat' dir='ltr'><strong>ctus.</strong></span> 
     </span>
    </p>
   </div>
   <div class='ocr_carea' id='block_1_34' title="bbox 517 3488 2653 3565">
    <p class='ocr_par' dir='ltr' id='par_1_34' title="bbox 517 3488 2653 3565">
     <span class='ocr_line' id='line_1_35' title="bbox 517 3488 2653 3565; baseline 0.002 -22"><span class='ocrx_word' id='word_1_281' title='bbox 517 3488 863 3560; x_wconf 76' lang='lat' dir='ltr'><strong>Magnentius</strong></span> <span class='ocrx_word' id='word_1_282' title='bbox 891 3491 1089 3548; x_wconf 72' lang='lat' dir='ltr'><strong>Mursze</strong></span> <span class='ocrx_word' id='word_1_283' title='bbox 1110 3493 1289 3550; x_wconf 89' lang='lat' dir='ltr'><strong>vietus</strong></span> <span class='ocrx_word' id='word_1_284' title='bbox 1313 3509 1327 3547; x_wconf 89' lang='lat'><strong>:</strong></span> <span class='ocrx_word' id='word_1_285' title='bbox 1359 3494 1414 3548; x_wconf 90' lang='lat' dir='ltr'><strong>in</strong></span> <span class='ocrx_word' id='word_1_286' title='bbox 1445 3509 1555 3565; x_wconf 89' lang='lat' dir='ltr'><strong>quo</strong></span> <span class='ocrx_word' id='word_1_287' title='bbox 1584 3495 1772 3565; x_wconf 73' lang='lat' dir='ltr'><strong>prtelio</strong></span> <span class='ocrx_word' id='word_1_288' title='bbox 1808 3493 2068 3550; x_wconf 69' lang='lat' dir='ltr'><strong>Romana:</strong></span> <span class='ocrx_word' id='word_1_289' title='bbox 2097 3495 2242 3551; x_wconf 83' lang='lat' dir='ltr'><strong>vires</strong></span> <span class='ocrx_word' id='word_1_290' title='bbox 2274 3494 2653 3550; x_wconf 89' lang='lat' dir='ltr'><strong>conciderunt.</strong></span> 
     </span>
    </p>
   </div>
   <div class='ocr_carea' id='block_1_35' title="bbox 514 3581 3718 3658">
    <p class='ocr_par' dir='ltr' id='par_1_35' title="bbox 514 3581 3718 3658">
     <span class='ocr_line' id='line_1_36' title="bbox 514 3581 3718 3658; baseline 0.001 -21"><span class='ocrx_word' id='word_1_291' title='bbox 514 3581 706 3639; x_wconf 86' lang='lat' dir='ltr'><strong>Gallus</strong></span> <span class='ocrx_word' id='word_1_292' title='bbox 751 3581 994 3650; x_wconf 68' lang='lat' dir='ltr'><strong>Iudaeos,</strong></span> <span class='ocrx_word' id='word_1_293' title='bbox 1046 3585 1140 3656; x_wconf 91' lang='lat' dir='ltr'><strong>qui</strong></span> <span class='ocrx_word' id='word_1_294' title='bbox 1197 3585 1502 3642; x_wconf 80' lang='lat' dir='ltr'><strong>interfectis</strong></span> <span class='ocrx_word' id='word_1_295' title='bbox 1555 3603 1652 3658; x_wconf 90' lang='lat' dir='ltr'><strong>per</strong></span> <span class='ocrx_word' id='word_1_296' title='bbox 1702 3597 1919 3644; x_wconf 87' lang='lat' dir='ltr'><strong>noctem</strong></span> <span class='ocrx_word' id='word_1_297' title='bbox 1989 3589 2260 3644; x_wconf 88' lang='lat' dir='ltr'><strong>militibus</strong></span> <span class='ocrx_word' id='word_1_298' title='bbox 2312 3601 2463 3642; x_wconf 85' lang='lat' dir='ltr'><strong>arma</strong></span> <span class='ocrx_word' id='word_1_299' title='bbox 2509 3586 2578 3641; x_wconf 93' lang='lat' dir='ltr'><strong>ad</strong></span> <span class='ocrx_word' id='word_1_300' title='bbox 2623 3585 2998 3642; x_wconf 80' lang='lat' dir='ltr'><strong>rebellandum</strong></span> <span class='ocrx_word' id='word_1_301' title='bbox 3035 3587 3372 3652; x_wconf 85' lang='lat' dir='ltr'><strong>invaserant,</strong></span> <span class='ocrx_word' id='word_1_302' title='bbox 3421 3592 3718 3657; x_wconf 79' lang='lat' dir='ltr'><strong>Oppressit,</strong></span> 
     </span>
    </p>
   </div>
   <div class='ocr_carea' id='block_1_36' title="bbox 445 3675 3714 3750">
    <p class='ocr_par' dir='ltr' id='par_1_36' title="bbox 445 3675 3714 3750">
     <span class='ocr_line' id='line_1_37' title="bbox 445 3675 3714 3750; baseline -0 -19"><span class='ocrx_word' id='word_1_303' title='bbox 445 3675 606 3732; x_wconf 64' lang='lat' dir='ltr'><strong>casis</strong></span> <span class='ocrx_word' id='word_1_304' title='bbox 633 3675 820 3731; x_wconf 90' lang='lat' dir='ltr'><strong>multis</strong></span> <span class='ocrx_word' id='word_1_305' title='bbox 852 3675 1137 3731; x_wconf 90' lang='lat' dir='ltr'><strong>hominum</strong></span> <span class='ocrx_word' id='word_1_306' title='bbox 1171 3677 1438 3746; x_wconf 81' lang='lat' dir='ltr'><strong>millibus,</strong></span> <span class='ocrx_word' id='word_1_307' title='bbox 1487 3693 1664 3750; x_wconf 89' lang='lat' dir='ltr'><strong>usque</strong></span> <span class='ocrx_word' id='word_1_308' title='bbox 1693 3679 1761 3734; x_wconf 90' lang='lat' dir='ltr'><strong>ad</strong></span> <span class='ocrx_word' id='word_1_309' title='bbox 1794 3680 2070 3734; x_wconf 82' lang='lat' dir='ltr'><strong>innoxiam</strong></span> <span class='ocrx_word' id='word_1_310' title='bbox 2109 3688 2323 3736; x_wconf 71' lang='lat' dir='ltr'><strong>aetatem</strong></span> <span class='ocrx_word' id='word_1_311' title='bbox 2360 3682 2380 3731; x_wconf 88' lang='lat'>:&#39;</span> <span class='ocrx_word' id='word_1_312' title='bbox 2414 3687 2469 3735; x_wconf 92' lang='lat' dir='ltr'><strong>et</strong></span> <span class='ocrx_word' id='word_1_313' title='bbox 2501 3679 2753 3735; x_wconf 87' lang='lat' dir='ltr'><strong>civitates</strong></span> <span class='ocrx_word' id='word_1_314' title='bbox 2781 3693 2972 3735; x_wconf 90' lang='lat' dir='ltr'><strong>eorum</strong></span> <span class='ocrx_word' id='word_1_315' title='bbox 3003 3677 3420 3743; x_wconf 70' lang='lat' dir='ltr'><strong>Diocaasaream,</strong></span> <span class='ocrx_word' id='word_1_316' title='bbox 3446 3675 3714 3733; x_wconf 84' lang='lat' dir='ltr'><strong>Tiberia—</strong></span> 
     </span>
    </p>
   </div>
   <div class='ocr_carea' id='block_1_37' title="bbox 445 3753 2094 3847">
    <p class='ocr_par' dir='ltr' id='par_1_37' title="bbox 445 3753 2094 3847">
     <span class='ocr_line' id='line_1_38' title="bbox 445 3753 2094 3847; baseline -0.001 -17"><span class='ocrx_word' id='word_1_317' title='bbox 445 3773 594 3837; x_wconf 84' lang='lat' dir='ltr'><strong>dem,</strong></span> <span class='ocrx_word' id='word_1_318' title='bbox 642 3779 697 3828; x_wconf 87' lang='lat' dir='ltr'><strong>et</strong></span> <span class='ocrx_word' id='word_1_319' title='bbox 727 3770 1050 3844; x_wconf 89' lang='lat' dir='ltr'><strong>Diospolim,</strong></span> <span class='ocrx_word' id='word_1_320' title='bbox 1085 3772 1434 3845; x_wconf 77' lang='lat' dir='ltr'><strong>[durimaque</strong></span> <span class='ocrx_word' id='word_1_321' title='bbox 1465 3753 1667 3847; x_wconf 82' lang='lat' dir='ltr'><strong>oppida</strong></span> <span class='ocrx_word' id='word_1_322' title='bbox 1702 3776 1816 3847; x_wconf 77' lang='lat' dir='ltr'><strong>igni</strong></span> <span class='ocrx_word' id='word_1_323' title='bbox 1849 3775 2094 3831; x_wconf 90' lang='lat' dir='ltr'><strong>tradidit.</strong></span> 
     </span>
    </p>
   </div>
   <div class='ocr_carea' id='block_1_38' title="bbox 1759 3890 2436 3968">
    <p class='ocr_par' dir='ltr' id='par_1_38' title="bbox 1759 3890 2436 3968">
     <span class='ocr_line' id='line_1_39' title="bbox 1759 3890 2436 3968; baseline 0.003 -2"><span class='ocrx_word' id='word_1_324' title='bbox 1759 3897 1905 3968; x_wconf 71' lang='lat'><strong>284</strong></span> <span class='ocrx_word' id='word_1_325' title='bbox 2047 3893 2152 3968; x_wconf 63' lang='grc' dir='ltr'><strong>ἔξῖι</strong></span> <span class='ocrx_word' id='word_1_326' title='bbox 2369 3890 2436 3968; x_wconf 68' lang='lat'><strong>19</strong></span> 
     </span>
    </p>
   </div>
   <div class='ocr_carea' id='block_1_39' title="bbox 519 3953 3724 4032">
    <p class='ocr_par' dir='ltr' id='par_1_39' title="bbox 519 3953 3724 4032">
     <span class='ocr_line' id='line_1_40' title="bbox 519 3953 3724 4032; baseline -0.001 -18"><span class='ocrx_word' id='word_1_327' title='bbox 519 3957 1661 4032; x_wconf 71' lang='lat' dir='ltr'><strong>GennadiusForojuliensisoratorRomze</strong></span> <span class='ocrx_word' id='word_1_328' title='bbox 1760 3953 1897 3968; x_wconf 77' lang='grc'><em>”’“’”</em></span> <span class='ocrx_word' id='word_1_329' title='bbox 2045 3964 2153 4018; x_wconf 79' lang='lat'><strong>558</strong></span> <span class='ocrx_word' id='word_1_330' title='bbox 2371 3961 2438 4015; x_wconf 83' lang='grc'>17</span> <span class='ocrx_word' id='word_1_331' title='bbox 2581 3959 2880 4032; x_wconf 81' lang='lat' dir='ltr'><strong>Minervius</strong></span> <span class='ocrx_word' id='word_1_332' title='bbox 2927 3957 3338 4032; x_wconf 83' lang='lat' dir='ltr'><strong>Burdigalensis</strong></span> <span class='ocrx_word' id='word_1_333' title='bbox 3386 3958 3577 4014; x_wconf 88' lang='lat' dir='ltr'><strong>rhetor</strong></span> <span class='ocrx_word' id='word_1_334' title='bbox 3611 3953 3724 4010; x_wconf 81' lang='lat' dir='ltr'><strong>Ro-</strong></span> 
     </span>
    </p>
   </div>
   <div class='ocr_carea' id='block_1_40' title="bbox 447 4028 3230 4099">
    <p class='ocr_par' dir='ltr' id='par_1_40' title="bbox 447 4028 3230 4099">
     <span class='ocr_line' id='line_1_41' title="bbox 447 4028 3230 4099; baseline 0 -16"><span class='ocrx_word' id='word_1_335' title='bbox 447 4028 686 4099; x_wconf 78' lang='lat' dir='ltr'><strong>lnsignis</strong></span> <span class='ocrx_word' id='word_1_336' title='bbox 715 4031 965 4086; x_wconf 90' lang='lat' dir='ltr'><strong>habetur.</strong></span> <span class='ocrx_word' id='word_1_337' title='bbox 999 4028 1012 4032; x_wconf 60' lang='grc'><strong>⁷</strong></span> <span class='ocrx_word' id='word_1_338' title='bbox 2505 4047 2607 4086; x_wconf 64' lang='lat' dir='ltr'><strong>ma:</strong></span> <span class='ocrx_word' id='word_1_339' title='bbox 2635 4031 3025 4088; x_wconf 83' lang='lat' dir='ltr'><strong>florentissime</strong></span> <span class='ocrx_word' id='word_1_340' title='bbox 3050 4028 3230 4086; x_wconf 83' lang='lat' dir='ltr'><strong>docet.</strong></span> 
     </span>
    </p>
   </div>
   <div class='ocr_carea' id='block_1_41' title="bbox 516 4113 3722 4196">
    <p class='ocr_par' dir='ltr' id='par_1_41' title="bbox 516 4113 3722 4196">
     <span class='ocr_line' id='line_1_42' title="bbox 516 4113 3722 4196; baseline 0 -24"><span class='ocrx_word' id='word_1_341' title='bbox 516 4113 862 4190; x_wconf 73' lang='lat' dir='ltr'><strong>Magnentius</strong></span> <span class='ocrx_word' id='word_1_342' title='bbox 890 4119 1142 4193; x_wconf 81' lang='lat' dir='ltr'><strong>Lugduni</strong></span> <span class='ocrx_word' id='word_1_343' title='bbox 1173 4122 1228 4178; x_wconf 91' lang='lat' dir='ltr'><strong>in</strong></span> <span class='ocrx_word' id='word_1_344' title='bbox 1260 4124 1465 4194; x_wconf 91' lang='lat' dir='ltr'><strong>palatio</strong></span> <span class='ocrx_word' id='word_1_345' title='bbox 1497 4125 1721 4196; x_wconf 91' lang='lat' dir='ltr'><strong>propria</strong></span> <span class='ocrx_word' id='word_1_346' title='bbox 1754 4139 1813 4179; x_wconf 89' lang='lat' dir='ltr'><strong>se</strong></span> <span class='ocrx_word' id='word_1_347' title='bbox 1839 4138 2006 4179; x_wconf 88' lang='lat' dir='ltr'><strong>manu</strong></span> <span class='ocrx_word' id='word_1_348' title='bbox 2043 4121 2304 4178; x_wconf 84' lang='lat' dir='ltr'><strong>interficit</strong></span> <span class='ocrx_word' id='word_1_349' title='bbox 2337 4139 2351 4176; x_wconf 91' lang='lat'><strong>:</strong></span> <span class='ocrx_word' id='word_1_350' title='bbox 2387 4130 2442 4178; x_wconf 91' lang='lat' dir='ltr'><strong>et</strong></span> <span class='ocrx_word' id='word_1_351' title='bbox 2479 4119 2777 4177; x_wconf 88' lang='lat' dir='ltr'><strong>Decentius</strong></span> <span class='ocrx_word' id='word_1_352' title='bbox 2817 4119 2988 4176; x_wconf 89' lang='lat' dir='ltr'><strong>frater</strong></span> <span class='ocrx_word' id='word_1_353' title='bbox 3009 4120 3154 4191; x_wconf 85' lang='lat' dir='ltr'><strong>ejus,</strong></span> <span class='ocrx_word' id='word_1_354' title='bbox 3189 4134 3353 4192; x_wconf 88' lang='lat' dir='ltr'><strong>quem</strong></span> <span class='ocrx_word' id='word_1_355' title='bbox 3381 4118 3452 4174; x_wconf 86' lang='lat' dir='ltr'><strong>ad</strong></span> <span class='ocrx_word' id='word_1_356' title='bbox 3485 4119 3722 4176; x_wconf 84' lang='lat' dir='ltr'><strong>tuendas</strong></span> 
     </span>
    </p>
   </div>
   <div class='ocr_carea' id='block_1_42' title="bbox 446 4209 2365 4288">
    <p class='ocr_par' dir='ltr' id='par_1_42' title="bbox 446 4209 2365 4288">
     <span class='ocr_line' id='line_1_43' title="bbox 446 4209 2365 4288; baseline 0.001 -21"><span class='ocrx_word' id='word_1_357' title='bbox 446 4209 654 4267; x_wconf 79' lang='lat' dir='ltr'><strong>Gallias</strong></span> <span class='ocrx_word' id='word_1_358' title='bbox 679 4211 954 4269; x_wconf 66' lang='lat' dir='ltr'><strong>Caesarem</strong></span> <span class='ocrx_word' id='word_1_359' title='bbox 992 4213 1240 4282; x_wconf 87' lang='lat' dir='ltr'><strong>miserat,</strong></span> <span class='ocrx_word' id='word_1_360' title='bbox 1273 4215 1416 4287; x_wconf 83' lang='lat' dir='ltr'><strong>apud</strong></span> <span class='ocrx_word' id='word_1_361' title='bbox 1455 4215 1704 4272; x_wconf 87' lang='lat' dir='ltr'><strong>Senonas</strong></span> <span class='ocrx_word' id='word_1_362' title='bbox 1736 4209 1934 4288; x_wconf 89' lang='lat' dir='ltr'><strong>laqueo</strong></span> <span class='ocrx_word' id='word_1_363' title='bbox 1964 4216 2132 4271; x_wconf 90' lang='lat' dir='ltr'><strong>vitam</strong></span> <span class='ocrx_word' id='word_1_364' title='bbox 2163 4215 2365 4286; x_wconf 82' lang='lat' dir='ltr'><strong>explet.</strong></span> 
     </span>
    </p>
   </div>
   <div class='ocr_carea' id='block_1_43' title="bbox 1315 4327 3719 4407">
    <p class='ocr_par' dir='ltr' id='par_1_43' title="bbox 1315 4327 3719 4407">
     <span class='ocr_line' id='line_1_44' title="bbox 1315 4327 3719 4407; baseline -0.002 -20"><span class='ocrx_word' id='word_1_365' title='bbox 1315 4333 1399 4404; x_wconf 75' lang='grc' dir='ltr'><strong>Β,</strong></span> <span class='ocrx_word' id='word_1_366' title='bbox 1446 4332 1664 4407; x_wconf 68' lang='grc' dir='ltr'><strong>ΜοΧ,</strong></span> <span class='ocrx_word' id='word_1_367' title='bbox 2059 4330 2165 4387; x_wconf 85' lang='lat'><strong>559</strong></span> <span class='ocrx_word' id='word_1_368' title='bbox 2382 4329 2449 4386; x_wconf 86' lang='lat' dir='ltr'><strong>l8</strong></span> <span class='ocrx_word' id='word_1_369' title='bbox 2544 4400 2554 4407; x_wconf 76' lang='lat'><strong>7</strong></span> <span class='ocrx_word' id='word_1_370' title='bbox 2590 4327 2784 4386; x_wconf 86' lang='lat' dir='ltr'><strong>Gallus</strong></span> <span class='ocrx_word' id='word_1_371' title='bbox 2809 4329 2992 4407; x_wconf 67' lang='lat' dir='ltr'><strong>Ctesar</strong></span> <span class='ocrx_word' id='word_1_372' title='bbox 3017 4329 3349 4407; x_wconf 77' lang='lat' dir='ltr'><strong>sollicitatus</strong></span> <span class='ocrx_word' id='word_1_373' title='bbox 3373 4330 3719 4407; x_wconf 64' lang='lat' dir='ltr'><strong>7a7Constan7-</strong></span> 
     </span>
    </p>
   </div>
   <div class='ocr_carea' id='block_1_44' title="bbox 2518 4400 3720 4472">
    <p class='ocr_par' dir='ltr' id='par_1_44' title="bbox 2518 4400 3720 4472">
     <span class='ocr_line' id='line_1_45' title="bbox 2518 4400 3720 4472; baseline 0.001 -19"><span class='ocrx_word' id='word_1_374' title='bbox 2518 4400 2625 4472; x_wconf 85' lang='lat' dir='ltr'><strong>tio7</strong></span> <span class='ocrx_word' id='word_1_375' title='bbox 2655 4402 2926 4472; x_wconf 83' lang='lat' dir='ltr'><strong>patrueli,</strong></span> <span class='ocrx_word' id='word_1_376' title='bbox 2985 4401 3074 4455; x_wconf 87' lang='lat' dir='ltr'><strong>cui</strong></span> <span class='ocrx_word' id='word_1_377' title='bbox 3128 4401 3183 4455; x_wconf 91' lang='lat' dir='ltr'><strong>in</strong></span> <span class='ocrx_word' id='word_1_378' title='bbox 3235 4400 3621 4472; x_wconf 82' lang='lat' dir='ltr'><strong>suspicionem_</strong></span> <span class='ocrx_word' id='word_1_379' title='bbox 3649 4401 3720 4472; x_wconf 85' lang='lat' dir='ltr'><strong>ob</strong></span> 
     </span>
    </p>
   </div>
   <div class='ocr_carea' id='block_1_45' title="bbox 523 4463 3716 4543">
    <p class='ocr_par' dir='ltr' id='par_1_45' title="bbox 523 4463 3716 4543">
     <span class='ocr_line' id='line_1_46' title="bbox 523 4463 3716 4543; baseline 0.001 -23"><span class='ocrx_word' id='word_1_380' title='bbox 523 4463 787 4543; x_wconf 67' lang='lat' dir='ltr'><strong>Silvanus</strong></span> <span class='ocrx_word' id='word_1_381' title='bbox 829 4465 886 4520; x_wconf 87' lang='lat' dir='ltr'><strong>in</strong></span> <span class='ocrx_word' id='word_1_382' title='bbox 932 4464 1246 4543; x_wconf 80' lang='lat' dir='ltr'><strong>Gallia_7res</strong></span> <span class='ocrx_word' id='word_1_383' title='bbox 1289 4484 1462 4543; x_wconf 87' lang='lat' dir='ltr'><strong>novas</strong></span> <span class='ocrx_word' id='word_1_384' title='bbox 1507 4472 1670 4527; x_wconf 90' lang='lat' dir='ltr'><strong>moli-</strong></span> <span class='ocrx_word' id='word_1_385' title='bbox 2515 4463 3006 4543; x_wconf 64' lang='lat' dir='ltr'><strong>regiamjndolem</strong></span> <span class='ocrx_word' id='word_1_386' title='bbox 3059 4463 3352 4540; x_wconf 68' lang='lat' dir='ltr'><strong>venerat,&#39;</strong></span> <span class='ocrx_word' id='word_1_387' title='bbox 3381 4471 3554 4527; x_wconf 70' lang='lat' dir='ltr'><strong>Istrite</strong></span> <span class='ocrx_word' id='word_1_388' title='bbox 3603 4468 3716 4543; x_wconf 80' lang='grc' dir='ltr'><strong>[αι.</strong></span> 
     </span>
    </p>
   </div>
   <div class='ocr_carea' id='block_1_46' title="bbox 447 4536 3083 4613">
    <p class='ocr_par' dir='ltr' id='par_1_46' title="bbox 447 4536 3083 4613">
     <span class='ocr_line' id='line_1_47' title="bbox 447 4536 3083 4613; baseline 0.003 -23"><span class='ocrx_word' id='word_1_389' title='bbox 447 4544 540 4591; x_wconf 81' lang='lat' dir='ltr'><strong>tus</strong></span> <span class='ocrx_word' id='word_1_390' title='bbox 571 4536 840 4594; x_wconf 85' lang='lat' dir='ltr'><strong>vicesimo</strong></span> <span class='ocrx_word' id='word_1_391' title='bbox 876 4547 1070 4592; x_wconf 87' lang='lat' dir='ltr'><strong>octavo</strong></span> <span class='ocrx_word' id='word_1_392' title='bbox 1104 4537 1194 4594; x_wconf 88' lang='lat' dir='ltr'><strong>die</strong></span> <span class='ocrx_word' id='word_1_393' title='bbox 1218 4539 1529 4596; x_wconf 76' lang='lat' dir='ltr'><strong>exstinctus</strong></span> <span class='ocrx_word' id='word_1_394' title='bbox 1556 4552 1667 4598; x_wconf 87' lang='lat' dir='ltr'><strong>est.</strong></span> <span class='ocrx_word' id='word_1_395' title='bbox 2515 4536 2765 4613; x_wconf 27' lang='lat' dir='ltr'><strong>Hi‘stone]</strong></span> <span class='ocrx_word' id='word_1_396' title='bbox 2793 4540 3083 4598; x_wconf 84' lang='lat' dir='ltr'><strong>occiditur.</strong></span> 
     </span>
    </p>
   </div>
   <div class='ocr_carea' id='block_1_47' title="bbox 523 4652 3717 4729">
    <p class='ocr_par' dir='ltr' id='par_1_47' title="bbox 523 4652 3717 4729">
     <span class='ocr_line' id='line_1_48' title="bbox 523 4652 3717 4729; baseline 0 -21"><span class='ocrx_word' id='word_1_397' title='bbox 523 4653 844 4708; x_wconf 85' lang='lat' dir='ltr'><strong>Victorinus</strong></span> <span class='ocrx_word' id='word_1_398' title='bbox 875 4652 1063 4710; x_wconf 87' lang='lat' dir='ltr'><strong>rhetor</strong></span> <span class='ocrx_word' id='word_1_399' title='bbox 1086 4662 1141 4710; x_wconf 91' lang='lat' dir='ltr'><strong>et</strong></span> <span class='ocrx_word' id='word_1_400' title='bbox 1175 4653 1421 4712; x_wconf 88' lang='lat' dir='ltr'><strong>Donatus</strong></span> <span class='ocrx_word' id='word_1_401' title='bbox 1448 4656 1845 4726; x_wconf 75' lang='lat' dir='ltr'><strong>grammaticus</strong></span> <span class='ocrx_word' id='word_1_402' title='bbox 1879 4666 2184 4729; x_wconf 67' lang='lat' dir='ltr'><strong>praceptor</strong></span> <span class='ocrx_word' id='word_1_403' title='bbox 2221 4671 2377 4713; x_wconf 83' lang='lat' dir='ltr'><strong>meus</strong></span> <span class='ocrx_word' id='word_1_404' title='bbox 2408 4654 2598 4711; x_wconf 56' lang='lat' dir='ltr'><strong>Romae</strong></span> <span class='ocrx_word' id='word_1_405' title='bbox 2629 4654 2874 4726; x_wconf 79' lang='lat' dir='ltr'><strong>insignes</strong></span> <span class='ocrx_word' id='word_1_406' title='bbox 2908 4655 3182 4710; x_wconf 86' lang='lat' dir='ltr'><strong>habentur</strong></span> <span class='ocrx_word' id='word_1_407' title='bbox 3205 4670 3220 4706; x_wconf 88' lang='lat'><strong>:</strong></span> <span class='ocrx_word' id='word_1_408' title='bbox 3243 4670 3273 4710; x_wconf 92' lang='lat' dir='ltr'><strong>e</strong></span> <span class='ocrx_word' id='word_1_409' title='bbox 3300 4655 3502 4726; x_wconf 85' lang='lat' dir='ltr'><strong>quibus</strong></span> <span class='ocrx_word' id='word_1_410' title='bbox 3524 4654 3717 4710; x_wconf 82' lang='lat' dir='ltr'><strong>Victo-</strong></span> 
     </span>
    </p>
   </div>
   <div class='ocr_carea' id='block_1_48' title="bbox 445 4741 2259 4818">
    <p class='ocr_par' dir='ltr' id='par_1_48' title="bbox 445 4741 2259 4818">
     <span class='ocr_line' id='line_1_49' title="bbox 445 4741 2259 4818; baseline 0 -20"><span class='ocrx_word' id='word_1_411' title='bbox 445 4745 604 4799; x_wconf 85' lang='lat' dir='ltr'><strong>rinus</strong></span> <span class='ocrx_word' id='word_1_412' title='bbox 635 4744 800 4798; x_wconf 84' lang='lat' dir='ltr'><strong>etiam</strong></span> <span class='ocrx_word' id='word_1_413' title='bbox 827 4749 1064 4799; x_wconf 87' lang='lat' dir='ltr'><strong>statuam</strong></span> <span class='ocrx_word' id='word_1_414' title='bbox 1095 4741 1150 4798; x_wconf 92' lang='lat' dir='ltr'><strong>in</strong></span> <span class='ocrx_word' id='word_1_415' title='bbox 1191 4742 1312 4799; x_wconf 89' lang='lat' dir='ltr'><strong>foro</strong></span> <span class='ocrx_word' id='word_1_416' title='bbox 1340 4743 1565 4814; x_wconf 91' lang='lat' dir='ltr'><strong>Trajani</strong></span> <span class='ocrx_word' id='word_1_417' title='bbox 1595 4744 1696 4818; x_wconf 82' lang='grc' dir='ltr'><strong>[αι.</strong></span> <span class='ocrx_word' id='word_1_418' title='bbox 1728 4743 2002 4818; x_wconf 80' lang='lat' dir='ltr'><strong>Romano]</strong></span> <span class='ocrx_word' id='word_1_419' title='bbox 2039 4744 2259 4800; x_wconf 88' lang='lat' dir='ltr'><strong>meruit.</strong></span> 
     </span>
    </p>
   </div>
   <div class='ocr_carea' id='block_1_49' title="bbox 519 4851 3720 4927">
    <p class='ocr_par' dir='ltr' id='par_1_49' title="bbox 519 4851 3720 4927">
     <span class='ocr_line' id='line_1_50' title="bbox 519 4851 3720 4927; baseline 0.001 -21"><span class='ocrx_word' id='word_1_420' title='bbox 519 4853 804 4927; x_wconf 39' lang='lat' dir='ltr'><strong>Alcimum</strong></span> <span class='ocrx_word' id='word_1_421' title='bbox 826 4859 882 4907; x_wconf 91' lang='lat' dir='ltr'><strong>et</strong></span> <span class='ocrx_word' id='word_1_422' title='bbox 935 4851 1258 4927; x_wconf 77' lang='lat' dir='ltr'><strong>Delphidius</strong></span> <span class='ocrx_word' id='word_1_423' title='bbox 1305 4853 1558 4910; x_wconf 87' lang='lat' dir='ltr'><strong>rhetores</strong></span> <span class='ocrx_word' id='word_1_424' title='bbox 1610 4856 1665 4909; x_wconf 91' lang='lat' dir='ltr'><strong>in</strong></span> <span class='ocrx_word' id='word_1_425' title='bbox 2059 4855 2165 4910; x_wconf 77' lang='lat'><strong>560</strong></span> <span class='ocrx_word' id='word_1_426' title='bbox 2381 4853 2448 4910; x_wconf 74' lang='lat' dir='ltr'><strong>l9</strong></span> <span class='ocrx_word' id='word_1_427' title='bbox 2595 4852 2860 4911; x_wconf 87' lang='lat' dir='ltr'><strong>Paulinus</strong></span> <span class='ocrx_word' id='word_1_428' title='bbox 2879 4863 2933 4927; x_wconf 88' lang='lat' dir='ltr'><strong>et</strong></span> <span class='ocrx_word' id='word_1_429' title='bbox 2953 4853 3251 4911; x_wconf 79' lang='lat' dir='ltr'><strong>Rhodanus</strong></span> <span class='ocrx_word' id='word_1_430' title='bbox 3281 4853 3581 4912; x_wconf 78' lang='lat' dir='ltr'><strong>Galliarum</strong></span> <span class='ocrx_word' id='word_1_431' title='bbox 3614 4856 3720 4927; x_wconf 72' lang='lat' dir='ltr'><strong>epi-</strong></span> 
     </span>
    </p>
   </div>
   <div class='ocr_carea' id='block_1_50' title="bbox 446 4922 3500 4997">
    <p class='ocr_par' dir='ltr' id='par_1_50' title="bbox 446 4922 3500 4997">
     <span class='ocr_line' id='line_1_51' title="bbox 446 4922 3500 4997; baseline 0.002 -20"><span class='ocrx_word' id='word_1_432' title='bbox 446 4924 745 4997; x_wconf 68' lang='lat' dir='ltr'><strong>Aquitania</strong></span> <span class='ocrx_word' id='word_1_433' title='bbox 758 4922 1169 4997; x_wconf 64' lang='lat' dir='ltr'><strong>ﬂorentissime</strong></span> <span class='ocrx_word' id='word_1_434' title='bbox 1199 4924 1439 4997; x_wconf 49' lang='lat' dir='ltr'><strong>docent.</strong></span> <span class='ocrx_word' id='word_1_435' title='bbox 1525 4996 1530 4997; x_wconf 79' lang='lat'><strong>7</strong></span> <span class='ocrx_word' id='word_1_436' title='bbox 1618 4995 1626 4997; x_wconf 70' lang='lat'><strong>7</strong></span> <span class='ocrx_word' id='word_1_437' title='bbox 2515 4927 2671 4997; x_wconf 79' lang='lat' dir='ltr'><strong>scapi</strong></span> <span class='ocrx_word' id='word_1_438' title='bbox 2699 4928 2755 4981; x_wconf 92' lang='lat' dir='ltr'><strong>in</strong></span> <span class='ocrx_word' id='word_1_439' title='bbox 2779 4926 3033 4982; x_wconf 79' lang='lat' dir='ltr'><strong>exsilium</strong></span> <span class='ocrx_word' id='word_1_440' title='bbox 3050 4928 3121 4982; x_wconf 87' lang='lat' dir='ltr'><strong>ob</strong></span> <span class='ocrx_word' id='word_1_441' title='bbox 3152 4927 3312 4982; x_wconf 80' lang='lat' dir='ltr'><strong>fidem</strong></span> <span class='ocrx_word' id='word_1_442' title='bbox 3336 4927 3500 4983; x_wconf 89' lang='lat' dir='ltr'><strong>trusi.</strong></span> 
     </span>
    </p>
   </div>
   <div class='ocr_carea' id='block_1_51' title="bbox 445 4993 1665 5123">
    <p class='ocr_par' dir='ltr' id='par_1_51' title="bbox 445 4993 1665 5123">
     <span class='ocr_line' id='line_1_52' title="bbox 445 4993 1665 5123; baseline 0.002 -74"><span class='ocrx_word' id='word_1_443' title='bbox 445 4993 718 5123; x_wconf 47' lang='lat' dir='ltr'><strong>doEe‘trus</strong></span> <span class='ocrx_word' id='word_1_444' title='bbox 745 4993 1183 5065; x_wconf 67' lang='lat' dir='ltr'><strong>Caesaraugustae</strong></span> <span class='ocrx_word' id='word_1_445' title='bbox 1209 5003 1400 5050; x_wconf 87' lang='lat' dir='ltr'><strong>orator</strong></span> <span class='ocrx_word' id='word_1_446' title='bbox 1428 4995 1665 5078; x_wconf 78' lang='lat' dir='ltr'><strong>insignis</strong></span> 
     </span>
     <span class='ocr_line' id='line_1_53' title="bbox 553 5081 629 5121; baseline -0.039 0"><span class='ocrx_word' id='word_1_447' title='bbox 553 5081 584 5121; x_wconf 88' lang='lat' dir='ltr'><strong>e</strong></span> <span class='ocrx_word' id='word_1_448' title='bbox 616 5104 629 5118; x_wconf 95' lang='lat'><strong>.</strong></span> 
     </span>
    </p>
   </div>
   <div class='ocr_carea' id='block_1_52' title="bbox 521 5181 3720 5256">
    <p class='ocr_par' dir='ltr' id='par_1_52' title="bbox 521 5181 3720 5256">
     <span class='ocr_line' id='line_1_54' title="bbox 521 5181 3720 5256; baseline 0.001 -16"><span class='ocrx_word' id='word_1_449' title='bbox 521 5183 790 5250; x_wconf 88' lang='lat' dir='ltr'><strong>Donatus,</strong></span> <span class='ocrx_word' id='word_1_450' title='bbox 825 5198 856 5239; x_wconf 89' lang='lat' dir='ltr'><strong>a</strong></span> <span class='ocrx_word' id='word_1_451' title='bbox 888 5200 999 5255; x_wconf 88' lang='lat' dir='ltr'><strong>quo</strong></span> <span class='ocrx_word' id='word_1_452' title='bbox 1027 5199 1194 5256; x_wconf 85' lang='lat' dir='ltr'><strong>supra</strong></span> <span class='ocrx_word' id='word_1_453' title='bbox 1220 5183 1557 5241; x_wconf 90' lang='lat' dir='ltr'><strong>Donatianos</strong></span> <span class='ocrx_word' id='word_1_454' title='bbox 1587 5184 1698 5240; x_wconf 90' lang='lat' dir='ltr'><strong>dici</strong></span> <span class='ocrx_word' id='word_1_455' title='bbox 1733 5186 1789 5240; x_wconf 92' lang='lat' dir='ltr'><strong>in</strong></span> <span class='ocrx_word' id='word_1_456' title='bbox 1814 5183 2001 5240; x_wconf 82' lang='lat' dir='ltr'><strong>Africa</strong></span> <span class='ocrx_word' id='word_1_457' title='bbox 2033 5182 2464 5240; x_wconf 87' lang='lat' dir='ltr'><strong>memoravimus</strong></span> <span class='ocrx_word' id='word_1_458' title='bbox 2484 5220 2502 5248; x_wconf 91' lang='lat'><strong>,</strong></span> <span class='ocrx_word' id='word_1_459' title='bbox 2537 5181 2890 5253; x_wconf 66' lang='lat' dir='ltr'><strong>Carthagine</strong></span> <span class='ocrx_word' id='word_1_460' title='bbox 2933 5181 3177 5253; x_wconf 90' lang='lat' dir='ltr'><strong>pellitur.</strong></span> <span class='ocrx_word' id='word_1_461' title='bbox 3220 5181 3454 5250; x_wconf 83' lang='lat' dir='ltr'><strong>Quidam</strong></span> <span class='ocrx_word' id='word_1_462' title='bbox 3482 5191 3720 5242; x_wconf 80' lang='lat' dir='ltr'><strong>sectato-</strong></span> 
     </span>
    </p>
   </div>
   <div class='ocr_carea' id='block_1_53' title="bbox 450 5275 3453 5349">
    <p class='ocr_par' dir='ltr' id='par_1_53' title="bbox 450 5275 3453 5349">
     <span class='ocr_line' id='line_1_55' title="bbox 450 5275 3453 5349; baseline -0.001 -13"><span class='ocrx_word' id='word_1_463' title='bbox 450 5295 543 5337; x_wconf 86' lang='lat' dir='ltr'><strong>res</strong></span> <span class='ocrx_word' id='word_1_464' title='bbox 569 5279 693 5348; x_wconf 89' lang='lat' dir='ltr'><strong>ejus</strong></span> <span class='ocrx_word' id='word_1_465' title='bbox 721 5281 886 5333; x_wconf 88' lang='lat' dir='ltr'><strong>etiam</strong></span> <span class='ocrx_word' id='word_1_466' title='bbox 920 5277 1234 5334; x_wconf 75' lang='lat' dir='ltr'><strong>Montenses</strong></span> <span class='ocrx_word' id='word_1_467' title='bbox 1268 5289 1490 5343; x_wconf 90' lang='lat' dir='ltr'><strong>vocant,</strong></span> <span class='ocrx_word' id='word_1_468' title='bbox 1529 5294 1596 5334; x_wconf 91' lang='lat' dir='ltr'><strong>eo</strong></span> <span class='ocrx_word' id='word_1_469' title='bbox 1629 5280 1775 5349; x_wconf 91' lang='lat' dir='ltr'><strong>quod</strong></span> <span class='ocrx_word' id='word_1_470' title='bbox 1802 5279 2092 5334; x_wconf 84' lang='lat' dir='ltr'><strong>ecclesiam</strong></span> <span class='ocrx_word' id='word_1_471' title='bbox 2124 5276 2309 5334; x_wconf 69' lang='lat' dir='ltr'><strong>llomte</strong></span> <span class='ocrx_word' id='word_1_472' title='bbox 2342 5276 2579 5347; x_wconf 91' lang='lat' dir='ltr'><strong>primum</strong></span> <span class='ocrx_word' id='word_1_473' title='bbox 2613 5275 2668 5329; x_wconf 92' lang='lat' dir='ltr'><strong>in</strong></span> <span class='ocrx_word' id='word_1_474' title='bbox 2699 5285 2884 5330; x_wconf 91' lang='lat' dir='ltr'><strong>monte</strong></span> <span class='ocrx_word' id='word_1_475' title='bbox 2912 5275 3114 5332; x_wconf 89' lang='lat' dir='ltr'><strong>habere</strong></span> <span class='ocrx_word' id='word_1_476' title='bbox 3147 5283 3453 5346; x_wconf 76' lang='lat' dir='ltr'><strong>cmperunt.</strong></span> 
     </span>
    </p>
   </div>
   <div class='ocr_carea' id='block_1_54' title="bbox 519 5366 3720 5444">
    <p class='ocr_par' dir='ltr' id='par_1_54' title="bbox 519 5366 3720 5444">
     <span class='ocr_line' id='line_1_56' title="bbox 519 5366 3720 5444; baseline 0 -19"><span class='ocrx_word' id='word_1_477' title='bbox 519 5371 788 5428; x_wconf 85' lang='lat' dir='ltr'><strong>Eusebius</strong></span> <span class='ocrx_word' id='word_1_478' title='bbox 849 5368 1214 5425; x_wconf 83' lang='lat' dir='ltr'><strong>Vercellensis</strong></span> <span class='ocrx_word' id='word_1_479' title='bbox 1245 5371 1555 5441; x_wconf 90' lang='lat' dir='ltr'><strong>episcopus,</strong></span> <span class='ocrx_word' id='word_1_480' title='bbox 1593 5380 1648 5427; x_wconf 92' lang='lat' dir='ltr'><strong>et</strong></span> <span class='ocrx_word' id='word_1_481' title='bbox 1670 5370 1909 5434; x_wconf 83' lang='lat' dir='ltr'><strong>Lucifer,</strong></span> <span class='ocrx_word' id='word_1_482' title='bbox 1943 5386 2008 5425; x_wconf 90' lang='lat' dir='ltr'><strong>ac</strong></span> <span class='ocrx_word' id='word_1_483' title='bbox 2045 5369 2341 5444; x_wconf 83' lang='lat' dir='ltr'><strong>Dionysius</strong></span> <span class='ocrx_word' id='word_1_484' title='bbox 2384 5367 2734 5431; x_wconf 68' lang='lat' dir='ltr'><strong>Caralitanaa,</strong></span> <span class='ocrx_word' id='word_1_485' title='bbox 2767 5375 2820 5421; x_wconf 93' lang='lat' dir='ltr'><strong>et</strong></span> <span class='ocrx_word' id='word_1_486' title='bbox 2843 5366 3270 5424; x_wconf 79' lang='lat' dir='ltr'><strong>Mediolancnsis</strong></span> <span class='ocrx_word' id='word_1_487' title='bbox 3304 5368 3561 5425; x_wconf 68' lang='lat' dir='ltr'><strong>Ecclesiae</strong></span> <span class='ocrx_word' id='word_1_488' title='bbox 3602 5369 3720 5442; x_wconf 78' lang='lat' dir='ltr'><strong>epi-</strong></span> 
     </span>
    </p>
   </div>
   <div class='ocr_carea' id='block_1_55' title="bbox 450 5459 3716 5536">
    <p class='ocr_par' dir='ltr' id='par_1_55' title="bbox 450 5459 3716 5536">
     <span class='ocr_line' id='line_1_57' title="bbox 450 5459 3716 5536; baseline -0.001 -16"><span class='ocrx_word' id='word_1_489' title='bbox 450 5466 626 5535; x_wconf 79' lang='lat' dir='ltr'><strong>scopi,</strong></span> <span class='ocrx_word' id='word_1_490' title='bbox 681 5463 1004 5522; x_wconf 84' lang='lat' dir='ltr'><strong>Pancratius</strong></span> <span class='ocrx_word' id='word_1_491' title='bbox 1030 5479 1249 5534; x_wconf 91' lang='lat' dir='ltr'><strong>quoque</strong></span> <span class='ocrx_word' id='word_1_492' title='bbox 1299 5463 1579 5521; x_wconf 79' lang='lat' dir='ltr'><strong>Romanus</strong></span> <span class='ocrx_word' id='word_1_493' title='bbox 1623 5465 1928 5536; x_wconf 88' lang='lat' dir='ltr'><strong>presbyter,</strong></span> <span class='ocrx_word' id='word_1_494' title='bbox 1965 5471 2019 5519; x_wconf 89' lang='lat' dir='ltr'><strong>et</strong></span> <span class='ocrx_word' id='word_1_495' title='bbox 2053 5462 2272 5520; x_wconf 88' lang='lat' dir='ltr'><strong>Hilarus</strong></span> <span class='ocrx_word' id='word_1_496' title='bbox 2318 5462 2587 5517; x_wconf 90' lang='lat' dir='ltr'><strong>diaconus</strong></span> <span class='ocrx_word' id='word_1_497' title='bbox 2628 5459 2964 5515; x_wconf 87' lang='lat' dir='ltr'><strong>distantibus</strong></span> <span class='ocrx_word' id='word_1_498' title='bbox 2994 5461 3137 5517; x_wconf 89' lang='lat' dir='ltr'><strong>inter</strong></span> <span class='ocrx_word' id='word_1_499' title='bbox 3165 5476 3226 5518; x_wconf 85' lang='lat' dir='ltr'><strong>se</strong></span> <span class='ocrx_word' id='word_1_500' title='bbox 3253 5461 3324 5516; x_wconf 93' lang='lat' dir='ltr'><strong>ab</strong></span> <span class='ocrx_word' id='word_1_501' title='bbox 3349 5461 3568 5517; x_wconf 79' lang='lat' dir='ltr'><strong>Arianis</strong></span> <span class='ocrx_word' id='word_1_502' title='bbox 3592 5470 3646 5517; x_wconf 87' lang='lat' dir='ltr'><strong>et</strong></span> <span class='ocrx_word' id='word_1_503' title='bbox 3685 5479 3716 5518; x_wconf 84' lang='lat' dir='ltr'><strong>a</strong></span> 
     </span>
    </p>
   </div>
   <div class='ocr_carea' id='block_1_56' title="bbox 447 5557 1390 5614">
    <p class='ocr_par' dir='ltr' id='par_1_56' title="bbox 447 5557 1390 5614">
     <span class='ocr_line' id='line_1_58' title="bbox 447 5557 1390 5614; baseline 0 0"><span class='ocrx_word' id='word_1_504' title='bbox 447 5559 773 5614; x_wconf 78' lang='lat' dir='ltr'><strong>Constantio</strong></span> <span class='ocrx_word' id='word_1_505' title='bbox 802 5561 1136 5614; x_wconf 90' lang='lat' dir='ltr'><strong>damnantur</strong></span> <span class='ocrx_word' id='word_1_506' title='bbox 1159 5557 1390 5614; x_wconf 80' lang='lat' dir='ltr'><strong>exsiliis.</strong></span> 
     </span>
    </p>
   </div>
   <div class='ocr_carea' id='block_1_57' title="bbox 519 5669 3717 5747">
    <p class='ocr_par' dir='ltr' id='par_1_57' title="bbox 519 5669 3717 5747">
     <span class='ocr_line' id='line_1_59' title="bbox 519 5669 3717 5747; baseline -0.003 -14"><span class='ocrx_word' id='word_1_507' title='bbox 519 5676 770 5733; x_wconf 84' lang='lat' dir='ltr'><strong>Julianus</strong></span> <span class='ocrx_word' id='word_1_508' title='bbox 819 5676 989 5734; x_wconf 85' lang='lat' dir='ltr'><strong>frater</strong></span> <span class='ocrx_word' id='word_1_509' title='bbox 1021 5675 1162 5732; x_wconf 90' lang='lat' dir='ltr'><strong>Galli</strong></span> <span class='ocrx_word' id='word_1_510' title='bbox 1209 5675 1498 5734; x_wconf 82' lang='lat' dir='ltr'><strong>Mediolani</strong></span> <span class='ocrx_word' id='word_1_511' title='bbox 1540 5674 1652 5731; x_wconf 65' lang='grc' dir='ltr'><strong>(Σω-</strong></span> <span class='ocrx_word' id='word_1_512' title='bbox 2055 5746 2062 5747; x_wconf 85' lang='lat'><strong>7</strong></span> <span class='ocrx_word' id='word_1_513' title='bbox 2097 5744 2112 5747; x_wconf 87' lang='lat'>_</span> <span class='ocrx_word' id='word_1_514' title='bbox 2373 5745 2386 5747; x_wconf 87' lang='lat'>_</span> <span class='ocrx_word' id='word_1_515' title='bbox 2414 5746 2421 5747; x_wconf 84' lang='lat'><strong>7</strong></span> <span class='ocrx_word' id='word_1_516' title='bbox 2581 5670 2896 5747; x_wconf 69' lang='lat' dir='ltr'><strong>Sarmatha,</strong></span> <span class='ocrx_word' id='word_1_517' title='bbox 2922 5670 3209 5747; x_wconf 43' lang='lat' dir='ltr'><strong>Amathas,</strong></span> <span class='ocrx_word' id='word_1_518' title='bbox 3248 5679 3303 5747; x_wconf 79' lang='lat' dir='ltr'><strong>et</strong></span> <span class='ocrx_word' id='word_1_519' title='bbox 3323 5669 3599 5747; x_wconf 73' lang='lat' dir='ltr'><strong>Macarius</strong></span> <span class='ocrx_word' id='word_1_520' title='bbox 3632 5669 3717 5725; x_wconf 83' lang='lat' dir='ltr'><strong>di-</strong></span> 
     </span>
    </p>
   </div>
   <div class='ocr_carea' id='block_1_58' title="bbox 451 5741 3692 5825">
    <p class='ocr_par' dir='ltr' id='par_1_58' title="bbox 451 5741 3692 5825">
     <span class='ocr_line' id='line_1_60' title="bbox 451 5741 3692 5825; baseline -0.003 -23"><span class='ocrx_word' id='word_1_521' title='bbox 451 5764 557 5825; x_wconf 56' lang='lat' dir='ltr'><strong>sat;</strong></span> <span class='ocrx_word' id='word_1_522' title='bbox 582 5748 908 5825; x_wconf 78' lang='lat' dir='ltr'><strong>appellatur.</strong></span> <span class='ocrx_word' id='word_1_523' title='bbox 1006 5819 1036 5825; x_wconf 81' lang='lat'><strong>77</strong></span> <span class='ocrx_word' id='word_1_524' title='bbox 1077 5816 1138 5825; x_wconf 87' lang='lat'><strong>___</strong></span> <span class='ocrx_word' id='word_1_525' title='bbox 1263 5819 1275 5825; x_wconf 91' lang='lat'><em>_</em></span> <span class='ocrx_word' id='word_1_526' title='bbox 1756 5749 1897 5820; x_wconf 79' lang='lat'><strong>285</strong></span> <span class='ocrx_word' id='word_1_527' title='bbox 2051 5744 2150 5801; x_wconf 74' lang='lat'><strong>561</strong></span> <span class='ocrx_word' id='word_1_528' title='bbox 2363 5745 2434 5800; x_wconf 78' lang='lat'><strong>20</strong></span> <span class='ocrx_word' id='word_1_529' title='bbox 2514 5742 2708 5825; x_wconf 67' lang='lat' dir='ltr'><strong>scipuli</strong></span> <span class='ocrx_word' id='word_1_530' title='bbox 2733 5742 2954 5822; x_wconf 47' lang='lat' dir='ltr'><strong>Antonii</strong></span> <span class='ocrx_word' id='word_1_531' title='bbox 2981 5742 3224 5825; x_wconf 70' lang='lat' dir='ltr'><strong>insignes</strong></span> <span class='ocrx_word' id='word_1_532' title='bbox 3249 5741 3536 5822; x_wconf 77' lang='lat' dir='ltr'><strong>habentur.</strong></span> <span class='ocrx_word' id='word_1_533' title='bbox 3680 5812 3692 5824; x_wconf 60' lang='lat'><strong>7</strong></span> 
     </span>
    </p>
   </div>
   <div class='ocr_carea' id='block_1_59' title="bbox 521 5810 3718 5887">
    <p class='ocr_par' dir='ltr' id='par_1_59' title="bbox 521 5810 3718 5887">
     <span class='ocr_line' id='line_1_61' title="bbox 521 5810 3718 5887; baseline -0.002 -15"><span class='ocrx_word' id='word_1_534' title='bbox 521 5810 787 5886; x_wconf 77' lang='lat' dir='ltr'><strong>Reliquiae</strong></span> <span class='ocrx_word' id='word_1_535' title='bbox 809 5819 1040 5887; x_wconf 91' lang='lat' dir='ltr'><strong>apostoli</strong></span> <span class='ocrx_word' id='word_1_536' title='bbox 1077 5816 1353 5874; x_wconf 85' lang='lat' dir='ltr'><strong>Timothei</strong></span> <span class='ocrx_word' id='word_1_537' title='bbox 1381 5817 1651 5873; x_wconf 82' lang='lat' dir='ltr'><strong>Constan-</strong></span> <span class='ocrx_word' id='word_1_538' title='bbox 1757 5810 1889 5820; x_wconf 68' lang='grc'><strong>”“</strong></span> <span class='ocrx_word' id='word_1_539' title='bbox 2504 5881 2538 5887; x_wconf 76' lang='lat'><strong>77</strong></span> <span class='ocrx_word' id='word_1_540' title='bbox 2586 5810 2837 5887; x_wconf 72' lang='lat' dir='ltr'><strong>Liberius</strong></span> <span class='ocrx_word' id='word_1_541' title='bbox 2857 5812 3151 5882; x_wconf 88' lang='lat' dir='ltr'><strong>episcopus</strong></span> <span class='ocrx_word' id='word_1_542' title='bbox 3171 5810 3453 5868; x_wconf 80' lang='lat' dir='ltr'><strong>Romanus</strong></span> <span class='ocrx_word' id='word_1_543' title='bbox 3485 5813 3540 5866; x_wconf 85' lang='lat' dir='ltr'><strong>in</strong></span> <span class='ocrx_word' id='word_1_544' title='bbox 3577 5812 3718 5867; x_wconf 72' lang='lat' dir='ltr'><strong>exsi-</strong></span> 
     </span>
    </p>
   </div>
   <div class='ocr_carea' id='block_1_60' title="bbox 449 5881 2915 5959">
    <p class='ocr_par' dir='ltr' id='par_1_60' title="bbox 449 5881 2915 5959">
     <span class='ocr_line' id='line_1_62' title="bbox 449 5881 2915 5959; baseline -0.004 -14"><span class='ocrx_word' id='word_1_545' title='bbox 449 5881 696 5959; x_wconf 78' lang='lat' dir='ltr'><strong>uopolim</strong></span> <span class='ocrx_word' id='word_1_546' title='bbox 712 5881 970 5948; x_wconf 66' lang='lat' dir='ltr'><strong>invectae.</strong></span> <span class='ocrx_word' id='word_1_547' title='bbox 1209 5955 1212 5958; x_wconf 8' lang='grc' dir='ltr'><strong><em>ξ</em></strong></span> <span class='ocrx_word' id='word_1_548' title='bbox 2504 5881 2636 5938; x_wconf 88' lang='lat' dir='ltr'><strong>lium</strong></span> <span class='ocrx_word' id='word_1_549' title='bbox 2665 5883 2915 5937; x_wconf 88' lang='lat' dir='ltr'><strong>mittitur.</strong></span> 
     </span>
    </p>
   </div>
  </div>
