4142 6400
400 377 506 434 593
1630 383 2131 441 CHRONICORUM
2165 384 2294 439 LIB.
2339 385 2403 439 Il.
3545 386 3647 444 59‘

1640 649 1832 691 οιικιι.
1884 650 2148 692 CHRISTUS
2222 651 2351 690 ROI.

2163 817 2438 901 Constan-

2229 899 2341 944 tius

1922 987 2136 1002 Ψ-

2203 987 2417 1001 "—

468 1062 738 1120 Antonius
768 1063 1075 1121 monachus
1120 1066 1420 1122 centesimo
1455 1068 1647 1139 quinto
1680 1083 1829 1124 anno
1855 1069 2030 1126 aetatis
2079 1068 2137 1124 in
2181 1084 2371 1125 eremo
2415 1068 2668 1132 moritur,
2702 1069 2900 1125 solitus
2949 1068 3136 1126 multis
3169 1069 3238 1124 ad
3287 1084 3348 1126 se
3385 1068 3660 1126 venienti-

399 1158 503 1214 bus
532 1157 600 1212 de
635 1155 804 1213 Paulo
829 1159 1062 1230 quodam
1095 1157 1331 1216 Thebaeo
1368 1161 1519 1217 mira:
1569 1163 1922 1220 beatitudinis
1973 1164 2092 1219 viro
2145 1163 2350 1220 referre
2391 1164 2710 1234 complura:
2744 1162 2904 1233 cujus
2936 1177 3037 1220 nos
3062 1163 3268 1220 exitum
3287 1163 3436 1222 brevi
3465 1164 3648 1223 libello

398 1247 782 1318 explicuimus.
1585 1259 1592 1268 '

469 1337 708 1395 Hilarius
763 1339 1052 1411 episcopus
1091 1338 1449 1399 Pictaviensis
1506 1340 1742 1399 factione
1796 1341 2079 1399 Saturnini
2134 1344 2465 1402 Arelatensis
2499 1345 2761 1416 episcopi,
2792 1345 3242 1416 reliquorumque,
3276 1347 3540 1424 quicum
3579 1363 3646 1405 eo

396 1439 576 1499 erant,
603 1431 956 1498 Arianorum,
985 1442 1111 1489 ante
1133 1435 1433 1491 triennium
1465 1437 1520 1490 in
1558 1433 1846 1508 Phrygiam
1877 1439 2068 1508 pulsus
2098 1438 2268 1494 libros
2296 1437 2363 1493 de
2391 1445 2580 1494 nostra
2603 1438 2863 1508 religione
2891 1437 3188 1509 componit.

471 1521 728 1578 Saraceni
776 1524 832 1579 in
872 1527 1266 1581 monasterium
1305 1526 1447 1582 beati
1475 1526 1694 1582 Antonii
1722 1529 1994 1585 irruentes
2029 1528 2374 1583 Sarmathain
2401 1529 2753 1584 interficiunt.

467 1613 672 1688 Magnae
707 1615 1136 1686 Alamannorum
1170 1617 1340 1688 copiae
1367 1616 1512 1688 apud
1539 1618 1961 1690 Argentoratum
1993 1617 2092 1692 [aL
2116 1619 2517 1691 Argentarium,
2542 1619 2686 1689 infra
2715 1619 3409 1693 Argentariam],oppidum
3442 1617 3645 1675 Gallia-

396 1725 540 1778 rum,
570 1725 600 1765 a
636 1709 852 1768 Caesare
870 1709 1088 1768 Iuliano
1112 1727 1406 1784 oppressae.

473 1862 772 1942 Evant'hins
825 1863 1232 1942 eruditissimus
1279 1866 1599 1942 grammati.
1949 1866 2055 1922 362
2265 1868 2330 1926 2!
2458 1941 2461 1942 ν
2536 1868 2864 1942 Constantio
2896 1867 3138 1942 _Bomal_n
3185 1871 3463 1942 ingresso,
3515 1883 3643 1927 ossa

395 1949 599 2014 eorum
629 1933 1104 2014 Constantinopoli
1140 1933 1299 2014 diem
1334 1937 1469 1990 obiit
1497 1955 1511 1990 :
1541 1937 1598 1991 in
2439 1941 2666 2014 Andreae
2693 1939 2971 2014 apostoli.
2994 1947 3049 1996 et
3074 1933 3274 2014 Διιιιιρςιῖ
3295 1933 3646 2014 evangelista

395 2005 554 2128 coitus
587 2003 766 2060 locum
804 2019 872 2060 ex
907 2003 1092 2062 Africa
1134 2005 1399 2062 Chrestus
1434 2021 1598 2063 assu-
2441 2025 2471 2063 a
2504 2003 3120 2080 Constatitinopolitanis
3152 2011 3289 2068 miro
3312 2003 3497 2070 favore
3521 2027 3646 2070 sus-

395 2092 467 2130 nn
499 2091 584 2129 ur.
2436 2089 2616 2152 cepta.

464 2167 726 2224 Paulinus
777 2165 1128 2223 Trevirorum
1173 2169 1464 2240 episcopus
1496 2170 1551 2224 in
1579 2167 1812 2242 Phrygia
1854 2170 1954 2243 [αι.
1990 2171 2208 2246 Pythia]
2235 2175 2503 2244 exsulans
2542 2175 2794 2231 moritur.

466 2256 784 2315 Nicomedia
807 2265 966 2315 terrae
993 2267 1144 2314 motu
1176 2257 1423 2320 funditus
1449 2274 1662 2325 eversa,
1695 2260 1890 2316 vicinis
1920 2261 2150 2319 urbibus
2181 2278 2250 2320 ex-
2279 2270 2435 2334 parte
2463 2263 2721 2319 versatis.

1939 2352 2044 2408 565
2259 2353 2333 2408 22

464 2463 716 2536 Synodus
749 2465 894 2535 apud
932 2465 1237 2521 Ariminum
1279 2474 1336 2521 et
1377 2463 1679 2521 Seleuciam
1709 2462 1934 2520 Isauriae
1976 2463 2167 2522 facta:
2213 2467 2268 2522 in
2315 2482 2422 2539 qua
2455 2468 2684 2539 antiqua
2729 2464 2952 2524 Patrum
2988 2467 3144 2536 fides,
3173 2469 3364 2528 decem
3407 2471 3644 2542 primum

397 2558 722 2626 legatorum,
749 2558 946 2614 dehinc
976 2557 1218 2612 omnium
1250 2557 1556 2628 proditione
1586 2555 1841 2612 damnata
1866 2563 1971 2613 est.

464 2647 726 2724 Hilarius,
769 2665 893 2704 cum
944 2647 1088 2724 apud
1137 2647 1600 2724 Constantinopo-
1682 2662 1691 2672 '
1951 2648 2061 2706 364
2267 2650 2350 2706 23
2443 2721 2476 2724 η
2518 2650 2826 2724 Honoratus
2849 2667 2913 2706 ex
2946 2653 3202 2724 praefecto
3233 2653 3488 2724 praetorio
3516 2652 3645 2724 Gal-

398 2720 492 2772 lim
523 2719 859 2795 librnm__pro
891 2719 1292 2795 sc‘Constanlio
1323 2719 1601 2792 porrexis-
2442 2721 2888 2795 liarumprimus
2934 2719 3407 2795 Constantinopoli
3450 2723 3644 2795 praefe-

397 2796 502 2847 set,
528 2789 596 2844 ad
627 2789 832 2846 Gallias
857 2790 1038 2845 rediit.
1323 2789 1340 2792 “
2431 2799 2555 2846 ctus
2589 2789 2708 2845 urbi
2741 2791 2938 2848 factus.

470 2858 820 2916 Macedonius
842 2860 1316 2932 Constantinopoli
1356 2860 1607 2932 pellitur-
2511 2860 2828 2984 Gratianus,
2863 2863 2956 2933 qui
2990 2877 3139 2919 nunc
3193 2864 3493 2935 imperator
3533 2869 3640 2926 est.

2433 2946 2588 2987 naso:
2619 2947 2706 2985 ur.

466 3043 670 3102 Omnes
701 3063 838 3118 pene
861 3055 976 3103 toto
997 3049 1130 3105 orbe
1153 3047 1411 3106 Ecclesia:
1436 3049 1539 3105 sub
1557 3049 1774 3104 nomine
1804 3050 1956 3120 pacis
1976 3057 2031 3105 et
2057 3048 2202 3124 regis
2223 3049 2552 3104 Arianorum
2581 3047 2861 3104 consortio
2883 3049 3220 3119 polluuntur.

431 3135 833 3225 ΒΑςοῐιέῑιυιιίιεε
878 3138 1419 3225 Mepsocrenisinter
1461 3141 1595 3196 Cili-
1661 3155 1804 3225 286
1950 3140 2056 3197 565
2271 3140 2342 3196 24
2461 3140 2988 3225 “constantinopoli
3016 3140 3252 3196 maxima
3295 3137 3528 3196 ecclesia
3557 3140 3644 3196 de-

396 3207 536 3281 ciam
586 3207 1095 3281 Cappadociamque
1134 3211 1403 3278 moritur,
1450 3227 1596 3268 anno
1664 3207 1803 3225 ’νυ
2443 3210 2680 3268 dicatur.

393 3279 568 3334 atatis
589 3277 822 3352 uvlal.
850 3277 1022 3353 xnnjf
1147 3351 1152 3354 i
1387 3277 1392 3278 7
2448 3351 2457 3354 _
2512 3281 2688 3354 Callia
2711 3278 3101 3354 perAIIilarium
3147 3278 3513 3354 Ariminensis
3539 3277 3642 3352 [aL

2431 3349 2674 3423 Arianae]
2706 3349 2947 3422 perfidiae
2971 3350 3126 3406 dolos
3154 3350 3397 3406 damnat.

465 3483 714 3541 Meletius
753 3485 1014 3542 Sebastize
1045 3487 1426 3543 Armeniorum
1459 3487 1748 3558 episcopus
1780 3485 1850 3542 ab
1882 3485 2086 3542 Acacio
2137 3501 2193 3548 et
2227 3487 2462 3562 Georgio
2513 3483 2789 3556 episcopis
2827 3483 3047 3540 Arianis
3085 3483 3433 3540 Antiochiam
3465 3492 3647 3540 trans-

395 3579 606 3634 fertur:
648 3584 704 3633 et
745 3587 869 3648 post
909 3594 1021 3634 non
1060 3579 1266 3652 grande
1313 3583 1575 3652 temporis
1617 3581 1986 3648 intervallum,
2033 3595 2158 3637 cum
2188 3578 2558 3652 presbyteros,
2607 3579 2703 3650 qui
2741 3579 2810 3634 ab
2851 3577 3099 3634 Eudoxio
3144 3587 3495 3636 antecessore
3543 3591 3644 3634 suo

393 3669 628 3742 depositi
660 3670 896 3737 fuerant,
928 3673 1288 3744 suscepisset,
1317 3675 1496 3729 exsilii
1519 3673 1885 3745 justissimam
1912 3688 2139 3732 causam
2177 3673 2358 3730 subita
2388 3671 2513 3728 fidei
2547 3671 2919 3727 demutatione
2946 3670 3166 3726 delusit.

476 3825 721 3902 Georgio
756 3845 852 3902 per
897 3829 1454 3902 seditionemupOpuli
1503 3831 1589 3902 in-
2159 3825 2452 3884 XXXVIII.
2484 3824 2817 3882 JULIANUS
2852 3841 2996 3880 anno
3022 3839 3151 3890 uno,
3184 3824 3467 3880 mensibus
3494 3830 3639 3880 octo.

391 3911 579 3959 censo,
599 3899 774 3967 quiin'
799 3903 972 3954 locum
992 3899 1281 3954 Athanasii
1319 3902 1388 3956 ab
1430 3901 1590 3955 Aria-

393 3968 481 4022 nis
533 3969 710 4024 fuerat
760 3970 1068 4034 ordinatus.
1103 3970 1440 4027 Athanasius
1468 3970 1590 4026 Ale-
1938 3968 2044 4024 366
2294 3969 2322 4023 ι

394 4036 675 4094 xandriam
709 4043 1024 4096 revertitur.

460 4153 680 4214 Iuliano
734 4159 802 4214 ad
851 4159 1122 4215 idolorum
1162 4159 1370 4214 cultum
1414 4174 1704 4226 converso,
1749 4155 1948 4214 blanda
1989 4157 2298 4228 persecutio
2347 4155 2449 4210 fuit
2500 4154 2734 4211 illiciens
2777 4155 2974 4228 magis,
3028 4170 3192 4228 quam
3239 4153 3524 4226 impellens
3575 4152 3641 4208 ad

393 4251 810 4308 sacrificandum
846 4272 862 4307 :
897 4253 953 4307 in
992 4266 1101 4322 qua
1133 4252 1288 4306 multi
1325 4267 1391 4306 ex
1423 4252 1630 4308 nostris
1654 4252 1934 4307 voluntate
1960 4251 2180 4320 propria
2213 4255 2562 4304 corruerunt.

463 4344 730 4403 Eusebius
753 4355 807 4402 et
834 4347 1052 4404 Lucifer
1071 4348 1138 4404 de
1163 4347 1360 4404 exsilio
1388 4358 1736 4404 revertuntur
1762 4369 1775 4404 :
1802 4365 1832 4405 e
1865 4349 2064 4418 quibus
2093 4345 2311 4404 Lucifer
2364 4349 2560 4408 ascitis
2599 4347 2816 4404 duobus
2877 4346 3290 4404 confessoribus
3334 4345 3642 4408 Paulinum,

392 4438 674 4495 Eustachii
707 4425 947 4512 episcopi
999 4441 1402 4514 presbyterum.
1425 4441 1520 4512 qui
1573 4457 1632 4498 se
1669 4455 1946 4513 nunquam
1975 4440 2354 4496 haereticorum
2380 4441 2768 4497 communione
2796 4439 3085 4510 polluerat,
3118 4438 3175 4492 in
3201 4443 3353 4508 parte
3375 4434 3643 4490 catholica

393 4529 696 4587 Antiochia:
725 4532 1043 4602 episcopum
1075 4531 1233 4588 facit.
1351 4520 1358 4532 ’

1947 4623 2054 4678 567
2296 4623 2346 4678 2'.
2508 4621 2839 4679 £milianus
2874 4621 2946 4676 ob
2975 4634 3195 4674 ararum
3229 4616 3642 4674 subversionem

2437 4692 2725 4750 Dorostori
2756 4707 2788 4747 a
2815 4691 3024 4746 vicario
3047 4689 3376 4746 incenditur.

459 4810 834 4871 Prolmresius
891 4814 1135 4885 sophista
1186 4815 1557 4881 Atheniensis,
1589 4815 1706 4887 lege
1749 4816 1895 4880 data,
1935 4831 2003 4872 ne
2035 4814 2331 4871 Christiani
2383 4813 2690 4869 liberalium
2739 4810 2936 4865 artium
2988 4809 3244 4864 doctores
3273 4809 3480 4868 essent,
3515 4814 3644 4858 cum

391 4909 494 4964 sibi
526 4908 839 4978 specialiter
860 4906 1112 4963 Julianus
1143 4907 1487 4971 concederet,
1517 4915 1577 4962 ut
1613 4907 1957 4964 Christianos
1981 4905 2223 4971 doceret,
2258 4905 2503 4962 scholam
2531 4911 2725 4975 sponte
2752 4898 3016 4958 deseruit.

460 4995 707 5054 Ecclesia
755 4996 1060 5052 Antiochiae
1115 4997 1324 5061 clausa,
1384 5004 1439 5051 et
1492 4996 1814 5067 gravissima
1856 4995 2192 5052 imminentis
2252 4994 2659 5066 persecutionis
2716 4992 2958 5064 procella
3003 4989 3096 5046 Dei
3129 4989 3412 5044 voluntate
3462 4986 3644 5056 sopita

389 5097 494 5146 est.
543 5089 678 5146 Nam
718 5086 972 5146 Julianus
1010 5089 1066 5144 in
1110 5090 1307 5145 Persas
1337 5081 1614 5160 prefectus
1657 5099 1906 5145 nostrum
1936 5096 2062 5160 post
2095 5089 2383 5144 victoriam
2410 5087 2524 5144 diis
2561 5087 2888 5158 sanguinem
2917 5091 3140 5140 voverat
3169 5100 3184 5136 :
3217 5081 3310 5136 ubi
3341 5093 3372 5133 a
3404 5077 3644 5152 quodam

391 5184 649 5240 simulato
696 5184 924 5256 perfuga
978 5185 1044 5239 ad
1077 5183 1290 5240 deserta
1332 5184 1652 5256 perductus,
1685 5199 1810 5240 cum
1845 5183 1990 5240 fame
2029 5192 2087 5240 et
2129 5184 2219 5240 siti
2267 5183 2530 5254 Apostata
2562 5183 2892 5255 perdidisset
2913 5179 3239 5244 exercitum,
3272 5183 3327 5232 et
3363 5173 3645 5230 inconsul-

391 5277 503 5334 tius
551 5294 583 5334 a
635 5293 860 5334 suorum
891 5285 1102 5334 erraret
1149 5278 1482 5351 agminibus,
1533 5279 1604 5336 ab
1635 5279 1796 5336 obvio
1841 5277 1982 5334 forte
2027 5277 2270 5334 hostium
2311 5277 2494 5347 equite
2533 5282 2696 5330 conto
2738 5273 2832 5329 ilia
2891 5271 3178 5344 perfossus
3233 5267 3464 5331 interiit,
3495 5279 3644 5321 anno

389 5369 566 5426 aetatis
619 5384 748 5425 χχχι
801 5368 903 5443 [αι.
962 5367 1160 5441 xxxn].
1220 5368 1352 5425 Post
1405 5384 1568 5442 quem
1617 5369 1878 5441 sequenti.
1919 5369 2019 5425 die
2071 5366 2336 5424 Iovianus
2385 5381 2455 5422 ex.
2493 5364 2811 5436 primicerio
2853 5362 3286 5420 domesticorum
3344 5359 3643 5430 imperator

391 5458 567 5516 factus
590 5467 723 5535 .est.

2000 5549 2240 5607 XXXIX.
2281 5547 2622 5606 JOVIANUS
2647 5547 2930 5605 mensibus
2957 5553 3104 5603 octo.

457 5646 720 5720 Iovianus
748 5661 931 5701 rerum
959 5643 1301 5720 necessitate
1335 5647 1588 5719 compul-
1938 5713 2037 5720 -μ
2300 5713 2314 5720 _
2508 5707 2544 5720 _
2588 5709 2602 5720 Ω
2756 5669 2767 5720 ς
2893 5704 2944 5720 __

391 5732 487 5773 sus
528 5717 737 5772 Nisibin
783 5725 838 5770 et
896 5731 1142 5785 magnam
1190 5704 1592 5785 Mesopotamiae
1937 5713 2042 5770 568
2293 5713 2314 5766 I
2503 5707 2830 5785 Sugrogatus
2888 5704 3230 5785 Marcellinus
3287 5716 3640 5777 archiepisco-

393 5795 599 5858 partem
630 5785 826 5856 Sapori
859 5786 972 5857 regi
987 5775 1301 5842 "Persarum
1336 5775 1580 5839 tradidit.
2433 5795 2531 5850 pus
2575 5775 3000 5850 Rothomagensis
3042 5775 3175 5832 VII.
