4142 6400
448 403 556 460 59.3
1142 403 1405 461 EllSElill
1446 404 1924 460 CIESARIENSIS
1965 405 2116 462 OPP.
2161 404 2347 460 PARS
2387 405 2427 460 i.
2463 435 2531 446 —
2570 403 2969 462 HISTORICA.’
3599 405 3705 461 596

517 647 772 720 Synodus
801 646 1103 701 Antiochiae
1139 660 1170 698 a
1201 645 1414 700 Meletio
1453 651 1508 698 et
1549 645 1666 697 suis
1719 643 1882 706 facta,
1918 643 1973 696 in
2011 657 2122 714 qua
2170 641 2446 696 homouio
2477 657 2824 712 anomwoque
2855 649 3081 712 reiecto,
3114 641 3350 696 medium
3405 642 3546 697 inter
3592 642 3703 697 haec

444 739 771 794 homausion
813 736 1260 793 Macedonianum
1290 737 1486 805 dogma
1520 735 1957 790 vindicaverunt.

515 829 780 884 Jovianus
824 828 1112 890 cruditate,
1165 828 1280 883 sive
1318 826 1488 882 odore
1537 842 1862 897 prunarum,
1917 841 2055 895 quas
2098 826 2297 882 nimias
2352 826 2557 880 adoleri
2597 825 2861 895 jusserat,
2910 825 3236 880 Dadastanae
3278 829 3528 890 moritur,
3560 843 3708 883 anno

444 925 620 978 matis
643 939 826 977 xxxiv.
850 921 981 976 Post
1003 937 1162 992 quem
1183 921 1595 977 Valentinianus
1646 922 1902 975 tribunus
1932 920 2321 985 scutariorum,
2345 935 2376 974 e
2419 918 2701 973 Pannonia
2731 917 3038 974 Cibalensis
3067 918 3210 988 apud
3257 917 3488 974 Nicaeam
3520 920 3707 991 Augu-

445 1028 566 1075 stus
597 1019 925 1090 appellatus,
958 1016 1184 1072 fratrem
1217 1014 1495 1070 Valentem
1515 1013 1984 1084 Constantinopoli
2015 1015 2070 1067 in
2100 1012 2440 1068 consortium
2467 1011 2619 1083 regni
2646 1012 2903 1066 assumit.

1684 1184 1875 1224 OLYIP.
1949 1183 2014 1223 CB
2023 1183 2212 1223 BlSTUS
2284 1183 2412 1221 BOI.

2141 1239 2558 1295 Valentinianus

2325 1319 2381 1362 et

2252 1376 2453 1434 Valens

482 1547 810 1629 Apollinaris
829 1546 1186 1629 Laodicensis
1210 1547 1502 1618 episcopus
1527 1543 1661 1599 mul-
2202 1547 2300 1604 XL
2323 1583 2337 1597 .
2374 1539 2951 1629 VALENTIOI‘VIANUS,
2985 1553 3038 1602 et
3079 1541 3353 1599 VALENS
3385 1544 3546 1600 annis
3579 1557 3705 1610 xm,

440 1615 1159 1709 9:60.62,eaeaeae
1236 1615 1317 1709 ii.
1359 1637 1634 1709 mcxx.
1729 1638 1870 1707 287
2009 1682 2075 1709 η

1241 1615 1317 1709 Β.
1359 1637 1634 1709 MCXX.
1729 1638 1870 1707 287
2009 1681 2112 1709 περ
2368 1683 2390 1709 .
2503 1615 2877 1678 πλευείυυενη

440 1692 529 1745 nis
563 1690 764 1760 scripta
786 1681 1084 1759 componit.
1236 1681 1317 1709 "°
1359 1681 1634 1709 "“""‘“'
1731 1681 1856 1707 ⁴¹υ⁶
2009 1682 2076 1737 56

757 1681 1084 1759 ιοοιιιροηίἶ.
1236 1681 1317 1709 ³⁸⁸
1359 1681 1634 1709 ⁸³⁸⁸³⁸⁸⁸
1731 1681 1856 1707 ⁴υ⁶
2009 1681 2112 1737 569
2367 1683 2393 1737 Ι

512 1780 932 1838 Valentinianus
977 1779 1231 1852 egregius
1280 1777 1417 1831 alias
1474 1777 1772 1846 imperator
1805 1785 1858 1831 et
1907 1776 2202 1830 Aureliano
2239 1775 2487 1829 moribus
2546 1775 2766 1842 similis,
2818 1777 2926 1833 nisi
2984 1779 3129 1849 quod
3194 1781 3539 1834 severitatem
3585 1778 3704 1848 ejus

442 1876 667 1930 nimiam
697 1883 750 1930 et
778 1875 1100 1944 parcitatem
1127 1874 1349 1943 quidam
1385 1871 1763 1926 crudelitatem
1803 1878 1858 1925 et
1880 1871 2166 1925 avaritiam
2196 1868 2722 1939 interpretabantur.

511 1970 695 2027 Terra:
716 1983 866 2026 motu
899 1986 996 2041 per
1031 1977 1201 2026 totum
1232 1968 1420 2022 orbem
1476 1965 1643 2031 facto,
1677 1980 1827 2020 mare
1857 1965 2008 2020 littus
2049 1962 2351 2036 egreditur,
2391 1970 2446 2018 et
2488 1961 2688 2018 Sicilia:
2736 1964 3144 2034 multarumque
3184 1966 3488 2020 insularum
3544 1970 3709 2020 innu-

443 2067 733 2122 merabiles
773 2066 1004 2137 populos
1035 2063 1316 2134 Opprimit.

523 2157 719 2212 Valens
752 2157 820 2211 ab
871 2155 1114 2210 Eudoxio
1163 2155 1490 2208 Arianorum
1538 2154 1656 2224 epi-
2013 2153 2123 2208 570
2367 2150 2405 2204 2

445 2242 611 2297 scopo
642 2229 950 2296 baptizatus
980 2235 1200 2281 nostros
1229 2227 1596 2294 persequitur.

512 2319 837 2390 Procopius,
891 2319 1172 2390 quivapud
1223 2317 1756 2387 Constantinopolim
1807 2316 2492 2388 tyrannideminvaserat,
2525 2317 2671 2388 apud
2699 2315 2991 2388 Phrygiam
3040 2317 3344 2372 salutarem
3401 2315 3709 2371 exstinctus

442 2422 527 2468 est
565 2421 656 2470 :et
688 2413 904 2484 plurimi
942 2411 1294 2483 Procopianze
1325 2412 1496 2481 partis
1535 2411 1661 2464 αυεί
1691 2418 1854 2480 atque
1891 2411 2205 2481 proscripti.

514 2503 773 2560 Romana:
821 2503 1080 2560 Ecclesia:
1110 2505 1423 2559 tricesimus
1450 2505 1676 2574 quintus
1705 2503 1990 2557 ordinatur
2033 2505 2323 2573 episcopus
2351 2502 2639 2559 Damasus.
2673 2501 2738 2556 Et
2764 2512 2887 2572 post
2923 2516 3032 2555 non
3070 2501 3302 2554 multum
3335 2503 3596 2570 temporis
3621 2500 3709 2554 in.

442 2595 730 2650 tervallum
780 2595 1011 2653 Ursinus
1043 2595 1140 2668 [αι.
1175 2596 1486 2670 Ursicinus]
1523 2613 1552 2650 a
1586 2597 1913 2668 quihusdam
1965 2597 2257 2666 episc0pus
2289 2596 2621 2672 constitutus
2667 2594 2973 2650 Sicininum
3009 2612 3130 2650 cum
3165 2596 3281 2652 suis
3316 2596 3522 2650 invadit
3551 2615 3563 2649 :
3600 2609 3712 2665 quo

443 2689 785 2746 Damasiana:
817 2693 987 2762 partis
1012 2691 1212 2761 popqu
1247 2692 1574 2752 confluente.
1611 2691 2008 2747 crudelissima:
2048 2690 2454 2746 interfectiones
2480 2689 2680 2744 diversi
2717 2706 2880 2745 sexus
2910 2697 3248 2760 perpetratae.

513 2785 808 2841 Gratianus
838 2784 1210 2840 Valentiniani
1259 2787 1403 2841 filius
1431 2787 1656 2840 Ambia-
2003 2785 2102 2840 571
2355 2788 2390 2842 5
2566 2784 2721 2854 Apud
2776 2784 3066 2854 Atrebatas
3113 2784 3239 2838 lana
3271 2799 3301 2838 e
3346 2783 3486 2837 coelo
3511 2783 3713 2853 pluvia:

445 2857 535 2912 nis
559 2858 856 2929 imperator
884 2856 1086 2912 factus.
2499 2856 2606 2929 mis
2611 2853 2661 2929 ta
2693 2853 2852 2929 deflui
2852 2863 2901 2929 ξ.

2532 2924 2804 3006 'Hilarius
2852 2923 3213 2980 Pictaviensis
3251 2925 3544 2996 episcopus
3588 2941 3710 2980 mc-

2499 3003 2658 3049 ritur.

515 3091 690 3148 Tanta
740 3093 1216 3165 Constantinopoli
1245 3101 1329 3148 est
1373 3101 1493 3148 orta
1539 3099 1858 3164 tempestas,
1907 3099 1967 3146 ut
2009 3092 2161 3147 mirae
2202 3093 2592 3164 magnitudinis
2633 3093 2892 3151 decidens
2943 3094 3151 3164 grando
3192 3094 3486 3149 nonnullos
3531 3093 3712 3148 homi-

445 3200 575 3240 num
617 3185 972 3241 interfecerit.

517 3275 784 3333 Libaniu-s
835 3277 1210 3334 Antiochenus
1269 3274 1453 3330 rhetor
1481 3291 1652 3347 agno-
2004 3275 2110 3330 572
2357 3277 2392 3331 4
2570 3275 2770 3340 Nicaea,
2827 3293 2948 3347 qua:
2985 3269 3146 3346 ‘sa‘pe
3199 3285 3327 3331 ante
3389 3282 3712 3341 corruerat,

449 3347 642 3403 scitur.
2502 3356 2661 3402 terra:
2695 3355 2841 3402 motu
2882 3349 3128 3403 funditus
3153 3363 3365 3403 eversa.

517 3417 672 3487 Agon
709 3417 1184 3488 Constantinopoli
1212 3433 1244 3470 a
1268 3416 1496 3473 Vaiente
1527 3417 1653 3471 red-
1721 3456 1860 3489 ηοο
2007 3486 2022 3489 _
2043 3487 2108 3489 ﬁ
2367 3487 2391 3489 η
2571 3419 2837 3474 Eusebius
2866 3417 3229 3475 Vercellensis
3273 3420 3566 3489 episcopus
3596 3433 3715 3472 mo-

447 3456 672 3542 ὧίῦἓῖ..
711 3456 1244 3488 νυ..ς,.........ν,,υ....
1721 3456 1864 3525 288
2005 3486 2113 3541 575
2363 3487 2398 3542 5
2506 3456 2667 3543 νηῒ.ῑῖ

519 3581 892 3637 Athanaricus
937 3596 1027 3636 rex
1081 3580 1380 3636 Gothorum
1426 3582 1480 3634 in
1514 3578 1862 3635 Christianos
1895 3578 2277 3650 persecutione
2310 3587 2458 3634 mota
2514 3581 2784 3650 plurimos
2813 3580 3074 3636 interficit
3107 3600 3119 3635 :
3147 3588 3201 3636 et
3232 3580 3300 3636 de
3337 3581 3576 3651 prepriis
3623 3595 3714 3636 se-

449 3674 611 3732 dibus
638 3673 691 3727 in
729 3672 1035 3728 Romanum
1069 3675 1246 3727 solum
1272 3673 1514 3744 expellit.

521 3762 715 3834 Magna
745 3763 920 3819 fames
953 3764 1008 3818 in
1038 3761 1296 3834 Phrygia.
2012 3761 2117 3816 574
2369 3763 2403 3817 6
2542 3835 2553 3845 ⁸
2580 3764 3058 3890 Condstqntirliopoli
3093 3763 3480 3835 Apostolorum
3513 3762 3716 3834 Marty-

2509 3851 2651 3889 runn
2724 3856 2768 3890 et
2795 3851 2875 3889 ica
2907 3851 2990 3888 ur.

2509 3851 2651 3889 1⁸111111
2686 3851 2990 3890 υθιιιωιυικ

520 3920 743 3977 Lucifer
791 3923 1137 3978 Caralitanus
1178 3922 1469 3993 episcopus
1516 3923 1769 3988 moritur,
1801 3923 1895 3995 qui
1953 3938 2079 3978 cum
2113 3923 2377 3996 Gregorio
2429 3928 2685 3998 episcopo
2711 3927 3117 3998 Hispaniarum,
3151 3933 3205 3981 et
3243 3901 3472 3981 Philone
3511 3924 3715 3995 Libyae,

448 4029 731 4084 nunquam
756 4030 816 4068 sc
841 4014 1057 4068 Arianae
1085 4014 1306 4070 miscuit
1333 4015 1610 4084 pravitati.
3021 4017 3026 4021 ’

522 4105 848 4162 Maximinus
907 4105 1470 4176 pra3fectus.annonze
1511 4103 1790 4160 maleficos
1826 4105 1895 4161 ab
1925 4105 2256 4178 imperatore
2301 4107 2631 4178 investigare
2669 4107 2881 4177 jussus,
2915 4107 3182 4178 plurimos
3215 4105 3401 4161 Roma
3449 4107 3714 4162 nobilium

446 4199 675 4259 Occidit.

526 4290 851 4347 Valentinus
903 4291 959 4345 in
1014 4290 1314 4357 Britannia,
1360 4298 1661 4359 antequam
2010 4291 2117 4347 575
2365 4291 2397 4345 7
2574 4290 2866 4359 Presbyter
2891 4288 3106 4342 Sirinus
3142 4287 3718 4361 [al.‘Sirmii]nequis—

451 4364 802 4436 tyrannidem
831 4361 1132 4428 invaderet,
1161 4377 1463 4434 oppressus
1490 4358 1595 4418 est.
2507 4363 2645 4418 sime
2694 4358 3016 4436 tlceollatur,
3051 4358 3196 4436 quod
3222 4358 3721 4436 _0ctavia’nuui‘er-

2506 4435 2851 4557 prqconsule'
2873 4434 3016 4502 apud
3051 4447 3111 4486 se
3143 4431 3446 4486 latitantem
3489 4431 3720 4502 prodere

2508 4521 2580 4558 no
2607 4511 2800 4558 uisset.

520 4595 636 4658 Lex
656 4597 842 4662 datur,
872 4595 1160 4652 nobilitate
1184 4595 1384 4658 deleta,
1421 4603 1483 4650 ut
1513 4593 1717 4666 quique
1745 4605 1942 4666 quarto
1968 4595 2161 4667 gradui
2197 4594 2518 4667 iungantur.

524 4690 788 4762 Didymus
816 4691 1219 4747 Alexandrinus
1249 4691 1419 4745 multa
1460 4691 1530 4746 de
1575 4699 1766 4746 nostro
1808 4691 2060 4764 dogmate
2092 4709 2188 4763 per
2214 4694 2460 4748 notarios
2500 4699 2903 4748 commentatur
2937 4711 2950 4745 :
2991 4689 3085 4761 qui
3113 4698 3239 4762 post
3289 4689 3542 4762 quintum
3574 4687 3720 4744 nati-

452 4783 636 4856 vitatis
670 4799 784 4839 suae
812 4798 1016 4838 annum
1046 4784 1345 4838 luminibus
1379 4785 1604 4840 orbatus
1631 4787 2023 4842 elementorum
2045 4802 2263 4858 quoque
2289 4789 2511 4858 ignarus
2542 4784 2664 4839 fuit.

524 4877 738 4936 Probus
775 4879 1066 4950 praefectus
1109 4879 1306 4951 lllyrici
1359 4879 1724 4950 iniquissimis
1756 4882 2088 4937 tributorum
2132 4882 2515 4938 exactionibus
2564 4889 2690 4936 ante
2720 4879 3064 4952 provincias,
3093 4892 3233 4950 quas
3279 4875 3525 4948 regebat,
3555 4889 3722 4947 quam

454 4989 487 5026 a
519 4971 768 5028 barbaris
799 4979 1168 5038 vastarentur,
1202 4974 1392 5030 erasit.

527 5063 831 5122 Eunomius
856 5065 1158 5136 discipulus
1183 5067 1324 5122 Aetii
1355 5065 1832 5140 Constantinopoli
1859 5069 2198 5140 agnoscitur,
2235 5083 2268 5123 a
2287 5084 2396 5140 quo
2423 5067 2648 5124 haeresis
2679 5066 3041 5123 Eunomiana.

2017 5165 2121 5218 .7.

526 5233 771 5288 Saxones
827 5233 956 5289 caesi
1007 5233 1259 5290 Deusone
1304 5234 1362 5289 in
1420 5233 1661 5290 Franco-
1735 5276 1870 5305 ,οη
2017 5166 2123 5290 ’57ίέ
2371 5165 2405 5290 3
2584 5234 3032 5305 Burgundionum
3073 5231 3350 5300 octoginta
3396 5229 3567 5305 ferme
3598 5229 3724 5283 mil-

457 5317 579 5357 rum
608 5276 935 5375 regione.“
1054 5276 1083 5289 ν
1125 5276 1152 5290 ’
1229 5276 1259 5290 ν
1305 5276 1320 5289 ’
1468 5276 1634 5290 "mw
1732 5276 1870 5345 189
2021 5276 2115 5290 ω’
2373 5276 2401 5290 ν
2518 5306 2613 5369 lia,
2647 5276 2792 5376 q'tiod
2836 5319 3115 5374 nunquam
3150 5276 3328 5368 antea,
3361 5302 3432 5356 ad
3473 5301 3724 5355 Rhenum

2525 5378 2948 5433 descenderunt.

531 5463 832 5523 Clearchus
866 5469 1160 5538 praefectus
1193 5469 1347 5525 urbis
1375 5468 1852 5542 Constantinopoli
1900 5469 2222 5542 agnoscitur
2251 5489 2264 5525 :
2300 5485 2330 5525 a
2364 5485 2476 5542 quo
2519 5471 2837 5526 necessaria
2872 5481 2924 5526 et
2949 5469 3044 5524 diu
3077 5473 3392 5539 exspectata
3418 5465 3560 5522 votis
3586 5479 3729 5537 aqua

462 5555 745 5612 inducitur
771 5559 1002 5616 civitati.

540 5649 876 5708 tlexandria:
918 5656 1210 5712 vicesimus
1268 5659 1556 5715 ordinatur
1606 5661 1898 5731 episcopus
1950 5657 2146 5714 Petrus
2180 5677 2193 5712 :
2225 5657 2319 5728 qui
2367 5664 2490 5728 post
2520 5656 2764 5712 Valentis
2793 5657 3072 5713 interitum
3115 5664 3225 5711 tam
3272 5653 3449 5710 facilis
3503 5653 3557 5707 in
3590 5650 3730 5706 reci-

470 5743 681 5813 piendis
713 5746 985 5812 haereticis
1020 5750 1142 5817 fuit,
1178 5760 1235 5806 ut
1264 5755 1544 5810 nonnullis
1583 5755 1952 5825 suspicionem
1979 5761 2214 5824 accepta:
2244 5753 2490 5823 pecuniae
2521 5752 2792 5808 intulerit.

540 5835 767 5892 Melania
797 5841 1138 5900 nobilissima
1188 5845 1477 5903 mulierum
1513 5847 1882 5905 Romanarum
1923 5859 1975 5904 et
2017 5845 2314 5904 Marcellini
2355 5844 2630 5916 quondam
2675 5843 2920 5903 consulis
2961 5842 3090 5914 ﬁlia,
3123 5842 3288 5900 unico
3327 5847 3559 5914 praetore
3599 5847 3732 5893 tunc
