4142 6400
433 281 3678 330 W

1305 439 1746 504 APPENDIX
1783 442 1898 501 AD
1939 441 2291 504 EUSEBII
2327 443 2830 507 CHBONICON

575 637 1377 1000 uarius
1547 631 2640 1007 insaniat
2789 775 3549 1008 iNlllNSlS

1611 1143 2503 1272 TEMPORUM

848 1397 1311 1532 USQUE
1387 1398 1576 1512 AD
1656 1399 2754 1517 SUAMJETATEM
2838 1404 3274 1519 RATIO

1479 1634 1506 1667 ε
1539 1633 1692 1669 ιιβιιιε
1723 1633 2073 1670 ηιετοιιιεοιιυιί
2106 1635 2350 1671 εωωιτικ
2385 1636 2640 1672 εοιιεετλ.

664 1785 820 1828 OPUS
864 1784 950 1826 EX
999 1784 1302 1829 αλιθυιδ
1354 1784 1635 1838 QUINQUE
1689 1784 2019 1830 CODICIRUS
2053 1787 2134 1829 ΔΒ
2165 1785 2412 1831 JOANNE
2462 1788 2756 1832 ZOERABO
2818 1788 3111 1832 DOCTORE
3165 1789 3456 1832 ARMENXO

910 1863 1298 1908 DILIGENTER
1365 1864 1769 1908 EXSCRH‘TUM
1824 1865 2032 1918 ATQUE
2096 1867 2496 1910 EME-NDATUM
2549 1866 2828 1910 JOANNES
2885 1867 3220 1913 ZOHRABUS

1217 1943 1294 1986 ΕΤ
1348 1944 1631 1986 Ακαειυε
1705 1945 1902 1987 MAIUS
1965 1945 2216 1988 PRIMUM
2269 1945 2652 1990 CONJUNCTIS
2711 1947 2901 1991 CUIUS

1420 2005 1813 2066 Lutum-nn
1863 2023 2173 2067 nouarum
2233 2025 2548 2078 NOTISQUE
2605 2025 2704 2068 n.-

1644 2103 1716 2146 ιε
1726 2103 2024 2146 STRATUM
2086 2101 2125 2146 Ε
2135 2103 2457 2148 DIDERUNT
2467 2135 2480 2148 .

1579 2249 1894 2314 (Mediolani,
1906 2245 2057 2313 regiis
2083 2251 2231 2314 typis,
2249 2260 2544 2299 uncccxvnr.

1275 2559 1424 2648 DE
1497 2559 1718 2647 SAM
1743 2555 2046 2648 UELE
2143 2553 2822 2646 PRjE-FATIO.

2031 2757 2093 2768 .—

481 2865 533 2918 Ἰ.
569 2864 832 2921 Samuelis
858 2867 1209 2921 summarium
1240 2865 1509 2921 commode
1539 2881 1657 2918 cum
1693 2864 1921 2919 Eusebio
1958 2864 2404 2936 conjungitur.—-
2437 2860 2736 2932 Postquam
2778 2859 3067 2915 Eusebiam'
3099 2859 3346 2916 Chronici
3385 2864 3534 2919 curis
3573 2864 3688 2919 cdi-
3774 2889 3789 2900 ~

428 2958 708 3028 tionisque
751 2957 937 3015 labore
969 2959 1189 3014 tandem
1220 2957 1515 3028 aliquando
1545 2957 1795 3011 defuncti
1823 2956 2052 3020 fuimus,
2087 2973 2148 3012 ea
2182 2957 2363 3011 statim
2395 2955 2654 3025 cogitatio
2684 2969 2787 3010 nos
2813 2953 3002 3020 subiit,
3045 2954 3379 3009 solitatimne
3407 2956 3690 3010 mallemus

397 3047 558 3104 ‘istos
604 3049 858 3107 Canones
910 3049 969 3106 in
1003 3051 1201 3119 _lucem
1235 3051 1506 3114 emittere,
1543 3065 1612 3103 an
1643 3058 1705 3103 ut
1733 3049 1891 3103 multi
1939 3047 2136 3116 Graeci,
2174 3056 2232 3102 ut
2261 3047 2404 3118 Syri,
2461 3055 2520 3100 ut
2544 3045 2722 3106 Latini
2795 3045 2958 3116 (quos
2985 3046 3129 3100 inter
3162 3046 3418 3117 princeps
3469 3044 3689 3109 Eusebii

419 3141 692 3211 interpres
733 3140 796 3197 D.
833 3140 1197 3212 Hieronymus
1251 3141 1571 3211 primusque
1600 3140 1776 3194 editor
1801 3137 2220 3194 Mediolanensis
2259 3135 2649 3208 Mombritius),
2683 3134 3050 3190 Eusebianum
3099 3151 3238 3206 opus
3271 3147 3688 3193 consecuturum

418 3250 729 3306 remporum
789 3235 956 3306 gestis
981 3220 1430 3301 ctunuiaverunt;
1465 3249 1566 3288 nos
1601 3248 1817 3303 quoque
1838 3232 1966 3286 item
1992 3231 2294 3286 editionem.
2314 3238 2560 3285 nostram
2585 3231 2885 3300 posteriore
2911 3232 3091 3302 aliqua
3129 3233 3362 3289 historia
3403 3237 3689 3290 continua-

420 3344 629 3385 remus.
650 3327 913 3399 Equidem
945 3329 1039 3383 ubi
1067 3329 1135 3383 de
1157 3327 1556 3398 prosequendis
1579 3326 1915 3382 Canonibus
1935 3327 2208 3383 sententia
2246 3326 2473 3396 placuit,
2506 3325 2644 3379 nihil
2679 3324 3042 3395 Opportunius
3085 3323 3188 3380 fuit
3224 3324 3477 3382 Samuele
3512 3327 3678 3381 chro-

421 3422 705 3493 nographo
741 3421 1020 3488 Armenio,
1061 3423 1222 3492 cujus
1253 3423 1435 3477 onmis
1465 3423 1737 3479 industria
1762 3439 1817 3476 in
1845 3437 1911 3478 eo
1948 3422 2369 3492 diligentissime
2397 3429 2612 3476 versata
2639 3427 2746 3484 est,
2789 3427 2849 3481 ut
2879 3419 3020 3489 apud
3049 3421 3280 3491 gentiles
3308 3438 3438 3478 suos
3467 3421 3684 3477 Eusebii

420 3516 526 3571 sibi
556 3530 846 3585 personam
870 3530 1170 3586 vocemque
1190 3522 1526 3585 capesseret.
1549 3513 1683 3569 Nam
1713 3531 1840 3570 cum
1870 3516 2130 3570 universo
2161 3529 2324 3584 opere
2339 3513 2582 3575 Eusebii,
2609 3512 2801 3567 latiore
2833 3513 3092 3567 nimirum
3118 3514 3347 3568 historia
3373 3529 3437 3570 ac
3460 3517 3690 3570 linearis

420 3606 652 3662 canonis
678 3607 917 3677 epitom-e
946 3612 1192 3660 uteretur
1224 3604 1468 3669 Samuel,
1499 3604 1643 3659 haud
1669 3605 1786 3675 ipse
1810 3605 2102 3661 consilium
2131 3607 2294 3674 cepit,
2316 3603 2462 3674 quod
2487 3604 2614 3658 olim
2636 3601 2816 3657 Latini
2847 3603 3112 3670 fecerunt,
3133 3613 3306 3659 totum
3331 3605 3462 3660 illud
3487 3607 3688 3676 prioris

421 3699 552 3753 libri
582 3701 836 3756 volumen
856 3699 1036 3756 securi
1065 3694 1304 3754 Tenedia
1332 3700 1638 3767 resecandi;
1664 3715 1877 3764 verum,
1901 3700 2122 3756 mitiore.
2145 3707 2435 3754 contentus
2454 3699 2744 3764 sententia,
2763 3701 3000 3769 priorem
3025 3700 3240 3771 quidem
3270 3701 3466 3754 librum
3493 3710 3569 3755 tot
3589 3717 3687 3754 au-

419 3802 632 3850 ctorum
678 3796 966 3852 sententiis
995 3793 1404 3850 redundantem
1453 3809 1518 3848 ac
1551 3795 1788 3858 varium,
1812 3795 1948 3850 satis
1976 3793 2125 3848 brevi
2153 3793 2479 3864 compendio
2531 3793 2840 3860 conclusit;
2873 3793 3230 3862 posteriorem
3257 3802 3437 3849 autem
3472 3795 3536 3848 ad
3598 3797 3681 3850 sui

419 3889 682 3958 temporis
733 3904 892 3944 usum
929 3889 1091 3959 paulo
1121 3887 1304 3957 aptius
1341 3885 1797 3953 accommodavit,
1833 3887 2016 3941 addita
2055 3886 2258 3942 Christi
2292 3900 2423 3948 aera,
2459 3889 2733 3954 rebusque
2760 3886 2948 3938 multis
2977 3899 3115 3955 quas
3141 3885 3409 3941 Eusebius
3435 3887 3685 3957 neglexe—

419 3992 550 4037 rat:
602 3990 717 4036 tum
777 3983 924 4053 quod
977 3982 1211 4039 instituti
1268 3987 1437 4050 caput
1463 3987 1602 4044 erat,
1637 3979 1773 4035 adeo
1823 3988 2128 4050 temporum
2171 3979 2530 4050 digestionem
2592 3977 2870 4047 produxit,
2918 3986 2976 4032 ut
3029 3979 3098 4033 ab
3137 3994 3280 4034 anno
3337 3979 3683 4035 Constantini

420 4074 596 4145 Magni
625 4074 904 4130 vicesimo
925 4073 1004 4144 (in
1030 4087 1138 4142 quo
1180 4071 1340 4126 ﬁnem
1366 4069 1494 4124 fecit
1526 4069 1818 4140 Eusebius)
1871 4071 1936 4124 ad
1971 4071 2224 4140 quintum
2285 4085 2460 4140 usque
2489 4080 2545 4125 et
2569 4070 3041 4141 quadragesimum
3105 4071 3370 4128 Manuelis
3421 4075 3685 4128 Conmeni

417 4163 761 4228 decurrerit;
809 4163 954 4232 quod
1021 4162 1214 4230 ingens
1268 4159 1700 4214 additamentum
1754 4175 1844 4215 res
1886 4176 2156 4215 annorum
2218 4161 2654 4231 octingentorum
2721 4171 2774 4216 et
2831 4163 3227 4233 quinquaginta
3277 4167 3680 4234 complectitur.

417 4259 767 4327 Quanquam,
801 4263 862 4308 ut
885 4270 1010 4310 vere
1029 4254 1300 4318 dicamus,
1330 4253 1383 4308 id
1409 4253 1680 4322 praecipue
1712 4255 1980 4324 spectavit
2005 4252 2226 4308 Samuel
2260 4268 2562 4323 magnoque
2597 4255 2781 4309 studio
2818 4256 3065 4324 perfecit,
3099 4265 3160 4311 ut
3195 4275 3285 4315 res
3327 4261 3683 4319 Armeniacas

414 4365 650 4425 quarum
679 4349 888 4404 nullum
917 4347 1217 4417 ,vestigium
1258 4345 1410 4417 apud.
1437 4344 1732 4432 Eusebium
1781 4345 1968 4401 videre
2023 4353 2126 4406 est.
2159 4360 2190 4399 e
2230 4361 2445 4400 summo
2501 4348 2679 4417 gentis
2731 4347 2997 4403 historico
3044 4349 3380 4407 Cborenensi
3425 4353 3572 4410 Mose
3625 4357 3682 4410 in

414 4458 577 4502 suam
598 4441 1033 4498 lucubrationem
1063 4439 1387 4495 transferret
1411 4457 1430 4506 ;
1453 4439 1546 4494 ubi
1574 4455 1706 4494 vero
1725 4439 1816 4494 hie
1848 4440 2013 4494 etiam
2043 4439 2323 4502 deﬁceret,
2346 4441 2657 4510 complures
2678 4443 2816 4498 alios
2851 4453 2904 4498 et
2925 4459 3120 4514 graves
3139 4445 3521 4502 Armeniorum
3547 4451 3684 4504 scri-

415 4551 601 4613 ptores
621 4545 982 4608 excerperet;
1014 4535 1084 4591 ad
1113 4544 1418 4591 extremum
1449 4552 1571 4607 qua:
1595 4537 1713 4607 ipse
1746 4537 1983 4600 viderat,
2005 4535 2456 4606 ebronograpbi’at
2504 4540 2889 4596 committeret.
2921 4540 3040 4596 Non
3097 4559 3208 4598 uno
3241 4551 3423 4599 autem
3456 4546 3677 4600 nomine

417 4634 738 4692 Eusebianae
757 4631 985 4689 editioni
1020 4629 1242 4701 prodest
1265 4627 1538 4685 Samuelis
1566 4629 1909 4699 conjunctio.
1937 4627 2184 4700 Namque
2217 4631 2271 4685 in
2310 4632 2501 4702 primis
2529 4633 2699 4703 priori
2735 4635 3016 4690 Canonum
3042 4635 3478 4692 Eusebianorum
3510 4635 3682 4694 hiSto-

414 4729 510 4783 rite
540 4727 726 4798 (quam
759 4739 929 4796 prope
982 4724 1148 4779 stulte
1173 4722 1396 4793 quidam
1427 4721 1607 4777 critici
1659 4722 1773 4791 jam
1805 4721 2053 4776 ﬁctitiam
2090 4724 2408 4795 nullamque
2437 4741 2560 4780 esse
2580 4725 2865 4798 putabant)
2897 4729 3268 4783 testimonium
3295 4731 3678 4801 gravissimtmi

415 4818 814 4888 indubiumque
839 4815 1030 4886 adjicit
1073 4813 1316 4879 Samuel,
1339 4814 1469 4868 dum
1509 4821 1566 4868 et
1587 4813 1708 4883 ejus
1737 4815 2066 4884 procemium
2106 4831 2277 4886 prope
2307 4817 2375 4871 ad
2399 4818 2632 4872 litteram
2665 4819 2941 4888 exprimit,
2961 4827 3014 4876 et
3046 4835 3136 4875 res
3155 4819 3480 4878 Chaldaicas
3539 4840 3596 4879 se
3626 4825 3680 4879 in

414 4908 677 4979 pradieto
697 4908 838 4964 libro
861 4909 1058 4978 legisse
1088 4913 1506 4970 commemorat,
1533 4912 1588 4959 et
1615 4905 1761 4961 unde
1785 4905 2053 4962 Eusebius
2074 4906 2398 4963 Hebraicam
2432 4910 2840 4981 chronologiam
2883 4913 2954 4967 sit
2987 4928 3217 4969 exorsus
3249 4913 3429 4978 docet,
3455 4923 3510 4970 et
3536 4917 3687 4984 ejus-

414 5002 544 5057 dem
571 4999 814 5054 imitator
841 4999 970 5061 τοὺς
1006 4995 1149 5050 LXX
1174 4995 1476 5051 Bibliorum
1504 4997 1833 5067 lnterpretes
1855 5000 2088 5067 pressim
2121 5001 2432 5069 sequendos
2455 5001 2750 5068 existimat,
2780 5010 2835 5060 et
2870 5003 2994 5059 illas
3019 5005 3208 5075 viginti
3239 5009 3586 5078 geneaiogias
3617 5011 3685 5065 ab

415 5095 606 5153 eodem
639 5093 876 5148 Eusebio
900 5099 1183 5145 mutuatur
1223 5108 1240 5144 :
1281 5105 1596 5160 quanquam
1632 5091 1750 5160 ipse
1779 5091 1997 5145 demum
2049 5092 2487 5160 patriarcharum
2537 5110 2736 5151 uxores
2784 5105 2977 5166 sponte
3018 5099 3208 5153 inserit
3251 5116 3317 5153 ex
3361 5101 3543 5171 aliquo
3576 5103 3685 5157 for-

415 5205 566 5251 tasse
617 5188 834 5246 Veteris
886 5186 1224 5243 Testamenti
1277 5186 1754 5256 pseudepigrapho
1785 5187 1945 5253 libro,
2004 5187 2218 5242 erudita
2255 5190 2578 5246 curiositate
2619 5191 2856 5248 delectas
2899 5191 2998 5263 (a).
3047 5192 3190 5260 Quid
3224 5197 3453 5250 autem?
3503 5213 3686 5251 nonne

418 5284 639 5340 Samuel
671 5279 962 5337 emendare
994 5278 1291 5334 Eusebium
1329 5279 1563 5344 videtur,
1581 5295 1706 5333 cum
1731 5278 2032 5334 Cainanum
2066 5279 2246 5352 (cujus
2278 5280 2547 5339 Eusebius
2577 5285 2764 5340 omissi
2795 5301 2963 5340 causa
2980 5294 3059 5341 tot
3081 5288 3314 5358 Syncelli
3340 5289 3687 5345 criminatio.

415 5379 579 5433 nibus
598 5375 793 5448 patuit)
814 5374 868 5430 in
889 5373 1326 5446 patriarcharum
1347 5373 1540 5428 ordine
1565 5373 1944 5428 collocandum
1967 5373 2348 5431 demonstrat?
2391 5375 2583 5432 Nonne
2622 5379 2843 5434 nomina
2869 5379 2985 5436 sive
3007 5380 3230 5451 propria
3275 5381 3392 5438 sive
3429 5383 3684 5454 gentilia.

489 5531 564 5604 (α)
593 5531 816 5605 Legesis
854 5529 1126 5588 Samuelis
1154 5530 1440 5602 prologum
1490 5538 1544 5586 et
1593 5530 1795 5601 prioris
1826 5530 1996 5600 partis
2036 5531 2212 5602 prima
2247 5533 2424 5604 capita
2451 5533 2578 5589 duo.
