4142 6400
387 309 486 367 σοι
967 299 976 306 ’
1438 307 1526 364 DE
1565 307 1892 365 SAMUELE
1929 310 2022 366 AN

2026 309 2204 366 lENSl
2239 310 2638 371 Ριιιεητιο.
3544 321 3658 377 σοιι

381 439 566 478 nonne
582 436 852 478 annorum
873 430 1054 488 notas,
1072 437 1256 477 nonne
1272 421 1377 476 alia
1391 423 1675 493 complura
1691 438 1812 494 quae
1829 423 1884 478 in
1899 421 2120 480 Eusebii
2138 425 2423 482 codicibus
2461 425 2646 482 luxata
2685 429 2932 493 tuet'unt,
2963 436 3114 486 recte
3143 428 3362 488 Samuel
3379 433 3655 492 interdum

382 515 708 572 constituit?
744 513 988 584 Denique
1043 514 1111 569 ad
1140 513 1361 570 Eusebii
1393 516 1582 571 crisim
1606 516 1735 586 quid
1759 532 1870 571 non
1925 515 2016 570 hic
2058 516 2308 573 conferat
2359 527 2572 584 auctor,
2619 519 2714 590 qui
2762 519 2927 576 modo
2967 518 3262 577 Eusebium
3305 523 3374 578 ab
3416 539 3476 580 se
3516 541 3656 596 pene

381 610 620 664 exscribi
649 609 938 663 confirmat
971 608 1046 679 (a)
1075 628 1089 676 ;
1124 609 1286 666 modo
1316 610 1491 666 eidem
1519 611 1593 665 ita
1623 627 1682 666 se
1706 611 1954 666 innixum
1988 611 2210 678 fatetur,
2250 620 2328 681 ut,
2362 628 2428 669 eo
2458 614 2750 679 subducto,
2804 615 2941 670 nihil
2981 617 3223 672 scribere
3238 619 3414 689 possit
3443 619 3554 692 (b)?

453 722 517 780 ll.
558 722 824 780 Samuelis
846 732 1050 795 patria,
1083 727 1275 781 notitia
1307 729 1474 796 operis
1506 738 1558 783 et
1603 727 1890 784 Maecenas.
1919 760 1988 772 —-
2023 729 2132 784 Sed
2163 730 2486 801 priusquam
2518 730 2586 787 de
2615 733 2905 804 multiplici
2935 731 3206 792 Samuelis
3232 737 3465 792 utilitate
3503 737 3658 793 dica-

385 833 530 881 mus,
564 834 745 888 operae
771 821 1006 890 pretium
1046 829 1129 877 est
1161 821 1229 876 de
1258 821 1379 892 ipso
1429 823 1650 878 homine
1703 833 1759 878 et
1807 824 1876 878 de
1929 823 2232 886 codicibus,
2299 823 2446 882 unde
2492 840 2632 896 opus
2680 827 3044 897 protrahitur,
3097 843 3312 884 summa
3359 826 3498 885 eum’
3529 831 3655 886 bre-

378 919 546 967 vitate
577 913 870 970 disserere.
925 914 1221 979 Samuelis,
1268 915 1537 985 dignitate
1570 916 1898 988 presbyteri,
1953 916 2134 986 patria
2167 916 2274 971 fuit
2300 915 2463 985 Ania,
2496 917 2770 975 Armeniae
2814 919 2947 975 urbs
3000 920 3066 975 ad
3098 920 3300 976 flumen
3351 924 3654 982 Achurium

389 1008 517 1070 sita,
562 1005 619 1060 in
653 1022 715 1061 ea
754 1009 1052 1078 provinciae
1078 1007 1350 1062 Araratite
1380 1009 1603 1078 regione
1630 1022 1793 1076 quam
1817 1006 2111 1077 geographi
2135 1004 2328 1060 dicunt
2369 1006 2660 1065 Siraciam.
2707 1007 2833 1065 limo
2883 1009 3023 1063 Ania
3045 1024 3171 1064 cum
3202 1025 3348 1066 nono
3377 1011 3658 1069 Christia-

377 1115 463 1155 nat
489 1114 614 1155 tera:
645 1102 847 1156 saeculo
868 1117 977 1156 non
1009 1102 1224 1157 modica
1256 1101 1592 1156 incrementa
1617 1100 1940 1171 accepisset,
1972 1107 2264 1170 pr0pterea
2294 1099 2442 1171 quod
2475 1100 2822 1173 Bagratuniis
2854 1102 3196 1173 principibus
3229 1103 3434 1174 regiam
3468 1105 3654 1161 sedem

388 1199 677 1273 prteberet,
701 1199 918 1254 decimo
945 1198 1164 1268 quidem
1191 1196 1592 1268 undecimoque
1620 1197 1821 1256 saeculo
1842 1211 1953 1252 tam
1987 1198 2244 1270 frequens
2264 1209 2488 1269 tamque
2505 1197 2790 1268 splendida
2846 1198 3045 1264 evasit,
3082 1208 3144 1254 ut
3195 1199 3390 1256 domos
3429 1209 3658 1256 centum

384 1297 554 1359 mille,
587 1295 784 1366 templa
815 1303 998 1349 autem
1017 1295 1140 1363 plus
1161 1293 1308 1348 mille
1333 1293 1593 1349 habuisse
1617 1291 1826 1348 feratur
1853 1293 1946 1364 (ε).
1977 1293 2147 1349 Porro
2179 1294 2298 1350 haec
2320 1294 2453 1350 urbs
2473 1293 2763 1364 diligenter
2784 1291 3120 1348 secernenda
3149 1300 3231 1349 est
3259 1293 3328 1348 ab
3353 1293 3494 1348 Anio
3524 1308 3660 1365 pro-

376 1386 593 1454 vincire,
626 1404 748 1459 quae
762 1387 966 1442 dicitur
991 1387 1101 1441 alta
1123 1385 1405 1456 Armenia,
1449 1387 1674 1442 castello
1703 1386 1850 1458 quod
1880 1385 2058 1444 Moses
2090 1387 2460 1444 Chorenensis
2492 1395 2882 1443 commemorat
2902 1386 3005 1458 (Δ).
3034 1387 3147 1458 Age
3179 1403 3311 1444 vero
3344 1390 3518 1459 ipsius
3551 1386 3656 1448 Sa.

375 1482 573 1538 muelis
601 1479 1006 1551 chronographi
1033 1479 1366 1535 mentionem
1399 1478 1607 1534 faciunt
1632 1481 1871 1550 primum
1895 1481 2114 1552 quidem
2167 1480 2414 1536 Armenii
2467 1481 2766 1552 scriptores
2809 1480 3074 1551 Cyriacus
3113 1480 3515 1552 Ganzaghenus
3549 1500 3658 1542 sa-

377 1579 484 1634 culi
543 1593 642 1632 xm
699 1578 900 1645 homo;
971 1576 1169 1632 iterum
1225 1582 1486 1644 sequente
1544 1577 1748 1632 saaculo
1808 1577 1892 1632 vir
1940 1578 2191 1634 eruditus
2240 1575 2532 1632 Vardanus
2576 1575 3098 1642 Barzerberdensis;
3154 1583 3387 1647 uterque
3436 1577 3492 1632 in
3535 1579 3654 1636 suis

377 1671 637 1727 Haicanis
659 1670 942 1725 historiis:
971 1669 1208 1738 denique
1255 1679 1530 1738 postrema
1563 1674 1724 1724 aetate
1755 1667 2045 1738 Serposius
2079 1671 2132 1723 in
2163 1667 2502 1724 Armeniaca:
2529 1669 2772 1724 historiae
2805 1671 3152 1741 compendio,
3181 1673 3347 1743 quod,
3383 1674 3656 1744 scriptore

379 1777 516 1824 usus
543 1777 816 1834 anonymo
847 1761 1046 1830 amico,
1081 1760 1348 1830 impensis
1369 1758 1742 1829 subsidiisque
1771 1759 2025 1815 maximis
2054 1759 2364 1823 adornavit,
2399 1758 2674 1814 Samuelis
2720 1761 3015 1817 ehronieos
3071 1776 3316 1818 canones
3344 1763 3496 1833 justo
3526 1763 3647 1834 qui-

376 1859 499 1912 dem
546 1858 750 1919 rarius,
783 1857 880 1913 sed
925 1865 1107 1911 tamen
1139 1856 1429 1926 aliquoties
1468 1854 1780 1924 compellat.
1825 1853 2095 1910 Praeterea
2111 1853 2390 1910 Gallicani
2419 1854 2628 1924 aliquot
2677 1853 2923 1924 perdocti
2959 1855 3211 1912 homines
3243 1856 3453 1912 codicis
3498 1856 3652 1912 Pari-

376 1949 512 2002 siaci
542 1947 736 2002 notitia
767 1948 876 2012 usi,
910 1961 1011 2002 nec
1041 1939 1282 2018 segniter
1322 1961 1424 2002 nec
1458 1945 1832 2016 perfunctorie
1863 1944 2174 2000 Samuelem
2218 1955 2470 2002 nostrum
2519 1947 2922 2001 commendant.
2980 1947 3197 2004 Primus
3248 1949 3301 2004 in
3361 1950 3445 2006 his
3478 1947 3650 2007 Vilic-

380 2038 571 2111 froyus
628 2038 902 2095 Samuelis
957 2037 1273 2093 Chronicon
1317 2037 1733 2109 diligentissime
1777 2039 2160 2102 contrectavit,
2213 2048 2376 2109 atque
2414 2039 2598 2110 operis
2644 2039 2889 2096 universi
2939 2041 3208 2096 rationem
3273 2043 3526 2112 exposuit
3555 2042 3648 2115 (ε).

389 2135 526 2189 Exin
576 2132 862 2206 Villefroyi
915 2131 1136 2189 schedis
1170 2133 1477 2188 instructus
1528 2130 1786 2189 Frerctus
1825 2130 2099 2190 Samuelis
2138 2133 2548 2205 ehronologiam
2591 2149 2718 2189 cum
2770 2135 2950 2190 fructu
3011 2137 3296 2208 usurpavit
3349 2138 3407 2192 in
3435 2138 3648 2196 disser-

379 2231 588 2286 tatione
617 2229 694 2285 De
747 2247 888 2284 anno
943 2231 1256 2284 Armeniaca
1301 2228 1388 2300 (Ῑ).
1439 2227 1547 2284 Sed
1595 2231 1740 2284 enim
1790 2245 1953 2284 nemo
2001 2228 2315 2285 affluentius
2368 2230 2764 2286 laudabiliusve
2823 2229 3190 2289 Samuelianis
3245 2233 3422 2302 copiis
3480 2241 3654 2289 semet

388 2327 698 2391 exornavit,
736 2341 901 2396 quam
928 2325 1265 2383 novissimus
1293 2324 1716 2404 Sammartinius
1740 2323 1837 2397 (g),
1867 2326 1954 2380 vir
1994 2327 2339 2382 orientalium
2390 2325 2700 2383 studiorum
2736 2334 2925 2382 nostra
2971 2335 3130 2384 aetate
3161 2326 3649 2398 prudentissimus,

373 2422 467 2493 qui
499 2421 567 2477 de
603 2421 877 2476 Armeniae
915 2419 1145 2476 historia
1185 2417 1618 2496 et_geographia
1670 2433 1826 2489 aeque
1860 2418 1998 2474 bene
2039 2417 2126 2473 vel
2173 2419 2341 2474 etiam
2405 2417 2686 2488 copiosius
2729 2417 3030 2473 meriturus
3079 2426 3186 2484 est,
3225 2433 3389 2488 quam
3427 2419 3518 2476 ille
3557 2421 3652 2475 diu

372 2516 750 2573 memorabilis
798 2514 1215 2570 Sancticrucius
1269 2514 1339 2570 de
1389 2513 1687 2570 Alexandri
1745 2515 1916 2586 gestis
1972 2522 2138 2584 atque
2194 2514 2582 2586 scriptoribus.
2621 2513 2742 2569 1am
2787 2529 2856 2570 ex
2905 2515 3027 2586 ipso
3074 2517 3259 2571 statim
3325 2517 3552 2588 prologo
3595 2523 3653 2571 et

373 2627 505 2667 mox
565 2627 599 2667 e
657 2613 860 2683 prioris
909 2611 1083 2682 partis
1127 2610 1490 2666 conclusione
1538 2609 1944 2680 cognoscimus,
2003 2607 2310 2666 Samuelem
2367 2609 2695 2680 patriarchae
2744 2607 2996 2680 Gregorii
3043 2611 3300 2680 precibus
3361 2618 3650 2666 exoratum

373 2707 517 2760 hanc
567 2707 927 2761 summariam
972 2715 1281 2775 temporum
1308 2703 1696 2758 tractationem
1731 2705 2062 2774 scripsisse:
2099 2702 2195 2760 sed
2245 2709 2331 2759 est
2377 2703 2674 2758 obscurum
2707 2701 2776 2756 ad
2817 2716 2978 2772 quem
3023 2700 3346 2771 Gregorium
3377 2701 3651 2759 Samuelis

370 2801 537 2854 verba
569 2800 898 2870 pertineant.
934 2797 1188 2853 Profecto
1222 2797 1474 2854 nonnulli
1514 2797 1758 2868 cogitant
1783 2799 1851 2854 de
1875 2796 2142 2868 Gregorio
2171 2797 2287 2862 illo,
2323 2795 2417 2867 qui
2453 2811 2600 2851 anno
2625 2795 2835 2852 Christi
2869 2795 3010 2849 1116
3052 2795 3261 2850 electus
3291 2803 3375 2851 est
3405 2795 3651 2866 vixitque

374 2894 430 2948 in
478 2894 795 2961 pontificatu
823 2906 999 2946 annos
1042 2907 1173 2954 Lm;
1218 2905 1319 2944 nos
1368 2897 1554 2944 tamen
1590 2887 1863 2944 Samuelis
1910 2889 2111 2944 librum
2141 2886 2408 2958 Gregorio
2457 2889 2642 2958 potius
2670 2886 2879 2957 juniori
2909 2887 3154 2942 oblatum
3205 2902 3518 2951 censemus,
3553 2889 3647 2959 qui

371 2989 528 3043 Nersi
557 2988 805 3054 fllaiensi
839 2985 1107 3042 successit
1140 2999 1284 3037 anno
1309 2981 1448 3037 1176
1479 3001 1493 3037 :
1528 2981 1688 3051 cujus
1729 2984 1808 3037 rei
1843 2984 2111 3069 permulta
2157 2983 2360 3038 indicia
2399 2989 2550 3046 sunt,
2583 2981 2678 3036 sed
2713 2981 2844 3036 illud
2878 2981 3039 3051 longe
3077 2981 3468 3046 certissimum,
3501 2983 3649 3055 quod

373 3079 632 3134 nimirum
669 3076 890 3132 Samuel
929 3081 1127 3146 quarto
1178 3071 1426 3142 Gregorii
1453 3071 1714 3141 junioris,
1753 3088 1851 3128 seu
1897 3073 2122 3144 Deglue,
2173 3087 2318 3128 anno
2359 3071 2773 3144 cbronologiam
2814 3087 2843 3125 a
2873 3086 2932 3128 se
2974 3073 3295 3128 adornatam
3345 3075 3646 3141 concludit,

372 3179 453 3233 uti
489 3191 612 3230 mox
667 3173 953 3230 evidenter
1009 3169 1352 3224 docebimus.

444 3290 530 3345 Ill.
567 3287 902 3346 Samueliani
931 3286 1214 3340 summarii
1248 3283 1476 3340 codices.
1512 3313 1584 3324 —
1618 3284 2017 3337 Chronieorum
2055 3283 2328 3339 Samuelis
2357 3298 2632 3338 canonum
2660 3283 2879 3338 codices
2927 3284 3070 3339 haud
3122 3283 3498 3356 infrequentes
3552 3302 3648 3343 oc-

370 3392 602 3443 currunt
636 3401 649 3437 :
679 3396 806 3435 nam
849 3385 1045 3452 printer
1091 3379 1426 3446 complures,
1477 3375 1571 3444 qui
1618 3375 1672 3428 in
1704 3377 2085 3428 Armeniorum
2117 3374 2467 3429 bibliothecis
2523 3373 2874 3439 delitescunt,
2903 3373 3243 3430 Parisiaeum
3290 3393 3466 3448 nuper
3495 3393 3648 3432 com-

372 3474 837 3536 memoravimus.
884 3469 1071 3541 Neque
1113 3478 1294 3523 tamen
1342 3467 1562 3522 Samuel
1621 3468 1704 3521 vel
1748 3467 2025 3537 Europ-aus
2068 3468 2153 3523 vel
2189 3467 2565 3522 Orientalibus
2593 3468 2738 3538 tvpis
2787 3475 2913 3521 ante
2964 3468 3067 3523 hoc
3102 3476 3340 3539 tempus,
3377 3481 3644 3542 quantum

372 3577 600 3639 scimus,
654 3571 956 3639 impressus
995 3572 1102 3621 est.
1164 3561 1282 3617 Jam
1319 3564 1374 3617 in
1404 3571 1554 3616 tanto
1584 3563 1836 3616 codicum
1896 3579 2126 3618 numero
2157 3565 2251 3618 vix
2291 3563 2437 3617 ullus
2466 3569 2570 3627 est,
2630 3564 2686 3617 in
2741 3579 2852 3633 quo
2899 3561 3170 3619 Samuelis
3219 3568 3472 3624 Canoues
3504 3571 3646 3626 ultra

373 3667 624 3722 auctoris
669 3663 988 3722 terminum,
1021 3670 1218 3725 nempe
1248 3654 1391 3708 ultra
1420 3652 1628 3708 Christi
1672 3668 1874 3707 annum
1939 3653 2100 3715 1179.
2153 3669 2184 3707 a
2233 3653 2639 3709 recentioribus
2672 3653 3103 3727 ehronographis
3137 3659 3221 3714 vel
3253 3663 3417 3714 etiam
3446 3664 3647 3719 scribis

374 3759 600 3833 produci
639 3772 749 3810 non
785 3755 1040 3818 soleant;
1091 3764 1201 3820 quo
1251 3763 1450 3819 genere
1481 3746 1836 3802 additamenti
1877 3763 1947 3802 ne
1979 3747 2150 3802 codex
2189 3747 2409 3818 quidem
2441 3745 2755 3802 Parisiacus
2809 3755 3002 3815 caret;
3064 3750 3316 3821 idemque
3360 3754 3410 3806 in
3442 3751 3648 3812 Graecis

372 3856 537 3910 etiam
580 3867 644 3906 ac
672 3849 883 3904 Latinis
915 3847 1147 3900 aliorum
1171 3850 1458 3896 auctorum
1487 3839 1763 3894 chronicis
1786 3840 2028 3895 solemne
2058 3841 2548 3910 pervulgatumque
2595 3847 2700 3893 est.
2752 3840 2995 3909 Denique
3043 3856 3153 3895 non
3214 3843 3390 3898 solum
3433 3853 3650 3914 protra-

374 3957 497 4002 ctus
531 3952 616 4000 est
648 3941 892 4006 Samuel,
923 3953 1112 3992 verum
1145 3937 1307 3991 etiam
1343 3935 1507 3990 alieni
1545 3935 1710 4005 panni
1749 3933 1965 3988 laciniis
1990 3935 2322 4004 quandoque
2365 3935 2714 3998 intertextus,
2759 3950 2866 4004 qua
2904 3935 2971 3991 de
3003 3951 3063 3990 re
3087 3945 3229 3992 natm
3254 3949 3456 3995 nostra?
3481 3941 3651 3996 lecto-

372 4052 463 4093 res
524 4033 822 4090 identidem
877 4028 1269 4084 admonebunt.
1332 4025 1490 4080 Nunc
1537 4025 1961 4080 Mediulanensis
2011 4024 2282 4081 Samuelis
2337 4025 2505 4080 editio
2558 4040 2588 4080 e
2638 4027 2881 4096 quinque
2935 4029 3184 4084 codicum
3237 4033 3530 4088 collatione
3585 4051 3650 4100 ac

372 4125 728 4180 varietatibus
784 4121 1019 4175 conflata
1071 4129 1178 4174 est.
1228 4116 1491 4186 Princeps
1556 4115 1828 4170 Samuelis
1880 4118 2190 4187 exemplar,
2239 4117 2386 4189 quod
2433 4117 2598 4172 veluti
2665 4116 3086 4175 fundamentum
3125 4122 3392 4180 editionis
3445 4135 3651 4182 nostrae

373 4221 681 4294 posuimus,
725 4217 874 4270 circa
936 4229 1139 4294 annum
1162 4227 1284 4266 tera:
1342 4210 1685 4264 Armeniaca:
1723 4208 1828 4264 656
1875 4211 2109 4280 (Christi
2162 4211 2232 4266 ad
2293 4211 2566 4268 Samuelis
2622 4216 3069 4284 supputationem
3125 4218 3308 4291 1209)
3364 4234 3650 4279 exaratum

372 4319 569 4379 fuerat,
626 4314 854 4382 ideoque
901 4308 1182 4362 tricesimo
1237 4305 1351 4359 fere
1405 4295 1529 4374 post
1579 4302 1830 4358 Chronici
1875 4305 2036 4360 finem
2089 4321 2234 4359 anno
2276 4305 2588 4362 confectum
2641 4310 3018 4377 cognoscitur.
3071 4299 3319 4381 Namque
3378 4295 3649 4372 Samuelis

373 4409 808 4465 lucubrationcm
855 4416 1046 4458 revera
1092 4413 1237 4453 anno
1280 4399 1420 4454 “79
1490 4398 1807 4468 explicitum
1867 4413 2024 4464 esse,
2086 4398 2378 4454 manifesto
2436 4401 2596 4456 docet
2668 4400 2918 4456 Chronici
2975 4403 3147 4458 codex
3213 4407 3371 4471 alter,
3428 4407 3481 4461 in
3540 4423 3652 4478 quo

371 4503 500 4557 licet
545 4516 684 4571 opus
729 4498 899 4550 multo
967 4494 1200 4548 ulterius
1259 4493 1633 4560 protrahatur,
1678 4491 1940 4562 pratdicto
1977 4501 2156 4546 tamen
2204 4508 2349 4548 anno
2394 4494 2532 4549 1169
2567 4494 2836 4564 ejusmodi
2886 4495 3190 4551 admonitio
3237 4500 3647 4567 perscribitur:

374 4594 511 4650 Heic
566 4582 782 4662 explicit
831 4589 1050 4660 facundi
1087 4587 1355 4642 Samuelis
1406 4588 1758 4657 compositio,
1801 4587 1893 4658 qui
1950 4603 2079 4640 sane
2134 4585 2458 4641 vehementer
2521 4589 2725 4642 curarit
2779 4596 2837 4642 ut
2887 4588 3313 4644 emendatissime
3375 4592 3648 4651 scriberet.

369 4688 586 4757 Appuiit
641 4694 818 4740 autem
852 4699 1014 4752 usque
1058 4683 1126 4738 ad
1183 4701 1338 4738 suam
1393 4687 1606 4740 omnino
1652 4694 1902 4750 (etatem;
1955 4701 2073 4738 cum
2121 4683 2363 4739 historici
2415 4686 2652 4756 ofﬁciunt
2695 4685 2853 4741 sitde
2887 4689 3170 4756 prwteritis
3199 4688 3650 4762 prwsentibusque

370 4779 662 4844 disserere;
704 4781 846 4834 ultra
894 4796 1010 4834 vero
1059 4797 1123 4834 ea
1164 4796 1281 4850 qua:
1327 4780 1384 4833 in
1424 4781 1532 4834 vita
1586 4781 1837 4850 cujusque
1885 4781 2485 4852 versantur,lprogredi
2532 4799 2637 4836 non
2693 4782 2870 4838 liceat.
2941 4783 3256 4851 Quanquam
3315 4783 3477 4853 igitur
3530 4799 3650 4854 pos:

371 4874 507 4929 httnc
548 4875 720 4928 locum
777 4875 943 4944 pergit
997 4873 1170 4926 adhuc
1227 4871 1450 4928 linearis
1501 4874 1945 4928 Armeniacarum
1999 4888 2175 4926 rerum
2228 4872 2494 4938 historia,
2559 4874 2902 4928 nihilominus
2945 4873 3219 4941 complura
3269 4874 3460 4929 menda
3515 4879 3648 4932 satis

369 4975 662 5038 coarguunt
693 4967 856 5020 alium
900 4982 1010 5020 esse
1059 4966 1242 5036 scripti
1296 4975 1604 5031 auctorem,
1637 4983 1761 5020 nam
1811 4973 2005 5036 prwter
2035 4963 2241 5019 Christi
2285 4981 2506 5036 temque
2563 4966 2935 5021 Armeniorum
2983 4983 3185 5030 annos,
3242 4967 3322 5020 nil
3374 4983 3651 5037 propemo-

370 5059 497 5112 dum
550 5067 684 5113 recte
735 5075 791 5112 se
833 5057 1008 5112 habet.
1043 5055 1232 5127 Neque
1271 5065 1455 5112 tamen
1522 5058 1752 5112 reticere
1783 5057 1928 5120 licet,
1984 5059 2242 5128 princeps
2267 5057 2399 5112 illud
2453 5059 2730 5128 exemplar
2762 5060 2908 5130 putri
2965 5059 3074 5113 situ
3109 5058 3253 5113 haud
3295 5074 3423 5112 raro
3477 5059 3654 5115 fuisse

371 5157 694 5218 corruptum
733 5149 1119 5220 nonnullisque
1169 5141 1380 5218 chartis
1447 5154 1722 5210 mutilum.
1779 5151 1834 5207 Id
1897 5167 2030 5207 vero
2083 5151 2344 5206 damnum
2388 5161 2699 5223 reparatum
2758 5160 2845 5207 est
2910 5153 3132 5208 invento
3184 5154 3294 5206 alio
3348 5151 3648 5223 Byzantina

371 5240 429 5294 in
484 5241 618 5296 urbe
673 5241 972 5311 excruciari
1036 5241 1152 5315 (Ia),
1203 5249 1350 5318 quod
1410 5261 1556 5301 anno
1613 5243 1833 5316 quidem
1890 5258 2013 5298 serae
2079 5243 2420 5298 Armeniaca:
2473 5241 2612 5297 4552
2666 5240 2916 5313 (Christi
2964 5245 3151 5316 1585)
3205 5245 3472 5314 scriptum
3528 5240 3648 5298 fue-

446 5453 522 5554 ςιιρ
556 5452 707 5554 ﬁart.
733 5470 774 5514 ι,
954 5453 1004 5518 7,
1044 5453 1134 5508 22.
2068 5448 2206 5554 mgf)
2239 5447 2519 5503 Mémoires
2545 5450 2610 5504 de
2661 5450 2866 5506 i‘Acad.
2897 5450 2988 5506 des
3018 5453 3206 5519 ἔπεσι-η
3239 5458 3279 5506 ι.
3312 5449 3454 5517 XIX,
3491 5466 3547 5522 p.
3575 5450 3648 5507 85

553 5522 944 5665 {ggfioiéxicih
978 5591 1255 5666 Armeniae
1285 5591 1712 5666 geographicum
1747 5589 1955 5645 editum
2067 5534 2209 5666 sqi'g.)
2237 5588 2516 5666 Mentoires
2536 5590 2851 5666 Itistoriques
2871 5600 2921 5645 et
2950 5592 3359 5663 géographtquec
3380 5608 3475 5646 cur
3502 5593 3648 5648 i’Ar-
3690 5657 3697 5666 _

375 5660 808 5725 Venetiisfanno
840 5665 1000 5720 i769.
1025 5663 1181 5719 Nunc
1210 5660 1350 5719 Ania
1389 5660 1558 5734 pagus
1583 5676 1682 5716 est.
2065 5661 2276 5734 méttt'e,‘
2295 5671 2336 5734 t.
2362 5660 2401 5723 l,
2441 5664 2668 5728 passim.

446 5734 522 5808 (ti)
551 5734 708 5808 Hist._
735 5750 796 5808 l_l_,
833 5735 919 5808 H_.
1095 5807 1099 5808 ί
1248 5803 1326 5808 Ἀ
1452 5729 1485 5808 μ’
1801 5803 1928 5808 ΜΗ
2068 5799 2082 5808 _

2068 5799 2091 5808 _
2136 5731 2210 5808 (ti)
2233 5729 2412 5808 liuius
2440 5732 2768 5800 exemplaris
2793 5733 3162 5804 apographum
3191 5748 3220 5788 a
3242 5749 3300 5790 se
3333 5731 3647 5808 confectum

453 5799 519 5874 (e)
556 5806 712 5876 Apud
739 5803 1495 5871 Montfauconium,Biblioth.
1540 5822 1666 5859 mss.
1707 5820 1756 5876 p.
1795 5803 1951 5860 109.6.
2063 5799 2110 5856 J.
2155 5799 2436 5858 Zohrabus
2471 5799 2779 5857 conservat.
