4142 6400
487 339 604 407 603'
1518 347 1862 404 APPENDIX
1899 350 1991 404 AD
2030 350 2303 408 EUSEBII
2343 349 2766 407 CHRONICON.
3658 350 3767 408 σοι

482 477 595 533 rat,
637 468 712 522 ita
743 476 926 524 tamen
966 476 1026 523 ut
1057 469 1200 524 idem
1225 468 1293 522 ab
1324 468 1710 538 antiquissimo
1740 470 1986 522 omnium
2034 470 2227 525 codice
2260 479 2538 541 sumptum
2569 471 2846 526 diceretur
2871 508 2887 534 ,
2935 480 3130 534 nempe
3173 465 3242 520 ab
3293 467 3607 538 apographo
3666 483 3768 522 an-

488 564 582 618 nis
616 564 905 620 duodecim
939 574 1060 634 post
1097 565 1378 620 conditum
1415 581 1554 635 opus
1595 563 1867 618 confecto.
1903 563 2047 620 Sane
2108 566 2162 619 id
2211 565 2568 638 Byzantinum
2605 563 2884 634 exemplar
2937 575 3268 631 magnopere
3306 559 3466 616 nobis
3494 559 3762 630 placebat,

484 656 716 724 ejusque
739 672 840 726 ope
870 672 1012 727 saepe
1067 673 1264 727 pravas
1313 657 1762 727 interpolationes
1817 659 2194 727 cognovimus,
2229 677 2350 729 qua:
2403 660 2472 714 ab
2529 660 2772 713 auctoris
2833 654 3049 729 ingenio
3107 653 3454 708 vehementer
3502 653 3766 708 abhorre-

485 744 638 800 bant.
671 745 943 801 llacteuus
972 750 1073 800 tria
1103 747 1651 802 commemoravimus
1687 745 1956 800 Samuelis
1989 749 2361 818 exemplaria;
2400 749 2677 818 princeps,
2713 747 2763 800 id
2790 756 2873 802 est
2899 749 3363 819 antiquissimum,
3393 750 3623 803 alterum
3652 764 3764 818 quo

486 854 772 894 inuneznur
797 842 862 894 de
893 842 1042 910 justo
1068 841 1307 894 auctoris
1341 839 1598 902 conﬁnio,
1631 842 1853 894 tertium
1887 839 2266 908 Byzantinum.
2293 839 2386 895 llis
2406 841 2626 894 demum
2658 839 2762 893 alia
2790 841 2899 893 duo
2923 849 3296 904 accesserunt,
3316 855 3553 909 quorum
3586 855 3756 894 unum

487 948 588 986 nec
609 936 760 989 valde
790 937 1071 1004 antiquum
1100 942 1154 988 et
1181 950 1343 1004 porro
1371 933 1779 1002 imperfectum;
1815 936 2044 988 alterum
2064 935 2525 1002 recentissimum,
2555 933 2717 1003 idque
2747 934 2800 986 in
2832 949 3034 987 annum
3054 933 3193 987 1698
3214 932 3494 994 desinens,
3521 940 3760 985 temera-

487 1027 586 1079 riis
630 1027 878 1081 videlicet
905 1028 1318 1081 accessionibus
1361 1035 1526 1095 atque
1555 1027 2072 1094 interpolationibus
2119 1033 2356 1080 scatens.
2395 1024 2586 1093 Operis
2618 1024 2856 1094 denique
2891 1025 3084 1077 titulus
3119 1024 3174 1076 in
3205 1021 3489 1076 codicibus
3515 1021 3756 1090 scriptus

486 1122 535 1175 is
593 1121 702 1175 fere
738 1131 821 1176 est
854 1139 1011 1191 quem
1050 1123 1102 1175 in
1140 1119 1314 1174 fronte
1372 1121 1631 1176 editionis
1689 1123 1970 1190 posuimus
2008 1139 2022 1175 :
2058 1121 2322 1176 Samuelis
2367 1120 2657 1190 presbyteri
2702 1121 2948 1173 Aniensis
2985 1127 3274 1186 temporum
3316 1133 3478 1188 usque
3507 1115 3575 1170 ad
3604 1130 3760 1168 suam

485 1222 692 1268 (etatem
723 1214 860 1266 ratio
886 1231 912 1266 e
937 1213 1085 1266 libris
1110 1213 1481 1265 historicorum
1513 1213 1817 1263 summatim
1847 1211 2088 1264 collecta.

557 1301 645 1358 ιν.
674 1303 778 1369 Qui
800 1305 870 1356 sit
903 1302 1233 1356 Samuelium’
1256 1303 1536 1355 summarii
1565 1303 1878 1371 [ructus.—
1907 1299 2010 1354 Sed
2047 1299 2258 1370 rogabit
2285 1299 2480 1368 aliquis
2505 1285 2611 1370 qua
2633 1297 2942 1353 communis
2967 1296 3220 1352 utilitatis
3253 1311 3349 1367 Spe
3395 1310 3572 1366 quove
3622 1311 3759 1365 pru-

485 1396 634 1452 denti
663 1413 797 1452 cons
823 1399 894 1450 lio
937 1397 1256 1451 Armenium
1294 1399 1770 1468 chronographum
1805 1397 1871 1451 ad
1909 1396 2296 1466 Europaeorum
2329 1396 2509 1450 studia
2546 1393 2930 1466 perferendum
2979 1393 3272 1447 curemus?
3328 1407 3562 1461 namque
3616 1389 3753 1446 illud

479 1487 786 1558 justissime
827 1490 1029 1544 dicitur
1061 1509 1073 1542 ε
1119 1489 1265 1542 Nova
1293 1499 1346 1544 et
1378 1491 1528 1543 utilia
1558 1492 1650 1559 qui
1676 1497 1883 1550 narrat,
1905 1498 2182 1543 auctorem
2202 1489 2348 1542 hunc
2373 1489 2654 1558 perhibeto
2684 1489 2911 1543 bonum.
2936 1486 3047 1540 Nos
3071 1499 3201 1539 sane
3229 1484 3483 1547 fatemur,
3521 1483 3764 1553 priorem.

487 1579 759 1635 Samuelis
791 1589 998 1651 partem
1050 1597 1240 1651 parum
1274 1582 1624 1636 emolumenti
1664 1583 1906 1651 (printer
1962 1579 2180 1634 Eusebii
2217 1580 2725 1651 confirmationem)
2757 1579 2949 1634 afferre
2987 1598 3000 1633 :
3033 1592 3122 1630 res
3149 1575 3295 1630 enim
3348 1573 3644 1629 llebraicas
3690 1582 3747 1629 et

485 1671 822 1739 reliquoru’m
855 1672 1007 1725 orbis
1035 1672 1164 1724 olim
1200 1673 1407 1740 cogniti
1449 1672 1776 1741 populorum
1830 1672 1903 1724 ita
1952 1669 2192 1724 Samucli
2255 1669 2521 1726 Eusebius
2554 1673 2886 1742 suppeditat,
2936 1681 2996 1727 ut
3057 1676 3160 1730 hoc
3197 1675 3557 1730 summarium
3607 1674 3746 1728 nihil

485 1762 598 1819 fere
664 1767 857 1819 haheat
910 1775 1105 1834 printer
1151 1765 1367 1820 Eusebii
1426 1769 1770 1836 aliorumque
1815 1767 2363 1836 chronographorum
2426 1767 2642 1821 brevem
2672 1770 2963 1838 quamdam
2993 1772 3415 1840 repetitionem;
3461 1769 3746 1834 historiam

484 1872 650 1926 porro
699 1857 1078 1912 Armeniacam
1135 1875 1309 1928 usque
1352 1860 1418 1913 ad
1465 1860 1745 1914 Christum
1805 1859 1872 1914 de
1906 1857 2130 1928 Virgine
2179 1861 2419 1930 genitum
2473 1860 2700 1915 totidem
2755 1878 2899 1931 saape
2933 1863 3116 1918 verbis
3157 1879 3187 1916 e
3234 1863 3379 1919 Mose
3411 1861 3752 1917 Chorenensi

486 1951 736 2007 videmus
815 1953 1094 2006 arcessiri.
1152 1953 1339 2024 Neque
1399 1963 1578 2008 tamen
1633 1963 1718 2009 est
1773 1969 1873 2009 cur
1926 1958 2217 2025 quisquam
2274 1964 2560 2023 propterea
2613 1955 2922 2010 Samuelem
2979 1957 3347 2027 spernendum
3410 1963 3586 2026 putet,
3635 1954 3746 2010 nisi

484 2045 626 2099 idem
664 2055 740 2098 tot
790 2043 1014 2099 Latinos
1047 2052 1125 2099 et‘
1156 2044 1377 2101 Graecos
1417 2047 1866 2118 chronographos
1927 2064 2081 2117 asque
2174 2049 2401 2119 pedibus
2431 2049 2626 2110 trahat,
2673 2054 2763 2119 qui
2807 2051 3050 2122 plerique
3091 2069 3283 2108 omnes
3323 2069 3448 2107 cum
3501 2053 3571 2108 ab
3620 2053 3754 2108 orbe

483 2139 707 2193 condito
758 2139 1062 2202 ordiantur,
1117 2142 1426 2195 necessaria
1473 2144 1682 2198 ratione
1728 2143 1786 2196 ﬁt
1823 2152 1881 2197 ut
1933 2143 2181 2198 eamdem
2211 2145 2486 2198 crambem
2537 2146 2828 2199 videantur
2873 2163 3190 2218 recoquere.
3268 2149 3594 2218 Quanquam
3649 2162 3755 2204 nos

484 2248 574 2288 res
628 2232 982 2287 Armeniacas
1023 2236 1318 2289 multormu
1373 2237 1438 2290 ad
1469 2253 1630 2293 aures
1682 2254 1828 2292 nunc
1858 2241 2091 2309 primum
2125 2252 2484 2309 perventuros
2519 2256 2829 2308 speramus,
2872 2245 3314 2314 quandoquidem
3357 2245 3522 2313 hujus
3577 2243 3772 2315 gentis-

482 2341 573 2383 res
616 2325 855 2377 nondum
909 2326 1042 2379 satis
1083 2326 1136 2378 in
1187 2328 1434 2396 populari
1476 2328 1595 2382 luce
1660 2339 1971 2390 versantur,
2013 2340 2233 2400 propter
2278 2345 2467 2384 eorum
2501 2332 2854 2399 paucitatem,
2907 2333 2998 2402 qui
3047 2333 3113 2387 ad
3146 2334 3244 2388 has
3299 2335 3616 2389 scribendas
3665 2348 3760 2387 ac-

480 2426 788 2473 cesserunt.
850 2418 955 2473 Sed
1009 2420 1137 2472 licet
1170 2419 1315 2488 quod
1366 2421 1599 2489 quisque
1632 2421 1773 2474 volet
1857 2423 2157 2484 existimet,
2233 2422 2288 2476 in
2340 2429 2529 2476 nostra
2601 2421 2822 2493 quidem
2894 2425 3132 2479 editione
3201 2437 3465 2496 quantum
3533 2407 3758 2481 Eusebii

479 2512 691 2583 primus
733 2514 869 2567 liber
905 2513 1147 2570 secundo
1201 2515 1463 2584 dignitate
1493 2524 1735 2585 praistat,
1771 2515 2105 2570 tantumdem
2140 2515 2411 2570 Samuelis
2467 2533 2590 2587 pars
2645 2517 2918 2586 posterior
2945 2519 3180 2588 prierem
3234 2516 3580 2587 jucunditate
3637 2515 3760 2571 fru-

479 2616 683 2678 ctuque
735 2620 977 2680 superat.
1017 2610 1385 2667 Romanorum
1421 2623 1476 2666 et
1530 2613 1842 2668 Graecorum
1887 2615 2244 2684 imperatores
2293 2622 2509 2670 centum
2541 2616 2858 2669 scribuntur
2905 2615 3045 2684 apud
3076 2613 3382 2668 Samuelem
3415 2613 3482 2668 ab
3511 2613 3779 2683 Augusto-

481 2696 550 2751 ad
607 2698 910 2756 lilauuelem
967 2704 1328 2758 Comnenum.
1374 2703 1668 2759 Persarum
1729 2720 1944 2775 quoque
1991 2721 2149 2774 reges
2197 2706 2430 2776 primum
2463 2706 2762 2768 Arsacidae,
2805 2721 2927 2759 mox
2973 2704 3254 2760 Sasanidze
3297 2712 3419 2776 post
3465 2702 3764 2758 Christum.

481 2804 656 2860 usque
692 2794 757 2847 ad
795 2794 1160 2850 Mahumetum
1200 2797 1320 2866 plus
1353 2798 1574 2867 triginta
1627 2808 1963 2852 narrantur:
2015 2799 2109 2868 qui
2180 2809 2468 2869 postquam
2521 2800 2713 2853 fatales
2757 2800 2936 2854 exitus
2989 2799 3321 2860 habuerunt,
3367 2804 3572 2854 exorta:
3623 2805 3759 2851 sunt

482 2879 880 2936 Saracenorum
917 2885 1227 2938 Amirarum
1269 2885 1608 2956 tyranuides,
1665 2904 1895 2952 quarum
1942 2888 2136 2955 ingens
2167 2887 2379 2956 imperii
2435 2888 2605 2941 moles
2633 2889 2828 2956 partim
2857 2886 3076 2957 quidem
3109 2888 3466 2941 internecivis
3509 2886 3651 2942 odiis
3686 2901 3750 2940 ac

479 2973 942 3036 dissensionibus,
971 2976 1165 3043 partim
1198 2993 1327 3029 vero
1353 2976 1677 3046 Scytharum
1705 2980 1939 3032 adventu
1965 2989 2087 3048 post
2119 2995 2292 3034 annos
2326 2981 2723 3049 quinquaginta
2751 2981 2971 3036 circiter
3000 2997 3164 3050 supra
3183 2981 3450 3035 ducentos
3466 2979 3756 3034 debilitata-

480 3081 544 3121 ac
603 3067 868 3135 dissipata
917 3078 1020 3122 est.
1084 3068 1369 3124 Prmdietis
1428 3073 1694 3140 interjccti
1740 3072 1960 3126 fuerunt
2018 3075 2396 3127 Armeniorum
2454 3075 2698 3145 dynasta:
2746 3074 2887 3128 miro
2931 3074 3060 3128 ludo
3113 3073 3345 3128 fortuna:
3397 3074 3610 3143 jactati,
3649 3073 3755 3126 Ar-

481 3159 682 3213 sacidae
717 3162 974 3214 nimirum
1019 3176 1196 3230 reges,
1236 3161 1544 3216 Mainicunii
1577 3163 1870 3232 principes,
1904 3161 2129 3226 Gnunii,
2165 3163 2474 3226 Rhestuuii,
2529 3163 2839 3228 Arzerunii,
2872 3163 3206 3233 Bagratunii,
3249 3171 3442 3233 praater
3481 3165 3756 3229 Persicos,

483 3251 794 3313 Arahicos,
854 3250 1061 3314 Iberos,
1115 3253 1443 3322 Gracosque
1477 3255 1781 3322 pra-fretos.
1843 3252 1994 3308 Adde
2034 3255 2415 3308 Armeniorum
2454 3255 2796 3324 patriarchas
2859 3271 3138 3325 nunquam
3195 3255 3559 3312 intermissos.
3603 3259 3770 3314 Adde—

485 3343 690 3398 Christi
737 3360 902 3398 aaram
962 3361 991 3398 a
1047 3346 1448 3414 vulgari‘satis
1497 3347 1954 3411 dissentientem,
2002 3362 2109 3417 qua
2168 3351 2224 3401 in
2269 3364 2326 3401 re
2377 3346 2650 3403 Samuelis
2711 3349 3102 3419 chronologia,
3153 3356 3377 3419 propter
3431 3358 3668 3403 veterem
3700 3354 3757 3404 et

478 3437 859 3509 gravissimam
918 3451 1258 3488 summorum
1316 3439 1633 3490 criticorum
1691 3439 1757 3492 de
1817 3455 1923 3492 ιρι-ιι
1976 3441 2181 3509 vulgari
2233 3443 2843 3513 controversiam(a),
2881 3441 3027 3494 haud
3085 3440 3238 3494 flocci
3295 3439 3546 3494 facienda
3624 3448 3738 3496 est.

481 3527 635 3580 Adde
672 3541 835 3583 seram
876 3526 1281 3589 Armeniacam,
1321 3543 1427 3580 non
1461 3537 1516 3582 ut
1545 3529 1707 3597 vulgo
1735 3529 1977 3582 Armenii
2011 3537 2327 3598 supputant,
2361 3530 2566 3582 Christi
2601 3546 2745 3584 anno
2788 3533 2914 3595 55!,
2946 3531 3042 3586 sed
3076 3547 3222 3584 anno
3261 3531 3366 3584 555
3415 3531 3748 3587 institutam.

484 3617 633 3686 quod
699 3618 986 3671 verissime
1041 3633 1069 3669 a
1103 3616 1356 3671 Samuele
1412 3619 1523 3671 dici
1580 3619 1906 3689 jampridem
1958 3619 2288 3692 Villct'royus
2352 3637 2416 3676 ex
2464 3635 2608 3675 anno
2668 3620 3173 3693 Hierosolymorum
3212 3622 3606 3678 aChristianis
3654 3637 3756 3676 ca-

486 3721 702 3781 ptorum
730 3711 1206 3765 demonstravisse
1231 3711 1443 3764 videtur
1477 3710 1570 3780 (li).
1601 3710 1718 3764 Jam
1747 3712 1877 3781 ipszc
1913 3729 2000 3768 res
2024 3716 2274 3770 aetatibus
2305 3729 2488 3784 regum
2530 3715 2866 3784 interpositae
2891 3707 3109 3785 quanta:
3131 3715 3350 3768 demum
3377 3714 3544 3769 sunt?
3569 3713 3755 3779 Quan-

478 3824 643 3879 quam
685 3806 953 3859 Samuelis
977 3821 1083 3857 non
1119 3812 1201 3858 est
1228 3804 1473 3870 historia,
1503 3806 1595 3858 sed
1629 3808 1805 3874 capita
1828 3806 2074 3875 qumdam
2103 3817 2156 3862 et
2191 3809 2432 3863 historiae
2462 3809 2912 3874 commentarius,
2946 3809 3186 3861 virorum
3226 3814 3411 3862 tamen
3449 3807 3748 3861 illustrium

482 3899 726 3952 facinora
780 3900 1062 3952 innumera
1126 3905 1650 3950 commemorantur.
1689 3898 1754 3950 Et
1804 3898 2022 3966 quidem
2067 3900 2348 3953 laetissima
2399 3908 2482 3954 est
2543 3900 2872 3953 illuminatio
2919 3897 3330 3962 Armeniorum,
3364 3913 3472 3966 quo
3494 3905 3740 3966 tempore

479 4009 615 4064 gens
672 3993 762 4046 illa
819 3992 1072 4044 universa
1126 3989 1430 4043 incredibili
1489 3990 1672 4043 studio
1724 3998 1777 4044 et
1830 4005 2100 4046 consensu
2159 3992 2227 4045 ad
2271 3993 2548 4047 Christum
2584 3993 2912 4054 convolavit,
2966 3989 3229 4060 prodigiis
3281 3990 3532 4059 plurimis
3573 3989 3748 4042 maxi-

482 4087 695 4154 misque
741 4081 841 4137 SS.
905 4081 1151 4141 Gregorii
1191 4091 1244 4134 et
1299 4081 1620 4150 Rhipsimiae
1673 4083 2044 4152 comitumque
2088 4086 2385 4138 virtutibus
2449 4093 2556 4138 tota
2607 4084 2865 4137 Armenia
2914 4081 3283 4150 strepentibus
3345 4079 3438 4152 (c).
3490 4079 3624 4134 Exin
3675 4091 3756 4139 tot

482 4175 808 4244 templorum
844 4171 1334 4239 cmnohiorumque
1390 4171 1640 4233 aedificia,
1680 4179 1759 4223 tot
1805 4174 2064 4244 martyrio
2097 4173 2413 4239 fortissima,
2447 4181 2527 4227 tot
2551 4173 2816 4228 doctrinis
2853 4173 3244 4240 laboribusque
3274 4174 3597 4226 confirmata
3625 4174 3755 4227 reli-

483 4269 598 4341 gio.
649 4267 974 4335 Quanquam
1031 4281 1160 4318 vero
1221 4274 1410 4334 postea
1475 4281 1574 4320 nec
1619 4266 1853 4320 haereses
1904 4282 2080 4336 neque
2147 4267 2447 4323 schismata
2499 4282 2677 4336 neque
2735 4267 2970 4336 partium
3014 4266 3321 4333 praesertim
3378 4263 3754 4318 furiosissima

483 4365 662 4422 studia
729 4363 1058 4424 defuerunt;
1119 4367 1300 4413 tamen
1348 4359 1497 4412 natio
1523 4361 1911 4414 Armeniorum
1947 4376 2228 4431 nunquam
2265 4377 2323 4416 se
2384 4376 2412 4413 a
2465 4361 2855 4414 coniniunione
2890 4357 3139 4412 Romana
3194 4359 3437 4412 cunctim
3484 4357 3749 4426 sejunxit.

480 4458 620 4526 Quid
655 4454 907 4508 llaieame
944 4453 1263 4504 litteratura:
1312 4451 1751 4520 auspicatissima
1824 4453 1976 4506 initia
2028 4460 2084 4506 et
2139 4467 2461 4523 progressus
2497 4465 2666 4520 prope
2724 4449 3098 4512 admirabiles,
3129 4449 3234 4503 nisi
3293 4455 3408 4500 tam
3446 4463 3587 4518 saepe
3619 4465 3756 4518 pro-

480 4556 616 4611 cella
648 4554 975 4608 litterarum,
1034 4547 1197 4599 turbo
1237 4561 1299 4600 ac
1353 4553 1651 4615 tempestas
1695 4547 2023 4603 eruditionis
2053 4548 2233 4603 omnis
2290 4548 2491 4600 bellum
2542 4545 2821 4600 Persicum
2856 4552 2910 4598 et
2961 4559 3084 4597 mox
3113 4543 3408 4597 Arabicum
3443 4543 3496 4596 in
3546 4543 3751 4599 Arme-

480 4650 624 4704 niam
663 4639 1029 4715 pervasisset?
1053 4639 1430 4695 Mahumeticae
1455 4644 1709 4711 potentia:
1734 4643 2068 4698 incunabula
2091 4653 2143 4699 et
2170 4644 2504 4698 incrementa
2531 4641 2865 4713 (quanquam
2889 4639 3255 4694 communiori
3283 4637 3742 4694 Saracenicorum

480 4753 786 4813 temporum
836 4736 1084 4792 historiae
1119 4751 1308 4806 parum
1340 4753 1582 4792 consona
1609 4737 1625 4809 (
1655 4739 1727 4808 τι)
1755 4779 1769 4802 ,
1803 4739 2077 4794 Armenia:
2124 4738 2504 4810 laerymabiles
2561 4739 2916 4800 vastationes,
2954 4734 3272 4789 Latinorum
3314 4735 3369 4791 in
3405 4731 3768 4789 Palmstinam.

477 4835 854 4906 expeditiones
903 4835 1037 4888 satis
1093 4835 1257 4888 ubere
1293 4829 1434 4900 stylo
1495 4831 1854 4885 scribuntur:
1896 4847 2072 4901 neque
2106 4830 2270 4885 ullius
2327 4847 2464 4900 pene
2522 4831 2600 4884 rei
2663 4831 2896 4884 varietas
2935 4829 3312 4892 desideratur;
3371 4845 3479 4883 non
3533 4827 3767 4882 urbium!

480 4925 778 4997 primordia
801 4935 852 4978 et
872 4925 1104 4990 excid'a,
1130 4939 1236 4977 non
1259 4922 1434 4977 caedes
1461 4921 1781 4984 innumerae,
1815 4937 1922 4975 non
1949 4923 2268 4991 pestilentia:
2293 4921 2596 4991 famesque,
2631 4936 2737 4974 non
2773 4922 3117 4982 scelera,non
3155 4918 3396 4982 fraudes,
3416 4933 3526 4972 non
3552 4923 3753 4971 strata-

478 5027 715 5089 gemata,
764 5034 870 5071 non
928 5018 1164 5087 denique
1196 5017 1489 5069 multorum
1530 5016 1810 5068 hominum
1863 5016 2086 5080 litteris,
2142 5015 2530 5078 sanctimonia,
2569 5013 2764 5089 bellica
2813 5022 2930 5066 arte
2974 5011 3354 5081 praestantium
3385 5010 3748 5066 enumeratio.

478 5114 656 5178 Atque
683 5110 798 5163 hcce
831 5109 1014 5162 omnia
1057 5109 1200 5163 notis
1228 5107 1500 5161 editorum
1530 5106 1780 5175 plurimis
1811 5115 1861 5159 et
1906 5106 2364 5176 castigationibus
2403 5106 2729 5161 illustranda
2759 5112 2921 5161 erant
2953 5113 3116 5175 atque
3155 5101 3463 5174 purganda,
3495 5100 3602 5155 nisi
3645 5113 3748 5152 nos

479 5200 759 5257 festinatio
783 5201 964 5270 operis
995 5200 1063 5253 ab
1094 5199 1240 5252 omni
1271 5198 1381 5250 fere
1419 5195 1775 5265 exquisitiore
1804 5209 1936 5248 cura
1964 5205 2269 5250 avocasset.

549 5297 615 5357 ν.
657 5299 735 5354 De
774 5298 1040 5355 Samuelis
1079 5295 1391 5351 ortlwdoxia
1430 5293 1762 5363 συνήθειαι-ιιι.
1814 5321 1886 5332 --
1935 5289 2091 5346 Nunc
2130 5293 2176 5348 si
2233 5293 2359 5347 licet
2397 5291 2465 5347 de
2503 5291 2776 5363 religiosis
2815 5306 3034 5362 quoque
3079 5287 3353 5349 Samuelis
3392 5283 3747 5357 dogmatibus

551 5477 628 5546 (a)
657 5476 794 5530 Vide
820 5478 866 5530 si
895 5476 1028 5530 nihil
1063 5473 1230 5534 aliud,
1268 5481 1414 5528 certe
1453 5473 1622 5546 libros
1663 5469 1879 5525 Henrici
1914 5468 2055 5524 San-
2159 5485 2300 5546 num-
2321 5470 2519 5546 Christi
2552 5469 3079 5546 retrahendum
3112 5476 3195 5546 est
3243 5463 3432 5546 (quod
3481 5465 3600 5546 ipse
3640 5460 3750 5546 15η-

476 5532 749 5604 (ιεἠίριιείἰ
785 5547 857 5599 De
883 5547 1112 5616 vulgaris
1147 5532 1268 5599 ιον-’.υ
1303 5544 1686 5616 emendatione.
1897 5608 2026 5616 ω-
2159 5542 2303 5593 muel
2338 5542 2402 5616 ad
2437 5558 2524 5595 an.
2561 5539 2902 5616 Chris_1i_6_18
2935 5540 3070 5592 satis
3101 5532 3261 5591 docet
3286 5532 3346 5605 )’;
3387 5545 3500 5586 tum
3547 5532 3739 5585 Mahu-

552 5618 625 5678 (θ)
659 5619 814 5686 Apud
833 5608 1573 5679 Montvlauconium,Biblioth.
1601 5630 1752 5676 mss.,
1794 5627 1850 5682 p.
1893 5608 2052 5672 1016,
2159 5616 2301 5686 meti
2328 5612 2679 5686 priorumque
2701 5609 3002 5686 Califarum
3049 5624 3135 5662 res
3181 5617 3346 5686 gesta:
3392 5620 3458 5658 ex
3508 5616 3741 5686 accuraf

479 5686 640 5742 1017.
709 5678 722 5686 ’
1307 5678 1310 5679 ⁷
1796 5678 1810 5682 ⁷
2156 5681 2392 5734 tioribus
2425 5683 2663 5734 Arabum
2701 5681 2944 5734 histeriis
2973 5678 3370 5748 cognoscendae
3404 5682 3571 5748 sunt,
3605 5684 3752 5740 quas

550 5756 621 5823 (ε)
663 5754 800 5824 Lege
831 5755 896 5810 ad
925 5754 1129 5810 Christi
1161 5770 1364 5808 annum
1398 5752 1520 5808 505.
1690 5823 1698 5824 ί
2159 5767 2265 5804 non
2310 5749 2497 5819 parum
2524 5750 2768 5824 Samuel
2812 5750 2879 5806 ad
2925 5767 3015 5804 an.
3049 5746 3099 5803 'ti
3115 5749 3174 5803 i8
3216 5746 3541 5821 perturbare
3572 5752 3738 5812 atque

548 5826 627 5896 (ά)
669 5823 888 5880 Scilicet
935 5834 1051 5880 tum
1100 5826 1302 5896 hegirze
1330 5825 1544 5880 initium
1593 5823 1763 5878 multo
1795 5829 1919 5877 ante
1953 5835 2053 5876 an-
2159 5824 2455 5879 obscurare
2485 5823 2719 5877 videtur.
