4142 6400
390 325 496 383 605
1384 379 1393 387 .
1422 329 1517 386 DE
1553 330 1881 387 SAMUELE
1910 329 2026 386 ANl

2011 330 2188 387 IENSI
2223 329 2615 385 ΡΚᾹΞΡΔΤΙΟ.
3542 329 3647 385 606

396 450 668 522 judicium
712 450 1065 524 interponere
1094 491 1110 517 ,
1152 452 1210 507 in
1249 454 1441 524 primis
1478 454 1781 510 notandum
1821 461 1942 521 est,
1981 453 2290 509 Orientales
2330 453 2616 508 haereticos
2656 448 3122 534 (Samosatenum
3163 460 3294 520 puta
3319 490 3334 513 ,
3393 448 3648 504 Macedo-

397 544 593 609 nium,
635 543 950 600 Nestorium
991 553 1156 616 atque
1191 543 1351 615 alios)
1378 561 1486 599 non
1522 545 1760 600 obscure
1797 545 1852 598 in
1889 544 1995 598 hoc
2034 542 2294 598 Chronico
2332 541 2707 596 condemnari.
2746 537 2869 593 Jam
2909 541 2982 595 ab
3020 546 3138 608 ipsa
3177 536 3651 593 Chalcedonensis

400 640 599 711 synodi
646 641 1056 711 oppugnatione
1093 646 1147 696 et
1181 654 1211 693 a
1251 639 1484 694 crimine
1524 638 1997 710 MonOphysitico,
2026 637 2099 692 ob
2129 651 2252 708 quae
2290 636 2513 690 nomina
2554 634 2697 689 male
2726 632 3005 687 interdum
3034 630 3274 683 Armenii
3303 627 3650 694 audiverunt,

394 734 534 788 satis
576 731 797 788 Samuel
839 734 1135 789 abhorrere
1172 735 1412 790 videtur.
1456 735 1505 791 ls
1546 736 1751 805 quippe
1787 751 1932 789 anno
1970 733 2179 789 Christi
2221 733 2328 787 640
2368 731 2575 787 diserte
2613 731 2812 792 docet,
2856 729 2925 783 ab
2982 726 3158 782 Esdra
3198 723 3510 795 patriarcha
3549 723 3653 778 Ar-

396 825 708 879 meniorum
754 826 809 881 in
850 826 1323 882 Chalcedonensis
1346 827 1537 897 synodi
1561 826 1884 881 sententiam
1924 815 2154 895 pedibus
2197 826 2331 878 itum
2366 838 2528 889 esse;
2561 836 2685 877 cum
2726 829 2908 874 tamen
2944 832 3088 871 anno
3120 814 3326 870 Christi
3359 815 3464 869 527
3493 821 3656 870 caute

393 916 741 980 reticuisset,
788 917 1155 985 patriarcham
1185 918 1409 975 Nersem
1441 921 1897 976 Astarachensem
1919 962 1935 986 ,
1971 921 2432 992 Eutychianorum
2466 918 2750 974 fraudibus
2787 917 3223 999 circumventum
3254 911 3657 982 Persarumque

398 1013 570 1068 armis
606 1014 966 1068 conterritum
1010 1014 1086 1086 (a)
1114 1055 1130 1079 ,
1173 1017 1446 1086 praedictae
1493 1018 1684 1089 synodi
1734 1032 1977 1072 canones
2024 1017 2362 1080 rescidisse,
2410 1030 2520 1085 quo
2578 1013 2803 1070 silentio
2842 1011 3063 1067 Samuel
3114 1011 3481 1065 calamitatem
3533 1010 3657 1079 ejus

396 1109 528 1167 facti
568 1114 813 1168 studiose
851 1129 911 1169 se
949 1121 1133 1184 tegere
1175 1113 1375 1167 innuit.
1416 1111 1637 1168 Rursus
1677 1128 1823 1167 anno
1858 1112 2066 1168 Christi
2108 1112 2213 1167 856
2255 1110 2538 1165 Zachariae
2578 1108 2918 1181 patriarchae.
2937 1108 3343 1163 ecclesiasticas
3380 1107 3657 1161 constitu-

394 1208 572 1262 tiones
612 1206 831 1263 Samuel
884 1208 1157 1263 collaudat
1193 1224 1206 1260 :
1250 1211 1400 1277 atqui
1439 1208 1784 1278 exploratum
1824 1215 1943 1269 est.
2002 1207 2072 1261 ab
2124 1207 2231 1262 hoc
2284 1206 2545 1279 pontifice
2601 1203 3103 1259 Chalcedonensem
3147 1201 3344 1254 iterum
3387 1196 3656 1279 synodum

397 1294 568 1352 fuisse
605 1301 1008 1370 comprobatam
1046 1302 1143 1373 (ὁ).
1177 1302 1367 1369 Quid?
1403 1302 1776 1376 Eutychianos
1809 1305 1971 1368 duos,
1997 1302 2265 1358 Joannem
2304 1303 2790 1357 Mairacomensem
2824 1305 2877 1352 et
2910 1297 3182 1366 Sergium,
3214 1310 3398 1349 nonne
3432 1271 3656 1348 Samuel

397 1398 586 1460 aperte
622 1401 945 1448 exsecratur
984 1394 1101 1465 (c)?
1153 1394 1373 1450 Utinam
1422 1405 1477 1452 et
1525 1396 1763 1452 Zenonis
1804 1396 2096 1451 Ilenoticon
2155 1403 2325 1465 atque
2376 1393 2659 1449 Anastasii
2712 1391 3068 1462 praedictique
3114 1389 3351 1445 Zenonis
3402 1388 3656 1459 dogmata

393 1481 552 1552 nigro
586 1498 739 1553 aeque
778 1486 962 1555 lapillo
1000 1488 1242 1558 signaret
1280 1488 1358 1561 (ά)
1391 1490 1404 1542 l
1458 1489 1576 1545 Nisi
1628 1490 1771 1545 forte
1826 1488 2096 1544 Samuelis
2139 1489 2194 1543 hi
2234 1489 2342 1542 loci
2383 1488 2696 1555 interpolati
2737 1493 2867 1541 sunt
2903 1486 2972 1540 ab
3010 1486 3077 1540 iis
3114 1486 3317 1555 quibus
3354 1482 3657 1540 Chalcedo-

402 1590 573 1633 nense
611 1580 904 1635 concilium
944 1582 1267 1652 displicuit;
1310 1584 1456 1654 quod
1494 1600 1667 1655 genus
1706 1582 2189 1654 interpolationum
2228 1581 2358 1635 alibi
2398 1595 2617 1651 quoque
2677 1580 2735 1633 in
2791 1577 3064 1635 Samuelis
3114 1580 3400 1635 codicibus
3450 1578 3654 1648 depre-

392 1667 706 1726 hendimus.
750 1669 855 1726 Sed
897 1671 1167 1735 Samuelis
1217 1680 1598 1735 orthodoxiam
1638 1681 1714 1734 nil
1752 1680 2126 1734 vehementius
2162 1677 2525 1738 commendat,
2550 1692 2712 1747 quam
2752 1676 2897 1744 quod
2938 1675 2985 1731 is
3015 1676 3069 1730 in
3102 1676 3294 1746 Deghaa
3333 1676 3657 1746 patriarcha

391 1758 645 1813 clientela
698 1759 843 1822 fuit.
891 1765 1052 1833 cujus
1102 1768 1343 1825 hominis
1393 1770 1642 1825 doctrina
1694 1770 1963 1826 catholica
2019 1785 2087 1825 ex
2142 1768 2391 1837 ejusdem
2447 1767 2671 1837 scriptis
2722 1767 3000 1837 rebusque
3063 1769 3233 1838 gestis
3275 1770 3654 1839 cognoscitur.

392 1845 637 1919 Namque
673 1849 855 1923 Degha
894 1855 1116 1926 scriptis
1154 1857 1351 1913 litteris
1391 1856 1490 1930 (et
1525 1858 1746 1929 quidem
1786 1859 1951 1913 etiam
1993 1857 2062 1911 ad
2100 1856 2463 1912 Caelestinum
2517 1855 2585 1910 ιιι
2634 1856 2875 1927 papam)
2929 1858 3415 1931 Monophysitieam
3446 1860 3656 1926 .labem

396 1941 705 1999 insectatus
743 1952 869 2011 est,
910 1956 1101 2002 coacta
1143 1960 1326 2005 autem
1367 1946 1578 2023 synodo
1617 1953 1764 2007 circa
1804 1968 1928 2008 eum
1970 1953 2148 2023 ipsum
2192 1968 2425 2015 annum,
2464 1967 2574 2021 quo
2614 1951 2913 2007 Clu-oniten
2954 1950 3226 2007 Samuelis
3283 1952 3655 2039 concluditur,

400 2037 543 2096 duas
579 2041 903 2098 solemniter
943 2043 1152 2101 Christi
1191 2055 1418 2103 naturas
1455 2048 1527 2102 ab
1564 2046 1839 2103 Armeniis
1879 2047 2311 2119 pronuntiandas
2352 2046 2565 2102 curavit
2625 2046 2716 2117 te).
2774 2045 3019 2116 Denique
3057 2047 3198 2118 quod
3241 2047 3415 2101 sancti
3453 2037 3652 2100 nomen

392 2132 590 2190 Joanni
629 2134 884 2193 Ozniensi
923 2139 1154 2210 largitur
1193 2140 1419 2197 Samuel
1461 2141 1540 2214 (ί)
1574 2183 1590 2213 ,
1634 2143 1688 2197 in
1730 2143 1921 2214 primis
1955 2142 2240 2199 sciendum
2278 2151 2362 2199 est
2386 2181 2401 2207 ,
2440 2142 2858 2197 criminationes
2891 2143 3157 2197 adversus
3190 2142 3337 2197 hunc
3375 2142 3653 2195 hominem

396 2229 632 2287 inventis
670 2248 874 2303 nupera
917 2242 1076 2290 aetate
1117 2233 1459 2288 documentis
1498 2248 1824 2303 magnopere
1877 2233 2047 2290 fuisse
2086 2232 2290 2289 fractas
2317 2274 2332 2299 ,
2375 2232 2741 2303 etuudemque
2780 2249 2811 2288 a
2853 2233 3293 2306 Monophysitica
3333 2234 3658 2304 suspicione

396 2321 685 2377 liberatum
727 2324 825 2395 (g).
865 2323 933 2377 Et
969 2323 1190 2395 quidem
1229 2325 1284 2378 in
1326 2333 1567 2380 veterum
1622 2325 1842 2396 scriptis
1895 2326 2072 2381 sancti
2127 2341 2324 2381 nomen
2381 2324 2562 2382 civilis
2625 2322 3006 2382 tantummodo
3062 2328 3371 2396 privatique
3429 2324 3656 2382 honoris

394 2430 563 2471 causa
606 2417 878 2473 interdum
917 2420 1216 2474 tribuitur:
1256 2417 1498 2472 Joannes
1532 2427 1710 2472 autem
1752 2418 1842 2472 hic
1878 2418 2169 2474 Ozuieusis
2238 2418 2294 2472 in
2351 2431 2509 2472 sacra
2564 2416 2950 2472 Armeniorum
2999 2412 3335 2472 Ralcndaria
3396 2418 3658 2486 pleraque

396 2527 509 2568 non
559 2522 644 2569 est
682 2510 907 2571 relatus.
951 2514 1212 2570 Miramur
1246 2515 1375 2570 item
1417 2515 1749 2587 singularem
1792 2514 2062 2571 Samuelis
2114 2515 2169 2568 in
2225 2513 2479 2585 religiosa
2535 2514 2769 2570 historia
2821 2512 3113 2570 scribenda
3152 2509 3459 2578 tranquillit
3497 2519 3605 2563 tem
3631 2546 3653 2575 ,

396 2619 524 2659 cum
562 2613 745 2662 tamen
779 2605 974 2661 Oriens
1008 2607 1221 2676 magnis
1262 2604 1560 2660 factionum
1602 2605 1837 2661 ﬂammis
1866 2605 2016 2660 οηιηὶ
2053 2613 2297 2676 tempore
2325 2607 2618 2662 exarserit.
2649 2607 2812 2662 Certe
2842 2604 3127 2676 permultis
3155 2586 3677 2658 controversiarﬂm‘

399 2700 600 2755 harum
641 2702 1010 2772 scriptoribus
1049 2708 1263 2756 tantum
1304 2717 1446 2772 saepe
1484 2702 1723 2756 furorem
1763 2701 2173 2756 dissensionum
2215 2708 2383 2757 :estus
2422 2701 2663 2770 objecit,
2709 2709 2769 2755 ut
2806 2714 2995 2756 eorum
3045 2704 3255 2752 mentes
3304 2694 3449 2750 haud
3495 2693 3660 2750 \alde

398 2787 582 2843 absint
621 2790 690 2843 ab
729 2791 984 2855 insania,
1028 2789 1230 2845 nedum
1277 2788 1450 2843 facilis
1488 2788 1671 2845 aditus
1710 2790 1925 2844 veritati
1981 2791 2342 2859 relinquatur.
2393 2790 2559 2859 Atqui
2608 2805 2746 2859 opus
2794 2799 2878 2845 est
2918 2796 2977 2843 ut
3025 2788 3374 2843 Christianus
3422 2786 3656 2855 quisque

397 2876 652 2943 lenitati,
694 2881 1144 2944 mansuetudini,
1184 2889 1554 2951 praztereaque
1584 2882 1812 2949 unitati,
1843 2882 2150 2937 concordia:
2182 2888 2236 2936 et
2271 2881 2591 2935 obedientite
2624 2880 2877 2934 studeat:
2912 2879 3152 2949 alioquin
3192 2878 3477 2931 videamus
3504 2915 3519 2939 ,
3555 2869 3657 2943 per

398 2963 570 3021 Deum
611 2967 1013 3030 immortalem!
1058 2984 1217 3038 quem
1260 2969 1312 3022 in
1353 2969 1532 3023 locum
1575 2985 1665 3024 res
1704 2985 1894 3025 sacras
1932 2978 2294 3041 perventuras
2333 2977 2611 3039 putemus.
2657 2967 2762 3023 Sed
2800 2970 2923 3038 quis
2960 2969 3180 3025 demum
3242 2967 3510 3023 Samuelis
3559 2981 3653 3020 or-

400 3061 713 3116 thodoxiam
754 3078 864 3118 non
900 3078 968 3118 ex
1001 3077 1065 3118 ca
1104 3058 1422 3115 narratione
1461 3067 1782 3127 auguretur,
1824 3075 1932 3130 qua
1973 3058 2295 3130 Gregorium
2329 3058 2704 3130 patriam-ham
2747 3057 2814 3112 ΙΙΙ
2854 3057 3171 3114 Armenium
3213 3075 3242 3114 a
3280 3058 3653 3113 Romanorum

399 3157 619 3226 regibus
667 3166 827 3229 atque
879 3156 1229 3229 pontificibus
1281 3168 1495 3207 summo
1544 3153 1755 3208 honore
1807 3154 2057 3208 affectum
2110 3154 2376 3224 gloriatur
2415 3152 2519 3223 (It),
2582 3166 2819 3221 eumque
2857 3152 2924 3207 ad
2961 3149 3425 3224 Jerusolymorum
3466 3149 3655 3203 urbem

400 3248 708 3317 profectum
734 3290 749 3316 ,
786 3266 816 3304 a
857 3249 1068 3304 Latinis
1105 3251 1177 3305 ibi
1215 3251 1566 3306 versantibus
1605 3249 1972 3305 orthodoxum
2010 3267 2131 3307 esse
2166 3251 2473 3321 judicatum
2498 3291 2514 3317 ,
2556 3257 2610 3305 et
2650 3262 2866 3304 summo
2901 3249 3082 3304 studio
3107 3249 3362 3318 omnique
3390 3247 3656 3299 charitate

400 3338 701 3392 dilectum:
742 3355 852 3410 qua
889 3356 950 3395 re
987 3340 1220 3395 mirifice
1256 3342 1563 3396 delectatus
1604 3339 1868 3406 Samuel,
1911 3343 2038 3396 hinc
2081 3343 2186 3397 sibi
2224 3342 2441 3397 demum
2482 3342 2826 3411 exploratum
2881 3341 3002 3405 ait,
3044 3349 3257 3410 gentem
3309 3352 3462 3393 suam
3513 3352 3656 3389 nun-

398 3446 565 3502 quam
603 3436 842 3505 supremi
880 3434 1132 3490 Numinis
1169 3435 1342 3506 gratia
1375 3434 1693 3489 excidisse?
1728 3436 1848 3490 1am
1891 3436 2024 3491 illud
2064 3444 2280 3507 quantae
2321 3437 2550 3506 justitiae
2601 3443 2708 3503 est,
2765 3434 2911 3506 quod
2965 3424 3153 3489 narrat
3200 3433 3518 3504 Gregorium
3558 3446 3657 3502 pa-

396 3528 697 3583 triarcham
736 3530 890 3586 valde
929 3530 1324 3601 improbavisse
1381 3529 1765 3584 Armeniorum
1818 3531 2025 3601 aliquot
2074 3531 2429 3586 defectionem
2490 3530 2559 3584 ab
2611 3531 2947 3585 heterodoxo
3000 3548 3164 3601 rege,
3222 3532 3314 3600 qui
3373 3539 3547 3583 tamen
3597 3533 3655 3582 et

398 3622 727 3679 Christianis
766 3625 941 3681 sacris
980 3625 1082 3680 lide
1136 3624 1371 3694 obligata
1411 3624 1666 3693 favebat,
1707 3633 1760 3681 et
1794 3626 1915 3695 jure
1954 3628 2223 3696 imperare
2278 3626 2565 3681 videbatur
2624 3625 2747 3696 (1')?
2784 3624 3104 3694 Quanquam
3144 3620 3270 3674 alibi
3312 3616 3656 3672 Saracenieae

401 3716 779 3786 superstitioni
807 3723 861 3772 et
891 3716 1165 3788 tyrannidi
1226 3733 1323 3788 pro
1352 3719 1547 3773 merito
1579 3720 1856 3774 maledicit
1886 3698 2125 3776 Samuel.
2158 3722 2384 3788 Quanta:
2414 3737 2610 3776 rursus
2642 3721 2977 3776 fortitudinis
3004 3727 3088 3774 est
3114 3759 3128 3784 ,
3168 3716 3310 3787 quod
3341 3713 3652 3768 Graecorum

402 3811 709 3881 principum
735 3851 752 3876 ,
822 3828 1055 3882 quorum
1097 3812 1212 3882 ipse
1248 3813 1335 3868 vel
1371 3820 1531 3869 relate
1569 3815 1656 3869 vel
1707 3830 1876 3885 prope
1926 3817 1981 3870 in
2031 3818 2235 3873 ditionc
2283 3819 2498 3873 vivehat
2523 3858 2538 3882 ,
2581 3817 2865 3887 perfidiam
2906 3817 2960 3870 in
2997 3813 3222 3870 Latinos
3260 3820 3423 3881 atque
3461 3808 3653 3878 impie-

403 3911 569 3960 tatem
604 3904 867 3962 adversus
904 3920 1125 3961 causam
1163 3903 1534 3959 Christianam
1574 3912 1684 3959 tam
1741 3914 1928 3975 aperte
1973 3909 2301 3962 condemnat
2351 3907 2493 3979 (j)?
2541 3907 2657 3962 Nisi
2698 3908 2872 3974 forte,
2913 3908 3058 3977 quod
3097 3909 3152 3959 in
3190 3918 3250 3956 re
3297 3900 3462 3956 simili
3515 3898 3655 3953 dixit

401 3996 764 4070 Hieronymus
803 4000 876 4069 (k)
904 4038 919 4062 ,
963 4001 1125 4076 timor
1161 3997 1253 4052 Dei
1295 3999 1575 4053 hominum
1616 4000 1863 4054 timorem
1902 4003 2140 4071 expellit.
2191 4001 2427 4057 Omnino
2468 4000 2687 4056 Samuel
2736 3998 3007 4070 ejusmodi
3057 3996 3292 4066 scriptor
3327 3998 3450 4057 est.
3490 4004 3653 4063 quem

399 4093 655 4161 genuisse
690 4093 934 4148 Armenii
971 4095 1167 4149 merito
1203 4095 1533 4165 glorientur,
1572 4094 1823 4167 Europaei
1863 4105 2049 4154 autem
2087 4115 2235 4153 nunc
2274 4113 2614 4169 cognoscere
2652 4097 2910 4168 gestiant.

471 4327 551 4409 (ξιξ
586 4328 728 4401 Lege
763 4329 1080 4401 Serposium
1126 4331 1448 4402 Compendio
1499 4335 1695 4389 storico
1717 4375 1734 4401 ,
1785 4344 1825 4393 t.
1886 4335 1929 4391 ll
1953 4376 1971 4403 ,
2081 4406 2090 4409 7
2150 4336 2223 4406 (g)
2264 4333 2407 4405 Lege
2439 4334 2780 4409 Serposium,
2812 4342 2865 4409 _t.
2894 4331 2972 4409 ll_,
3005 4325 3439 4409 p.742._’577-5797
3468 4340 3648 4409 ξορα..

397 4414 456 4472 Ρο
587 4395 707 4475 ἕίιίῖ·
864 4395 883 4401 ’
1258 4395 1268 4402 ’
1719 4395 1729 4401 ⁷
1953 4395 1966 4403 ’
2078 4395 2319 4475 ἰιθὶῖιὶμιθ
2344 4395 2671 4461 “sermonem
2723 4395 2897 4474 ipsius
2935 4395 3227 4458 Oz‘niensis
3256 4406 3441 4452 contra
3470 4395 3652 4453 Huiu-

470 4470 545 4549 (7b)
586 4470 803 4549 Serpos.
833 4475 1140 4549 compend,
1172 4484 1213 4530 t.
1243 4476 1287 4531 ll
1311 4517 1327 4544 ,
1355 4493 1408 4549 p.
1441 4475 1511 4532 46
1537 4486 1592 4533 ct
1620 4476 1742 4532 454.
2080 4486 2135 4530 ta
2167 4470 2317 4549 litos.

479 4542 550 4617 (c7)
706 4559 795 4598 an.
828 4548 925 4617 (ηπ.
962 4541 1088 4617 645.
1127 4541 1134 4543 ⁷
1188 4616 1191 4617 7
1228 4616 1231 4617 7
1313 4541 1322 4544 ⁷
1355 4541 1376 4549 ’

1188 4616 1231 4617 η
1313 4541 1376 4549 ”
2150 4549 2228 4617 (In
2269 4545 2347 4599 Ad
2379 4543 2800 4617 an.Ch.lll7{5.

474 4611 553 4687 td)
581 4611 671 4687 _Ad
707 4628 796 4687 an.
829 4616 928 4670 (1h.
962 4616 1067 4669 495
1097 4624 1150 4687 et
1179 4616 1301 4673 5H.
1356 4686 1361 4687 7
1522 4685 1563 4687 υ

1179 4616 1301 4673 5Η.
1356 4686 1361 4687 7
1522 4685 1563 4687 _7
2152 4611 2226 4687 (ἱ)
2266 4616 2347 4687 Ad
2383 4632 2473 4669 an.
2506 4618 2607 4687 Ch.
2641 4612 2800 4687 “‘26.

370 4717 379 4724 .
470 4674 543 4752 (ej
578 4678 718 4752 Lege
747 4685 1065 4753 Serposium
1097 4685 1410 4758 Compen‘dq
1445 4694 1487 4745 t.
1520 4685 1600 4756 ll,
1630 4702 1684 4758 p.
1717 4688 1843 4743 4M5.

469 4750 549 4810 if)
583 4752 666 4807 Ad
696 4769 786 4809 an.
821 4756 918 4810 Ch.
956 4756 1076 4810 7l3.

1481 4731 1487 4745 .
1520 4685 1600 4756 tt,
1630 4702 1684 4758 p.
1717 4688 1843 4743 tto.
2151 4674 2228 4810 li”)
2270 4686 2346 4739 Ad
2382 4702 2470 4739 an.
2505 4686 2605 4739 cn.
2641 4686 2779 4738 1099
2807 4674 2859 4762 et
2889 4679 3027 4736 H50

2152 4756 2169 4810 ι
2213 4765 2226 4810 l
2267 4754 2494 4810 Prtel'at.
2532 4755 2600 4810 ad
2635 4751 2849 4810 Eusebi:
2878 4751 3073 4809 Chron.
3106 4752 3117 4808 i

469 4750 549 4824 (ί)
583 4750 673 4807 Διί
696 4769 786 4809 alio
821 4750 918 4811 Cll.
956 4756 1076 4812 7l3.
1229 4750 1241 4758 ’
1396 4750 1407 4755 ’
1585 4750 1596 4756 ⁷
1630 4750 1650 4758 ’
2267 4754 2494 4825 Prw/at.
2532 4755 2600 4811 ad
2635 4751 2849 4810 Eusebii
2878 4751 3073 4809 Chron.
3106 4752 3162 4808 in
3193 4753 3321 4812 line.
