4142 6400
450 299 555 356 607

1518 308 1864 364 AI’PENDIX
1909 313 2000 366 AD
2040 313 2312 369 EUSEBII
2349 315 2769 376 CllRONlCON.

3632 323 3738 380 608

477 518 3736 565 MM

1493 705 2067 863 SAMUELIS

2155 710 2704 867 ANIENSIS
2795 867 2804 878 ..

1153 995 1986 1115 SUMMARII
2119 1004 3048 1120 TEMPORUM

1697 1237 1988 1328 PARS
2059 1221 2476 1332 PRIOR.

1771 1604 2446 1701 PROLOGUS.

570 1918 583 1932 .
626 1875 764 1928 Cum
800 1882 914 1928 tres
957 1873 1012 1926 in
1056 1882 1242 1944 partes
1269 1875 1587 1929 universum
1617 1877 1883 1946 temporis
1915 1894 2042 1948 spa-
2069 1889 2116 1943 Λ
2146 1885 2201 1934 et
2235 1877 2522 1933 ministros
2551 1883 2605 1932 et
2639 1876 2896 1930 conscios
2927 1890 3144 1930 arcana:
3180 1877 3483 1933 voluntatis
3512 1893 3626 1934 sua:
3660 1879 3740 1936 fe-

457 1968 594 2019 tium
628 1963 795 2019 dividi
825 1965 1020 2027 soleat,
1058 1965 1110 2018 in
1139 1966 1476 2034 praeteritum
1506 1965 1780 2030 videlicet,
1816 1968 1869 2021 in
1902 1984 2044 2038 prte-

459 2073 586 2112 scns
615 2064 780 2126 atque
828 2057 883 2110 in
918 2056 1183 2121 futurum,
1229 2056 1484 2112 humana:
1531 2067 1712 2113 tamen
1744 2061 2042 2117 voluntatis

459 2147 674 2204 affectio
704 2149 771 2203 ad
815 2149 1075 2218 prateriti
1121 2149 1298 2219 magis
1339 2157 1504 2218 atque
1540 2149 1734 2216 futuri,
1773 2167 1938 2222 quam
1975 2153 2044 2208 ad

460 2244 745 2314 prmsentis
791 2242 1164 2313 cognitionem
1206 2241 1336 2296 ferri
1386 2243 1622 2297 videtur.
1666 2243 1786 2298 Jam
1831 2244 1948 2300 fore
1985 2253 2044 2299 ut

461 2338 731 2394 homines.
768 2339 883 2392 sive
929 2335 1074 2392 sacri
1125 2335 1246 2396 sive
1276 2334 1516 2405 profani,
1563 2337 1652 2390 illa
1687 2339 1870 2407 potius
1915 2348 2047 2394 tem-

457 2446 590 2500 pora
614 2429 976 2500 inquirerent,
1003 2427 1198 2482 divina:
1219 2423 1446 2498 quoque
1470 2427 1778 2508 Scriptura:
1807 2445 1906 2486 nos
1943 2431 2046 2487 do-

457 2531 604 2585 cent,
634 2520 1076 2593 quandoquidem
1108 2521 1194 2576 vel
1229 2521 1364 2592 ipsis
1395 2520 1761 2578 familiaribus
1793 2525 1911 2580 suis
1933 2524 2045 2580 aie-

458 2615 550 2668 bat
595 2613 684 2668 ille
719 2611 984 2668 Virilicus
1011 2653 1028 2678 ,
1060 2631 1078 2663 ‹
1108 2609 1227 2667 Non
1256 2619 1342 2667 est
1387 2625 1630 2667 vestrum
1677 2629 1840 2670 nosse
1881 2615 2045 2672 horas

456 2713 512 2761 et
533 2705 610 2780 (l)
638 2713 885 2775 tempora
914 2720 1036 2776 qua:
1063 2703 1224 2759 Pater
1247 2706 1428 2775 posuit
1452 2686 1505 2759 in
1531 2721 1626 2760 sua
1660 2715 1928 2777 potestate
1947 2709 1986 2760 ¹.
2018 2728 2038 2762 ι

458 2798 616 2864 Quod
655 2798 875 2853 effatum
920 2813 1031 2852 non
1067 2797 1136 2852 de
1185 2813 1444 2867 supremo
1478 2799 1656 2853 solum
1689 2800 2040 2868 exterminio,

457 2890 552 2946 sed
587 2889 655 2946 de
689 2890 1030 2960 temporibus
1074 2891 1332 2945 omnibus
1378 2890 1591 2946 idcirco
1627 2893 2042 2962 pronuntiatum

457 2999 620 3041 verax
661 2983 754 3038 ille
785 2981 1056 3038 Eusebius
1087 2982 1162 3036 ait
1188 2981 1289 3052 (2),
1319 2991 1378 3036 ut
1408 2982 1454 3037 si
1487 2983 1580 3052 qui
1615 2992 1745 3039 sunt
1779 2984 2046 3040 curiosio-

458 3093 548 3134 res
581 3086 744 3148 atque
792 3077 977 3132 inania
1029 3084 1364 3138 scrutantes,
1418 3075 1453 3129 ii
1501 3078 1691 3146 paucis
1740 3077 1825 3132 his
1861 3079 2044 3133 verbis

457 3169 887 3231 deterrerentur,
924 3167 1220 3237 quominus
1262 3165 1576 3220 doctrinam
1627 3175 1938 3236 temporum
1985 3185 2044 3224 se

2147 1970 2243 2032 cit,
2285 1983 2580 2038 rerumque
2621 1966 2977 2022 iueﬂ‘abilium
3030 1981 3254 2036 gnaros,
3297 1982 3532 2037 quarum
3582 1969 3743 2025 lucu.

2147 2064 2295 2117 lento
2325 2060 2616 2131 splendore
2655 2067 2920 2115 creaturae
2960 2059 3234 2114 universae
3273 2067 3535 2116 saturam
3583 2069 3733 2120 sunt.

2147 2153 2410 2210 Homines
2449 2151 2616 2223 igitur
2645 2153 2890 2206 omnium
2939 2166 3122 2206 rerum
3171 2159 3399 2208 naturas
3437 2154 3638 2219 edocti,
3669 2154 3744 2212 do

2147 2244 2457 2315 prarteritis,
2497 2243 2862 2314 praesentibus
2902 2250 3067 2313 atque
3099 2242 3302 2300 futuris
3338 2244 3586 2301 scribere
3633 2261 3733 2318 ag-

2146 2337 2324 2410 gressi
2361 2344 2512 2398 suut.
2551 2345 2740 2408 utpote
2767 2337 2836 2390 ab
2867 2336 3015 2390 illius
3057 2336 3273 2392 veracis
3305 2335 3596 2408 discipulis
3637 2354 3749 2394 no-

2147 2430 2297 2484 tione
2327 2427 2576 2483 veritatis
2619 2429 2810 2483 imbuti
2838 2446 2850 2482 :
2877 2435 2992 2482 tum
3031 2428 3196 2483 etiam
3229 2427 3634 2486 disertissimus
3671 2437 3751 2485 et

2147 2520 2595 2592 sapientissimus
2639 2521 2870 2590 quisque
2901 2517 2970 2574 ad
3013 2520 3372 2577 elaborandas
3412 2521 3590 2592 gentis
3624 2537 3748 2578 sure

2146 2612 2614 2683 cln-onographias
2639 2611 2906 2666 incubuit.

2215 2707 2269 2762 5.
2313 2705 2465 2773 Quos
2504 2705 2647 2760 inter
2677 2705 2912 2776 (primos
2956 2699 3182 2776 inquam
3229 2707 3472 2778 itemque
3502 2701 3752 2762 novissio‘

2147 2799 2287 2868 mos)
2320 2797 2720 2867 amplissimum
2753 2795 3041 2867 dignitatis
3071 2797 3250 2852 locum
3285 2799 3478 2854 beatus
3506 2799 3598 2853 ille
3629 2797 3752 2872 Eu-q

2147 2891 2334 2947 sebius
2375 2891 2657 2945 obtinuit:
2701 2889 2901 2945 deinde
2934 2889 3192 2946 Socrates
3234 2891 3751 2962 historiographus,

2147 2983 2349 3054 aliique
2379 2983 2716 3053 complures.
2753 2981 2966 3037 Nostra:
2996 2998 3160 3053 porro
3183 2984 3360 3055 gentis
3390 2984 3623 3054 primum
3647 2985 3738 3037 aio

2147 3073 2474 3130 historicum
2512 3074 2683 3128 fuisse
2710 3073 3173 3144 Agathangelum,
3198 3075 3294 3145 qui
3327 3075 3571 3146 origines
3593 3076 3734 3128 scri—

2148 3168 2256 3237 psit
2303 3167 2726 3222 illuminationis
2765 3165 2842 3238 (4)
2889 3166 3277 3222 Armeniorum
3329 3177 3560 3222 curante
3609 3166 3747 3221 divo-

460 3261 678 3332 assequi
725 3276 887 3331 posse
914 3267 1065 3316 certa
1109 3260 1342 3314 scientia
1377 3259 1738 3315 confiderent.
1790 3261 2044 3317 Profecto
2079 3241 2116 3295 Β
2148 3259 2435 3330 Gregorio,
2470 3259 2630 3328 cujus
2661 3259 2826 3313 etiam
2859 3258 3182 3335 multimoda
3210 3259 3472 3330 patientia
3499 3259 3734 3314 mirabio

458 3352 704 3407 divinum
744 3351 846 3404 hoc
874 3349 1335 3420 Dominicumque
1365 3350 1652 3404 oraculum
1682 3366 1747 3405 eo
1773 3353 2046 3423 praecipue

463 3445 690 3500 nomine
710 3443 920 3497 editum
946 3451 1055 3506 est,
1089 3449 1148 3496 ut
1172 3458 1435 3496 vanarum
1459 3457 1640 3497 rerum
1667 3445 2044 3514 exploratores

461 3540 681 3591 incasso
707 3536 894 3590 labore
941 3533 1356 3605 supersedeant.
1390 3534 1523 3602 Quae
1552 3535 1698 3589 enim
1726 3536 1946 3606 cognita
1991 3547 2047 3591 et

461 3627 808 3682 considerata
843 3627 1100 3681 utilitatis
1148 3626 1357 3696 aliquid
1406 3626 1664 3691 afferunt,
1699 3642 1763 3682 ea
1811 3628 1930 3698 ipse
1967 3628 2044 3700 (ὅ)

460 3722 649 3774 docuit
682 3721 971 3789 palamque
1004 3718 1134 3773 fecit
1177 3719 1232 3772 in
1265 3717 1602 3788 propheticis
1635 3718 1811 3784 libris,
1844 3718 2045 3788 quibus

461 3815 642 3866 omnia
690 3828 758 3867 ex
802 3811 994 3866 ordine
1040 3812 1394 3867 continentur
1435 3827 1640 3880 usque.
1673 3811 1741 3865 ad
1799 3811 2044 3866 divinum

463 3900 702 3958 Verbum
756 3921 880 3958 cum
935 3915 1132 3957 natura
1192 3919 1394 3958 carnea
1443 3903 1824 3972 conjunctum,
1884 3911 2046 3975 capto

464 3996 622 4051 initio
656 3996 726 4050 ab
751 3995 993 4050 oraculis
1025 4010 1119 4049 ore
1150 3993 1319 4049 Mosis
1350 3993 1616 4050 divinitus
1647 3995 1936 4065 evulgatis.
2062 3981 2066 3984 ’

531 4088 588 4143 2.
627 4085 747 4142 Jam
777 4102 843 4142 ex
876 4086 1124 4156 plurimis
1168 4087 1288 4155 ejus
1325 4087 1400 4142 rei
1433 4088 1617 4142 causis
1653 4086 1792 4143 duas
1830 4096 2044 4143 tantum

462 4181 768 4252 praecipuas
821 4188 1012 4234 notare
1061 4179 1510 4250 sufficiatzquod
1559 4179 1795 4234 divinum
1846 4181 2047 4234 scilicet

473 4272 700 4328 Verbum
731 4273 784 4326 iu
820 4272 1015 4342 primis
1058 4272 1293 4326 voluerit
1342 4288 1405 4328 os
1431 4289 1624 4328 eorum
1659 4274 2042 4343 comprimere,

463 4366 556 4436 qui
586 4377 873 4420 creaturas
902 4364 1173 4435 principio
1199 4375 1253 4418 et
1291 4364 1395 4418 line
1417 4372 1672 4420 carentes
1703 4365 1887 4422 dicere
1925 4367 2046 4422 ausi

461 4466 622 4526 sunt;
661 4457 857 4512 deinde
885 4473 1106 4514 eversos
1158 4467 1384 4528 paterna
1436 4458 1752 4514 limreditate
1798 4459 2046 4515 homines

461 4567 558 4622 spe
616 4551 813 4606 laetiﬁci
872 4551 1138 4606 adventus
1191 4552 1276 4606 sui
1333 4566 1630 4606 recreare:
1666 4553 2046 4622 superioribus

459 4641 823 4696 continuatim
861 4643 1079 4696 szcculis
1124 4643 1486 4697 humanitatis
1527 4658 1559 4698 a
1600 4659 1659 4699 se
1699 4645 2047 4698 assumenda:

460 4737 780 4806 mysterium
813 4736 1088 4806 parabolis
1114 4735 1532 4806 visionibnsque
1553 4737 1921 4802 confirmans;
1947 4751 2048 4808 po-

461 4837 667 4882 stremo
692 4835 870 4882 autem
897 4827 1297 4897 perfectissima
1328 4828 1560 4884 scientia
1589 4829 1892 4898 discipulos
1913 4845 2046 4887 suos

460 4919 735 4984 imbuens,
771 4931 965 4976 sancto
995 4919 1203 4990 Spiritu
1233 4921 1290 4975 in
1319 4920 1542 4977 eosdem
1587 4920 1838 4978 immisso
1865 4940 1878 4977 :
1905 4937 2046 4993 quos

533 5076 554 5109 ⁸
591 5077 712 5132 Act.
739 5089 778 5142 ι,
811 5074 863 5131 7.
939 5077 961 5109 ³
998 5073 1167 5130 Marc.
1191 5091 1313 5141 xui,
1340 5075 1432 5130 32.

533 5233 611 5302 (Ι)
653 5232 727 5287 Ita
779 5241 850 5300 et,
882 5248 991 5287 non
1027 5232 1124 5292 rel,
1160 5231 1363 5287 habent
1395 5231 1614 5286 Samuel
1655 5233 1895 5301 itemque
1930 5232 2044 5286 Eu-

465 5305 652 5359 sebius
683 5306 736 5358 in
761 5303 1054 5368 Prommio,
1075 5318 1176 5357 uec
1209 5318 1314 5356 non
1345 5302 1674 5374 Armeniaca
1694 5307 1813 5374 ipsa
1844 5302 2038 5357 Biblia.

465 5377 534 5428 At
563 5375 750 5430 Grteca
785 5383 840 5430 et
869 5374 1063 5428 Latina
1097 5374 1292 5436 Biblia,
1320 5373 1417 5428 vel.

534 5444 613 5514 (9s)
655 5446 709 5500 In
745 5448 944 5516 prioris
975 5447 1100 5501 libri
1133 5443 1425 5500 Procnmio.

534 5517 610 5568 (Ἴ
654 5517 812 5568 Deus.

698 5535 812 5573 ωιδ.

559 5519 612 5660 ἰζ
653 5519 990 5663 ϐῗέίέοᾲίνυε
1029 5590 1352 5663 Gregorius,
1399 5589 1469 5645 de
1496 5603 1608 5659 quo
1645 5601 1798 5651 mox,
1843 5583 2044 5642 dicitur

461 5657 626 5725 vulgo
667 5658 1024 5716 llluminator.

537 5727 616 5800 (5)
660 5727 886 5800 Yidetur
917 5731 1208 5787 dicendum
1249 5730 1486 5787 Faustus
1521 5728 1874 5800 Byzantinus.

535 5796 616 5870 (6)
657 5796 936 5856 Obscurus
958 5802 1040 5858 vel
1058 5811 1352 5874 corruptus
1365 5796 1586 5859 videtur
1596 5801 1685 5854 hic
1709 5800 1860 5856 locus
1879 5799 1932 5854 in
1953 5797 2046 5854 Sa-

2149 3352 2274 3405 liter
2312 3351 2588 3406 inclaruit.
2639 3350 2876 3407 Secutus
2916 3359 3001 3407 est
3035 3350 3214 3407 Moses
3246 3351 3620 3410 Chorenensis
3649 3354 3736 3408 hi-

2149 3443 2351 3498 storica
2378 3443 2736 3498 vcridicentia
2776 3443 3096 3513 praenobilis
3127 3464 3140 3498 :
3168 3444 3370 3501 deinde
3396 3446 3645 3514 Elisaeus,
3679 3454 3736 3501 et

2147 3533 2390 3588 Lazarus
2441 3542 2495 3588 et
2540 3531 2798 3597 Faustus,
2853 3532 2948 3603 qui
2998 3539 3054 3588 et
3102 3532 3400 3604 Byzantius
3429 3534 3528 3606 (5),
3573 3534 3746 3603 paulo

2148 3627 2430 3696 antiquior
2477 3626 2952 3681 historicusznee
3001 3641 3112 3680 non
3161 3625 3447 3681 Heraclius
3503 3640 3534 3679 a
3568 3624 3735 3681 Sebio

2147 3718 2406 3787 episcopo
2445 3717 2700 3772 laudatus
2725 3716 2825 3788 (6),
2869 3725 2986 3770 tum
3034 3725 3088 3771 et
3120 3715 3381 3772 Leontius
3426 3717 3736 3789 presbyter,

2147 3817 2200 3865 et
2228 3808 2524 3870 Sabuhius.
2552 3816 2606 3862 et
2641 3809 2898 3864 dominus
2925 3807 3189 3873 Joannes,
3217 3817 3272 3864 et
3295 3810 3601 3878 posteriore
3637 3810 3736 3865 de-

2149 3907 2486 3976 mumzetate
2519 3899 2834 3970 Stephanus
2860 3899 3074 3965 doctor,
3118 3909 3483 3971 cognomento
3512 3900 3737 3958 Asolni-

2148 3994 2308 4048 chius
2336 3995 2435 4064 (7).
2467 3992 2646 4063 Atque
2688 3992 2743 4046 hi
2775 3993 2843 4047 de
2889 3993 3055 4049 rebus
3084 3992 3450 4058 Armeniaeis,
3495 3995 3737 4065 itemque

2149 4086 2241 4140 alii
2301 4085 2526 4156 plurimi
2587 4084 2656 4139 de
2727 4085 2960 4157 singulis
3015 4086 3311 4156 gentibus,
3387 4088 3744 4144 narrationes

2149 4194 2278 4234 suas
2303 4186 2595 4232 texuerunt
2618 4177 2998 4232 tantummodo
3025 4185 3150 4248 post
3179 4178 3446 4233 Adamum
3477 4181 3737 4251 paradiso

2147 4273 2454 4335 emissum,
2520 4273 2631 4326 vita
2696 4270 2817 4341 ejus
2872 4287 3038 4342 quam
3111 4271 3166 4325 in
3221 4272 3480 4342 paradiso
3552 4273 3735 4344 exegit

2148 4365 2353 4420 omissa
2371 4364 2468 4436 (8).
2506 4405 2521 4420 .
2559 4405 2574 4420 .
2611 4402 2628 4419 .
2658 4364 2738 4419 uti
2772 4363 3036 4420 Dominus
3066 4364 3266 4430 aiebat,
3299 4363 3442 4420 diem
3473 4365 3734 4419 nimirum

2147 4465 2202 4513 et
2233 4458 2447 4514 horam.
2499 4472 2609 4526 qua
2652 4457 2724 4513 sit
2775 4457 2895 4527 ipse
2941 4463 3228 4520 venturus,
3258 4472 3288 4509 a
3341 4457 3561 4512 nemine
3604 4463 3736 4510 ante

2150 4551 2407 4621 Cognosci
2433 4551 2455 4582 ³
2491 4568 2505 4604 :
2537 4565 2662 4620 qum
2693 4549 2857 4604 verba
2893 4565 3017 4604 cum
3060 4547 3128 4602 ad
3159 4547 3384 4618 angelos
3427 4547 3744 4618 Filiumque

2150 4647 2329 4715 ipsum
2372 4644 2644 4705 retulerit.
2687 4641 3170 4713 interrogationem
3203 4641 3347 4696 hanc
3380 4647 3731 4695 commovet:

2147 4737 2313 4808 Atqui
2365 4737 2413 4792 si
2464 4743 2584 4790 erat
2618 4736 2734 4806 ipse
2781 4747 3076 4799 venturus,
3107 4749 3344 4804 quonam
3389 4731 3531 4788 idem
3577 4739 3738 4802 pacto

2149 4829 2342 4885 horam
2375 4829 2688 4884 nesciebat?
2715 4827 2858 4898 Ergo
2900 4842 2971 4883 ne
3016 4841 3256 4882 mcerore
3285 4827 3435 4896 ipsos
3477 4821 3742 4883 alliceret.

2149 4921 2206 4978 id
2239 4922 2308 4978 ab
2337 4937 2405 4978 eo
2429 4922 2634 4978 dictum
2665 4922 2940 4978 existimo.

2147 5232 2344 5287 mnelis
2370 5231 2678 5286 codicibus.
2711 5230 2866 5298 Quod
2892 5241 3072 5286 autem
3097 5231 3294 5284 merito
3313 5228 3731 5293 mireris,etiam

2153 5302 2464 5373 Stephanus
2507 5301 2858 5356 Aseluichius
2896 5302 2958 5373 in
3013 5317 3126 5357 sua:
3168 5298 3743 5373 HistoritejPrommio‘

2151 5371 2401 5497 eulmgem
2431 5373 2578 5427 hunc
2602 5375 2782 5428 locum
2810 5372 3000 5429 eadem
3028 5373 3366 5428 obscuritate
3391 5371 3729 5424 laborantem

2151 5460 2214 5498 ex
2239 5459 2273 5494 ll
2317 5451 2391 5498 et.

2150 5460 2533 5638 eligemus
2581 5511 2854 5570 Armeniis
2904 5511 3188 5568 historicis
3219 5511 3350 5567 alibi
3396 5508 3732 5581 loquendum

2150 5602 2200 5638 νι
2245 5601 2274 5638 8
2303 5601 2387 5638 ω’.

2149 5593 2456 5726 ῃίέἓξυῖίοο
2481 5656 2604 5710 loco
2644 5657 2700 5712 in
2731 5655 3104 5713 emendatiore
3135 5651 3409 5709 Samuelis
3434 5648 3738 5724 exemplari.

2153 5725 2404 5782 inuuitur
2435 5727 2649 5782 lacuna.
