4142 6400
324 433 430 488 609

1081 432 1435 490 δωυειιδ
1465 430 1792 489 ANIENSIS
1831 429 2177 488 SUMMARII
2211 435 2596 494 TEMPORUM
2633 437 2814 494 PARS
2848 438 2892 494 I.

3500 435 3606 492 610

400 553 454 608 ι.
495 551 611 626 Ego
652 567 786 609 vero
827 551 1117 624 imperitia:
1158 551 1502 623 inscititeque
1545 567 1681 608 meae
1722 551 1914 607 imme-
1942 553 1992 612 Δ
2017 551 2471 623 deprehenditur.
2513 554 2688 612 Porro
2737 563 2918 610 autem
2965 555 3004 609 ii
3047 561 3300 610 sanctum
3342 550 3606 623 Spiritum

324 660 473 712 mor,
506 653 563 700 te
601 651 864 716 rogante,
907 658 940 700 ο
988 643 1352 700 sanctimonia
1388 643 1605 715 fulgens
1644 641 1911 715 Gregori,

331 737 517 793 studio
564 737 664 792 tibi
696 735 1035 807 obsequendi
1087 737 1359 807 impulsus
1404 752 1526 792 sum
1570 735 1640 794 ad
1682 750 1747 790 ea
1792 750 1916 806 quae

330 830 431 887 tibi
469 838 628 887 erant
670 830 726 884 in
755 831 898 885 votis
945 829 1260 888 scribenda.
1293 830 1487 901 Agesis
1539 831 1707 900 igitur
1737 828 1916 884 sancti

333 923 575 994 Spiritus
597 937 700 993 ope
726 921 924 988 fretus,
947 937 1015 978 ex
1039 921 1126 978 bis
1145 922 1418 976 historicis
1445 923 1684 977 breviter
1706 937 1918 978 sermo-

329 1019 423 1078 nis
462 1019 564 1080 mei
602 1019 895 1081 rationem,
932 1026 1094 1088 prout
1126 1025 1220 1072 tua
1250 1017 1357 1072 fert
1400 1017 1696 1082 sententia,
1725 1017 1919 1071 decer-

333 1126 494 1184 pam;
527 1111 603 1164 ita
635 1119 818 1166 tamen
845 1119 906 1166 ut
939 1126 1212 1184 nusquam
1245 1123 1277 1163 a
1306 1109 1557 1164 veritatis
1587 1109 1726 1163 calle
1751 1107 1920 1163 deﬁe-

333 1213 502 1258 ctam.
535 1203 600 1258 Et
629 1204 850 1274 quidem
881 1210 1104 1260 ex'tam
1137 1202 1345 1274 ingenti
1378 1216 1608 1256 numero
1643 1201 1752 1256 duo
1783 1200 1919 1254 mihi

337 1298 611 1369 praecipue
663 1297 838 1352 facem
891 1297 1227 1368 prafereut,
1289 1296 1560 1352 Eusebius
1613 1311 1679 1351 ac
1739 1295 1921 1350 Moses

335 1389 729 1447 Chorenensis.
759 1388 877 1443 Jam
909 1405 1040 1445 vero
1081 1390 1317 1460 primum
1356 1391 1574 1460 quidem
1615 1390 1684 1443 ab
1711 1387 1921 1442 Adamo

338 1484 630 1548 inchoans,
666 1483 916 1538 desinam
961 1483 1017 1537 in
1057 1481 1376 1536 Noachum:
1410 1483 1536 1537 hinc
1569 1483 1637 1537 ad
1679 1482 1924 1537 Abraha-

337 1591 488 1630 mum
513 1590 686 1645 usque
703 1589 940 1645 pergam.
969 1574 1165 1629 Postea
1203 1574 1744 1645 chronographorum
1771 1590 1923 1630 more

335 1670 530 1725 Iineari
563 1671 776 1724 ratione
807 1678 1045 1738 tempora
1076 1667 1145 1722 ad
1174 1683 1276 1724 nos
1305 1685 1480 1739 usque
1505 1668 1772 1739 digeram.
1815 1667 1920 1724 De-

339 1764 508 1834 nique
539 1763 643 1818 hoc
674 1762 730 1816 in
761 1776 926 1832 opere
961 1761 1008 1816 si
1039 1776 1180 1815 vana
1227 1761 1495 1832 rejecero,
1531 1770 1584 1816 et
1612 1761 1923 1816 necessaria

335 1856 660 1926 complexus
702 1853 880 1922 fuero,
911 1869 1028 1909 rem
1075 1854 1174 1909 tibi
1214 1869 1304 1910 me
1345 1863 1558 1925 gratam
1603 1868 1766 1922 spero
1799 1867 1924 1908 esse

336 1947 637 2002 factorum.

407 2039 463 2094 5.
504 2036 716 2092 Revera
753 2051 1222 2108 supervacaneum
1261 2037 1515 2093 ducimus
1553 2035 1698 2091 haud
1728 2037 1926 2106 proba-

339 2132 481 2188 biles
529 2129 912 2187 Chaldaeorum
959 2131 1220 2187 historias
1270 2139 1324 2186 et
1372 2130 1659 2186 barbarica
1703 2131 1926 2184 nomina

338 2223 574 2280 recitare
594 2243 606 2279 :
623 2225 824 2294 quibus
845 2225 890 2281 si
914 2224 1038 2295 quis
1059 2223 1344 2296 indigebit,
1370 2234 1570 2294 praesto
1600 2233 1683 2279 est
1709 2222 1926 2277 miriﬁci

339 2317 564 2374 Eusebii
606 2319 764 2381 liber,
798 2319 920 2375 sine
955 2333 1065 2389 quo
1091 2317 1464 2386 nosmetipsos
1506 2315 1650 2370 haud
1685 2317 1926 2372 scribere

340 2427 505 2482 posse
553 2411 810 2467 fatemur.
859 2409 1183 2482 Quanquam
1245 2424 1438 2477 reapse
1491 2408 1756 2479 quidquid
1805 2409 1926 2479 ejus

340 2505 559 2575 generis
593 2505 667 2558 ibi
700 2504 964 2574 scriptum
993 2512 1101 2571 est,
1133 2519 1311 2575 neque
1341 2504 1753 2575 opportunitate
1775 2511 1927 2559 caret

343 2612 519 2668 neque
569 2596 824 2652 utilitate.
886 2595 1002 2652 Etsi
1049 2597 1194 2652 enim
1259 2597 1567 2667 peregrinis
1609 2597 1926 2653 nominibus

341 2691 557 2759 priscos
583 2687 776 2743 Patres
813 2688 1089 2759 indigitat,
1126 2704 1509 2759 annorumque
1540 2689 1783 2744 rationes
1827 2689 1929 2742 im-

342 2783 579 2836 maniter
618 2780 962 2836 exuberant:
990 2778 1213 2833 Patrum
1265 2788 1448 2835 tamen
1493 2794 1758 2834 numerus
1797 2794 1929 2834 con-

341 2873 489 2946 gruit
520 2888 645 2929 cum
674 2873 880 2930 divinis
909 2873 1202 2944 Scripturis
1227 2872 1326 2945 (9).
1359 2873 1480 2926 Alia
1507 2872 1734 2942 insuper
1758 2885 1927 2925 causa

344 2965 469 3030 fuit,
505 2968 860 3038 quamobrem
913 2983 979 3022 ea
1013 2966 1354 3023 referrentur
1396 2981 1518 3036 quae
1569 2966 1640 3019 ab
1680 2964 1788 3020 illis
1814 2964 1926 3033 (10)

343 3057 504 3127 quasi
530 3058 934 3113 somniantibus
958 3059 1263 3127 excogitata
1308 3064 1438 3111 sunt
1465 3073 1478 3110 :
1508 3055 1636 3127 quia
1666 3055 1928 3109 nimirum

345 3149 637 3206 Cbaldazus
680 3148 784 3204 fuit
814 3149 1181 3213 Abrahamus,
1220 3149 1450 3220 ejusque
1481 3149 1721 3218 majores
1763 3147 1930 3204 Chal-

2023 642 2220 700 ducem
2245 647 2450 702 habent
2475 648 2570 718 qui
2591 646 2949 718 Septuaginta
2969 643 3134 702 Viros
3157 652 3440 701 sectantur
3458 641 3604 716 (I5):

2018 738 2221 808 quibus
2247 755 2351 796 nos
2389 755 2607 811 quoque
2643 740 3010 805 adliaarentes,
3043 754 3182 804 rem,
3215 751 3383 810 quam
3413 751 3608 794 sumus

2018 833 2288 904 aggressi,
2315 831 2692 904 expediamus.

2657 962 2889 1020 CAPUT
2928 962 2969 1019 I.

2022 1098 2282 1166 Qumnam
2319 1099 2459 1153 ratio
2491 1107 2779 1169 temporum
2799 1098 2940 1168 apud
2966 1097 3315 1168 Septuaginta
3346 1096 3614 1168 Interpre-

2124 1181 2198 1225 tes
2226 1170 2585 1240 perscribatur
2613 1173 2677 1224 ab
2707 1169 2913 1224 Adamo
2943 1186 3105 1241 usque
3126 1170 3193 1223 ad
3223 1169 3503 1223 diluvium.

2089 1306 2133 1360 I.
2175 1304 2400 1364 Priscus
2430 1307 2596 1362 homo
2632 1305 2878 1360 Adamus
2907 1310 3032 1374 post
3062 1303 3266 1358 exitum
3294 1317 3324 1357 e
3356 1299 3614 1371 paradiso

2023 1414 2169 1455 anno
2214 1401 2389 1455 {etatis
2429 1414 2609 1454 ccxxx
2650 1398 2837 1468 genuit
2882 1395 3108 1450 Si-thum
3139 1411 3204 1450 ex
3237 1393 3345 1447 Eva
3379 1395 3615 1463 conjuge

2022 1508 2125 1548 sua
2153 1511 2165 1546 :
2195 1492 2439 1563 vixitque
2463 1492 2644 1545 adhuc
2665 1491 2827 1548 annis
2847 1503 2945 1544 occ
2969 1504 3144 1558 usque
3171 1486 3237 1540 ad
3261 1500 3481 1541 cxxxvn
3503 1486 3613 1556 (l6)

2023 1597 2225 1635 annum
2273 1581 2578 1636 Malalielis.
2629 1579 2784 1636 Alios
2839 1594 3057 1650 quoque
3118 1577 3308 1648 genuit
3367 1576 3510 1632 ﬁlios
3560 1583 3616 1631 et

2024 1676 2188 1730 ﬁlias.
2223 1673 2372 1730 Obiit
2401 1673 2578 1728 anatis
2613 1687 2758 1726 anno
2788 1686 3087 1727 nccccxxx.

2098 1767 2162 1822 Il.
2211 1766 2414 1823 Setltus
2465 1781 2641 1822 annos
2679 1773 2843 1822 natus
2885 1779 2984 1819 ccv
3028 1761 3216 1834 genuit
3259 1759 3502 1815 Enosum
3547 1765 3616 1814 cx

2027 1861 2196 1915 Alora
2257 1859 2399 1930 (17)
2461 1859 2696 1928 coniuge
2746 1873 2844 1914 sua
2900 1875 2914 1911 :
2970 1855 3216 1924 vixitque
3277 1853 3458 1908 adhuc
3516 1865 3617 1905 am-

2027 1955 2115 2009 nis
2176 1937 2352 2008 nccvu
2417 1965 2594 2020 usque
2645 1951 2714 2004 ad
2761 1965 2833 2004 xx
2881 1963 3085 2003 annum
3133 1945 3364 1999 Enochi.
3419 1943 3619 2000 Genuit

2026 2045 2168 2101 ﬁlios
2202 2053 2257 2100 et
2296 2045 2454 2100 ﬁlias.
2490 2043 2640 2100 Obiit
2668 2043 2845 2097 :elatis
2879 2056 3022 2096 anno
3047 2053 3290 2098 occccxn
3324 2037 3455 2107 (18).

2102 2135 2192 2190 III.
2236 2135 2453 2192 Euosus
2481 2151 2658 2190 annos
2682 2144 2846 2188 natus
2878 2148 2978 2188 cxc
3010 2133 3195 2203 germit
3225 2130 3525 2186 Cainanum
3547 2143 3616 2183 ex

2027 2229 2222 2285 Nuena
2273 2231 2507 2300 conjuge
2544 2243 2643 2284 sua
2678 2246 2691 2284 :
2729 2227 2977 2296 vixitque
3021 2225 3200 2280 adhuc
3236 2225 3397 2279 annis
3447 2237 3617 2278 nccxv

2027 2338 2204 2392 usque
2258 2321 2326 2376 ad
2378 2335 2476 2375 LIII
2530 2335 2734 2374 annum
2781 2318 3119 2373 Mathusalae.
3162 2314 3363 2373 Genuit
3393 2314 3535 2370 ﬁlios
3563 2321 3620 2370 et

2030 2414 2197 2469 ﬁlias.
2233 2412 2382 2468 Obiit
2412 2413 2592 2467 aetatis
2623 2426 2767 2464 anno
2802 2419 3044 2464 nccccv.:

2103 2505 2194 2562 IV.
2236 2505 2515 2562 Cainanus
2554 2499 2730 2559 annus
2779 2510 2943 2558 natus
2973 2517 3112 2557 cux
3160 2501 3348 2572 genuit
3377 2499 3617 2556 MalaIie-

2026 2601 2134 2656 lem
2192 2615 2260 2654 ex
2316 2597 2580 2654 Malaleda
2634 2597 2868 2666 conjuge
2919 2611 3018 2651 sua
3077 2611 3091 2647 :
3146 2595 3392 2664 vixitque
3440 2592 3620 2647 adhuc

2029 2692 2191 2747 annis
2242 2705 2414 2744 nccxc
2488 2703 2663 2759 usque
2724 2688 2792 2742 ad
2854 2703 3018 2740 Lxxxt
3074 2700 3278 2739 annum
3338 2682 3591 2739 Lameclzi

2028 2785 2230 2840 Genuit
2265 2785 2404 2838 ﬁlios
2431 2791 2484 2838 et
2519 2783 2677 2837 ﬁlias.
2705 2779 2853 2835 Obiit
2879 2780 3056 2834 aetatis
3087 2795 3230 2832 anno
3260 2793 3483 2834 nccccx.

2096 2873 2162 2930 Υ.
2205 2874 2439 2928 Malaliel
2468 2888 2643 2928 annos
2673 2878 2836 2925 natus
2869 2884 3007 2924 Cva
3035 2868 3223 2940 genuit
3260 2866 3518 2923 Jaredum
3550 2881 3620 2922 ex

2029 2966 2166 3022 Dina
2209 2967 2444 3038 conjuge
2489 2980 2636 3020 sua:
2680 2965 2921 3034 vixitque
2971 2961 3151 3017 adhuc
3203 2959 3363 3015 annis
3408 2971 3621 3014 uccxxx

2029 3075 2206 3132 usque
2261 3060 2329 3114 ad
2384 3073 2554 3114 vam
2600 3071 2804 3112 annum
2856 3053 3085 3110 Noaehi.
3134 3049 3336 3108 Genuit
3380 3051 3522 3106 ﬁlios
3567 3057 3623 3104 et

2029 3150 2192 3207 ﬁlias.
2225 3149 2372 3206 Obiit
2400 3150 2577 3205 :etatis
2609 3163 2754 3202 anno
2786 3160 3043 3201 ncccxcv.

343 3242 474 3296 dare
517 3240 810 3312 indigenae,
869 3255 1035 3311 quam
1079 3256 1193 3296 rem
1247 3241 1384 3295 liber
1424 3239 1702 3296 Geneseos
1744 3249 1930 3311 aperte
1957 3266 2000 3326 ρ
2105 3241 2194 3297 Vl.
2235 3239 2468 3297 Jaredus
2508 3256 2686 3296 annos
2731 3246 2895 3296 natus
2926 3255 3070 3295 cun
3115 3236 3303 3310 genuit
3335 3232 3620 3290 Enochum

348 3333 531 3402 prodit
551 3331 685 3404 (11).
718 3333 833 3388 Imo
884 3333 989 3388 illae
1038 3332 1395 3388 narrationes
1450 3334 1664 3387 nullum
1708 3333 1927 3387 veritati

347 3427 726 3484 testimonium
772 3443 883 3481 non
912 3427 1287 3498 suppeditant,
1319 3442 1516 3498 nempe
1551 3425 1697 3498 quod
1733 3428 1930 3482 attinet

345 3521 414 3576 ad
447 3520 739 3586 diluvium,
771 3519 840 3574 ad
874 3520 1044 3576 turris
1080 3520 1380 3591 opiﬁcium,
1419 3527 1581 3590 atque
1630 3520 1696 3574 ad
1731 3527 1928 3574 caetera

346 3628 474 3694 qua;
498 3613 700 3674 ibidem
748 3620 1182 3683 consequuntur.
1227 3612 1327 3676 Ea,
1365 3613 1602 3684 inquam,
1657 3612 1796 3666 ratio
1828 3610 1964 3684 fuit.

348 3706 526 3762 beatis
553 3705 663 3759 illis
693 3703 952 3760 Patribus
985 3720 1092 3762 cur.
1126 3706 1241 3760 haec
1267 3704 1743 3760 commemoranda
1775 3714 1932 3775 puta-

348 3806 491 3854 rent.
514 3797 684 3854 Nobis
719 3808 900 3854 tamen
926 3813 1052 3853 eum
1080 3799 1312 3853 istorum
1348 3799 1756 3853 lucubrationes
1783 3800 1931 3853 sulli-

350 3905 476 3946 cere
497 3890 808 3954 videantur,
837 3905 904 3946 ea
941 3890 1172 3945 materia
1208 3889 1343 3946 satis
1368 3889 1494 3954 erit,
1523 3905 1646 3960 qum
1675 3891 1929 3945 instituto

349 3990 542 4037 nostro
567 3981 848 4037 conducit.

419 4074 475 4130 6.
514 4073 634 4128 Jam
663 4075 912 4146 ipsorum
947 4071 1347 4127 Chronicorum
1380 4071 1595 4126 initium
1624 4073 1694 4128 ab
1733 4072 1929 4127 Adami

348 4185 382 4223 e
413 4167 688 4240 perbeatis
724 4168 835 4222 illis
865 4166 1088 4223 sedibus
1119 4170 1269 4224 exitu
1308 4169 1556 4223 seniores
1599 4167 1675 4221 illi
1708 4167 1930 4237 sapien-

350 4260 551 4316 tissimi
602 4258 896 4331 petendum
945 4260 1441 4333 eensuerunt(12).
1489 4259 1752 4330 Quisquis
1803 4273 1932 4315 vero

350 4351 511 4406 aliter
563 4358 820 4420 nugatur,
871 4348 1290 4404 diuturnitatem
1339 4350 1461 4418 ejus
1511 4350 1783 4404 incolatus
1825 4349 1931 4405 sibi

352 4457 477 4498 esse
526 4443 867 4512 exploratam
915 4441 1213 4509 dictitans;
1246 4450 1340 4496 aut
1391 4443 1460 4498 de
1508 4443 1634 4496 coeli
1684 4449 1740 4498 et
1783 4449 1931 4497 terra

353 4535 578 4590 conditu
612 4533 904 4589 temeraria
933 4532 1112 4588 effutit
1135 4533 1280 4606 (1'5);
1316 4535 1466 4599 huic,
1513 4535 1759 4605 inquam,
1800 4549 1933 4590 cave

2036 3351 2105 3392 ex
2151 3333 2399 3389 Baracha
2451 3333 2563 3404 (I9)
2622 3331 2856 3402 conjuge
2907 3345 3006 3386 sua
3067 3349 3082 3385 :
3143 3328 3389 3400 vixitque
3440 3326 3622 3382 adhuc

2037 3429 2199 3484 annis
2265 3441 2400 3483 nccc
2470 3441 2646 3495 usque
2705 3425 2772 3479 ad
2839 3438 3046 3478 cccxxx
3125 3436 3329 3476 annum
3390 3416 3619 3474 Noacbi.

2038 3520 2239 3578 Genuit
2271 3520 2412 3575 ﬁlios
2451 3527 2507 3575 et
2543 3518 2704 3572 ﬁlias.
2743 3515 2892 3572 Obiit
2923 3515 3101 3570 aetatis
3137 3529 3283 3568 anno
3323 3526 3618 3567 occcccxtt.

2109 3613 2220 3668 VII.
2265 3611 2521 3665 Enochus
2570 3625 2745 3666 annos
2789 3615 2951 3663 natus
2995 3621 3136 3660 cnxv
3177 3605 3365 3675 genuit
3407 3602 3625 3657 Mathu-

2038 3707 2208 3762 salam
2262 3720 2330 3760 ex
2377 3702 2614 3757 Jadnera
2665 3702 2900 3772 conjuge
2948 3714 3046 3754 sua
3089 3718 3103 3754 :
3152 3698 3397 3767 vixitque
3443 3697 3624 3750 adhuc

2038 3800 2198 3853 annis
2238 3812 2300 3852 cc
2346 3816 2358 3851 :
2407 3810 2643 3864 cumque
2693 3793 2805 3850 Deo
2849 3793 3165 3863 placuisset,
3203 3791 3505 3845 translatus
3538 3796 3625 3845 est

2038 3905 2184 3944 anno
2263 3905 2436 3943 xxxm
2498 3885 2779 3941 Lamcchi.
2841 3885 3042 3940 Genuit
3121 3884 3259 3938 ﬁlios
3314 3891 3369 3936 ct
3427 3883 3621 3948 filias;

2038 3984 2342 4038 translatus
2388 3989 2472 4038 est
2521 3981 2702 4036 aetatis
2750 3994 2894 4033 anno
2935 3993 3159 4033 ccccxv.
3183 3974 3267 4030 Ab
3295 3976 3501 4030 Adamo
3529 3991 3624 4030 us-

2037 4093 2143 4149 que
2175 4076 2243 4131 ad
2273 4075 2553 4130 Enochum
2585 4075 2912 4129 translatum
2955 4071 3334 4144 generationes
3359 4087 3431 4125 vu
3467 4068 3624 4124 anni-

2037 4185 2144 4241 que
2178 4183 2567 4223 ucccccxxxvn
2607 4166 2935 4222 conflantur.

2110 4259 2245 4315 Vlll.
2279 4259 2584 4315 Mathusala
2616 4274 2791 4315 annos
2818 4267 2981 4312 natus
3009 4270 3190 4310 Cvau
3215 4253 3404 4326 genuit
3431 4252 3624 4308 Lame-

2039 4355 2201 4409 chum
2253 4368 2320 4408 ex
2367 4351 2520 4406 Edna
2566 4352 2801 4422 conjuge
2842 4365 2940 4405 sua
2977 4348 3266 4418 :vixitque
3299 4347 3479 4402 adhuc
3524 4361 3624 4399 an-

2042 4448 2129 4503 nis
2175 4462 2373 4502 ncccn.
2417 4445 2518 4501 llic
2569 4445 2729 4500 annis
2769 4460 2860 4497 xiv
2900 4441 3014 4514 (20)
3071 4441 3280 4498 diluvio
3326 4439 3620 4510 superfuit,

2041 4539 2186 4610 quod
2237 4555 2304 4595 ex
2352 4539 2528 4609 ipsius
2577 4537 2702 4591 vita:
2751 4535 2929 4606 spatio
2977 4532 3350 4603 cognoscitur.
3398 4529 3456 4584 In
3501 4531 3626 4585 aliis

351 4627 514 4682 fidem
530 4625 764 4680 tribuas.
792 4623 1040 4696 Namque
1068 4625 1138 4680 ab
1171 4641 1237 4681 eo
1260 4632 1526 4696 tempore,
1547 4642 1655 4698 quo
1679 4627 1771 4681 ille
1807 4641 1935 4682 sua-
1966 4631 2013 4688 D
2045 4636 2227 4683 tamen
2256 4627 2661 4699 exemplaribus
2694 4625 2900 4681 vixisse
2928 4624 3089 4678 annis
3125 4630 3402 4693 postquam
3431 4635 3625 4692 genua-

351 4717 580 4773 vissimo
609 4719 736 4772 vitae
764 4731 963 4788 genere
989 4717 1194 4773 excidit
1233 4719 1326 4790 qui
1346 4719 1459 4789 (14)
1492 4719 1737 4776 Adamus
1771 4735 1936 4776 voca—

351 4822 444 4867 tus
476 4821 561 4868 est
590 4811 722 4884 (quo
755 4811 976 4867 nomine
1016 4827 1208 4868 omnes
1229 4816 1471 4868 cunctim
1503 4815 1752 4870 homines
1774 4814 1940 4886 signi-

355 4905 635 4978 ﬁcantur),
673 4905 834 4973 inde,
877 4905 1138 4976 inquam,
1181 4913 1372 4962 nostra
1426 4915 1734 4978 temporum
1795 4907 1938 4963 ratio

351 4997 638 5053 exordium
680 4997 848 5069 cepit,
906 5015 972 5054 ea
1011 4989 1268 5055 videlicet
1312 5014 1436 5070 quae
1475 5000 1530 5054 in
1581 4997 1936 5072 Septuaginta

359 5090 610 5147 virorum
651 5091 1106 5163 interpretatione
1151 5099 1238 5149 est
1266 5112 1282 5149 :
1307 5092 1452 5164 apud
1485 5093 1746 5152 Hebraeos
1788 5095 1936 5150 enim

351 5184 654 5242 discrimen
681 5185 875 5258 ingens
911 5185 970 5242 in
1011 5193 1318 5258 temporum
1363 5188 1670 5258 praesertim
1705 5203 1939 5245 numero

426 5341 505 5414 (9)
544 5340 749 5414 confer
775 5340 997 5400 Eusebii
1029 5339 1226 5400 Chron.
1263 5340 1308 5409 I,
1339 5357 1402 5407 tt,
1431 5341 1485 5399 8.

421 5415 534 5481 (l0)
574 5413 864 5471 Chatdwis.

456 5483 540 5548 11)
581 5483 783 5540 Euseb.
831 5483 1032 5540 Chron.
1065 5485 1107 5552 I,
1139 5500 1254 5547 xvt,
1285 5482 1343 5538 2.

453 5554 540 5623 12)
581 5554 781 5610 Euseb.
815 5554 1013 5610 Chron.
1045 5554 1087 5616 l,
1115 5571 1229 5616 va,
1261 5554 1383 5610 5-6.

426 5623 538 5699 (15)
569 5623 706 5699 IIoc_
721 5633 881 5699 pacto
909 5629 1161 5699 videntur
1186 5629 1771 5699 peccarenominatim
1803 5627 1935 5699 Syn-

353 5694 625 5819 cel'lths:_et
672 5694 957 5752 Cedrenus
1005 5698 1063 5752 in
1111 5694 1340 5752 suorum
1390 5694 1776 5753 Chronicorum
1823 5694 1936 5771 pri-

353 5781 478 5819 mor
519 5782 607 5819 us.

353 5781 607 5821 mOI'GIIS.

430 5837 540 5908 (14)
570 5836 756 5908 Codex
783 5853 886 5908 pro
913 5839 1004 5908 qui
1034 5837 1198 5908 habet
1226 5846 1399 5904 atque.

430 5855 540 5906 (14)
570 5855 756 5893 ωορκ
783 5855 886 5908 pI‘O
949 5855 1004 5892 ιιι
1035 5855 1198 5894 "808l-
1226 5855 1399 5904 atque.

429 5905 892 5978 (15)Conferatur
913 5855 1113 5967 Euseb.
1152 5905 1346 5964 Chron.
1386 5909 1428 5976 I,
1460 5925 1568 5977 ιη,
1605 5910 1635 5964 7
1663 5911 1822 5969 et”.
1897 5953 1902 5958 .

2043 4733 2129 4777 rat
2165 4723 2404 4776 traditur
2440 4735 2754 4776 ncccxxxn.
2784 4717 2986 4774 Genuit
3017 4718 3158 4774 ﬁlios
3185 4727 3239 4773 et
3275 4716 3437 4772 ﬁlias.
3476 4712 3623 4770 Obiit

2039 4817 2219 4873 mtatis
2247 4831 2392 4870 anno
2416 4829 2728 4870 nccchxix.

2109 4905 2206 4962 IX.
2271 4904 2580 4961 Lamechus
2639 4920 2816 4960 annos
2873 4911 3038 4960 natus
3099 4916 3376 4958 ccxxxvnt
3435 4899 3623 4973 genuit
3677 4961 3679 4964 ,

2039 4999 2327 5056 Noaebum
2378 5014 2410 5055 e
2457 4997 2645 5054 Bedna
2692 4997 2927 5068 conjuge
2971 5010 3072 5051 sua
3105 5014 3118 5050 :
3150 4995 3396 5064 vixitque
3443 4991 3623 5048 adhuc

2041 5094 2202 5150 annis
2232 5079 2440 5150 nxxxv.
2469 5091 2622 5147 Patri
2662 5107 2764 5149 suo
2798 5091 3120 5146 Mathusalae
3146 5095 3510 5162 prmmortuus
3536 5093 3624 5142 est

2041 5181 2385 5248 Lamecbus,
2434 5189 2724 5254 postquam
2787 5181 3003 5236 vixerat
3077 5194 3254 5251 usque
3318 5178 3387 5233 ad
3441 5192 3623 5232 nxxxv

2113 5343 2227 5418 (16)
2265 5343 2424 5418 Alius
2449 5341 2622 5418 codex
2655 5357 2818 5398 cxxx.

2108 5413 2221 5485 (t7)
2250 5415 2335 5468 AI.
2366 5413 2515 5476 cod.,
2541 5415 2743 5466 Azora.

2110 5487 2225 5558 (18)
2248 5487 2335 5558 Al.
2383 5485 2531 5558 cod.,
2561 5498 2826 5558 acccccn.

2110 5555 2222 5625 (I9)
2253 5556 2340 5609 Al.
2366 5556 2516 5619 cod.,
2560 5555 2828 5609 Bavacha.

2109 5620 2224 5698 (20)
2275 5625 2458 5682 Codex
2519 5642 2662 5682 unus
2700 5625 2890 5698 anuis,
2911 5625 3120 5682 omisso
3169 5635 3434 5698 numero,
3479 5620 3624 5698 alius

2038 5694 2302 5754 mendose
2332 5699 2485 5751 armis
2509 5712 2671 5750 Lxxx.
2699 5694 2902 5752 Verum
2945 5695 3262 5764 supputatio
3289 5695 3451 5764 docet
3479 5695 3621 5747 scri-

2037 5770 2278 5893 benldum
2325 5784 2436 5823 xlv.
2499 5765 2831 5824 Conferatur
2871 5761 3146 5824 Eusebius
3186 5766 3294 5822 col.
3346 5761 3446 5818 N7
3491 5778 3619 5819 cum

2037 5857 2092 5893 ll.
2165 5879 2181 5892 .

2036 5857 2092 5894 11.
2131 5857 2181 5893 ‘I.
