4142 6400
535 410 635 466 6H

535 633 683 673 anno
719 633 979 674 DCCXIIII.

608 706 676 762 X.
714 708 974 764 Noacbus
1005 724 1180 765 annos
1211 716 1376 766 natus
1407 726 1440 765 υ
1469 713 1659 783 genuit
1691 710 1936 779 Semum,
1967 713 2112 770 Cha-

535 813 687 853 mum
745 808 908 870 atque
949 799 1203 872 Japetum
1252 817 1283 857 e
1334 801 1632 858 Noemzara
1666 803 2045 875 conjuge,sua
2093 821 2109 858 :

535 891 782 960 vixitque
821 891 999 946 adhuc
1035 893 1194 948 annis
1234 907 1264 946 c
1313 908 1488 963 usque
1525 894 1593 948 ad
1635 894 1899 949 diluvium
1943 911 1956 947 :
1992 903 2114 965 post

536 982 801 1038 diluvium
862 991 1045 1037 autem
1111 984 1272 1039 annis
1330 1000 1481 1039 cccc.
1535 982 1681 1040 Obiit
1737 986 1914 1041 aetatis
1970 1000 2114 1041 anno

521 1087 756 1129 .nccccn.
801 1074 885 1129 Ab
928 1074 1151 1131 Enocho
1194 1078 1465 1131 translato
1514 1093 1689 1147 usque
1733 1078 1802 1133 ad
1849 1078 2112 1133 diluvium

535 1164 913 1234 generationes
986 1173 1099 1218 tres
1162 1167 1400 1235 annique
1463 1181 1632 1221 nccm
1699 1176 2109 1224 coacervantur.

535 1257 620 1310 Ab
671 1257 879 1311 Adamo
940 1258 1552 1329 autem_geuerationes
1604 1259 1813 1326 decem,
1877 1262 2115 1332 annique

536 1362 816 1403 κυοοηιι.

1159 1461 1390 1518 CAPUT
1430 1462 1496 1519 II.

539 1551 670 1629 Qua:
725 1554 863 1606 ratio
927 1562 1237 1629 temporum
1275 1555 1728 1629 scribatur_ap_ud
1773 1555 2115 1629 Septuaginta

575 1621 889 1691 lnterpretes
916 1641 949 1677 a
980 1621 1136 1679 Sémo
1171 1624 1237 1678 ad
1270 1642 1465 1678 annum
1494 1621 1787 1680 Abraltami
1815 1621 2066 1696 primum.

605 1712 698 1767 XI.
733 1714 928 1769 Semus
944 1730 1119 1771 annos
1143 1727 1304 1770 natus
1323 1731 1352 1770 c
1372 1713 1947 1786 genuitArphaxadem
1973 1737 2117 1780 anno

540 1804 716 1859 altero
760 1815 883 1874 post
922 1806 1186 1861 diluvium
1236 1824 1267 1862 e
1303 1805 1648 1861 Dizaclibade
1691 1808 1921 1882 conjuge
1964 1829 2062 1867 sua
2100 1834 2113 1869 :

535 1896 780 1964 vixitque
810 1898 986 1951 adhuc
1017 1901 1178 1953 annis
1208 1914 1262 1954 ι).
1292 1897 1492 1954 Genuit
1516 1898 1657 1953 ﬁlios
1689 1907 1742 1954 et
1775 1904 1935 1959 tilias.
1965 1903 2114 1965 Obiit

534 1987 711 2039 aetatis
742 2000 886 2041 anno
914 2002 1000 2041 oc.
1520 1978 1543 2001 ‘

604 2073 717 2127 XII.
745 2076 1102 2145 Arphaxades
1125 2094 1296 2136 annos
1323 2091 1488 2140 natus
1512 2100 1690 2142 cxxxv
1714 2090 1901 2159 genuit
1930 2089 2112 2145 Salam

531 2179 603 2218 ex
662 2163 871 2220 Rabuia
924 2167 1156 2238 conjuge
1210 2187 1308 2227 sua
1363 2193 1377 2227 :
1430 2176 1672 2245 vixitque
1723 2179 1902 2233 adhuc
1954 2181 2114 2236 annis

534 2268 747 2309 CCCCIII.
806 2256 1003 2313 Genuit
1052 2261 1193 2316 ﬁlios
1237 2269 1292 2317 et
1348 2263 1509 2322 ﬁlias.
1551 2266 1697 2323 Obiit
1744 2272 1922 2327 mtatis
1969 2287 2114 2326 anno

539 2358 810 2400 DXXXVIII.

607 2434 744 2491 XIII.
789 2435 915 2491 Sala
967 2453 1140 2496 annos
1186 2452 1349 2500 natus
1385 2460 1527 2503 cxxx
1569 2449 1755 2519 genuit
1783 2449 2049 2506 Heberum
2084 2469 2114 2509 e

537 2522 730 2580 Mucha
751 2529 981 2598 conjuge
1002 2546 1099 2586 sua
1120 2550 1131 2585 :
1152 2534 1392 2605 vixitque
1415 2537 1593 2593 adhuc
1615 2541 1774 2595 annis
1797 2557 1977 2597 ccccvi
2002 2543 2113 2616 (2!)

536 2633 714 2687 usque
745 2620 811 2674 ad
840 2638 913 2674 vn
944 2640 1145 2678 annum
1179 2624 1429 2685 Seruchi.
1462 2629 1663 2687 Genuit
1692 2633 1833 2690 ﬁlios
1860 2644 1914 2691 et
1950 2636 2110 2693 ﬁlias.

534 2708 681 2765 Obiit
709 2714 884 2769 aetatis
910 2730 1054 2770 anno
1084 2732 1305 2772 oxxxvi.

603 2801 745 2858 XIV.
780 2803 1024 2861 Iieberus
1062 2823 1237 2865 annos
1271 2820 1435 2867 natus
1476 2826 1675 2869 cxxxiv
1700 2815 1888 2886 genuit
1917 2816 2113 2872 Phale-

533 2907 658 2948 cum
699 2910 729 2949 e
779 2895 928 2952 Zuba
970 2899 1202 2970 conjuge
1247 2917 1347 2957 sua
1399 2923 1412 2959 :
1453 2905 1692 2975 vixitque
1738 2908 1916 2962 adhuc
1958 2910 2115 2964 annis

533 3001 837 3042 ccccxxxm
861 3006 1036 3061 usque
1067 2991 1132 3046 ad
1162 3008 1368 3049 XXXVIII
1400 3010 1603 3052 annum
1629 2997 1886 3055 Nacbori.
1915 2999 2115 3056 Genuit

534 3076 675 3132 ﬁlios
695 3087 747 3134 et
776 3080 933 3137 ﬁlias.
966 3081 1113 3137 Obiit
1140 3086 1318 3141 aetatis
1347 3099 1491 3141 anno
1519 3103 1725 3145 anvu.

603 3168 723 3223 XV.
754 3168 1020 3228 Plialecus
1064 3188 1237 3230 annos
1281 3185 1445 3232 natus
1470 3192 1671 3233 cxxxiv
1710 3182 1896 3251 genuit
1933 3181 2111 3254 Baga-

524 3274 660 3333 ,vum
703 3276 734 3316 e
773 3261 937 3317 Ziura
974 3266 1207 3336 conjuge
1256 3281 1353 3321 sua
1398 3285 1411 3321 :
1452 3267 1692 3340 vixitque
1738 3272 1917 3327 adhuc
1957 3274 2116 3330 armis

533 3365 659 3406 calx
702 3369 878 3422 usque
927 3354 994 3408 ad
1026 3370 1208 3411 Lxxvu
1245 3356 1356 3428 (ΞΩ)
1390 3372 1592 3444 annum
1638 3359 1887 3419 Seruchi.
1922 3361 2120 3420 chuit

536 3442 680 3498 ﬁlios
710 3452 764 3499 et
811 3445 973 3501 ﬁlias.
1020 3446 1167 3502 Obiit
1206 3450 1385 3505 aetatis
1425 3442 1570 3505 anno
1607 3466 1859 3511 cccxuu.
1901 3454 2120 3513 Phaleci

532 3544 694 3592 aetate
754 3544 900 3591 terra
947 3539 1123 3594 divisa
1171 3548 1255 3596 est
1290 3557 1304 3595 :
1340 3557 1465 3596 nam
1506 3553 1560 3599 et
1590 3542 1857 3601 Plialecus
1888 3546 2116 3605 divisio-

536 3643 663 3683 nem
699 3628 989 3700 signilicat.
1023 3631 1130 3686 Iste
1172 3633 1390 3702 quidem
1441 3636 1579 3706 patri
1624 3652 1724 3691 suo
1758 3649 2120 3707 praemortuus

533 3730 637 3777 est.
688 3718 748 3775 In
794 3721 1039 3791 ejusdem
1089 3731 1303 3779 aetatem
1361 3727 1528 3782 turris
1570 3744 1788 3798 quoque
1838 3730 2117 3802 Opiﬁcium

534 3810 725 3867 incidit
766 3829 780 3866 ε
815 3814 1051 3885 itemque
1091 3815 1490 3887 loquelae,qu:e
1522 3831 1748 3876 eatenus
1778 3836 1885 3875 una
1922 3821 2115 3890 fuerat,

534 3902 592 3957 in
619 3902 883 3973 plurimas
918 3904 1182 3959 dialectos
1212 3920 1309 3975 pro
1339 3922 1569 3961 numero
1604 3909 1842 3964 tribuum
1873 3910 2069 3967 divisio
2100 3929 2113 3965 :

536 4010 645 4066 qua
734 3978 899 4067 super
964 4013 1021 4050 re
1088 4014 1213 4052 cum
1274 3998 1460 4052 divina
1521 3999 1805 4071 Scriptura
1865 4003 2118 4059 historici

533 4088 751 4141 externi
792 4090 1162 4145 consentiunt.
1203 4090 1580 4148 Conﬁciuntur
1617 4094 1801 4164 itaque
1846 4111 1876 4149 a
1914 4096 2118 4153 diluvio

540 4193 715 4246 usque
758 4179 823 4232 ad
880 4180 1073 4233 turrim
1120 4182 1530 4250 procreationes
1585 4186 1828 4253 quinque
1880 4188 2119 4257 annique

536 4283 701 4323 oxxv.
745 4268 827 4323 Ab
865 4269 1074 4325 Adamo
1122 4281 1304 4327 autem
1357 4274 1767 4344 procreationes
1804 4277 2117 4347 quindecim

536 4359 775 4428 annique
802 4375 1151 4416 nuncnum.

606 4448 748 4507 XVI.
781 4449 913 4506 Post
960 4450 1253 4507 Pbalecum
1295 4470 1422 4510 vero
1464 4454 1718 4527 Bagavus
1756 4471 1929 4514 annos
1951 4466 2115 4517 natus

1592 412 1940 471 APPENDIX
1975 414 2082 469 ΑΠ’
2101 414 2189 470 EU
2200 412 2375 469 SEBII
2400 412 2817 471 CIIBONICON.

537 541 740 582 annum
771 524 999 584 Noachi.
1033 526 1234 585 Genuit
1275 526 1419 585 ﬁlios
1461 535 1516 584 et
1549 528 1712 587 ﬁlias.
1748 529 1898 587 Obiit
1931 530 2107 587 aetatis
2136 533 2182 591 Α
2210 543 2329 583 ram
2386 543 2455 584 ex
2507 529 2698 585 Iescha
2773 528 3007 600 conjuge
3079 544 3179 585 sua

3684 416 3790 470 θη

3241 545 3254 581 :
3296 530 3557 601 'vrxitque
3609 533 3791 590 adhuc

2213 621 2372 675 annis
2398 635 2525 676 cxix
2556 636 2731 691 usque
2757 621 2825 675 ad
2856 638 2980 679 χιιι
3010 636 3216 677 annum
3242 622 3560 679 Abrahami.
3591 623 3792 683 Genuit

2213 709 2355 766 ﬁlios
2388 719 2444 766 et
2478 712 2634 767 ﬁlias.
2667 710 2814 768 Obiit
2835 714 3011 769 aetatis
3039 728 3183 769 anno
3211 729 3435 771 cxcwu.
3476 754 3483 762 .

2284 799 2424 855 ΧΙΧ.
2454 801 2632 856 Tbara
2664 818 2837 859 annos
2864 812 3028 858 natus
3060 819 3165 859 Lxx
3199 806 3385 875 genuit
3416 807 3790 866 Abrahamum

2214 910 2282 950 ex
2339 892 2492 948 Edna
2540 894 2771 965 conjuge
2820 910 2958 961 sua;
3010 896 3254 967 vixitque
3311 913 3484 969 usque
3535 899 3604 954 ad
3646 916 3793 956 xxxv

2215 999 2419 1039 annum
2455 983 2646 1051 Isaaci,
2686 1000 2880 1055 nempe
2922 985 3191 1057 superfuit
3239 989 3399 1043 annis
3439 1003 3638 1045 cxxxv.
3687 989 3793 1047 Ge—

2214 1078 2332 1132 nuit
2361 1076 2502 1132 ﬁlios
2533 1084 2586 1133 et
2614 1078 2773 1134 ﬁlias.
2795 1077 2942 1134 Obiit
2965 1079 3143 1134 Thara
3173 1082 3351 1137 aetatis
3376 1097 3521 1137 anno
3544 1098 3665 1141 ccv.

2285 1166 2405 1224 XX.
2455 1167 2675 1226 Primus
2730 1171 3271 1230 Abrahamiannus.
3331 1174 3709 1234 Conﬁciuntnr
3758 1195 3791 1234 ει

2214 1259 2419 1316 diluvio
2469 1278 2643 1332 usque
2684 1262 2753 1317 ad
2795 1279 2998 1319 annum
3048 1266 3286 1336 primum
3328 1267 3621 1325 Abrahami
3666 1288 3793 1343 pro-

2216 1352 2541 1407 creationes
2576 1368 2772 1408 novem
2831 1354 3069 1424 annique
3118 1369 3417 1411 ncccchu.
3460 1358 3543 1414 Ab
3584 1360 3792 1415 Adamo

2216 1451 2399 1498 autem
2443 1446 2853 1514 procreationes
2900 1461 2989 1499 xix
3033 1447 3270 1516 annique
3316 1464 3686 1516 uuncuxxiv,
3718 1453 3791 1506 ita

2215 1545 2277 1593 ut
2320 1537 2665 1592 Abraliamus
2713 1537 2770 1591 in
2811 1538 3068 1592 vicesima
3112 1532 3492 1609 proereatione
3533 1544 3622 1599 sit.
3667 1542 3792 1599 Haec

2219 1629 2438 1699 quidem
2490 1628 2793 1684 secundum
2839 1628 3195 1701 Septuaginta
3224 1630 3482 1688 Virorum
3524 1634 3794 1706 interpre-

2216 1722 2493 1776 tationem.

2822 1835 3052 1893 CAPUT
3099 1837 3190 1895 III.

2466 1926 2544 1982 De
2570 1927 2809 1983 Cainano
2837 1939 2885 1984 et
2917 1930 3040 1984 aliis
3067 1929 3381 2001 quibusdam
3411 1930 3548 1999 (23).

2288 2019 2339 2073 I.
2380 2016 2537 2075 IIaud
2576 2021 2737 2091 pauci
2770 2021 3051 2076 enimvero
3091 2023 3504 2092 prudentissimi
3544 2023 3793 2079 historici

2215 2112 2281 2165 ad
2316 2112 2749 2181 procreationem
2780 2128 3156 2184 annorumque
3185 2130 3471 2169 numerum
3491 2114 3793 2170 Cainanum

2215 2198 2521 2268 adjungunt
2570 2215 2693 2253 cum
2756 2202 2915 2257 annis
2973 2217 3125 2269 cxx;
3193 2217 3429 2273 eumque
3480 2203 3634 2257 aiunt
3691 2205 3797 2259 Ar-

2214 2287 2463 2356 phaxade
2495 2296 2682 2342 natum
2724 2286 2970 2359 Salaaque
2998 2298 3301 2360 parentem.
3333 2289 3464 2347 Rem
3496 2299 3674 2347 autem
3706 2293 3783 2347 ita

2214 2378 2535 2433 describunt
2575 2399 2588 2434 :
2624 2381 2980 2449 Arphaxades
3026 2398 3196 2437 annos
3261 2391 3426 2439 natus
3466 2398 3688 2438 cxxxvn
3727 2401 3795 2440 ex

2214 2467 2422 2525 Rabuia
2479 2486 2648 2527 uxore
2711 2488 2812 2528 sua
2866 2474 3054 2544 genuit
3110 2473 3412 2529 Cainanum
3484 2493 3498 2528 :
3561 2490 3796 2546 cumque

2215 2560 2393 2616 adhuc
2421 2562 2582 2616 annis
2613 2578 2811 2619 ccccnr
2841 2564 3083 2629 vixisset,
3121 2566 3426 2621 exstinctus
3452 2573 3557 2623 est.
3597 2566 3798 2622 Caina-

2212 2666 2318 2706 nus
2349 2666 2522 2707 annos
2554 2661 2715 2708 natus
2747 2668 2848 2707 cxx
2878 2651 3057 2707 Salam
3088 2669 3119 2709 e
3152 2654 3326 2709 Seeba
3349 2670 3518 2711 uxore
3547 2670 3645 2711 sua
3670 2672 3797 2712 sus-

2214 2743 2402 2812 cepit:
2442 2759 2676 2815 cumque
2717 2745 2894 2801 adhuc
2947 2747 3107 2802 annis
3145 2761 3519 2804 CCCLxxxxvu
3544 2749 3792 2813 vixisset,

2212 2835 2367 2890 obiit.
2398 2835 2570 2892 Porro
2597 2837 2762 2906 hujus
2792 2839 2870 2893 rei
2906 2840 3138 2895 testibus
3171 2846 3399 2895 utuntur
3420 2841 3797 2897 celeberrimis

2213 2925 2657 2998 doctissimisque
2685 2929 2854 2993 viris,
2901 2929 3136 3002 Origene
3177 2932 3386 2989 scilicet
3421 2931 3796 3003 Gregoriouue

2132 3076 2143 3082 _
2214 3011 2492 3087 Theologo
2524 3026 2689 3087 atque
2713 3017 3017 3089 Epiphanio
3044 3020 3245 3093 Cyprio
3284 3042 3297 3077 :
3330 3024 3441 3078 imo
3478 3024 3616 3078 adeo
3648 3021 3795 3078 Luca
3856 3048 3859 3049 ν

2214 3105 2543 3176 evangelista
2570 3110 2742 3163 sancti
2773 3108 3012 3179 Spiritus
3041 3113 3221 3189 pleno,
3257 3112 3348 3183 qui
3376 3113 3526 3167 illum
3550 3113 3605 3166 in
3638 3126 3796 3168 suam

2215 3196 2587 3269 genealogiam
2636 3200 2817 3254 intulit
2852 3199 2987 3272 (24).
3022 3201 3098 3258 De
3138 3204 3333 3259 horum
3364 3219 3494 3275 ergo
3526 3205 3796 3259 sententia

2216 3281 2560 3339 Abrahamus
2589 3286 2808 3355 quidem
2846 3289 3168 3345 vicesimum
3195 3290 3429 3360 primum
3463 3290 3642 3345 locum
3670 3297 3797 3359 post

2213 3373 2482 3431 Adamum
2528 3386 2781 3447 occupat.
2833 3377 3057 3436 Summa
3096 3390 3278 3437 autem
3314 3396 3615 3446 annorum,
3654 3397 3796 3452 quos

2217 3463 2485 3522 ELsebius
2546 3470 2615 3525 ab
2663 3468 2875 3525 Adamo
2925 3472 2993 3525 ad
3027 3472 3401 3528 Abrahamum
3447 3487 3796 3535 nuncuxxiv

2217 3556 2428 3622 scribit,
2460 3557 2529 3613 ad
2554 3572 2829 3614 unucccw
2862 3564 3168 3633 consurgit.

2286 3647 2340 3703 2.
2382 3647 2611 3720 Insuper
2645 3656 2701 3705 et
2738 3650 2915 3708 Moses
2949 3652 3318 3711 Chorenensis
3359 3656 3795 3733 comparativum

2216 3740 2544 3795 laterculum
2578 3742 2856 3800 instruens
2895 3746 3146 3815 stirpium
3177 3764 3345 3819 quam
3371 3752 3546 3807 tribus
3575 3753 3785 3811 Noachi

2217 3832 2342 3887 ﬁliis
2395 3833 2465 3888 ad
2505 3834 2873 3891 Abrahamum
2925 3854 3103 3908 usque
3157 3841 3496 3911 pertingunt,
3540 3849 3794 3903 eumdem

2216 3924 2581 3993 patriarcbam
2604 3925 2908 3981 Cainanum
2943 3927 3001 3982 in
3031 3944 3190 3983 suam
3221 3930 3506 3993 historiam
3541 3934 3795 3992 inseren-

2214 4015 2343 4068 dum
2386 4017 2631 4082 curavit,
2683 4025 2940 4088 quartum
2974 4034 3003 4074 a
3038 4019 3261 4077 Noacho
3308 4031 3366 4079 et
3403 4041 3433 4079 a
3474 4025 3634 4084 Semo
3680 4037 3793 4086 ter-

2218 4107 2353 4161 tium
2390 4126 2404 4162 :
2440 4111 2738 4182 eademque
2777 4114 2992 4169 ratione
3038 4112 3262 4170 Thiram
3307 4131 3338 4170 a
3369 4116 3590 4175 Noacbo
3622 4136 3793 4192 quar-

2216 4205 2353 4262 tum,
2405 4202 2629 4255 tertium
2689 4212 2870 4257 autem
2928 4219 2961 4258 a
3016 4203 3240 4261 Iabetho
3294 4224 3307 4259 :
3379 4216 3494 4264 tum
3556 4211 3794 4282 denique

2216 4288 2588 4345 Mcstraimum
2654 4300 2910 4363 quartum
2970 4309 3002 4348 a
3057 4294 3322 4365 Noacho,
3376 4300 3705 4373 tertiumque
3758 4318 3791 4357 a

2215 4380 2422 4435 Chamo
2457 4382 2759 4459 dicithua
2789 4385 2858 4440 de
2881 4401 2942 4440 re
2973 4386 3115 4442 idem
3143 4388 3322 4446 Moses
3351 4390 3649 4448 historicus
3688 4394 3793 4450 hoc

2215 4479 2377 4541 pacto
2413 4474 2605 4528 scribit
2645 4476 2757 4549 (25)
2791 4494 2807 4534 :
2847 4497 2866 4530 ι
2902 4478 3148 4534 Arduum
3189 4483 3400 4539 scilicet
3436 4500 3578 4551 esse,
3623 4488 3792 4543 ratio.

534 4557 713 4600 cxxxv
743 4545 932 4614 genuit
963 4543 1266 4600 Seruchum
1287 4564 1318 4602 e
1345 4545 1485 4603 Sura
1517 4550 1747 4620 conjuge
1772 4565 1871 4605 sua
1906 4570 1918 4604 :
1953 4552 2113 4606 vixit-
2144 4564 2188 4619 ι)
2216 4579 2340 4618 nem
2365 4564 2369 4569 ‘
2399 4571 2705 4637 temporum
2779 4570 2905 4626 inde
2956 4588 3130 4643 usque
3183 4575 3282 4631 abs
3348 4592 3530 4631 rerum
3579 4580 3793 4649 origine

535 4651 645 4706 que
706 4639 887 4691 adhuc
935 4640 1094 4692 annis
1133 4652 1276 4693 ccvu
1336 4654 1511 4710 usque
1560 4641 1626 4694 ad
1675 4656 1858 4695 Lxxvu
1905 4655 2111 4698 annum

535 4726 792 4783 Nachori.
832 4726 1031 4783 Genuit
1073 4729 1216 4785 ﬁlios
1263 4737 1317 4785 et
1366 4730 1528 4788 ﬁlias.
1568 4729 1714 4786 Obiit
1753 4734 1929 4790 :etatis
1967 4748 2114 4790 anno

534 4833 664 4874 CCCX
672 4834 768 4874 ιη.

604 4909 766 4965 XVII.
810 4909 1088 4969 Seruchus
1112 4927 1286 4970 annos
1314 4922 1478 4971 natus
1507 4931 1649 4971 cxxx
1686 4918 1871 4986 genuit
1899 4915 2115 4973 Nacho-

536 5018 661 5058 rum
690 5019 722 5059 e
752 5002 956 5060 Melcha
992 5007 1224 5078 conjuge
1268 5022 1366 5062 sua
1402 5026 1417 5062 :
1446 5009 1691 5079 vixitque
1728 5010 1909 5065 adhuc
1950 5012 2111 5068 annis

534 5111 598 5152 cc
640 5112 815 5168 usque
857 5098 928 5153 ad
960 5113 1013 5153 ιι
1043 5114 1247 5153 annum
1294 5100 1606 5157 Abrahami.
1654 5099 1854 5156 Genuit
1886 5103 2028 5158 ﬁlios
2057 5111 2113 5159 et

535 5188 696 5244 ﬁlias.
725 5189 876 5245 Obiit
903 5193 1082 5248 aetatis
1114 5206 1260 5247 anno
1286 5206 1519 5250 cccxxx.

605 5279 791 5336 XVIII.
823 5280 1110 5338 Nachorus
1146 5298 1321 5340 annos
1360 5293 1524 5341 natus
1553 5301 1720 5341 anx
1749 5287 1940 5357 genuit
1965 5287 2110 5342 Tha-

609 5477 723 5601 ,ﬂl)
747 5477 832 5535 AI.
856 5482 1006 5545 cod.,
1034 5496 1367 5540 cccccxxxx.

631 5549 721 5601 29.)
753 5552 835 5601 AI.
860 5554 1006 5601 cod..
1040 5570 1201 5601 1.xxv-

631 5549 721 5616 ‘29.)
753 5552 835 5604 AI.
860 5554 1006 5614 cod.,
1040 5570 1201 5608 Lxxv.

610 5618 722 5692 (ἓῦ)
756 5619 888 5692 Exin
915 5625 1154 5692 capitum
1197 5624 1384 5681 titulos
1409 5641 1510 5682 nos
1541 5628 1823 5683 addemus.

612 5685 1019 5767 (eiiCumuno's
1057 5692 1360 5767 Samuelem
1393 5699 1582 5767 paucis
1610 5699 1901 5754 admodum
1946 5700 2110 5756 adno-

539 5758 838 5840 tajti‘onibu‘s
865 5762 1254 5840 illustrandum
1266 5758 1683 5840 sumpserimus,
1713 5770 1859 5838 quod
1886 5771 2106 5840 quidem

541 5822 610 5876 ad
638 5825 782 5881 hunc
809 5830 1076 5886 famosum
1112 5834 1178 5890 de
1214 5822 1460 5894 Cainano
1487 5822 2105 5907 locum'aitinethect‘o:

2214 4655 2548 4735 exploratam
2604 4656 2806 4714 habere
2865 4668 3029 4731 atque
3075 4663 3333 4735 colligere
3377 4682 3391 4717 :
3440 4668 3613 4722 multo
3659 4686 3789 4726 vero

2214 4734 2507 4809 dilﬁcilius‘,’
2537 4745 2685 4817 ipsas
2725 4748 2992 4803 hominum
3025 4734 3357 4822 propagines
3390 4767 3790 4828 consequenter

2214 4849 2245 4888 a
2273 4837 2446 4892 tribus
2473 4836 2678 4894 Noachi
2707 4840 2893 4897 liberis
2918 4846 3305 4914 pervestigare.
3337 4845 3789 4920 Quandoquidem

2213 4933 2268 4980 et
2298 4927 2495 4982 divinae
2523 4928 2734 4994 litterae,
2768 4930 2977 4985 delecta
3007 4946 3092 4997 ea,
3119 4948 3241 5002 quae
3271 4934 3336 4988 ad
3369 4949 3428 4989 se
3456 4938 3782 5005 pertinebat,

2215 5015 2360 5072 Semi
2383 5020 2661 5089 prosapia,
2686 5021 3025 5092 reliquarum
3051 5024 3256 5077 nullam
3279 5029 3547 5081 rationem
3579 5026 3784 5085 habue-

2212 5119 2357 5163 runt.
2398 5093 2657 5179 tanquam
2683 5120 2987 5181 spretarum
3008 5115 3257 5170 videlicet
3287 5131 3462 5186 neque
3495 5116 3782 5187 dignarum

2210 5212 2332 5267 quae
2360 5200 2413 5253 in
2442 5202 2706 5257 orationis
2727 5217 2838 5258 suae
2858 5210 3063 5258 textum
3090 5203 3511 5261 insererentur.»
3537 5206 3780 5263 Rursus-

2212 5306 2319 5360 que
2351 5292 2427 5345 ait
2459 5310 2473 5346 :
2511 5310 2530 5344 ι
2573 5291 2721 5349 Licet
2738 5294 2793 5349 id
2820 5295 2875 5349 in
2907 5295 3060 5351 nullo
3090 5297 3554 5367 lnterpretationis
3581 5306 3783 5354 nostra:

2210 5514 2303 5554 res
2332 5506 2556 5553 nostros
2584 5494 2652 5550 ad
2687 5495 2991 5552 Calmetum
3023 5498 3079 5552 in
3108 5494 3234 5552 Gen.
3269 5513 3325 5562 x,
3358 5496 3453 5560 ει,
3482 5504 3537 5553 et
3563 5497 3631 5552 ad
3665 5496 3780 5551 Mil-

2213 5569 2343 5623 Iium
2374 5571 2430 5621 in
2458 5567 2590 5638 Lac.
2622 5582 2706 5632 Ill,
2736 5567 2824 5629 56,
2851 5569 3082 5623 libenter
3106 5569 3440 5636 ableganius,
3470 5569 3612 5638 apud
3638 5581 3778 5637 quos

2209 5648 2264 5693 et
2314 5638 2480 5706 prisci
2514 5636 2706 5693 Patres
2743 5644 2798 5692 et
2834 5638 3084 5695 hodierni
3105 5638 3310 5713 _critici
3340 5636 3555 5694 abunde
3592 5636 3779 5708 disme-

2209 5716 2345 5762 tant.

2281 5776 2395 5849 (25)
2428 5775 2574 5834 Hist.
2608 5793 2650 5843 I,
2677 5777 2730 5833 ι.
