4142 6400
378 436 483 494 613

372 648 500 700 nico
530 651 741 706 exstet,
774 650 1135 713 praeterquam
1167 643 1310 713 apud
1357 643 1632 699 eruditum
1664 644 1958 713 quemdam

371 737 828 808 tngeniosumque
899 734 1099 807 Syrum
1190 735 1520 804 hominem;
1596 737 1959 793 nihilominus

372 829 539 901 plane
578 829 739 886 nobis
790 837 1050 885 constare
1100 828 1474 884 Mestraimum
1523 828 1773 885 emndem
1818 844 1961 886 esse

370 924 536 989 atque
574 918 950 980 Mezraimum,
1001 919 1095 989 qui
1138 918 1358 989 quidem
1408 918 1677 990 Atgyptns
1722 919 1957 986 videtur,

370 1010 452 1063 uti
504 1006 814 1064 Nebrothus
871 1008 1032 1064 Belus
1078 1018 1183 1065 est.
1233 1029 1253 1062 ι
1303 1008 1424 1064 Jam
1456 1018 1510 1066 et
1554 1011 1751 1065 harum
1793 1013 1960 1066 trium

369 1100 615 1172 gentium
646 1100 728 1156 sic
757 1100 1083 1156 laterculum
1110 1101 1330 1173 digerit.

473 1190 677 1248 Semus
754 1231 771 1247 .
849 1229 867 1247 .
941 1191 1184 1248 Chamus
1231 1234 1246 1249 .
1326 1232 1340 1246 .
1422 1234 1436 1246 .
1509 1191 1793 1250 Jabetltus.

475 1285 866 1356 Arphaxades.
940 1285 1158 1342 Cbusus
1232 1327 1249 1344 .
1327 1325 1344 1342 .
1426 1325 1442 1340 .
1519 1286 1808 1343 Gamerus.

464 1375 773 1431 Caiuanus.
855 1417 871 1431 .
948 1374 1297 1432 Mestraimus
1337 1414 1351 1429 .
1430 1418 1447 1435 .
1526 1376 1714 1433 Thira.

478 1466 603 1522 Sala
662 1506 678 1523 .
756 1506 771 1521 .
851 1506 868 1521 .
942 1466 1256 1524 Nebrothus
1332 1509 1346 1523 .
1427 1512 1440 1525 .
1518 1469 1885 1540 Tltorgomus.

483 1557 770 1615 Heberus.
851 1601 867 1616 .
945 1558 1144 1616 Bahius
1236 1600 1250 1614 .
1329 1600 1344 1614 .
1424 1602 1434 1616 .
1514 1560 1740 1617 Haicus.

474 1650 764 1707 Pbalecus.
850 1691 865 1704 .
943 1652 1148 1708 Anebis
1235 1695 1248 1707 .
1329 1693 1343 1707 .
1423 1693 1436 1707 .
1513 1652 1870 1708 Armenacus.

470 1744 770 1816 Bagavus.
850 1786 865 1801 .
940 1744 1173 1801 Arbelus
1233 1785 1248 1800 .
1326 1785 1341 1800 .
1422 1785 1438 1801 .
1509 1747 1749 1802 Armais.

470 1838 778 1894 'Seruchus.
856 1878 871 1893 .
946 1837 1196 1895 Chzcalus
1237 1877 1252 1893 .
1332 1876 1347 1892 .
1427 1875 1443 1892 .
1518 1838 1763 1892 Amasia.

478 1929 786 1988 Nachorus.
849 1971 866 1985 .
940 1929 1174 1986 Arbelus
1234 1971 1248 1985 .
1327 1971 1342 1986 .
1423 1969 1439 1985 .
1516 1930 1796 1986 Gelamus.

476 2019 677 2077 Thara.
759 2061 775 2077 .
848 2062 863 2077 .
939 2020 1154 2078 Ninus.
1233 2062 1247 2076 .
1325 2063 1338 2077 .
1418 2062 1433 2077 .
1509 2020 1732 2076 Harma.

485 2113 866 2170 Ahrahamus.
939 2113 1145 2187 Ninyas
1235 2155 1251 2171 .
1329 2154 1344 2168 .
1427 2156 1441 2169 .
1514 2113 1772 2171 Aramus.

432 2205 496 2259 3.
547 2203 754 2261 Deinde
777 2205 926 2260 addit
964 2224 979 2261 :
1030 2224 1050 2257 ι
1090 2204 1147 2260 in
1177 2205 1369 2261 Cltami
1415 2206 1635 2277 quidem
1672 2221 1848 2275 usque
1894 2205 1965 2260 ad

371 2294 571 2349 Ninum
598 2297 860 2366 progenie
898 2311 1095 2359 annos,
1128 2297 1329 2366 quibus
1357 2298 1590 2368 quisque
1620 2297 1954 2367 procreavit,

365 2398 646 2455 nusquam
689 2401 984 2456 expressos
1014 2386 1265 2457 reperiri,
1306 2388 1389 2442 vel
1432 2387 1499 2441 ad
1533 2402 1633 2441 nos
1667 2395 1816 2442 certe
1849 2403 1961 2442 non

370 2477 736 2548 pervenisse:
771 2485 884 2549 tum
918 2484 973 2533 et
1018 2477 1086 2533 de
1115 2477 1345 2534 Jahetho
1372 2487 1562 2534 nostro
1589 2479 1725 2534 satis
1752 2489 1962 2534 certum

368 2567 511 2621 nihil
554 2566 741 2634 tradi;
792 2567 1149 2624 nihilominus
1191 2574 1498 2636 expositum
1543 2569 1739 2623 harum
1792 2569 1963 2624 trium

368 2657 703 2713 familiarum
739 2675 911 2731 genus
939 2668 1167 2716 eatenus
1201 2676 1324 2716 esse
1363 2661 1733 2725 verissimum,
1772 2670 1963 2731 quate-

365 2763 479 2804 nus
525 2751 935 2820 procreationes
985 2751 1238 2807 undecim
1285 2760 1416 2808 sunt
1458 2768 1633 2822 usque
1677 2753 1744 2807 ad
1786 2753 1962 2806 Abra-

368 2840 635 2903 hamum,
707 2840 941 2912 Ninyam
1005 2851 1170 2913 atque
1208 2841 1491 2899 Aramum.
1556 2846 1749 2904 Arteus
1816 2850 1962 2903 enim

364 2933 758 2989 duodecimum
800 2936 980 2990 locum
1022 2937 1236 2992 obtinet
1257 2940 1645 3010 posteriorque
1666 2939 1808 2996 Nino
1828 2949 1910 2997 est
1943 2958 1957 2994 :

373 3023 629 3096 idemque
658 3027 855 3081 acerba
881 3034 1040 3084 aetate
1082 3039 1311 3084 mortem
1344 3031 1480 3085 obiit
1523 3046 1554 3084 a
1600 3030 1963 3089 Samiramide

373 3131 573 3173 cassus.
617 3136 638 3170 ι
676 3117 753 3174 De
782 3119 868 3174 his
897 3127 1083 3175 autem
1119 3120 1263 3175 haud
1299 3132 1384 3177 est
1412 3138 1512 3177 cur
1541 3124 1829 3195 quisquam
1859 3123 1961 3179 du-

372 3207 699 3265 bitationem
738 3225 860 3281 sprae
904 3227 964 3267 se
1000 3211 1158 3267 ferat.
1191 3210 1404 3283 Quippe
1464 3214 1539 3269 ait
1583 3232 1597 3268 :
1656 3234 1674 3265 ι
1711 3214 1960 3269 Certiora

367 3315 607 3372 quaeque
637 3316 705 3357 ex
733 3302 904 3358 variis
928 3303 1176 3358 historiis
1208 3319 1309 3373 pro
1341 3304 1485 3359 virili
1519 3312 1673 3375 parte
1713 3306 1965 3378 decerpsi

373 3408 501 3462 quae
533 3409 565 3447 a
610 3395 830 3449 nemine
869 3395 1138 3464 prudente
1160 3405 1537 3467 oppugnatum
1574 3397 1639 3452 iri
1670 3406 1823 3468 puto,
1859 3398 1967 3454 nisi

373 3483 546 3553 aliqui
590 3482 729 3538 forte
764 3485 1009 3539 veritatis
1041 3485 1453 3555 exstinguenda:
1476 3487 1775 3556 cupiditate
1813 3488 1967 3542 labo-

376 3583 537 3630 rant:
559 3575 652 3646 qui
684 3575 731 3631 si
752 3576 852 3647 qui
884 3588 1033 3642 sunt,
1065 3577 1243 3632 istboc
1276 3577 1493 3649 quidem
1518 3596 1578 3636 se
1609 3589 1770 3650 pacto
1792 3596 1967 3652 quan-

375 3673 494 3721 tum
519 3666 650 3721 libet
681 3669 975 3723 oblectent.
1009 3687 1029 3721 ι

448 3757 504 3811 4.
551 3755 662 3812 Nos
701 3758 868 3829 igitur
906 3759 1020 3830 jam
1064 3759 1193 3816 inde
1235 3774 1267 3813 a
1309 3761 1488 3817 tribus
1528 3761 1740 3819 Noachi
1778 3764 1967 3820 liberis

378 3862 554 3918 usque
624 3848 694 3904 ad
756 3850 928 3904 divini
984 3850 1148 3909 Verbi
1206 3855 1594 3911 revelationem
1645 3858 1964 3929 singillatim

379 3941 625 3996 scribere
667 3942 980 4003 ordiamur,
1023 3946 1259 4013 primum
1304 3947 1524 4016 quidem
1575 3945 1720 4002 Scmi
1766 3964 1966 4019 propa-

377 4033 581 4105 ginem,
630 4032 829 4089 deinde
876 4032 1096 4100 Cbami,
1133 4046 1413 4106 postremo
1459 4038 1686 4095 labetbi.
1718 4040 1963 4105 Semum,

376 4123 585 4180 Noacbi
628 4133 817 4179 natum
870 4128 1194 4195 maximum,
1239 4137 1429 4198 gentes
1481 4141 1682 4186 extera:
1730 4131 1965 4187 Zcruani

378 4217 602 4271 nomine
630 4216 914 4284 denotant,
953 4217 1225 4273 Chamum
1257 4219 1462 4284 Titani,
1507 4222 1792 4277 labethum
1825 4223 1966 4294 lapi-

377 4308 560 4364 tostis.
602 4307 789 4379 Neque
824 4309 911 4364 his
955 4311 1155 4376 solum,
1189 4327 1375 4366 verum
1408 4314 1572 4367 etiam
1610 4316 1838 4386 reliquis
1870 4331 1966 4387 pa-

378 4400 638 4456 triarcbis
662 4411 823 4473 capto
858 4401 1015 4457 initio
1046 4402 1114 4458 ab
1142 4402 1351 4460 Adamn
1376 4406 1686 4464 inconditas
1724 4411 1966 4479 appella-

381 4492 558 4547 tiones
597 4491 879 4564 aﬁingunt,
922 4500 1088 4564 atque
1133 4510 1402 4550 annorum
1445 4512 1735 4553 numerum
1770 4500 1964 4556 unius-

1197 431 1549 489 SAMUELIS
1588 431 1905 490 ANYENSIS
1947 431 2286 489 SUMMARII
2324 429 2714 489 TEMPORUM
2753 429 2934 488 PARS
2968 430 3013 490 I.

370 551 667 622 exemplari
698 559 979 607 exaratum
1011 562 1288 617 occurrat,
1320 566 1500 622 neque
1541 552 1596 607 in
1632 552 1745 607 ullo
1780 551 1958 607 Chro-
1988 556 2038 616 Α
2132 550 2222 607 Vl.

1993 1901 2040 1962 B

3542 429 3651 488 δη
3676 444 3697 483 ³.

2317 550 2547 608 Jaredus
2591 568 2625 606 '.
2662 614 2669 619 η
2708 592 2723 607 .
2795 593 2809 607 .
2887 550 3147 607 Davonus
3175 550 3317 608 saris
3341 568 3396 608 x.

2131 642 2244 699 \‘ll.
2316 643 2574 700 Enochus
2608 686 2621 700 .
2702 686 2716 701 .
2798 684 2812 697 .
2887 642 3647 705 Evendorachussarisxvm.

2131 736 2269 791 Vill.
2317 737 2624 792 Mathusala
2701 775 2717 793 .
2795 778 2808 791 .
2886 737 3277 809 Amempsinus
3309 738 3452 794 saris
3483 754 3538 793 x.

2130 827 2221 883 1X.
2307 826 2614 884 Lamechus
2691 868 2706 884 .
2788 867 2802 882 .
2880 827 3121 884 Otiartes
3151 828 3293 886 saris
3319 846 3438 887 rm.

2133 918 2200 975 Χ.
2305 921 2585 976 Noacltus.
2690 959 2706 974 .
2792 960 2806 972 .
2890 919 3194 977 Xisuthrus
3221 922 3363 976 saris
3385 935 3541 977 xvm.

2136 1008 2456 1065 Universam
2518 1011 2705 1066 decem
2774 1010 2970 1065 horum
3017 1027 3201 1082 regunt
3255 1018 3467 1067 aetatem
3508 1011 3651 1068 saris
3695 1061 3698 1065 .

2062 1110 2281 1156 centum
2313 1103 2501 1173 viginti
2525 1102 2813 1169 deﬁniunt,
2842 1117 2962 1171 qua:
2984 1110 3111 1156 sunt
3146 1117 3412 1156 annorum
3446 1103 3651 1173 myria—

2064 1192 2162 1249 des
2210 1201 2323 1249 tres
2358 1210 2527 1263 supra
2571 1194 2935 1265 quadraginta
2971 1206 3347 1264 prmtcreaque
3382 1194 3465 1251 bis
3499 1194 3652 1250 mille

2064 1287 2213 1340 anui.
2265 1285 2390 1341 Haec
2444 1287 2872 1357 historiographi
2913 1286 3315 1342 Chald'eorum.
3367 1287 3478 1343 Nos
3519 1301 3653 1342 vero

2065 1376 2289 1433 incertis
2318 1379 2404 1432 his
2436 1377 2840 1447 prmtermissis.
2865 1376 3246 1447 aggrediamur
3268 1376 3337 1432 ad
3358 1376 3651 1432 dicendum
3696 1432 3701 1437 ,

2066 1482 2187 1537 qua:
2219 1468 2392 1523 divini
2425 1469 2550 1523 libri
2582 1469 2686 1524 hoc
2717 1477 2876 1539 pacto
2906 1466 3151 1522 tradunt.

2677 1604 2906 1661 CAPUT
2938 1605 3030 1661 IV.

2426 1696 2431 1703 ί
2490 1715 2738 1771 Gentium
2771 1716 3055 1772 divisiones
3081 1716 3220 1790 (ΕΠ).

2140 1830 2194 1885 1.
2227 1828 2390 1887 Semo
2417 1833 2682 1902 progeniti
2704 1842 2832 1887 sunt
2855 1833 3096 1904 quinque
3126 1831 3283 1887 liberi
3322 1850 3335 1887 :
3364 1829 3588 1887 Elamus
3616 1845 3652 1887 a

2068 1939 2177 1993 quo
2201 1923 2477 1991 Elamitaa;
2505 1924 2738 1991 Asurus,
2771 1941 2800 1978 a
2818 1941 2925 1996 quo
2945 1926 3154 1996 Assyrii
3180 1942 3193 1991 ;
3219 1923 3595 1996 Arphaxades,
3619 1940 3652 1980 a

2066 2034 2176 2089 quo
2194 2017 2429 2073 Chaldaei
2452 2018 2693 2088 ;Ludus,
2719 2035 2749 2072 a
2773 2034 2881 2089 quo
2900 2018 3031 2091 Lydi
3067 2019 3178 2092 (2b)
3206 2037 3221 2085 ;
3251 2018 3487 2089 denique
3516 2020 3655 2072 Ara-

2067 2128 2211 2174 mus,
2238 2128 2268 2165 a
2303 2127 2411 2182 quo
2448 2113 2678 2168 Aramaei
2704 2113 2795 2183 qui
2823 2113 2985 2167 etiam
3013 2109 3135 2183 Syri
3166 2112 3497 2165 vocitantur.
3517 2112 3655 2164 Ara—

2067 2205 2142 2258 mi
2174 2204 2328 2257 liberi
2364 2186 2491 2259 sunt
2513 2223 2526 2258 :
2551 2203 2689 2266 lius,
2715 2220 2744 2257 a
2777 2220 2886 2273 quo
2909 2202 3075 2273 Lagi;
3103 2202 3261 2266 Enul,
3290 2218 3320 2255 a
3355 2217 3463 2272 quo
3505 2200 3656 2254 Enu-

2066 2297 2165 2364 lii;
2198 2296 2399 2361 Gadcr,
2439 2313 2468 2350 a
2509 2312 2619 2367 quo
2655 2295 2967 2367 Caspheni;
2999 2294 3312 2359 Mosochus,
3340 2303 3369 2348 'a
3400 2308 3510 2364 quo
3543 2291 3657 2347 Mo-

2066 2390 2205 2447 scni.
2244 2388 2361 2443 Filii
2388 2390 2732 2453 Arphaxadis
2766 2388 2953 2453 :Sala,
2989 2390 3150 2458 cujus
3207 2389 3350 2442 filius
3385 2383 3655 2453 Hebérus,

2066 2495 2097 2534 a
2122 2495 2232 2550 quo
2262 2479 2475 2535 Hebraei
2514 2480 2649 2553 (29).
2686 2478 2809 2534 Filii
2859 2479 3057 2536 llelteri
3091 2498 3104 2535 :
3148 2478 3442 2541 Phalecus,
3475 2492 3505 2531 a
3544 2491 3658 2548 quo

2065 2572 2235 2642 stirps
2285 2572 2584 2626 Abrabami
2658 2574 3041 2641 componitur;
3104 2570 3401 2649 Jcctanns,
3456 2586 3486 2624 a
3544 2583 3657 2640 quo

2064 2673 2323 2719 creantur
2349 2665 2506 2719 liberi
2539 2665 2844 2719 tredecim:
2892 2679 3128 2734 quorum
3188 2673 3322 2718 natu
3382 2663 3659 2716 maximus

2065 2754 2420 2820 Elmodadus,
2459 2771 2489 2809 a
2528 2770 2637 2826 quo
2671 2753 2789 2808 Indi
2817 2773 2832 2821 ;
2865 2763 2978 2810 tum
3035 2755 3288 2817 Salecus,
3323 2768 3352 2805 a
3392 2767 3502 2823 quo
3550 2750 3657 2805 Ba-

2064 2848 2259 2901 ctriani
2285 2864 2299 2913 ;
2326 2846 2709 2911 Asarmotbus,
2728 2862 2754 2897 a
2774 2860 2883 2916 quo
2911 2844 3156 2911 Arabes;
3183 2844 3472 2906 Jarechus,
3492 2856 3657 2914 aquo

2062 2934 2329 2993 Jarachtei
2351 2955 2366 3003 ;
2387 2935 2750 3000 Zodoramus,
2794 2922 2825 2988 a
2866 2949 2975 3005 quo
3004 2934 3240 2990 Carmeli
3268 2952 3282 3001 ;
3315 2932 3463 2995 Ezel,
3486 2947 3515 2986 a
3543 2947 3654 3002 quo

2062 3028 2295 3095 Ariani;
2331 3027 2516 3092 Deela,
2547 3041 2578 3081 a
2605 3042 2717 3097 quo
2745 3024 3036 3091 Ge‘drusii;
3071 3023 3261 3089 Gehal,
3288 3038 3318 3076 a
3361 3038 3475 3094 quo
3522 3021 3658 3094 Scy-

2063 3119 2201 3185 tha};
2235 3120 2505 3185 Abimeel,
2537 3133 2568 3173 a
2595 3134 2705 3190 quo
2736 3117 3011 3189 llyrcani;
3045 3115 3210 3180 Saba,
3239 3129 3269 3168 a
3308 3129 3418 3185 quo
3446 3113 3659 3169 Arabes

2067 3212 2229 3281 primi
2280 3212 2432 3283 (50);
2478 3209 2674 3281 Uphir,
2704 3224 2733 3263 a
2780 3225 2890 3280 quo
2933 3206 3176 3274 Aramii;
3211 3206 3418 3269 Zevila,
3465 3220 3496 3259 a
3546 3219 3659 3274 quo

2068 3302 2582 3375 GymnOSOphistm;
2617 3301 2846 3364 Joabus,
2898 3316 2929 3354 a
2979 3315 3088 3371 quo
3124 3298 3334 3353 Aradii.
3368 3296 3433 3351 Hi
3466 3311 3659 3351 omnes

2066 3394 2296 3452 Jectano
2325 3397 2491 3466 geniti
2527 3404 2653 3450 sunt
2680 3395 2847 3449 fratre
2868 3391 3091 3447 Phaleci
3125 3411 3137 3446 :
3171 3405 3476 3460 eorumque
3500 3390 3654 3443 inco-

2068 3487 2211 3542 latus
2225 3502 2253 3540 a
2271 3486 2454 3541 Masiis
2473 3485 2586 3556 (51)
2614 3501 2784 3556 usque
2803 3485 2933 3540 dum
2953 3485 3138 3540 venias
3156 3483 3223 3537 ad
3251 3482 3515 3553 Spheram
3542 3480 3658 3555 ('52)

2068 3587 2309 3633 montem
2338 3580 2657 3635 orientalem
2682 3618 2696 3638 ,
2730 3579 2985 3648 pertinet.
3022 3574 3089 3629 Et
3117 3576 3336 3645 quidem
3363 3575 3492 3628 alibi
3517 3574 3660 3628 dici-

2069 3678 2158 3725 tur
2188 3670 2299 3742 (55)
2347 3671 2604 3725 universa
2652 3668 2799 3724 Semi
2836 3669 3055 3723 soboles
3102 3674 3339 3721 tractum
3376 3682 3593 3720 omnem
3625 3680 3659 3720 a

2067 3762 2372 3818 Bactrianae
2406 3762 2608 3819 finibus
2640 3762 2878 3817 incolere
2914 3760 3288 3815 Rhinocuram
3315 3759 3427 3831 (54)
3457 3773 3655 3829 usque,

2067 3870 2179 3925 quo
2211 3855 2333 3910 loco
2388 3852 2547 3926 Syria
2592 3854 2662 3908 ab
2699 3852 2940 3925 :Egypto
2970 3854 3300 3915 secernitur,
3338 3851 3578 3920 itemque
3623 3862 3656 3904 a

2064 3945 2260 4001 Rubro
2293 3949 2463 4016 mari;
2488 3957 2540 4003 et
2563 3947 2632 4001 ab
2650 3961 2752 4002 ora
2783 3946 2957 4000 maris
2980 3944 3126 4015 quod
3149 3954 3234 3999 est
3263 3943 3331 3997 ad
3361 3943 3655 3998 Arsinoem

2067 4045 2336 4101 Indicam.

2151 4140 2208 4194 2.
2241 4134 2435 4193 Chami
2463 4134 2618 4189 liberi
2647 4132 2889 4203 quinque
2917 4150 2930 4185 :
2958 4144 3191 4201 quorum
3218 4136 3350 4183 natu
3382 4126 3659 4181 maximus

2067 4232 2311 4293 Chusus,
2342 4245 2372 4283 a
2426 4241 2535 4296 quo
2587 4225 2777 4280 Cltusii
2820 4242 2834 4279 :
2893 4231 3008 4276 tum
3059 4220 3429 4282 Mestraimus,
3476 4232 3506 4271 a
3545 4231 3656 4287 quo

2064 4323 2339 4396 )Egyptii;
2385 4320 2634 4382 Puudus,
2677 4332 2708 4371 a
2753 4332 2863 4387 quo
2892 4314 3269 4385 Trt‘glodytw;
3309 4312 3657 4373 Chanaanes,

2067 4432 2099 4470 a
2130 4431 2242 4487 quo
2260 4414 2376 4468 Afri
2400 4422 2564 4483 atque
2590 4410 2904 4465 Pbmniees.
2931 4406 3102 4462 Chusi
3130 4404 3287 4459 liberi
3305 4411 3465 4457 sunt:
3487 4400 3655 4464 Saba,

2066 4509 2163 4573 lla,
2211 4507 2445 4571 'Sabaat,
2492 4505 2721 4576 ltegma,
2769 4500 3101 4556 Sabacatha.
3151 4496 3368 4551 Rursus
3422 4493 3647 4563 Regmze

378 4582 651 4652 cujusque
691 4582 978 4654 Ρτοίθΐυηι
1021 4603 1036 4639 ³
1076 4600 1271 4656 nempe
1299 4587 1383 4642 Sic
1420 4604 1434 4641 ³
1475 4606 1495 4641 ί
1526 4586 1568 4644 Ῑο
1598 4588 1798 4646 MONS
1824 4591 1966 4647 satis
1997 4591 2041 4646 D
2071 4601 2251 4664 liberi,
2290 4598 2434 4654 Saba
2478 4605 2533 4652 et
2568 4594 2903 4652 Judadanes.
2951 4591 3123 4645 Aiunt
3156 4595 3421 4659 praeterea
3454 4585 3655 4640 divina:

380 4676 567 4731 decem
606 4675 742 4749 (26).
776 4695 798 4729 ι
833 4677 995 4747 (Saro
1033 4684 1214 4734 autem
1259 4686 1343 4735 ter
1380 4680 1531 4737 mille
1575 4696 1639 4736 ac
1672 4692 1961 4739 sexcentos

380 4781 557 4823 annos
605 4777 894 4825 contentos
945 4769 1121 4825 aiunt.
1170 4768 1343 4827 Neres
1392 4773 1554 4828 etiam
1601 4775 1867 4844 quosdam
1907 4780 1964 4830 et

380 4871 541 4915 sosos
570 4857 876 4935 adjungunt
907 4875 923 4912 :
953 4874 1148 4914 uerum
1186 4861 1316 4915 anni
1349 4863 1597 4917 sexcenti
1635 4862 1960 4929 coniiciunt,

304 4973 308 4976 ⁴
380 4962 571 5005 sosum
596 4948 926 5021 sexaginta.)
1670 4956 1673 4959 ’

448 5038 515 5096 ll.
644 5039 845 5097 Setbus
919 5083 934 5097 .
1013 5082 1031 5099 .
1107 5082 1122 5097 .
1198 5043 1466 5116 Alaparus
1493 5046 1634 5102 saris
1661 5062 1746 5102 tn.

450 5130 540 5187 111.
644 5132 862 5190 Enosus
926 5176 941 5191 .
1020 5177 1034 5189 .
1108 5179 1122 5193 .
1201 5137 1449 5193 Almelon
1477 5140 1622 5196 saris
1650 5155 1771 5197 xm.

383 5262 388 5267 ρ
449 5223 539 5280 1V.
635 5226 935 5285 Cainanus.
1018 5268 1032 5282 .
1101 5268 1117 5286 .
1200 5230 1503 5285 Ammenon
1530 5232 1674 5288 saris
1704 5247 1805 5287 xu.

452 5318 519 5375 ν.
638 5320 871 5378 Malaliel
914 5361 932 5378 .
1008 5361 1022 5375 .
1105 5363 1120 5378 .
1189 5322 1545 5395 Amegalarus
1567 5325 1708 5381 saris
1736 5327 1941 5383 xvm."

454 5474 567 5548 (26)
605 5475 805 5548 Confer
840 5476 1042 5535 Euseb.
1066 5477 1267 5534 Clu-on.
1302 5477 1346 5539 l,
1376 5495 1415 5546 ι,
1445 5480 1502 5534 2.

454 5546 567 5614 (27)
616 5546 730 5603 Hac
755 5564 921 5614 super
952 5566 1009 5604 re
1058 5550 1380 5604 consulendi
1422 5557 1551 5605 sunt
1583 5549 1857 5607 Eusebius
1894 5551 1952 5607 in

382 5616 608 5691 exordio
638 5616 1127 5691 libri,_Syncelltts,
1164 5636 1215 5689 p.
1251 5620 1441 5687 45-51,
1482 5622 1719 5691 itemque
1750 5622 1956 5678 Cedre-

384 5702 511 5750 nus,
539 5688 628 5743 fol.
653 5689 839 5757 12-14,
859 5688 1199 5760 quibuscum
1227 5707 1339 5750 non
1365 5693 1485 5749 sine
1518 5688 1698 5749 l‘ructu
1731 5691 1956 5749 Samuel

383 5760 811 5828 comparabitur.
1140 5802 1143 5803 ν

456 5830 570 5899 (28)
592 5832 677 5883 Ai.
701 5830 848 5893 cod.,
880 5829 1034 5886 Lazi.

456 5897 570 5971 (ss)
592 5900 676 5956 At.
709 5902 856 5970 cod.,
892 5900 1105 5981 ἔφη.

2068 4687 2284 4749 litterte,
2314 4701 2345 4739 a
2385 4684 2574 4739 Chuso
2604 4682 2848 4753 genitum
2899 4692 3024 4732 esse
3064 4674 3387 4737 Nebrotum,
3419 4669 3513 4740 qui
3542 4669 3656 4740 pri-

2069 4793 2195 4833 mus
2226 4777 2281 4831 in
2312 4776 2445 4831 orbe
2483 4775 2636 4845 gigas
2670 4771 2857 4837 fuerit,
2885 4779 3049 4839 atque
3092 4767 3237 4821 hunc
3259 4766 3528 4835 gigantem
3560 4777 3656 4817 eo-

2069 4881 2187 4920 ram
2221 4865 2455 4920 Domino
2479 4864 2592 4919 Deo
2620 4860 2901 4918 venationi
2941 4873 3164 4930 operam
3198 4855 3420 4912 dedisse
3452 4872 3466 4908 :
3493 4867 3655 4909 eum-

2073 4957 2309 5029 demque
2349 4957 2697 5027 auspicatum
2732 4967 2858 5008 esse
2898 4965 3127 5022 regnum
3172 4963 3202 5002 a
3252 4946 3549 5018 Babylone,
3584 4942 3655 5001 ab

2072 5049 2275 5113 Oredo,
2311 5050 2382 5105 ab
2405 5045 2648 5110 Achade,
2690 5060 2724 5100 λ
2760 5044 3005 5100 Cltalane
3040 5042 3094 5096 in
3135 5039 3360 5111 regione
3401 5035 3653 5093 Senaiar.

2069 5141 2317 5198 Indidem
2352 5151 2602 5197 exortum
2626 5152 2751 5194 esse
2778 5137 3042 5200 Asurum,
3075 5148 3107 5187 a
3135 5147 3244 5202 quo
3276 5129 3471 5187 Ninive
3493 5129 3654 5183 item-

2071 5249 2179 5305 que
2199 5233 2427 5290 Roboda
2462 5233 2596 5287 urbs
2620 5230 2964 5285 eondebatur
2986 5243 3111 5283 cum
3141 5224 3386 5281 Chalane
3410 5242 3424 5276 :
3456 5229 3573 5277 tum
3598 5226 3655 5275 et

2074 5327 2434 5391 Rasemanes,
2465 5326 2609 5385 inter
2659 5322 2913 5378 Ninivem
2955 5330 3012 5377 et
3046 5319 3369 5382 Chalanem,
3402 5327 3525 5386 qua
3567 5318 3655 5368 est

2135 5483 2248 5551 (50‘;
2284 5480 2451 5553 Sync.
2483 5477 2790 5553 etCedreu.
2824 5475 3029 5553 Arabes
3066 5472 3266 5553 Indici.

2134 5538 2245 5620 (51)
2285 5538 2452 5605 Biblia
2492 5550 2610 5603 Lat.
2637 5551 2853 5617 vulgata
2886 5546 3024 5602 Gen.
3063 5561 3119 5611 χ,
3154 5544 3244 5608 50,
3263 5541 3326 5597 de
3343 5538 3543 5596 Massa.

2137 5623 2246 5695 (52)
2278 5622 2698 5695 Bibliayulgata
2734 5622 2957 5695 Sephaf.

2143 5686 2256 5760 (⁸55)
2296 5693 2428 5747 Vide
2460 5686 2776 5760 Syncellunt
2801 5686 2855 5742 et
2881 5686 3216 5760 Cedrenum.

2139 5748 2586 5837 {3ij-liltinoctira
2637 5774 2837 5837 nomen
2882 5758 3036 5813 urbis
3071 5758 3313 5827 itemque
3359 5748 3650 5811 torrentis.

2067 5828 2343 5892 Interdum
2373 5833 2637 5890 scribitur
2660 5828 3034 5886 Rhinicorura.
