4142 6400
487 395 595 451 615

491 609 596 665 ter,
632 599 841 655 creavit
887 597 1204 662 Ludimum,
1230 614 1260 654 a
1293 614 1403 670 quo
1431 597 1608 671 Lydi;
1659 598 2004 665 Seneimum,
2045 617 2075 655 a

489 707 601 765 quo
629 690 972 762 Pamphylii;
1018 689 1300 756 Salbium,
1331 707 1362 746 a
1416 709 1525 763 quo
1568 693 1762 760 Libes;
1797 690 2083 764 Nepthali-

492 801 641 841 mum
671 792 724 840 et
757 783 1268 848 Patrosonimum,a
1297 800 1407 855 quo
1438 783 1664 854 Cretes;
1697 785 2078 848 Caslinimum,

493 894 524 933 a
557 892 666 949 quo
694 876 866 948 Lycii,
889 875 1035 932 unde
1063 882 1117 931 et
1153 891 1328 945 genus
1364 875 1807 945 Philistaeorum;
1835 877 2078 948 Captho-

495 972 716 1034 rimum,
751 985 780 1024 a
805 984 914 1040 quo
959 968 1112 1023 Daci.
1149 968 1324 1024 Porro
1353 968 1681 1026 Chanaanes
1706 971 1946 1040 primum
1979 984 2080 1023 na-

496 1076 678 1120 torum
721 1062 966 1131 suscepit
1009 1059 1292 1126 Sidonem,
1333 1079 1490 1134 aquo
1525 1061 1760 1126 Sidonii,
1793 1069 1846 1115 et
1875 1061 2079 1125 Chetae,

494 1164 550 1210 et
581 1154 838 1217 Jcbusari,
872 1163 925 1208 et
953 1153 1280 1216 Amorrhaei,
1317 1162 1370 1207 et
1401 1154 1694 1223 Gergesaei,
1727 1159 1783 1207 et
1812 1151 2009 1216 chaei,
2030 1159 2085 1206 et

494 1247 761 1309 Arvacaei,
789 1246 934 1301 unde
961 1244 1243 1317 Tripolitae
1272 1261 1492 1317 quoque
1521 1253 1574 1301 et
1603 1245 1862 1312 Aminaei;
1887 1244 2084 1300 deinde

495 1337 784 1402 Aradium,
816 1351 845 1389 a
878 1352 988 1405 quo
1022 1337 1252 1403 Aradii;
1289 1336 1628 1400 Samrinum,
1665 1350 1694 1388 a
1741 1351 1850 1406 quo
1881 1334 2084 1390 Ortho-

497 1431 564 1485 sii
585 1447 598 1495 ;
623 1430 938 1492 Amatltum,
975 1445 1006 1482 a
1040 1446 1148 1500 quo
1165 1429 1500 1484 Amathusii.
1527 1423 1666 1482 Hinc
1698 1428 2085 1498 proseminatae

497 1530 626 1578 sunt
669 1522 1106 1578 Chananaeorum
1142 1531 1334 1592 gentes
1365 1521 1592 1576 omnino
1619 1535 1772 1576 xxxtt
1804 1539 1816 1574 :
1849 1536 2084 1590 quarunt

497 1615 635 1670 fines
665 1615 884 1670 fuerunt
913 1631 941 1668 a
971 1613 1176 1670 Sidone
1209 1630 1384 1686 usque
1409 1614 1538 1668 dum
1563 1612 1828 1668 Gcraram
1872 1615 2080 1676 venias,

496 1716 550 1763 et
579 1723 609 1762 a
643 1707 787 1763 Gaza
823 1723 997 1778 usque
1026 1707 1156 1761 dum
1207 1705 1502 1760 Sodomam
1533 1713 1588 1760 et
1631 1703 1996 1759 Gomorrham
2031 1713 2086 1759 et

497 1801 758 1857 Adentam
783 1809 836 1856 et
856 1799 1171 1855 Seboimum
1204 1808 1258 1854 et
1289 1799 1487 1854 Lasam
1515 1799 1725 1854 venias.
1759 1797 1881 1851 Alio
1903 1806 2084 1852 tamen

1512 393 1851 450 APPENDIX
1888 394 1978 449 AD
2017 391 2289 449 EUSEBII
2329 391 2749 450 CHRONICON.

489 509 625 564 urbs
652 505 910 562 maxima.
931 503 1052 560 Jam
1076 515 1132 562 et
1161 505 1531 574 Mestraimus,
1558 507 1944 580 Egyptiorum
1979 524 2078 580 pa-
2110 513 2160 571 Α

3662 396 3763 452 616

2820 505 3052 563 CAPUT
3073 506 3138 563 V.

2753 595 2897 653 Sami
2925 599 3194 668 prosapia.

2255 688 2307 742 1.
2343 686 2537 758 Agesis
2560 703 2690 758 ergo
2723 688 2850 743 inde
2885 689 3104 743 initium
3127 688 3340 760 capiam
3383 690 3479 746 ubi
3515 691 3762 751 ordinem

2181 781 2626 850 procreationum
2685 781 2914 852 abrupi,
2960 797 3190 852 quaeque
3269 782 3573 853 interjectae
3636 802 3763 844 sunt

2183 871 2532 926 narrationes
2589 870 2858 925 omittam.
2920 869 2997 926 Ibi
3064 872 3277 928 scilicet
3334 874 3540 929 dictum
3598 883 3764 938 est,a

2182 961 2365 1016 Thara
2393 977 2568 1017 annos
2600 971 2730 1017 nato
2760 978 2865 1017 Lxx
2899 965 3113 1035 genitos
3144 965 3322 1021 fuisse
3369 966 3764 1032 Abrahamum,

2185 1063 2238 1109 et
2263 1054 2577 1110 Nachorum
2611 1063 2666 1110 et
2703 1054 2958 1110 Aranem.
2985 1055 3161 1110 Porro
3181 1058 3416 1122 Aranes,
3443 1060 3627 1130 genito
3657 1058 3765 1115 Lo-

2184 1147 2300 1209 tho,
2353 1146 2563 1217 parenti
2615 1162 2716 1202 suo
2763 1146 2956 1202 Tharae
2989 1159 3352 1218 praemortuus
3380 1160 3465 1207 est
3515 1152 3570 1206 in
3600 1152 3764 1206 natali

2183 1245 2331 1292 terra
2391 1237 2668 1292 Chaldaea.
2719 1237 3104 1306 Adjunxerunt
3168 1249 3354 1295 autent
3416 1242 3520 1296 sibi
3567 1259 3765 1299 uxores

2188 1331 2533 1387 Abrahamus
2564 1341 2620 1386 et
2647 1330 2973 1399 Nachorus;
3011 1332 3202 1388 Saram
3237 1334 3609 1401 Abrahamus,
3635 1337 3765 1392 Mcl-

2186 1423 2344 1476 cham
2376 1423 2553 1477 Arane
2575 1431 2756 1477 natam
2784 1422 3087 1480 Nacltorus.
3127 1426 3395 1480 Caeterum
3437 1428 3573 1482 Sara
3604 1429 3765 1485 steri-

2187 1515 2256 1570 lis
2286 1515 2490 1569 nullam
2519 1530 2586 1568 ex
2621 1531 2680 1570 se
2711 1516 2922 1585 prolem
2962 1517 3179 1571 edebat.
3223 1517 3361 1572 Exin
3399 1517 3611 1575 Tharas
3639 1537 3761 1574 cum

2185 1608 2373 1663 liberis
2395 1607 2706 1662 Chaldaeam
2743 1608 3010 1664 deserens
3045 1618 3105 1665 ut
3141 1611 3195 1664 in
3246 1611 3614 1668 Chananaeam
3662 1615 3764 1670 nti-

2182 1708 2390 1769 graret,
2443 1699 2691 1753 Charras
2746 1715 2923 1769 usque
2984 1703 3278 1771 processit,
3338 1703 3524 1774 ibique
3579 1705 3762 1760 sedem

2189 1793 2334 1860 fixit;
2369 1807 2604 1862 cumque
2645 1793 2819 1846 aetatis
2850 1808 3054 1847 annum
3079 1794 3516 1851 ducentesimum
3556 1805 3761 1867 ageret,

499 1894 620 1949 loco
652 1893 914 1947 dicuntur
947 1888 1056 1961 (55)
1091 1891 1172 1945 hae
1206 1899 1398 1961 gentes
1434 1904 1465 1943 a
1511 1887 1884 1943 Rhinicorura
1911 1903 2084 1958 usque

2188 1883 2408 1955 fjharris
2431 1893 2639 1939 naturae
2668 1885 2960 1941 concessit.

497 1985 740 2038 Gadiron
768 1984 1041 2039 australes
1073 1983 1329 2054 regiones
1355 1983 1683 2038 incoluisse.

569 2120 624 2175 '5.
665 2118 880 2174 Rursus
905 2135 970 2174 ex
997 2119 1186 2176 eodem
1211 2117 1489 2174 Geneseos
1518 2119 1680 2181 libro,
1701 2117 1919 2175 Jabelhi
1950 2118 2086 2174 libe-

497 2209 546 2263 ri
579 2229 592 2264 :
630 2208 917 2272 Gamerns,
954 2225 983 2262 a
1007 2224 1116 2278 quo
1137 2208 1344 2262 Camiri
1385 2209 1540 2281 (56);
1576 2209 1862 2280 Magogus,
1905 2224 1934 2263 a
1974 2225 2086 2280 quo

498 2303 665 2356 Celtae
693 2309 746 2354 et
774 2299 1009 2367 Galatae;
1039 2299 1196 2353 Iliada
1221 2315 1249 2354 a
1283 2316 1393 2370 quo
1419 2300 1597 2368 Medi;
1629 2299 1893 2366 Javanus,
1920 2317 1949 2354 a
1977 2313 2087 2370 quo

501 2387 754 2444 lIellenes
812 2389 927 2460 (37)
976 2398 1029 2443 et
1068 2387 1264 2456 Iones;
1299 2389 1446 2444 Elisa
1477 2397 1531 2445 ct
1561 2390 1864 2456 Thobelus,
1906 2399 1946 2444 a‘
1975 2406 2086 2460 quo

499 2481 782 2551 Thessali;
835 2471 1152 2547 Mosocltus,
1179 2497 1210 2537 a
1249 2498 1360 2554 quo
1390 2482 1597 2556 Illyrii;
1635 2483 1856 2549 Thiras,
1909 2500 1938 2538 a
1974 2500 2086 2554 quo

498 2574 778 2642 Thraces;
811 2574 1156 2639 Cheteimus,
1192 2591 1222 2630 a
1247 2592 1356 2646 quo
1389 2575 1738 2632 Macedones.
1767 2576 1942 2631 Porro
1975 2577 2084 2630 Gn-

498 2668 637 2723 meri
667 2668 824 2722 liberi
857 2687 869 2722 :
911 2668 1292 2732 Ascltanazus.
1326 2685 1358 2723 a
1397 2685 1509 2739 quo
1543 2668 1841 2737 Sarmata;
1876 2669 2086 2742 Ripha-

498 2758 614 2822 tha,
641 2774 802 2828 aquo
834 2757 1175 2814 Sauromatae
1195 2759 1343 2831 (38);
1369 2758 1720 2830 Thorgomus
1747 2761 1882 2830 (59),
1920 2777 1950 2815 a
1974 2778 2086 2832 quo

501 2836 728 2906 IIaicani
765 2852 900 2923 (40).
945 2850 1172 2907 Javanis
1219 2860 1407 2907 autem
1452 2852 1655 2908 liberi;
1696 2852 1845 2909 Elisa
1881 2852 2016 2924 (11),
2053 2869 2086 2909 a

499 2958 610 3012 quo
633 2941 949 3000 Sicilienses
971 2951 1026 2998 et
1054 2943 1424 3000 Athenienses
1452 2961 1468 3012 ;
1504 2943 1757 3012 'Iharsis,
1790 2961 1820 3000 a
1855 2961 1964 3016 quo
1986 2945 2082 3000 IIi-

500 3033 620 3090 beri
665 3043 719 3088 et
749 3033 1061 3106 Tyrrheni;
1099 3033 1263 3100 Citis,
1305 3050 1337 3088 a
1383 3049 1495 3106 quo
1548 3035 1781 3091 Romani
1814 3045 1870 3092 et
1904 3036 2083 3095 Latini

500 3131 556 3178 et
584 3123 802 3180 Rhodii.
826 3125 907 3180 Ex
943 3125 1028 3182 his
1069 3125 1253 3180 coloni
1290 3125 1512 3182 deducti
1542 3135 1674 3182 sunt
1707 3143 1804 3199 per
1835 3130 2082 3200 gentium

501 3219 713 3276 insulas
737 3221 791 3275 in
809 3236 938 3278 suas
957 3221 1161 3294 quique
1181 3222 1453 3293 regiones,
1478 3224 1664 3295 populi
1680 3225 1905 3280 omnino
1924 3226 2085 3297 quin-
2111 3230 2156 3286 (Ξ

501 3313 680 3368 decim
709 3353 724 3378 ,
755 3313 921 3384 hique
948 3330 979 3368 a
1010 3315 1184 3371 Medis
1215 3316 1284 3372 ad
1319 3315 1638 3387 Hesperiam
1673 3332 1850 3388 usque
1879 3320 2088 3389 pertin-

497 3413 656 3477 gunt,
680 3421 802 3475 qua:
839 3413 988 3476 patet
1032 3407 1102 3462 ad
1145 3406 1426 3463 Oceanum
1459 3418 1514 3464 et
1560 3409 1838 3465 borealem
1871 3411 2084 3482 plagam

498 3505 832 3568 prospectat.
861 3496 1129 3570 Deinceps
1169 3509 1532 3556 recensentur
1573 3501 1761 3571 populi
1800 3517 1877 3566 LI,
1923 3502 2084 3557 item-

499 3607 608 3661 que
635 3607 824 3646 eorum
850 3591 1091 3647 ditiones
1116 3609 1215 3662 per
1245 3594 1622 3663 aquilonarem
1646 3601 1882 3648 tractum
1916 3609 1946 3648 a
1973 3594 2086 3650 Me-

499 3684 587 3738 dis
617 3698 790 3752 usque
812 3682 1074 3739 Gadiron.
1108 3682 1306 3738 Patent
1346 3684 1558 3739 scilicet
1603 3683 1675 3738 ab
1722 3700 1882 3740 amne
1920 3683 2088 3740 Pota-

501 3776 653 3830 mino
682 3775 797 3845 (42)
831 3791 1008 3847 usque
1033 3774 1102 3829 ad
1128 3775 1450 3831 Mastusiam
1485 3775 1632 3846 quod
1663 3787 1748 3832 est
1785 3775 1923 3831 Ilion
1947 3776 2083 3854 (45).

569 3931 625 3985 4.
679 3929 787 3985 Sed
821 3929 967 3985 enim
1003 3945 1105 4000 ego
1135 3939 1326 4002 gentes
1371 3931 1618 4002 smgulas
1660 3931 1826 3986 trium
1877 3929 2080 3986 Noachi

501 4020 736 4075 filiorum
769 4021 1031 4084 distincte
1063 4037 1149 4076 me
1169 4023 1551 4092 expositurum
1597 4023 1779 4092 recepi
1814 4037 1988 4091 usque
2017 4022 2082 4076 ad

499 4111 784 4167 Christum
812 4127 937 4166 eum
985 4113 1225 4170 humana
1257 4122 1453 4168 natura
1493 4116 1874 4184 conjunctum.
1910 4132 2084 4186 quan-

499 4218 665 4274 quam
707 4201 907 4257 divinae
964 4203 1158 4258 litterae
1193 4203 1468 4259 Semiticae
1501 4214 1710 4259 tantum
1749 4203 1968 4261 familiae
1997 4223 2084 4261 se-

502 4295 638 4348 riem
671 4294 881 4364 scripto
904 4296 1220 4361 eontittent;
1251 4295 1320 4349 de
1349 4295 1556 4348 Cltamo
1587 4301 1768 4350 autem
1802 4306 1966 4367 atque
1992 4294 2085 4350 Ja-

501 4382 687 4448 betho,
711 4391 908 4452 praeter
928 4383 1076 4438 dicta
1101 4400 1130 4438 a
1157 4400 1244 4438 nte
1277 4385 1554 4456 superius,
1583 4386 1722 4440 nihil
1759 4395 2080 4442 memorant.

501 4472 644 4545 Ergo
675 4473 820 4528 Scmi
851 4475 1079 4546 stirpem
1116 4491 1144 4528 a
1170 4477 1352 4546 primo
1407 4475 1702 4532 Abrahami
1752 4492 1896 4532 anno
1936 4493 2084 4532 nunc

499 4567 757 4621 exordiar
795 4585 808 4621 :
839 4567 1110 4623 hactenus
1141 4568 1288 4622 enim
1326 4569 1382 4622 in
1435 4568 1816 4639 superioribus
1863 4569 2082 4640 scripsi,
2120 4600 2161 4653 ο

500 4653 655 4711 brevi
689 4657 817 4711 licet
846 4658 1010 4728 stylo,
1039 4658 1230 4713 multis
1255 4659 1642 4728 praetermissis
1667 4679 1680 4713 :
1707 4673 1814 4730 quo
1837 4659 2087 4714 scriben-

498 4745 556 4801 di
585 4763 786 4818 genere
820 4749 874 4802 in
899 4751 1260 4818 sequentibus
1290 4752 1454 4804 etiam
1482 4759 1627 4816 utar,
1649 4766 1772 4821 quae
1806 4751 1874 4806 de
1905 4751 2088 4806 since-

501 4839 582 4894 ris
609 4848 724 4893 tunt
755 4841 963 4896 exteris
995 4848 1109 4894 tum
1142 4842 1348 4898 nostris
1369 4842 1653 4898 historicis
1679 4850 1844 4913 prout
1865 4857 2082 4913 aequum

501 4928 802 4993 videbitur,
836 4932 1196 4987 coacervatio.

571 5115 684 5201 I33)
723 5127 855 5201 Vide
886 5128 1199 5201 Syncellum
1229 5138 1283 5186 et
1311 5129 1642 5186 Cedrenum.

573 5197 689 5325 (illi)
731 5197 942 5270 Nempe
975 5199 1335 5272 Cappadoces.
1381 5201 1519 5258 Vide
1566 5201 1764 5258 Euseb.
1803 5217 1929 5274 pag.
1977 5200 2074 5266 45,

575 5339 688 5412 (57)
739 5337 1166 5412 Nempeicrreci.
1215 5341 1284 5396 Et
1325 5341 1544 5412 quidem
1574 5341 1820 5398 Armenii
1861 5339 2080 5398 Graecos

502 5411 911 5481 vulgo'quidem
945 5411 1110 5468 Ionas
1143 5411 1368 5479 dicunt;
1395 5429 1518 5468 cum
1549 5423 1730 5469 autent
1757 5413 1948 5466 volunt
1973 5414 2083 5469 ele—

502 5483 734 5555 goruius
755 5483 926 5555 loqui,
965 5482 1247 5555 Hellenos:
1269 5499 1564 5555 nunquam
1592 5500 1723 5540 vero
1746 5482 1976 5539 ercos.

575 5551 686 5616 (58)
713 5552 797 5606 Al.
825 5551 973 5618 cod.,
999 5553 1357 5610 Sorontacltw.

573 5620 699 5696 (59)
722 5620 871 5696 IIaici
903 5631 1056 5696 pater
1074 5624 1439 5696 Tltorgomus,
1458 5639 1617 5695 quem
1643 5623 1893 5682 nominat
1913 5624 2078 5680 etiam

506 5687 756 5762 Ezechiel
790 5687 963 5758 xxvii,
998 5693 1083 5756 14,
1106 5706 1160 5749 et
1195 5687 1435 5762 xixvttt,
1457 5687 1512 5752 li.

575 5759 688 5830 (40)
715 5758 888 5830 Vulgo
906 5764 1162 5818 Armenii.

579 5829 662 5900 (at
674 5830 806 5899 )-Al.
828 5829 1194 5904 cod.,_b'tiaa.

2254 1974 2310 2030 2.
2348 1975 2506 2028 Anno
2549 1978 2725 2033 aetatis
2756 1979 3162 2049 septuagesimo
3191 1979 3386 2050 quinto
3415 1980 3764 2036 Abrahamus

2185 2065 2280 2122 Dei
2303 2069 2636 2124 revelatione
2657 2070 2856 2142 dignus
2877 2071 3098 2126 habitus
3122 2080 3240 2135 est,
3266 2083 3319 2128 et
3348 2074 3525 2128 solum
3552 2084 3767 2130 vertere

2182 2159 2397 2228 jussus.
2431 2159 2614 2226 Quare
2635 2161 2862 2216 Charris
2885 2162 3091 2216 relictis
3117 2160 3482 2219 Chananaeam
3512 2166 3762 2220 incoluit.

2187 2250 2324 2306 Tum
2353 2269 2527 2308 annos
2555 2269 2649 2308 sex
2694 2269 2860 2323 supra
2900 2255 3178 2324 octoginta
3218 2255 3332 2325 jam
3381 2265 3546 2313 natus
3592 2259 3764 2313 filium

2186 2358 2249 2397 ex
2284 2343 2460 2414 Agare
2492 2342 2642 2399 Sarae
2671 2345 2869 2398 ancilla
2901 2345 3173 2414 suscepit,
3207 2346 3296 2400 cui
3337 2363 3537 2404 nomen
3568 2350 3768 2406 indidit

2186 2434 2435 2504 Ismaeli,
2466 2439 2611 2494 unde
2641 2436 3037 2494 Ismaelitarum
3068 2439 3220 2492 natio
3241 2448 3324 2496 est
3349 2458 3364 2509 ;
3388 2441 3763 2513 Agarenorum

2188 2530 2471 2597 videlicet,
2505 2531 2794 2600 quietiam
2828 2529 3090 2585 Saraceni
3141 2538 3195 2585 ct
3244 2529 3455 2602 Tagikii
3509 2536 3622 2606 (44)
3670 2551 3768 2590 vo—

2185 2630 2405 2676 cantur.
2435 2620 2663 2693 Insuper
2691 2638 2836 2677 anno
2865 2631 2992 2678 ante
3036 2623 3398 2678 centesimum
3447 2624 3590 2682 Deus
3638 2643 3763 2681 cum

2189 2715 2284 2769 illo
2309 2710 2489 2770 foedus
2518 2715 2620 2768 init
2648 2714 3122 2781 circumcisionis,
3152 2715 3383 2787 ideoque
3409 2717 3527 2788 ipse
3551 2721 3767 2774 cuncti-

2189 2823 2296 2878 que
2339 2807 2535 2863 domus
2579 2807 2702 2877 ejus
2750 2823 2930 2865 mares
2981 2809 3406 2866 circumcisione
3451 2811 3528 2865 uti
3580 2827 3763 2882 cmpe-

2187 2908 2355 2954 runt:
2389 2907 2502 2953 tum
2533 2900 2695 2954 etiam
2725 2897 3069 2954 Abrahamus
3099 2915 3199 2972 pro
3226 2900 3498 2967 Ahramo,
3528 2901 3767 2974 itemque

2191 2989 2356 3047 Sarra
2403 3007 2504 3063 pro
2555 2991 2692 3046 Sara
2743 2991 2875 3046 dicti
2914 2999 3063 3050 sunt.
3114 2991 3304 3063 quue
3343 3007 3490 3047 anno
3521 2993 3764 3048 nondum

2187 3085 2377 3155 elapso
2407 3083 2674 3140 Dominus
2707 3081 2851 3141 Deus
2885 3100 3012 3140 cum
3040 3085 3254 3156 angelis
3287 3083 3434 3156 apud
3468 3083 3766 3140 Mambrem

2189 3177 2364 3234 eidem
2400 3191 2709 3248 apparens,
2756 3177 2902 3232 ultro
2948 3177 3155 3248 prolem
3201 3178 3408 3248 recepit
3449 3193 3508 3234 se
3537 3177 3589 3233 ei
3630 3194 3768 3234 con-

2193 3285 2502 3328 cessurum.
2532 3267 2717 3326 Primo
2749 3269 2894 3325 inter
2933 3272 3233 3342 prophetas
3272 3271 3591 3327 Abrahamo
3628 3274 3770 3329 divi-

2192 3378 2326 3419 num
2355 3361 2593 3419 Verbum
2628 3362 2868 3416 humana
2901 3363 3082 3434 specie
3113 3363 3507 3434 aspectandum
3539 3380 3600 3420 se
3632 3381 3768 3435 prae-

2193 3455 2332 3510 bens
2373 3454 2720 3510 ethnicorum
2769 3455 3112 3510 vocationem
3155 3456 3557 3526 portendebat,
3603 3473 3767 3527 quam

2194 3561 2289 3617 per
2321 3545 2692 3617 evangelicam
2721 3545 2941 3602 demum
2969 3545 3141 3602 divini
3169 3545 3334 3602 Verbi
3365 3547 3674 3603 doctrinam
3711 3550 3767 3603 in

2194 3641 2353 3697 nobis
2383 3640 2524 3698 Deus
2545 3680 2562 3706 ,
2595 3640 2648 3694 id
2675 3649 2755 3696 est
2798 3641 2854 3696 in
2893 3643 3137 3712 gentium
3185 3642 3547 3699 universitate
3569 3683 3584 3709 ,
3628 3659 3766 3698 con-

2194 3734 2510 3790 summavit.

2263 3824 2454 3883 3.1am
2473 3841 2601 3881 vero
2621 3825 2983 3882 centesimum
3014 3839 3218 3880 annum
3244 3826 3424 3896 agenti
3449 3825 3763 3884 Abrahamo

2195 3933 2228 3973 e
2264 3916 2400 3972 Sara
2431 3919 2663 3986 conjuge
2700 3925 2866 3973 natus
2911 3925 2997 3972 est
3041 3917 3306 3972 lsaacus:
3351 3933 3462 3987 quo
3502 3926 3769 3973 nascente

2195 4006 2346 4063 Sarae
2387 4009 2562 4078 ipsius
2604 4009 2997 4079 nonagesimus
3037 4022 3214 4064 annus
3257 4009 3594 4064 vertebatur.
3642 4007 3767 4063 Ilaec

2192 4109 2375 4156 autem
2403 4116 2527 4154 cum
2553 4098 2699 4155 edito
2723 4099 2912 4155 lsaaco
2939 4099 3101 4156 annis
3127 4108 3330 4170 septem
3354 4106 3408 4153 et
3429 4099 3653 4168 triginta
3677 4114 3769 4154 su-

2192 4195 2491 4265 perfuisset
2517 4233 2532 4259 ,
2571 4194 2681 4248 vita
2714 4194 2956 4249 excessit
3007 4192 3142 4249 Post
3171 4194 3324 4248 Sara:
3349 4192 3562 4246 obitum
3592 4194 3772 4248 Abra-

2193 4289 2388 4343 hamus
2419 4285 2819 4341 Damascenum
2847 4285 3167 4340 Eleazarum
3202 4284 3466 4339 famulum
3498 4285 3555 4339 in
3588 4284 3768 4340 Meso-

2191 4377 2491 4451 potamiam
2520 4379 2760 4451 legavit,
2800 4377 3220 4448 Rebeccamque
3256 4377 3518 4432 Bathuele
3547 4387 3768 4440 natam,

2193 4471 2400 4526 Lahani
2447 4485 2728 4536 sororem,
2769 4468 2958 4525 Isaaco
2987 4469 3102 4524 lilio
3151 4484 3253 4524 suo
3299 4469 3678 4524 collocandatn
3713 4469 3771 4523 in

2192 4565 2544 4619 matrimonio
2588 4563 2822 4618 curavit.
2874 4561 3014 4617 Exin
3063 4563 3183 4634 ipse
3228 4577 3448 4634 quoque
3495 4560 3769 4618 Caeturam

2193 4658 2298 4712 sibi
2330 4671 2552 4711 uxorem
2585 4655 2867 4724 adjunxit,
2899 4653 2968 4708 de
2997 4669 3106 4725 qua
3140 4655 3342 4709 liberos
3373 4669 3471 4709 sex
3501 4653 3766 4723 suscepit.

2192 4750 2370 4820 Atque
2403 4750 2476 4804 ita
2507 4748 2818 4803 Abrahamo
2867 4746 3049 4802 tribus
3095 4761 3127 4802 e
3172 4747 3499 4820 coniugibus
3550 4747 3770 4802 soboles

2191 4841 2385 4895 oborta
2443 4849 2576 4906 est;
2634 4839 2814 4910 primo
2869 4835 3091 4908 quidem
3151 4853 3222 4892 ex
3279 4837 3459 4908 Agare
3510 4837 3769 4910 AEgyptia

2189 4931 2384 4987 Ismael
2404 4969 2420 4996 ,
2451 4945 2482 4984 a
2511 4945 2622 5000 qm
2652 4945 2788 4998 gens
2815 4927 3217 4984 Ismaelitarum
3245 4946 3261 4994 ;
3287 4937 3402 4982 tum
3431 4943 3464 4984 e
3496 4928 3632 4983 Sara
3659 4930 3772 4983 lsa-

2254 5129 2366 5196 (42)
2400 5125 2692 5200 Syncellus
2717 5134 2777 5200 rt
2796 5127 3108 5200 iCedrenufs,
3140 5126 3331 5200 Tanai.

2250 5200 2362 5269 (45)
2398 5197 2474 5252 Ita
2503 5200 2670 5252 etiaut
2698 5199 3002 5269 Cedrettns,
3041 5199 3135 5254 fol.
3170 5198 3256 5260 14,
3284 5199 3389 5264 ἓως
3417 5197 3768 5269 Μαστουσζας

2181 5268 2278 5340 τῆς
2311 5270 2454 5324 κατὰ
2486 5269 2668 5340 Ἴλιον.
2713 5268 2917 5340 Verrunt
2965 5269 3471 5340 Syneellusith‘iO,
3505 5269 3610 5330 ἓως
3649 5268 3770 5340 Ma:

2187 5337 2442 5422 σ’ἑουσξας
2475 5339 2575 5410 τῆς
2614 5339 2758 5394 κατὰ
2787 5340 2962 5412 ἥλιον,
2992 5337 3156 5410 usque
3204 5339 3273 5392 ad
3307 5337 3635 5394 Hastusiam
3666 5337 3769 5391 soli

2187 5419 2505 5481 oppositum.

2263 5483 2376 5550 (44)
2419 5483 2536 5535 Hoc
2578 5481 2798 5536 nomine
2839 5479 3087 5536 Armenii
3132 5479 3399 5550 barbaros
3428 5478 3643 5533 Arabiae
3671 5492 3769 5548 po-

2229 5549 2319 5604 ttlo
2349 5553 2651 5622 antiquitus
2684 5553 3132 5622 indigitaverunt.
3179 5551 3255 5604 Ita
3291 5551 3343 5604 in
3377 5549 3546 5604 Biblis
3577 5553 3765 5606 Arnt.,

2214 5621 2230 5674 I
2267 5622 2514 5676 Maebab.
2547 5638 2658 5684 xu,
2698 5622 2783 5677 t0.
2821 5621 2913 5676 Sic
2941 5624 3105 5676 etiam
3161 5623 3416 5689 sequiore
3455 5627 3614 5675 aetate
3639 5633 3770 5689 _ap-

2185 5693 2461 5762 pellahant
2517 5690 2823 5747 Saracenos
2868 5693 3142 5745 Armeniae
3193 5686 3567 5761 oppressores.
3624 5686 3768 5753 Quin

2185 5762 2322 5815 adeo
2343 5776 2482 5830 quos
2510 5761 2754 5830 Europaei
2787 5762 2986 5817 Turcas
3003 5763 3218 5830 dicunt,
3247 5761 3491 5817 Armenii
3522 5758 3768 5830 Tagikios

2184 5778 2322 5815 3080
2343 5778 2482 5831 quos
2499 5778 2754 5842 ἰδιιιὍρειξι
2789 5778 2812 5816 Ι
2830 5779 2986 5817 ωταδ
3003 5778 3218 5830 αιωηι,
3247 5778 3377 5817 AI'III

2185 5847 2330 5886 nunc
2367 5841 2667 5886 nominant.
