4142 6400
371 355 483 437 617

1137 377 1483 434 SAMUELIS
1521 374 1843 434 ANIENSIS
1883 375 2224 432 SUMMARH
2265 377 2650 434 TEMPORUM
2683 379 2866 435 PARS
2893 375 2938 434 I.

3536 387 3643 444 ΜΒ

380 521 545 568 acus,
581 518 610 557 a
645 510 754 574 quo
778 513 918 574 gens
942 501 1254 557 Iudaeorum
1282 525 1294 558 ε
1323 512 1664 574 postremum
1693 518 1725 558 e
1754 502 1960 558 Cetura
1985 505 2036 561 Α
2064 496 2232 552 tionis
2265 498 2406 552 intra
2437 513 2613 554 annos
2642 513 2793 553 xxvu
2837 498 3122 568 perduxit,
3163 513 3418 572 annoque
3461 508 3644 562 aetatis

378 614 513 670 gens
543 596 872 652 Parthorum
897 595 1139 658 exstitit,
1166 611 1401 664 quorum
1434 611 1658 666 germen
1685 603 1772 650 est
1794 595 1962 648 Arsa-

379 705 474 745 ces
507 690 598 744 ille
631 690 869 760 inclytus
897 687 1343 742 Pahlaviensium
1373 698 1428 742 et
1455 687 1848 744 Arsacidarum
1882 686 1964 740 fa-

378 782 656 836 miliarum
686 782 1020 852 progenitor.
1057 780 1227 851 Igitur
1253 779 1598 834 Ahrahamus
1646 788 1772 850 post
1811 780 1964 850 geni-

382 882 498 927 tum
529 871 780 929 Isaacum
822 872 1066 942 quinque
1109 870 1288 924 adhuc
1318 870 1480 926 armis
1519 879 1574 925 et
1611 870 1960 940 septuaginta

379 965 660 1036 peractis,
692 965 768 1018 ita
802 973 860 1018 ut
890 979 1068 1018 annos
1108 963 1338 1018 omnino
1381 969 1603 1015 centum
1645 969 1700 1016 et
1740 970 1961 1030 septua-

382 1059 531 1130 ginta
559 1057 804 1127 quinque
831 1057 1098 1119 vixisset,
1135 1055 1248 1110 fato
1277 1069 1378 1110 suo
1424 1054 1649 1110 functus
1689 1062 1796 1111 est.
1839 1053 1960 1109 Iam

382 1147 603 1204 lsaacus
633 1147 975 1217 sexagesimo
1021 1147 1198 1202 anatis
1219 1161 1362 1200 anno
1394 1144 1635 1200 ‘Esavum
1675 1145 1864 1215 genuit
1911 1155 1964 1201 et

381 1237 684 1302 Iacobum,
718 1249 1006 1308 postquam
1054 1237 1216 1290 annis
1267 1235 1459 1307 viginti
1512 1236 1567 1290 in
1609 1236 1962 1290 matrimonio

375 1347 510 1386 cum
534 1330 790 1386 Rebecca
824 1329 1022 1383 fuerat.
1053 1327 1314 1398 Idemque
1345 1328 1506 1382 annis
1544 1327 1729 1382 adhuc
1768 1327 1959 1398 viginti

383 1430 440 1476 et
469 1429 687 1476 centum
717 1427 999 1490 superstes
1015 1420 1359 1488 octogesimo
1385 1425 1438 1474 et
1462 1420 1764 1474 centesimo
1788 1422 1960 1474 aetatis

377 1525 532 1565 anno
563 1509 827 1565 decessit.

456 1602 510 1656 4.
541 1601 756 1656 Jacobo
785 1601 879 1654 filii
909 1599 1200 1655 duodecim
1228 1615 1350 1654 cum
1392 1599 1503 1656 (ilia
1546 1601 1716 1672 geniti
1761 1610 1890 1658 sunt
1931 1617 1963 1656 e

383 1695 600 1750 duabus
625 1694 828 1748 Labani
858 1693 1072 1748 ﬁliabus
1092 1735 1106 1758 ,
1132 1693 1228 1748 Lia
1257 1695 1467 1749 scilicet
1498 1702 1661 1765 atque
1682 1693 1920 1750 Rachele
1945 1737 1960 1762 ,

388 1802 488 1842 nec
511 1802 621 1841 non
649 1803 718 1842 ex
741 1787 936 1842 harum
962 1786 1178 1840 ancillis
1205 1784 1422 1842 duabus
1450 1787 1598 1840 Ralla
1627 1787 1954 1858 Zelphaque.

2065 590 2367 646 centesimo
2395 599 2450 646 et
2477 590 2694 646 decimo
2727 591 2882 648 obiit.

2139 681 2192 737 7.
2249 680 2439 737 Iesum
2489 683 2818 753 praefectura
2864 683 3120 739 Iudicum
3169 685 3467 742 subsecuta
3512 696 3644 754 est;

2065 788 2302 842 quorum
2335 789 2546 844 primus

2143 867 2183 919 Ie.
2238 864 2506 921 Godoniel
2539 868 2699 922 annis
2729 884 2796 922 ιι.

2135 956 2202 1011 II.
2257 958 2479 1014 Avodus
2509 959 2669 1014 annis
2701 976 2863 1014 Lux.

2135 1047 2227 1103 III.
2283 1049 2524 1105 Baracus
2555 1059 2610 1105 et
2638 1050 2850 1106 Debora
2881 1051 3042 1108 annis
3071 1067 3162 1108 η.

2139 1140 2229 1194 IV.
2287 1141 2618 1214 Samegarus
2643 1154 2836 1213 postea
2860 1144 2955 1213 qui
2987 1145 3324 1216 alienigenas
3346 1155 3642 1204 sexcentos

2065 1231 2398 1290 trucidavit.

2136 1323 2202 1378 ν.
2240 1323 2462 1382 Gedeon
2493 1329 2653 1382 annis
2686 1343 2775 1381 ιι.

2139 1414 2227 1469 VI.
2260 1417 2647 1474 Abimelecbus
2676 1420 2835 1474 annis
2869 1435 2948 1474 Ill.

2136 1506 2254 1561 VII.
2290 1507 2465 1563 Thola
2493 1511 2654 1565 annis
2681 1525 2840 1564 mn.

2137 1599 2270 1657 VIII.
2300 1599 2486 1657 Iairus
2521 1603 2679 1657 annis
2707 1619 2846 1656 xm.

2137 1691 2228 1746 IX.
2263 1691 2580 1762 Iephthaeus
2607 1694 2771 1749 annis
2798 1710 2874 1748 v1.

2135 1783 2202 1840 X.
2243 1783 2494 1840 Hesebon
2546 1786 2708 1840 annis
2755 1803 2856 1844 vri.
2903 1786 3158 1856 (Baraco
3209 1789 3367 1845 liberi
3418 1797 3640 1862 septua~

387 1874 711 1952 Quanquam
739 1893 870 1933 vero
898 1875 1108 1947 primus
1137 1876 1186 1931 ei
1220 1885 1380 1932 natus
1439 1878 1511 1932 sit
1568 1877 1762 1933 Ruben
1793 1895 1958 1948 quem
1993 1874 2034 1899 ”
2061 1879 2236 1948 ginta,
2279 1876 2549 1932 Heseboni
2577 1879 2800 1947 triginta
2825 1878 3044 1933 fuerunt
3075 1877 3342 1957 [λεδ-49]).
3370 1881 3641 1939 Heseboni

387 1985 534 2023 anno
561 1969 739 2024 aetatis
771 1970 963 2039 quinto
991 1976 1045 2024 et
1070 1969 1408 2040 octogesimo
1434 1970 1626 2040 genuit
1653 2010 1668 2032 ,
1722 1979 1836 2025 tum
1873 1969 1963 2024 Si-

387 2075 549 2116 meon
581 2068 737 2116 sexto
765 2067 820 2115 et
849 2061 1186 2133 octogesimo
1213 2079 1228 2129 ;
1260 2059 1497 2116 Levinus
1523 2069 1704 2116 tamen
1735 2062 1961 2134 praefer-

378 2160 480 2208 tur
503 2153 560 2208 in
585 2153 806 2218 ordine,
831 2170 990 2224 quem
1013 2155 1192 2209 etatis
1222 2157 1456 2224 septimo
1501 2155 1611 2225 (45)
1641 2163 1696 2210 et
1738 2163 1962 2228 octoge-

385 2242 532 2297 simo
559 2257 704 2296 anno
728 2247 940 2298 creavit
966 2285 980 2308 ,
1013 2245 1080 2300 de
1104 2244 1270 2314 cujus
1315 2246 1478 2300 etiam
1504 2260 1701 2315 genere
1732 2261 1962 2316 magnus

389 2335 482 2390 ille
523 2334 702 2389 Moses
731 2343 956 2390 exortus
984 2343 1068 2390 est
1106 2354 1119 2390 :
1156 2351 1278 2406 qua:
1320 2352 1410 2391 res
1457 2337 1530 2390 ita
1584 2337 1958 2393 describitur:

387 2424 626 2480 Iacobus
657 2441 833 2482 annos
864 2434 1027 2482 natus
1048 2444 1274 2482 Lxxxvn
1296 2443 1326 2482 e
1344 2427 1440 2483 Lia
1463 2428 1699 2500 conjuge
1737 2443 1838 2484 sua
1862 2427 1964 2484 Le-

383 2520 576 2574 vinum
603 2519 887 2592 suscepit;
918 2519 1154 2577 Levinus
1184 2536 1359 2577 annos
1405 2529 1568 2576 natus
1609 2536 1738 2575 nvr
1777 2521 1966 2592 genuit

390 2609 699 2666 Cahathum
724 2629 739 2677 ;
763 2611 1044 2666 Cahathus
1068 2627 1242 2668 annos
1267 2623 1428 2668 natus
1454 2628 1591 2667 um
1623 2614 1813 2684 genuit
1834 2613 1965 2668 Am-

383 2712 604 2753 raraum
628 2718 643 2765 ;
667 2699 958 2755 Amramus
985 2715 1159 2755 annos
1184 2708 1348 2757 natus
1367 2718 1476 2756 ιιι
1505 2702 1696 2772 genuit
1720 2700 1924 2758 Mosem
1948 2721 1963 2768 ;

393 2791 572 2848 Moses
615 2807 788 2848 annos
820 2802 981 2848 natus
1011 2808 1150 2848 Lxxx
1187 2792 1423 2865 Egypto
1453 2795 1717 2865 populum
1751 2795 1962 2850 eduxit.

463 2886 517 2940 5.
558 2884 772 2941 Rursus
818 2887 1117 2941 secundum
1171 2888 1466 2944 chronicos
1523 2887 1746 2944 Eusebii
1796 2904 1966 2944 cano-

386 2993 492 3033 nes
515 2978 626 3050 (46)
653 2977 858 3034 Iacobo
887 2980 1088 3033 annum
1119 2979 1420 3034 secundum
1449 2989 1504 3036 et
1550 2981 1967 3052 nonagesimum

385 3073 575 3144 agenti
608 3073 676 3128 de
700 3071 940 3128 'Rachele
970 3089 1140 3128 uxore
1168 3072 1440 3144 Iosephus
1481 3081 1650 3129 natus
1685 3081 1804 3130 est:
1851 3082 1966 3129 tum

2064 1971 2124 2025 in
2153 1969 2508 2026 Hebraeorum
2537 1971 2836 2041 exemplari
2865 1973 3120 2028 subditur
3148 1973 3312 2030 ΔΕΙοη
3337 1975 3505 2046 judex
3533 1991 3632 2029 au-

2062 2063 2150 2118 nis
2197 2078 2269 2128 x,
2314 2078 2477 2133 quem
2521 2071 2706 2118 tamen
2752 2062 3108 2135 Septuaginta
3153 2067 3484 2136 lnterpretes
3531 2084 3641 2122 non

2065 2152 2518 2225 agnoscunt(50).
2542 2152 2718 2222 Hujus
2748 2169 2896 2208 anno
2924 2156 3084 2211 tertio
3108 2155 3263 2211 Ilium
3289 2165 3510 2228 captum
3533 2168 3639 2214 est.

2133 2243 2226 2301 XI.
2263 2245 2487 2301 Labdon
2516 2248 2676 2302 annis
2702 2263 2822 2302 vm.
2850 2246 3029 2317 Hujus
3057 2249 3420 2321 quadraginta
3448 2252 3601 2306 liberi
3625 2292 3641 2312 ,

2030 2338 2375 2409 ~horumque
2406 2338 2502 2392 ﬁlii
2532 2339 2760 2408 triginta
2806 2341 2860 2394 in
2901 2342 3244 2412 septuaginta
3286 2343 3460 2400 asinis
3485 2345 3642 2417 equi-

2065 2431 2282 2486 tabant.

2135 2521 2251 2575 XII.
2294 2523 2562 2594 Sampson
2597 2525 2755 2579 annis
2783 2541 2875 2578 xx.

2141 2612 2280 2668 XIII.
2322 2613 2440 2697 Heli
2477 2616 2634 2669 anuis
2670 2631 2756 2669 ιι..
2795 2614 2994 2669 Verum
3040 2617 3094 2671 in
3149 2616 3502 2687 Septuaginta
3554 2614 3635 2670 In.

2068 2715 2370 2778 terpretum
2398 2708 2699 2778 exemplari
2729 2709 3046 2762 scribuntur
3076 2726 3146 2764 xx
3178 2709 3221 2762 ⁸.

2140 2797 2283 2855 XIV.
2323 2797 2550 2854 Samuel
2581 2807 2746 2869 atque
2778 2798 2909 2854 Saul
2938 2801 3096 2856 annis
3125 2815 3212 2856 XL.

2140 2891 2194 2946 8.
2232 2889 2375 2946 Sane
2406 2907 2531 2946 cum
2561 2891 2618 2944 in
2652 2891 2949 2946 evolvenda
2979 2891 3128 2947 Semi
3155 2894 3360 2964 stirpe,
3390 2911 3644 2965 procrea-

2070 2982 2281 3036 tionum
2316 2982 2513 3037 seriem
2554 2982 2701 3036 haud
2749 2983 2988 3036 alienam
3036 2983 3104 3038 ab
3147 2987 3461 3056 evangelica
3510 2987 3622 3041 Mat

2072 3075 2194 3130 thzei
2233 3075 2446 3130 ratione
2466 3115 2481 3136 ,
2514 3091 2688 3146 usque
2720 3075 2787 3129 ad
2816 3075 3114 3144 Iosepbum
3146 3087 3200 3132 et
3242 3079 3471 3132 Mariam
3514 3096 3647 3135 con-

383 3174 449 3220 et
488 3163 758 3236 Iosephus
781 3182 926 3221 anno
949 3167 1124 3224 aetatis
1146 3165 1358 3222 decimo
1386 3167 1618 3237 septimo
1643 3183 1674 3222 a
1707 3167 1969 3224 fratribus
1997 3186 2042 3247 ε
2077 3173 2329 3220 texturas
2355 3179 2457 3220 nos
2483 3166 2938 3234 promiserimus;
2968 3182 2997 3220 e
3027 3165 3214 3222 Jacobi
3247 3169 3432 3224 liberis
3457 3181 3647 3240 optare

392 3258 651 3315 venditus
685 3262 962 3317 concessit
999 3259 1052 3316 in
1077 3260 1368 3333 .‘Egypmm
1395 3279 1409 3327 ;
1436 3275 1669 3331 cumque
1690 3261 1764 3315 ibi
1789 3261 1970 3316 trede—

386 3352 504 3406 'cim
536 3353 697 3408 annis
726 3354 780 3408 in
794 3355 1072 3425 ergastulo
1099 3355 1312 3416 fuisset,
1335 3369 1478 3409 anno
1497 3354 1672 3410 :etatis
1695 3354 1972 3409 tricesimo

396 3444 615 3518 Egypti
647 3446 986 3503 dominatum
1020 3449 1256 3504 obtinuit
1278 3489 1292 3514 ,
1325 3462 1435 3520 quo
1467 3463 1562 3518 per
1605 3463 1778 3502 annos
1818 3454 1972 3501 octo-

389 3536 549 3606 ginta
578 3537 930 3606 perfunctus,
975 3555 1120 3595 anno
1161 3542 1379 3596 demum
1415 3539 1717 3594 centesimo
1757 3538 1972 3592 decimo

398 3634 541 3690 diem
588 3652 902 3707 supremum
943 3639 1096 3693 obiit.
1141 3639 1322 3692 Primo
1349 3637 1684 3708 Egyptiacaa
1704 3635 1972 3690 ubertatis

401 3743 545 3784 anno
576 3747 756 3785 rerum
787 3731 1138 3787 moderamen
1165 3731 1231 3786 ad
1257 3731 1559 3800 Iosephum
1583 3730 1819 3785 delatum
1847 3739 1930 3784 est
1955 3748 1966 3780 :

391 3835 545 3875 anno
579 3830 772 3876 autem
820 3831 1016 3876 octavo
1058 3823 1248 3878 servire
1294 3822 1495 3878 ibidem
1551 3821 1721 3876 fames
1767 3821 1969 3891 cmpit,

401 3912 560 3981 cujus
591 3913 920 3968 calamitatis
949 3929 1093 3968 anno
1121 3915 1294 3970 altero
1316 3913 1559 3969 Iacobus
1590 3914 1645 3968 in
1675 3911 1970 3984 Egyptum

402 4005 684 4060 descendit
732 4021 877 4061 anno
918 4007 1096 4063 artatis
1141 4021 1321 4070 cur,
1370 4007 1647 4076 vitamque
1690 4005 1763 4059 ibi
1811 4004 1971 4058 annis

403 4098 582 4153 adhuc
612 4115 724 4154 xvn
755 4099 1077 4170 productam
1110 4115 1256 4154 anno
1284 4099 1500 4154 demum
1530 4114 1711 4154 cuvu
1739 4097 1968 4157 clausit.

393 4205 510 4260 quo
545 4199 788 4262 tempore
828 4207 1008 4248 rerum
1049 4192 1357 4262 potiebatur
1387 4207 1533 4246 anno
1556 4193 1670 4262 jam
1707 4199 1862 4247 sexto
1893 4191 1972 4263 vi-

399 4283 715 4352 cesimoque
741 4281 1012 4354 Iosephus
1032 4323 1046 4346 ,
1082 4283 1173 4353 qui
1205 4291 1260 4339 et
1294 4283 1454 4339 annis
1485 4299 1573 4338 Liv
1605 4282 1898 4354 superfuit.

471 4373 526 4428 6.
563 4372 803 4445 Iosepho
827 4391 858 4432 e
883 4376 1022 4432 vivis
1045 4385 1251 4446 erepto,
1277 4377 1598 4430 servitutem
1631 4378 1723 4431 lilii
1753 4375 1971 4432 Israelis

396 4466 711 4521 serviebant
743 4466 1014 4539 Egyptiis
1043 4468 1202 4523 annis
1231 4483 1410 4522 cxuv.
1458 4467 1622 4522 Fiunt
1661 4483 1790 4538 ergo
1820 4485 1850 4521 a
1877 4468 1972 4522 Ja-

2071 3253 2266 3310 Iudam
2295 3246 2691 3321 debueramus,
2726 3272 2756 3310 a
2803 3271 2913 3326 quo
2953 3259 3365 3327 procreationes
3409 3261 3647 3317 deduce-

2073 3363 2260 3402 remus
2288 3365 2302 3412 ;
2349 3347 2608 3416 quoniam
2639 3364 2705 3402 ex
2738 3349 2902 3418 hujus
2934 3350 3158 3404 surculo
3187 3349 3451 3408 Dominus
3488 3370 3648 3409 exor-

2074 3450 2164 3496 tus
2223 3448 2327 3496 est.
2376 3441 2766 3495 Verumtamen
2813 3456 3040 3496 necesse
3094 3441 3234 3506 fuit,
3283 3445 3336 3498 in
3387 3445 3552 3500 Mosis
3597 3455 3649 3499 et

2071 3536 2203 3595 Iesu
2236 3535 2686 3605 reliquorumque
2715 3535 2946 3604 gratiam
2968 3575 2983 3599 ,
3016 3535 3110 3606 qui
3138 3538 3344 3606 populo
3374 3554 3549 3609 usque
3581 3541 3648 3592 ad

2075 3629 2337 3685 Davidem
2388 3627 2482 3697 jus
2537 3625 2946 3693 reddiderunt,
3003 3619 3270 3683 Levinum
3324 3630 3445 3685 loco
3495 3629 3651 3687 Iuda

2073 3736 2530 3779 commemorare.
2569 3719 2727 3774 Nunc
2762 3727 2942 3774 autem
2978 3720 3121 3776 unde
3151 3737 3248 3792 par
3282 3730 3367 3777 est
3403 3739 3518 3778 rem
3549 3724 3648 3778 de-

2074 3832 2186 3872 nuo
2218 3824 2550 3885 repetamus.

2144 3909 2199 3964 9.
2242 3909 2590 3964 Abrahamus
2643 3909 2829 3979 genuit
2881 3907 3165 3979 lsaacum;
3219 3910 3438 3965 lsaacus
3484 3909 3649 3966 Iaco-

2074 4001 2242 4065 bum;
2277 3999 2516 4055 Iacobus
2565 4014 2710 4053 anno
2749 3999 2926 4054 aetatis
2956 4015 3198 4052 Lxxxvtn
3240 3998 3435 4056 Iudam
3475 4019 3506 4058 e
3553 4003 3651 4058 Lia

2075 4109 2244 4148 uxore
2275 4093 2521 4163 suscepit
2550 4111 2564 4156 ;
2595 4091 2767 4146 Iudas
2799 4107 2976 4146 annos
3011 4099 3174 4146 natus
3209 4107 3378 4147 xcvm
3414 4089 3648 4146 Pharem

2074 4182 2260 4254 genuit
2287 4199 2300 4246 ;
2333 4181 2539 4236 Phares
2567 4191 2748 4236 autem
2781 4195 2926 4233 anno
2951 4179 3128 4234 :etatis
3172 4195 3300 4233 LVIII
3338 4178 3448 4249 (5i)
3479 4179 3651 4232 Ezro-

2074 4284 2243 4332 ncm;
2302 4266 2480 4320 Ezron
2531 4281 2678 4319 anno
2731 4265 2909 4318 aetatis
2962 4278 3091 4316 LVIII
3129 4263 3315 4331 genuit
3349 4262 3649 4327 Aramum;

2075 4359 2309 4416 Aramus
2354 4375 2499 4414 anno
2548 4358 2724 4413 aetatis
2775 4363 2916 4409 x'Lvn
2973 4354 3159 4424 genuit
3212 4354 3649 4419 Aminadabum;

2077 4451 2450 4507 Aminadabus
2503 4464 2648 4503 anno
2696 4448 2871 4501 aetatis
2923 4464 3025 4502 ην
3079 4447 3267 4518 genuit
3318 4444 3647 4499 Naasonem.

396 4557 528 4612 cobi
569 4559 834 4614 descensu
878 4560 1007 4614 anni
1049 4574 1210 4614 ccxv.
1241 4559 1402 4614 Anno
1439 4559 1725 4615 servitutis
1774 4566 1966 4629 quarto

2075 4543 2283 4609 Porro,
2341 4542 2518 4612 inquit
2553 4541 2704 4610 (52),
2773 4546 2894 4593 erat
2940 4539 3314 4592 Aminadabus
3365 4537 3650 4607 copiarum

404 4663 570 4718 supra
601 4649 1000 4719 sexagesimum
1027 4649 1204 4706 Moses
1224 4651 1402 4705 lucem
1433 4652 1675 4720 aspexit;
1705 4654 1798 4720 qui
1823 4658 1974 4704 octo-

401 4742 553 4811 ginta
575 4755 750 4820 annos
775 4741 1055 4811 ingressus
1075 4781 1090 4804 ,
1117 4757 1241 4798 cum
1274 4741 1441 4796 fratre
1463 4741 1675 4796 Aarone
1698 4750 1812 4796 tres
1844 4741 1972 4796 item

401 4839 458 4885 et
487 4833 762 4903 octoginta
809 4848 984 4888 annos
1033 4840 1190 4896 nato,
1240 4834 1503 4904 populum
1557 4833 1797 4904 Egypto
1843 4833 1972 4887 sub-

399 4921 559 4975 duxit
585 4941 598 4976 :
623 4924 711 4978 cui
757 4932 1045 4993 postquam
1077 4925 1239 4979 annis
1266 4925 1629 4997 quadraginta
1666 4926 1720 4978 in
1751 4925 1972 4980 deserto

403 5013 747 5084 praefuisset,
797 5030 942 5069 anno
982 5017 1156 5071 aetatis
1203 5017 1466 5071 vicesimo
1510 5033 1675 5086 supra
1725 5019 1970 5073 centesi-

406 5121 555 5159 mum
592 5108 841 5161 moritur.
878 5106 1010 5162 Post
1041 5107 1242 5163 Mosem
1270 5107 1432 5163 Iesus
1462 5107 1598 5163 Navi
1624 5108 1801 5172 ﬁlius.
1851 5107 1976 5163 Jor-

405 5199 545 5252 dane
565 5200 908 5260 transmisso,
942 5203 1198 5270 populum
1226 5201 1336 5271 (47)
1361 5201 1417 5254 ἱη
1439 5209 1642 5256 terram
1675 5203 1976 5257 annuntia-

474 5329 517 5358 "
545 5327 825 5396 Iudic.ttl,
858 5332 946 5385 3|.
1024 5333 1044 5362 ³
1084 5331 1101 5384 1
1142 5331 1272 5403 Reg.
1323 5351 1403 5398 Iv,
1445 5334 1528 5387 I8.

479 5459 589 5526 {45)
631 5461 714 5515 Al.
746 5463 868 5516 cod.
893 5502 906 5523 ,
937 5476 1104 5520 sexto.

480 5529 593 5668 ἓιδ)
634 5529 768 5586 Vide
800 5534 867 5585 ad
895 5549 986 5588 an.
1019 5533 1312 5589 Abrahami
1345 5535 1471 5589 252.

501 5600 591 5668 Π)
628 5601 800 5656 Codd.
831 5603 1006 5664 Arm.,
1037 5622 1124 5658 eos
1155 5622 1252 5668 pro
1281 5606 1471 5668 popqu

501 5600 591 5676 dii)
616 5601 809 5676 godd.
831 5603 1006 5676 Arm..
1037 5622 1124 5658 eos
1155 5622 1252 5674 pro
1281 5606 1550 5676 populum.

479 5671 694 5742 (48-49)
733 5672 852 5727 Alio
883 5675 935 5727 in
979 5671 1167 5729 codice
1220 5671 1565 5732 desideratur
1606 5675 1712 5729 hoc
1757 5690 1974 5731 comma

410 5742 720 5808 parenthesi
767 5745 1032 5798 clausum.

482 5810 593 5881 (50)
632 5811 708 5866 Ita
736 5815 898 5867 etiam
928 5814 1195 5870 Eusebius
1219 5816 1285 5869 ad
1315 5833 1404 5872 an.
1436 5817 1560 5871 852.
1594 5815 1794 5870 Verum
1827 5817 1969 5871 idem

411 5880 468 5934 in
496 5880 702 5953 priore
743 5883 882 5938 libro
932 5887 1098 5940 semel
1143 5888 1296 5956 ponit
1345 5891 1362 5958 (
1393 5891 1498 5941 col.
1529 5886 1624 5940 l6l
1655 5886 1672 5957 )
1706 5895 1766 5957 et_
1803 5887 1970 5942 semel

723 5981 1018 6052 Parnm...
1039 5983 1156 6046 Gn.
1195 5985 1367 6049 XIX.

2075 4635 2228 4691 Iuda:
2261 4635 2394 4697 dux.
2430 4649 2540 4703 quo
2571 4640 2817 4701 tempore
2847 4629 3026 4685 Moses
3068 4627 3290 4684 Israelis
3333 4627 3648 4698 progeniem

2075 4746 2141 4784 ex
2201 4720 2436 4800 )Egypto
2493 4725 2736 4779 deduxit.
2788 4721 3112 4776 Conflantur
3171 4719 3336 4791 igitur
3389 4735 3419 4772 a
3470 4719 3650 4788 primo

2079 4819 2374 4874 Abrahami
2408 4830 2551 4869 anno
2587 4829 2761 4883 usque
2793 4812 2860 4865 ad
2897 4810 3279 4882 migrationem
3312 4823 3376 4864 ex
3414 4806 3653 4878 Egypto

2075 4909 2488 4980 procreationes
2523 4923 2649 4966 vni,
2687 4905 2924 4973 annique
2957 4917 3068 4969 ov;
3106 4901 3175 4954 ab
3216 4899 3426 4954 Adaino
3469 4907 3651 4951 autem

2079 5001 2488 5075 procreationes
2519 5013 2721 5059 xxvm,
2753 4995 2991 5064 annique
3026 5005 3436 5046 uuaecnxxxtx.

2150 5095 2237 5148 I0.
2275 5091 2492 5147 Naason
2527 5104 2702 5143 annos
2738 5097 2900 5141 natus
2935 5101 3060 5140 κων
3093 5084 3278 5155 genuit
3315 5082 3650 5136 Salmonem.

2079 5185 2350 5255 Eratque,
2387 5184 2464 5237 ait
2497 5181 2609 5252 (55)
2633 5222 2647 5246 ,
2685 5179 2903 5234 Naason
2947 5179 3202 5250 princeps
3251 5175 3404 5230 Iudze
3445 5175 3654 5245 myria—

2078 5463 2283 5517 omittit
2332 5461 2481 5526 (col.
2523 5459 2662 5527 168)
2708 5457 2976 5511 Ailonem.
3029 5454 3183 5508 Nunc
3239 5452 3456 5527 quidem
3477 5450 3651 5527 “apud

2079 5532 2218 5586 LXX
2278 5518 2470 5594 Viros,
2504 5546 2626 5594 cap.
2648 5518 2774 5591 'xu,
2827 5529 2921 5585 ll.
2973 5541 3071 5579 nec
3119 5540 3228 5579 non
3257 5518 3420 5593 'apud
3475 5518 3650 5574 Biblia

2078 5604 2228 5656 Arm.
2261 5604 2502 5657 occurrit
2536 5599 2720 5653 Λίιοη.

2175 5674 2265 5741 5|)
2304 5672 2386 5726 Al“.
2421 5671 2571 5741 cod,
2605 5686 2715 5723 ιιι.

2179 5733 2267 5811 3‘2.)
2305 5741 2459 5810 Apud
2522 5740 2850 5803 Eusebium,
2884 5755 2922 5802 ι,
2971 5737 3056 5800 I6,
3099 5737 3206 5801 22,
3251 5733 3503 5791 Namson
3546 5749 3654 5788 non

2082 5814 2469 5869 Aminadabus.

2157 5885 2268 5956 (53)
2308 5883 2539 5938 Ibidem.

3262 5973 3342 6032 20
