4142 6400
526 397 628 448 619

1544 381 1888 439 APPENDIX
1922 379 2015 435 AD
2054 375 2326 436 EUSEBII
2356 370 2782 432 CIIRONICON.

3666 366 3786 420 ‘6‘20

525 514 657 568 dum
684 512 741 566 in
770 510 1024 579 deserto,
1054 510 1283 580 ejusque
1323 521 1482 564 soror
1506 504 1784 561 Elisabeth
1830 502 2092 558 Eleazaro
2120 506 2169 563 Α
2193 500 2335 555 haus
2351 496 2629 567 captivum
2657 490 2906 554 abduxit,
2926 502 3218 561 regemque
3237 486 3380 580 dixit
3394 483 3781 580 Eliachimum.

526 603 759 658 Aaronis
788 602 902 657 lilio
933 610 1102 672 nupta
1135 599 1236 655 iuit
1256 641 1272 667 ,
1304 613 1415 670 quo
1443 597 1702 667 conjugio
1746 606 1968 651 creatus
2014 599 2099 648 est

526 690 796 758 Phineas,
838 701 1003 764 atque
1046 693 1122 747 ita
1166 691 1393 761 contigit
1444 686 1700 744 ut-Iuda
1750 701 1923 758 genus
1972 699 2098 740 cum

527 783 768 841 Levitico
797 784 1056 840 aﬁinitate
1081 783 1424 855 jungeretur.
1463 779 1687 836 Salmou
1723 793 1899 835 annos
1933 784 2098 832 natus

527 895 671 933 xxxv
704 878 893 949 genuit
933 877 1195 933 Boosum.
1238 875 1499 946 Eratque,
1523 874 1624 937 ait,
1649 872 1876 926 Salmon
1920 869 2099 948 tribus

524 967 680 1024 Iuda
735 969 1016 1039 princeps,
1068 982 1179 1038 quo
1223 976 1469 1037 tempore
1514 963 1676 1020 Iesus
1723 978 1849 1017 cum
1895 960 2097 1031 populo

524 1054 816 1114 Iordanem
847 1058 1080 1129 trajecit.
1136 1058 1188 1114 Is
1242 1072 1469 1112 uxorem
1518 1054 1792 1126 c0pulavit
1834 1052 1940 1110 sibi
1991 1051 2103 1107 Ra-

524 1146 724 1202 habam
743 1187 760 1213 ,
793 1162 955 1218 quam
1002 1146 1161 1203 divus
1191 1146 1523 1217 evangelista
1546 1142 2025 1211 dicitRechaham
2052 1143 2098 1195 ⁸.

528 1243 673 1300 Idem
700 1244 1106 1300 Bethlehemum
1129 1245 1321 1300 urbem
1344 1244 1400 1298 in
1422 1242 1451 1297 ,Ι
1459 1243 1577 1298 uda
1597 1243 1805 1298 ditione
1827 1241 2096 1296 fundavit.

600 1338 684 1395 II.
725 1337 935 1394 Boosus
980 1353 1154 1394 annos
1200 1346 1363 1394 natus
1410 1352 1544 1392 cvm
1594 1336 1783 1408 genuit
1828 1335 2099 1391 Obedum.

526 1429 701 1485 Booso
731 1431 917 1501 nupsit
956 1429 1138 1484 Rutha
1194 1430 1446 1485 Moabitis
1488 1428 1710 1484 femina.
1757 1426 2100 1498 Epiphanius

525 1520 888 1575 Amanitidetn
912 1520 988 1573 ait
1010 1518 1245 1575 Rutham
1268 1559 1283 1585 ,
1307 1520 1521 1576 scilicet
1542 1518 1929 1574 Amonitidem.
1957 1515 2104 1575 Ohe.

527 1613 630 1670 dus
656 1628 829 1667 annos
853 1620 1016 1667 natus
1042 1628 1093 1667 cr
1122 1613 1310 1683 genuit
1333 1610 1631 1677 Iessaum;
1655 1609 1894 1666 Iessaus
1926 1624 2102 1666 annos

530 1715 688 1761 natus
737 1706 1122 1776 cxxx‘genuit
1174 1704 1471 1771 Davidem;
1523 1702 1694 1758 David
1729 1717 1905 1758 annos
1936 1711 2104 1757 natus

529 1810 662 1853 Lvut
695 1799 884 1864 genuit
938 1795 1308 1851 Solomonem.
1359 1795 1453 1851 Ille
1494 1796 1821 1851 tricenarius
1870 1810 2103 1865 regnum

2278 588 2463 644 XVIII.
2506 586 2841 642 Eliachimus
2867 624 2883 650 ,
2934 581 3187 651 idemque
3226 578 3580 644 Ioachimus,
3623 578 3786 633 annis

2207 697 2306 736 xu.
2339 678 2516 748 Hujus
2549 689 2694 731 anno
2721 674 2938 729 decimo
2979 669 3225 726 Iudaam
3272 667 3784 724 Nabuchodonoso-

2207 788 2304 829 rus
2334 771 2578 834 domuit,
2611 776 2666 824 et
2695 774 2819 837 post
2849 775 3130 835 acceptum
3177 762 3247 818 ab
3275 761 3576 816 Eliachimo
3606 760 3785 816 tribuo

2208 874 2322 921 tum
2357 864 2647 918 abscessit.

2278 952 2419 1007 XIX.
2460 951 2814 1014 Ioachimus,
2847 947 3098 1016 idemque
3134 942 3431 999 Iechonias
3452 982 3467 1007 ,
3499 941 3786 997 mensibus

2210 1062 2294 1102 ιιι.
2330 1044 2607 1101 Reversus
2652 1039 3230 1096 Nabuchodonosorus
3267 1033 3613 1090 Ioachimum
3642 1048 3784 1105 quo-

2208 1154 2316 1210 que
2346 1139 2400 1193 in
2431 1136 2801 1207 captivitatem
2831 1129 3156 1201 deportavit.

2279 1229 2398 1284 XX.
2440 1227 2748 1283 Mathanias
2770 1265 2785 1290 ,
2824 1223 3076 1293 idemque
3109 1219 3441 1286 Sedecbias,
3478 1219 3639 1275 annis
3669 1234 3749 1274 xI.

2280 1321 2614 1377 Duodecimo
2676 1317 2957 1375 Sedecbia
3010 1332 3156 1370 anno
3209 1313 3787 1370 Nabuchodonosorua

2210 1415 2497 1472 Chaldaus
2538 1412 2716 1482 captis
2748 1409 3142 1480 Hierosolymis
3188 1408 3450 1478 templum
3497 1408 3783 1462 cremavit.

2211 1511 2485 1566 Mauserat
2538 1506 2804 1576 templum
2851 1503 3011 1558 annis
3061 1516 3323 1557 ccccxmi.
3377 1499 3436 1555 In
3478 1500 3785 1572 quadrage‘

2211 1605 2366 1660 sima
2405 1600 2649 1671 septima
2685 1596 3010 1668 Olympiadis
3054 1610 3257 1649 annum
3299 1601 3557 1663 quartum
3592 1591 3785 1647 incidit

2212 1693 2549 1766 captivitatis
2598 1689 2847 1753 initium,
2882 1688 3183 1756 eademque
3230 1701 3404 1741 annos
3436 1685 3785 1756 septuaginta

2211 1788 2521 1857 occupavit.
2552 1782 2687 1838 Post
2713 1795 2922 1835 annum
2952 1777 3292 1849 captivitatis
3323 1776 3643 1833 vicesimum
3676 1773 3786 1829 Na-

531 1890 845 1958 auspicatus
868 1896 987 1954 est,
1017 1888 1288 1959 annisque
1314 1903 1385 1942 xi.
1428 1888 1689 1953 retinuit,
1726 1888 1838 1941 vita
1890 1887 1958 1942 ad
2008 1901 2101 1942 εει
2135 1875 2177 1928 Β
2205 1879 2703 1936 buchodonosorus
2732 1892 2763 1933 e
2795 1875 2905 1930 vita
2934 1872 3209 1944 migravit.

531 1984 927 2054 ptuagesimum
959 1997 1161 2036 annum
1187 1987 1482 2051 protracta.
1514 1978 1770 2034 Solomon
1805 1992 1979 2033 annos
2001 1993 2103 2033 na-

529 2085 616 2130 tus
654 2092 769 2130 xxu
800 2075 914 2147 (54)
942 2075 1127 2146 genuit
1158 2072 1523 2129 Roboamum.
1567 2071 1714 2127 Idem
1762 2078 1962 2142 quarto
2014 2086 2103 2125 re-

531 2169 624 2239 gni
656 2168 742 2224 sui
776 2183 920 2222 anno
949 2167 1136 2238 templi
1169 2165 1457 2222 adiﬁcium
1503 2164 1793 2221 excitabat.
1834 2163 1923 2234 (A
1956 2162 2106 2219 lose

533 2275 865 2332 egressaque
889 2275 953 2315 ex
985 2260 1222 2331 Aigypto
1250 2274 1425 2329 usque
1454 2257 1522 2313 ad
1565 2256 1917 2312 Solomonem
1956 2263 2103 2311 tem-

533 2354 714 2423 plique
764 2352 1039 2423 opiﬁcium
1087 2352 1454 2413 conﬁciuntur
1500 2351 1629 2405 anni
1678 2364 1972 2405 ccccuxx.
2022 2346 2106 2403 Ab

533 2447 739 2501 Adamn
785 2454 967 2501 autem
1022 2444 1408 2516 uuuucuix.)
1461 2442 1609 2505 Idem
1666 2443 1971 2498 duudennis
2017 2456 2107 2497 re-

533 2555 695 2611 gnum
727 2540 956 2608 adeptus
999 2547 1083 2595 est
1131 2538 1282 2611 (55),
1335 2536 1483 2609 quod
1530 2551 1599 2589 xi.
1653 2537 1814 2591 annis
1868 2534 2102 2600 insedit,

532 2632 719 2688 vivens
745 2633 903 2689 annis
932 2646 1026 2687 LII.

600 2747 687 2801 12.
728 2744 858 2801 Post
914 2744 1261 2801 Solomonem
1311 2743 1529 2801 Israelis
1576 2757 1807 2814 regnum
1858 2740 2108 2799 bifariam

531 2839 766 2895 divisum
800 2848 903 2896 est.
972 2839 1232 2894 Samaria
1274 2839 1461 2894 decem
1503 2837 1761 2894 tribubus
1814 2837 2105 2908 imperavit

532 2929 890 2988 Ieroboamus
922 2929 1119 2986 Nabati
1157 2931 1331 2996 ﬁlius,
1367 2932 1525 3001 isque
1566 2946 1663 2986 rex
1708 2928 1923 2985 Israelis
1957 2929 2109 2984 voci-

533 3032 679 3080 tatus
709 3032 812 3080 est.
846 3021 1199 3094 Ierosolymis
1228 3029 1411 3077 autem
1453 3021 1741 3091 imperavit
1784 3018 2104 3075 Roboamus

534 3115 847 3171 Solomonis
881 3116 1025 3172 ﬁlius
1045 3155 1060 3180 ,
1093 3115 1250 3184 isque
1279 3129 1375 3169 rex
1406 3111 1561 3168 Iuda
1592 3112 1896 3184 appellatus
1927 3122 2031 3169 est.

604 3206 643 3262 1.
689 3207 1000 3263 Roboamus
1026 3216 1218 3279 regnat
1240 3205 1597 3278 Ierosolymis
1624 3206 1784 3262 annis
1812 3220 1946 3261 xvu.

603 3298 670 3355 ιι.
711 3301 878 3356 Abias
910 3300 1070 3356 annis
1105 3316 1186 3354 ιιι.

603 3389 692 3447 ιιι.
732 3392 843 3447 Asa
875 3390 986 3463 (56)
1018 3392 1178 3447 annis
1205 3406 1316 3446 xm.

604 3483 695 3540 IV.
734 3484 1063 3555 Iosaphatus
1096 3485 1255 3539 annis
1290 3500 1396 3539 xxv
1436 3482 1571 3557 (57).

607 3572 673 3630 V.
713 3575 969 3632 Ioramus
1003 3576 1164 3632 annis
1199 3590 1319 3630 vm.

605 3666 695 3723 VI.
738 3667 1006 3725 Ochosias
1041 3683 1186 3723 anno
1220 3684 1258 3721 1.

604 3759 719 3818 VII.
758 3761 984 3817 Godolia
1015 3771 1187 3816 mater
1217 3760 1337 3830 ejus
1365 3761 1525 3816 annis
1557 3775 1656 3815 vu.

610 3851 744 3905 VIII.
784 3849 982 3907 Ioasus
1015 3853 1174 3906 annis
1204 3866 1296 3906 χι..
1327 3849 1463 3906 Tres
1498 3851 1665 3906 hosce
1694 3865 1850 3922 rcges
1869 3891 1884 3918 ,
1913 3861 2110 3919 nempe

539 3940 833 3998 Ochosiam
883 3958 1007 3997 cum
1059 3942 1288 3997 Godolia
1338 3952 1545 4007 matre,
1592 3940 1819 3997 Ioasum
1856 3948 1909 3996 et
1943 3940 2110 3994 Ama-

535 4033 672 4089 siam
694 4074 709 4099 ,
737 4033 943 4089 idcirco
971 4034 1025 4088 in
1053 4048 1211 4090 suam
1239 4034 1609 4105 genealogiam
1633 4033 1969 4103 evangelista
1997 4046 2109 4086 non

537 4126 753 4191 intulit,
784 4126 930 4196 quod
961 4126 1052 4181 illa
1085 4125 1229 4191 ﬁlia,
1260 4125 1318 4179 hi
1348 4134 1574 4196 nepotes
1609 4124 1817 4180 Achabi
1849 4123 2104 4179 fuissent.

607 4215 699 4273 IX.
739 4216 988 4273 Amesias
1020 4218 1179 4273 annis
1207 4233 1356 4272 xxix.
1904 4208 1905 4213 “

604 4311 674 4366 X.
717 4311 977 4376 Azarias,
1028 4311 1279 4381 idemque
1324 4308 1526 4375 Ozias,
1582 4309 1743 4365 annis
1793 4322 1891 4363 ut.
1946 4306 2106 4361 Anno

532 4400 681 4458 Ozia
711 4401 1130 4473 quadragesimo
1160 4416 1306 4456 nono
1333 4402 1511 4471 prima
1541 4400 1814 4472 Olympias
1844 4406 1964 4454 acta
1996 4405 2102 4453 est.

607 4495 700 4552 XI.
742 4495 1063 4551 Joathamus
1092 4488 1251 4550 annis
1279 4508 1396 4550 xvr.

2134 3213 2182 3275 C

2278 1969 2365 2025 15.
2406 1967 2658 2022 Iamvero
2686 1967 2743 2022 in
2768 1963 3005 2019 Matthai
3035 1960 3351 2032 genealogia
3371 1958 3664 2015 Iechonias
3689 1971 3785 2028 gec-

2208 2063 2327 2118 nuit
2359 2060 2711 2116 Salathielem
2759 2072 2904 2112 anno
2929 2056 3105 2111 atatis
3136 2070 3223 2108 LVI
3278 2072 3291 2107 :
3340 2053 3431 2108 hic
3474 2051 3787 2107 Zorobahe-

2208 2156 2312 2209 lem
2355 2168 2501 2209 anno
2554 2168 2641 2206 LVI
2671 2168 2686 2219 ;
2739 2151 2831 2205 hic
2854 2148 3130 2203 Abiudum
3172 2162 3316 2201 anno
3343 2161 3446 2200 va
3474 2162 3490 2210 ;
3521 2144 3613 2198 hic
3639 2141 3787 2196 Elia»

2206 2246 2447 2300 chimum
2479 2259 2623 2298 anno
2652 2259 2755 2309 Lx;
2792 2239 3124 2295 hicAzorem
3146 2253 3289 2292 anno
3318 2252 3521 2301 xxxix;
3558 2234 3650 2290 hic
3687 2233 3789 2288 Sa»

2207 2338 2444 2393 dochum
2481 2350 2627 2391 anno
2658 2350 2809 2390 xxxi.
2834 2332 3018 2387 Primo
3048 2329 3286 2385 Sadochi
3311 2343 3455 2383 anno
3481 2326 3788 2382 Alexander

2209 2428 2435 2485 Macedo
2473 2428 2753 2482 inclaruit.
2785 2425 2837 2480 Is
2863 2423 3087 2477 Achiam
3111 2436 3253 2474 anno
3279 2420 3456 2473 atatis
3482 2432 3673 2481 xxxiv;
3697 2416 3787 2470 hic

2207 2520 2463 2575 Eliudum
2504 2532 2649 2572 anno
2697 2532 2836 2576 xxx;
2864 2514 2953 2568 hic
2978 2511 3286 2565 Eliazarum
3343 2522 3486 2561 anno
3508 2521 3663 2573 LXII;
3696 2505 3787 2559 hic

2209 2611 2521 2666 Hathauem
2567 2620 2711 2661 anno
2760 2618 3010 2669 xxxvni;
3053 2600 3143 2654 hic
3174 2597 3435 2652 Iacobum
3475 2610 3620 2650 anno
3672 2610 3782 2660 1.x;

2209 2699 2300 2756 hic
2339 2697 2637 2768 Iosephum
2700 2708 2845 2747 anno
2883 2706 3066 2745 Lxxvl.
3134 2688 3294 2743 Iesus
3338 2685 3596 2741 Christus
3639 2684 3784 2757 apud

2207 2792 2362 2848 Iuda
2390 2790 2805 2845 Bethlehemum
2846 2784 3114 2838 nascitur.
3171 2778 3395 2834 Summa
3443 2778 3706 2847 temporis
3751 2791 3785 2831 a

2211 2883 2400 2955 templi
2447 2880 2796 2950 reparatione
2848 2876 2915 2930 ad
2963 2873 3169 2930 Christi
3224 2871 3426 2924 natalia
3477 2870 3606 2924 anni
3657 2880 3787 2926 sunt

2209 2993 2379 3034 nxvul
2405 2995 2420 3044 ;
2452 2991 2483 3029 a
2507 2973 2801 3029 Solomone
2827 2970 3125 3040 primoque
3141 2965 3328 3036 templi
3354 2962 3585 3018 adiﬁcio
3613 2976 3787 3032 usque

2210 3071 2279 3127 ad
2306 3068 2605 3125 secundum
2655 3063 2786 3119 anni
2833 3078 2947 3116 nxu
2974 3079 2989 3127 ;
3019 3061 3089 3114 ab
3117 3058 3265 3113 exitu
3316 3055 3385 3111 ad
3433 3056 3784 3109 Solomouem

2212 3163 2340 3218 anni
2368 3175 2641 3217 ccccnxxx
2675 3174 2690 3223 ;
2722 3156 2791 3210 ab
2818 3154 3134 3209 Ahrahamo
3162 3152 3228 3204 ad
3256 3150 3460 3205 exitum
3500 3147 3633 3202 anni
3673 3160 3783 3211 nv;

2214 3272 2245 3311 a
2273 3254 2480 3311 diluvio
2507 3251 2575 3306 ad
2607 3249 2979 3305 Abraliamum
3022 3243 3150 3298 anni
3176 3256 3450 3297 nccccxtu
3479 3258 3494 3307 ;
3542 3239 3612 3294 ab
3640 3236 3788 3291 Ada-

2214 3364 2306 3403 mo
2361 3347 2428 3401 ad
2455 3344 2719 3401 diluvium
2765 3339 2905 3402 anni
2938 3351 3194 3393 unccxut
3232 3354 3245 3389 ε
3285 3347 3499 3388 summa
3549 3330 3787 3401 denique

2214 3439 2477 3510 temporis
2510 3437 2579 3491 ab
2607 3433 2816 3489 Adamo
2862 3431 2931 3485 ad
2974 3429 3179 3485 Christi
3214 3425 3429 3503 natalia
3478 3422 3610 3477 anni
3655 3431 3788 3477 sunt

2215 3542 2770 3591 nullustxxxxvui,
2827 3530 2990 3595 prout
3048 3519 3404 3591 Septuaginta
3455 3515 3787 3586 Interpretes

2214 3624 2430 3680 docent.
3198 3632 3217 3663 κ

2284 3738 2374 3793 14.
2413 3736 2546 3791 Post
2571 3734 2778 3789 obitum
2811 3730 3124 3786 Solomonis
3145 3767 3162 3793 ,
3196 3735 3257 3782 ut
3284 3727 3399 3795 jam
3429 3725 3640 3780 dictum
3662 3736 3783 3789 est,

2214 3831 2498 3887 Roboamo
2545 3841 2772 3897 regnum
2826 3836 3064 3883 exorso,
3113 3821 3223 3874 imo
3273 3819 3453 3889 primo
3503 3817 3788 3889 regnantis

2214 3934 2363 3976 anno
2381 3958 2400 3986 ,
2434 3916 2695 3973 Samaria
2722 3915 2912 3970 decem
2942 3910 3194 3967 tribubus
3223 3909 3495 3980 imperare
3523 3908 3690 3979 capit

2286 4013 2330 4068 I.
2370 4010 2730 4067 Jeroboamus
2758 4004 2953 4060 Nahati
2982 4004 3127 4059 illius
3157 4004 3318 4056 annis
3346 4016 3485 4057 xxu.

2283 4104 2406 4159 Iam
2439 4103 2519 4158 uti
2553 4100 2774 4155 Davidis
2822 4105 2980 4153 atate
3021 4095 3482 4167 prophetaverant
3524 4091 3785 4157 Gaddus,

2213 4195 2527 4263 Nathanes,
2578 4193 2872 4263 Asaphus;
2919 4204 3222 4259 rursusque
3269 4187 3580 4243 Solomonis
3627 4192 3789 4240 atate

2219 4290 2534 4353 Sadochus,
2566 4286 2772 4341 Aebias
2802 4282 3064 4338 Silonites
3103 4290 3157 4336 et
3201 4279 3465 4347 Sameas;
3507 4278 3583 4333 ita
3621 4277 3789 4334 etia

2213 4380 2529 4441 Ieroboami
2611 4376 2819 4446 ﬁliique
2873 4373 2995 4443 ejus
3043 4371 3238 4427 Nahati
3291 4379 3453 4427 atate
3503 4369 3784 4427 vaticinati

2216 4480 2346 4531 sunt
2389 4470 2625 4535 Aehias,
2671 4465 2934 4530 Sameas,
2981 4473 3098 4518 tum
3144 4470 3201 4519 et
3240 4463 3331 4518 ille
3362 4463 3457 4533 qui
3498 4463 3574 4517 ad
3610 4461 3786 4531 ipsam

606 4584 721 4644 XII.
763 4588 1017 4644 Achazus
1045 4587 1203 4644 anuis
1232 4604 1346 4643 xvi.
1373 4584 1675 4642 Undecimo
1704 4586 1908 4642 Achati
1957 4598 2102 4639 anno

2212 4569 2475 4626 Samaria
2503 4579 2652 4620 aram
2683 4563 2728 4627 ⁸,
2761 4574 2865 4616 nec
2894 4572 3006 4612 non
3037 4554 3236 4610 Ioasus
3257 4596 3273 4618 ,
3307 4565 3361 4609 et
3385 4554 3501 4610 Ioel
3520 4595 3536 4620 ,
3565 4562 3618 4611 et
3644 4554 3787 4609 Δη-

537 4678 702 4736 Israel
731 4679 787 4734 in
818 4679 1135 4735 servitutem
1170 4693 1202 4732 a
1231 4676 1617 4734 Salmanasaro
1644 4676 1899 4733 redactus
1927 4686 2034 4732 est.

606 4770 742 4827 XIII.
781 4770 1044 4826 Ezechias
1082 4770 1240 4826 annis
1271 4787 1422 4826 xxix.
1454 4768 1610 4825 Nono
1660 4769 1911 4825 Ezecliia
1960 4784 2107 4824 anno

537 4863 765 4917 Romam
795 4861 1041 4917 condidit
1074 4860 1375 4930 Romulus,
1407 4862 1501 4933 qui
1530 4869 1647 4918 erat
1692 4862 1757 4917 al.
1788 4860 2103 4917 Ahrahamo

538 4961 723 5009 annus
748 4968 1059 5008 uccnxxxm
1091 4953 1223 5026 (58).

606 5044 748 5102 XIV.
788 5045 1070 5102 Manasses
1098 5046 1259 5102 annis
1292 5061 1381 5100 LV.

607 5133 725 5190 XV.
768 5135 1007 5190 Amosus
1036 5135 1195 5189 annis
1231 5149 1340 5188 xu.

605 5225 746 5282 XVI.
788 5225 965 5283 Iosias
994 5227 1153 5282 annis
1182 5242 1341 5281 xxxi.

607 5318 774 5375 XVII.
812 5318 1117 5376 Inachasus
1150 5318 1431 5374 mensibus
1474 5332 1556 5372 ιιι.
1599 5312 1928 5371 Ioachasum
1971 5309 2110 5367 Nec—

605 5475 632 5509 ⁸
666 5473 855 5531 Matth.
900 5493 939 5541 ι,
983 5474 1035 5530 5.
1113 5475 1134 5506 ⁵
1173 5474 1245 5528 III
1271 5474 1409 5546 Reg.
1440 5487 1558 5538 xm,
1602 5471 1655 5525 I.

636 5631 724 5694 54)
762 5632 851 5688 Al.
878 5631 1036 5694 cod.,
1065 5645 1164 5686 xtl.
1522 5662 1525 5667 -

636 5695 723 5773 55)
761 5703 841 5760 Ita
870 5702 946 5773 ait
973 5710 1026 5758 et
1052 5700 1383 5773 Eupolemus
1404 5699 1545 5772 apud
1568 5698 1863 5758 Eusebium
1880 5740 1894 5768 ,
1919 5695 2102 5767 Priap.

539 5771 723 5840 evang.
755 5788 807 5825 ix
828 5810 844 5836 ,
872 5771 963 5826 '50.

616 5842 728 5916 (56)
764 5842 851 5898 Al.
883 5840 1007 5899 eod.
1027 5880 1042 5908 ,
1071 5841 1334 5913 Amplius.

2216 4665 2328 4720 rias
2356 4662 2606 4729 idemque
2629 4652 2820 4710 Addus
2838 4690 2854 4717 ,
2887 4657 3051 4720 atque
3077 4647 3340 4703 Anauias.

2286 4753 2351 4809 II.
2392 4751 2630 4806 Nahatus
2665 4746 2824 4801 annis
2853 4759 2914 4798 ιι.

2285 4844 2375 4901 III.
2416 4843 2576 4912 Bajas
2606 4838 2718 4911 (5t)
2751 4836 2912 4892 annis
2943 4850 3094 4890 xxiv.

2286 4936 2377 4992 IV.
2416 4934 2515 4988 Ela
2544 4932 2705 4987 annis
2734 4946 2795 4985 ιι.

2285 5031 2352 5086 V.
2393 5028 2615 5084 Zambri
2642 5024 2927 5081 mensibus
2952 5038 3051 5078 vu.

2285 5121 2377 5176 VI.
2418 5121 2570 5175 Ληιτὶ
2604 5119 2766 5174 annis
2794 5134 2894 5173 xu.

2284 5209 2397 5269 VII.
2442 5214 2733 5268 Achaahus
2766 5211 2927 5266 annis
2957 5224 3096 5265 xxu.

2286 5307 2401 5362 Sub
2432 5309 2535 5361 huc
2561 5307 2838 5376 propheta
2865 5304 3086 5360 fuerunt
3115 5300 3348 5368 Ahdias,
3381 5298 3527 5355 Elias
3547 5338 3562 5365 ,
3591 5294 3754 5354 Iesus
3779 5336 3795 5361 ,

2290 5620 2401 5684 (57)
2439 5617 2524 5672 Al.
2554 5614 2677 5670 cod.
2699 5653 2717 5679 ,
2746 5629 2919 5669 xtvu.

2289 5680 2401 5760 (58)
2440 5686 2648 5760 Maenia
2665 5685 2976 5760 templaque
3001 5682 3188 5741 Roma
3212 5684 3316 5741 hoc
3333 5696 3480 5740 anno
3504 5697 3535 5738 a
3557 5680 3794 5739 Romulo

2218 5753 2482 5820 adiﬁcata
2510 5755 2676 5810 tradit
2701 5753 2987 5810 Eusebius.

2292 5830 2406 5903 (59)
2442 5826 2642 5887 Euseb.
2661 5868 2678 5897 ,
2709 5825 2942 5881 Beatus.
