4142 6400
329 435 427 490 621

1073 421 1418 481 SAM‘UELIS
1454 414 1773 477 ANIENSIS
1807 410 2147 474 SUBIIIARII
2187 412 2571 471 'I'EIIII’OBUM
2603 410 2783 468 PARS
2818 413 2856 469 l.

3474 412 3580 470 622

330 549 481 609 Oziel
500 592 515 616 ,
564 544 795 604 Michael
827 564 842 614 ;
880 545 1011 601 'falsi
1057 540 1234 600 autem
1286 542 1562 615 propheta
1605 539 1902 596 Sedechias
1930 541 1979 598 Α
2000 535 2264 591 dimissos
2294 534 2537 598 Judaos,
2565 532 2801 603 praside
2833 529 3170 587 Zorobabele
3195 531 3288 602 qui
3319 530 3582 600 templum

332 649 496 712 atque
523 631 753 695 Eltezer.

401 729 540 787 VIII.
579 729 844 785 chosias
871 729 1039 784 annis
1075 743 1136 781 ιι.

410 820 505 876 IX.
544 820 798 876 Joramus
855 820 1015 874 annis
1075 834 1176 873 xu.
1243 815 1440 872 Iterum
1507 813 1908 885 prophetabant

333 914 483 969 Elias
512 920 567 968 et
599 912 844 968 Elisaus.
880 909 1121 981 Septimo
1164 907 1369 964 Jorami
1414 923 1568 961 renuo
1619 905 1764 962 Elias
1818 922 1907 960 suo

314 1000 582 1080 perlatus
615 1013 720 1061 est.

402 1096 473 1152 X.
512 1094 617 1151 Jeu
642 1095 804 1150 annis
826 1109 1029 1148 ‘xxvul.

406 1187 583 1243 Hinas
603 1227 620 1252 ,
653 1202 792 1258 quas
822 1185 915 1240 Dei
978 1185 1132 1239 furor
1158 1185 1211 1238 in
1256 1184 1534 1239 Achabum
1566 1198 1907 1253 uxoremque

322 1279 457 1350 'ejus
498 1277 805 1335 Jeeabelem
854 1276 1193 1339 intenderat,
1238 1275 1343 1331 Jeu
1396 1275 1463 1330 ad
1508 1291 1625 1331 rem
1676 1276 1906 1330 contulit

334 1373 491 1429 casis
518 1371 861 1444 septuaginta
895 1370 1100 1429 Achabi
1135 1368 1321 1423 liberis
1340 1410 1356 1434 ,
1385 1383 1486 1424 nec
1515 1384 1623 1422 non
1657 1366 1909 1424 Iezabele

332 1465 584 1532 Sidonia,
609 1474 662 1521 et
682 1465 1094 1536 quadringentis
1114 1461 1432 1518 exsecrandi
1453 1461 1581 1516 idoli
1606 1462 1902 1533 prophetis.

327 1557 440 1616 Per
467 1559 520 1614 id
554 1568 767 1628 tempus
798 1556 942 1626 apud
974 1556 1227 1610 Israelem
1261 1554 1624 1625 prophetabat
1651 1554 1901 1610 Azarias.

403 1649 498 1708 XI.
537 1648 845 1704 Joacbazus
874 1647 1034 1702 annis
1064 1662 1197 1700 xvu.
1233 1644 1408 1716 Hujus
1436 1654 1595 1701 atate
1627 1661 1721 1701 rex
1749 1644 1906 1701 Iuda

332 1742 533 1799 Joasus
557 1741 809 1797 Azariam
858 1738 1164 1805 interfecit,
1189 1747 1307 1794 tum
1334 1748 1387 1795 et
1416 1737 1644 1794 Elisaus
1672 1738 1785 1793 vita
1811 1754 1905 1794 ex-

319 1836 526 1890 cessit.

406 1924 522 1980 Xll.
543 1925 743 1981 Joasus
761 1924 920 1980 annis
951 1938 1065 1978 xvi.

405 2016 545 2071 XIII.
570 2017 971 2072 Hieroboamus
1013 2014 1173 2069 annis
1205 2028 1316 2067 xu.
1363 2010 1542 2082 Hujus
1571 2020 1734 2068 atate
1761 2012 1906 2067 vati-

319 2110 502 2165 icinati
539 2119 667 2166 sunt
696 2106 1165 2175 0seas,Amosus,
1204 2104 1371 2161 Isaias
1395 2113 1448 2160 et
1468 2103 1658 2160 Jonas.

404 2199 548 2258 XIV.
574 2199 871 2256 Zacharias
902 2198 1185 2255 mensibus
1214 2214 1285 2252 vi.

405 2294 525 2352 XV.
559 2293 835 2349 Sellumus
864 2291 1059 2347 diebus
1076 2306 1207 2346 ην.

402 2386 550 2442 XVI.
581 2385 901 2442 Manaemus
937 2382 1098 2439 annis
1128 2399 1183 2437 ι.

410 2480 571 2537 XVII.
608 2478 853 2534 Pbaceas
875 2477 1032 2533 annis
1064 2493 1121 2532 ι.
1150 2473 1307 2531 Νοιιο
1338 2475 1503 2546 hujus
1554 2489 1699 2530 anno
1726 2473 1906 2545 prima

322 2573 606 2646 ~olympias
639 2580 758 2626 acta
785 2579 891 2627 est.

406 2663 594 2721 XVIII.
627 2663 869 2719 Pbaceas
906 2662 1066 2719 annis
1092 2678 1188 2717 xx.

406 2755 550 2812 XIX.
575 2756 744 2813 Oseas
775 2753 934 2811 annis
964 2770 1044 2810 ιι.

407 2847 549 2905 Osea
577 2856 858 2920 regnante,
884 2846 1069 2902 decem
1103 2845 1279 2901 tribus
1308 2842 1558 2901 servituti
1584 2840 1907 2912 mancipata

332 2949 469 2999 sunt
495 2956 525 2994 a
557 2938 962 3003 Salmanasaro,
1013 2936 1363 3007 deletumque
1407 2932 1767 2989 Israeliticum
1812 2930 1909 2985 Sa-

338 3037 525 3092 maria
544 3050 793 3107 regnum,
818 3047 963 3089 anno
1012 3032 1216 3087 Achazi
1240 3028 1566 3100 imperantis
1592 3025 1903 3089 undecimo,

331 3136 628 3200 postquam
649 3127 808 3182 annis
836 3139 939 3180 CCL
962 3127 1226 3180 stetisset.
1276 3121 1416 3175 Hinc
1441 3128 1623 3175 autem
1660 3117 1729 3172 ad
1768 3123 1908 3172 tem-

2013 628 2314 698 urbemque
2368 627 2613 683 restituit
2648 646 2661 680 :
2698 633 2814 679 tum
2832 634 2888 680 et
2918 623 3208 695 pontiﬁces
3253 623 3586 678 exstiterunt

2009 736 2182 790 usque
2208 729 2275 773 ad
2307 726 2531 773 unctum
2558 718 2774 780 ducem,
2811 717 2866 770 in
2890 731 3001 786 quo
3031 715 3357 786 patriarcha
3387 712 3581 769 Jacobi

2002 811 2322 866 vaticinatio
2359 811 2566 864 exitum
2626 808 2821 863 sortita
2869 814 2954 863 est
2982 806 3217 861 dicentis
3247 824 3262 862 :
3293 804 3451 861 Haud
3480 804 3581 860 de-
3628 822 3631 875 ς

2006 903 2275 959 fecturum
2301 918 2331 956 e
2351 899 2491 954 Iuda
2524 898 2824 969 principem
2844 937 2859 961 ,
2890 896 2975 952 vel
2999 896 3066 951 de
3095 896 3343 964 ejusdem
3377 893 3584 950 femore
3630 920 3633 925 -

2004 994 2223 1057 ducem,
2257 991 2434 1061 quoad
2456 989 2547 1044 ille
2575 988 2895 1044 adventaret
2943 986 3011 1041 ad
3031 1001 3192 1055 quem
3222 986 3456 1056 pertinet
3480 986 3582 1040 im-

2000 1086 2219 1157 perium
2249 1085 2291 1141 '.
2318 1082 2436 1139 Iam
2459 1083 2600 1139 duce
2631 1080 2967 1138 Zorobabele
2996 1081 3243 1152 pontifex
3269 1089 3389 1137 erat
3417 1079 3583 1137 Iesus

1994 1178 2292 1235 veIosedecbi
2322 1176 2468 1232 ﬁlius
2503 1193 2517 1227 :
2545 1178 2668 1231 exin
2713 1173 2996 1230 Jachimus
3024 1214 3038 1238 ,
3075 1173 3217 1228 idem
3243 1173 3336 1244 qui
3358 1171 3601 1227 Joacbi-A

2006 1285 2150 1334 mus,
2179 1270 2310 1326 ilesu
2341 1270 2525 1325 ﬁlius:
2557 1283 2659 1324 nec
2708 1282 2820 1322 non
2878 1265 3074 1321 Elarus
3098 1266 3234 1337 (60),
3288 1264 3431 1319 idem
3486 1264 3583 1334 qui

2002 1363 2311 1427 Esiasibus,
2347 1362 2494 1417 ﬁlius
2536 1360 2793 1416 Jacbimi.
2852 1358 2982 1413 Erat
3004 1359 3232 1428 insuper
3266 1356 3473 1413 Esdras
3501 1370 3586 1411 sa-

2003 1455 2223 1521 cerdos,
2246 1455 2431 1510 scriba
2470 1453 2650 1524 legum
2696 1458 3002 1516 Sacrarum,
3057 1451 3369 1520 nobilisque
3394 1449 3587 1503 doctor

2004 1562 2198 1603 eorum
2215 1547 2305 1617 qui
2336 1544 2616 1617 Babylone
2670 1545 2724 1599 in
2772 1543 3019 1600 Judaam
3051 1541 3414 1598 ascenderant
3445 1540 3582 1613 (61).

2003 1638 2391 1694 δοράτωνΑεὶὺὶ
2422 1638 2589 1703 ﬁlius,
2624 1636 2729 1692 sub
2753 1651 2863 1705 quo
2886 1633 3182 1689 Nehemias
3222 1634 3445 1687 Artaxis
3464 1633 3587 1701 pina

2005 1746 2193 1796 cerua,
2213 1745 2412 1804 genere
2431 1728 2712 1793 Hebraus,
2736 1727 3015 1799 Babylone
3040 1727 3188 1782 venit
3212 1724 3587 1797 Hierosolyma

2009 1838 2307 1894 murosque
2330 1820 2612 1878 excitavit.
2644 1818 2886 1874 Joannes
2910 1817 3096 1873 Ioada
3122 1816 3289 1873 ﬁlius.
3343 1815 3583 1871 Joannis

2008 1916 2154 1971 ﬁlius
2181 1915 2409 1979 Jaddus,
2431 1914 2592 1983 cujus
2613 1920 2773 1967 atate
2807 1909 3030 1965 Macedo
3058 1908 3366 1964 Alexander
3391 1908 3587 1964 Hiero-

2009 2009 2220 2080 solyma
2247 2006 2529 2076 ingressus
2559 2003 2728 2058 Deum
2751 2002 3021 2058 adoravit.
3044 1999 3216 2056 Onias
3239 1998 3398 2054 .Iaddi
3420 1998 3585 2056 filius.

2004 2101 2234 2155 Simeon
2260 2102 2623 2167 cognomento
2660 2092 2875 2149 Justus.
2913 2092 3187 2146 Simeonis
3236 2090 3403 2145 frater
3431 2088 3592 2145 Elea-

2009 2205 2193 2254 zarus,
2215 2189 2323 2245 sub
2336 2201 2447 2258 quo
2468 2184 2829 2256 Septuaginta
2870 2182 2989 2237 Viri
3020 2182 3237 2238 divinos
3266 2181 3437 2236 libros
3460 2178 3589 2233 Pto-

2008 2283 2179 2339 lemai
2203 2281 2353 2352 regis
2377 2281 2537 2351 jussu
2566 2279 2632 2333 ad
2674 2276 2880 2332 Gracae
2911 2276 3108 2347 lingua
3137 2272 3590 2328 consuetudinem

2000 2371 2452 2425 transtulerunt.
2510 2367 2793 2425 Manasses
2847 2364 3088 2420 Eleazari
3139 2372 3387 2434 patruus.
3420 2361 3590 2417 Onias

2010 2457 2287 2514 Simeonis
2313 2457 2456 2514 Justi
2502 2456 2667 2513 filius.
2707 2454 2859 2511 Onia
2903 2454 3050 2510 filius
3084 2453 3328 2518 Simeon,
3351 2452 3458 2509 sub
3482 2467 3591 2522 quo

2007 2558 2134 2606 erat
2159 2549 2325 2606 Iesus
2362 2548 2600 2603 Siracbi.
2632 2546 2911 2603 Simeonis
2939 2545 3083 2600 ﬁlius
3109 2542 3297 2600 Onias.

2080 2642 2171 2699 18.
2204 2640 2343 2698 Tres
2372 2640 2571 2698 deinde
2608 2655 2673 2695 ac
2698 2639 2922 2710 triginta
2951 2645 3077 2708 post
3102 2652 3275 2691 annos
3288 2636 3591 2691 Antiocnus

2010 2733 2324 2805 Epiphanes
2353 2731 2599 2788 Judaam
2651 2731 2942 2801 ingressus
2994 2727 3372 2800 pontiﬁcatum
3397 2725 3593 2781 Iudai-

2008 2841 2134 2881 cum
2156 2840 2189 2881 a
2226 2823 2358 2880 Iesu
2386 2829 2752 2894 cognomento
2770 2819 2974 2876 Jasone
3000 2819 3069 2874 ad
3089 2819 3334 2889 ejusdem
3367 2816 3591 2873 fratrem

2004 2913 2207 2973 Oniam
2273 2914 2601 2980 transtulit;
2658 2928 2855 2969 rursus
2917 2910 3046 2965 huic
3103 2916 3349 2980 ereptum
3376 2947 3392 2972 ,
3440 2905 3592 2962 Onia

2008 3017 2369 3079 cognomento
2403 3005 2646 3062 Menelao
2672 3004 2839 3059 dedit.
2880 3001 3005 3058 Mox
3046 3003 3236 3072 elapso
3266 3000 3587 3071 quinquen-

2009 3102 2104 3156 nio
2139 3098 2422 3170 occupatis
2469 3096 2862 3169 Hierosolymis
2910 3093 3172 3164 templum
3227 3090 3477 3161 diripuit,
3510 3090 3592 3145 si-

528 3217 922 3290 Hierosolymis
954 3213 1481 3271 Nabuchodonosori
1515 3211 1571 3267 vi
1601 3210 1707 3266 sub
1732 3206 1904 3264 Sede-

2011 3209 2177 3266 gnum
2227 3191 2379 3248 lovis
2413 3189 2681 3262 Olympici
2740 3187 2942 3243 ibidem
2983 3183 3305 3251 collocavit;
3348 3183 3404 3237 in
3430 3181 3593 3236 Gari-

336 3313 462 3370 chia
493 3326 743 3368 eversum
774 3310 905 3365 anni
930 3316 1290 3364 numerantur
1319 3321 1464 3362 CLVI.

408 3407 497 3462 15.
527 3404 569 3458 Ε
601 3404 1045 3476 Paralipomenis.
1079 3403 1199 3458 1am
1236 3402 1305 3457 'de
1344 3399 1538 3455 Levini
1596 3411 1799 3470 genere
1829 3409 1921 3451 sa-

338 3496 592 3551 cerdotes
610 3510 784 3565 usque
803 3494 872 3548 ad
900 3492 1278 3564 captivitatem
1339 3490 1562 3545 fuerunt
1587 3489 1678 3542 bi:
1710 3486 1918 3545 Aaron.

341 3588 653 3653 Eliazarus,
686 3586 948 3653 Phinees,
977 3585 1246 3648 Abiudus,
1274 3583 1558 3647 Borchias,
1594 3580 1778 3644 Ozias,
1812 3577 1921 3632 Za-

344 3698 496 3745 reas,
519 3680 843 3744 Mariothus,
901 3668 1173 3743 Amarias,
1219 3674 1544 3738 Acbitobus,
1609 3671 1917 3735 Sadochus,
1979 3723 1981 3726 ι

344 3773 658 3837 Achiamas,
688 3771 937 3837 Azarias,
958 3769 1157 3834 Jo‘nan,
1181 3768 1427 3844 Azarias,
1450 3765 1722 3829 Amarias,
1753 3762 1922 3817 Achi-

336 3865 530 3930 tobus,
564 3864 872 3927 Sadochus,
904 3861 1136 3917 Elumus
1161 3901 1175 3924 ,
1212 3858 1489 3926 Helcbias,
1524 3858 1774 3920 Azarias,
1810 3854 1919 3908 Za-

344 3972 515 4022 rraus,
557 3955 915 4019 Josedecbus,
974 3954 1069 4023 qui
1112 3953 1440 4025 Babylonem
1502 3950 1774 4007 concessit
1807 3963 1917 4018 quo

340 4059 591 4119 tempore
618 4046 1191 4103 Nabuchodonosorus
1242 4043 1438 4098 Iudam
1471 4042 1742 4098 servitute
1762 4056 1917 4112 pres-

346 4141 438 4197 sit.
468 4139 594 4196 Hac
612 4139 1043 4210 Paralipomenis
1064 4137 1450 4194 commendata
1479 4143 1629 4190 sunt.

421 4232 509 4287 I6.
542 4232 709 4303 Igitur
726 4230 875 4288 Josia
906 4232 1124 4286 tertium
1151 4230 1261 4299 jam
1311 4237 1365 4281 et
1403 4228 1674 4281 decimum
1714 4241 1917 4280 annum

346 4320 505 4377 Juda
548 4321 872 4393 imperante,
938 4321 1152 4375 initium
1200 4317 1566 4393 prophetandi
1609 4315 1915 4370 Hieremias

350 4412 484 4468 fecit
513 4433 526 4468 :
563 4424 676 4468 tum
707 4421 761 4468 et
795 4427 939 4467 anno
985 4410 1230 4482 ejusdem
1287 4409 1432 4477 regis
1466 4407 1710 4463 secundo
1751 4420 1918 4476 supra

353 4507 672 4563 vicesimum
694 4504 1005 4576 Sophonias
1061 4512 1115 4559 et
1152 4502 1455 4558 Hieremias
1482 4502 1915 4572 prophetabant:

2026 3287 2152 3342 zino
2177 3285 2287 3358 (62)
2316 3293 2498 3340 autem
2558 3281 2708 3337 Iovis
2749 3278 3047 3349 Hospitalis
3074 3279 3117 3332 ".
3162 3276 3239 3330 Ea
3267 3281 3593 3345 tempestate

2026 3379 2313 3436 Matatbias
2361 3374 2584 3446 quidam
2632 3372 2893 3428 sacerdos
2935 3368 3240 3424 Asantonai
3290 3366 3435 3423 filius
3460 3404 3477 3431 ,
3520 3380 3591 3421 ex

2024 3472 2227 3544 oppido
2262 3469 2539 3534 Hodimo,
2591 3467 2735 3522 bello
2782 3464 3046 3519 adversus
3098 3462 3286 3532 copias
3333 3459 3593 3515 Antiochi

2022 3580 2148 3623 cum
2176 3563 2304 3619 filiis
2323 3561 2442 3618 suis
2463 3557 2802 3615 decertabat.
2847 3554 2914 3610 Et
2949 3553 3120 3608 Iudas
3168 3567 3302 3608 sane
3337 3552 3481 3606 ﬁlius
3510 3549 3594 3604 fn-

2023 3671 2144 3727 gam
2171 3652 2430 3724 Syrorum
2447 3649 2598 3713 fecit,
2630 3646 3002 3716 templumque
3025 3641 3295 3705 lustravit,
3320 3655 3385 3695 ac
3416 3640 3593 3709 patria

2022 3760 2179 3803 sacra
2212 3742 2476 3806 restituit,
2510 3754 2634 3812 qua
2688 3736 2928 3792 triennio
2955 3733 3355 3790 obsoleverant.
3387 3729 3593 3786 Deinde

2020 3839 2247 3895 Menelai
2299 3834 2613 3891 Iudaeorum
2654 3829 2931 3901 pontiﬁcis
2976 3824 3341 3883 sacerdotium
3392 3822 3595 3892 excipit

2019 3933 2285 3993 Alcimus,
2331 3929 2476 3985 idem
2525 3925 2621 3997 qui
2661 3924 2962 3983 Jachimus.
3017 3921 3229 3975 alienus
3256 3918 3384 3972 licet
3405 3914 3593 3987 generi

2019 4022 2365 4080 sacerdotali.
2416 4019 2782 4086 Quamobrem
2827 4015 2994 4069 Onias
3031 4010 3313 4067 sacerdote
3334 4007 3593 4079 progeni-

2018 4128 2107 4174 tus
2148 4118 2201 4171 in
2233 4115 2528 4186 JEgyptum
2554 4110 2940 4181 proficiscitur,
2978 4106 3162 4175 ibique
3190 4103 3378 4156 urbem
3404 4099 3594 4154 condit

2017 4210 2323 4279 Amopolim
2352 4206 2558 4277 (65).in
2587 4218 2760 4273 eaque
2790 4201 3052 4270 templum
3102 4197 3168 4250 ad
3204 4196 3378 4249 instar
3405 4192 3597 4246 Hiero-

2021 4298 2334 4370 solymitani
2388 4294 2709 4366 erigendum
2734 4300 2913 4346 curat.
2952 4289 3197 4343 Mcimus
3255 4291 3434 4338 autem
3467 4296 3595 4336 cum

2019 4391 2156 4447 Iuda
2192 4390 2494 4461 confligens
2542 4387 2693 4443 brevi
2727 4401 2757 4439 a
2790 4383 2903 4438 Deo
2955 4393 3254 4452 percussus
3317 4376 3524 4430 interiit
3548 4372 3592 4427 ³.

2020 4484 2185 4554 Igitur
2210 4482 2487 4539 communi
2542 4478 2801 4548 suffragio
2853 4472 3223 4533 sacerdotium
3279 4470 3345 4524 ad
3397 4465 3595 4522 ludam

348 4612 655 4668 rursusque
682 4612 826 4651 anno
857 4594 1133 4651 Sedechia
1164 4603 1361 4664 quarto
1390 4593 1670 4648 Baruchus
1703 4601 1756 4647 et
1789 4591 1913 4646 Hie-
1949 4606 1991 4660 υ
2024 4577 2280 4631 conatum
2304 4582 2409 4629 θεῖ·

351 4691 559 4744 remias
587 4706 600 4742 :
630 4698 823 4742 octavo
850 4695 1029 4742 autem
1081 4686 1410 4756 captivitatis
1438 4699 1582 4738 anno
1602 4683 1788 4738 Daniel
1816 4683 1918 4736 Ba-

354 4781 554 4852 bylone
583 4788 637 4834 et
671 4778 956 4834 Ezechiel:
994 4787 1105 4831 tum
1144 4793 1287 4831 anno
1309 4783 1502 4852 octavo
1550 4790 1614 4829 ac
1634 4775 1916 4829 tricesimo

357 4872 589 4942 Aggaus
628 4879 683 4926 et
728 4869 1063 4924 Zacharias:
1107 4877 1261 4924 sexto
1298 4848 1535 4937 denique
1561 4880 1704 4921 anno
1747 4880 1915 4934 supra

354 4964 752 5035 sexagesimum
786 4961 947 5017 iidem
975 4962 1204 5032 Aggaus
1231 4975 1295 5014 ac
1320 4959 1637 5021 Zacharias,
1681 4959 1918 5028 itemque

355 5056 670 5112 Halachias.
694 5056 815 5109 Alia
860 5053 1089 5109 historia
1126 5053 1293 5106 tradit
1338 5053 1657 5107 vaticinatus
1686 5065 1808 5105 esse
1835 5050 1921 5103 his

352 5146 696 5217 temporibus
748 5143 1078 5208 Nahumum,
1104 5142 1560 5206 Ambacltumum,
1587 5140 1910 5196 Malachiam

354 5251 521 5310 atque
545 5238 841 5295 Danielem.

429 5325 518 5381 17.
552 5327 793 5385 Iamvero
812 5342 920 5398 quo
940 5335 1100 5397 pacto
1120 5325 1368 5381 videntes
1388 5333 1443 5381 et
1472 5326 1752 5397 propheta
1775 5322 1918 5395 apud

352 5436 603 5494 captivos
617 5432 793 5488 erant,
829 5421 1018 5477 eodem
1041 5421 1200 5475 etiam
1239 5428 1362 5489 post
1403 5434 1510 5472 ιιι
1567 5432 1742 5472 annos
1773 5416 1915 5486 apud

2095 4713 2180 4766 19.
2208 4712 2249 4765 1.
2275 4709 2466 4772 Iudas,
2499 4707 2591 4777 qui
2635 4713 2689 4760 et
2717 4702 3116 4762 Macchabaus,
3173 4697 3331 4752 annis
3361 4711 3419 4751 III
3450 4695 3595 4750 intra

2021 4803 2377 4875 Olympiadem
2405 4799 2758 4855 centesimam
2789 4792 3295 4864 quinquagesimam
3323 4788 3592 4859 quintam.

2094 4915 2158 4970 II.
2191 4913 2474 4976 Jonathas,
2506 4911 2598 4981 qui
2630 4917 2683 4964 et
2708 4906 2996 4978 Aphuthus
3017 4943 3032 4966 ,
3057 4902 3217 4957 anuis
3237 4915 3351 4954 χιιι.

2098 5005 2185 5059 111.
2214 5005 2425 5066 Simon,
2449 5002 2545 5072 qui
2568 5010 2623 5056 et
2647 4999 2892 5061 Tarscis,
2929 4996 3091 5050 annis
3119 5009 3239 5049 VIII.

2095 5096 2186 5151 IV.
2215 5094 2525 5168 Hyrcanus,
2551 5091 2645 5162 qui
2675 5098 2729 5145 et
2754 5088 3018 5149 Joannes,
3051 5089 3211 5140 annis
3240 5098 3389 5138 xxvi.

2096 5209 2163 5263 V.
2204 5208 2544 5265 Aristabulus
2572 5222 2716 5261 anno
2743 5221 2778 5257 I.
2822 5203 2903 5256 Ad
2929 5200 3291 5257 sacerdotium
3313 5194 3602 5251 Aristabu-

2023 5299 2112 5357 Ius
2141 5300 2389 5356 diadema
2412 5299 2617 5369 regium
2635 5296 2852 5365 adjecit.

2099 5412 2182 5467 VI.
2208 5412 2485 5477 Jannaus,
2523 5410 2615 5481 qui
2635 5417 2688 5465 et
2714 5405 3051 5470 Alexander,
3085 5403 3243 5458 annis
3272 5416 3421 5456 xxvu
3462 5397 3597 5469 (64).

428 5577 453 5611 ⁸
488 5574 626 5634 Gen.
666 5593 816 5632 χιιι.
855 5576 942 5630 10.
1016 5577 1036 5607 ’⁷
1066 5572 1112 5628 11
1146 5574 1388 5630 Machab.
1423 5592 1499 5641 vn,
1540 5574 1593 5628 2.
1668 5575 1691 5606 ³
1727 5571 1765 5626 ll
1800 5570 1915 5626 Mac

2011 5568 2167 5634 δίης,
2207 5568 2295 5635 65,
2325 5567 2415 5623 56.

434 5713 548 5783 (66)
578 5713 656 5766 Ita
679 5712 893 5783 codices
924 5712 1215 5768 Samuelis.

432 5781 545 5853 (61)
569 5783 769 5839 Confer
793 5781 1083 5853 Eusebium
1108 5783 1176 5837 ad
1212 5800 1300 5838 an.
1333 5782 1490 5837 I558.

437 5851 552 5929 (62)
580 5853 750 5910 Codd.
762 5893 776 5919 ,
805 5851 1043 5908 Samrin.

2100 5678 2212 5776 (63)
2237 5705 2528 5765 Eusebius,
2558 5703 2622 5756 ad
2647 5718 2852 5757 annum
2876 5699 3035 5765 I856,
3071 5697 3330 5772 Onuplu's.

2101 5776 2213 5849 (GI)
2244 5777 2325 5830 Al.
2360 5776 2507 5842 cod.,
2545 5790 2752 5828 xxxvu.
