4142 6400
511 419 618 476 625

1560 406 1900 464 APPENDIX
1940 407 2030 460 AD
2070 405 2340 462 EUSEBII
2379 403 2797 462 CHRONICON.

3686 396 3790 454 69.4

582 533 696 590 VII.
732 531 1043 588 Alexandra
1083 543 1222 584 uxor
1276 525 1572 582 Alexandri
1622 525 1781 582 annis
1839 539 1918 579 lx.
1972 524 2098 580 Haec
2127 532 2177 588 Α
2275 522 2362 579 IV.
2405 523 2621 587 Zames,
2649 523 2743 592 qui
2768 528 2822 576 et
2853 519 3084 582 Ninuas,
3115 514 3273 571 annis
3307 531 3478 570 xxxii.

503 624 825 681 Alexandra
851 621 1038 676 Salina
1065 627 1256 676 vocata
1298 624 1402 673 est.

580 715 717 771 VIII.
746 715 1036 786 Hyrcanus
1061 712 1220 766 annis
1250 726 1418 764 xxxiv
1454 709 1590 781 (65).

578 811 672 866 20.
702 809 840 863 Cum
870 806 1216 861 Aristabulus
1261 813 1315 858 et
1357 801 1646 873 Hyrcanus
1674 800 1972 856 Alexandri
2004 799 2100 854 ﬁlii

515 905 659 958 inter
691 917 751 956 se
783 903 1192 960 concertarent,
1218 895 1512 965 Pompeius
1536 895 1814 948 Romanus
1836 909 2100 965 superve-

514 993 1063 1053 niensAristabulum
1085 989 1340 1044 vinctum
1360 1004 1546 1044 secum
1574 987 1820 1053 abduxit,
1849 985 2104 1058 Hyrcano

515 1095 696 1143 autem
735 1084 1119 1157 pontiﬁcatum
1147 1081 1520 1144 conﬁrmavit,
1551 1080 1644 1150 qui
1680 1079 1903 1150 quidem
1941 1079 2102 1134 annis

513 1191 750 1252 quatuor
786 1178 1122 1249 trigintaque
1146 1182 1269 1246 post
1303 1189 1334 1227 a
1371 1173 1590 1228 Parthis
1636 1181 1830 1242 captus
1856 1179 1962 1228 est.
2012 1168 2107 1226 Sic

513 1274 824 1329 Iudaeorum
879 1284 1108 1339 regnum
1131 1269 1392 1337 unctique
1449 1263 1710 1336 praesides
1758 1263 2104 1338 desiverunt,

516 1369 596 1423 uti
633 1365 823 1419 Daniel
863 1363 1187 1434 praedixerat
1215 1376 1228 1412 :
1275 1367 1569 1414 unctorum
1595 1364 1778 1411 autem
1804 1354 2107 1426 prasidum

516 1459 740 1516 nomine
767 1455 1482 1528 pontiﬁcesintelliguntur,
1517 1452 1610 1522 qui
1650 1457 1778 1520 post
1816 1448 2054 1504 reditum
2076 1461 2107 1501 a

517 1554 841 1623 captivitate
865 1551 1073 1621 populo
1101 1547 1441 1618 priefuerunt
1471 1565 1482 1599 :
1521 1543 1726 1614 quique
1751 1541 1866 1597 orsi
1895 1555 1926 1593 a
1950 1553 2109 1595 sexa-

518 1649 724 1716 gesima
748 1644 938 1714 quinta
967 1641 1276 1713 olympiade
1312 1639 1418 1694 sub
1446 1637 1633 1701 Dario,
1668 1633 1977 1706 Olympiade
2011 1631 2106 1686 de-

519 1753 669 1791 mum
697 1738 994 1792 centesima
1022 1733 1354 1802 octogesima
1397 1739 1550 1787 sexta
1610 1729 1771 1784 ﬁnem
1816 1723 2104 1782 fecerunt:

520 1827 667 1898 quod
704 1826 963 1897 temporis
1004 1826 1346 1879 intervallum
1380 1821 1568 1876 Daniel
1600 1820 1866 1891 propheta
1892 1824 2128 1887 septua-A

519 1891 673 1993 ginta
703 1891 1101 1976 hebdomadum
1153 1919 1315 1973 titulo
1348 1917 1786 1971 adumbraverat.
1833 1913 2095 1984 Equidem
2129 1891 2171 1945 Β

521 2020 648 2083 post
673 2011 984 2083 Hyrcanum
1015 2025 1176 2064 nemo
1205 2009 1307 2063 fuit
1334 2024 1363 2062 e
1385 2023 1584 2079 genere
1619 2005 1966 2068 sacerdotali,
2003 2002 2099 2058 sed

523 2099 721 2169 ignotae
751 2099 939 2168 stirpis
965 2098 1229 2152 menstrui
1254 2096 1475 2167 quidam
1504 2097 1585 2152 vel
1613 2095 1777 2149 annui
1814 2093 2097 2165 praesides.

523 2188 664 2243 Tum
691 2190 928 2260 denique
951 2189 1194 2245 Herodes
1215 2190 1521 2260 alienigena
1569 2203 1799 2260 regnum
1839 2187 2097 2251 obtinuit,

525 2281 685 2350 cujus
706 2282 984 2336 tricesimo
1017 2281 1258 2336 secundo
1293 2296 1437 2336 anno
1473 2281 1739 2338 Dominus
1783 2278 1983 2337 Noster
2005 2277 2100 2336 Je-

522 2389 623 2428 sus
644 2371 903 2428 Christus
937 2381 1100 2427 natus
1130 2381 1235 2428 est.

1138 2505 1368 2561 CAPUT
1393 2507 1485 2564 Vl.

987 2618 1175 2672 Cliami
1206 2623 1456 2690 prosapia
1499 2621 1640 2692 (66).

606 2736 652 2789 ι.
689 2731 969 2788 Hactenus
998 2749 1099 2790 nos
1134 2749 1232 2804 pro
1256 2742 1514 2804 suscepto
1541 2736 1825 2806 proposito
1855 2744 2103 2806 posteros

531 2825 677 2880 Semi
703 2826 772 2879 ad
800 2826 1093 2880 adventum
1128 2843 1302 2896 usque
1341 2827 1546 2882 Christi
1597 2829 1797 2884 divinis
1837 2829 1994 2885 libris
2017 2831 2107 2884 in—

521 2919 642 2973 nixi
669 2917 1019 2990 digessimus.
1053 2918 1210 2974 Nunc
1246 2921 1313 2975 ad
1350 2919 1617 2974 Chamum
1667 2936 1788 2992 qua:
1831 2922 2107 2991 pertinent

527 3009 817 3064 scribenda
873 3017 1036 3076 sunt;
1083 3010 1230 3064 haud
1282 3025 1444 3078 sane,
1494 3019 1554 3064 ut
1578 3009 1747 3076 Semi,
1805 3012 2106 3067 liberorum

529 3101 842 3166 successio,
869 3103 973 3156 sed
1004 3117 1270 3157 annorum
1313 3119 1608 3171 numerus,
1638 3119 1829 3175 regum
1861 3105 2103 3170 nomina,

523 3201 644 3247 tum
666 3208 917 3264 quaenam
951 3201 1140 3264 gentes
1182 3196 1426 3265 potentia
1469 3203 1644 3250 auctae
1685 3198 1980 3252 alterutras
2014 3196 2108 3253 de—
2135 3235 2178 3296 C

527 3285 802 3351 vicerunt,
836 3300 1010 3354 usque
1033 3286 1101 3340 ad
1126 3286 1422 3340 humanam
1477 3284 1788 3343 Servatoris
1829 3295 2102 3347 naturam.

529 3371 610 3428 Ex
637 3377 886 3445 eoigitur
916 3376 1057 3439 loco,
1101 3377 1158 3431 in
1213 3392 1324 3447 quo
1373 3392 1556 3433 sermo
1603 3387 1792 3434 noster
1839 3377 2106 3444 substitit,

530 3480 656 3520 cum
691 3465 883 3521 Chami
923 3468 1348 3537 procreationes,
1367 3481 1530 3540 prout
1559 3485 1656 3526 eas
1687 3485 1862 3526 sacrae
1891 3470 2110 3527 Litterae

522 3559 848 3624 tradebant,
877 3559 1306 3630 descripsimus;
1343 3562 1562 3628 exinde,
1587 3562 1836 3634 inquam,
1867 3563 2111 3620 ordiatur

531 3653 775 3706 narratio
797 3667 827 3706 e
857 3661 1021 3707 certe
1051 3653 1174 3708 ﬁdei
1215 3653 1371 3710 libris
1426 3655 1645 3721 hausta,
1690 3673 1886 3728 nempe
1911 3673 2111 3713 secun-

532 3743 662 3798 dum
713 3745 1060 3801 narrationes
1111 3746 1500 3802 chronicorum
1560 3748 1783 3805 Eusebii
1829 3766 2111 3806 canonum

534 3835 898 3906 historicique
951 3835 1337 3894 Armeniorum
1363 3839 1532 3896 Mosis
1551 3842 1943 3910 Chorenensis;
1975 3860 2114 3914 quo-

534 3942 657 3982 rum
701 3928 922 3998 quidem
971 3938 1284 3998 postremus
1339 3933 1420 3988 sic
1479 3934 1556 3988 ait
1588 3934 1739 4005 (67):
1785 3934 1904 3990 «De
1960 3935 2108 4001 Belo,

533 4019 696 4088 cujus
718 4027 878 4074 aatate
890 4021 1160 4076 maximus
1182 4030 1371 4078 noster
1399 4028 1714 4095 progenitor
1735 4026 1870 4080 vixit
1886 4025 2108 4092 Haicus,

536 4111 693 4164 inulti
721 4113 890 4166 multa
915 4114 1187 4183 variaque
1203 4115 1576 4186 tradiderunt;
1612 4133 1712 4190 ego
1743 4128 1922 4176 autem
1949 4137 2111 4192 quem

537 4202 837 4256 Saturnum
883 4215 1201 4276 nuncupant
1254 4217 1415 4278 atque
1476 4209 1662 4266 Belum
1694 4253 1708 4278 ,
1777 4212 2112 4269 Nebrothum

527 4292 710 4349 fuisse
737 4295 822 4350 aio
852 4311 863 4346 :
897 4312 1002 4366 qua
1033 4314 1198 4368 super
1219 4316 1277 4355 re
1306 4300 1546 4373 Egyptii
1575 4320 1699 4358 cum
1725 4303 1872 4360 Mose
1892 4307 2113 4377 conspi~

538 4392 682 4452 rant,
702 4396 1090 4456 percensentes
1128 4391 1455 4461 Vulcanum,
1484 4395 1662 4452 Solem
1695 4413 1758 4451 ac
1787 4396 2110 4467 Saturnum,

526 4477 629 4548 qui
680 4486 809 4532 sunt
855 4479 1116 4546 Chamus,
1171 4483 1352 4540 Cusus
1415 4502 1479 4541 ac
1531 4487 1864 4555 Nebrothus,
1907 4492 2114 4547 omisso

2270 617 2334 670 V.
2376 616 2541 670 Arius
2571 615 2733 670 annis
2759 629 2885 667 xxx.

2272 707 2362 763 VI.
2403 707 2626 761 Aralius
2652 708 2811 758 annis
2841 719 2929 756 ιι..

2272 797 2385 852 VII.
2425 797 2656 859 Xerxes,
2693 795 2787 865 qui
2814 801 2867 849 et
2898 793 3113 857 Baleus,
3147 791 3306 845 annis
3337 806 3468 843 xxx.

2272 890 2406 944 VIII.
2449 888 2834 943 Armamithris
2867 888 3026 941 annis
3059 899 3289 941 xxxvm.

2274 983 2365 1039 IX.
2405 983 2674 1038 Belechus
2698 982 2856 1037 annis
2887 997 3050 1036 xxxv.

2276 1074 2343 1130 X.
2386 1073 2578 1128 Baleus
2609 1074 2767 1128 annis
2795 1089 2863 1127 xv
2889 1071 3022 1143 (69).

2276 1166 2368 1220 XI.
2409 1165 2635 1221 Altadas
2661 1165 2820 1219 annis
2843 1180 3016 1218 xxxii.

2278 1257 2391 1312 XII.
2433 1257 2696 1311 Mamelus
2725 1256 2884 1310 annis
2917 1271 3044 1310 xxx.
3072 1254 3232 1308 Anno
3261 1253 3425 1323 hujus
3464 1258 3660 1322 quarto
3689 1248 3788 1306 do-

2209 1352 2352 1407 cimo
2384 1349 2655 1421 Iosephus
2685 1349 2838 1403 obiit.

2281 1442 2421 1497 XIII.
2462 1442 2729 1512 Mamylus
2761 1440 2896 1493 alter
2926 1438 3086 1494 annis
3117 1453 3246 1492 xxx.

2283 1532 2419 1587 XIV.
2465 1531 2781 1602 Sparaathus
2812 1530 2971 1585 annis
3003 1545 3091 1584 XL.

2282 1626 2398 1681 XV.
2440 1625 2789 1681 Manchaleus
2821 1623 2980 1678 annis
3013 1638 3140 1676 xxx.

2283 1717 2424 1774 XVI.
2490 1717 2747 1788 Spharus
2807 1716 2968 1770 annis
3032 1730 3124 1768 xx.
3195 1711 3367 1781 Hujus
3426 1725 3570 1765 anno
3625 1711 3792 1766 tertio

2212 1811 2452 1881 Cecrops
2485 1810 2715 1866 Athenis
2746 1809 2956 1880 primus
2991 1806 3256 1878 regnavit.

2271 1903 2436 1959 XVII.
2477 1902 2716 1959 Ascades
2745 1901 2856 1972 (70)
2890 1901 3048 1956 annis
3073 1916 3159 1954 xx.
3188 1898 3360 1969 Hujus
3400 1906 3590 1953 octavo
3641 1909 3790 1949 anno

2203 1996 2382 2054 Moses
2423 1996 2537 2066 jam
2579 1993 2963 2065 octogenarius
2995 1991 3257 2063 populum
3297 2005 3362 2043 ex
3397 1986 3632 2058 Egypto
3655 1985 3787 2041 sub—

2202 2089 2376 2144 duxit.

2273 2180 2462 2238 XVIII.
2503 2180 2768 2253 Amyntas
2798 2178 2958 2234 annis
2992 2193 3116 2232 va.

2271 2271 2418 2327 XIX.
2459 2271 2726 2326 Belechus
2756 2267 2869 2340 (Ἠ)
2902 2267 3062 2321 annis
3096 2282 3224 2320 xxv.

2275 2364 2395 2420 XX.
2437 2364 2728 2434 Balepares
2755 2361 2914 2416 annis
2950 2375 3080 2413 xxx.

2280 2456 2420 2511 XXI.
2462 2456 2786 2527 Lamprides
2817 2452 2976 2508 annis
3008 2467 3183 2506 xxxii.

2277 2549 2441 2604 XXII.
2482 2551 2738 2622 Pannyas
2765 2548 2925 2602 annis
2957 2562 3083 2600 va.

2277 2641 2467 2697 XXIII.
2510 2641 2800 2697 Sosarmus
2839 2639 2998 2695 annis
3036 2653 3150 2692 xix.

2277 2733 2467 2790 XXIV.
2510 2733 2742 2788 Zosares
2774 2732 2936 2788 annis
2969 2747 3063 2784 xx.

2277 2826 2444 2882 XXV.
2486 2826 2808 2898 Lamprides
2841 2826 3003 2880 annis
3040 2841 3170 2879 xxx.

2276 2920 2468 2976 XXVI.
2512 2920 2790 2974 Mithracus
2825 2918 2986 2972 annis
3016 2933 3187 2971 xxvii.

2277 3012 2491 3070 XXVII.
2541 3011 2816 3066 Taulanes
2847 3009 3006 3064 annis
3035 3023 3186 3062 xxx'i.
3225 3005 3384 3058 Anno
3419 3001 3684 3058 Tautanis
3708 2994 3793 3057 vi-

2209 3109 2414 3163 cesimo
2441 3107 2636 3176 quinto
2669 3104 2802 3158 urbs
2831 3101 2990 3156 Ilium
3021 3108 3179 3170 capta
3214 3107 3316 3155 est.

2279 3197 2520 3253 XXVIII.
2562 3195 2814 3252 Teutaaus
2838 3193 3000 3248 annis
3028 3208 3116 3248 ιι..

2279 3287 2470 3343 XXIX.
2511 3287 2786 3343 Otheneus
2812 3285 2973 3340 annis
2999 3299 3126 3338 xxx.

2283 3379 2452 3437 XXX.
2502 3378 2783 3451 Dercyllus
2816 3379 2976 3433 annis
3016 3393 3104 3432 XL.

2279 3476 2472 3532 XXXI.
2509 3475 2762 3546 Eupalles
2810 3475 2969 3528 annis
3011 3487 3244 3528 xxxviii.
3275 3469 3499 3545 Tertius
3537 3481 3601 3520 ac
3629 3465 3795 3520 trice-

2213 3571 2386 3627 simus
2425 3570 2590 3639 hujus
2627 3583 2805 3622 annus
2844 3566 3038 3621 incidit
3085 3565 3139 3618 in
3191 3573 3444 3634 quartum
3481 3558 3793 3616 Solomonis

2213 3679 2418 3718 annum
2449 3670 2613 3732 atque
2640 3662 2695 3715 in
2729 3659 2914 3729 templi
2940 3657 3242 3728 opiﬁcium.

2283 3754 2497 3810 XXXII.
2538 3753 2907 3808 Lavosthenes
2961 3749 3121 3804 annis
3181 3763 3304 3802 va.
3368 3745 3515 3802 Gens
3567 3742 3793 3799 Iudaica

2212 3847 2460 3903 bifariam
2491 3845 2770 3900 dividitur.

2283 3938 2517 3994 XXXIII.
2559 3937 2836 4007 Pertiages
2867 3935 2981 4008 (72)
3013 3935 3172 3990 annis
3194 3949 3324 3988 xxx.

2282 4031 2525 4090 XXXIV.
2563 4030 2830 4101 Ophrates
2849 4031 3013 4085 annis
3042 4046 3137 4085 xx.

2281 4125 2497 4180 XXXV.
2535 4125 2875 4196 Ophratanes
2901 4125 3061 4180 annis
3088 4139 3140 4178 L.

2286 4217 2524 4271 XXXVI.
2568 4217 2862 4287 Acrapales
2892 4216 3054 4270 annis
3086 4229 3221 4268 xui.

2283 4309 2546 4366 XXXVII.
2587 4309 2850 4366 Thonnus
2870 4309 3231 4372 Conoolerus,
3256 4305 3441 4360 Grmce
3461 4302 3641 4359 dictus
3661 4300 3795 4358 Sar-

2214 4403 2552 4472 danapallus,
2585 4400 2742 4455 annis
2768 4417 2859 4454 xx.

2286 4493 2340 4547 5.
2384 4490 2810 4560 Sardanapallus
2841 4489 2930 4545 hic
2961 4488 3274 4543 tricesimus
3305 4494 3570 4556 septimus
3599 4501 3629 4539 a
3659 4483 3793 4539 Belo

537 4568 852 4625 Mestraimo
879 4588 892 4622 :
928 4574 1165 4642 primum
1195 4581 1341 4632 enim
1392 4580 1535 4649 apud
1565 4597 1624 4636 se
1655 4582 1932 4638 hominem
1957 4585 2112 4638 aiunt
2145 4582 2188 4636 D
2219 4582 2338 4645 fuit,
2364 4597 2659 4653 regumque
2689 4581 3036 4651 Assyriorum
3066 4587 3395 4648 postremus.
3439 4576 3584 4631 Idem
3637 4576 3797 4630 volu-

539 4662 711 4718 fuisse
740 4661 1068 4719 Vulcanum.
1098 4686 1116 4717 ι

526 4843 529 4845 _
601 4753 658 4809 2.
700 4753 843 4826 Ergo
875 4772 938 4810 ex
975 4756 1079 4810 hoc
1101 4758 1236 4829 gipso
1270 4763 1397 4816 uelo
1442 4772 1628 4845 noster
1662 4766 1816 4821 hicce
1847 4776 2116 4826 tractatus

536 4846 877 4903 inchoandus
906 4856 1011 4907 est.
1547 4839 1553 4846 ’

605 4936 648 4996 l.
683 4938 845 4995 Belus
877 4943 1150 5000 universis
1177 4945 1317 5001 Asiae
1351 4947 1667 5018 provinciis,
1703 4959 1896 5019 praeter
1929 4951 2110 5018 Indos,

536 5031 849 5088 dominatur
877 5037 1035 5092 annis
1058 5054 1168 5092 an
1199 5039 1337 5108 (68).

608 5121 672 5180 II.
712 5123 886 5182 Ninus
915 5127 1043 5183 item
1075 5138 1198 5198 post
1237 5131 1421 5186 Belum
1463 5134 1623 5190 annis
1658 5152 1754 5190 LII.
1792 5136 1914 5192 Nini
1946 5139 2114 5208 hujus

527 5215 958 5286 quadragesimo
1007 5228 1204 5288 quarto
1261 5237 1405 5276 anno
1450 5224 1792 5282 Abrahamus
1847 5245 1877 5283 a
1935 5228 2114 5284 Thara

537 5307 752 5376 genitus
783 5316 888 5363 est.

609 5397 693 5455 III.
738 5399 1058 5460 Samiramis
1091 5405 1216 5460 Nini
1239 5407 1438 5477 conjux
1471 5411 1626 5465 annis
1664 5428 1793 5467 XLII.

633 5559 722 5630 65)
755 5563 840 5616 AI.
875 5565 1023 5629 cod.,
1055 5583 1242 5621 xxxvn.

634 5630 723 5699 66)
749 5633 903 5688 Ilunc
925 5636 1140 5689 titulum
1171 5638 1372 5693 habent
1393 5640 1631 5696 codices.

633 5559 722 5630 65)
755 5563 840 5616 Al.
875 5565 1023 5629 cod.,
1055 5583 1071 5618 1

634 5630 723 5699 66)
749 5633 903 5688 Ilunc
925 5636 1071 5689 titult

634 5699 723 5770 67)
759 5703 926 5768 Hist,
956 5724 990 5763 I.
1017 5706 1071 5762 6.

636 5771 722 5839 58)
768 5776 927 5845 Aug,
963 5780 1071 5836 De.

670 5841 722 5902 9)
763 5846 845 5898 At.
885 5854 1028 5902 c0d..
1070 5897 1071 5900 η

768 5776 927 5858 Ang.,
963 5780 1036 5858 _De
1055 5785 1151 5838 civ.
1184 5783 1295 5855 Dei,
1325 5802 1434 5856 xvr,
1467 5788 1746 5858 I7,scrihit
1775 5800 1898 5845 rxv.

670 5841 722 5905 9)
763 5841 1028 5916 Αι.”ροα.,
1070 5867 1166 5908 LII.

2219 4676 2405 4746 ptariae
2434 4675 2674 4729 mollitia:
2703 4673 3038 4741 luxuriazque
3062 4670 3242 4727 studio
3288 4678 3518 4725 cunctos
3562 4669 3654 4738 qui
3687 4669 3796 4724 sibi

2218 4771 2609 4837 przecesserant
2643 4762 2940 4833 superavit.
2972 4758 3336 4826 Quamobrem
3369 4757 3640 4814 Varbaces
3671 4759 3798 4828 qui-

2217 4857 2364 4920 dam,
2401 4859 2578 4926 patria
2609 4855 2818 4918 Medus,
2845 4853 3008 4907 homo
3029 4852 3237 4906 viribus
3259 4852 3583 4922 egregioque
3605 4850 3797 4905 animo

2217 4950 2495 5020 pl‘tBtIittIS,
2529 4963 2653 5003 cum
2689 4947 2968 5003 Medorum
2998 4944 3109 4999 dux
3139 4951 3304 5009 esset,
3341 4959 3592 5014 unusque
3623 4959 3690 4998 ex
3724 4943 3796 4998 iis

2217 5045 2307 5114 qui
2341 5043 2408 5097 ad
2452 5043 2640 5098 urbem
2671 5041 2872 5096 Ninum
2905 5039 3202 5110 quotannis
3234 5038 3524 5094 veniebant
3559 5038 3797 5092 ducatus

2218 5148 2385 5186 causa
2427 5131 2759 5197 exercendi;
2793 5130 2862 5193 is,
2900 5128 3145 5198 inquam,
3177 5129 3400 5198 cognito
3443 5128 3584 5198 regis
3626 5142 3799 5197 pravo

2220 5226 2457 5297 ingenio,
2492 5225 2696 5279 amicos
2746 5223 2848 5278 sibi
2887 5221 3207 5277 liberalitate
3255 5221 3518 5286 devinxit,
3563 5219 3798 5275 Belesim

2220 5317 2275 5370 in
2312 5316 2506 5386 primis
2549 5329 2821 5370 summum
2861 5314 3054 5369 ducem
3102 5313 3545 5385 Babyloniorum,
3574 5312 3801 5381 quicum

2221 5407 2354 5460 inita
2385 5408 2644 5460 societate
2675 5405 3128 5476 Sardanapallum
3163 5406 3474 5471 debellavit,
3510 5405 3604 5476 qui
3645 5418 3799 5459 sece-

2286 5573 2400 5694 ((73)
2445 5571 2519 5624 Ita
2573 5572 2735 5625 etiam
2767 5569 3058 5628 Eusebius.
3096 5571 3241 5629 Idem
3269 5581 3453 5629 tamen
3494 5569 3644 5634 alibi,
3690 5568 3795 5622 As-

2308 5661 2337 5694 a
2379 5660 2454 5694 es.

2218 5660 2454 5697 caraaes.

2283 5713 2401 5782 (TI)
2433 5713 2658 5777 Euseb”
2687 5713 2968 5770 Beloc/ius.

2290 5783 2400 5854 (7‘2)
2435 5785 2534 5850 ld.,
2567 5783 2881 5840 Periliades.
