4142 6400
316 415 422 473 ε25

1053 417 1400 474 SAMUELIS
1428 417 1746 476 ANIENSIS
1789 420 2134 478 SUMMARII
2173 413 2559 476 TEMPO'RUM
2587 415 2767 472 PARS
2802 415 2842 472 Ι.

3471 414 3577 470 626

316 537 453 591 deus
481 536 537 597 in
563 536 769 608 regiam
793 536 1046 594 incendio
1073 548 1244 595 semet
1268 543 1547 596 cremavit.
1583 541 1720 597 Tum
1749 543 1890 598 Bele-
1919 551 1965 608 Α
2062 542 2116 599 5.
2158 541 2312 597 Nunc
2346 556 2443 612 age
2471 539 2749 594 Medorum
2781 551 2938 608 rcges
2961 519 3317 606 exponamus.
3352 532 3578 591 Exstin-

317 629 422 683 sim
447 627 710 699 Babyloni
740 645 923 700 regem
989 632 1251 703 imposuit
1273 632 1570 698 Varbaces,
1599 635 1892 705 itidemque

315 718 602 774 Parcarum
655 731 903 777 nostrum
954 733 1182 793 propter
1227 725 1328 779 sibi
1371 733 1622 780 navatam
1672 741 1892 796 operam

317 811 626 868 diademate
676 817 891 868 ornavit
932 815 1086 885 (73);
1135 816 1250 886 ipse
1307 825 1486 871 autem
1546 817 1893 888 Assyriorum

317 901 386 954 ad
419 900 604 956 Medos
650 903 931 958 transtulit
975 903 1284 973 imperium.
1340 903 1476 958 Exin
1525 906 1894 976 interregnum

316 1001 434 1048 crat
463 1011 636 1065 usque
668 996 734 1050 ad
763 995 1039 1052 Medorum
1067 1012 1247 1068 regem
1275 997 1543 1068 Dejocem.
1572 996 1896 1054 Intermedio

318 1094 563 1156 tempore
587 1087 824 1142 Chaldaei
865 1105 1046 1144 rerum
1083 1091 1238 1161 potiti
1278 1099 1444 1156 sunt;
1491 1107 1722 1160 quorum
1761 1098 1899 1145 tem-

317 1191 452 1246 pora
487 1184 540 1232 et
566 1180 947 1234 successiones
975 1195 1099 1234 cum
1139 1181 1256 1236 suis
1281 1181 1647 1252 peculiaribus
1678 1183 1898 1253 regibus

317 1266 547 1321 seorsim
581 1269 916 1324 scribuntur.

387 1358 443 1412 4.
485 1358 583 1414 Hic
607 1376 740 1431 ergo
768 1361 1191 1434 Babyloniorum
1220 1380 1376 1435 reges
1410 1374 1701 1436 ponantur.

388 1449 430 1502 Ι.
471 1448 623 1505 Phua
672 1454 833 1509 annis
885 1469 998 1507 χνι.
1045 1454 1220 1525 Hujus
1267 1465 1424 1510 sexto
1486 1455 1696 1510 decimo
1757 1469 1900 1508 anno

211 1589 216 1592 .
319 1544 498 1613 prima
528 1544 794 1616 olympias
828 1554 948 1600 acta
974 1555 1080 1602 est.

393 1631 455 1689 II.
494 1633 1015 1707 Thaglatphalsarus
1045 1639 1204 1695 annis
1233 1656 1404 1695 xxvn.
1431 1639 1483 1697 Is
1507 1643 1668 1697 tertio
1689 1641 1900 1697 decimo

321 1739 467 1781 anno
502 1742 825 1798 progressus
864 1729 920 1783 in
949 1727 1190 1784 Iudaeam
1212 1773 1227 1798 ,
1255 1731 1524 1802 potiorem
1557 1731 1677 1803 ejus
1704 1732 1903 1788 incola-

321 1831 443 1870 rum
475 1824 683 1887 partem
709 1819 980 1889 captivam
1009 1820 1255 1877 abduxit.

1996 643 2086 689 cto
2115 631 2507 702 Sardanapallo
2531 631 2738 700 primus
2761 628 3006 698 regnavit

2066 724 2106 778 I.
2153 723 2427 778 Varhaccs
2459 723 2616 776 annis
2648 737 2836 776 xxvm.

2064 813 2131 872 II.
2175 815 2467 868 Sosarmus
2496 815 2656 867 annis
2690 830 2819 868 xxx.

2069 904 2156 960 Ill.
2197 904 2457 958 Mamicar
2485 904 2643 957 anuis
2670 919 2755 958 χι..

2066 997 2157 1054 IV.
2197 997 2492 1052 Cardiceus
2521 997 2678 1051 annis
2709 1012 2829 1051 χιιι.

2065 1088 2131 1144 V.
2175 1088 2403 1158 Dejoces
2435 1089 2594 1143 annis
2632 1105 2737 1142 LIV.
2773 1087 2872 1142 Hic
2902 1086 3176 1142 Ecbatana
3199 1086 3464 1145 condidit.

2069 1178 2158 1233 VI.
2202 1178 2496 1233 Phraortes
2521 1177 2679 1231 annis
2710 1193 2858 1230 xxiv.

2004 1285 2006 1288 '
2069 1271 2181 1326 VII.
2222 1272 2495 1342 Cyaxares
2527 1270 2688 1324 annis
2720 1285 2888 1324 xxxu.

2070 1361 2206 1417 VIII.
2249 1361 2564 1432 Asdahages
2591 1361 2750 1415 annis
2777 1375 3008 1414 xxxvm.

2071 1453 2228 1510 Hunc
2253 1452 2526 1510 interfecit
2549 1452 2811 1523 Tigranes
2834 1451 3106 1506 Haicanus
3134 1449 3246 1520 (77)
3268 1448 3410 1519 Cyro
3441 1444 3574 1502 Pero

2004 1564 2076 1604 sae
2099 1546 2304 1602 fmdere
2331 1547 2576 1616 junctus.
2595 1544 2918 1614 Quanquam
2943 1542 3213 1598 Eusebius
3233 1540 3344 1614 (78)
3375 1541 3573 1611 aliique

2004 1639 2253 1696 historici
2282 1638 2552 1708 dejectum
2580 1637 2920 1708 Asdahagem
2952 1636 3018 1691 ab
3040 1649 3147 1690 uno
3167 1634 3310 1706 Cyro
3335 1633 3513 1698 aiunt,
3542 1649 3571 1685 a

2004 1747 2111 1802 quo
2135 1730 2413 1785 Medorum
2446 1745 2663 1800 quoque
2692 1744 2917 1799 regnum
2941 1728 3216 1784 sublatum
3240 1734 3355 1784 est:
3380 1728 3576 1783 nihilo-

2006 1824 2187 1878 minus
2208 1821 2387 1877 Moses
2402 1821 2512 1892 ('79)
2536 1819 2734 1875 caedem
2760 1819 3064 1891 Asdahagis
3086 1836 3117 1874 a
3134 1819 3366 1890 Tigrane
3389 1828 3575 1890 patra-

391 1905 482 1963 III.
528 1907 948 1968 Salmanasarus
981 1911 1222 1984 Assyriis
1270 1914 1542 1982 imperavit
1580 1914 1740 1969 annis
1781 1930 1892 1969 xvr.
1926 1939 1970 1994 Β
1997 1922 2107 1969 tam
2134 1913 2320 1969 refert.
2373 1911 2427 1967 ld
2484 1922 2665 1967 autem
2724 1912 3022 1966 verisimile
3077 1912 3259 1966 evadit
3300 1911 3371 1967 ob
3418 1912 3574 1981 plura

318 2000 373 2055 Is
402 2001 530 2056 item
574 2001 739 2057 tertio
785 2004 936 2074 regni
982 2003 1068 2059 sui
1116 2019 1281 2072 anno,
1327 2013 1518 2059 octava
1565 2005 1896 2077 Olympiade,

318 2089 509 2146 decem
543 2093 796 2149 tribubus
817 2095 870 2149 in
896 2093 1264 2166 captivitatem
1293 2095 1449 2165 depox
1466 2096 1614 2162 tatis,
1641 2096 1901 2149 Samaria:

319 2197 549 2252 regnum
578 2183 794 2238 delevit.

391 2273 480 2328 IV.
525 2275 946 2334 Senecherimus
975 2279 1214 2351 Assyriis
1248 2279 1525 2348 imperavit
1556 2278 1715 2334 annis
1743 2294 1898 2333 xvm.

322 2367 375 2422 Is
428 2366 692 2425 adversus
750 2367 1124 2442 Hierosolyma
1179 2371 1584 2441 expeditionem
1637 2369 1897 2439 suscepit,

318 2456 628 2529 Iudaeaque
658 2460 820 2516 urbes
851 2461 1084 2517 obsedit.
1116 2461 1200 2516 Ab
1239 2462 1345 2516 hoc
1376 2462 1442 2515 ad
1472 2459 1904 2515 Nabuchodono-

322 2567 511 2606 sorum
590 2553 837 2609 historici
910 2554 1286 2612 Chaldaeorum
1361 2570 1536 2609 annos
1612 2565 1904 2608 numerant

322 2659 563 2699 Lxxxvul
615 2645 751 2716 (7-1).
805 2644 962 2717 Apud
1013 2649 1232 2703 eosdem
1279 2657 1402 2718 post
1457 2645 1901 2704 Senecherimum

321 2739 584 2800 scribitur

393 2830 458 2886 γ.
500 2831 811 2888 Asordanes
842 2833 987 2890 Illius
1018 2833 1138 2904 ejus
1169 2835 1330 2891 annis
1361 2851 1479 2892 vul.

391 2921 484 2979 Vl.
523 2923 730 2979 Asodes
765 2923 878 2996 (75)
906 2927 1065 2980 annis
1091 2942 1202 2990 xxi.

394 3013 510 3069 VII.
551 3013 742 3070 Frater
771 3017 887 3086 ejus
911 3016 1072 3072 annis
1100 3032 1214 3072 xxI.

397 3105 531 3160 VIII.
573 3106 986 3179 Nabupalsarus
1021 3109 1181 3164 annis
1211 3126 1284 3166 χι.

394 3200 484 3256 I'X.
525 3200 892 3257 Marudachus
922 3200 1191 3258 Baldanes
1222 3204 1384 3260 annis
1413 3221 1466 3259 x.

2003 2023 2123 2079 qua:
2171 2007 2530 2073 acciderunt,
2587 2015 2812 2077 propter
2872 2007 3051 2061 somni
3106 2006 3318 2062 scilicet
3364 2007 3570 2071 visum,

2001 2103 2353 2172 dolosamque
2386 2100 2694 2169 Asdahagis
2745 2098 3148 2154 simulationem
3193 2113 3300 2168 qua
3343 2097 3446 2153 sibi
3483 2095 3578 2151 Ti-

2003 2195 2188 2266 granis
2216 2210 2461 2250 sororem
2494 2193 2841 2247 matrimonio
2861 2191 3220 2262 copulandam
3249 2199 3534 2245 curaverat
3559 2208 3572 2244 :

2003 2289 2089 2340 cui
2119 2286 2318 2340 mentis
2340 2299 2557 2356 quoque
2587 2298 2700 2338 suae
2739 2283 3044 2349 consiliumj
3063 2296 3325 2344 arcanum
3359 2295 3576 2336 resera-

2002 2376 2100 2430 vit.
2128 2375 2206 2430 Re
2247 2384 2428 2430 autem
2466 2374 2742 2428 intellecta
2774 2371 3060 2442 Tigranes,
3096 2371 3241 2441 quod
3295 2371 3576 2427 somniant

2003 2469 2234 2532 viderat,
2275 2467 2470 2522 diurna
2503 2465 2625 2519 luce
2653 2471 2948 2519 exsecutus
2973 2471 3078 2519 est.
3113 2462 3172 2518 Id
3211 2471 3392 2518 tamen
3431 2463 3574 2519 haud

2004 2558 2240 2613 absurde
2271 2556 2415 2629 Cyro
2444 2556 2553 2626 ipsi
2576 2555 2834 2609 tribuitur
2859 2569 2875 2608 :
2901 2569 3025 2607 cum
3048 2553 3193 2608 enim
3211 2553 3398 2609 eadem
3421 2562 3579 2609 tetale

2006 2649 2166 2703 ambo
2199 2647 2543 2712 vixerint,.et
2571 2644 2790 2716 quidem
2824 2644 3090 2714 Tigranes
3123 2645 3385 2700 societate
3418 2662 3573 2700 com-

2006 2741 2186 2795 militii
2217 2739 2362 2813 Cyro
2405 2740 2692 2797 devinctus
2729 2738 2913 2804 fuerit,
2945 2737 3192 2808 ejusdem
3248 2741 3568 2796 mandatum

2005 2834 2296 2889 exhaurire
2329 2835 2482 2890 visus
2515 2841 2619 2890 est.

2079 2922 2133 2978 6.
2201 2924 2393 2995 Agesis
2435 2925 2542 2980 hoc
2582 2925 2706 2979 loco
2755 2923 3029 2994 Lydorum
3079 2937 3298 2993 quoque
3351 2939 3577 2995 regnum

2005 3015 2186 3086 placet
2230 3016 2523 3073 collocare.
2592 3019 2752 3071 Anno
2804 3014 3050 3071 Sosarmi
3097 3015 3379 3071 Medorum
3434 3016 3578 3086 regis

2007 3107 2330 3164 duodecimo
2361 3107 2627 3179 olympias
2661 3109 2836 3180 prima
2867 3115 3088 3179 peracta
3115 3115 3233 3174 est,
3280 3108 3580 3178 eodemque

2009 3213 2155 3254 anno
2196 3199 2409 3270 primus
2440 3199 2584 3271 apud
2609 3199 2794 3272 Lydos,
2815 3201 3065 3278 regnavit

393 3289 464 3345 Χ.
515 3289 1089 3348 Nabuchodonosorus
1137 3293 1334 3349 deinde
1389 3295 1550 3350 annis
1606 3309 1780 3358 xuii,
1834 3289 1972 3350 ahC
2076 3287 2118 3345 I.
2197 3289 2443 3361 Ardysus
2472 3291 2704 3362 Alyattae.
2733 3289 2895 3345 annis
2943 3305 3132 3345 χχχιιι.

325 3382 633 3459 Olympiade
667 3383 906 3439 secunda
947 3400 1113 3455 supra
1149 3386 1641 3458 quadragesimam.
1677 3387 1726 3448 Is
1761 3403 1904 3448 anno

327 3475 624 3546 Eliachimi.
679 3476 894 3531 decimo
949 3475 1169 3533 Iudaeos
1236 3479 1291 3533 in
1359 3495 1512 3533 suam
1579 3487 1904 3556 potestatem

327 3568 552 3640 redegit,
589 3579 908 3640 partemque
937 3569 1252 3626 eorumdem
1292 3573 1583 3630 maximam
1621 3570 1905 3627 famulatui

327 3660 684 3716 addicendam
714 3661 962 3719 abduxit.
1007 3660 1146 3716 Tum
1173 3662 1336 3718 etiam
1372 3661 1651 3718 Danielem
1689 3670 1907 3734 tresque

329 3766 525 3820 pueros
556 3751 790 3807 triennio
811 3760 936 3823 post
964 3771 978 3808 :
1011 3766 1205 3808 rursus
1231 3753 1376 3808 enim
1407 3753 1574 3817 venit,
1607 3753 1907 3824 ipsumque

331 3839 667 3897 Ioachimum
702 3843 882 3898 avexit
910 3844 1201 3914 captivum.
1235 3843 1370 3904 Cum
1406 3845 1522 3914 jam
1551 3859 1755 3900 annum
1796 3853 1906 3901 ter-

330 3933 462 3985 tium
496 3948 662 4002 supra
690 3934 1012 3990 vicesimum
1044 3941 1302 4005 regnaret-
1327 3933 1381 3987 Ν
1386 3934 1903 4004 abuchodonosorus,

331 4019 705 4090 Hierosolyma
735 4034 892 4096 capta
919 4033 1048 4081 sunt
1080 4043 1095 4080 :
1130 4025 1382 4103 quintum
1403 4033 1582 4082 autem
1608 4035 1732 4097 post
1763 4043 1908 4083 meu-

331 4129 444 4170 sem
519 4117 776 4186 princeps
841 4117 1137 4172 satellitum
1201 4116 1626 4174 Nabuzardanes
1706 4123 1908 4191 templo

332 4223 508 4277 ignem
550 4208 802 4278 subjecit.
845 4207 1120 4265 Vicesimo
1164 4209 1400 4282 denique
1435 4209 1681 4266 Iudaica:
1737 4216 1908 4282 capti-

333 4297 514 4358 vitatis
539 4313 681 4353 anno
704 4297 1278 4357 Nabuchodonosorus
1305 4305 1416 4356 vita
1443 4301 1717 4360 discessit.
1737 4303 1906 4374 Cujus

333 4405 388 4445 In
413 4390 594 4445 locum
625 4392 956 4447 substitutus
988 4399 1073 4448 est
1103 4393 1246 4449 ﬁlius
1273 4393 1516 4464 ejusdem

402 4480 495 4534 XI.
553 4479 834 4547 Baltasar,
897 4482 987 4552 qui
1043 4489 1098 4536 et
1149 4481 1564 4540 llmarudachus
1621 4487 1779 4542 annis
1842 4502 1902 4541 ιι.

334 4567 537 4623 Deinde

399 4658 515 4714 XII.
555 4661 821 4732 Astyages
872 4660 982 4733 (76)
1039 4677 1184 4718 anno
1239 4680 1277 4718 I.
1337 4664 1386 4719 Is
1443 4680 1535 4720 eas
1590 4665 1800 4720 litteras
1849 4667 1906 4721 in
1939 4630 1984 4685 Β

336 4751 537 4820 pariete
562 4759 818 4806 exaratas
845 4752 981 4805 vidit
1013 4767 1152 4822 quas
1177 4752 1360 4808 Daniel
1387 4755 1773 4824 interpretatus
1800 4765 1901 4812 est.

405 4841 542 4898 XIII.
587 4841 786 4900 Darius
815 4843 1010 4900 Medus
1041 4847 1201 4902 annis
1230 4863 1304 4901 ιν.

404 4933 542 4990 XIV.
585 4935 779 4992 Darius
809 4935 1054 4991 Arsaviri
1085 4939 1243 4992 annis
1275 4954 1354 4992 ιιι.

401 5024 538 5080 Exin
563 5027 839 5081 sublatum
871 5033 958 5082 est
987 5025 1401 5098 Babyloniorum
1438 5029 1743 5098 imperium.

406 5287 520 5358 (7'5)
551 5286 687 5340 Vide
710 5285 914 5342 Mosem
933 5283 1124 5349 Cbor.,
1147 5283 1292 5338 Hist.
1320 5299 1358 5349 I,
1388 5285 1476 5352 21,
1500 5295 1554 5340 et
1577 5287 1903 5354 Samuelem,

337 5372 459 5426 cap.
498 5358 548 5411 7.

409 5423 520 5494 (74)
554 5425 755 5481 Confer
787 5425 1102 5488 Eusebium,
1135 5440 1175 5490 ι,
1203 5423 1256 5488 5,
1301 5423 1354 5478 2.

411 5495 523 5567 (75)
555 5497 640 5567 Al.
669 5496 818 5564 cod.,
851 5498 1154 5567 Asamoges.

341 5637 370 5688 ἡ
412 5565 526 5635 (76)
575 5565 650 5620 Ita
696 5567 801 5622 hoc
843 5567 986 5631 loco,
1015 5565 1310 5638 Astyages;
1351 5578 1405 5622 at
1451 5567 1702 5636 inferius,
1735 5571 1910 5626 Αδάαο

375 5654 516 5688 0088.

375 5654 516 5691 (1088.

411 5654 524 5778 ili?)
562 5705 635 5761 Ita
679 5707 919 5762 Armenii
948 5709 1180 5778 primum
1215 5709 1359 5763 hunc
1389 5709 1676 5778 Tigranem
1715 5713 1910 5770 distin-

342 5786 517 5851 guunt
535 5793 574 5851 a_
596 5779 990 5851 posterioribus
1014 5779 1203 5851 stirpis
1228 5781 1634 5837 Arsacidarum.

416 5847 527 5917 (78)
558 5846 672 5902 Lib.
708 5863 746 5916 I,
783 5847 865 5916 ιδ,
897 5849 950 5901 7.

2076 3379 2143 3436 II.
2184 3381 2430 3454 Alyattes
2460 3383 2620 3439 annis
2652 3399 2764 3438 xlv.

2076 3471 2166 3526 Ill.
2210 3473 2376 3530 Meles
2404 3475 2564 3531 annis
2599 3491 2698 3530 χιι.

2079 3563 2172 3619 IV.
2213 3564 2522 3622 Candaules
2553 3581 2685 3622 xvu.

2071 3655 2368 3714 Candaulis
2401 3657 2565 3728 hujus
2602 3659 2888 3715 historiam
2918 3669 3103 3714 narrat
3124 3657 3577 3728 Herodotus(80),

2008 3766 2201 3820 nempe
2240 3751 2384 3824 quod
2417 3753 2465 3808 is
2494 3753 2664 3815 nimio
2689 3770 2817 3826 erga
2863 3771 3018 3811 suam
3061 3754 3345 3824 conjugem
3398 3752 3581 3806 studio

2006 3842 2348 3906 clatus,hauc
2377 3843 2698 3898 feminarum
2726 3846 2970 3900 omnium
3005 3844 3423 3916 pulcherrimam
3465 3842 3582 3895 exi-

2007 3934 2340 3999 stimaverit,
2392 3936 2757 4007 nudatamque
2793 3937 3040 3994 vestibus
3091 3934 3226 4008 Gygi
3277 3936 3419 3990 clam
3489 3936 3584 3989 de—

2007 4027 2392 4082 monstraverit
2423 4045 2437 4095 ;
2473 4043 2581 4098 qua
2614 4029 2913 4100 ignominia
2966 4030 3186 4100 sapiens
3209 4043 3348 4082 uxor
3381 4026 3450 4081 ad
3475 4027 3584 4080 ira-

2008 4116 2264 4172 cundiam
2295 4128 2566 4173 commota
2614 4121 2976 4177 occidendum
3030 4119 3328 4185 curaverit,
3371 4119 3585 4188 sibique

2009 4209 2185 4262 virum
2211 4209 2504 4265 adsciverit
2541 4209 2764 4282 Gygem.

2079 4298 2143 4354 V.
2183 4299 2359 4372 Gyges
2381 4302 2540 4358 annis
2572 4318 2760 4358 χχχιιι.

2082 4387 2168 4443 Vl.
2211 4391 2388 4462 Ardys
2410 4393 2567 4446 annis
2600 4407 2829 4447 xxxvm.

2078 4481 2194 4538 VII.
2234 4481 2514 4539 Sadiartes
2567 4483 2726 4538 annis
2756 4500 2846 4538 xv.

2083 4574 2198 4630 VIII
2261 4577 2502 4648 Alyattes
2529 4577 2690 4631 annis
2722 4590 2872 4629 xux.

2080 4666 2172 4721 IX.
2213 4666 2438 4722 Croesus
2471 4667 2629 4720 annis
2672 4682 2761 4720 xv.

2085 4753 2185 4808 Hic
2217 4769 2362 4808 anno
2412 4754 2539 4824 Cyri
2589 4752 3001 4823 quartodecimo
3042 4751 3245 4808 dicitur
3295 4751 3363 4806 ab
3389 4750 3581 4806 eodem

2007 4843 2152 4915 Cyro
2197 4843 2539 4898 interfectus.
2573 4840 2648 4895 Ita
2672 4839 2945 4911 Lydorum
2973 4855 3200 4910 regnum
3233 4839 3443 4893 ﬁnitum
3479 4845 3583 4893 est.

2007 4936 2388 4989 Armeniorum
2435 4942 2611 4988 tamen
2643 4933 2936 4988 historicus
2965 4931 3140 4987 Moses
3193 4932 3443 4986 Crmsum
3494 4945 3584 4984 ca-

2013 5035 2165 5096 ptum
2202 5026 2655 5095 iuterfectumque
2681 5025 2750 5078 ab
2780 5025 3078 5079 Artaxerxe
3115 5023 3318 5078 Partho
3347 5023 3457 5093 (81)
3484 5023 3581 5087 ait,

2111 5291 2197 5354 '79)
2236 5289 2405 5351 Hist.,
2431 5307 2481 5354 ι,
2507 5289 2596 5343 9.8.

2087 5291 2197 5358 (79)
2236 5291 2405 5351 llist.,
2431 5307 2481 5354 ι,
2507 5291 2596 5343 9.8.

2084 5363 2206 5434 (80)
2234 5361 2348 5434 Hac
2383 5375 2548 5434 super
2593 5373 2651 5434 re
2689 5359 2960 5434 recolatur
3005 5359 3172 5434 Mosis
3208 5356 3582 5434 _C_liorenen_sis

2012 5427 2250 5487 locus'in
2283 5427 2521 5485 Eusebio
2548 5429 2614 5482 ad
2647 5430 3176 5485 aunum.Abrahami
3204 5430 3332 5484 1501
3360 5443 3393 5482 a
3421 5427 3582 5482 nobis

2012 5505 2237 5558 relatus.
2277 5499 2342 5553 Et
2372 5499 2591 5570 quidem
2615 5498 2830 5554 Samuel
2863 5517 2892 5555 a
2916 5501 3082 5555 Mosis
3106 5505 3582 5570 progymnasmate

2011 5575 2194 5643 potius
2227 5568 2404 5641 quam
2431 5570 2502 5634 ab
2531 5568 2804 5626 Herodoto
2837 5568 3118 5626 mutuatus
3146 5568 3287 5624 hanc
3329 5569 3582 5623 notitiam

2011 5645 2240 5698 videtur.

2085 5712 2432 5786 (8I)Parlho
2481 5713 2689 5772 scilicet
2732 5711 3100 5786 cognomine;
3141 5719 3259 5768 erat
3304 5709 3448 5766 cnim
3493 5707 3583 5763 hic

2012 5785 2279 5840 Armenia:
2311 5800 2422 5838 rex.
