4142 6400
577 385 684 439 6m
1633 360 1993 437 sperum}:
2020 379 2113 436 an
2152 376 2422 437 susse]:
2459 377 2873 438 CHRONICON.
3722 360 3830 416 628

579 500 810 571 ejusque
842 500 923 558 rei
963 500 1273 573 complures
1328 505 1503 554 testes
1550 497 1787 564 invocat,
1823 506 1885 553 ut
1924 499 1981 554 in
2033 499 2154 569 ejus
2185 504 2231 563 Α
2333 498 2451 555 XII.
2516 496 3008 563 Archelaus‘ﬁannis
3026 511 3176 553 xm.

581 590 722 645 libro
749 591 860 662 (82)
898 591 1081 648 videre
1111 601 1217 647 est.
2331 589 2472 645 XIII.
2514 588 2742 646 Orestes
2765 588 2928 644 annis
2957 602 3041 643 ιιι.

651 683 705 740 7.
746 682 886 755 Ergo
915 684 1018 738 hoc
1046 691 1228 755 pacto,
1255 690 1418 753 prout
1433 682 1954 746 narratur,sublatis
1980 681 2154 752 Baby-
2330 680 2472 737 XIV.
2515 681 2817 737 Archelaus
2848 678 3010 734 annis
3054 692 3153 736 in.

581 772 882 837 Ioniorum,
910 773 1193 831 Medorum
1249 775 1632 847 Lydorumque
1666 775 1911 845 imperiis
1962 781 2157 845 regnat
2323 771 2437 827 XV.
2468 774 2728 844 Amyntas
2758 786 2904 827 anno
2932 786 2971 825 ι.

649 864 692 921 ι.
730 865 906 938 Cyrus
935 865 1093 920 annis
1128 881 1257 921 xxx.
1294 866 1346 921 Is
1374 866 1551 936 primo
1579 865 1731 935 regni
1765 866 1851 919 sui
1886 879 2030 919 anno
2057 862 2155 919 ιιι·
2328 863 2473 920 XVI.
2515 863 2814 919 Pausanias
2844 877 2989 918 anno
3017 877 3056 916 ι.

581 955 750 1012 daicae
775 957 952 1027 gentis
989 958 1384 1027 quinquaginta
1415 956 1587 1011 millia
1610 956 1952 1027 captivorum
1989 955 2154 1011 liber-
2327 956 2492 1012 XVII.
2533 958 2797 1027 Amyntas
2827 954 2985 1009 annis
3010 970 3097 1008 vi.

580 1058 692 1105 tate
721 1049 945 1105 donavit
975 1068 989 1105 :
1018 1050 1111 1119 qui
1140 1050 1363 1119 quidem
1403 1047 1784 1119 Hierosolyma
1807 1047 2017 1101 reversi
2072 1047 2152 1100 al-
2322 1049 2506 1105 XVIII.
2542 1047 2771 1118 Argzeus
2795 1046 2954 1100 annis
2974 1061 3034 1099 Il.

579 1151 698 1195 tare
728 1142 1123 1204 excitaverunt,
1157 1141 1453 1210 templique
1487 1138 1847 1194 fundamenta
1866 1137 2148 1208 iecerunt:
2328 1142 2470 1199 XIX,
2497 1141 2762 1213 Amyntas
2790 1139 2951 1194 annis
2980 1150 3149 1193 xviii.

578 1230 723 1299 quod
746 1238 927 1285 tamen
950 1230 1301 1283 ﬁnitimarum
1321 1229 1560 1298 gentium
1578 1242 1745 1283 causa
1769 1225 2151 1297 imperfectum
2323 1236 2443 1290 xx,
2483 1232 2790 1290 Alexander
2828 1246 2973 1285 anno
2996 1247 3035 1285 ι.

576 1320 831 1375 manebat
866 1335 1042 1390 usque
1074 1321 1139 1374 ad
1177 1320 1395 1374 Darium
1420 1318 1721 1389 Vestaspis.
1753 1317 2152 1390 TomyrisMa-

576 1418 885 1482 sagetarum
919 1412 1143 1467 heroina
1176 1411 1376 1482 Cyrum
1407 1411 1700 1467 interfecit.

646 1498 711 1552 II.
753 1498 1052 1571 Cambyses
1091 1501 1249 1555 annis
1280 1516 1354 1556 ix.

2321 1327 2462 1381 XXI.
2504 1326 2828 1381 Ptolemaeus
2857 1322 3016 1376 annis
3043 1335 3114 1373 IV.

2326 1417 2494 1473 XXII.
2535 1416 2798 1472 Perdicca
2822 1412 2982 1468 annis
3019 1426 3090 1465 iv.

2325 1506 2516 1563 XXIII.
2549 1505 2836 1574 Philippus
2866 1501 3022 1554 annis
3056 1512 3206 1551 xxvi.

644 1591 734 1648 ιιι·
776 1592 915 1662 Magi
948 1593 1059 1647 duo
1089 1593 1288 1648 fratres
1320 1592 1603 1648 mensibus
1634 1608 1767 1649 vnn.
2320 1599 2510 1655 xxw.
2547 1596 2855 1654 Alexander
2889 1591 3122 1662 Philippi
3147 1587 3310 1643 annis
3358 1599 3435 1639 xu
3462 1588 3524 1639 et-
3541 1578 3836 1638 mensibus

643 1684 734 1740 l'v-
776 1684 972 1741 Darius
1007 1684 1285 1756 νεειθεβίε
1322 1685 1464 1741 ﬁlius
1488 1685 1644 1740 annis
1667 1699 1849 1739 Πινιο
2248 1710 2324 1748 vi.
2348 1691 2449 1747 Hic
2477 1691 2664 1745 orbem
2696 1696 2967 1743 terrarum
3007 1679 3381 1750 compluribus
3420 1673 3641 1744 regibus
3680 1670 3835 1740 deje~

638 1774 812 1846 HUIUS
861 1778 1039 1832 auem
1065 1792 1210 1831 anno
1246 1776 1543 1833 ZOTObabel
1585 1777 1843 1846 ιεηψιυῐη
1895 1773 2145 1838 adimat»
2247 1785 2353 1840 ctis
2376 1782 2923 1846 obtinuit,_annosque
2938 1766 3545 1837 xxxnnatusBahylone
3564 1762 3703 1818 diem
3728 1774 3827 1816 su-

575 1872 720 1937 quod
754 1883 900 1925 anno
919 1878 1113 1939 quarto
1145 1868 1468 1941 olympiadis
1493 1867 1698 1937 quinta:
1725 1881 1890 1937 supra
1928 1882 2149 1937 sexage-
2178 1851 2227 1912 Β
2254 1887 2499 1945 prenium
2542 1870 2694 1925 obiit.
2732 1864 2941 1922 Exinde
2968 1862 3256 1932 imperium
3290 1857 3408 1926 ejus
3445 1857 3588 1910 inter
3636 1853 3835 1945 plures.

576 1963 771 2017 simam
801 1948 1114 2020 absolutum
1151 1972 1255 2019 est.
2249 1942 2481 2020 divisum
2504 1972 2607 2018 est.
2636 1960 2774 2030 Ipsis
2790 1956 3010 2028 quidem
3041 1951 3424 2008 Macedonibus
3448 1948 3678 2017 imperat
3691 1942 3821 1996 Phi-

644 2050 711 2108 V.
751 2052 963 2110 Xerxes
988 2052 1137 2107 Darii
1196 2053 1359 2109 annis
1389 2070 1499 2110 xxi.
2249 2055 2429 2126 lippus
2454 2053 2544 2123 qui
2568 2060 2621 2107 et
2646 2048 2914 2113 Aridaus;
2944 2042 3285 2098 Alexandriae
3314 2053 3443 2132 vero
3458 2032 3825 2132 [Egypti‘l‘to-n

644 2142 734 2200 VI.
772 2144 1087 2200 Artabanus
1109 2146 1392 2201 mensibus
1445 2160 1543 2199 VII.
2249 2123 2469 2201 lenneus
2501 2142 2661 2213 Lagi:
2684 2150 2797 2194 tum
2827 2138 2987 2193 annis
3015 2135 3253 2206 quinque
3272 2141 3392 2202 post
3412 2130 3644 2198 imperat
3664 2123 3824 2178 Asia-

644 2233 758 2289 VII.
827 2236 1063 2291 Artaxes
1121 2236 1497 2306 Longimanus
1547 2237 1707 2291 annis
1742 2253 1831 2292 ιιι..
1891 2235 2148 2292 Nonnulli
2250 2237 2335 2292 nis
2368 2237 2715 2307 Antigonus;
2747 2230 3069 2286 duodecimo
3104 2226 3338 2295 denique
3380 2214 3834 2294 postAlexandri-

572 2323 859 2382 Estherem
883 2329 987 2382 sub
1006 2329 1109 2383 hoc
1132 2328 1414 2387 exstitisse
1446 2329 1628 2385 aiunt:
1656 2330 1801 2400 quod
1822 2346 1921 2401 ego
1941 2340 2146 2393 tamen,
2250 2328 2458 2383 obitum
2495 2339 2640 2380 anno
2672 2322 2847 2394 Syris,
2879 2317 3138 2406 Babyloni
3195 2314 3476 2385 plagisque
3523 2307 3823 2379 superiori-

571 2416 752 2487 inquit
813 2417 1083 2474 Eusebius
1116 2417 1264 2489 (85),
1318 2432 1429 2473 non
1470 2419 1664 2489 probo,
1708 2419 2150 2491 quandoquidem
2252 2420 2355 2474 bus
2402 2418 2713 2471 dominatur
2737 2413 3001 2468 Seleucus
3041 2408 3295 2499 Nicanor.
3771 2487 3785 2499 ι

571 2509 759 2565 Esdroz
797 2509 923 2565 libri
948 2526 1044 2582 per
1066 2525 1185 2566 eam
1209 2517 1427 2566 aetatem
1454 2511 1642 2581 scripti
1680 2512 1886 2565 nullam
1929 2510 2048 2580 ejus
2072 2509 2152 2564 rei
2319 2510 2374 2566 9.
2413 2510 2527 2579 Age
2555 2522 2685 2562 vero
2704 2500 3147 2576 quandoquidem
3179 2498 3345 2552 hosce
3367 2498 3821 2588 commemoravi:

573 2603 908 2660 mentionem
938 2579 1167 2656 faciunt.
1567 2579 1583 2581 ί
1961 2579 1969 2580 ί
2246 2618 2392 2666 mus,
2424 2599 2766 2670 singulorum
2795 2607 3017 2664 quoque
3045 2588 3267 2645 nomina
3292 2585 3501 2655 scripto
3525 2579 3821 2651 complecti

644 2694 775 2749 VIII.
828 2693 1038 2751 Xerxes
1068 2695 1347 2750 mensibus
1376 2711 1435 2750 ιι.
2246 2710 2355 2751 non
2393 2694 2592 2765 pigeat.
3337 2767 3344 2768 ί
3432 2765 3464 2768 η
3769 2757 3783 2768 ,

640 2786 733 2841 IX.
786 2786 1093 2859 Sogdianus
1129 2788 1414 2844 mensibus
1447 2804 1538 2844 vn.
2317 2783 2627 2839 Alexandro
2670 2794 2702 2835 e
2747 2777 2888 2832 vivis
2925 2780 3135 2845 erepto,
3165 2765 3557 2824 Macedonibus
3600 2765 3822 2832 proprie

642 2877 711 2931 X.
774 2876 976 2934 Darius
1025 2877 1244 2934 Nothus
1279 2880 1442 2937 annis
1471 2896 1589 2946 xix,
1621 2880 1690 2934 ab
1717 2878 2025 2951 Olympiade
2053 2893 2149 2933 oo-

567 2971 833 3041 togesima
866 2985 1030 3026 nona.

640 3058 732 3116 XI.
771 3061 1005 3117 Artaxes
1034 3061 1288 3118 Mnemon
1314 3061 1477 3118 annis
1510 3076 1597 3117 χι..
1647 3059 1761 3115 Sub
1790 3060 1895 3116 hoc
1952 3059 2149 3117 Esther

571 3151 698 3210 fuit.
1216 3204 1223 3211 .

642 3242 761 3299 XII.
804 3244 1060 3311 Artaxes,
1087 3243 1182 3314 qui
1237 3251 1292 3298 et
1345 3241 1550 3307 Ochus,
1583 3241 1742 3298 annis
1784 3258 1933 3298 xxvn.

645 3336 784 3392 XIII.
825 3337 1057 3393 Artaxes
1087 3335 1221 3392 Ochi
1249 3337 1411 3392 annis
1437 3352 1511 3393 iv.

641 3427 781 3483 XIV.
822 3428 1020 3483 Darius
1054 3429 1271 3484 Arsami
1300 3429 1460 3483 annis
1489 3443 1564 3482 VI.

643 3519 897 3577 Hiannos
927 3535 1101 3575 ccxxx
1134 3527 1538 3591 occupaverunt
1560 3518 1695 3591 (84).
1725 3518 1862 3575 Exin
1912 3519 2147 3573 Alexan-

570 3606 669 3665 der
689 3607 909 3663 Macedo
926 3618 1118 3680 regnat
1132 3624 1278 3664 anno
1292 3610 1468 3678 primo
1493 3609 1820 3680 olympiadis
1838 3611 2147 3665 centesima:

572 3700 894 3764 undecimae,
948 3701 1287 3773 septimoque
1339 3703 1493 3772 regni
1519 3702 1603 3756 sui
1649 3718 1793 3757 anno
1820 3701 2146 3773 Babylonem

571 3796 740 3864 capit,
768 3795 1065 3866 occisoque
1090 3793 1255 3850 Dario
1299 3793 1593 3851 Persarum
1658 3795 1949 3865 imperium
1981 3796 2146 3851 delet.

2248 2878 2481 2932 imperat

2531 2961 2839 3032 Philippus,
2865 2957 2959 3029 qui
2980 2963 3033 3011 et
3058 2953 3327 3014 Aridaeus,
3359 2945 3518 3003 annis
3544 2959 3643 2998 vn.

2319 3053 2509 3109 XXVI.
2551 3053 2831 3108 Casander
2854 3049 3014 3105 annis
3037 3063 3131 3101 xix
3163 3042 3298 3115 (86).

2324 3145 2536 3203 XXVII.
2572 3143 2697 3200 Filii
2738 3144 2904 3212 hujus
2925 3141 3085 3196 annis
3107 3155 3180 3193 iv.
3297 3132 3305 3142 ’

2317 3235 2555 3293 XXVIII.
2596 3233 2903 3289 Demetrius
2936 3230 3096 3287 annis
3125 3245 3159 3283 v
3195 3225 3333 3299 (87).

2316 3328 2507 3385 XXIX.
2548 3326 2790 3399 Pyrrhus
2824 3322 3105 3378 mensibus
3136 3335 3236 3375 VII.

2318 3419 2488 3477 XXX.
2527 3417 2887 3492 Lysimachus
2917 3416 3078 3470 annis
3108 3430 3140 3466 v
3173 3421 3229 3467 et
3251 3406 3535 3465 mensibus
3560 3417 3636 3459 vil
3681 3399 3816 3472 (88).

2316 3512 2509 3571 XXXI.
2548 3512 2874 3567 Ptolemaeus
2894 3510 3179 3565 Ceraunus
3190 3517 3333 3559 anno
3348 3518 3362 3555 l
3380 3506 3437 3555 et
3450 3495 3727 3553 mensibus
3742 3500 3821 3552 ix.‘

2320 3604 2538 3662 XXXII.
2581 3603 2850 3673 Meleager
2877 3599 3159 3655 mensibus
3187 3610 3249 3649 ιι.

2322 3697 2563 3752 XXXIII.
2600 3697 2894 3766 Antipater
2924 3693 3118 3749 diebus
3143 3704 3266 3744 XLV.

2316 3788 2555 3846 XXXIV.
2598 3785 3081 3845 Sosthenesannis
3124 3798 3188 3839 ιι.

643 3907 698 3961 8.
737 3904 893 3961 Nunc
953 3907 1208 3976 quoniam
1230 3907 1285 3961 in
1306 3906 1598 3962 Alexandri
1617 3909 1943 3962 mentionem
1960 3906 2153 3969 incidi.

572 3996 725 4051 Iubet
752 3997 821 4051 ab
877 3996 1086 4067 origine
1144 4007 1377 4054 cunctos
1408 3996 1765 4053 Macedonum
1817 4011 1973 4068 reges
2023 3997 2149 4052 huic

572 4089 782 4169 scripto
809 4090 1151 4159 consignare.
1174 4088 1363 4159 Neque
1390 4090 1534 4145 enim
1569 4090 1878 4145 Alexander
1909 4088 2152 4146 Macedo-

538 4246 539 4249 η
573 4197 706 4236 num
725 4196 820 4236 rex
850 4182 1063 4252 primus
1092 4181 1211 4245 fuit,
1235 4184 1329 4238 sed
1364 4191 1596 4253 quartus
1614 4198 1779 4253 supra
1809 4184 2158 4245 vicesimum.

571 4271 684 4343 iam
728 4272 938 4343 primus
987 4272 1342 4329 Macedonum
1382 4289 1486 4333 rex.
1514 4275 1620 4330 fuit

644 4362 689 4417 Ι.
761 4363 1008 4420 Caranus
1041 4367 1201 4420 annis
1230 4383 1365 4421 xxii.

641 4453 708 4508 II.
784 4456 988 4511 Coenus
1020 4457 1180 4511 annis
1205 4473 1299 4510 xii.

644 4549 733 4601 Ill.
775 4547 1085 4619 Tyrimmas
1118 4550 1276 4603 annis
1309 4566 1547 4607 XXXVIII..

643 4637 735 4693 IV.
775 4638 1035 4695 Perdicca
1075 4641 1236 4696 annis
1266 4657 1336 4695 LI.

643 4730 711 4786 V.
752 4732 1020 4801 Argelaus
1054 4733 1219 4789 annis
1252 4747 1481 4787 xxxviii.

641 4822 734 4877 VI.
769 4823 1058 4894 Philippus
1089 4825 1250 4879 annis
1295 4841 1528 4882 xxxviii.

644 4911 759 4967 VII.
800 4912 1018 4969 IEraaus
1048 4914 1160 4985 (85)
1200 4914 1359 4969 annis
1392 4931 1551 4974 xxvi.

644 5003 783 5060 VIII.
826 5005 1041 5061 Alcetas
1070 5005 1233 5061 annis
1256 5022 1406 5062 XXIX.

643 5097 737 5151 IX.
789 5103 1050 5170 Amyntas
1089 5099 1249 5154 annis
1271 5115 1326 5154 ι..

530 5202 537 5219 λ
642 5190 710 5244 Χ.
776 5190 1083 5245 Alexander
1115 5191 1274 5249 annis
1295 5206 1443 5247 XLIV.

643 5282 738 5336 XI.
768 5281 1028 5337 Perdicca
1058 5283 1237 5353 annis.
1258 5298 1454 5339 xxviii.

642 5477 756 5546 (se)
791 5476 960 5542 Hist.,
996 5477 1163 5541 ".12.

670 5548 757 5615 85)
788 5548 869 5601 Ad
909 5564 1105 5604 annum
1135 5547 1293 5603 1555.

670 5555 757 5615 85)
788 5555 868 5601 Ad
909 5564 1105 5604 annum
1135 5555 1293 5603 1555.

645 5555 759 5686 (84)
792 5616 950 5688 illunc
986 5634 1202 5688 quoque
1234 5634 1520 5673 numerum
1553 5619 1620 5671 ab
1649 5618 1884 5674 Eusebio
1911 5617 2146 5673 desumit

589 5683 829 5760 Samuel.
851 5683 1063 5760 Quippe
1089 5683 1358 5760 Eusebius
1400 5688 1558 5760 apud,
1584 5690 1909 5749 Cedrenum,
1931 5705 1985 5758 p.
2022 5690 2143 5752 195,

604 5756 670 5828 ᾼ.
701 5756 888 5828 scribit
939 5774 968 5808 a
1000 5756 1160 5828 ’Cyro
1187 5759 1280 5828 "ad
1320 5756 1688 5813 Aleiandrum
1743 5774 1917 5814 annos
1932 5756 2141 5813 'ccxxx.

579 5823 906 5880 Conferatur
954 5823 1132 5882 autem
1183 5827 1473 5884 Eusebiani
1511 5845 1698 5896 regum
1743 5830 1988 5885 laterculi
2033 5831 2143 5884 col.

2328 3881 2543 3937 XXXV.
2594 3882 2899 3951 Antigonus
2924 3878 3167 3933 Gonatas
3194 3875 3354 3931 annis
3378 3889 3566 3935 xxxvr.

2320 3970 2563 4027 XXXVI.
2607 3969 2916 4025 Demetrius
2928 3967 3086 4022 annis
3121 3982 3174 4021 x.
3390 3968 3393 3969 ⁷

2312 4060 2579 4118 XXXVII.
2620 4061 2928 4131 Antigonus
2957 4059 3118 4114 annis
3149 4074 3239 4112 xv.

2321 4154 2608 4210 XXXVIII.
2641 4152 2926 4224 Philippus
2955 4152 3115 4207 annis
3144 4166 3281 4207 χιιι.

2320 4244 2567 4303 XXXIX.
2602 4243 2835 4299 Perseus
2860 4244 3020 4297 annis
3053 4260 3105 4297 ιι.

2324 4335 2620 4392 Interfecto
2647 4333 2870 4398 Perseo,
2899 4333 3135 4389 Romani
3177 4333 3575 4393 Macedonibus
3596 4338 3835 4394 liberta-.

2255 4437 2363 4484 tem
2393 4426 2654 4497 impertiti
2682 4434 2829 4490 sunt,
2863 4425 3053 4495 eisque
3081 4426 3163 4481 sui
3188 4426 3329 4496 juris
3352 4442 3474 4484 esse
3531 4444 3820 4489 concesse-

2178 4541 2226 4600 Β
2256 4530 2384 4576 runt
2417 4521 2575 4575 annis
2605 4535 2694 4573 xnv
2715 4518 2852 4587 (89).

2314 4611 2425 4668 XL.
2464 4610 2657 4666 Falsus
2682 4609 2963 4681 Philippus
2989 4625 3133 4665 anno
3163 4625 3205 4664 ι.

2331 4702 2556 4757 Summa
2589 4716 2857 4756 annorum
2880 4716 3126 4759 nchvn.

2327 4820 2416 4874 IO.
2456 4815 2688 4873 Interest
2747 4824 2805 4872 et
2850 4824 3048 4872 caetera
3081 4832 3247 4888 regna
3292 4816 3622 4878 describere.
3660 4821 3833 4881 Anno.

2256 4919 2380 4983 post
2426 4909 2720 4965 Alexandri
2745 4909 2855 4962 fata
2883 4909 3075 4978 quinto
3103 4910 3339 4983 imperat
3367 4913 3588 4969 Asianis

2311 5005 2355 5059 Ι.
2398 5005 2703 5074 Antigonus
2730 5002 2887 5056 annis
2909 5018 3060 5057 xviii.

2321 5095 2387 5151 II.
2424 5093 2735 5151 Demetrius
2763 5092 3097 5150 Poliorcetes
3127 5097 3286 5153 annis
3310 5114 3440 5152 xvu.

2328 5187 2627 5241 Amborum
2688 5187 2991 5241 dominatio
3047 5188 3337 5257 conjuncta
3389 5205 3562 5247 annos
3589 5198 3818 5260 occupat

2253 5294 2417 5334 xxxv.
2441 5276 2631 5348 Operae
2666 5280 2899 5348 pretium
2956 5287 3043 5333 est
3068 5293 3167 5334 eos
3203 5279 3330 5334 item
3360 5282 3453 5351 qui
3484 5281 3570 5337 his
3599 5296 3820 5339 succes—

2253 5474 2378 5533 209.
2395 5489 2518 5528 cum
2554 5480 2681 5527 nota
2708 5473 2757 5527 5.

2324 5546 2436 5615 (85)
2468 5542 2563 5615 pic
2594 5542 2828 5610 zEropus
2859 5545 2940 5599 vel
2970 5543 3223 5612 xEropas.

2325 5613 2436 5687 (86)
2470 5613 2748 5687 Vetustior
2774 5616 2966 5675 Codex.
2994 5614 3359 5669 Casamander
3386 5617 3539 5673 armis
3567 5629 3665 5676 xx.

2323 5685 2434 5751 (87)
2463 5685 2546 5738 Al.
2574 5686 2718 5744 cod.,
2752 5701 2837 5737 xv.

2320 5758 2429 5823 (88)
2465 5755 2790 5810 Conferatur
2829 5756 3095 5811 Eusebius
3126 5771 3163 5819 ι,
3194 5757 3285 5822 58,
3314 5757 3365 5810 ι.

2327 5826 2439 5892 (89)
2463 5824 2557 5880 Dic
2591 5842 2675 5881 xix
2714 5841 2837 5878 cum
2871 5825 3125 5891 Eusebio,
3158 5830 3262 5881 col.
3300 5828 3405 5882 iiii
