4142 6400
452 333 562 392 855

1445 325 1790 387 APPENDIX
1825 328 1918 382 AD
1958 327 2230 397 EUSEBJI
2262 327 2677 391 CIIRONICON.

3619 323 3721 394 ess

527 449 659 504 Post
708 463 866 520 reges
905 448 1240 520 praefuerunt
1290 446 1478 503 Romae
1527 449 1785 504 consules
1817 464 1846 503 a
1875 448 2042 504 Bruto
2071 454 2116 511 Α
2147 451 2331 510 sitam.
2357 466 2519 521 quam
2550 461 2605 508 et
2629 451 2917 507 llarchiam
2943 453 3294 526 nuncupavit.
3317 451 3539 510 interim
3563 453 3726 514 Belus

457 542 684 605 exorsi;
742 539 940 595 deinde
990 540 1217 603 tribuni,
1275 555 1405 593 mox
1456 539 1754 595 dictatores
1806 542 2041 610 (nempe

2143 541 2197 594 in
2261 543 2500 612 reliquos
2547 558 2741 598 omnes
2792 544 3130 598 dominatum
3186 545 3444 616 adeptus,
3493 545 3722 605 HaiCum

457 633 836 703 eloquentes);
883 648 1079 686 rursus
1117 631 1394 695 consules,
1435 632 1530 701 qui
1575 647 1604 684 a
1643 629 1944 702 Tarquinio
1974 632 2041 687 ad
2141 646 2358 702 quoque
2399 632 2724 702 Babylonem
2759 635 2990 687 accersit
3029 653 3041 688 :
3074 650 3306 704 cumque
3344 635 3544 691 [laicus
3573 653 3725 691 man-

457 724 650 780 Caium
681 723 883 778 Julium
917 723 1243 778 exstiterunt
1274 723 1432 776 annis
1461 737 1682 777 ccccu.

525 816 660 871 Post
719 817 818 870 hos
877 829 1018 868 anno
1088 815 1261 868 altero
1323 815 1632 870 centesima!
1697 815 2043 882 octogesimas

460 918 674 981 quarta:
709 906 1038 979 olympiadis
1067 921 1335 961 summam
1381 915 1703 977 potestatem
1754 908 1895 976 apud
1935 907 2045 960 Ro-

459 1017 651 1058 manos
696 1000 936 1056 exercuit
974 997 1139 1053 Caius
1177 997 1356 1054 Julius
1396 1001 1554 1053 annis
1597 1001 1860 1069 quinque,
1894 1016 2046 1054 men-

460 1095 614 1151 sibus
693 1100 897 1162 septem
955 1092 1158 1146 minus.
1223 1091 1358 1145 Exin
1421 1089 1694 1144 Caesarum
1759 1107 1874 1161 app.
1898 1092 2046 1144 llatio

459 1185 719 1241 obtinuit.
762 1183 881 1238 Jam
934 1184 1040 1238 huc
1079 1199 1255 1253 usque
1300 1183 1427 1236 anni
1461 1183 1572 1238 duo
1601 1184 1898 1253 Cleopatrae
1944 1201 2048 1237 nu-

461 1283 783 1342 merantur;
832 1274 1075 1345 reliquos
1125 1273 1316 1344 viginti
1358 1271 1544 1327 eadem
1593 1275 1696 1328 sub
1758 1273 2025 1330 Romanis

465 1367 740 1439 exigebat.

532 1461 812 1531 Augustus
841 1459 1000 1514 annis
1026 1474 1134 1523 LVI,
1173 1457 1453 1512 mensibus
1481 1473 1557 1513 vI.
1584 1457 1666 1512 Ab
1696 1459 1857 1527 hujus
1873 1459 2049 1528 primo

467 1565 614 1607 anno
647 1551 974 1605 Antiocheni
1005 1565 1133 1606 suos
1166 1564 1341 1605 annos
1373 1561 1683 1604 numerant.
1713 1550 1889 1618 llujus
1921 1552 2046 1605 item

464 1658 609 1698 anno
632 1643 844 1699 decimo
868 1641 1178 1697 Iudaeorum
1203 1643 1460 1712 praesules
1491 1644 1656 1696 amoti
1683 1649 1831 1706 sunt,
1865 1658 2051 1710 regna-

465 1734 650 1803 vitque
730 1731 972 1787 Herodes
1006 1731 1326 1799 alienigena.
1403 1729 1543 1784 Ecce
1591 1739 1768 1784 autem
1819 1729 2047 1799 Augusti

2143 721 2270 776 data
2324 739 2431 778 non
2476 723 2699 788 faceret,
2749 725 3030 795 egreditur
3079 727 3341 782 adversus
3385 743 3506 782 eum
3563 727 3724 783 Belus

2149 817 2379 873 immani
2424 819 2730 886 arrogantia
2775 817 2971 871 elatus.
3020 816 3122 872 Sed
3164 819 3304 872 enim
3351 820 3454 873 telo
3487 821 3627 874 ictus
3657 821 3724 874 ab

2144 908 2312 962 Haico
2344 908 2456 961 vita
2483 909 2750 977 spoliatur
2785 926 2797 962 :
2832 909 2922 978 qui
2949 910 3165 978 quidem
3207 910 3348 964 haud
3379 911 3566 981 paucis
3604 919 3724 982 post

2147 996 2312 1051 annis
2341 997 2450 1049 vita
2482 996 2770 1067 producta,
2797 996 3018 1052 ditionis
3041 999 3306 1054 ba-rcdem
3337 1002 3577 1056 moriens
3609 1003 3724 1056 reli-

2145 1090 2260 1160 quit
2283 1092 2665 1147 Armenacum.

2215 1183 2269 1239 2.
2312 1183 2649 1238 Armenacus
2683 1183 2793 1254 (14)
2836 1182 2990 1237 Haici
3031 1182 3194 1244 ﬁlius.
3222 1193 3345 1253 post
3383 1185 3586 1240 obitum
3623 1203 3722 1256 pa-

2150 1271 2285 1336 tris,
2326 1270 2524 1325 fratres
2553 1271 2692 1325 duos
2722 1271 2961 1326 Chorum
2999 1279 3053 1326 et
3086 1271 3435 1328 Manavazum
3485 1275 3538 1330 in
3582 1275 3719 1329 llar-

2148 1361 2338 1416 chensi
2390 1363 2670 1430 provincia
2711 1363 2966 1433 reliquit,
3006 1363 3246 1434 itemque
3289 1365 3486 1420 Bazum
3536 1366 3720 1422 Mana-

2148 1455 2266 1509 vazi
2301 1455 2410 1524 (i5)
2454 1455 2641 1510 ﬁlium.
2676 1454 2849 1509 Porro
2883 1472 2912 1510 a
2949 1456 3249 1510 Manavazo
3283 1456 3530 1528 Bazoque
3561 1458 3728 1513 dictae-

2151 1541 2404 1597 feruntur
2445 1546 2699 1614 satrapiae
2723 1545 3030 1602 Mauavazia
3065 1556 3120 1602 et
3156 1549 3449 1611 Bcznunia,
3485 1553 3721 1622 itemque

2151 1648 2214 1688 ea
2246 1650 2366 1704 quae
2399 1633 2640 1689 Ordunia
2676 1637 3017 1706 appellatur:
3053 1655 3081 1692 a
3112 1638 3294 1693 Choro
3324 1650 3502 1695 autem
3532 1653 3722 1711 gentes

2154 1727 2605 1782 Cborchorunim.
2660 1729 2781 1798 Ipse
2810 1743 2940 1783 vero
2969 1730 3311 1785 Armenacus
3354 1732 3492 1785 ultra
3539 1743 3721 1790 trans-

466 1827 640 1880 altero
665 1833 717 1879 et
745 1825 1184 1895 quadragesimo,
1216 1821 1446 1876 Herodis
1481 1822 1652 1876 altero
1687 1831 1740 1875 et
1770 1823 2050 1878 tricesimo
2078 1805 2118 1859 Β
2147 1833 2378 1888 gressus
2400 1859 2414 1878 ,
2469 1819 2522 1872 in
2576 1820 2803 1888 planitie
2859 1821 3101 1876 consedit
3149 1823 3295 1893 jugis
3345 1825 3682 1880 circumdata
3703 1869 3718 1893 ,

466 1933 631 1981 anno,
659 1934 854 1974 carens
884 1925 1128 1987 tempore
1161 1915 1346 1970 FILIUS
1374 1913 1472 1967 De:
1510 1921 1698 1968 sancta
1731 1929 1796 1968 ex
1826 1912 2052 1984 Virgine

465 2012 714 2068 nascitur
736 2011 791 2064 in
822 2017 1067 2079 tempore
1091 2007 1224 2078 (15).

1060 2139 1289 2196 CAPUT
1330 2138 1443 2196 Ἧι.

812 2254 1024 2309 Jabetln'
1060 2256 1309 2324 prosapia
1347 2253 1692 2308 Armeniaca.

533 2368 756 2424 Priores
795 2368 931 2423 duas
972 2369 1350 2438 genealogias,
1388 2366 1534 2422 Semi
1587 2365 1843 2419 videlicet
1887 2372 2056 2434 atque

464 2459 676 2526 Chami,
709 2461 944 2516 breviter
976 2462 1376 2524 recensuimus,
1403 2459 1752 2526 easdemque,
1785 2465 2048 2526 quantum

463 2554 648 2616 licuit,
682 2569 779 2623 per
810 2554 1196 2607 successiones
1223 2561 1276 2607 et
1309 2559 1554 2621 tempora
1587 2549 1654 2602 ad
1689 2564 1813 2603 eum
1845 2563 2047 2602 annum

465 2661 641 2717 usque
679 2645 1028 2708 deduximus,
1071 2661 1182 2715 quo
1242 2643 1621 2697 manifestatus
1666 2650 1748 2697 est
1789 2640 2052 2694 Dominus

465 2741 558 2810 qui
605 2739 900 2793 humanam
941 2745 1134 2808 sponte
1171 2745 1422 2790 naturam
1455 2733 1704 2788 adscivit.
1737 2732 1848 2800 Age
1881 2746 2048 2794 nunc,

465 2831 608 2902 quod
653 2831 903 2900 superior
950 2829 1126 2884 oratio
1172 2835 1360 2882 nostra
1402 2825 1685 2895 promisit,
1733 2824 1800 2878 ad
1837 2821 2053 2877 Jabethi

463 2939 684 2994 quoque
705 2923 1014 2993 progeniem
1038 2918 1452 2974 describendam
1482 2915 1810 2970 accedamus
1847 2933 1860 2969 :
1894 2914 2052 2984 cujus

466 3015 794 3074 successivze
815 3014 1222 3086 procreationes
1247 3013 1312 3064 ad
1337 3009 1568 3063 Parthos
1593 3024 1765 3078 usque
1785 3006 2050 3070 deﬂuunt,

474 3125 578 3180 lluo
621 3110 679 3162 lit
728 3118 787 3162 ut
832 3123 956 3162 eum
1004 3106 1260 3175 denique,
1291 3104 1383 3174 qui
1429 3102 1556 3156 fecit
1597 3109 1828 3170 utraque
1858 3115 2048 3162 unum,

2148 1925 2378 1980 quorum
2405 1912 2619 1965 elatiori
2643 1928 2837 1967 nomen
2864 1915 2985 1968 fecit
3009 1916 3251 1986 Aragazo
3276 1935 3288 1970 :
3325 1926 3436 1970 tum
3461 1920 3733 1976 Armaeiso.

2149 2009 2272 2072 post
2349 2003 2554 2073 aliquot
2624 2005 2749 2058 vitae
2800 2019 2973 2060 annos
3041 2007 3256 2075 genito,
3307 2008 3398 2061 diu
3448 2009 3570 2064 exin
3625 2027 3721 2064 su-

2149 2102 2359 2163 perstes
2396 2094 2610 2148 demum
2646 2102 2857 2150 natura;
2890 2095 3175 2151 satisfecit.
3708 2095 3710 2098 ’

2220 2186 2274 2239 5.
2317 2185 2612 2239 Armaeisus
2644 2185 2755 2257 (l6)
2796 2187 3083 2242 Armenaci
3131 2188 3272 2244 ﬁlius
3305 2192 3590 2244 stationem
3621 2191 3728 2245 sibi

2151 2276 2204 2330 in
2237 2277 2378 2330 colle
2413 2277 2478 2331 ad
2515 2279 2692 2331 amnis
2719 2278 2892 2348 ripam
2926 2278 3178 2335 :ediﬁcat.
3227 2280 3404 2351 Atque
3434 2283 3722 2336 stationem

2151 2369 2369 2439 quidem
2411 2385 2512 2423 suo
2556 2367 2622 2423 de
2666 2371 2887 2426 nomine
2940 2371 3272 2426 Armaviram
3304 2375 3572 2442 appellat,
3609 2390 3725 2428 am-

2151 2477 2274 2515 nem
2306 2468 2482 2514 antem
2531 2477 2593 2515 ex
2641 2461 2834 2517 Erasto
2870 2472 3063 2532 nepote
3109 2480 3209 2517 suo
3252 2464 3541 2519 Eraschem
3575 2466 3724 2519 voci-

2153 2561 2228 2606 tat
2257 2553 2394 2622 (i7).
2433 2552 2553 2608 Mox
2592 2554 2831 2608 Sancum
2866 2556 3030 2610 ﬁlium
3054 2596 3069 2619 ,
3109 2559 3258 2626 prole
3303 2557 3520 2612 divitem
3565 2567 3733 2628 atque-

2152 2661 2400 2699 voracem
2446 2647 2597 2717 (18),
2646 2647 2868 2702 boream
2911 2665 3102 2704 versus
3148 2651 3201 2703 in
3250 2661 3606 2720 campestrem
3647 2653 3727 2706 lo-

2153 2751 2278 2789 cum
2311 2737 2512 2790 emittit
2545 2739 2680 2793 satis
2710 2739 2928 2792 uberem
2963 2747 3016 2791 et
3054 2739 3417 2795 frm-tuosum.
3454 2740 3627 2810 Hujus
3660 2745 3728 2797 de

2153 2827 2376 2881 nomine
2408 2829 2556 2898 regio
2581 2829 2669 2881 illa
2707 2829 2915 2882 Siracia
2967 2840 3284 2901 nuncupata
3341 2841 3444 2886 est.
3475 2831 3593 2886 Jam
3626 2835 3722 2887 Ar-

2154 2920 2376 2974 mmisus
2431 2919 2707 2974 Amasiam
2753 2923 3088 2990 procreavit,
3137 2925 3339 2980 diuaue
3387 2927 3563 2980 adhuc
3615 2928 3727 2982 vita

2153 3024 2291 3063 usus
2323 3025 2637 3078 supremum
2682 3011 2824 3064 diem
2858 3011 3010 3065 obiit.

2225 3099 2277 3153 4.
2321 3101 2568 3156 Amasias
2597 3101 2846 3156 Armacisi
2885 3087 3060 3166 ﬁlius,
3098 3104 3260 3157 vitam
3295 3113 3505 3176 agitans
3532 3107 3726 3159 Arm-

475 3201 783 3264 Dominum,
843 3201 1088 3270 inquam,
1142 3206 1388 3251 nostrum
1454 3195 1856 3263 contingamus.
1915 3192 2049 3244 Cum
2080 3170 2124 3226 θ
2155 3192 2316 3254 viraa,
2356 3191 2658 3247 Gelamium
2695 3195 2882 3264 genuit
2914 3203 2965 3248 et
3001 3193 3343 3250 Pharocbum
3382 3207 3541 3267 atque
3572 3185 3729 3250 Zola;

475 3294 635 3365 igitur
677 3293 919 3362 praedicti
959 3290 1228 3346 sermonis
1261 3288 1434 3342 nostri
1474 3302 1670 3341 cursus
1713 3285 1778 3339 ad
1809 3284 2054 3354 Thorgo—

477 3401 622 3439 mum
653 3385 951 3448 devenerit,
985 3383 1230 3452 sequitur
1260 3389 1318 3434 ut
1353 3380 1420 3433 ab
1448 3395 1513 3433 eo
1543 3380 1664 3434 loco
1685 3380 2054 3432 narrationem

475 3491 667 3533 rursus
693 3475 1064 3530 exordiamur.

545 3567 598 3622 1.
650 3567 696 3620 Α
740 3565 1050 3635 Thorgomo
1100 3564 1175 3616 ait
1243 3561 1450 3633 (Moses
1505 3560 1872 3624 Chorenensis,
1914 3579 1954 3627 1,
1999 3561 2056 3632 9)

475 3668 816 3730 procreatum
851 3657 1098 3712 Haicum.
1133 3653 1250 3710 Jam
1277 3654 1366 3708 hic
1389 3652 1592 3710 llaicus
1622 3671 1688 3708 ex
1715 3669 1904 3707 eorum
1939 3662 2056 3707 erat

476 3751 750 3820 gigantum
804 3764 1036 3804 numero
1086 3751 1177 3818 qui
1227 3747 1538 3817 arrogantia
1585 3745 1776 3799 tumidi
1829 3746 2052 3815 impium

475 3842 758 3896 consilium
822 3840 1203 3894 construendae
1246 3839 1411 3892 turris
1456 3837 2055 3908 pepererunt;quique

477 3941 600 4001 post
625 3933 744 4000 ejus
771 3931 1032 3985 immanis
1057 3929 1270 3985 aediﬁcii
1298 3928 1513 3982 ruinam
1541 3943 1662 3982 cum
1693 3928 1804 3996 jam
1833 3929 1975 3982 inter
1997 3943 2056 3982 se

477 4034 700 4094 propter
754 4024 1061 4093 linguarum
1123 4020 1446 4076 divisionem
1501 4034 1613 4073 non
1665 4019 2051 4090 intelligerent,

477 4115 736 4185 superbia
781 4116 909 4168 elati
945 4122 1191 4169 mutuum
1231 4113 1568 4170 dominatum
1602 4111 1944 4167 aﬂ'ectabant.
1980 4112 2052 4176 ls,

477 4208 714 4278 inquam,
753 4206 956 4261 [laicus
1016 4206 1143 4261 Belo
1190 4206 1460 4261 obsistere
1509 4221 1679 4260 ausus
1740 4212 1844 4270 est,
1895 4205 2054 4275 cujus

478 4300 722 4356 studium
771 4315 837 4354 eo
889 4299 1168 4368 spectabat
1213 4309 1292 4364 ut,
1348 4299 1566 4354 cunctis
1616 4298 1720 4353 sibi
1769 4297 2051 4367 subjectis,

478 4392 784 4464 generalem
833 4393 1173 4463 tyrannidem
1230 4400 1529 4447 exerceret.
1579 4390 1658 4447 Ne
1713 4389 1842 4445 Belo
1891 4391 2055 4460 igitur

477 4484 878 4554 obtemperaret
929 4483 1172 4560 Haicus,‘
1211 4499 1335 4538 cum
1384 4483 1514 4546 ﬁlio,
1563 4497 1722 4552 quem
1781 4480 2054 4551 Babylone
2085 4513 2130 4568 Β

478 4585 816 4645 susceperat,
864 4579 1189 4639 Armenaco.
1222 4576 1356 4646 petit
1413 4574 1742 4636 Araratiam,
1793 4574 2052 4628 trecentis

477 4667 613 4723 viris
658 4668 887 4737 aliisque
927 4667 1171 4732 advenis,
1202 4667 1292 4736 qui
1321 4681 1379 4720 se
1418 4665 1496 4720 illi
1520 4665 1908 4733 adiunxerant,
1932 4679 2054 4718 cor-

478 4757 790 4813 roboratus.
823 4756 900 4816 lbi
929 4772 1059 4812 vero
1095 4757 1161 4812 ad
1205 4757 1411 4811 montis
1461 4756 1675 4810 radices
1715 4753 2060 4807 domicilium

479 4851 700 4913 excitat,
751 4850 916 4919 idque
972 4866 1097 4904 mox
1147 4851 1438 4905 Armenaci
1494 4849 1604 4902 ﬁlio
1647 4846 1850 4901 Cadmo
1900 4846 2056 4900 attri-

480 4943 676 5009 buens,
720 4943 937 5012 longius
990 4943 1103 5011 ipse
1163 4956 1483 5012 progressus
1531 4948 1617 4994 est
1662 4939 1726 4993 ad
1773 4939 2051 5008 regionem

483 5033 776 5106 quamdam
838 5033 981 5088 inter
1031 5032 1163 5088 solis
1211 5047 1466 5087 occasum
1531 5041 1584 5085 et
1629 5031 2052 5100 septentrionem

553 5213 664 5283 (l5)
698 5211 938 5283 Samue.,
982 5219 1047 5283 Aut
1072 5210 1268 5280 cuique
1307 5210 1500 5283 legenti
1532 5215 1768 5283 constat,
1816 5209 2052 5283 priorem

483 5280 705 5338 Eusebii
738 5281 935 5351 librum
981 5281 1088 5351 hle
1117 5297 1289 5351 usque
1318 5282 1373 5334 in
1411 5281 1790 5351 compendium
1827 5280 2050 5351 redegit.

483 5355 655 5410 Porro
686 5366 810 5405 cum
839 5350 980 5403 idem
1004 5349 1376 5405 Romanorum
1409 5350 1765 5420 imperatores
1787 5349 1928 5402 ultra
1953 5349 2057 5420 pri-

483 5439 631 5477 mum
683 5420 766 5475 vel
810 5421 1038 5473 alterum
1080 5424 1351 5477 Caesarem
1403 5436 1511 5474 non
1563 5419 1852 5479 describat,
1910 5419 2051 5476 haud

485 5493 688 5546 scimus
719 5507 786 5542 an
809 5490 939 5544 hinc
959 5495 1153 5546 merito
1182 5492 1595 5560 conjectandum
1627 5491 1720 5551 sit,
1747 5487 2052 5547 Samuclem

484 5563 674 5615 mutilo
705 5560 924 5614 Eusebii
969 5561 1155 5619 codice
1189 5579 1348 5617 usum
1400 5577 1538 5616 esse.

559 5633 671 5702 (lli)
716 5630 942 5684 Codices
985 5631 1187 5706 aliique
1229 5635 1526 5704 scriptores
1576 5631 1736 5684 etiam
1765 5675 1778 5700 ,
1831 5635 2054 5690 Arame-

489 5719 672 5757 nacus.

557 5774 667 5844 (15)
711 5775 1039 5835 Manavazus
1072 5775 1221 5829 llaici
1253 5775 1394 5831 ﬁlius
1420 5815 1434 5841 ,
1469 5773 1758 5831 Armenaci
1791 5777 1978 5832 frater.

2157 3285 2324 3339 cium.
2364 3284 2508 3338 Idem
2548 3287 2746 3356 Oppida
2778 3287 2887 3341 duo
2931 3289 2982 3341 in
3033 3288 3312 3345 radicibus
3361 3292 3558 3345 montis
3605 3291 3726 3343 fun-

2155 3374 2343 3441 davit,
2377 3378 2714 3447 totidemque
2760 3378 2893 3434 ﬁliis.
2931 3397 3046 3434 SUlS
3088 3381 3373 3435 incolenda
3420 3384 3720 3446 concessit,

2155 3463 2445 3522 Pharoclio
2495 3470 2702 3524 scilicet
2752 3471 2878 3525 forti
2930 3480 2982 3526 et
3032 3471 3254 3528 Zolacio
3297 3472 3570 3537 formoso,
3607 3490 3726 3544 quae

2157 3559 2372 3626 quidem
2411 3561 2600 3615 borum
2631 3564 2850 3616 nomina
2886 3565 3120 3619 retinent
3151 3565 3508 3620 Parachotum
3538 3574 3590 3620 et
3621 3567 3725 3621 Zo-

2155 3647 2438 3704 laeertam.
2492 3651 2722 3706 Montem
2771 3653 3006 3723 denique
3052 3655 3118 3709 de
3168 3673 3270 3711 suo
3320 3659 3542 3713 nomine
3590 3659 3727 3713 dixit

2157 3737 2439 3794 Masisium
2475 3743 2610 3813 (l9).
2653 3742 2704 3798 is
2769 3759 2893 3798 cum
2925 3747 3082 3798 annis
3114 3756 3370 3815 praeterea
3403 3764 3508 3803 non
3533 3751 3724 3819 paucis

2153 3832 2318 3885 vitam
2353 3842 2750 3900 sustentasset,
2786 3835 3085 3891 Armavirac
3115 3839 3369 3894 decessit.

2225 3923 2280 3978 5.
2320 3923 2596 3982 Gelamius
2628 3926 2864 3982 Amasize
2910 3928 3052 3982 ﬁlius
3100 3928 3354 3985 llarmam
3399 3932 3725 4002 procreavit.

2154 4009 2299 4066 Idem
2337 4015 2595 4083 Oppidum
2629 4015 2683 4069 in
2714 4031 2808 4070 ora
2851 4017 3006 4071 lacus
3054 4019 3337 4085 condidit,
3380 4029 3724 4091 montemque

2153 4105 2464 4174 proximum
2497 4105 2685 4161 Gelum
2719 4107 2884 4175 dixit,
2916 4110 3104 4163 urbem
3137 4108 3518 4175 Gelacuniam,
3545 4113 3724 4166 lacum

2154 4196 2388 4266 denique
2415 4213 2562 4253 mare
2591 4198 2944 4255 Gelacunium
2977 4201 3110 4274 (20).
3139 4203 3383 4257 Gelamio
3417 4203 3558 4259 ﬁlius
3591 4206 3728 4260 alter

2155 4289 2258 4344 fuit
2287 4287 2510 4347 Sisacus
2530 4332 2544 4356 ,
2575 4294 2662 4347 cui
2695 4293 2830 4350 ﬁnes
2858 4295 3082 4352 ditionis
3105 4297 3390 4350 constituit
3421 4299 3486 4352 ab
3512 4315 3576 4351 eo
3603 4300 3725 4354 lacu

2154 4381 2417 4436 orientem
2450 4398 2673 4449 versus,
2707 4400 2813 4455 qua
2857 4384 2976 4440 ﬁuit
3005 4387 3184 4441 amnis
3217 4385 3486 4444 Erascbes
3519 4388 3724 4459 ingenti

2156 4473 2370 4542 agmine
2396 4481 2451 4528 et
2482 4476 2710 4544 strepitu
2743 4476 2797 4529 in
2827 4491 2921 4532 eos
2951 4493 3171 4548 campos
3204 4479 3460 4549 delapsus
3501 4481 3593 4548 qui
3635 4479 3724 4535 di-

2154 4573 2357 4620 cuntur
2390 4565 2702 4622 Cbalavazi.
2753 4567 2813 4621 Ei
2857 4569 3065 4638 regioni
3116 4586 3315 4626 nomen
3363 4579 3445 4626 est
3494 4571 3723 4627 Siunia:

2156 4657 2249 4712 sed
2277 4658 2618 4715 commodius
2662 4658 2842 4715 Persae
2886 4661 3075 4715 dicunt
3119 4660 3479 4717 Sisicaniam..
3518 4663 3720 4719 Urbem

2154 4750 2315 4804 etiam
2348 4751 2593 4805 condidit
2624 4751 2921 4808 Gelamiam
2965 4754 3031 4806 de
3076 4769 3177 4808 suo
3220 4756 3440 4808 nomine
3487 4755 3724 4820 dictam,

2154 4858 2278 4912 quae
2305 4850 2494 4912 postea
2523 4844 2590 4898 de
2622 4843 2858 4900 Garnico
2887 4853 3082 4914 nepote
3124 4845 3244 4916 ejus
3284 4843 3484 4901 Garnia
3529 4847 3726 4905 audiit.

2155 4932 2294 4988 Hinc
2357 4942 2511 4989 ortus
2564 4943 2648 4991 est
2699 4937 3008 4992 consecutis
3056 4938 3392 5007 temporibus
3460 4938 3561 4993 sub
3617 4937 3722 4992 Ar-

2157 5035 2378 5082 taxerxe
2397 5025 2639 5083 Varazus
2659 5029 2748 5084 ille
2769 5031 3114 5085 venationum
3140 5030 3428 5100 praafectus
3444 5029 3724 5085 Varaznu-

2228 5211 2339 5274 (16)
2379 5211 2551 5266 Aliter
2583 5212 2780 5271 etiam.
2820 5214 3158 5267 Aramaisus.

2227 5281 2340 5350 (l7)
2379 5281 2581 5350 Nempe
2609 5284 2863 5336 Araxem.

2227 5355 2339 5422 (18)
2379 5352 2707 5424 Conferatur
2732 5355 2832 5406 hac
2859 5369 3023 5424 super
3050 5369 3108 5408 rc
3135 5353 3387 5424 adagium
3421 5351 3561 5423 apud
3587 5351 3727 5407 Clio-

2155 5437 2441 5477 renensem
2465 5462 2478 5486 ,
2515 5421 2657 5476 Ilist.
2695 5440 2746 5487 ι,
2781 5423 2863 5476 Η.
2928 5421 2942 5424 ’
3247 5421 3263 5424 ⁷
3456 5421 3471 5423 “
3683 5427 3694 5434 -

2226 5493 2340 5563 (19)
2381 5492 2538 5545 llunc
2586 5493 2838 5547 immanis
2901 5493 3204 5549 altitudinis
3259 5502 3495 5548 montem
3540 5491 3721 5547 divina

2155 5563 2326 5617 Biblia
2359 5563 2582 5633 alteque
2610 5573 2798 5633 gentes
2828 5564 3016 5617 dicunt
3043 5565 3263 5618 Ararat.

2230 5635 2341 5703 (20)
2378 5632 2504 5705 μοσ
2551 5632 2698 5688 mare
2752 5639 2888 5701 (seu
2927 5637 3151 5703 lacum)
3212 5635 3412 5705 posteri
3463 5633 3716 5686 dixeruu'
3772 5638 3779 5689 ἑ

2158 5702 2638 5774 ριίίιηιῖδευαηὶηηι
2676 5706 2742 5758 ab
2779 5705 2956 5759 insula
2991 5702 3258 5771 chania,
3295 5706 3383 5760 ubi
3431 5721 3521 5759 arx
3559 5711 3722 5774 capti.

2158 5773 2484 5843 perdiﬁicilis
