4142 6400
407 400 517 459 637

1117 395 1474 452 SAMUELIS‘
1500 395 1822 451 ANI‘ENSIS
1862 392 2204 450 SUMMARII
2244 387 2634 448 TEMPORUM
2663 387 2845 446 PARS
2880 388 2923 442 1.

3563 383 3669 442 658

409 518 516 573 nia:
560 511 778 568 familia:
813 511 954 567 fons.
987 509 1204 565 Harmze
1253 512 1362 565 tilio
1387 510 1666 566 Gclamius
1717 511 1773 565 in
1827 526 1982 565 man-
2012 515 2058 572 Α
2156 508 2209 563 8.
2249 507 2393 563 Arzei
2423 507 2584 561 Δι’ωο
2614 503 2783 576 geniti
2815 501 2960 558 filius
3001 501 3368 556 Anusavanus
3404 499 3526 555 fuit.
3567 499 3668 556 Hic

407 609 552 665 datis
604 606 788 669 dedit,
847 613 906 660 ut
959 603 1256 658 Armavirae
1317 604 1624 667 habitaret,
1687 603 1983 672 multisque

407 710 531 774 post
564 701 724 754 annis
767 700 1072 774 exstinctus
1093 707 1196 752 est.
1224 695 1424 750 “arma
1446 695 1689 751 Gelamio
1730 695 1945 766 genitus
1964 736 1980 760 ,

407 805 664 864 suscepto
691 793 800 847 ﬁlio
830 792 1054 855 Aramo,
1089 798 1212 861 post
1241 805 1416 844 annos
1447 790 1654 859 aliquot
1683 789 1817 841 obiit

477 888 530 943 6.
573 889 807 940 Aramus
841 883 1055 938 Harmte
1088 884 1231 938 filius
1266 899 1360 952 per
1403 882 1530 937 εει)νί
1577 881 1768 935 martis
1809 889 1984 934 certa-

404 982 554 1036 mina
584 996 641 1034 re
672 993 813 1048 saepe
839 977 1095 1048 praeclare
1120 986 1270 1045 gesta
1295 975 1555 1028 ditionem
1581 989 1736 1027 suam
1766 988 1984 1042 quaqua

404 1087 599 1126 versus
629 1068 873 1140 protulit.
910 1067 1002 1120 Ah
1050 1065 1214 1133 hujus
1264 1063 1482 1116 nomine
1530 1078 1803 1116 consensu
1852 1079 1983 1131 gen-

404 1164 544 1217 tium
601 1161 844 1215 omnium
902 1158 1052 1227 regio
1107 1164 1291 1210 nostra
1349 1155 1614 1224 appellata
1665 1162 1796 1207 est:
1856 1168 1981 1216 nam

406 1253 581 1309 Graeci
611 1253 831 1323 quidem
864 1249 1153 1305 Armenios
1175 1288 1190 1308 ,
1224 1247 1345 1318 Syri
1394 1264 1522 1302 vero
1563 1255 1616 1300 et
1662 1245 1843 1301 Persae
1883 1245 1982 1297 Ar-

406 1344 623 1399 menich
672 1361 775 1399 nos
820 1341 1031 1396 dicunt.
1079 1339 1173 1394 Ille
1219 1338 1526 1410 Nycharum
1577 1337 1784 1391 Madent
1841 1337 1983 1390 bello

406 1439 626 1501 captum
671 1431 738 1485 de
775 1430 947 1484 turris
990 1444 1148 1482 muro
1179 1427 1483 1497 suspendit.
1515 1427 1776 1481 Eumdem
1809 1425 1984 1482 Ninus

407 1525 714 1580 secundum
744 1539 772 1576 a
804 1538 863 1578 se
891 1523 1029 1575 dixit
1060 1522 1219 1590 eique
1251 1521 1498 1574 diadema
1539 1521 1854 1590 margaritis
1897 1519 1982 1572 in-

408 1617 563 1684 signe
588 1621 804 1684 gestare
829 1611 1135 1675 concessit,
1166 1610 1381 1663 tametsi
1411 1609 1591 1678 specie
1623 1619 1803 1662 tenus.
1835 1607 1980 1660 Idem

407 1707 727 1762 Barsamum
758 1706 868 1759 vita
900 1705 1153 1774 spoliavit
1179 1723 1191 1758 :
1222 1711 1334 1756 tum
1364 1711 1418 1757 et
1446 1704 1682 1756 titamun
1729 1701 1979 1770 Paeapum

408 1799 688 1854 Chalidem
720 1813 750 1851 e
783 1796 1199 1851 mediterraneis
1221 1795 1530 1855 submovit,
1557 1804 1715 1862 atque
1746 1793 1799 1846 in
1829 1793 1983 1846 insu-

409 1893 518 1947 lam
549 1891 841 1962 quamdam
877 1888 1067 1943 Asiani
1100 1890 1269 1942 maris
1303 1881 1498 1958 adegit.
1534 1886 1676 1940 Idem
1709 1887 1760 1940 in
1787 1901 1849 1939 ea
1879 1902 1987 1939 me-

410 1983 712 2035 diterranea
735 1981 952 2049 regione
979 1979 1248 2035 Mesacum
1281 1980 1450 2048 stirpe
1479 1994 1579 2032 sua
1607 1985 1786 2030 ortum
1817 1976 1988 2030 collo-

410 2073 589 2135 cavit,
635 2071 725 2141 qui
778 2070 1048 2124 Mazacam
1101 2069 1384 2131 condidit,
1439 2068 1742 2122 Ctesaream
1799 2076 1988 2138 postea

409 2172 680 2218 vocatam.
731 2163 1003 2216 Mandavit
1031 2169 1298 2232 praeterea.
1325 2171 1482 2214 terrae.
1509 2159 1631 2230 ejus
1663 2158 1858 2213 incolis
1882 2197 1894 2221 ,
1930 2165 1988 2211 ut

409 2254 708 2310 llaicanam
764 2255 1004 2324 linguam
1065 2253 1454 2308 addiscerent:
1515 2252 1869 2322 quamobrem
1925 2265 1989 2305 ea

409 2363 568 2419 plaga
593 2346 796 2400 dicitur
822 2364 854 2399 a
886 2344 1082 2399 ercis
1112 2344 1310 2414 πρώτη
1342 2344 1629 2413 Ἀρμενία,
1660 2343 1866 2398 scilicet
1887 2342 1990 2395 Ar-

410 2441 590 2494 menia
620 2439 814 2510 prima.
861 2436 1002 2491 Hinc
1045 2437 1110 2491 ad
1153 2439 1287 2490 lines
1318 2451 1491 2505 usque
1523 2435 1776 2505 proprios
1822 2434 1990 2487 inter-

410 2527 591 2582 media
615 2529 730 2581 loca
752 2527 946 2581 incolis
973 2525 1354 2595 frequentavit,
1375 2541 1495 2595 quae
1517 2524 1788 2586 secundae,
1816 2525 1990 2579 tertiae.

408 2618 523 2674 imo
549 2626 602 2674 et
629 2630 836 2691 quartae
862 2618 1134 2672 Armeniae
1177 2618 1568 2687 appellationes
1616 2625 1783 2670 nacta
1836 2623 1986 2671 sunt.

409 2709 541 2768 Hac
585 2711 649 2765 ad
697 2711 919 2766 verbum
962 2710 1140 2765 Moses
1184 2710 1318 2781 (21).
1369 2707 1565 2764 Verum
1613 2709 1704 2762 alii
1739 2707 1992 2762 historici

411 2804 631 2868 docent,
647 2819 676 2857 a
701 2805 948 2858 Caesarea
971 2801 1329 2872 Cappadociae
1346 2801 1412 2855 ad
1435 2801 1712 2855 Ponticam
1742 2801 1954 2870 plagam
1973 2839 1987 2863 ,

411 2896 523 2950 dici
553 2897 782 2967 primam
827 2895 1187 2960 Armeniam;
1238 2910 1270 2949 a
1318 2892 1493 2948 Ponto
1536 2894 1603 2949 ad
1647 2893 1988 2958 Meliteuem,

410 2986 710 3046 secundam
755 2987 1112 3052 Armeniam;
1148 2986 1274 3040 hinc
1315 2986 1380 3037 ad
1421 2985 1640 3056 Zophite
1676 2986 1843 3049 lines,
1888 2992 1995 3039 ter-

408 3081 542 3135 tiam
567 3079 882 3133 Armeniam
907 3096 920 3133 :
946 3077 1143 3132 exinde
1169 3077 1234 3130 ad
1261 3077 1452 3132 urbem
1487 3077 1784 3149 Martyrum
1816 3079 1997 3148 appel~

411 3171 582 3226 latam
624 3168 736 3239 (22)
780 3171 836 3222 in
875 3167 1081 3223 Alanize
1118 3168 1414 3237 provincia:
1457 3183 1694 3230 occasu,
1737 3176 1987 3239 quartam

408 3263 776 3329 Armeniam;
839 3277 994 3316 suam
1067 3261 1301 3330 denique
1355 3261 1730 3331 magnitudine
1788 3261 1992 3332 insigni

410 3355 788 3425 provinciam,
833 3352 1104 3408 Armenia:
1145 3351 1371 3422 majoris
1411 3352 1632 3407 nomine
1675 3353 1990 3406 distinctam

410 3449 587 3502 voluit
605 3447 738 3519 (25).
760 3445 866 3500 Sed
884 3447 1027 3502 enim
1055 3447 1220 3501 hasce
1238 3445 1539 3500 divisiones
1566 3444 1860 3499 Mauricius
1879 3442 1991 3514 (24)

413 3538 791 3610 perturbavit,
823 3536 972 3606 quod
1000 3536 1094 3590 ubi
1119 3551 1210 3590 res
1240 3535 1378 3589 feret
1424 3534 1682 3588 narrabo.
1724 3535 1988 3598 Aramus,

412 3630 574 3686 Arato
602 3628 812 3698 genito,
843 3628 1141 3697 longaevam
1171 3627 1338 3679 vitam
1371 3624 1607 3694 denique
1633 3624 1848 3677 clausit.

489 3721 540 3774 7.
580 3718 771 3773 Arzeus
796 3718 1024 3788 pulcher
1046 3715 1232 3769 Arami
1264 3715 1406 3770 filius
1430 3713 1679 3768 eumdem
1709 3713 1990 3774 honorem,

415 3827 528 3884 quo
575 3819 731 3881 pater
781 3808 1009 3864 affectus
1057 3807 1272 3872 fuerat,
1328 3821 1358 3859 a
1408 3804 1546 3858 Nino
1593 3803 1806 3858 retulit.
1853 3801 1994 3855 Nino

418 3913 603 3960 autem
637 3903 911 3959 exstincto
936 3943 950 3968 ,
985 3909 1234 3972 proterva
1284 3899 1374 3953 illa
1419 3896 1742 3952 Samiramis
1775 3896 1991 3949 Araaum

419 3995 706 4066 cupiditati
735 4009 848 4049 sua:
878 3995 1100 4047 minime
1128 3993 1515 4062 obsequentem
1545 3990 1685 4045 bello
1709 3997 1994 4060 persecuta

419 4095 538 4152 est,
567 4094 628 4140 ut
659 4087 715 4140 in
749 4101 904 4140 suam
940 4091 1262 4154 potestatem
1295 4082 1597 4152 redigeret,
1634 4079 1726 4148 qui
1773 4078 1992 4132 interim

421 4179 480 4235 in
510 4177 766 4234 conflictu
797 4177 994 4232 bellico
1020 4177 1200 4246 periit.
1245 4173 1454 4228 Exinde
1486 4171 1775 4243 impudens
1804 4170 1991 4224 eadem

421 4269 749 4327 Samiramis
788 4269 1058 4323 munitum
1105 4266 1239 4320 illud
1293 4265 1552 4336 Oppidum
1594 4264 1867 4331 condidit,
1907 4262 2002 4318 cui

421 4363 494 4419 ad
527 4364 670 4416 hanc
699 4376 874 4431 usque
903 4360 1045 4415 diem
1077 4365 1260 4412 manet
1289 4357 1578 4428 appellatio
1607 4355 1723 4410 Van
1756 4356 1869 4426 (25)
1900 4373 1913 4410 :
1942 4356 1996 4409 in

422 4454 748 4510 Cardosium
786 4461 999 4516 autem,
1042 4451 1182 4505 Araei
1216 4450 1386 4503 filium
1424 4458 1674 4519 captum,
1715 4448 1858 4502 Artei
1900 4462 2000 4502 no-

2087 600 2451 659 Anusavanus
2471 640 2487 666 ,
2513 597 2604 667 qui
2633 596 2812 651 Sausii
2840 609 3039 649 nomen
3062 594 3168 648 sibi
3195 593 3528 656 vindicavit,
3558 592 3671 647 for-

2088 692 2379 745 titudinem
2431 699 2485 745 et
2531 688 2877 760 prudentiam
2930 701 2988 740 re
3029 685 3303 754 dictisque
3349 684 3670 738 mirabiliter

2086 800 2198 854 prae
2227 800 2286 838 se
2311 783 2476 836 tulit:
2523 781 2663 851 apud
2713 778 2985 832 Zammum
3027 785 3211 832 autem
3255 777 3396 831 miro
3431 777 3670 830 ludibrio

2088 874 2334 937 habitus,
2386 871 2747 924 nihilominus
2790 869 3093 928 amicorum
3140 867 3408 938 praesidiis
3459 875 3671 936 partem

2086 967 2419 1034 aliquantam
2445 962 2685 1032 regionis
2715 969 2919 1014 nostra:
2944 959 3254 1029 impetravit
3277 975 3290 1010 :
3321 973 3446 1012 mox
3471 966 3527 1012 et
3550 957 3673 1010 uni-

2083 1071 2319 1110 versam.
2345 1053 2475 1107 Post
2506 1053 2650 1106 hunc
2679 1051 2821 1105 haud
2853 1066 2951 1121 pro
2978 1051 3194 1120 generis
3216 1049 3360 1119 jure,
3391 1050 3483 1104 sed
3509 1056 3671 1118 prout

2087 1149 2318 1218 quisque
2351 1155 2616 1215 tyrannus
2646 1143 2898 1212 potentiae
2925 1142 3133 1196 viribus
3165 1140 3548 1210 przepollebat,
3580 1156 3671 1194 re-

2085 1239 2229 1309 gioni
2278 1244 2484 1290 nostrm
2515 1236 2783 1289 universae
2813 1232 3078 1287 dominati
3109 1239 3270 1296 sunt,
3302 1247 3535 1301 quorum
3567 1247 3671 1286 no-

2087 1331 2230 1382 mina
2262 1329 2377 1381 haec
2415 1346 2426 1380 :
2461 1326 2728 1389 Paretus,
2763 1324 3044 1385 Arhocus,
3094 1321 3376 1385 Zavanus,
3419 1320 3672 1375 Pharna-

2084 1437 2209 1484 ces,
2243 1419 2460 1476 Surius.
2510 1417 2684 1487 llujus
2731 1422 2890 1469 aetate
2934 1411 3095 1468 Jesus
3142 1411 3275 1466 Navi
3313 1414 3398 1467 vir
3439 1413 3668 1478 caelebs,

2085 1526 2310 1574 sanctus
2334 1527 2387 1573 et
2415 1517 2573 1572 fortis
2594 1529 2718 1570 cum
2737 1512 3076 1567 Chananaeos
3096 1509 3427 1565 'debellasset
3447 1547 3463 1572 ,
3492 1523 3558 1562 ex
3587 1507 3686 1561 his.

2086 1611 2294 1680 aliquot
2320 1610 2519 1681 Agram
2553 1608 2950 1678 profugerunt,
2981 1603 3327 1672 navibusque
3354 1600 3681 1656 conscensis

2087 1703 2336 1757 'l'harsim
2371 1710 2596 1756 tenuere
2617 1739 2631 1763 ,
2663 1713 2783 1768 qure
2812 1713 2902 1751 res
2932 1701 3154 1749 constat
3185 1708 3252 1746 ex
3280 1691 3440 1746 titulo
3469 1691 3674 1744 colum-

2089 1794 2178 1848 nis
2213 1794 2264 1846 in
2316 1792 2502 1846 Africa
2545 1791 2816 1860 inscripto
2856 1789 3008 1843 hisce
3049 1785 3270 1841 verbis:
3303 1781 3567 1836 «Josuam
3597 1780 3677 1834 la-

2094 1893 2306 1940 tronem
2342 1883 2610 1953 fugientes
2653 1895 2754 1934 nos
2791 1879 3071 1950 principes
3115 1875 3552 1955 Chananzeorum
3585 1887 3682 1927 se—

2099 1977 2196 2031 des
2242 1976 2348 2029 huc
2388 1974 2773 2029 transtulimus
2820 1971 2954 2042 (26).
2997 1990 3015 2022 ι
3042 1968 3116 2022 Ex
3142 1969 3210 2022 iis
3238 1983 3384 2021 unus
3432 1963 3680 2020 Chnidas

2095 2071 2270 2126 multo
2299 2069 2729 2124 honestissimus
2762 2067 2905 2120 inter
2938 2071 3212 2119 nostrates
3240 2059 3552 2116 Armeniam
3596 2068 3686 2112 te-

2095 2164 2236 2217 nuit.
2290 2161 2544 2216 Profecto
2597 2175 2655 2215 re
2692 2158 2882 2214 sedulo
2909 2155 3253 2211 considerata
3283 2159 3497 2222 gentem
3523 2148 3678 2203 Gen-

2095 2255 2344 2308 thuniam
2375 2253 2442 2306 ab
2468 2267 2534 2306 eo
2555 2256 2910 2322 propagatam
2943 2245 3300 2316 cognovimus
3326 2262 3338 2297 :
3371 2251 3424 2296 et
3454 2240 3672 2311 quidem

2096 2347 2251 2417 origo
2281 2345 2589 2399 Chananaaa
2623 2341 2872 2395 moribus
2915 2339 3093 2410 gentis
3129 2336 3302 2405 ipsius
3331 2331 3667 2402 coarguitur.

2168 2439 2222 2493 9.
2264 2435 2396 2490 Post
2439 2433 2661 2487 Surium
2708 2430 3092 2493 Havanacius,
3133 2425 3434 2488 Vastacus,
3472 2422 3672 2476 llaica-

2098 2532 2236 2587 cius.
2292 2527 2350 2582 In
2409 2533 2624 2582 aetatem
2677 2523 2897 2578 Belochi
2931 2520 3044 2592 (27)
3096 2517 3388 2572 Haicacius
3437 2513 3672 2568 traditur

2098 2622 2395 2682 incidisse,
2429 2617 2650 2686 fatoque
2680 2614 3005 2686 perfunctus
3053 2613 3108 2666 in
3150 2609 3387 2681 quodam
3430 2607 3676 2661 tumultu

2097 2724 2302 2771 temere
2336 2712 2404 2765 ab
2435 2725 2494 2764 se
2528 2709 2826 2763 concitato.
2861 2705 3039 2760 Secuti
3071 2711 3190 2756 sunt
3221 2701 3498 2755 Ambacus
3519 2737 3533 2761 ,
3563 2697 3673 2750 Are

2098 2821 2272 2864 nacus
2291 2845 2306 2870 ,
2342 2803 2612 2858 Savarsus
2629 2841 2643 2866 ,
2668 2799 2925 2854 Nonerus
2950 2838 2966 2863 ,
2997 2796 3266 2850 Varamus
3289 2836 3304 2861 ,
3336 2793 3543 2855 Carus,
3570 2789 3674 2844 Go-

2097 2914 2298 2962 racus,
2356 2895 2639 2956 Rhantus,
2696 2891 2989 2954 Enzacus,
3046 2887 3311 2948 Gelacus,
3365 2883 3678 2947 Hauraeus,

2101 2989 2429 3043 Zarmasrus.
2465 2983 2568 3039 llic
2600 2991 2914 3054 postremus
2945 2981 3074 3035 dum
3121 2977 3340 3032 Priamo
3379 2975 3680 3029 auxiliatur-

2101 3096 2132 3137 a
2165 3079 2414 3134 Tautano
2443 3077 2554 3147 (28)
2593 3075 2798 3130 missus
2831 3089 2955 3130 cum
3000 3071 3319 3140 [Ethiopum
3361 3068 3604 3122 exercitu
3639 3082 3676 3121 a

2102 3174 2338 3229 fortibus
2369 3170 2574 3226 Grtecis
2607 3171 2970 3237 interemptus
3016 3171 3120 3220 est.
3172 3160 3377 3217 Deinde
3416 3159 3682 3227 Perzius,

2093 3264 2283 3320 Davidi
2315 3261 2533 3318 lsraelis
2560 3261 2672 3331 regi
2713 3256 3164 3326 contemporalis.
3197 3253 3334 3307 Tum
3363 3252 3664 3316 Arhunius,

2090 3357 2336 3412 Bazucus
2356 3395 2371 3419 ,
2408 3353 2598 3417 lloius,
2628 3351 2885 3412 Jusacus,
2917 3337 3225 3418 Capacius,
3268 3344 3622 3400 Schaeordius
3644 3383 3659 3406 ,

2089 3448 2363 3504 Parmrus.
2387 3445 2486 3500 ilic
2509 3445 2760 3500 Parzerus
2782 3442 3079 3498 Schmordii
3109 3441 3252 3496 filius
3271 3481 3285 3504 ,
3317 3439 3470 3494 Haici
3495 3439 3664 3510 stirpe

2091 3552 2280 3606 ortus,
2329 3540 2473 3595 vires
2521 3553 2645 3592 cum
2694 3535 2941 3590 Varbace
2983 3534 3137 3590 Medo
3181 3532 3248 3587 ad
3297 3531 3674 3600 Sardanapaln

2091 3636 2205 3688 lum
2231 3646 2399 3702 regno
2425 3627 2767 3700 spoliandum
2797 3627 3029 3682 contulit
3057 3646 3070 3681 :
3097 3625 3449 3696 quamobrem
3477 3623 3665 3678 diade-

2093 3732 2239 3779 mate
2270 3739 2301 3778 a
2330 3722 2572 3778 Varbace
2595 3723 2853 3785 donatus,
2883 3721 3096 3792 primus
3122 3735 3187 3774 ex
3219 3715 3477 3772 Haicanis
3503 3731 3664 3771 coro-

2095 3824 2260 3871 natus
2294 3823 2403 3870 est.

2167 3908 2255 3961 10.
2296 3905 2584 3960 Rhaciaeus
2610 3903 2805 3958 Paraeri
2837 3901 2980 3958 filius
3017 3917 3216 3957 nomen
3249 3899 3487 3955 Rhacizei
3539 3898 3670 3953 ade-

2098 4005 2224 4068 ptus
2265 4005 2350 4052 est
2392 3997 2460 4050 ab
2510 3997 2797 4050 oculorum
2835 3994 3122 4064 ﬂagrantia
3154 3993 3450 4062 vultusque
3491 3991 3675 4061 splen-

2097 4090 2230 4145 dore
2265 4089 2397 4160 (29).
2429 4087 2606 4158 Hujus
2637 4095 2794 4142 astate
2825 4102 2950 4142 cum
2981 4085 3559 4140 Nabuchodonosorus
3583 4082 3675 4138 Je-

2099 4182 2500 4252 rosolymorum
2525 4181 2673 4234 cives
2697 4179 2750 4233 in
2775 4178 3148 4247 captivitatem
3171 4175 3528 4240 abduxisset,
3561 4175 3686 4244 ipse

2099 4273 2318 4341 quidem
2351 4271 2666 4339 optimatem
2696 4268 2989 4338 quemdam
3019 4283 3049 4322 e
3077 4267 3310 4337 captivis
3337 4267 3540 4322 Judteis
3574 4282 3682 4322 [ιο-ι

2092 4364 2250 4440 hmine
2285 4361 2674 4416 Schambatum
2704 4375 2734 4413 a
2763 4359 3302 4415 Nabuchodonosoro
3331 4359 3684 4429 impetravit,

2103 4470 2264 4526 quem
2307 4451 2706 4524 perhonorifice
2750 4451 2894 4522 apud
2928 4465 2988 4505 se
3027 4450 3258 4506 habuit:
3299 4458 3462 4520 atque
3500 4465 3568 4505 ex
3610 4465 3688 4505 eo.

422 4561 551 4603 men
576 4544 880 4600 transtulit.
915 4543 1008 4596 Illa
1043 4557 1168 4595 m0!
1197 4557 1229 4595 a
1259 4539 1549 4594 Ζοΐοδεῑτθ
1575 4554 1767 4608 ωεεο,
1814 4538 2003 4612 Media!
2035 4551 2080 4606 D
2107 4563 2240 4618 gens
2267 4545 2594 4616 Bagratunia
2622 4543 2885 4598 manavit.
2909 4541 3090 4608 Quare
3117 4551 3171 4598 et
3203 4540 3444 4598 Sembati
3477 4557 3683 4598 nomen

421 4641 706 4713 principe,
735 4625 878 4696 bello
909 4638 1144 4708 appetita
1177 4643 1261 4690 est
1291 4655 1304 4689 :
1340 4635 1409 4690 ab
1454 4649 1518 4689 eo
1558 4634 1767 4691 scilicet
1799 4635 2002 4691 Zoroa-

423 4744 578 4798 stre,
610 4733 698 4787 cui
727 4731 1025 4802 quotannis
1067 4729 1122 4783 in
1167 4727 1478 4782 Armeniam
1521 4729 1794 4785 ventitans
1835 4729 2006 4800 Assyo

425 4830 568 4880 riam
613 4821 905 4894 regendam
947 4820 1316 4892 permittebat.
1364 4817 1421 4872 ld
1460 4819 1660 4874 bellum
1691 4821 1851 4876 Araao
1868 4837 2004 4890 quo-

427 4932 534 4986 que
567 4915 706 4970 Ατεί
737 4913 848 4968 ﬁlio
884 4912 1046 4967 fatale
1076 4912 1178 4965 fuit
1206 4930 1218 4966 :
1251 4910 1382 4981 quin
1422 4918 1477 4964 et
1513 4911 1726 4980 impura
1765 4909 2005 4965 Samira-

427 5006 537 5062 mis
576 5003 717 5074 dum}
753 5003 932 5074 fugam
964 5004 1019 5057 in
1070 5001 1380 5056 Armeniam
1411 5001 1650 5065 molitur,
1686 5001 1883 5056 Zamaai
1910 5003 2003 5057 filii

430 5097 516 5152 sui
547 5111 741 5160 manu,
771 5096 864 5165 qui
894 5103 978 5150 est
1007 5093 1214 5148 Ninuas
1235 5133 1250 5158 ,
1285 5093 1567 5148 interfecta
1596 5102 1698 5148 est.

507 5272 620 5342 (ει)
665 5271 835 5337 Hist,
867 5287 920 5335 ι,
958 5271 1142 5326 11-13.

506 5338 619 5412 (22)
661 5342 786 5397 Haec
843 5344 978 5396 urbs
1029 5343 1252 5412 antiquo
1303 5339 1521 5395 nomine
1559 5338 1998 5412 _Neph_erocerta,

434 5407 699 5468 hodierno
738 5411 1087 5481 Mupharghin
1108 5453 1122 5470 .
1164 5407 1272 5465 sub
1314 5412 1531 5481 juniore
1558 5407 1866 5465 Theodosio
1894 5412 2002 5464 dici

435 5483 600 5550 vulgo
633 5486 800 5552 coepit
826 5482 960 5536 Urbs
991 5481 1312 5551 Martyrum.

509 5553 621 5621 (25)
661 5553 916 5607 Aramus.

507 5620 616 5692 (24)
659 5623 801 5675 Nihil
835 5624 933 5676 hac
965 5639 1127 5692 super
1155 5637 1210 5676 re
1241 5621 1540 5690 posteriore
1571 5623 1624 5673 in
1656 5631 1809 5690 parte
1839 5620 2002 5674 Sum-

439 5691 605 5747 marii
629 5694 818 5748 scribit
858 5691 1073 5748 Samuel
1116 5693 1181 5746 ad
1231 5694 1549 5762 imperantis
1579 5691 1822 5748 Mauricii
1866 5702 2000 5746 lem-

441 5778 592 5833 pora.

511 5833 622 5894 425)
665 5832 818 5887 Nunc
847 5832 1008 5887 etiatn
1044 5833 1146 5888 ista
1182 5832 1234 5886 in
1264 5833 1394 5887 urbe
1427 5848 1655 5898 magnus
1697 5831 1997 5884 'l‘nrcarum

2103 4647 2189 4695 est
2217 4655 2247 4693 a
2279 4637 2622 4694 Schambato.
2650 4635 2783 4692 Post
2811 4635 3122 4692 Rhaeiaautn
3157 4636 3404 4692 diadema
3433 4633 3678 4691 Pharna~

2103 4747 2204 4786 vas
2233 4730 2463 4800 adeptus
2489 4735 2572 4785 est
2597 4747 2609 4782 :
2644 4738 2758 4782 tum
2785 4726 3070 4792 Pazaezns,
3104 4726 3406 4791 Cornacus,
3437 4725 3677 4794 Pharus,

2107 4820 2381 4877 Haicacus
2401 4861 2416 4885 ,
2445 4819 2768 4887 Ervandus,
2803 4817 3087 4889 Tigranes.

2179 4915 2269 4968 H.
2312 4913 2411 4967 Hic
2445 4911 2713 4982 Tigranes
2743 4911 2985 4966 omnium
3017 4911 3110 4980 qui
3143 4910 3249 4966 sibi
3281 4915 3679 4981 praecesserant

2107 5005 2525 5079 potentissimus
2560 5005 2663 5058 fuit
2691 5022 2704 5058 :
2735 5003 2894 5074 cujus
2921 5003 3234 5072 praestantis
3257 5003 3539 5074 dignitatis
3566 5003 3680 5057 lau-

2106 5100 2203 5152 des
2245 5112 2310 5151 ex
2348 5095 2577 5150 historia
2620 5095 2800 5165 magni
2839 5093 3006 5148 Mosis
3049 5108 3382 5164 cognoscere
3435 5093 3578 5147 licet.
3624 5094 3685 5148 Is.

2110 5280 2329 5340 satrapa
2361 5271 2524 5340 degit.

2180 5335 2292 5412 (26)
2344 5335 2474 5395 Rem
2497 5380 2513 5403 ,
2544 5345 2774 5412 praeter
2808 5336 3212 5412 Qhorenensem
3262 5336 3482 5412 ἣξει..)
3504 5374 3518 5394 ,
3570 5335 3635 5389 18
3657 5377 3672 5398 ,

2106 5405 2296 5467 narrat
2324 5405 2627 5480 Procopius
2658 5409 2796 5466 Bell.
2831 5409 3001 5464 Vand.
3032 5409 3125 5480 lih.
3159 5423 3233 5469 ιι,
3276 5409 3376 5470 10,
3407 5405 3698 5459 illustrat--

2107 5499 2214 5552 que
2247 5478 2556 5552 Bochartus
2587 5478 2744 5548 Geog.
2778 5496 2918 5533 sacr.
2953 5496 3007 5543 t,
3043 5478 3135 5530 24.

2181 5553 2296 5622 (27)
2337 5551 2504 5622 Regis
2533 5551 2907 5622 Assyriorum.

2179 5618 2294 5691 (28)
2335 5618 2539 5691 Confer
2562 5618 2854 5673 Eusebium
2892 5619 3064 5691 t,_15,
3096 5618 3150 5678 4,
3171 5618 3223 5671 5.
3473 5667 3479 5674 .

2179 5685 2290 5763 (29)
2321 5690 2562 5744 Aliorum
2583 5706 2800 5763 quoque
2821 5689 3100 5744 nominum
3125 5691 3304 5742 liceret
3321 5685 3680 5758 etymologias

2107 5761 2397 5833 plet-aSque
2433 5761 2640 5814 venari.
