4142 6400
455 389 561 446 639

1440 388 1782 444 APPENDIX
1819 391 1909 445 AD
1942 391 2212 446 EUSEBII
2257 392 2674 450 CHRONICON.

3600 392 3708 457 640

453 521 634 562 nonus
664 511 782 560 erat
811 519 840 559 a
871 503 1088 560 Paraero
1119 505 1296 576 primo
1339 521 1504 577 rege,
1545 507 1612 561 ad
1657 523 1819 578 quem
1863 508 2034 563 Sene-
2061 513 2105 569 Α
2140 509 2560 579 prudensesset,
2577 513 2746 566 multa
2767 527 2830 566 ac
2852 512 3104 582 perutiiia
3126 512 3380 568 instituta
3395 513 3702 586 adornavit,
3738 500 3749 541 ¹

451 597 684 652 cherimi
717 597 812 651 lilii
848 596 1279 653 Adramelcchus
1312 605 1367 652 et
1411 599 1722 654 Sanasarus
1764 615 1889 654 cum
1935 615 2032 670 pa-

452 697 662 745 rentem
711 689 1124 745 interfecissent
1175 689 1287 761 (50)
1341 691 1723 762 profugerunt.
1781 691 2030 748 Paraerus

451 792 634 836 autem
672 779 1006 835 Sanasarum
1037 783 1094 835 in
1125 783 1376 851 partibus
1408 782 1690 853 Assyriam
1731 784 2033 852 spectanti-

452 874 557 930 bus
604 873 925 936 collocavit,
973 873 1132 942 cujus
1183 874 1388 929 sobolis
1431 875 1764 929 incrementa
1815 873 2024 929 Simum

453 972 693 1020 montem
731 965 1110 1032 repleverunt,
1144 982 1210 1020 ex
1245 967 1422 1036 iisque
1452 969 1698 1020 nonnulli
1737 967 2025 1037 prudentia

452 1066 508 1113 et
540 1057 796 1111 ﬁdelitate
826 1059 1108 1126 conspicui
1155 1059 1512 1129 praefecturas
1549 1060 1832 1114 consecuti
1877 1068 2025 1113 sunt.

451 1147 571 1205 Jam
599 1149 668 1204 ab
691 1150 1062 1205 Adramolano
1089 1154 1192 1206 orti
1226 1161 1354 1206 sunt
1374 1153 1659 1207 Arzerunii
1691 1162 1745 1208 et
1773 1143 2025 1208 Genunii.

449 1241 497 1296 A
530 1241 835 1297 Paschamo
865 1253 1046 1298 autem
1084 1243 1326 1298 Haicacii
1365 1245 1477 1314 (51)
1526 1253 1724 1315 nepote
1761 1247 2028 1315 originem

449 1333 609 1387 duxit
662 1334 1042 1404 Angeldunus.
1095 1334 1348 1390 Jamvcro
1392 1334 1658 1405 Tigranes
1700 1336 1984 1406 Asdahage
2011 1375 2026 1399 ,

448 1427 544 1496 qui
577 1428 887 1496 explicatur
919 1428 1086 1481 draco
1120 1427 1232 1498 (52)
1255 1469 1270 1494 ,
1314 1427 1604 1482 interfecto
1627 1468 1640 1491 ,
1688 1426 1929 1482 Annsam
1964 1428 2028 1480 il-

448 1517 556 1571 lius
581 1518 712 1571 olim
746 1533 970 1572 uxorem
1003 1533 1128 1571 cum
1160 1518 1404 1586 ejusdem
1440 1519 1586 1572 omni
1623 1519 1877 1588 progenie
1905 1534 2028 1588 par-

447 1608 548 1662 tim
581 1618 703 1677 post
731 1611 928 1679 partim
965 1609 1032 1661 ad
1067 1609 1233 1662 imum
1264 1609 1545 1663 Masisium
1583 1622 1819 1663 montem
1858 1611 2029 1664 collo-

448 1698 627 1764 cavit,
661 1715 854 1769 nempe
879 1701 932 1753 in
961 1699 1225 1753 Tamhato
1249 1716 1425 1768 usque
1453 1701 1517 1753 ad
1543 1698 1813 1754 Golthiam
1841 1719 1855 1755 :
1886 1702 2028 1756 unde

454 1787 823 1844 Vernonzunii
860 1791 1174 1862 Astaiaeque
1204 1801 1520 1845 manarunt.

2135 601 2490 670 praefecturas
2519 619 2583 658 ac
2613 605 2955 673 principatus
2978 604 3206 670 detulit,
3243 605 3463 662 familiis
3483 649 3496 672 ,
3529 611 3705 681 genti-

2133 690 2267 755 bus,
2302 693 2566 756 urbibus,
2600 694 2844 750 castellis
2867 735 2881 759 ,
2918 695 3071 766 pagis
3095 733 3110 758 ,
3151 695 3422 750 militibus
3465 713 3528 751 ac
3561 714 3702 768 prae-

2136 785 2347 840 toribus
2377 793 2522 841 recte
2549 788 2950 842 constituendis
2979 802 3200 857 operam
3241 789 3537 858 impendit,
3582 806 3704 862 qua:

2135 887 2224 928 res
2253 875 2492 930 breviter
2521 878 2907 946 percensendae
2933 886 3080 934 sunt.

2205 966 2292 1020 15.
2332 965 2552 1021 Initium
2591 970 2736 1023 enim
2779 985 2809 1023 a
2851 972 3028 1041 capite
3069 988 3172 1028 suo
3210 974 3417 1030 faciens
3467 975 3703 1045 Bagara~

2133 1062 2247 1111 tum
2281 1058 2525 1115 Judaeum
2597 1071 2951 1118 coronantem
3022 1074 3182 1136 atque
3225 1068 3459 1137 equitem
3516 1076 3699 1132 creat,

2132 1151 2238 1206 hoc
2277 1155 2538 1209 nimirum
2577 1155 2785 1211 honore
2827 1173 3096 1214 concesso
3136 1167 3196 1214 ut
3238 1161 3488 1215 diadema
3537 1162 3710 1229 capiti

2130 1244 2275 1312 regis
2305 1244 2567 1315 imponat.
2617 1247 2922 1314 Praeterea,
2955 1252 3047 1320 qui
3093 1251 3196 1306 sibi
3235 1253 3578 1308 chirothecas
3618 1255 3703 1309 in-

2131 1334 2300 1388 duant
2343 1335 2684 1393 Chananaaos
2715 1341 2981 1408 quosdam
3024 1342 3188 1411 legit,
3221 1359 3452 1414 eamque
3483 1353 3699 1414 gentem

2131 1426 2364 1494 appellat
2391 1425 2732 1483 Genthunios
2753 1471 2768 1494 ,
2800 1431 2940 1485 haud
2977 1434 3093 1487 scio
3120 1450 3188 1488 an
3220 1450 3249 1487 a
3293 1436 3524 1491 Chnida.
3567 1437 3702 1492 Cor-

2131 1517 2282 1585 poris
2313 1517 2395 1570 sui
2423 1519 2703 1573 custodem
2733 1521 2801 1575 de
2825 1521 2991 1576 Chori
3022 1522 3249 1579 llaicani
3277 1527 3446 1598 stirpe
3469 1527 3704 1582 Malcha-

2130 1624 2252 1660 zum
2296 1608 2463 1664 facit:
2516 1611 2611 1665 sed
2658 1615 2952 1682 pristinum
3001 1618 3181 1687 gentis
3234 1634 3430 1673 nomen
3477 1622 3706 1676 retinuit

2132 1699 2655 1758 Malchazuniorum.
2681 1703 3042 1761 Venationtnn
3072 1709 3382 1779 praefectum
3407 1728 3527 1768 esse
3549 1713 3701 1781 jubet

2131 1791 2328 1845 Datum
2363 1793 2599 1849 Carnico
2626 1795 2856 1851 Gelamii
2891 1798 3001 1853 ﬁlio
3031 1801 3271 1870 genitum
3303 1821 3314 1854 :
3363 1803 3522 1872 cujus
3557 1804 3700 1860 ﬁlius

518 1880 606 1934 12.
651 1878 874 1950 Tigrani
922 1856 1100 1944 liberi-
1131 1883 1246 1936 nati
1293 1890 1422 1936 sunt
1466 1881 1701 1944 Babius,
1749 1880 2025 1950 Tiranus,
2061 1856 2101 1908 Β
2130 1882 2417 1951 Varazus;
2471 1888 2828 1960 ejusdemque
2877 1891 2944 1946 de
2990 1897 3209 1950 nomine
3234 1913 3365 1968 gens
3401 1894 3705 1953 Varazunia

449 1967 707 2042 Vahagus
741 1987 770 2026 a
802 1989 912 2042 quo
943 1971 1238 2048 Vahagenii
1261 2013 1276 2036 ,
1309 1973 1620 2027 Aravanius
1660 1987 1689 2025 a
1743 1990 1851 2040 quo
1897 1983 2027 2028 sunt

447 2063 801 2120 Araveniani.
843 2063 924 2118 Ab
953 2063 1206 2118 Aravano
1242 2064 1472 2128 Nerses,
1499 2081 1530 2118 a
1559 2065 1727 2120 Nerse
1758 2066 2022 2121 Zarehius

447 2171 480 2210 a
517 2170 626 2226 quo
655 2171 788 2224 gens
827 2154 1222 2211 Zarehavania.
1264 2156 1306 2209 A
1350 2156 1580 2210 Zarehio
1624 2160 1922 2226 Armogcs;
1957 2159 2024 2212 ab

447 2246 686 2316 Armoge
716 2245 988 2315 Bagamus
1015 2263 1033 2312 ;
1081 2263 1109 2300 a
1140 2246 1380 2316 Bagamo
1413 2247 1628 2314 V‘anns,
1670 2265 1699 2302 a
1735 2249 1888 2303 Vanu
1917 2249 2023 2303 Va-

447 2337 565 2392 hes.
594 2337 645 2392 ls
671 2351 794 2390 cum
828 2336 1136 2395 Alexandro
1157 2337 1443 2398 Macedone
1467 2342 1814 2395 conflictatus
1859 2343 2025 2396 inter—

448 2428 534 2483 iit.
584 2427 684 2482 Hic
719 2427 880 2482 ﬁnem
911 2428 1212 2482 dominatio
1239 2427 1494 2489 llaicanaz-
1518 2432 1704 2500 stirpis
1729 2441 1887 2490 nacta
1917 2441 2021 2487 est.

448 2517 590 2573 Hinc
620 2526 802 2573 autem
833 2519 900 2572 ad
931 2518 1281 2574 Valarsacem
1329 2521 1382 2574 in
1417 2521 1671 2576 Armenia
1705 2537 2022 2594 regnantem

447 2609 584 2664 nihil
614 2611 748 2665 satis
775 2621 984 2666 certum
1018 2610 1263 2682 proferre
1290 2611 1454 2677 licet,
1485 2616 1809 2672 tumultibus
1840 2618 2025 2672 omnia

450 2701 759 2755 tenentibus
778 2703 1085 2771 populoque
1111 2704 1165 2758 in
1197 2713 1416 2761 mutuas
1444 2706 1618 2762 caedes
1643 2717 1834 2764 ruente
1861 2727 1874 2763 :
1903 2725 2024 2779 qua:

447 2809 535 2848 res
557 2792 769 2848 facilem
790 2793 993 2849 Partho
1007 2796 1196 2851 Arsaci
1230 2799 1283 2850 in
1313 2797 1624 2853 Armeniam
1656 2799 1857 2858 aditum
1879 2818 2018 2872 prae-

445 2882 600 2946 buit,
636 2882 730 2952 qui
762 2884 983 2952 quidem
1013 2900 1195 2955 regem
1230 2885 1502 2942 Armeniae
1533 2887 1880 2946 V'alarsacem
1913 2891 2022 2952 fras

447 2980 587 3029 trem
631 2974 898 3044 praefecit.
932 2976 1106 3032 Porro
1137 2993 1166 3032 a
1197 2977 1326 3033 Belo
1355 2979 1506 3035 Haici
1539 2997 1702 3036 manu
1735 2984 2022 3040 interfecto

447 3081 622 3137 usque
643 3066 710 3120 ad
734 3064 1085 3124 Valarsacem
1111 3071 1240 3124 anni
1271 3087 1504 3128 nncccu
1528 3114 1542 3139 ,
1565 3075 1646 3130 vel
1670 3091 1985 3137 loccccxut
2003 3121 2027 3146 ,_

446 3165 842 3226 congeruntur.

515 3247 605 3303 15.
661 3247 955 3319 Postquam
1014 3249 1265 3307 Ilaicanac
1341 3254 1527 3324 stirpis
1586 3253 1873 3324 imperium
1951 3257 2021 3310 ab

443 3337 752 3395 Alexandro
783 3340 1016 3395 deletum
1062 3353 1178 3408 est,
1227 3354 1454 3414 postque
1507 3346 1678 3415 ipsius
1729 3346 2022 3402 Alexandri

444 3446 588 3486 anno
615 3431 762 3501 regni
788 3430 1110 3487 duodecimo
1139 3435 1345 3490 obitum
1368 3476 1382 3501 ,
1413 3437 1640 3506 imperio
1667 3439 1786 3508 ejus
1811 3439 1863 3492 in
1885 3455 2019 3509 qna-

444 3529 571 3577 tuor
622 3521 814 3586 duces,
853 3530 913 3576 ut
959 3523 1070 3592 jam
1101 3525 1373 3592 diximus,
1407 3527 1623 3596 diviso;
1669 3546 1734 3586 ex
1764 3531 1850 3586 his
1878 3547 2018 3588 unus

446 3613 706 3668 Seleucus
758 3611 1084 3684 Babylonem
1140 3624 1264 3686 post
1307 3619 1671 3674 Alexandrum
1699 3623 1905 3687 tenuit,
1954 3639 2017 3678 ac

443 3709 638 3771 prater
657 3702 792 3758 alias
804 3712 1012 3773 gentes,
1029 3704 1258 3761 Parthos
1291 3723 1504 3778 quoque
1525 3710 1728 3780 ingenti
1750 3712 1888 3767 bello
1906 3729 2028 3783 per-.

441 3791 689 3858 domuit,
722 3809 826 3865 qua
856 3812 924 3851 ex
968 3813 1026 3852 re
1052 3809 1468 3868 cognomentum
1498 3801 1784 3858 Nicanoris
1811 3806 2024 3864 retulit.

441 3879 494 3939 la
522 3883 681 3940 annis
708 3901 839 3940 χιιι
867 3889 1132 3958 regnavit.
1155 3889 1351 3944 Deinde
1365 3891 1664 3949 Antiochus
1710 3894 1868 3950 Soter
1897 3897 2020 3965 ejus

441 3973 588 4029 illius
621 3976 781 4032 annis
811 3993 922 4031 xix.
951 3977 1088 4032 Tum
1119 3980 1421 4039 Antiochus
1447 3984 1587 4041 Deus
1611 3987 1768 4042 annis
1789 4005 1878 4043 xv.
1905 3989 2016 4043 llu—

435 4065 530 4135 jus
558 4064 847 4122 undecimo
873 4083 1020 4123 anno
1051 4068 1403 4127 Macedonum
1434 4075 1802 4131 obedientiam
1829 4077 2014 4134 Parthi

439 4156 741 4225 abjiciunt,
771 4161 914 4229 apud
944 4177 1081 4232 quos
1110 4165 1318 4233 primus
1352 4175 1542 4236 regnat
1575 4165 1753 4225 Fortis
1793 4171 1884 4225 ille
1921 4171 2017 4226 Ar-

439 4262 633 4316 saces,
663 4249 959 4306 Abrahami
989 4268 1186 4323 genere
1217 4265 1372 4313 ortus
1402 4257 1469 4312 de
1494 4268 1653 4329 gente
1681 4260 1923 4331 Ceturae,
1959 4265 2013 4320 in

437 4339 574 4396 urbe
597 4342 686 4396 cui
717 4359 916 4399 nomen
948 4345 1130 4401 Bahla:
1159 4349 1318 4404 annis
1348 4366 1502 4404 χχχι.
1535 4351 1741 4408 Deinde
1769 4357 2012 4426 ejusdem

437 4430 585 4488 ﬁlius
613 4434 847 4492 Artaxes
878 4437 1038 4493 annis
1071 4455 1195 4494 xLVI
1226 4458 1240 4506 ;
1273 4451 1396 4511 post
1436 4461 1595 4514 quem
1645 4446 1872 4520 Magnus
1912 4449 2014 4504 Ar-

435 4535 593 4578 saces
622 4526 781 4581 annis
812 4542 920 4582 LIV.

509 4612 598 4668 Η.
643 4613 874 4685 Magnus
904 4621 992 4676 hic
1023 4622 1259 4678 Arsaces
1296 4623 1642 4681 Valarsacem
1678 4628 1898 4684 fratrem
1926 4633 2019 4685 Ar-

433 4704 627 4758 meniae
652 4716 854 4763 nostra:
883 4727 1064 4782 regem
1094 4715 1354 4785 imposuit
1379 4733 1524 4771 anno
1550 4719 1822 4776 Ptolemazi
1862 4721 2019 4777 Ever-

434 4800 569 4863 getae
595 4796 862 4855 vicesimo
893 4805 1124 4873 septimo
1145 4846 1160 4871 ,
1191 4808 1518 4878 Olympiadis
1545 4822 1722 4866 autem
1749 4815 2020 4883 sexagesi-

433 4898 536 4938 ma:
562 4889 808 4955 septima:
839 4907 1000 4962 supra
1053 4898 1404 4951 centesimam
1445 4914 1591 4955 anno
1622 4913 1849 4969 quarto,
1893 4921 2014 4975 per-

434 4971 621 5028 missis
649 4975 699 5030 ei
731 4979 1050 5049 regionibus
1078 4984 1289 5040 nostris
1319 5000 1442 5054 quae
1487 4971 1915 5057 septentrionem
1959 4999 2014 5045 et

432 5078 686 5119 occasum
716 5079 984 5139 spectant.
1017 5072 1066 5130 ls
1092 5083 1273 5130 autem
1327 5093 1450 5132 cum
1485 5079 1566 5133 vir
1593 5078 1749 5136 fortis
1777 5080 2011 5136 simulet

503 5233 614 5313 (ἕρ)
647 5236 1106 5313 ECEQEusebium
1143 5262 1178 5304 ι,
1205 5246 1258 5313 5,
1293 5249 1344 5301 ιι,

502 5306 616 5376 (51)
651 5306 909 5366 Mendose
965 5313 1018 5366 in
1067 5306 1304 5373 editione
1360 5318 1526 5377 Mosis
1568 5321 1733 5378 Chor.
1799 5322 1953 5376 Haici
1987 5339 2006 5378 :

433 5389 568 5457 nam
610 5387 663 5432 et
717 5381 937 5436 codices
985 5382 1152 5441 Mosis
1201 5396 1256 5441 et
1320 5387 1536 5447 Samuel
1600 5393 1800 5449 habent
1873 5393 2005 5447 (lai-

433 5461 588 5500 εαεη.

505 5515 616 5591 (Ξὲ)
647 5516 787 5591 [iege
813 5520 1104 5576 Eusebium
1136 5542 1172 5590 ι,
1214 5527 1266 5588 5,
1301 5529 1355 5591 '5,
1383 5539 1498 5585 not.

649 5584 854 5664 Eetnpe
891 5594 1125 5659 aquilam
1157 5584 1439 5664 gestantes.

649 5653 860 5736 ﬁent-pe
889 5653 1009 5736 vini
1025 5653 1206 5736 curant
1230 5653 1480 5736 gerentes.

647 5723 848 5802 l_\'_empc
879 5723 1351 5802 cardi'pmipositos.

509 5793 620 5864 (56)
656 5793 858 5868 Nempe
885 5793 1126 5868 aucupes.

2129 1981 2414 2055 appellata.
2461 1981 2599 2037 Tum
2647 1994 2700 2040 et
2750 1984 2958 2040 Gabalo
2990 2001 3219 2044 annona:
3247 2007 3359 2046 suae
3384 2008 3570 2049 curam
3602 1997 3697 2052 de-

2127 2073 2385 2139 mandat,
2410 2082 2462 2129 et
2483 2076 2650 2131 Abelo
2673 2093 2860 2132 rerum
2889 2081 3413 2140 administrationem
3435 2127 3449 2150 ,
3481 2088 3696 2146 traditis

2124 2166 2284 2219 etiam
2329 2168 2564 2238 oppidis.
2612 2171 2834 2227 lllorum
2869 2175 3091 2228 nomina
3147 2189 3334 2246 gentes
3364 2178 3585 2235 szelia
3617 2190 3699 2236 at-

2125 2272 2229 2334 que
2258 2258 2446 2314 Abelia
2472 2263 2730 2316 retinent.
2766 2264 2966 2318 Statuit
2996 2276 3050 2320 et
3079 2266 3383 2325 Arzrunios
3415 2289 3504 2326 seu
3536 2274 3698 2329 Arzi-

2124 2351 2321 2407 vunios
2348 2353 2460 2423 (5'5)
2489 2372 2502 2419 ;
2536 2361 2649 2408 tum
2681 2366 2735 2411 et
2763 2356 3071 2413 Ghinunios
3101 2377 3191 2414 seu
3236 2360 3538 2419 Ghiniunos
3563 2365 3710 2436 (54)..

2123 2443 2300 2513 Atque
2334 2444 2387 2498 hi
2420 2445 2637 2516 quidem
2671 2447 2738 2503 de
2765 2465 2964 2519 genere
2997 2451 3364 2508 Senecherimi
3395 2467 3570 2511 erant.
3603 2457 3702 2512 Fe-

2124 2532 2194 2583 cit
2243 2540 2296 2585 et
2339 2532 2688 2603 Spandunios
2731 2538 2883 2609 ('55),
2931 2540 3024 2608 qui
3067 2541 3173 2595 sibi
3218 2544 3503 2598 macellum
3549 2561 3700 2601 com-

2122 2623 2438 2679 mendatum
2491 2627 2791 2684 haberent:
2841 2632 2970 2686 item
3015 2632 3368 2692 Havcnnnios
3414 2637 3562 2708 ('56),
3603 2640 3712 2708 qui.

2120 2717 2411 2787 accipitres
2436 2729 2716 2790 gestarent
2745 2731 2798 2778 et
2843 2735 3104 2794 caperent
3134 2749 3146 2782 :
3187 2744 3383 2785 rursus
3428 2729 3699 2786 Ziunaca-

2120 2823 2222 2863 nos
2267 2810 2413 2880 (57),
2443 2813 2537 2881 qui
2569 2815 2748 2869 nivem
2789 2827 2979 2874 aestate
3012 2833 3383 2880 asservarent.
3431 2824 3568 2881 Exin
3613 2843 3700 2883 rc-

2121 2898 2221 2974 gia:
2249 2902 2503 2956 custodes
2534 2903 2662 2974 legit
2693 2906 2794 2961 sibi
2823 2908 2890 2962 de
2921 2912 3228 2980 priscorum
3273 2904 3460 2987 regum
3503 2935 3698 2989 proge-

2121 2991 2211 3045 nie
2232 3031 2246 3054 ,
2283 2993 2378 3062 qui
2411 2993 2616 3051 diserte
2642 2996 2833 3054 Ostani
2862 3000 2976 3074 (58)
3009 3009 3307 3076 nuncupati
3355 3020 3512 3074 sunt,
3559 3028 3715 3081 quos.

2123 3083 2303 3138 adhuc
2332 3083 2512 3142 lberes
2545 3086 2900 3158 Sephezuiios
2929 3095 3194 3155 vocitant,
3223 3096 3468 3170 Denique
3501 3118 3700 3158 secun~

2048 3188 2093 3247 ο
2125 3174 2225 3230 dos
2255 3184 2376 3246 post
2408 3194 2589 3250 regem
2621 3180 2744 3250 fecit
2772 3199 2868 3238 eos
2897 3186 2990 3255 qui
3021 3200 3177 3243 erant
3203 3190 3270 3246 de
3300 3208 3498 3262 genere
3525 3195 3704 3251 Asda-

2129 3266 2286 3336 hagis
2310 3267 2486 3334 Medi,
2515 3272 2716 3340 quibus
2747 3273 3028 3334 Murenscs
3058 3295 3256 3335 nomen
3287 3293 3392 3338 est.

2197 3357 2284 3412 16.
2326 3359 2438 3430 Age
2465 3379 2596 3417 vero
2625 3366 2893 3422 orientem
2923 3385 3119 3427 versus
3169 3375 3520 3442 przefceturas
3560 3379 3711 3436 duas.

2125 3451 2411 3504 constituit
2446 3451 2785 3510 Sisacaniam
2808 3497 2824 3522 ,
2856 3460 2911 3514 in
2945 3477 3118 3532 caque
3163 3465 3350 3520 Cadmi
3390 3468 3650 3524 familiam
3677 3491 3710 3536 ;_

2126 3539 2267 3596 inter
2296 3543 2430 3598 solis
2455 3555 2634 3600 autem
2665 3555 2846 3604 ortum
2879 3560 2933 3606 et
2977 3553 3194 3610 boream
3233 3557 3472 3614 Aranum
3515 3564 3697 3631 posuit

2124 3629 2438 3698 praefectum
2472 3635 2539 3690 de
2572 3637 2743 3709 stirpe
2772 3638 2971 3698 Sisaci.
3004 3643 3078 3699 Ea
3110 3663 3238 3702 vero
3280 3651 3428 3719 regio
3473 3629 3696 3723 propter

2124 3735 2320 3778 suaves
2373 3725 2678 3784 incolarum
2736 3747 2919 3793 mores
2969 3735 3181 3796 Aluana
3235 3739 3348 3810 (59)
3399 3742 3540 3798 dicta
3589 3753 3694 3802 est.

2122 3808 2298 3880 Hujus
2341 3829 2371 3866 a
2424 3818 2595 3888 stirpe
2630 3829 2814 3875 manat
2863 3839 2998 3894 gens
3037 3808 3342 3886 Uteorumi
3396 3839 3509 3885 tum
3556 3831 3691 3888 Gar-

2123 3903 2504 3962 dmanensium
2557 3918 2610 3965 et
2655 3911 3017 3972 Zaudensium
3052 3917 3162 3990 (40)
3193 3928 3245 3977 et
3273 3919 3690 3994 Gargarensium

2123 3997 2485 4069 principatds.
2523 4002 2749 4062 Gusaris
2782 4017 2961 4067 tamen
2991 4012 3157 4068 Saraei
3192 4017 3359 4086 stirpe
3387 4026 3540 4074 ortus
3566 4035 3694 4089 pos-

2122 4088 2379 4147 sidendas
2408 4097 2616 4166 accepit
2640 4098 2962 4170 Cangariam
2994 4111 3155 4174 atque
3182 4088 3704 4181 Zavachiam.pirin-i

2122 4181 2360 4250 cipatum
2395 4185 2521 4239 item
2554 4186 2869 4244 Tasirorum
2901 4200 3064 4262 atque
3090 4195 3370 4255 Asozium.
3400 4199 3518 4254 Jam
3550 4217 3579 4256 e
3605 4219 3693 4258 re-

2121 4271 2537 4360 gione7Caucasi
2569 4279 2806 4334 validum
2840 4285 3097 4354 p0pulum
3117 4327 3134 4353 ,
3165 4287 3232 4344 de
3260 4305 3454 4360 genere
3480 4292 3694 4347 Mithri-

2119 4358 2262 4413 datis
2289 4359 2435 4415 Darii
2470 4373 2706 4436 satrapae
2745 4371 3078 4441 collocavit,
3124 4358 3354 4448 eamque
3400 4383 3690 4451 appellavit

2121 4447 2523 4520 G‘ugarensium
2578 4459 2983 4527 praefecturam.
3041 4465 3180 4522 Exin
3237 4447 3291 4524 in
3347 4447 3523 4542 ampla
3552 4476 3692 4530 valle

2048 4539 2414 4601 DBasenensi
2468 4547 2834 4620 principatum
2891 4555 3041 4610 dedit
3095 4560 3248 4629 stirpi
3300 4539 3538 4618 liaicacii
3589 4563 3690 4618 Or-

2123 4630 2446 4690 dunicnsem
2485 4641 2840 4712 appellatum.
2875 4643 3013 4702 Tum
3063 4647 3130 4703 de
3180 4649 3465 4706 Paschami
3491 4671 3688 4724 genere

2121 4720 2394 4780 T'orchum
2431 4731 2720 4798 quemdam
2744 4773 2766 4798 ,_
2793 4737 2884 4804 qui
2922 4749 3141 4810 propter
3174 4753 3425 4812 aspectus
3455 4720 3685 4800 torvita-

2119 4822 2224 4870 tem
2246 4817 2544 4889 Anghelius
2571 4823 2682 4896 (41)
2704 4826 3009 4894 dicebatur,
3035 4834 3346 4902 praefectum
3371 4839 3684 4893 occidenta-

2119 4906 2220 4963 lem
2251 4911 2461 4966 creavit
2480 4953 2496 4977 ,
2532 4917 2935 4989 provinciaeque
2964 4938 3161 4978 nomen
3187 4926 3547 4996 Angheltunia
3573 4939 3687 4991 est._

2186 5001 2275 5055 l7.
2315 5002 2488 5060 Porro
2528 5007 2582 5060 in
2623 5007 2881 5065 Armenia
2919 5023 3112 5083 quarta
3157 5020 3446 5073 maximam
3486 5021 3682 5091 praefe-

2112 5097 2322 5146 cturam
2353 5093 2718 5167 Zophiensem
2750 5101 3031 5170 fundavit,
3064 5116 3176 5162 tum
3215 5119 3269 5164 et
3315 5112 3450 5166 alias
3491 5115 3683 5184 praefe-

2181 5260 2292 5332 (§7)
2323 5259 2528 5332 Nempe
2557 5267 2808 5323 nivarius.

2322 5329 2537 5416 [tersit-.3
2557 5338 2672 5416 hac
2706 5355 2851 5416 voce_
2876 5342 3251 5410 significantur
3285 5349 3434 5416 regii.

2178 5399 2290 5484 (‘5.9)
2316 5399 2661 5484 'Volcabutum
2698 5425 2797 5462 ALV
2829 5399 3068 5467 fatentur
3100 5430 3160 5468 se
3194 5399 3445 5484 ignorare
3473 5419 3680 5474 Wisto-

2105 5469 2158 5548 ni
2193 5469 2360 5548 Musis
2376 5472 2556 5548 _(_3_h_or.
2587 5477 2931 5548 interpretes,
2962 5498 3084 5536 cum
3126 5469 3257 5540 satis
3296 5469 3473 5543 tamen
3503 5493 3674 5545 usita-

2104 5547 2217 5629 tum
2253 5541 2342 5594 sit.
2376 5538 2603 5629 Videtur
2633 5538 2811 5603 autem
2860 5538 3018 5606 nobis
3047 5538 3675 5629 derivariﬁab‘

2103 5608 2267 5662 salem
2297 5623 2472 5668 sonat.

2175 5679 2288 5756 (40)
2323 5679 2430 5756 llic
2449 5683 2666 5741 codices
2700 5689 3025 5746 videbantur
3056 5695 3320 5751 mendosi.
3352 5697 3461 5756 Nos
3495 5708 3674 5756 tamen

2104 5750 2490 5825 hancinterim
2517 5756 3019 5825 interpretationem
3051 5750 3420 5824 cxtundimus.

2175 5819 2288 5891 (Ill)
2319 5819 2520 5893 Nempe
2545 5819 2816 5894 deformis.
