4142 6400
418 422 514 477 641

1154 419 1501 478 SAMUELIS
1538 419 1860 476 ANIENSIS
1899 417 2246 474 SUMMARII
2285 417 2674 473 TEMPORUM
2713 418 2893 474 PARS
2932 415 2975 474 1.

3581 425 3690 480 642

418 563 606 610 cturas
630 555 972 625 Apabuniam
995 596 1010 620 ,
1038 553 1411 611 Manavaziam
1436 563 1491 610 et
1515 555 1869 610 Beznuniam.
1900 553 1990 610 Se-

2096 529 2440 600 sti'pendiarii
2472 530 2600 584 facti
2645 537 2795 586 sunt.
2841 531 3076 602 Quippe,
3117 540 3176 586 ut
3206 533 3283 587 ait
3326 534 3688 605 evangelista,

419 643 578 697 lacho
616 654 794 698 autem
834 645 951 699 viro
997 644 1193 700 audaci
1223 653 1276 700 et
1307 645 1610 717 fortissimo
1644 645 1780 717 (qui
1810 653 1994 700 utrum

417 730 484 785 de
506 733 678 801 stirpe
707 732 863 787 Haici
891 732 1057 788 fuerit
1080 749 1152 788 an
1182 734 1493 805 antiquiore
1517 735 1586 790 de
1615 742 1775 806 gente
1800 734 1995 789 oriun-

418 824 521 879 dus
577 839 689 878 non
743 833 827 880 est
887 825 1024 880 satis
1073 825 1456 896 exploratum)
1498 842 1702 897 paucos
1745 827 1996 884 homines

418 919 729 980 concessit,
759 931 995 986 eumque
1019 917 1190 984 jussit
1218 925 1460 972 montem
1503 919 1654 972 illum
1693 919 1836 973 tueri
1881 919 1997 973 hir-

419 1023 623 1078 cosque
655 1007 903 1063 venando
937 1009 1214 1064 lacessere
1249 1028 1262 1063 :
1294 1023 1530 1079 eumque
1560 1012 1825 1081 pepulum
1857 1011 1996 1066 dixit

421 1100 768 1156 Selacunios.
803 1099 860 1156 ld
901 1099 1062 1156 oﬂicii
1096 1100 1382 1156 Miandaco
1408 1118 1628 1172 quoque
1679 1103 1991 1168 mandavit,

419 1207 449 1245 a
476 1208 585 1262 quo
611 1192 932 1248 derivantur
957 1192 1328 1248 Mandacunii.
1358 1192 1607 1264 Cumque
1635 1211 1666 1249 e
1698 1195 1993 1266 Vahagenii

419 1285 654 1354 posteris
686 1286 998 1340 sacerdotes
1030 1285 1287 1351 fecisset,
1316 1295 1530 1357 gentem
1564 1303 1682 1343 eam
1708 1289 1994 1344 Vahunio-

415 1390 542 1429 rum
588 1376 810 1432 nomine
857 1375 1133 1457 distinxit.
1188 1375 1279 1431 Sic
1333 1385 1389 1431 et
1440 1379 1773 1435 Arravenios
1831 1393 1993 1451 atque

417 1467 807 1525 Arehavenios.
844 1471 983 1525 Tum
1013 1481 1067 1527 et
1097 1470 1431 1530 Sarasanum
1459 1475 1515 1528 in
1548 1472 1806 1529 Sanasari
1837 1475 1994 1528 fami-

417 1561 492 1614 lia
517 1570 739 1627 natum,
788 1577 1042 1634 magnum
1089 1564 1212 1632 ejus
1250 1566 1492 1636 regionis
1532 1566 1818 1636 prazsidem
1865 1566 1994 1620 fecit

417 1668 538 1722 quae
570 1653 713 1708 inter
741 1668 1002 1709 occasum
1031 1656 1432 1726 meridiemque
1461 1658 1642 1726 jacet,
1675 1657 1836 1727 eique
1866 1674 1994 1728 pro-

416 1745 652 1799 vinciam
698 1745 1034 1800 Arznensem
1111 1754 1166 1801 et
1211 1746 1474 1812 Taurum,
1518 1764 1710 1818 nempe
1757 1749 1990 1815 Simum,

416 1843 657 1890 montem
684 1878 699 1902 ,
735 1851 1060 1908 omnemque
1088 1837 1446 1910 C(elesyriam
1484 1841 1755 1909 permisit.
1790 1839 1992 1895 Eadem

415 1929 470 1982 in
489 1929 766 1998 provincia
791 1944 916 1982 cum
951 1929 1259 1985 Mocensem
1289 1931 1578 2001 quemdam
1605 1941 1798 1988 nactus
1824 1940 1990 1997 esset,

416 2018 795 2088 praefecturam
846 2020 1010 2073 aliam
1063 2021 1334 2087 instituit,
1391 2021 1698 2092 iisdemque
1749 2023 1807 2076 in
1856 2023 1995 2078 locis

414 2111 705 2182 Gordyaeos
729 2150 746 2175 ,
775 2111 1123 2170 Anzevenses
1168 2123 1333 2186 atque
1362 2116 1644 2171 Aceenses
1680 2115 1989 2171 collocavit.

412 2202 806 2262 Verumtamen
837 2247 853 2271 ,
903 2193 1054 2276 quod.
1081 2207 1273 2261 attinet
1308 2207 1375 2260 ad
1407 2205 1743 2263 Rhestunios
1773 2215 1828 2262 et
1857 2208 1994 2262 Gol-

413 2298 713 2361 thnenses,
758 2314 880 2369 quae
910 2309 1040 2354 sunt
1083 2299 1473 2356 Sisacenorum
1514 2301 1772 2366 coloniae,
1805 2306 1992 2354 utrum

412 2403 492 2444 eae
524 2391 820 2461 provincia:
869 2407 899 2445 a
946 2392 1189 2446 virorum
1221 2393 1537 2448 nominibus
1566 2393 1817 2447 vocitata:
1845 2392 1990 2457 sint,

411 2497 482 2536 an
509 2498 539 2537 e
568 2483 974 2554 provinciarum
1007 2484 1468 2555 appellationibus
1496 2485 1627 2554 ipsae
1653 2483 1991 2554 praefectura

412 2575 638 2629 nomina
660 2575 868 2631 sortita:
895 2577 1044 2640 sint,
1071 2577 1286 2647 ignoro.

484 2667 574 2721 18.
611 2667 865 2723 Profecto
895 2670 1057 2738 hujus
1087 2671 1230 2740 regis
1277 2677 1506 2725 cunctas
1539 2670 1744 2752 optime
1773 2669 1989 2725 instru-

411 2770 532 2816 ctas
563 2762 985 2817 constitutiones
1013 2762 1156 2816 haud
1193 2770 1351 2816 vacat
1381 2762 1722 2832 perscribere
1743 2801 1758 2827 ,
1809 2777 1989 2832 neque

401 2853 542 2908 item
562 2855 790 2910 aliorum
812 2855 904 2925 qui
926 2855 1006 2909 vel
1023 2862 1420 2924 praecesserunt
1436 2855 1519 2910 vel
1535 2855 1817 2910 consecuti
1836 2862 1988 2922 sunt,

413 2958 644 3014 quorum
668 2961 755 3001 res
775 2957 938 3017 gestae
971 2946 1187 3001 abunde
1221 2947 1418 3002 litteris
1451 2946 1846 3001 commendatae
1872 2947 1990 3002 fue-

411 3045 561 3093 runt.
609 3028 670 3092 lh
720 3038 973 3109 praesenti
1025 3045 1209 3093 autem
1262 3037 1710 3110 pmfccturarum
1747 3045 1990 3092 tantum-

401 3131 575 3184 modo
602 3131 1026 3202 descriptionem
1064 3133 1337 3203 persecuti
1371 3148 1583 3197 sumus,
1619 3146 1758 3202 quas
1783 3131 1830 3187 si
1860 3130 1987 3200 quis

2023 1897 2068 1952 B

411 3237 740 3290 cognoscere
788 3233 1042 3292 cuperet,
1081 3239 1174 3279 eas
1227 3223 1282 3278 in
1328 3232 1582 3294 promptu
1625 3239 1749 3278 cum
1799 3224 1988 3279 multis
2016 3247 2057 3305 ρ

406 3311 534 3378 aliis
557 3313 778 3368 haberet
806 3315 970 3384 regiis
1005 3316 1401 3372 sanctionibus.
1429 3316 1511 3370 Ad
1541 3323 1847 3370 extremum
1875 3315 1987 3368 Va-

411 3419 651 3474 larsaees
695 3419 821 3458 cum
857 3407 1015 3460 annis
1055 3406 1272 3462 duobus
1328 3421 1391 3461 ac
1430 3406 1621 3477 viginti
1671 3415 1987 3476 regnasset,

411 3492 584 3549 Nisibi
615 3494 728 3564 (42)
751 3496 861 3548 vita
883 3496 1140 3552 excessit.
1500 3561 1508 3571 ι

484 3586 573 3641 19.
617 3589 850 3642 Secutus
889 3595 971 3642 est
1009 3589 1241 3645 Arsaces
1276 3589 1422 3644 filius
1453 3589 1612 3643 annis
1636 3603 1760 3644 xm.

485 3681 717 3737 Artaxes
746 3681 968 3736 Arsacis
989 3682 1132 3737 ﬁlius
1163 3684 1321 3738 annis
1348 3699 1472 3736 xxv.
1501 3683 1598 3737 Hic
1621 3683 1830 3737 viribus
1852 3696 1990 3735 cun-

402 3776 530 3828 ctos
556 3772 894 3843 praecellens,
929 3773 1073 3827 haud
1101 3757 1295 3843 passus
1321 3781 1406 3827 est
1438 3771 1741 3827 secundum
1779 3786 1836 3826 se
1866 3785 1990 3826 esse

411 3878 445 3920 α
472 3879 596 3934 rege
625 3864 948 3930 Persarum;
975 3865 1108 3936 quin
1157 3863 1293 3919 adeo
1341 3863 1631 3920 Persarum
1671 3880 1852 3934 regem
1887 3867 1989 3919 se-'

414 3955 589 4009 eundo
635 3953 921 4024 dignitatis
965 3956 1135 4025 gradu
1178 3955 1406 4019 locavit,
1463 3970 1697 4025 cumque
1740 3955 1987 4009 exercitu

404 4047 701 4102 innumero
759 4048 818 4102 in
882 4048 1223 4105 occidentem
1282 4064 1608 4118 progressus
1675 4049 1985 4118 complures

410 4147 596 4209 gentes
624 4139 846 4202 devicit,
879 4140 1052 4194 donec
1073 4153 1104 4192 a
1135 4139 1252 4194 suis
1284 4139 1644 4208 interemptus
1677 4144 1782 4193 est.

477 4229 741 4301 Tigranes
772 4231 916 4287 [ilius
945 4232 1065 4300 ejus
1098 4230 1258 4285 annis
1289 4245 1499 4294 χχχιιι,
1545 4231 1637 4299 qui
1685 4229 1830 4284 haud
1882 4245 1983 4300 pa-

411 4321 527 4377 triae.
586 4321 922 4378 fortitudinis
968 4323 1202 4392 degener
1256 4323 1418 4377 rebus
1480 4321 1648 4392 gestis
1685 4321 1981 4386 inclaruit;

408 4429 722 4484 quanquam
773 4429 968 4469 rursus
1000 4414 1055 4466 in
1090 4413 1334 4468 secundo
1380 4412 1662 4482 dignitatis
1707 4411 1829 4465 loco
1862 4417 1984 4479 post

407 4504 605 4561 Persas
635 4504 904 4560 consedit.
955 4505 1086 4575 Ejus
1111 4513 1270 4559 aetate
1317 4503 1758 4573 cognoscebatur
1807 4501 1980 4557 Vaico

2097 622 2338 675 manavit
2371 620 2612 675 edictum
2640 635 2670 673 a
2694 619 2909 677 Caesare
2948 622 3232 691 Augusto,
3293 630 3352 676 ut
3380 625 3532 681 orbis
3564 627 3688 680 uni-

2096 727 2290 766 versus
2322 711 2762 768 descri‘beretur:
2803 713 2963 780 cujus
2988 713 3063 767 rei
3095 728 3263 767 causa
3290 714 3344 768 in
3369 714 3687 770 Armeniam

2097 817 2314 873 quoque
2343 811 2565 859 ventum
2583 815 2688 859 εει.
2717 803 2793 858 Eo
2816 805 3027 860 scilicet
3051 820 3196 860 anno
3213 805 3478 862 Dominus
3497 814 3688 862 noster

2095 893 2350 966 Deusque
2377 894 2539 951 Jesus
2563 895 2819 952 Christus
2853 912 2883 952 e
2917 895 3140 966 Virgine
3177 906 3340 954 natus
3366 909 3474 955 est.
3513 898 3686 955 Porro

2096 988 2186 1042 hic
2224 994 2343 1042 erat
2383 1004 2411 1041 a
2451 987 2740 1044 Valarsace
2789 1004 2969 1044 annus
3008 990 3258 1044 decimus
3290 991 3558 1060 septimus
3591 1007 3684 1047 su-

2095 1096 2193 1150 pra
2227 1080 2621 1144 centesimum;
2659 1080 2890 1149 Augusti
2947 1079 3268 1149 imperantis
3305 1083 3582 1138 secundus
3630 1089 3685 1136 et

2095 1173 2578 1243 quadragesimus;
2614 1172 2844 1226 Herodis
2901 1173 3219 1243 alienigenae
3273 1171 3682 1246 Hierosolymo-

2095 1281 2217 1319 rum
2251 1267 2388 1335 regis
2423 1264 2700 1320 secundus
2739 1278 2905 1333 supra
2962 1265 3334 1332 tricesimum;
3385 1265 3681 1321 Arsacida-

2094 1373 2214 1411 rum
2246 1357 2505 1427 denique,
2539 1356 2632 1426 qui
2681 1366 2734 1410 et
2767 1355 3013 1409 Pahlavii
3050 1364 3315 1410 vocantur
3337 1396 3350 1419 ,
3402 1357 3518 1412 sive
3547 1355 3681 1412 Per-

2095 1464 2279 1504 sarum
2310 1449 2456 1518 regis
2484 1447 2730 1502 Arsaviri
2765 1453 2883 1500 erat
2912 1445 3209 1502 vicesimus
3252 1448 3483 1517 primus,
3516 1449 3678 1517 cujus

2094 1539 2314 1610 quidem
2357 1539 2620 1594 vicesimo
2647 1553 2877 1609 regnare
2905 1545 3146 1607 etoperat
3193 1539 3335 1610 apud
3394 1539 3678 1596 Armenios

2093 1632 2367 1702 Abgarus.

2160 1745 2251 1800 20.
2282 1741 2401 1799 Jam
2437 1760 2467 1798 a
2495 1746 2674 1815 primo
2707 1745 2912 1798 Arsace
2944 1741 2998 1796 hi
3035 1759 3188 1814 reges
3233 1742 3504 1797 habentur
3545 1740 3677 1798 Per-

2095 1851 2281 1892 sarum

2120 2005 2124 2008 -
2167 1972 2210 2029 1.
2235 1973 2467 2028 Arsaces
2490 1971 2668 2026 Fortis
2699 1973 2859 2026 annis
2884 1986 3034 2025 xxxx.

2165 2063 2231 2119 ll.
2260 2064 2492 2119 Artaxes
2532 2064 2691 2118 annis
2719 2079 2864 2117 XLVI.

2164 2157 2255 2212 Ill.
2289 2157 2523 2212 Arsaces
2547 2153 2772 2226 Magnus
2805 2156 3113 2210 Valarsacis
3142 2157 3310 2209 frater
3337 2170 3426 2208 an.
3455 2171 3565 2212 Liv.

2164 2248 2255 2302 1V.
2301 2252 2610 2302 Arsacanus
2634 2249 2794 2302 annis
2829 2263 2982 2302 χχχι.

2165 2341 2230 2396 ν.
2263 2342 2577 2397 Arsanacus
2611 2341 2772 2395 annis
2799 2356 2930 2396 xxx.

2164 2433 2253 2488 Vl.
2277 2433 2444 2488 Arses
2465 2432 2624 2487 annis
2656 2449 2751 2486 xx.

2163 2521 2276 2578 Vll.
2311 2524 2605 2578 Arsavirus
2635 2524 2793 2577 annis
2818 2539 2966 2577 var.

2161 2613 2222 2668 ln
2258 2614 2421 2684 hujus
2449 2612 2768 2668 vicesimum
2798 2615 3029 2682 primum
3060 2627 3262 2676 annum
3287 2611 3490 2666 natalia
3513 2611 3675 2666 Chri-

2091 2708 2162 2762 sti
2217 2707 2573 2770 inciderunt,
2631 2705 2726 2776 qui
2786 2705 2886 2759 fuit
2937 2705 3258 2775 Olympiadis
3309 2706 3676 2776 nonagesimo

2091 2807 2300 2871 quarta:
2333 2812 2500 2869 supra
2529 2798 2884 2852 centesimam
2920 2812 3097 2852 annus
3138 2806 3388 2866 quartus.
3528 2789 3530 2792 ’

2158 2916 2250 2970 21.
2293 2915 2461 2984 Igitur
2494 2919 2656 2986 prout
2699 2919 2825 2966 ante
2872 2911 3225 2982 promisimus
3262 2910 3527 2965 orationis
3572 2925 3676 2963 no-

2092 3016 2218 3063 stra:
2246 3015 2442 3060 metam
2476 3005 2776 3074 attigimus,
2818 3005 2911 3074 qui
2939 3003 3191 3058 videlicet
3236 3003 3302 3056 ad
3355 3001 3518 3056 Verbi
3573 2999 3672 3057 Dei

2091 3113 2212 3154 cum
2263 3113 2428 3152 carne
2477 3097 2713 3165 copulati
2761 3094 3255 3150 manifestationem
3315 3095 3670 3160 devenimus,

2091 3197 2251 3259 capto
2285 3189 2440 3242 initio
2469 3203 2497 3243 a
2526 3188 2702 3257 primo
2745 3185 2967 3240 condito
3021 3185 3259 3249 homine,
3297 3200 3418 3255 qua:
3450 3193 3533 3240 est
3569 3200 3671 3238 an-

2092 3295 2284 3335 norum
2329 3293 2833 3334 nuuuncuxxxvm
2867 3278 3186 3346 congeries,
3233 3277 3532 3332 secundum
3579 3276 3673 3331 1η-

2090 3379 2357 3442 terpretes
2388 3370 2739 3442 Septuaginta
2768 3409 2783 3434 ,
2836 3385 2998 3440 quam
3048 3383 3313 3423 summam
3349 3369 3669 3437 singillatim

2088 3464 2164 3518 ita
2191 3465 2614 3534 perscribemus.
2644 3464 2726 3517 Ab
2749 3460 2958 3515 Adamn
2983 3460 3049 3514 ad
3081 3460 3347 3515 diluvium
3371 3463 3669 3515 conliciun-

2089 3565 2181 3611 tur
2209 3557 2336 3610 anni
2367 3569 2644 3610 IIICCXLII.
2684 3553 2730 3607 A
2758 3553 2962 3608 diluvio
2992 3553 3057 3606 ad
3095 3552 3286 3606 turrim
3337 3553 3466 3605 anni
3497 3567 3664 3605 nxxv.

2090 3645 2229 3702 Hinc
2258 3647 2326 3700 ad
2349 3647 2718 3700 Abrahamum
2754 3644 2880 3698 anni
2928 3657 3192 3698 ccccxvn.
3245 3645 3290 3696 A
3343 3643 3550 3697 diluvio
3597 3643 3665 3696 ad

2088 3738 2382 3794 Abrahami
2411 3739 2612 3792 natalia
2641 3738 2769 3791 anni
2791 3751 3090 3790 ncccchn.
3132 3735 3218 3789 Ab
3251 3735 3563 3789 Abrahamo
3595 3736 3665 3790 ad

2089 3819 2293 3886 Mosem
2319 3845 2710 3901 egressumque
2732 3836 2798 3884 ex
2813 3828 3048 3900 Egypto
3071 3827 3198 3897 anni
3219 3843 3307 3880 av.
3327 3826 3409 3880 Ab
3439 3841 3665 3897 egressu

2088 3939 2262 3993 usque
2289 3923 2355 3977 ad
2388 3921 2733 3977 Solomonem
2769 3922 3114 3990 primumque
3151 3919 3333 3988 templi
3372 3917 3666 3973 aedilicium

2090 4014 2218 4068 anni
2251 4028 2547 4068 ccccuxx.
2580 4011 2623 4064 A
2659 4011 2836 4081 primo
2867 4010 3044 4079 templi
3077 4008 3305 4064 aedilicio
3355 4009 3421 4062 ad
3465 4023 3668 4064 secun-

2086 4105 2215 4160 dum
2245 4105 2372 4159 anni
2396 4121 2508 4158 nxl.
2546 4102 2684 4157 Exin
2710 4101 2774 4155 ad
2803 4100 3012 4157 Christi
3057 4101 3259 4154 natalia
3291 4101 3417 4153 anni
3452 4114 3662 4154 vant:

2085 4210 2316 4264 quorum
2349 4208 2560 4249 summa
2610 4192 2666 4246 in
2706 4207 2880 4246 annos
2913 4204 3420 4245 MMHIICLXXXXVIII
3444 4203 3667 4243 εοιιδιιτ-

2083 4289 2182 4359 git.
2208 4285 2420 4342 Rursus
2447 4301 2478 4339 a
2500 4285 2704 4341 Christi
2732 4285 3008 4340 natalibus
3036 4283 3104 4337 ad
3134 4283 3317 4337 divum
3342 4280 3666 4350 Gregorium

2087 4379 2215 4433 anni
2246 4389 2374 4434 sunt
2400 4392 2580 4433 cccxn
2613 4376 2762 4448 (43);
2802 4377 2930 4430 hinc
2965 4383 3146 4429 autem
3176 4375 3243 4428 ad
3282 4389 3443 4428 aeram
3473 4372 3666 4428 Arme-

2084 4471 2300 4525 niorum
2331 4469 2460 4524 anni
2487 4483 2670 4522 cem.

407 4597 632 4667 quidam
680 4597 858 4662 latro,
907 4610 940 4649 a
977 4611 1088 4665 quo
1145 4609 1303 4648 mons
1336 4592 1728 4647 Vaicuniorum
1780 4607 1979 4648 nomen

2153 4608 2244 4661 22.
2273 4607 2456 4677 Atque
2483 4619 2583 4675 ego
2615 4602 2834 4674 quidem
2856 4642 2871 4665 ,
2908 4616 2941 4654 o
2971 4603 3263 4655 sanctitate
3297 4602 3518 4670 pra-dite
3565 4603 3664 4656 do-

403 4689 596 4745 traxit.

479 4779 811 4836 Artavasdes
833 4777 1086 4850 Tigranis
1117 4779 1261 4836 Illius
1296 4779 1456 4834 annis
1491 4793 1550 4835 Il.

477 4870 789 4934 Arciatuus,
821 4869 1075 4940 idemque
1091 4871 1376 4933 Arsamus,
1405 4866 1658 4939 Tigranis
1684 4867 1854 4920 frater
1879 4880 1980 4920 an-

408 4964 498 5022 nis
527 4982 595 5019 xx
617 5004 633 5028 ,
679 4965 785 5020 sub
837 4979 945 5035 quo
987 4979 1115 5034 pars
1141 4964 1526 5019 Armeniorum
1553 4961 1841 5032 vectigalia
1870 4959 1982 5015 Ro-

405 5057 584 5112 manis
617 5056 851 5127 pendere
877 5057 1063 5126 cmpit.

477 5146 724 5218 Abgarus
754 5146 971 5202 Arsami
1004 5146 1148 5200 ﬁlius
1200 5144 1359 5199 annis
1391 5160 1620 5198 xxxvm.
1674 5141 1849 5213 Hujus
1892 5157 1980 5198 re-

408 5240 621 5308 gnantis
646 5254 792 5293 anno
825 5237 1068 5294 secundo
1098 5236 1340 5292 Armenii
1359 5297 1361 5300 .
1381 5251 1574 5292 omnes
1603 5234 1979 5292 Romanorum

478 5393 834 5517 (42%Nisibin
865 5394 1055 5466 (quam
1077 5395 1318 5449 Armenii
1348 5393 1558 5449 Mezbin
1584 5396 1810 5465 dicunt)
1843 5411 1981 5449 con-

478 5467 543 5517 lit
620 5467 917 5517 alarsaCes.
950 5474 1010 5517 ut
1039 5466 1189 5517 regni
1220 5466 1376 5517 sedes
1398 5475 1563 5517 esset.
1597 5468 1688 5517 aui
1720 5467 1978 5517 nimirum

408 5465 543 5517 didit
572 5465 925 5532 Valarsac’es,
950 5474 1010 5520 ut
1039 5466 1189 5535 regni
1220 5466 1376 5520 sedes
1398 5475 1563 5528 esset,
1597 5468 1688 5536 qui
1720 5467 1978 5536 nimirum

409 5535 584 5588 honor
612 5537 668 5589 in
701 5550 766 5588 ea
799 5537 934 5589 urbe
963 5537 1180 5590 ‘mansit
1219 5537 1379 5590 annis
1421 5535 1643 5591 circiter
1668 5552 1794 5590 cxx.
1831 5535 1982 5590 Con-

409 5607 610 5661 secutis
643 5605 839 5660 deinde
866 5607 1203 5674 temporibus
1248 5604 1452 5661 Nisibis
1487 5613 1646 5661 terra:
1679 5614 1828 5660 motu
1881 5621 1979 5659 va-

411 5682 549 5745 stata
574 5683 679 5743 est,
723 5676 797 5745 ita
825 5684 887 5729 ut
912 5676 1166 5745 Abgarus
1202 5676 1404 5745 regiam
1446 5691 1598 5730 suam
1637 5675 1982 5745 transtulerit

341 5787 343 5789 .
411 5744 688 5800 Edessam.
729 5743 930 5800 Verum
977 5743 1138 5816 hujus
1177 5743 1466 5801 successor
1519 5745 1850 5800 Sanatruces
1885 5744 1981 5799 Ni-

410 5816 550 5869 sibin
584 5817 944 5869 instauratam
971 5816 1121 5886 regni
1151 5832 1342 5870 rursus
1377 5818 1717 5886 metropolim
1757 5816 1900 5876 fecit.

481 5886 589 5955 (43)
626 5885 792 5956 Atqui
819 5888 872 5941 in
902 5885 1053 5957 parte
1086 5885 1380 5942 Summarii
1414 5885 1581 5942 altera
1623 5890 1833 5959 primus
1883 5902 1978 5944 an-

2083 4699 2230 4753 mine
2281 4698 2356 4750 mi
2406 4695 2676 4764 Gregori,
2733 4693 3040 4747 vehementi
3095 4700 3275 4745 vestra
3330 4689 3664 4760 ﬂagitatione

2080 4789 2398 4859 compulsus
2453 4787 2711 4856 exiguum
2787 4784 3066 4854 ingenium
3138 4799 3316 4838 meum
3362 4784 3664 4854 rudemque

2082 4896 2306 4936 manum
2336 4879 2465 4934 huic
2491 4877 2864 4933 construendo
2908 4876 3061 4945 operi
3115 4875 3365 4937 admovi;
3397 4885 3662 4928 conatus-

2079 4988 2187 5043 que
2210 4987 2330 5027 sum
2362 4970 2514 5025 brevi
2558 4969 2722 5038 hujus
2751 4982 3031 5038 corporeae
3057 4966 3181 5021 vitae
3208 4966 3494 5021 intervallo
3536 4967 3664 5036 pul-
3750 4957 3753 4962 ’

2081 5063 2409 5119 cherrimam
2449 5060 2559 5116 divi
2594 5059 2812 5115 Eusebii
2847 5058 3345 5129 chronographiam
3386 5059 3660 5122 evolvere,

2080 5170 2266 5226 quam,
2299 5162 2358 5208 ut
2405 5155 2482 5209 ita
2514 5153 2714 5218 dicam,
2745 5151 3034 5221 exscripsi.
3074 5149 3281 5206 Revera
3311 5155 3373 5203 ut
3405 5151 3662 5203 exorien-

2081 5248 2152 5302 tis
2198 5246 2331 5301 solis
2363 5244 2503 5299 radii
2554 5240 2863 5299 tenebrosis
2907 5241 3046 5298 locis
3087 5241 3264 5296 lttcem
3320 5248 3662 5310 aspergunt,

2081 5400 2316 5471 nus_divi
2349 5399 2598 5469 Gregorii
2646 5397 2840 5452 incidit
2891 5396 2945 5471 in
2980 5394 3182 5471 Christi
3216 5407 3426 5471 ann-um_
3463 5405 3661 5471 occvrr.

2079 5462 2630 5526 Nihilominus'cum
2688 5483 2796 5521 tera
2883 5465 3268 5519 Armeniorum
3325 5462 3550 5530 incipiat
3596 5462 3662 5516 ab

2081 5557 2226 5596 anno
2255 5555 2384 5594 DLIII
2412 5581 2428 5606 ,
2489 5538 2580 5593 hic
2649 5547 2830 5611 autem
2870 5552 2900 5590 a
2955 5536 3082 5589 divo
3137 5533 3398 5611 Gregorio
3443 5530 3512 5583 ad
3543 5546 3661 5611 eam

2081 5627 2246 5667 aeram
2290 5603 2649 5664 numerentur
2675 5607 2804 5660 anni
2849 5620 3028 5665 ccxu,
3060 5619 3254 5658 rursus
3298 5610 3483 5670 patere
3509 5603 3662 5653 vide-

2081 5691 2170 5736 tur
2224 5681 2408 5735 divum
2452 5678 2774 5748 Gregorium
2831 5675 3072 5731 exordiri
3131 5669 3402 5748 ab_anno
3457 5669 3663 5748 Christi

2079 5768 2272 5807 cccxn.
2327 5751 2400 5806 De
2439 5741 2640 5806 mendo
2696 5748 2862 5818 igitur
2919 5743 3338 5800 arnanucnsiunt
3397 5741 3663 5810 suspicari

2081 5825 2228 5880 licet.
3272 5845 3278 5850 ·
