4142 6400
332 358 469 427 1345
1073 353 1418 412 SAMUELIS
1450 350 1768 409 ANIENSIS
1806 350 1968 408 SUM!

1986 352 2140 407 [ARN
2177 347 2560 411 TEMPORUM
2594 353 2778 410 PARS
2814 349 2878 410 11.
3518 358 3622 415 046

1181 616 1373 655 OLYMP.
1455 615 1669 654 CHRISTI
1782 615 1910 654 8οη.
2058 611 2174 653 JUD.
2338 615 2484 654 PERS.
2637 615 2765 653 ΔΒΗ.

1769 739 1924 793 Tibe-
2045 739 2220 796 Hero-
2273 743 2506 795 Artaxes
2592 738 2773 809 Aliga-

1780 810 1898 865 rius
2077 813 2174 866 des
2622 825 2718 865 rus

1175 933 1386 944 ————
1455 930 1667 941 -——-——
1769 931 1950 943 *σ-
2017 932 2231 947 -ιη-
2306 932 2515 945 -Δ--ι-
2597 933 2796 945 ——.—_

438 997 713 1056 Johannes
741 997 1022 1052 Zachariae
1065 997 1207 1051 ﬁlius
1237 995 1373 1051 locis
1405 994 1638 1050 desertis
1669 994 1818 1049 circa
1857 995 2082 1050 fluvium
2122 994 2415 1051 Jordanem
2445 996 2796 1066 praedicabat,
2841 998 3161 1068 cunctisque
3200 998 3376 1068 palam
3400 997 3624 1052 nuntia‘

369 1099 461 1145 nat
509 1092 701 1147 adesse
761 1091 903 1145 inter
949 1105 1044 1144 eos
1103 1087 1329 1142 chruu
1391 1084 1506 1139 Dm.
1572 1083 1714 1151 Quin
1767 1085 1886 1156 ipse
1939 1084 2100 1142 Jesns
2148 1095 2350 1142 unctus
2406 1085 2503 1142 Dei
2557 1095 2688 1140 tunc
2747 1087 2971 1142 vivifica:
3037 1096 3092 1143 et
3145 1089 3473 1158 evangelicae
3523 1085 3624 1140 do-

366 1184 558 1237 ctrinm
606 1197 718 1236 sua:
765 1180 997 1235 faciebat
1049 1179 1284 1241 initium,
1326 1176 1597 1245 rebusque
1645 1179 1812 1245 gestis
1855 1189 1921 1229 ac
1967 1176 2148 1232 verbis
2183 1174 2380 1230 divinat
2418 1175 2704 1246 potestatis
2750 1177 3004 1230 virtutem
3045 1179 3408 1247 spectantium
3447 1177 3625 1234 oculis

601 1289 630 1327 a
663 1317 677 1329 .

363 1275 784 1432 ωὲιίξῖῗξέιῖιιιιιν
807 1369 989 1414 autem
1029 1373 1203 1426 usque
1250 1356 1318 1411 ad
1358 1357 1505 1411 hunc
1541 1357 1795 1428 quintum
1821 1357 2095 1412 decimum
2131 1357 2336 1414 Tiberii
2381 1357 2618 1413 Caesaris
2647 1373 2873 1422 annum,
2898 1374 2928 1412 a
2963 1360 3167 1430 templo
3193 1359 3410 1430 quidem
3444 1361 3627 1417 denuo

363 1460 610 1514 excitato
659 1457 788 1511 anni
835 1470 1040 1509 DXLVII]
1091 1452 1248 1522 (49);
1292 1466 1320 1503 a
1364 1452 1655 1508 Solomone
1685 1454 1977 1526 primoque
2012 1455 2196 1524 templi
2229 1453 2458 1508 aedificio
2502 1455 2629 1507 anni
2671 1469 2875 1521 uuiv;
2919 1470 2948 1508 a
2986 1455 3134 1510 Mose
3185 1471 3522 1526 egressuque
3559 1471 3627 1512 ex

369 1549 608 1621 .Egypto
643 1550 772 1604 anni
803 1564 985 1614 non;
1017 1547 1086 1601 ab
1117 1545 1426 1600 Abrahaino
1456 1545 1704 1616 Ninoque
1745 1556 1800 1602 et
1834 1545 2196 1603 Samiramide
2231 1549 2355 1602 anni
2403 1563 2648 1615 unxmv;
2683 1564 2712 1602 a
2747 1547 2952 1602 diluvio
2991 1549 3119 1602 anni
3163 1563 3623 1617 Iucccccuxw;

366 1646 440 1699 ab
467 1645 676 1699 Adamo
705 1643 940 1714 denique
970 1641 1097 1696 anni
1134 1655 1594 1695 uuuuxccxxvui.

440 1736 602 1792 Jssvs
653 1751 859 1790 uncws
901 1735 998 1788 Dm
1044 1734 1147 1787 Do-
1533 1732 1597 1784 51
1818 1733 1885 1786 16

2103 1732 2168 1786 16
2417 1733 2452 1786 5
2661 1736 2730 1788 52
2906 1735 3066 1790 Jesus
3108 1749 3315 1791 uncws
3363 1735 3466 1791 DEI
3515 1735 3631 1792 Do-

371 1823 533 1866 ιιιιιωε
588 1822 802 1862 nos'rsn
871 1806 1141 1878 vivificain
1533 1802 1607 1878 Et?
1823 1804 1885 1878 ijl
2099 1804 2166 1878 1?
2413 1805 2448 1878 ρ
2659 1807 2728 1878 55
2837 1821 2996 1861 ιιιῖιυε
3077 1821 3288 1862 ιεοδτειι
3379 1808 3630 1878 discipu-

370 1879 676 1934 doctrinam
698 1877 913 1931 cunctis
949 1877 1143 1945 praedi-
1528 1872 1600 1946 ζιᾷ
1815 1874 1883 1946 18
2099 1874 2164 1946 18
2413 1875 2444 1946 ’ἶ
2662 1877 2731 1928 54
2837 1879 2903 1942 lis
2957 1893 3072 1932 suis
3133 1879 3284 1946 regni
3349 1872 3623 1932 caelorum

369 1951 550 2011 cabat,
579 1955 742 2016 atque
784 1962 848 2001 ea
887 1941 1007 2016 quia:
1043 1959 1143 1998 no—
1213 1948 1355 2015 203
1525 1941 1597 1995 54
1813 1945 1879 2000 19
1999 2003 2012 2012 _
2093 1943 2161 1999 19
2340 1987 2342 1989 μ
2415 1944 2447 1999 8
2659 1946 2728 2000 55
2835 1941 3154 2018 mysterium
3183 1941 3479 2016 aperiebat,
3520 1949 3626 2004 eisa

369 2021 618 2075 minatini
643 2020 848 2086 scripta
872 2024 1000 2074 sunt
1016 2030 1141 2086 ρΙὉο
2835 2019 3066 2088 demque
3115 2019 3414 2086 imperabat
3486 2033 3626 2088 prm-

363 2091 518 2162 digia
553 2091 804 2162 patrabat
2845 2089 3176 2162 dicationem
3235 2089 3379 2162 apud
3447 2090 3632 2162 ethni-f

2837 2174 2953 2219 cos,
3005 2167 3061 2212 ut
3124 2160 3176 2212 hi
3235 2159 3498 2213 nimirum
3558 2159 3629 2213 ad

2836 2229 3082 2282 omnium
3158 2228 3329 2284 Deum
3393 2244 3630 2286 conver—

2836 2306 3106 2354 terentur.

439 2455 602 2514 Iesus
636 2471 840 2510 umerus
867 2454 966 2510 Dm
1007 2454 1248 2510 DouiNus
1276 2469 1485 2509 nosrcn
1516 2449 1670 2524 juxta
1704 2454 2019 2524 prophetias
2057 2452 2126 2510 de
2153 2469 2218 2510 eo
2253 2456 2490 2526 scriptas
2521 2456 2759 2511 accessit
2792 2455 2862 2510 ad
2897 2458 3208 2526 passionem
3243 2473 3388 2512 anno
3427 2456 3637 2514 Tiberii

363 2554 692 2625 imperantis
736 2553 948 2609 decimo
987 2567 1155 2606 nono.
1193 2549 1335 2605 Sane
1364 2550 1551 2605 eodem
1585 2551 1687 2605 hoc
1723 2557 1968 2622 tempore
2017 2552 2072 2604 in
2113 2551 2236 2606 aliis
2273 2566 2493 2621 quoque
2535 2550 2852 2606 Gra’corum
2897 2553 3267 2608 monumentis
3305 2553 3384 2608 sic
3412 2555 3479 2608 ad
3515 2569 3640 2608 ver-

319 2659 326 2664 ·
367 2647 498 2702 b’um
535 2656 816 2700 narratum
853 2644 1220 2714 comperimus
1263 2661 1276 2696 :
1333 2661 1352 2693 ι
1394 2641 1574 2696 Solem
1619 2658 1815 2713 nempe
1855 2642 2148 2708 defecisse,
2188 2643 2497 2715 Bithyniam
2537 2652 2696 2698 terrae
2742 2652 2892 2698 motu
2937 2660 3284 2711 concussam,
3336 2647 3640 2718 Nicmzeque

367 2741 637 2810 potiorem
673 2746 884 2809 partem
933 2737 1051 2792 solo
1089 2741 1380 2805 aequatam.
1425 2755 1444 2787 ι
1496 2735 1672 2804 Atque
1723 2735 1840 2789 haec
1895 2734 2231 2792 adamussim
2283 2737 2350 2791 iis
2407 2743 2718 2790 consonant
2757 2752 2890 2806 aqua:
2940 2737 2995 2790 in
3026 2735 3237 2791 Vivitici
3290 2739 3463 2794 nostri
3517 2757 3640 2812 pas-

367 2835 525 2888 sione
573 2832 908 2888 acciderunt.
954 2829 1194 2899 Phlegon
1225 2829 1413 2892 etiam,
1454 2829 1546 2897 qui
1577 2827 1914 2898 olympiades
1942 2828 2055 2897 jam
2102 2827 2229 2884 inde
2273 2828 2342 2883 ab
2385 2843 2571 2883 earum
2619 2829 2936 2898 primordiis
2981 2839 3301 2898 persecutus
3335 2842 3442 2897 est,
3480 2837 3640 2890 tertio

368 2928 584 2984 decimo
614 2927 753 2981 libro
791 2926 995 2980 diserte
1028 2924 1104 2978 ita
1139 2925 1332 2979 scribit
1364 2941 1376 2976 :
1416 2941 1434 2973 ι
1471 2921 1680 2988 Quarto
1724 2922 1985 2976 nimirum
2027 2937 2174 2977 anno
2212 2923 2600 2977 ducentesima:
2641 2923 2811 2976 tertiae
2852 2923 3174 2993 Olympiadis
3214 2940 3469 2995 magnum
3506 2929 3640 2987 solis

369 3023 546 3082 fuisse
573 3019 868 3082 defectum,
900 3018 1113 3088 qualem
1147 3019 1318 3085 inemo
1367 3023 1493 3070 ante
1539 3015 2000 3069 animadverterat
2047 3033 2062 3068 :
2115 3015 2453 3085 septimaque
2500 3014 2608 3069 diei
2643 3014 2780 3069 hora
2817 3024 3024 3068 tantam
3072 3025 3285 3070 noctem
3339 3018 3640 3087 ingruisse,

366 3126 431 3170 ut
453 3115 634 3171 sidera
663 3113 801 3167 coelo
829 3115 1096 3166 micarent
1123 3129 1136 3165 :
1170 3109 1375 3181 ingenti
1406 3118 1564 3164 terra:
1598 3118 1750 3163 motu
1782 3107 2088 3180 Bithyniam
2119 3109 2398 3179 agitatam,
2433 3108 2803 3179 majoremque
2828 3107 3020 3163 Nicaeae
3049 3118 3258 3178 partem
3287 3111 3574 3181 dejectam.
3617 3137 3637 3170 ι

327 3231 332 3236 η
368 3209 498 3265 Haec
547 3206 713 3262 tradit
753 3205 1008 3259 laudatus
1059 3203 1165 3257 vir.’
1213 3203 1391 3272 Atque
1439 3203 1541 3255 hoc
1593 3215 1726 3256 sane
1766 3215 2025 3271 magnum
2072 3200 2334 3254 indicium
2379 3207 2462 3254 est
2504 3200 2624 3270 ejus
2673 3201 2800 3254 anni
2845 3215 2953 3270 quo
2983 3199 3245 3258 Vivilicus
3285 3215 3474 3260 noster
3516 3223 3640 3262 cru-

315 3296 324 3304 ’
369 3304 548 3359 ciatus
572 3309 675 3365 est,
699 3299 826 3369 quia
863 3298 1119 3352 nimirum
1159 3303 1213 3351 et
1242 3294 1479 3349 Joannes
1537 3293 1850 3348 testimonio
1884 3307 1986 3349 suo
2017 3293 2072 3346 in
2103 3290 2401 3362 Evangelio
2427 3291 2715 3346 confirmat
2749 3292 2890 3362 (50),
2920 3301 3044 3363 post
3073 3294 3327 3364 quintum
3363 3296 3640 3353 decimum

372 3399 576 3454 Tiberii
610 3411 814 3450 annum
843 3393 1172 3448 trietericam
1200 3391 1644 3462 prmdicationem
1673 3388 1878 3443 Christi
1922 3387 2113 3444 fuisse.
2151 3387 2308 3456 llaud
2343 3387 2534 3458 procul
2555 3402 2621 3442 eo
2652 3395 2900 3457 tempore
2931 3397 3120 3442 narrat
3149 3390 3314 3444 etiam
3342 3388 3640 3461 Joseplius,

374 3505 471 3560 per
505 3489 622 3543 dies
651 3485 1004 3541 Pentecosles
1039 3481 1331 3538 stridorem
1355 3480 1646 3551 quemdam
1671 3489 1990 3549 motumque
2019 3479 2196 3549 primo
2219 3480 2367 3533 circa
2393 3478 2706 3534 sacerdotes
2748 3494 2872 3534 esse
2908 3481 3224 3548 excitatum,
3249 3497 3371 3536 mox
3405 3485 3641 3538 subitam

373 3595 562 3635 vocem
600 3593 630 3633 e
655 3576 1023 3648 penetralibus
1051 3572 1235 3642 templi
1267 3571 1324 3626 in
1356 3573 1468 3625 haec
1496 3571 1664 3626 verba
1702 3572 1988 3640 erupisse:
2029 3587 2050 3622 ι
2095 3567 2478 3641 Digrediamur
2525 3569 2681 3636 hinc,
2720 3569 3116 3642 digrediamur.
3154 3591 3174 3624 ι
3225 3573 3371 3628 Idem
3416 3575 3641 3646 insuper

373 3669 566 3726 scribit
595 3665 887 3735 Josephus,
931 3661 1166 3717 Pilatum
1205 3659 1492 3731 praesidem
1534 3661 1637 3715 sub
1685 3658 1741 3714 id
1791 3667 2006 3730 tempus
2042 3668 2211 3715 noctu
2261 3660 2553 3732 imaginem
2593 3661 2824 3718 Caesaris
2862 3663 2918 3717 in
2958 3664 3162 3733 templo
3195 3674 3387 3720 contra
3415 3669 3640 3723 vetitum

372 3760 748 3818 collocandam
775 3771 998 3813 curasse
1026 3771 1039 3807 :
1071 3769 1193 3826 quae
1221 3768 1310 3808 res
1335 3753 1514 3824 magni
1549 3753 1811 3808 tumultus
1837 3753 2230 3825 seditionisque
2251 3753 2564 3810 Judzeorum
2595 3769 2761 3810 causa
2786 3754 2906 3810 fuit.
2926 3755 3064 3812 Hinc
3091 3768 3272 3814 autem
3301 3776 3640 3818 summorum

374 3857 458 3911 vis
481 3855 748 3909 malorum
775 3850 1059 3906 Judaicam
1092 3856 1307 3921 gentem
1337 3850 1623 3920 corripuit.

449 3988 953 4060 Hierosolyinitana‘.
967 3987 1153 4060 Eccle-
1530 3986 1606 4060 ἓξ
1815 3986 1887 4060 eo

2096 3986 2170 4060 ξς)
2412 3987 2446 4043 9
2658 3988 2728 4060 {56
2929 3990 3086 4047 Philo
3122 3991 3528 4053 Alexandrinus
3557 4000 3640 4053 vir

376 4057 716 4142 sizeprimus;
742 4073 999 4142 manuum
1039 4058 1143 4110 im-
2864 4062 3181 4134 ingeniosus
3193 4075 3245 4118 et
3266 4065 3462 4123 doctus
3480 4085 3642 4142 agno-

374 4126 645 4199 posiiione
672 4131 738 4183 ah
765 4128 1024 4199 aposmlis
1053 4143 1138 4181 re-
1529 4127 1598 4180 37
1808 4128 1880 4182 22
2090 4126 2162 4182 22
2378 4130 2438 4182 11
2657 4131 2726 4185 38
2862 4126 3138 4189 scéoatur.

375 4197 532 4274 cepit
554 4197 933 4274 episcopatum
979 4197 1139 4251 Jaco-

375 4269 481 4328 1]υέ
514 4269 683 4327 frater
720 4269 957 4325 Domini.

445 4409 578 4466 Post
632 4406 834 4477 Abgari
878 4405 1086 4459 obitum
1129 4403 1223 4473 qui
1267 4403 1324 4457 in
1357 4409 1760 4458 sacramentum
1799 4410 2050 4459 nostrum
2091 4411 2467 4468 concesserat,
2512 4403 2766 4458 bifariam
2807 4405 3045 4464 divisum
3091 4418 3177 4464 est
3218 4425 3449 4480 regnum
3495 4410 3638 4480 ejus.

374 4503 551 4561 Filius
603 4504 862 4559 nimirum
913 4501 1033 4570 ejus
1089 4499 1315 4554 Ananus
1364 4505 1554 4569 regnat
1612 4497 1848 4554 Edessam
1903 4498 2239 4554 Sanatruces
2301 4506 2485 4554 autem
2541 4503 2749 4556 sororis
2786 4501 3032 4571 ejusdem
3081 4503 3228 4559 filius
3272 4504 3330 4558 in
3377 4504 3639 4559 Armenia

377 4601 582 4668 majore
611 4613 631 4650 :
669 4595 764 4666 qui
794 4591 1013 4665 quidem
1047 4590 1363 4662 pradicanti
1401 4589 1674 4646 Thaddzeo
1711 4590 1982 4661 credidit;
2013 4606 2140 4646 mox
2183 4592 2286 4647 fide
2323 4591 2560 4663 abjecta,
2601 4594 2911 4663 apostolum
2959 4593 3236 4666 filiamque
3265 4593 3640 4650 Sanduchtam

355 4741 362 4750 .
378 4690 675 4748 interemit.

2690 4822 3151 4881 SANATRUCES
3180 4809 3341 4884 annis
3365 4842 3497 4882 xxx.

451 4941 686 5022 {\ddaeus
725 4938 978 5022 .Edessg
1023 4955 1161 5022 prae:
1227 4942 1372 5013 204
1546 4939 1615 4994 58
1827 4937 1901 4993 25
2111 4936 2184 4993 25
2401 4937 2468 4994 12
2719 4937 2745 4991 1

382 5014 469 5068 snl
514 5010 776 5084 martyrio
821 5010 1160 5084 afﬁcit‘iirgab

379 5083 580 5152 Abgari
603 5075 716 5151 ja'm
742 5081 999 5136 exstincti
1027 5080 1155 5134 filio.
1552 5151 1555 5152 ν
1590 5149 1608 5152 _
1721 5075 1931 5152 GAI‘US
1969 5077 2139 5152 annis
2165 5095 2252 5152 iv.

456 5148 652 5207 Petrus
707 5153 987 5222 apostolus
1047 5152 1160 5221 pri-
1548 5149 1616 5205 59
1867 5149 1889 5182 ν

1117 5152 1160 5204 i-
1548 5149 1616 5205 59
1867 5149 1889 5182 ν
2112 5148 2185 5204 24
2400 5151 2470 5205 15
2714 5148 2751 5202 2

380 5238 530 5277 mum
549 5223 944 5276 Antiochenam
968 5223 1157 5276 Eccle-

382 5296 521 5347 siam
573 5293 781 5374 stabilit
819 5309 831 5344 :
870 5308 997 5347 mox
1025 5291 1155 5374 “lio-‘-
1556 5364 1610 5374 η
1863 5363 1896 5374 Α
2117 5289 2427 5374 ΔβΒΙΡΡρ
2448 5290 2618 5374 _annis
2651 5304 2749 5374 VII;

385 5378 526 5416 niam
561 5361 864 5433 profectus,
892 5364 1152 5432 praedicat
1542 5364 1614 5418 40
1862 5363 1900 5417 2
2151 5363 2176 5415 1
2405 5362 2470 5416 14
2720 5362 2758 5416 5

385 5433 1062 5531 ἱ¹1Ἦῗ¹¹ἐλέἒὶ¹¹Ξ⁵ἑίξὲι¹ξί¹υθ
1093 5449 1151 5488 δε
1232 5463 1373 5531 205
1544 5434 1614 5531 l3.
1863 5435 1898 5531 ξ
2146 5433 2183 5531 Ξ
2397 5432 2471 5531 2.?
2718 5433 2754 5531 ξ

382 5503 521 5572 gerit
560 5503 720 5559 annis
749 5518 818 5558 xx
841 5501 990 5577 (51)(
1234 5501 1373 5531 θυυ
1543 5506 1615 5558 42
1863 5505 1898 5559 4

1234 5501 1373 5531 ‘U"
1543 5506 1615 5558 42
1863 5505 1898 5559 4
2149 5503 2184 5558 ὅ
2397 5501 2466 5557 16
2720 5504 2753 5559 5

458 5749 569 5832 (ἐξ)
596 5751 1006 5832 ξυεθὶρηιιςιειι.
1076 5823 1125 5832 __
1630 5821 1698 5832 __
1737 5822 1764 5832 _
2138 5751 2251 5823 (5|)
2278 5751 2356 5832 fta
2375 5759 2462 5807 est
2489 5753 2656 5812 etiam
2687 5755 2830 5824 apud
2855 5754 3147 5814 Eusebium
3181 5755 3240 5813 in
3269 5755 3423 5815 Arm.
3458 5758 3648 5815 codice

457 5821 571 5895 (50)
605 5821 899 5880 Recolatur
930 5822 1221 5893 Eusebius,
1263 5825 1358 5881 lib.
1399 5841 1436 5894 ι,
1473 5839 1596 5895 cap.
1630 5821 1701 5879 36
1733 5822 1826 5879 lin.
2065 5821 2165 5894 pro
2199 5824 2354 5878 anni:
2377 5839 2513 5886 xxv.
