4142 6400
397 436 495 492 661
1102 439 1444 495 SAMUELIS
1476 437 1792 494 ANIENSIS
1831 436 2167 492 SUMMARH
2206 436 2590 492 TEMPORUM
2625 434 2808 490 PARS
2856 435 2920 490 11.
3522 430 3631 486 662

1341 697 1530 738 οωιιιι».
1595 695 1828 737 CHRISTI.
1924 696 2052 738 BOI.
2201 696 2350 736 PERS.
2485 696 2609 735 ΔΒΗ.

1883 838 2094 895 Probus
2191 841 2342 892 Arta-
2460 838 2636 892 Anar-

2200 910 2338 965 sires
2491 909 2614 963 chia

2457 1032 2665 1045 ..ι-

1338 1033 1550 1044 —_—-
1618 1035 1827 1047 *-
1895 1033 2104 1044 ——.—-
2175 1033 2384 1044 ——_—

1909 1116 2181 1173 PROBUS
2206 1119 2363 1174 annis
2393 1134 2487 1173 νιι.

469 1264 815 1342 Alexandria:
882 1285 952 1324 xv
1020 1285 1310 1342 episcopus
1385 1328 1516 1342 ΛΜ
1665 1271 1763 1342 281
2019 1275 2045 1325 1
2264 1272 2333 1326 58
2548 1271 2614 1324 19

399 1335 654 1395 Theonas
693 1339 851 1394 annis
882 1356 996 1394 nx.
1053 1328 1071 1341 ⁸
1207 1328 1226 1342 ⁸
1384 1328 1522 1397 265
1663 1341 1771 1395 282
2015 1343 2035 1395 S

979 1377 996 1394 .
1053 1328 1071 1341 ‘
1207 1328 1226 1342 ‘
1384 1328 1522 1397 265
1663 1341 1771 1395 282
2015 1343 2051 1395 2
2263 1342 2332 1395 59
2543 1342 2615 1396 20

469 1407 773 1465 Antiochia:
803 1426 915 1464 xvn
946 1411 1203 1482 Cyrillus.
1664 1410 1770 1482 285
2017 1413 2051 1465 5
2263 1412 2332 1465 40
2545 1411 2606 1482 21

1663 1481 1769 1535 284
2017 1482 2052 1534 4
2262 1482 2324 1535 41
2543 1481 2613 1534 22

1662 1549 1769 1606 285
2015 1551 2048 1605 5
2260 1550 2331 1604 42
2541 1549 2612 1603 25
2803 1547 3017 1606 Vesana
3044 1547 3458 1604 Manichaeorum
3486 1556 3634 1600 secta

1387 1613 1528 1684 266
1660 1619 1768 1674 286
2014 1621 2048 1673 6
2259 1621 2329 1674 45
2539 1619 2611 1674 24
2731 1620 2786 1675 in
2845 1619 3128 1675 hominum
3184 1615 3634 1674 consuetudinem

1659 1690 1767 1746 287
2017 1689 2050 1742 7
2259 1691 2329 1744 44
2538 1689 2610 1745 25
2733 1691 2970 1762 irrepsit.

1925 1825 2158 1884 CABUS
2177 1843 2300 1884 cum
2330 1827 2454 1882 [iliis
2483 1828 2598 1883 suis

2011 1898 2212 1952 Carino
2274 1905 2329 1952 et
2381 1897 2602 1952 NUME-

2019 1966 2232 2023 ΒΙΑΝο
2262 1968 2420 2023 annis
2449 1984 2509 2022 ιι.

1653 2119 1760 2176 288
2011 2122 2034 2175 1
2254 2122 2327 2177 45
2539 2122 2610 2176 26

1652 2189 1760 2245 289
2008 2191 2044 2244 2
2254 2191 2325 2246 46
2539 2193 2611 2245 27

475 2346 607 2401 Dum
645 2346 822 2401 Carus
861 2345 1205 2400 occumberet
1236 2344 1292 2399 in
1324 2329 1730 2415 Mesopotamia,
1758 2342 2125 2400 Numerianus
2159 2345 2289 2401 item
2329 2347 2491 2415 periit
2525 2347 2579 2400 in
2608 2345 2861 2410 Thracia,
2891 2336 3104 2401 necnon
3132 2346 3367 2400 Carinus
3422 2345 3477 2399 in
3508 2359 3644 2414 pra:-

403 2440 476 2494 lio
509 2440 772 2496 adversus
802 2439 1128 2496 Cornacum.

473 2556 651 2628 Magni
691 2558 952 2614 Chosrois
984 2557 1156 2627 patris
1189 2553 1450 2612 Tiridatis
1479 2557 1761 2628 copiarum
1791 2557 1902 2612 dux
1931 2574 2180 2615 summus
2204 2559 2507 2625 Cornacus,
2542 2559 2636 2630 qui
2675 2560 2839 2614 vitam
2870 2559 2937 2615 ad
2963 2574 3163 2614 annum
3189 2574 3289 2612 cu
3320 2555 3645 2629 produxisse

403 2653 622 2715 dicitur,
648 2653 788 2718 visu,
813 2653 1022 2717 auditu,
1051 2651 1284 2721 capillis,
1309 2649 1565 2707 dentibus
1593 2669 1765 2723 usque
1787 2653 1855 2707 ad
1878 2652 2082 2708 obitum
2114 2654 2361 2724 integris,
2387 2653 2623 2723 itemque
2645 2654 2853 2710 viribus
2881 2655 3128 2724 corporis
3152 2651 3484 2722 juvenilibus
3507 2648 3641 2718 (7i).

403 2744 504 2798 Hic
530 2744 801 2799 Caasarem
837 2745 1057 2809 Carum,
1090 2745 1183 2814 qui
1212 2742 1408 2798 cecidit
1435 2743 1491 2796 in
1526 2759 1706 2814 pugna
1736 2758 1861 2797 cum
1893 2743 2027 2809 ﬁlio,
2060 2745 2367 2800 debellavit.

475 2861 750 2917 Hactenus
780 2863 898 2916 sine
927 2861 1266 2917 dubitatione
1295 2860 1660 2919 decurrimus.
1689 2861 1923 2917 ducibus
1957 2872 2107 2918 certa
2150 2863 2477 2918 auctoritate
2525 2862 2806 2918 codicibus
2849 2876 3185 2917 summorum
3213 2875 3352 2931 quos
3391 2867 3516 2914 ante
3547 2875 3648 2928 ap-

406 2958 727 3027 pellavimus
764 2958 1169 3028 magistrorum.
1224 2955 1361 3010 Exin
1397 2956 1467 3010 ob
1504 2970 1590 3020 ea,
1630 2973 1752 3027 quae
1790 2966 1979 3014 nostro
2009 2959 2207 3013 tractui
2243 2958 2492 3013 addenda
2536 2966 2853 3028 supersunt,
2884 2955 3035 3012 curis
3070 2964 3231 3024 atque
3276 2953 3649 3024 perplexitati-

408 3055 512 3109 bus
549 3061 844 3109 :estmmus
869 3094 884 3118 ,
929 3064 1214 3124 propterea
1247 3053 1393 3124 quod
1434 3051 1713 3122 juniorum
1761 3054 2148 3110 historicorum
2195 3053 2484 3110 dissidium
2515 3062 2635 3117 est,
2671 3069 2901 3124 quorum
2937 3053 3028 3107 alii
3059 3053 3236 3122 plura,
3269 3051 3361 3106 alii
3392 3049 3648 3119 pauciora

409 3151 767 3220 scripserunt,
801 3151 886 3204 vel
913 3150 1134 3204 omnino
1160 3149 1446 3204 siluerunt.
1481 3148 1590 3204 Nos
1623 3158 1804 3205 tamen
1835 3150 2195 3206 sinceriorum
2230 3149 2475 3220 vestigiis
2499 3151 2839 3214 insistentes,
2878 3163 3272 3220 persequamur
3308 3162 3408 3217 pro
3438 3145 3650 3201 viribus

410 3243 689 3298 veritatem
725 3263 737 3297 :
771 3251 933 3313 atque
962 3245 1195 3314 primum
1229 3242 1488 3300 Tiridatis
1527 3260 1728 3298 annum
1763 3261 1886 3299 cum
1913 3246 2083 3301 altero
2130 3245 2450 3301 Diocletiani
2493 3237 2638 3300 ann'o
2667 3245 2734 3300 de
2765 3245 3030 3301 sententia
3076 3243 3238 3300 Mosis
3270 3241 3650 3297 Armeniorum

410 3336 650 3391 historici
682 3351 1092 3405 componamus,
1122 3353 1228 3391 non
1275 3353 1397 3392 cum
1435 3355 1577 3394 nono
1605 3339 1687 3394 vel
1718 3339 1893 3408 primo
1923 3349 2086 3410 prout
2116 3340 2236 3395 aliis
2264 3338 2590 3410 quibusdam
2622 3338 2842 3408 placuit.
2884 3335 3003 3391 Jam
3035 3334 3297 3405 Saporem
3329 3331 3556 3388 Persam
3601 3333 3649 3386 si

411 3443 586 3484 annos
627 3444 798 3482 Lxxnt
844 3445 1102 3498 regnasse
1147 3432 1362 3497 credas,
1395 3433 1464 3488 ab
1496 3433 1782 3489 interfecto
1811 3434 2055 3491 Chosroe
2087 3434 2481 3491 exordiendum
2511 3444 2616 3498 est,
2647 3443 2760 3488 tum
2787 3441 2840 3488 et
2873 3432 3001 3486 anni
3047 3445 3171 3486 ιιινι
3217 3427 3651 3498 contemporales

413 3520 639 3575 Tiridati
667 3521 890 3590 putandi
925 3531 1074 3585 sunt,
1106 3522 1179 3576 ita
1213 3531 1271 3576 ut
1295 3539 1468 3579 annos
1497 3525 1718 3595 quidem
1749 3543 1897 3582 xxvn
1928 3529 2238 3598 regnaverit
2277 3543 2400 3582 cum
2432 3527 2681 3582 Artasire
2709 3534 2862 3597 patre
2895 3523 3210 3595 superstite,
3243 3523 3481 3592 reliquos
3527 3532 3651 3572 xui

413 3626 535 3688 post
563 3617 727 3687 hujus
759 3618 966 3673 obitum
1006 3639 1017 3674 :
1070 3626 1234 3689 atque
1275 3624 1378 3675 hac
1419 3622 1627 3678 ratione
1659 3638 1924 3680 canonem
1968 3633 2217 3687 nostrum
2266 3625 2332 3680 ad
2375 3639 2540 3680 aeram
2596 3638 2769 3693 usque
2809 3621 3225 3686 Armeniorum,
3266 3618 3374 3673 Deo
3409 3615 3650 3686 auspice,

414 3708 720 3780 digeremus
749 3711 984 3766 certiora
1020 3727 1051 3767 c
1074 3713 1322 3782 plurimis
1354 3723 1736 3786 praeoptantes.

1949 3897 2453 3955 DIOCLETIANUS
2477 3913 2546 3952 an
2573 3915 2662 3952 xx.

1405 4054 1547 4125 267
1676 4053 1782 4110 290
2028 4055 2056 4109 ι
2242 4055 2357 4128 [271
2448 4052 2714 4126 [27102)

2259 4230 2481 4287 SAPOR
2509 4231 2669 4286 annis
2700 4246 2841 4284 XLVI.

2449 4409 2838 4481 LTIRIDATES
2869 4410 3028 4465 annis
3055 4425 3162 4462 ινι.

492 4589 717 4660 MamgoA
735 4587 1062 4644 Genensium
1093 4589 1202 4660 (75)
1237 4602 1326 4660 sa-
1675 4589 1775 4646 291
2030 4592 2066 4646 2

2030 4592 2066 4646 2
2315 4592 2338 4643 1
2599 4591 2621 4643 1
2821 4590 3055 4644 Sanctus
3085 4587 3380 4660 Gregorius
3420 4586 3655 4642 crudeli-

419 4669 572 4729 trapa
601 4659 667 4712 ad
693 4658 889 4714 Persas
934 4658 1327 4731 aufugit,'inde
1676 4660 1784 4714 292
2029 4662 2066 4717 5
2311 4662 2346 4713 2
2593 4661 2629 4713 2
2750 4669 2832 4715 ter
2890 4661 3235 4714 excruciatus
3299 4658 3354 4710 in
3433 4667 3657 4728 puteum

419 4746 546 4770 vnrn
593 4728 656 4770 ml
716 4730 996 4770 Armonine
1030 4755 1041 4765 -
1097 4747 1158 4770 mr
1212 4745 1322 4770 mm
1675 4731 1784 4770 993
2028 4731 2065 4770 Α
2312 4732 2345 4770 3
2594 4732 2628 4770 Ξ
2748 4731 3128 4770 damnatorum
3154 4727 3434 4770 nnnieolnc
3467 4735 3570 4770 ρςικ

417 4728 546 4784 vero
591 4728 659 4783 ad
709 4730 996 4785 Armenios
1030 4755 1043 4789 :
1073 4728 1163 4785 'ex
1212 4745 1322 4799 quo
1675 4731 1784 4786 295
2028 4731 2065 4785 4
2312 4732 2345 4782 5
2594 4732 2628 4782 5
2748 4731 3129 4784 damnatorum
3154 4728 3434 4798 conjectus
3467 4735 3571 4783 est.

417 4799 741 4876 Mamicunia
766 4807 974 4876 genset
998 4801 1321 4876 praefectura
1397 4785 1538 4854 268
1676 4799 1783 4876 294
2311 4800 2345 4876 ξ
2593 4801 2627 4876 4

418 4871 557 4938 apud
593 4886 694 4926 nos
724 4870 942 4927 nobilis.
1000 4870 1018 4876 ’
1676 4870 1784 4926 295
2030 4871 2064 4924 6
2313 4870 2346 4923 5
2593 4870 2627 4924 5

1676 4940 1784 4994 296
2033 4941 2066 4994 7
2311 4940 2344 4992 6
2593 4940 2626 5010 6
2826 4941 2932 4995 Rrs
2974 4940 3231 5010 praeclare
3261 4947 3426 5009 gesta:
3456 4953 3493 5010 a_
3513 4936 3656 4990 Tiri-

1675 5010 1784 5064 297
2030 5011 2064 5064 8
2315 5010 2346 5062 7
2596 5009 2628 5062 7
2746 5014 2873 5067 date
2905 5008 3207 5079 in'Pcrside
3231 5008 3286 5062 et
3310 5008 3532 5079 Assyria
3559 5023 3658 5060 λιι-ο

1394 5127 1434 5174 ί)
1675 5080 1781 5134 298
2028 5081 2062 5133 9
2312 5081 2344 5132 8
2593 5080 2626 5132 8
2747 5092 2966 5152 tequam
2992 5080 3114 5134 tidei
3142 5077 3444 5148 discipulus
3481 5077 3653 5132 ﬁeret.

1397 5126 1534 5194 -69
1675 5149 1781 5194 999
1995 5151 2063 5194 to
2312 5151 2345 5194 ς)
2593 5150 2626 5194 9
2824 5151 3087 5194 Acohnnia
3114 5149 3440 5194 Aschadaris
3466 5148 3653 5194 Alano-

1397 5148 1534 5194 ZO‘J
1675 5149 1781 5223 299
1995 5151 2063 5203 10
2312 5151 2345 5202 9
2593 5150 2626 5202 9
2817 5148 3088 5206 Aschenia
3110 5149 3440 5204 Aschadaris
3463 5148 3660 5201 Alano-

1678 5223 1781 5290 Ξο0
1998 5221 2052 5272 11
2277 5223 2345 5274 10
2559 5220 2627 5274 10
2752 5240 2870 5277 rum
2901 5222 3044 5290 regis
3067 5219 3177 5290 filia
3200 5219 3428 5274 Tiridati
3459 5219 3513 5272 in
3540 5231 3657 5270 ma-

1676 5289 1773 5343 501
1992 5289 2061 5344 12
2283 5290 2338 5344 11
2557 5293 2582 5345 1
2595 5291 2620 5341 1
2746 5289 3062 5346 trimonium
3080 5289 3310 5344 collocat

2025 5289 2061 5343 2
2283 5290 2338 5344 11
2557 5293 2582 5345 1
2595 5291 2620 5341 1
2746 5289 3062 5346 trimonium
3080 5289 3343 5344 collocata
3361 5293 3658 5343 coronatur

487 5359 673 5434 Romae
691 5363 1162 5434 xxvmepiscopus
1183 5361 1325 5416 Mar-
1393 5357 1534 5425 270
1676 5359 1780 5434 οξρὲ
1992 5361 2060 5434 15
2278 5361 2344 5434 12
2560 5359 2626 5434 12
2746 5365 2930 5434 regina
2962 5359 3477 5415 Armeno-Arsacia.

417 5431 644 5488 cellinus
673 5434 832 5488 annis
867 5429 923 5490 ιζ
1060 5429 1079 5434 ”
1676 5429 1780 5484 505
1992 5430 2053 5484 14

1060 5429 1079 5434 “
1676 5429 1780 5484 505
1992 5430 2060 5484 14
2277 5432 2344 5484 15
2558 5431 2624 5484 15

486 5631 598 5713 (7i)
638 5630 922 5687 Undenam
950 5633 1063 5687 haec
1083 5631 1150 5686 de
1169 5632 1415 5687 Cornaco
1440 5629 1732 5713 sumpserit
1763 5630 1981 5712 Stamuel
2157 5631 2268 5754 (πθ
2311 5631 2485 5716 Super
2514 5632 2614 5712 hac
2644 5649 2702 5689 re
2732 5633 2991 5715 legendus
3016 5631 3201 5712 Moses.
3220 5630 3385 5712 Chor.
3427 5627 3569 5710 Hist:
3595 5642 3662 5696 ιι,

486 5711 611 5754 trito
647 5703 1018 5754 quaerendum.
1051 5700 1294 5754 Namnue
1329 5701 1696 5754 Clmrenensrs
1732 5700 1871 5754 Hist.
1906 5716 1980 5754 ιι.
2087 5704 2172 5754 78.
2271 5719 2300 5754 e
2351 5702 2670 5754 (.enenstbus
2728 5706 3039 5754 Smensmm
3111 5703 3359 5754 ﬁnitimis
3418 5700 3661 5754 locuntur

417 5700 611 5772 merito
647 5703 1018 5770 quaerendum.
1051 5700 1294 5771 Namque
1329 5701 1696 5772 Cliorenensis
1732 5700 1871 5755 Hist.
1906 5716 1980 5766 ιι,
2087 5704 2172 5758 78.
2226 5700 2300 5757 De
2351 5700 2670 5756 (fenensibus
2728 5700 3039 5758 Sinensium
3111 5702 3359 5758 ﬁnitimis
3418 5700 3661 5772 loquitur

419 5771 671 5844 76,Anihi_l
701 5780 895 5844 praeter
931 5788 1126 5844 nomen
1157 5772 1388 5828 Cornaci
1419 5771 1627 5827 scribit.
1934 5843 1939 5844 ί
2086 5774 2262 5830 Moses
2291 5775 2452 5829 etiam
2484 5773 2536 5826 in
2562 5772 2746 5844 Ceogr.
2782 5789 2902 5844 cap.
2935 5775 3021 5828 95.

486 5842 598 5912 (72)
641 5841 714 5896 Ita
752 5852 835 5898 est
868 5843 920 5898 in
951 5841 1156 5899 codice.
1933 5843 1940 5848 ’
