4142 6400
421 471 523 530 631
1422 467 1766 529 APPENDLX
1804 468 1896 524 AD
1934 469 2057 525 EUS

2044 467 2202 524 sum
2235 467 2664 541 cnnomcom
3575 473 3680 527 ses

506 609 613 668 Per
648 610 817 669 hosce
846 611 964 668 dies
994 611 1257 667 inclaruit
1286 611 1412 667 falsi
1448 611 1728 682 prophetae
1779 582 2185 667 Saracenorum
2246 609 2648 680 manifestatio,
2675 608 2926 666 Cerinthi
2961 615 3126 679 atque
3163 606 3494 663 Arianorum
3527 624 3679 665 assc-

424 703 544 767 clae,
580 706 670 758 cui
701 720 900 760 nomen
931 704 1294 772 Mahumetus,
1326 715 1486 776 gente
1535 705 1846 770 lsmaelitas,
1877 705 1972 759 lilii
1998 704 2217 776 Agaris,
2249 705 2342 775 qui
2369 712 2709 776 praceptore
2730 709 2976 759 ususest
3003 702 3252 758 solitario
3274 704 3394 756 viro
3423 702 3680 772 quodam,

424 795 649 851 nomine
678 795 929 862 Bechira,
961 807 1109 852 secta
1139 795 1363 862 Ariano,
1403 795 1556 851 Sinai
1586 797 1789 852 deserti
1831 795 2009 851 incola
2050 812 2063 867 ;
2097 812 2259 866 quem
2289 796 2351 850 in
2390 796 2568 850 locum
2599 794 2854 849 videlicet
2882 791 3218 849 conﬂuentes
3253 791 3544 849 Ismaelitw
3574 809 3679 847 nu-
3766 855 3778 871 ¹

423 901 577 941 mero
610 889 757 942 aucti
781 895 930 953 sunt,
959 905 1026 944 ex
1053 903 1162 960 quo
1194 897 1442 960 tempore
1470 887 1608 944 Sara
1635 889 1889 944 ancillam
1927 903 2085 944 suam
2111 887 2346 959 Agarem
2375 888 2604 959 expulit.

496 1005 862 1064 Constantino
894 1007 1130 1064 Heraclii
1194 1009 1306 1062 filio
1355 1018 1618 1080 regnante
1671 1016 1831 1079 capta
1862 1023 1891 1062 a
1922 1007 2218 1064 Saracenis
2291 1007 2515 1070 Dei-ina,
2559 1015 2621 1062 ut
2649 1007 2869 1078 quidam
2917 1007 2993 1061 ait
3026 1005 3346 1072 historicus,
3394 1005 3680 1061 interfecta

428 1107 559 1152 sunt
587 1099 726 1155 festo
757 1101 845 1156 die
876 1099 1194 1171 Epiphaniae
1225 1102 1280 1155 in
1316 1098 1502 1155 Sancti
1540 1099 1714 1171 Sergii
1742 1101 1857 1156 aade
1890 1100 2181 1156 duodecim
2211 1100 2384 1153 millia
2413 1099 2714 1164 hominum,
2745 1099 2816 1153 ita
2853 1106 2912 1152 ut
2935 1114 3205 1154 caesorum
3230 1099 3493 1170 sanguine
3523 1113 3679 1153 sacra

425 1206 611 1246 mensa
626 1193 1041 1262 etbaptismatis
1075 1193 1196 1249 fons
1225 1193 1599 1248 redundarent
1635 1215 1648 1248 :
1686 1195 1920 1248 abducta
1948 1209 2078 1249 vero
2103 1194 2157 1248 in
2181 1193 2552 1264 captivitatem
2577 1201 2704 1248 sunt
2733 1194 2855 1263 plus
2883 1193 3106 1267 triginta
3128 1195 3369 1264 quinque
3403 1194 3681 1250 hominum

425 1285 618 1340 millia.
663 1285 786 1340 Mox
818 1303 1051 1356 corpora
1082 1303 1292 1353 eorum,
1329 1289 1421 1359 qui
1463 1289 1567 1343 hoc
1602 1290 1744 1345 bello
1775 1290 2108 1357 ceciderant,
2143 1290 2362 1360 collegit
2403 1289 2604 1344 Nerses
2647 1290 2985 1360 patriarcha,
3023 1299 3186 1361 atque
3215 1291 3270 1344 in
3313 1289 3498 1344 eadem
3526 1305 3680 1343 sacra

423 1375 558 1438 aede,
587 1392 752 1446 quam
784 1378 995 1440 refecit,
1030 1380 1349 1433 collocanda
1372 1380 1606 1433 curavit.

493 1490 748 1547 Jamvero
778 1492 1117 1550 lsmaeliticm
1148 1497 1326 1567 gentis
1351 1512 1448 1551 rex
1478 1496 1667 1552 eadem
1696 1496 1748 1550 in
1783 1495 1919 1550 urbe
1959 1494 2141 1550 sedem
2174 1492 2324 1559 fixit;
2358 1494 2568 1565 primus
2599 1494 2825 1566 quidem
2857 1495 3076 1550 nomine
3099 1494 3452 1561 Cbalarthus,
3483 1495 3550 1551 de
3572 1511 3682 1567 quo

423 1585 744 1640 vaticinium
779 1601 935 1641 sacra
968 1588 1145 1643 Biblia
1175 1590 1512 1650 cecinerunt,
1548 1587 1664 1643 fore
1713 1589 1922 1644 scilicet
1952 1598 2010 1642 ut
2042 1587 2436 1643 Cbalartalabii
2466 1588 2588 1658 (25)
2619 1589 2854 1660 populus
2887 1587 3098 1660 gladios
3125 1603 3256 1644 suos
3284 1604 3481 1644 cruore
3531 1598 3683 1645 satu-

422 1689 591 1736 raret.
627 1681 727 1738 Hic
752 1695 878 1739 octo
932 1693 1055 1756 post
1093 1701 1268 1743 annos
1299 1687 1434 1742 obiit
1471 1703 1484 1753 ς
1519 1687 1902 1757 successitque
1942 1687 2256 1744 Amaranus
2286 1689 2452 1744 annis
2495 1704 2596 1742 χιι.
2639 1687 2745 1745 Sed
2805 1689 2949 1744 enim
2984 1689 3073 1744 ille
3113 1687 3442 1745 Chalarthus
3485 1688 3682 1745 Dama-

431 1790 586 1828 scum
618 1792 792 1846 usque
819 1793 1146 1850 progressus
1174 1779 1370 1842 fuerat,
1395 1786 1450 1834 et
1475 1778 1530 1833 in
1563 1778 1953 1848 Mesopotamia
1982 1779 2231 1833 Amidam
2258 1781 2446 1836 urbem
2471 1779 2682 1834 infinita
2709 1780 3011 1850 direptione
3040 1789 3372 1836 vastaverat.
3396 1781 3533 1836 Exin
3567 1791 3682 1838 tres

423 1867 592 1923 duces
624 1870 791 1925 alium
822 1872 932 1926 alio
965 1873 1284 1937 dimiserat;
1319 1875 1372 1928 in
1392 1873 1612 1928 Graecas
1643 1873 1862 1943 quidem
1890 1873 2203 1942 provincias
2248 1872 2427 1930 Jalum
2462 1874 2576 1946 (24)
2597 1891 2692 1930 seu
2734 1873 2962 1943 Joelem,
2997 1876 3089 1947 qui
3121 1875 3434 1931 Graecorum
3466 1888 3684 1948 septua-

421 1960 573 2030 ginta
600 1962 772 2016 millia
809 1965 1039 2031 cecidit;
1069 1966 1124 2020 in
1148 1965 1431 2022 Persidem
1464 1983 1594 2023 vero
1626 1964 1957 2022 Othmanum
1985 1967 2226 2024 Amiram
2263 1967 2312 2022 M
2329 1969 2669 2039 aviazumque
2695 1971 2980 2034 copiarum
3011 1969 3228 2035 ducem,
3260 1971 3353 2042 qui
3387 1971 3687 2027 debellave-

423 2064 554 2108 runt
581 2055 774 2126 viginti
801 2057 950 2112 mille
982 2058 1244 2131 Myrdatis
1278 2061 1502 2125 milites,
1536 2061 1778 2130 itemque
1809 2059 2195 2115 Armeniorum
2232 2061 2430 2116 ducem
2481 2061 2740 2118 Musaeum
2773 2078 2894 2116 cum
2928 2063 3044 2119 suis
3070 2064 3348 2134 equitibus
3379 2082 3394 2119 :
3426 2073 3588 2135 atque
3609 2064 3686 2120 ita

422 2145 653 2218 contigit
687 2146 1058 2216 utArmeniis,
1089 2148 1293 2216 Persis,
1337 2150 1510 2222 Syris,
1547 2149 1842 2221 Egyptiis,
1871 2148 2062 2215 Medis,
2098 2148 2319 2210 Parthis
2354 2159 2407 2207 et
2437 2150 2745 2210 Palaestinis
2768 2154 3097 2224 potirentur.

493 2262 615 2316 Jam
646 2280 835 2329 causa,
865 2267 1221 2336 quamobrem
1252 2268 1307 2321 bi
1336 2266 1618 2324 consecuti
1645 2274 1776 2322 sunt
1807 2265 2169 2331 dominatum,
2203 2267 2475 2334 ejusmodi
2502 2268 2602 2322 fuit
2633 2289 2646 2324 :
2674 2269 2939 2341 Princeps
2973 2271 3191 2342 quidam
3223 2272 3572 2330 Damascena:
3600 2289 3686 2328 re-

421 2355 600 2424 gionis
634 2354 857 2426 Sergius
893 2358 1036 2412 haud
1083 2357 1296 2412 modica
1345 2375 1405 2414 re
1448 2367 1781 2413 mercatores
1806 2356 2159 2413 lsmaeliticos
2203 2357 2511 2428 spoliabat:
2540 2359 2873 2416 Chalarthus
2909 2369 3112 2428 autem,
3143 2378 3267 2417 cum
3301 2378 3444 2432 saepe
3483 2364 3549 2418 de
3594 2363 3683 2418 bis

426 2449 642 2518 injuriis
675 2453 1101 2521 expostulasset,
1138 2468 1238 2508 nec
1269 2453 1360 2507 ille
1379 2453 1448 2507 ab
1469 2452 1686 2524 ingenio
1719 2450 2006 2514 decederet
2026 2490 2040 2516 ,
2081 2451 2150 2514 ad
2174 2461 2484 2507 extremum
2519 2454 2765 2511 collectis
2788 2454 2970 2526 gentis
2993 2471 3107 2511 suae
3137 2456 3485 2526 pedestribus
3514 2471 3682 2528 eque-

425 2540 743 2610 stribusque
774 2541 950 2610 copiis
988 2549 1072 2595 ter
1100 2543 1516 2613 impressionem
1554 2542 1610 2596 in
1634 2542 1846 2596 hostem
1878 2540 2028 2606 fecit,
2064 2557 2244 2612 neque
2267 2557 2324 2596 re
2349 2558 2447 2597 sua
2474 2552 2684 2616 tantum
2708 2546 2914 2615 potitus
2936 2551 3040 2612 est,
3069 2564 3255 2604 verum
3283 2549 3448 2604 etiam
3467 2549 3680 2604 aliena:

425 2647 599 2703 quare
627 2643 681 2688 et
708 2633 762 2688 in
795 2634 1111 2689 Armeniam
1137 2635 1374 2698 delatus,
1407 2635 1458 2688 vi
1497 2635 1803 2688 conabatur
1825 2635 2138 2704 religiosam
2164 2635 2468 2690 incolarum
2507 2635 2668 2692 fidem
2700 2637 3037 2694 subvertere.

497 2749 770 2806 Praeterea
799 2749 1204 2807 lsmaelitarum
1239 2767 1334 2806 rex
1369 2749 1666 2820 praedictus
1699 2750 2111 2819 conspirantem
2148 2764 2337 2806 secum
2377 2758 2573 2806 nactus
2603 2757 2688 2807 est
2720 2752 3008 2820 quemdam
3042 2754 3263 2810 nomine
3311 2753 3680 2812 Mahumetum

421 2844 812 2920 @gyptiorum
858 2854 1228 2901 mercatorum
1253 2845 1575 2915 principem.
1610 2843 1710 2899 llic
1743 2845 1925 2914 legum
1950 2843 2312 2899 Mosaicarum
2351 2845 2564 2902 modice
2595 2848 2828 2918 peritus,
2865 2850 2961 2904 sed
2997 2850 3112 2904 Arii
3141 2849 3498 2922 Cerintliique
3521 2865 3687 2909 sectae

423 2939 701 3004 addictus,
729 2939 823 3009 qui
847 2954 1075 3008 regnum
1109 2937 1376 2992 caelorum
1413 2951 1735 3006 corporeum
1765 2951 1891 2990 esse
1935 2935 2170 3000 dicebat,
2204 2937 2260 2991 in
2307 2953 2417 3007 quo
2446 2939 2658 2994 scilicet
2695 2940 2974 2996 terrestris
3015 2942 3173 2997 cibus
3206 2944 3416 3000 ventris
3456 2945 3682 3013 inesset,

426 3032 1031 3114 itemque‘connubium
1062 3037 1186 3100 post
1209 3030 1688 3084 resurrectionem.
1718 3027 1866 3083 idem
1901 3030 2046 3100 leges
2080 3031 2224 3085 inter
2253 3045 2313 3085 se
2345 3032 2655 3087 contrarias
2685 3033 2894 3098 docuit,
2926 3035 3152 3104 antiqua
3202 3036 3412 3092 scilicet
3455 3046 3508 3093 et
3543 3055 3684 3114 nova

422 3132 648 3189 statuta,
673 3107 915 3180 absurda
938 3123 1366 3178 comminisccns
1419 3130 1585 3193 atque
1619 3123 1913 3178 insolentia
1954 3123 2282 3194 praedicans,
2320 3125 2599 3196 nimisque
2633 3127 2979 3198 impudenter
3011 3129 3189 3185 fmdus
3223 3130 3356 3185 illud
3389 3107 3684 3189 Abrahami

421 3232 808 3288 corrumpens,
841 3233 951 3288 quo
982 3214 1196 3287 jussum
1233 3225 1318 3271 est
1354 3234 1370 3272 :
1411 3235 1430 3268 ‹
1469 3216 1672 3271 Marem
1713 3232 1930 3272 omnem
1980 3218 2125 3288 apud
2159 3234 2256 3273 vos
2279 3217 2690 3276 circumcidetis
2714 3230 2909 3275 octava
2940 3221 3028 3276 die
3056 3221 3264 3293 (Cenes.
3301 3239 3484 3288 xxxiv,
3514 3227 3622 3295 15);
3656 3245 3676 3278 ι

420 3315 540 3385 ipse
568 3322 748 3369 autem
779 3329 892 3368 non
917 3328 1096 3369 mares
1115 3320 1348 3378 tantum,
1376 3329 1565 3368 verum
1591 3313 1776 3380 etiam,
1808 3307 1946 3383 proli
1970 3313 2178 3383 pudor!
2211 3313 2455 3368 femellas
2485 3333 2498 3368 :
2527 3314 2873 3385 signaculum
2907 3314 3174 3370 Dominici
3203 3317 3427 3374 fmderis
3447 3319 3679 3375 violans.

424 3408 627 3462 Statuit
657 3408 883 3487 insuper
913 3416 972 3461 ut
1001 3423 1142 3476 aqua
1175 3415 1388 3461 tantum
1415 3407 1526 3479 (25)
1550 3409 1798 3462 lavarcnt
1823 3417 2086 3478 perpetuo
2109 3410 2162 3462 in
2194 3409 2343 3463 fonte
2367 3409 2714 3481 baptismatis
2747 3430 2760 3465 :
2787 3412 3098 3482 multasque
3118 3421 3381 3482 praeterea
3410 3415 3684 3471 absurdas

421 3504 694 3572 ejusmodi
725 3515 779 3558 et
811 3503 1037 3558 insanas
1065 3504 1290 3573 risuque
1314 3502 1510 3574 dignas
1533 3502 1964 3560 consuetudines
1997 3504 2204 3558 docuit.

493 3623 652 3680 llunc
684 3623 1060 3694 Mahumctum
1127 3640 1254 3679 cum
1310 3617 1414 3679 sibi
1463 3624 1830 3694 lcgislatorem
1859 3634 1913 3678 et
1941 3625 2226 3679 oraculum
2281 3627 2674 3697 copiarumque
2731 3627 2924 3681 ducem
2986 3625 3245 3682 Saraceni
3313 3625 3687 3696 praefecissem

421 3717 585 3773 annis
614 3733 708 3779 xx.
742 3732 960 3772 summo
991 3716 1207 3771 excidio
1272 3715 1686 3770 debellaverunt
1745 3715 2105 3782 Beznuniam,
2163 3715 2500 3772 Aleovidiam
2546 3725 2711 3788 atque
2745 3717 3040 3771 'l‘aroniam
3071 3717 3207 3789 (26).
3239 3718 3559 3786 Quanquam
3585 3733 3685 3788 po-

423 3819 634 3870 stremo
662 3812 1012 3868 Mahumetus
1042 3827 1170 3866 cum
1203 3810 1390 3867 fideles
1421 3811 1774 3867 obluctantes
1802 3819 1967 3866 sectae
2000 3827 2114 3866 suae
2142 3815 2513 3882 cognovisset,
2544 3813 2723 3868 edicto
2747 3814 2957 3884 copiam
2991 3811 3120 3867 fecit
3150 3813 3475 3867 nominatim
3499 3812 3687 3867 Arme-

422 3911 598 3964 niacis
622 3908 924 3978 provinciis
953 3907 1270 3963 Christiano
1302 3907 1412 3960 ritu
1442 3907 1651 3980 utendi,
1685 3917 1870 3977 atque,
1903 3916 1963 3961 ut
2001 3908 2078 3961 ita
2099 3907 2300 3972 dicam,
2340 3909 2664 3980 religionem
2695 3925 2859 3979 quam
2904 3909 3259 3964 sectabantur
3291 3906 3493 3963 eisdem
3549 3924 3685 3963 ven-

422 4006 584 4068 didit,
613 4003 864 4074 vectigali
893 4005 1179 4072 imperato,
1214 4018 1408 4074 nempe
1433 4011 1492 4058 ut
1517 4003 1735 4059 familia:
1757 4004 1985 4074 singulae
2012 4012 2253 4074 quatuor
2283 4022 2562 4069 nummos,
2590 4005 2802 4060 modios
2829 4005 3106 4060 aridorum
3139 4013 3271 4068 tres,
3305 4005 3682 4074 hippoperam,

421 4096 811 4166 cilicinumque
839 4095 1022 4149 funem
1056 4096 1453 4164 persolverent.
1480 4094 1658 4165 Hujus
1700 4105 1883 4149 tamen
1925 4096 2115 4150 tributi
2147 4097 2488 4152 immunibus
2520 4112 2646 4152 esse
2670 4096 2948 4152 concessit
2977 4095 3374 4161 sacerdotibus,
3408 4099 3686 4154 nobilibus

420 4198 478 4246 et
505 4188 801 4259 equitibus.
833 4188 1008 4258 Atque
1037 4187 1318 4254 Saraceni,
1381 4204 1646 4259 posquam
1679 4189 1905 4258 prolatis
1935 4188 2152 4260 imperii
2182 4189 2384 4244 finibus
2431 4189 2676 4244 omnium
2711 4189 2867 4258 potiti
2895 4198 3043 4250 sunt,
3079 4187 3189 4242 dici
3222 4198 3507 4259 cmpcrunt
3533 4189 3688 4243 Ami-

421 4283 721 4338 ralmumni
746 4283 883 4354 (27).
908 4280 1028 4336 Jam
1055 4290 1179 4353 post
1220 4281 1520 4338 Mahumeti
1559 4297 1736 4338 annos
1792 4299 1863 4337 xx
1892 4281 2029 4354 (28),
2077 4279 2344 4338 dominati
2390 4289 2520 4338 sunt
2570 4264 2980 4345 Abubechirus,
3013 4277 3320 4336 Othmanus
3349 4289 3404 4336 ct
3450 4279 3686 4336 Omarus

420 4390 584 4430 annis
612 4392 845 4431 XXXVIII.

498 4491 610 4545 ilac
641 4499 968 4561 tempestate
995 4490 1286 4561 imperium
1339 4506 1559 4560 quoque
1611 4489 1922 4553 Persarum,
1959 4490 2108 4561 quod
2149 4491 2437 4545 dicebatur
2490 4487 2914 4553 Sasanidarum,
2951 4488 3225 4543 sublatum
3257 4494 3362 4553 est,
3395 4495 3684 4557 postquam

422 4585 583 4640 annis
615 4600 780 4639 ccccx
808 4591 1253 4655 perseveraverat
1283 4603 1295 4638 :
1329 4583 1611 4640 Persicum
1656 4594 1836 4639 autem
1861 4593 2135 4654 sceptrum
2191 4596 2453 4654 ceperunt
2493 4583 2776 4650 Saraceni,
2804 4583 2898 4654 qui
2921 4581 3051 4636 dicti
3087 4587 3216 4636 sunt
3243 4579 3704 4638 Amiralmumni..

1424 4760 1950 4831 SARACENORUM
1986 4759 2483 4818 AMIRALMUMNI
2516 4759 2649 4831 (29).

494 4942 836 5002 Mahumctus
891 4945 1054 5013 annis
1112 4939 1638 5018 xx;Abubechirus
1683 4940 1846 4996 annis
1896 4955 2036 5012 vui;
2079 4937 2386 4993 Othmanus
2436 4938 2597 4994 annis
2645 4953 2717 5008 x;
2767 4937 3007 4996 Omarus
3061 4937 3223 4996 annis
3273 4953 3384 5006 xx;
3426 4935 3683 4992 Mavimus

422 5040 584 5096 annis
610 5055 752 5113 nn;
777 5040 1070 5096 llleruanus
1104 5053 1251 5092 anno
1282 5035 1612 5104 i;Jezithus
1647 5036 1808 5094 annis
1834 5052 1930 5102 ιιι;
1973 5035 2423 5102 Abdelmclichus
2455 5034 2631 5089 faunis
2676 5049 2828 5101 xxn;
2859 5033 3304 5092 Velithus'annis
3333 5050 3418 5101 iv;
3451 5033 3683 5088 Omarus

421 5137 584 5192 annis
628 5152 700 5204 ll;
747 5113 982 5192 hEzithus
1038 5135 1199 5190 annis
1248 5148 1337 5199 vi;
1368 5131 1710 5189 Heschemus
1767 5132 1929 5187 annis
1989 5147 2124 5198 xix;
2194 5129 2444 5186 Velithus
2493 5145 2637 5185 anno
2668 5144 2723 5197 1;
2771 5129 3064 5188 Meruanus
3117 5131 3279 5186 annis
3327 5146 3464 5196 vru;
3512 5128 3685 5184 Abdla

421 5232 582 5286 annis
608 5246 758 5296 xxn;
793 5229 1159 5284 Abdelazizus
1194 5228 1357 5282 annis
1408 5243 1506 5294 ιιι;
1552 5227 1765 5282 Mahdis
1797 5227 1958 5283 annis
1998 5242 2076 5292 1x;
2118 5223 2291 5281 Musis
2345 5225 2504 5280 annis
2545 5241 2615 5291 ις
2651 5223 2910 5282 Harunus
2965 5229 3125 5282 annis
3170 5241 3344 5291 ut";
3379 5224 3688 5282 Mahmetus

419 5326 582 5379 annis
609 5341 676 5390 v;
711 5321 1025 5391 Maimunus
1052 5319 1212 5374 annis
1244 5334 1433 5388 xxvii;
1465 5316 1843 5388 Ibenmeretus
1869 5317 2034 5383 annis
2068 5333 2158 5385 ix;
2200 5315 2461 5372 Harunus
2483 5317 2645 5387 annis
2670 5331 2834 5384 xvm;
2866 5314 3165 5388 Ciapbares
3187 5317 3348 5372 annis
3376 5332 3450 5371 χι.
3476 5314 3686 5372 Horum

419 5417 687 5473 memoria
715 5415 1022 5487 perditione
1049 5412 1340 5471 obruatur.

490 5617 604 5685 (25)
621 5616 863 5672 Chalirth
884 5615 1222 5671 dicunturab
1245 5615 1518 5670 Armeniis
1535 5626 1677 5670 exta.
1697 5611 1810 5668 Hoc
1827 5621 2009 5685 autem
2177 5610 2293 5685 (2(3)
2331 5609 2582 5685 Haesunt
2609 5612 2993 5685 Armeniorum
3028 5612 3342 5681 provinciae.

418 5681 543 5741 loco
567 5681 712 5741 haud
744 5689 952 5742 scimus
979 5699 1159 5740 utrum
1186 5687 1589 5755 respiciendum
1629 5687 1700 5740 sit
1741 5686 1807 5738 ad
1846 5684 2002 5738 Deut.
2132 5753 2139 5755 _
2173 5681 2566 5755 (27)_Codices
2612 5684 2818 5755 partim
2864 5683 3510 5755 Amirimunmi;partim
3552 5695 3686 5738 vero

418 5773 620 5819 xxvm,
646 5758 737 5822 49.
777 5773 844 5822 an
875 5759 940 5813 ad
975 5757 1211 5811 lliercm.
1245 5753 1390 5817 xbvl.
1419 5757 1506 5819 10,
1528 5758 1609 5810 vel
1638 5756 1703 5809 ad
1720 5755 1857 5824 psal.
1891 5769 2000 5816 LVI,
2105 5753 2540 5824 Amirulmunmi,
2577 5769 2774 5824 nempe
2803 5754 3144 5824 imperatores
3176 5754 3434 5823 ﬁdelium.

419 5826 478 5895 5,
523 5829 606 5881 vel
629 5828 694 5879 ad
723 5844 877 5886 Lvm.
914 5829 967 5881 8.
1001 5827 1135 5880 Rem
1167 5828 1258 5880 alii
1285 5827 1599 5895 diligentius
1629 5822 1997 5886 considerent.
2173 5823 2284 5895 (28)
2300 5823 2599 5895 (_‘._odd.,xr..
2621 5822 2726 5878 Sed
2747 5823 2906 5878 iidem
2923 5834 3048 5878 ante
3065 5822 3361 5894 posteaque
3377 5824 3680 5895 habenth

503 5898 616 5966 (24)
643 5895 745 5968 Hic
770 5898 988 5952 codices
1029 5899 1208 5968 aliqua
1255 5892 1607 5968 corruptione
1651 5895 1996 5951 laborabant.
2136 5893 2277 5968 _(29)
2305 5892 2400 5968 llic
2435 5893 2624 5968 titulus
2675 5909 2798 5947 cum
2832 5892 3186 5968 sequentibus
3234 5893 3684 5951 Amiralmumnis

496 5963 608 6039 (25)
641 5967 842 6039 Nempe
871 5968 985 6028 sine
1015 5963 1195 6022 verbis
1224 5963 1441 6022 sacrisf
2098 5963 2254 6019 abest
2286 5965 2354 6019 ab
2393 5965 2702 6034 antiquiore
2733 5967 3050 6036 exemplari.
