  <div class='ocr_page' id='page_1' title='image "/cluster/home/n/w/nwhite01/storage/ocr_20150623/19/nnc1.0037127454/372.png"; bbox 0 0 4116 6400; ppageno 0'>
   <div class='ocr_carea' id='block_1_1' title="bbox 385 337 2010 416">
    <p class='ocr_par' dir='ltr' id='par_1_1' title="bbox 385 337 2010 416">
     <span class='ocr_line' id='line_1_1' title="bbox 385 337 2010 416; baseline -0.004 -16"><span class='ocrx_word' id='word_1_1' title='bbox 385 337 488 416; x_wconf 65' lang='grc' dir='ltr'><strong>’ξω</strong></span> <span class='ocrx_word' id='word_1_2' title='bbox 1125 338 1472 396; x_wconf 73' lang='grc' dir='ltr'><strong>δΑΜυειιε</strong></span> <span class='ocrx_word' id='word_1_3' title='bbox 1504 338 1817 395; x_wconf 77' lang='lat' dir='ltr'><strong>ANIENSIS</strong></span> <span class='ocrx_word' id='word_1_4' title='bbox 1855 339 2010 395; x_wconf 75' lang='lat' dir='ltr'><strong>SUMJ</strong></span> 
     </span>
    </p>
   </div>
   <div class='ocr_carea' id='block_1_2' title="bbox 2001 337 3626 416">
    <p class='ocr_par' dir='ltr' id='par_1_2' title="bbox 2001 339 3626 402">
     <span class='ocr_line' id='line_1_2' title="bbox 2001 339 3626 402; baseline 0.004 -8"><span class='ocrx_word' id='word_1_5' title='bbox 2001 339 2194 397; x_wconf 74' lang='lat' dir='ltr'><strong>MAR]!</strong></span> <span class='ocrx_word' id='word_1_6' title='bbox 2227 340 2609 397; x_wconf 76' lang='lat' dir='ltr'><strong>TEMPORUM</strong></span> <span class='ocrx_word' id='word_1_7' title='bbox 2648 341 2828 398; x_wconf 77' lang='lat' dir='ltr'><strong>PARS</strong></span> <span class='ocrx_word' id='word_1_8' title='bbox 2865 342 2930 398; x_wconf 90' lang='lat' dir='ltr'><strong>ll.</strong></span> <span class='ocrx_word' id='word_1_9' title='bbox 3522 342 3626 402; x_wconf 69' lang='lat' dir='ltr'><strong>7H)</strong></span> 
     </span>
    </p>
   </div>
   <div class='ocr_carea' id='block_1_3' title="bbox 1068 613 2906 660">
    <p class='ocr_par' dir='ltr' id='par_1_3' title="bbox 1068 613 2906 660">
     <span class='ocr_line' id='line_1_3' title="bbox 1068 613 2906 660; baseline 0.001 -4"><span class='ocrx_word' id='word_1_10' title='bbox 1068 613 1260 656; x_wconf 69' lang='grc' dir='ltr'><strong>(διιῖΙΡ.</strong></span> <span class='ocrx_word' id='word_1_11' title='bbox 1322 613 1538 655; x_wconf 72' lang='lat' dir='ltr'><strong>CHRISTI</strong></span> <span class='ocrx_word' id='word_1_12' title='bbox 1630 616 1825 657; x_wconf 64' lang='grc' dir='ltr'><strong>δοκεῖ.</strong></span> <span class='ocrx_word' id='word_1_13' title='bbox 1931 615 2082 658; x_wconf 67' lang='lat' dir='ltr'><strong>LIIR.</strong></span> <span class='ocrx_word' id='word_1_14' title='bbox 2221 617 2350 658; x_wconf 71' lang='grc' dir='ltr'>Αωι.</span> <span class='ocrx_word' id='word_1_15' title='bbox 2493 619 2652 660; x_wconf 70' lang='lat' dir='ltr'><strong>PATR.</strong></span> <span class='ocrx_word' id='word_1_16' title='bbox 2772 619 2906 659; x_wconf 62' lang='lat'><strong>£35</strong></span> 
     </span>
    </p>
   </div>
   <div class='ocr_carea' id='block_1_4' title="bbox 2779 690 2908 730">
    <p class='ocr_par' dir='ltr' id='par_1_4' title="bbox 2779 690 2908 730">
     <span class='ocr_line' id='line_1_4' title="bbox 2779 690 2908 730; baseline 0.016 -2"><span class='ocrx_word' id='word_1_17' title='bbox 2779 690 2908 730; x_wconf 65' lang='lat' dir='ltr'><strong>LIII.</strong></span> 
     </span>
    </p>
   </div>
   <div class='ocr_carea' id='block_1_5' title="bbox 1673 809 2648 882">
    <p class='ocr_par' dir='ltr' id='par_1_5' title="bbox 1673 809 2648 882">
     <span class='ocr_line' id='line_1_5' title="bbox 1673 809 2648 882; baseline 0.004 -19"><span class='ocrx_word' id='word_1_18' title='bbox 1673 809 1783 882; x_wconf 10' lang='lat' dir='ltr'><strong>Mi-f</strong></span> <span class='ocrx_word' id='word_1_19' title='bbox 1893 810 2124 882; x_wconf 86' lang='lat' dir='ltr'><strong>Ciapha-</strong></span> <span class='ocrx_word' id='word_1_20' title='bbox 2184 809 2408 866; x_wconf 88' lang='lat' dir='ltr'><strong>Semba-</strong></span> <span class='ocrx_word' id='word_1_21' title='bbox 2492 811 2648 867; x_wconf 79' lang='lat' dir='ltr'><strong>Joan-</strong></span> 
     </span>
    </p>
   </div>
   <div class='ocr_carea' id='block_1_6' title="bbox 1637 881 2637 951">
    <p class='ocr_par' dir='ltr' id='par_1_6' title="bbox 1637 881 2637 951">
     <span class='ocr_line' id='line_1_6' title="bbox 1637 881 2637 951; baseline 0.006 -17"><span class='ocrx_word' id='word_1_22' title='bbox 1637 881 1791 936; x_wconf 90' lang='lat' dir='ltr'><strong>chael</strong></span> <span class='ocrx_word' id='word_1_23' title='bbox 1952 881 2039 939; x_wconf 84' lang='lat' dir='ltr'><strong>res</strong></span> <span class='ocrx_word' id='word_1_24' title='bbox 2226 890 2316 936; x_wconf 86' lang='lat' dir='ltr'><strong>tus</strong></span> <span class='ocrx_word' id='word_1_25' title='bbox 2517 900 2617 940; x_wconf 85' lang='lat' dir='ltr'><strong>nes</strong></span> <span class='ocrx_word' id='word_1_26' title='bbox 2631 892 2637 951; x_wconf 70' lang='grc' dir='ltr'>ἒ</span> 
     </span>
    </p>
   </div>
   <div class='ocr_carea' id='block_1_7' title="bbox 1049 1046 2390 1064">
    <p class='ocr_par' dir='ltr' id='par_1_7' title="bbox 1049 1046 2390 1064">
     <span class='ocr_line' id='line_1_7' title="bbox 1049 1046 2390 1064; baseline -0.001 0"><span class='ocrx_word' id='word_1_27' title='bbox 1049 1048 1262 1064; x_wconf 78' lang='lat'><strong>—-——</strong></span> <span class='ocrx_word' id='word_1_28' title='bbox 1335 1051 1545 1061; x_wconf 78' lang='lat'><strong>_————</strong></span> <span class='ocrx_word' id='word_1_29' title='bbox 1617 1046 1826 1062; x_wconf 70' lang='lat' dir='ltr'><strong>-—-l.——</strong></span> <span class='ocrx_word' id='word_1_30' title='bbox 1897 1051 2106 1061; x_wconf 87' lang='lat'><strong>————-—</strong></span> <span class='ocrx_word' id='word_1_31' title='bbox 2177 1048 2390 1062; x_wconf 55' lang='grc' dir='ltr'><strong>αι--ι--υ</strong></span> 
     </span>
    </p>
   </div>
   <div class='ocr_carea' id='block_1_8' title="bbox 2462 1052 2672 1066">
    <p class='ocr_par' dir='ltr' id='par_1_8' title="bbox 2462 1052 2672 1066">
     <span class='ocr_line' id='line_1_8' title="bbox 2462 1052 2672 1066; baseline 0.005 -4"><span class='ocrx_word' id='word_1_32' title='bbox 2462 1052 2672 1066; x_wconf 59' lang='grc' dir='ltr'><strong>*αι-</strong></span> 
     </span>
    </p>
   </div>
   <div class='ocr_carea' id='block_1_9' title="bbox 1105 1135 2903 1207">
    <p class='ocr_par' dir='ltr' id='par_1_9' title="bbox 1105 1135 2903 1207">
     <span class='ocr_line' id='line_1_9' title="bbox 1105 1135 2903 1207; baseline -0.007 2"><span class='ocrx_word' id='word_1_33' title='bbox 1105 1137 1248 1207; x_wconf 77' lang='grc'><strong>407</strong></span> <span class='ocrx_word' id='word_1_34' title='bbox 1391 1137 1496 1207; x_wconf 72' lang='lat'><strong>$50</strong></span> <span class='ocrx_word' id='word_1_35' title='bbox 1743 1136 1777 1191; x_wconf 91' lang='lat'><strong>9</strong></span> <span class='ocrx_word' id='word_1_36' title='bbox 2019 1137 2055 1190; x_wconf 75' lang='lat'><strong>2</strong></span> <span class='ocrx_word' id='word_1_37' title='bbox 2266 1135 2337 1207; x_wconf 66' lang='lat'><strong>27</strong></span> <span class='ocrx_word' id='word_1_38' title='bbox 2551 1138 2618 1194; x_wconf 75' lang='lat' dir='ltr'><strong>is</strong></span> <span class='ocrx_word' id='word_1_39' title='bbox 2793 1141 2903 1196; x_wconf 77' lang='lat'><strong>297</strong></span> 
     </span>
    </p>
   </div>
   <div class='ocr_carea' id='block_1_10' title="bbox 1391 1205 2900 1267">
    <p class='ocr_par' dir='ltr' id='par_1_10' title="bbox 1391 1205 2900 1267">
     <span class='ocr_line' id='line_1_10' title="bbox 1391 1205 2900 1267; baseline 0.004 -7"><span class='ocrx_word' id='word_1_40' title='bbox 1391 1205 1488 1261; x_wconf 77' lang='grc'><strong>851</strong></span> <span class='ocrx_word' id='word_1_41' title='bbox 1711 1207 1777 1262; x_wconf 90' lang='grc'><strong>10</strong></span> <span class='ocrx_word' id='word_1_42' title='bbox 2022 1208 2056 1262; x_wconf 80' lang='lat'><strong>5</strong></span> <span class='ocrx_word' id='word_1_43' title='bbox 2266 1205 2337 1259; x_wconf 91' lang='grc'>28</span> <span class='ocrx_word' id='word_1_44' title='bbox 2549 1209 2617 1262; x_wconf 81' lang='grc'>19</span> <span class='ocrx_word' id='word_1_45' title='bbox 2793 1211 2900 1267; x_wconf 84' lang='grc'>298</span> 
     </span>
    </p>
   </div>
   <div class='ocr_carea' id='block_1_11' title="bbox 1391 1275 2898 1335">
    <p class='ocr_par' dir='ltr' id='par_1_11' title="bbox 1391 1275 2898 1335">
     <span class='ocr_line' id='line_1_11' title="bbox 1391 1275 2898 1335; baseline 0.003 -5"><span class='ocrx_word' id='word_1_46' title='bbox 1391 1277 1496 1331; x_wconf 76' lang='grc'><strong>852</strong></span> <span class='ocrx_word' id='word_1_47' title='bbox 1708 1277 1730 1330; x_wconf 87' lang='grc'><strong>1</strong></span> <span class='ocrx_word' id='word_1_48' title='bbox 1747 1278 1767 1330; x_wconf 83' lang='grc'><strong>1</strong></span> <span class='ocrx_word' id='word_1_49' title='bbox 2020 1277 2054 1331; x_wconf 71' lang='grc'><strong>4</strong></span> <span class='ocrx_word' id='word_1_50' title='bbox 2265 1275 2335 1330; x_wconf 86' lang='grc'><strong>29</strong></span> <span class='ocrx_word' id='word_1_51' title='bbox 2546 1277 2616 1332; x_wconf 82' lang='grc'>20</span> <span class='ocrx_word' id='word_1_52' title='bbox 2792 1280 2898 1335; x_wconf 87' lang='grc'><strong>299</strong></span> 
     </span>
    </p>
   </div>
   <div class='ocr_carea' id='block_1_12' title="bbox 1106 1330 2901 1404">
    <p class='ocr_par' dir='ltr' id='par_1_12' title="bbox 1106 1330 2901 1404">
     <span class='ocr_line' id='line_1_12' title="bbox 1106 1330 2901 1404; baseline 0.002 -6"><span class='ocrx_word' id='word_1_53' title='bbox 1106 1330 1246 1398; x_wconf 75' lang='grc'>408</span> <span class='ocrx_word' id='word_1_54' title='bbox 1389 1330 1495 1402; x_wconf 78' lang='lat'><strong>853</strong></span> <span class='ocrx_word' id='word_1_55' title='bbox 1707 1347 1776 1401; x_wconf 71' lang='lat'><strong>12</strong></span> <span class='ocrx_word' id='word_1_56' title='bbox 2021 1330 2055 1399; x_wconf 67' lang='grc' dir='ltr'><em>ες</em></span> <span class='ocrx_word' id='word_1_57' title='bbox 2267 1346 2335 1399; x_wconf 79' lang='lat'><strong>50</strong></span> <span class='ocrx_word' id='word_1_58' title='bbox 2545 1330 2607 1401; x_wconf 66' lang='grc' dir='ltr'><strong>εἰ</strong></span> <span class='ocrx_word' id='word_1_59' title='bbox 2794 1330 2901 1404; x_wconf 69' lang='grc' dir='ltr'><strong>Ξῧὸ</strong></span> 
     </span>
    </p>
   </div>
   <div class='ocr_carea' id='block_1_13' title="bbox 1390 1413 2891 1475">
    <p class='ocr_par' dir='ltr' id='par_1_13' title="bbox 1390 1413 2891 1475">
     <span class='ocr_line' id='line_1_13' title="bbox 1390 1413 2891 1475; baseline 0.003 -4"><span class='ocrx_word' id='word_1_60' title='bbox 1390 1418 1493 1472; x_wconf 69' lang='lat'><strong>854</strong></span> <span class='ocrx_word' id='word_1_61' title='bbox 1711 1419 1728 1470; x_wconf 88' lang='grc'><strong>1</strong></span> <span class='ocrx_word' id='word_1_62' title='bbox 1741 1417 1775 1471; x_wconf 76' lang='grc'><strong>5</strong></span> <span class='ocrx_word' id='word_1_63' title='bbox 2020 1416 2052 1468; x_wconf 78' lang='grc'><strong>6</strong></span> <span class='ocrx_word' id='word_1_64' title='bbox 2267 1413 2326 1468; x_wconf 81' lang='grc' dir='ltr'>Ἴ</span> <span class='ocrx_word' id='word_1_65' title='bbox 2546 1415 2617 1470; x_wconf 87' lang='grc'><strong>22</strong></span> <span class='ocrx_word' id='word_1_66' title='bbox 2795 1422 2891 1475; x_wconf 77' lang='grc'><strong>501</strong></span> 
     </span>
    </p>
   </div>
   <div class='ocr_carea' id='block_1_14' title="bbox 2465 1595 3558 1666">
    <p class='ocr_par' dir='ltr' id='par_1_14' title="bbox 2465 1595 3558 1666">
     <span class='ocr_line' id='line_1_14' title="bbox 2465 1595 3558 1666; baseline 0.012 -17"><span class='ocrx_word' id='word_1_67' title='bbox 2465 1595 2857 1651; x_wconf 73' lang='lat' dir='ltr'><strong>ZACHARIAS</strong></span> <span class='ocrx_word' id='word_1_68' title='bbox 2904 1601 3062 1656; x_wconf 89' lang='lat' dir='ltr'><strong>annis</strong></span> <span class='ocrx_word' id='word_1_69' title='bbox 3114 1617 3263 1666; x_wconf 85' lang='lat' dir='ltr'><strong>xxu.</strong></span> <span class='ocrx_word' id='word_1_70' title='bbox 3311 1619 3342 1659; x_wconf 80' lang='grc' dir='ltr'>θ</span> <span class='ocrx_word' id='word_1_71' title='bbox 3384 1601 3558 1661; x_wconf 69' lang='lat' dir='ltr'><strong>Cotia</strong></span> 
     </span>
    </p>
   </div>
   <div class='ocr_carea' id='block_1_15' title="bbox 2669 1715 3070 1784">
    <p class='ocr_par' dir='ltr' id='par_1_15' title="bbox 2669 1715 3070 1784">
     <span class='ocr_line' id='line_1_15' title="bbox 2669 1715 3070 1784; baseline 0.01 -19"><span class='ocrx_word' id='word_1_72' title='bbox 2669 1715 2869 1784; x_wconf 77' lang='lat' dir='ltr'><strong>oppido</strong></span> <span class='ocrx_word' id='word_1_73' title='bbox 2909 1715 3070 1781; x_wconf 79' lang='lat' dir='ltr'><strong>Zaga.</strong></span> 
     </span>
    </p>
   </div>
   <div class='ocr_carea' id='block_1_16' title="bbox 1357 1881 2873 1947">
    <p class='ocr_par' dir='ltr' id='par_1_16' title="bbox 1357 1881 2873 1947">
     <span class='ocr_line' id='line_1_16' title="bbox 1357 1881 2873 1947; baseline 0.007 -10"><span class='ocrx_word' id='word_1_74' title='bbox 1357 1881 1462 1938; x_wconf 77' lang='lat'><strong>855</strong></span> <span class='ocrx_word' id='word_1_75' title='bbox 1677 1884 1745 1938; x_wconf 73' lang='lat' dir='ltr'><strong>M</strong></span> <span class='ocrx_word' id='word_1_76' title='bbox 2000 1887 2030 1939; x_wconf 86' lang='lat'><strong>7</strong></span> <span class='ocrx_word' id='word_1_77' title='bbox 2243 1886 2312 1941; x_wconf 77' lang='lat'><strong>52</strong></span> <span class='ocrx_word' id='word_1_78' title='bbox 2564 1891 2589 1942; x_wconf 92' lang='grc'><strong>1</strong></span> <span class='ocrx_word' id='word_1_79' title='bbox 2773 1891 2873 1947; x_wconf 73' lang='grc'><strong>592</strong></span> 
     </span>
    </p>
   </div>
   <div class='ocr_carea' id='block_1_17' title="bbox 451 2106 3624 2194">
    <p class='ocr_par' dir='ltr' id='par_1_17' title="bbox 451 2106 3624 2194">
     <span class='ocr_line' id='line_1_17' title="bbox 451 2106 3624 2194; baseline 0.006 -33"><span class='ocrx_word' id='word_1_80' title='bbox 451 2106 730 2164; x_wconf 88' lang='lat' dir='ltr'><strong>Pessimus</strong></span> <span class='ocrx_word' id='word_1_81' title='bbox 761 2107 996 2179; x_wconf 90' lang='lat' dir='ltr'><strong>denique</strong></span> <span class='ocrx_word' id='word_1_82' title='bbox 1029 2107 1270 2162; x_wconf 91' lang='lat' dir='ltr'><strong>omnium</strong></span> <span class='ocrx_word' id='word_1_83' title='bbox 1301 2107 1484 2163; x_wconf 92' lang='lat' dir='ltr'><strong>valido</strong></span> <span class='ocrx_word' id='word_1_84' title='bbox 1522 2123 1645 2163; x_wconf 92' lang='lat' dir='ltr'><strong>cum</strong></span> <span class='ocrx_word' id='word_1_85' title='bbox 1681 2111 1924 2165; x_wconf 83' lang='lat' dir='ltr'><strong>exercitu</strong></span> <span class='ocrx_word' id='word_1_86' title='bbox 1952 2114 2348 2182; x_wconf 78' lang='lat' dir='ltr'><strong>superveniens</strong></span> <span class='ocrx_word' id='word_1_87' title='bbox 2383 2113 2571 2186; x_wconf 87' lang='lat' dir='ltr'><strong>Bugha</strong></span> <span class='ocrx_word' id='word_1_88' title='bbox 2604 2115 2752 2189; x_wconf 84' lang='grc'>(52),</span> <span class='ocrx_word' id='word_1_89' title='bbox 2791 2133 2952 2188; x_wconf 82' lang='lat' dir='ltr'><strong>quem</strong></span> <span class='ocrx_word' id='word_1_90' title='bbox 2985 2121 3186 2192; x_wconf 90' lang='lat' dir='ltr'><strong>impius</strong></span> <span class='ocrx_word' id='word_1_91' title='bbox 3215 2123 3513 2194; x_wconf 77' lang='lat' dir='ltr'><strong>Ciaphares</strong></span> <span class='ocrx_word' id='word_1_92' title='bbox 3555 2125 3624 2180; x_wconf 88' lang='lat' dir='ltr'><strong>ad</strong></span> 
     </span>
    </p>
   </div>
   <div class='ocr_carea' id='block_1_18' title="bbox 383 2199 3624 2282">
    <p class='ocr_par' dir='ltr' id='par_1_18' title="bbox 383 2199 3624 2282">
     <span class='ocr_line' id='line_1_18' title="bbox 383 2199 3624 2282; baseline 0.005 -29"><span class='ocrx_word' id='word_1_93' title='bbox 383 2199 752 2256; x_wconf 77' lang='lat' dir='ltr'><strong>ulciscendam</strong></span> <span class='ocrx_word' id='word_1_94' title='bbox 782 2201 1046 2256; x_wconf 84' lang='lat' dir='ltr'><strong>Abusethi</strong></span> <span class='ocrx_word' id='word_1_95' title='bbox 1077 2216 1265 2256; x_wconf 86' lang='lat' dir='ltr'><strong>necem</strong></span> <span class='ocrx_word' id='word_1_96' title='bbox 1291 2201 1346 2254; x_wconf 90' lang='lat' dir='ltr'><strong>in</strong></span> <span class='ocrx_word' id='word_1_97' title='bbox 1378 2201 1688 2256; x_wconf 83' lang='lat' dir='ltr'><strong>Armeniam</strong></span> <span class='ocrx_word' id='word_1_98' title='bbox 1714 2203 1986 2269; x_wconf 72' lang='lat' dir='ltr'><strong>mittebat,</strong></span> <span class='ocrx_word' id='word_1_99' title='bbox 2018 2205 2266 2275; x_wconf 80' lang='lat' dir='ltr'><strong>pluribus</strong></span> <span class='ocrx_word' id='word_1_100' title='bbox 2287 2206 2694 2264; x_wconf 71' lang='lat' dir='ltr'><strong>calamitatibus</strong></span> <span class='ocrx_word' id='word_1_101' title='bbox 2716 2211 2975 2280; x_wconf 89' lang='lat' dir='ltr'><strong>varioque</strong></span> <span class='ocrx_word' id='word_1_102' title='bbox 2992 2228 3275 2282; x_wconf 76' lang='lat' dir='ltr'><strong>pmnarum</strong></span> <span class='ocrx_word' id='word_1_103' title='bbox 3299 2231 3364 2271; x_wconf 92' lang='lat' dir='ltr'><strong>ac</strong></span> <span class='ocrx_word' id='word_1_104' title='bbox 3388 2215 3624 2271; x_wconf 66' lang='lat' dir='ltr'><strong>caedium</strong></span> 
     </span>
    </p>
   </div>
   <div class='ocr_carea' id='block_1_19' title="bbox 383 2296 3634 2376">
    <p class='ocr_par' dir='ltr' id='par_1_19' title="bbox 383 2296 3634 2376">
     <span class='ocr_line' id='line_1_19' title="bbox 383 2296 3634 2376; baseline 0.006 -30"><span class='ocrx_word' id='word_1_105' title='bbox 383 2307 582 2362; x_wconf 87' lang='lat' dir='ltr'><strong>genere</strong></span> <span class='ocrx_word' id='word_1_106' title='bbox 613 2303 827 2365; x_wconf 77' lang='lat' dir='ltr'><strong>gentem</strong></span> <span class='ocrx_word' id='word_1_107' title='bbox 857 2296 1228 2363; x_wconf 89' lang='lat' dir='ltr'><strong>excruciavit,</strong></span> <span class='ocrx_word' id='word_1_108' title='bbox 1260 2297 1565 2366; x_wconf 85' lang='lat' dir='ltr'><strong>praesertim</strong></span> <span class='ocrx_word' id='word_1_109' title='bbox 1608 2299 1822 2354; x_wconf 90' lang='lat' dir='ltr'><strong>nobiles</strong></span> <span class='ocrx_word' id='word_1_110' title='bbox 1859 2307 1912 2354; x_wconf 90' lang='lat' dir='ltr'><strong>et</strong></span> <span class='ocrx_word' id='word_1_111' title='bbox 1948 2301 2220 2370; x_wconf 82' lang='lat' dir='ltr'><strong>equestris</strong></span> <span class='ocrx_word' id='word_1_112' title='bbox 2267 2302 2475 2357; x_wconf 83' lang='lat' dir='ltr'><strong>militiae</strong></span> <span class='ocrx_word' id='word_1_113' title='bbox 2509 2304 2758 2360; x_wconf 86' lang='lat' dir='ltr'><strong>ordinem</strong></span> <span class='ocrx_word' id='word_1_114' title='bbox 2807 2324 2821 2359; x_wconf 88' lang='lat'><strong>:</strong></span> <span class='ocrx_word' id='word_1_115' title='bbox 2872 2308 3071 2376; x_wconf 90' lang='lat' dir='ltr'><strong>quibus</strong></span> <span class='ocrx_word' id='word_1_116' title='bbox 3104 2318 3284 2365; x_wconf 89' lang='lat' dir='ltr'><strong>autem</strong></span> <span class='ocrx_word' id='word_1_117' title='bbox 3322 2311 3487 2365; x_wconf 90' lang='lat' dir='ltr'><strong>vitam</strong></span> <span class='ocrx_word' id='word_1_118' title='bbox 3516 2311 3634 2365; x_wconf 84' lang='lat' dir='ltr'><strong>lar-</strong></span> 
     </span>
    </p>
   </div>
   <div class='ocr_carea' id='block_1_20' title="bbox 383 2387 3627 2475">
    <p class='ocr_par' dir='ltr' id='par_1_20' title="bbox 383 2387 3627 2475">
     <span class='ocr_line' id='line_1_20' title="bbox 383 2387 3627 2475; baseline 0.006 -33"><span class='ocrx_word' id='word_1_119' title='bbox 383 2387 651 2456; x_wconf 76' lang='lat' dir='ltr'><strong>giebatur,</strong></span> <span class='ocrx_word' id='word_1_120' title='bbox 689 2405 784 2444; x_wconf 92' lang='lat' dir='ltr'><strong>eos</strong></span> <span class='ocrx_word' id='word_1_121' title='bbox 813 2399 872 2443; x_wconf 90' lang='lat' dir='ltr'><strong>ut</strong></span> <span class='ocrx_word' id='word_1_122' title='bbox 903 2406 931 2444; x_wconf 92' lang='lat' dir='ltr'><strong>a</strong></span> <span class='ocrx_word' id='word_1_123' title='bbox 964 2389 1188 2445; x_wconf 88' lang='lat' dir='ltr'><strong>Christo</strong></span> <span class='ocrx_word' id='word_1_124' title='bbox 1217 2389 1513 2445; x_wconf 84' lang='lat' dir='ltr'><strong>deﬁcerent</strong></span> <span class='ocrx_word' id='word_1_125' title='bbox 1541 2402 1704 2462; x_wconf 91' lang='lat' dir='ltr'><strong>atque</strong></span> <span class='ocrx_word' id='word_1_126' title='bbox 1734 2392 1790 2447; x_wconf 92' lang='lat' dir='ltr'><strong>in</strong></span> <span class='ocrx_word' id='word_1_127' title='bbox 1817 2401 1979 2449; x_wconf 61' lang='lat' dir='ltr'><strong>sectae</strong></span> <span class='ocrx_word' id='word_1_128' title='bbox 2021 2410 2136 2450; x_wconf 86' lang='lat' dir='ltr'><strong>suae</strong></span> <span class='ocrx_word' id='word_1_129' title='bbox 2175 2395 2512 2464; x_wconf 87' lang='lat' dir='ltr'><strong>impietatem</strong></span> <span class='ocrx_word' id='word_1_130' title='bbox 2561 2399 2926 2456; x_wconf 89' lang='lat' dir='ltr'><strong>concederent</strong></span> <span class='ocrx_word' id='word_1_131' title='bbox 2963 2403 3246 2460; x_wconf 89' lang='lat' dir='ltr'><strong>blanditiis</strong></span> <span class='ocrx_word' id='word_1_132' title='bbox 3284 2404 3627 2475; x_wconf 85' lang='lat' dir='ltr'><strong>impellebat.</strong></span> 
     </span>
    </p>
   </div>
   <div class='ocr_carea' id='block_1_21' title="bbox 378 2475 3630 2564">
    <p class='ocr_par' dir='ltr' id='par_1_21' title="bbox 378 2475 3630 2564">
     <span class='ocr_line' id='line_1_21' title="bbox 378 2475 3630 2564; baseline 0.005 -31"><span class='ocrx_word' id='word_1_133' title='bbox 378 2475 579 2533; x_wconf 82' lang='lat' dir='ltr'><strong>Verum</strong></span> <span class='ocrx_word' id='word_1_134' title='bbox 612 2481 830 2550; x_wconf 88' lang='lat' dir='ltr'><strong>plurimi</strong></span> <span class='ocrx_word' id='word_1_135' title='bbox 855 2481 982 2537; x_wconf 91' lang='lat' dir='ltr'><strong>forti</strong></span> <span class='ocrx_word' id='word_1_136' title='bbox 1008 2483 1190 2536; x_wconf 92' lang='lat' dir='ltr'><strong>animo</strong></span> <span class='ocrx_word' id='word_1_137' title='bbox 1218 2483 1467 2538; x_wconf 84' lang='lat' dir='ltr'><strong>homines</strong></span> <span class='ocrx_word' id='word_1_138' title='bbox 1499 2492 1717 2538; x_wconf 89' lang='lat' dir='ltr'><strong>scutum</strong></span> <span class='ocrx_word' id='word_1_139' title='bbox 1748 2485 1851 2540; x_wconf 88' lang='lat' dir='ltr'><strong>sibi</strong></span> <span class='ocrx_word' id='word_1_140' title='bbox 1881 2494 1935 2541; x_wconf 89' lang='lat' dir='ltr'><strong>et</strong></span> <span class='ocrx_word' id='word_1_141' title='bbox 1965 2501 2116 2540; x_wconf 90' lang='lat' dir='ltr'><strong>arma</strong></span> <span class='ocrx_word' id='word_1_142' title='bbox 2155 2486 2358 2543; x_wconf 90' lang='lat' dir='ltr'><strong>Christi</strong></span> <span class='ocrx_word' id='word_1_143' title='bbox 2402 2489 2693 2546; x_wconf 91' lang='lat' dir='ltr'><strong>induentes</strong></span> <span class='ocrx_word' id='word_1_144' title='bbox 2713 2531 2728 2556; x_wconf 88' lang='lat'><strong>,</strong></span> <span class='ocrx_word' id='word_1_145' title='bbox 2766 2507 2982 2548; x_wconf 91' lang='lat' dir='ltr'><strong>omnem</strong></span> <span class='ocrx_word' id='word_1_146' title='bbox 3030 2495 3426 2564; x_wconf 90' lang='lat' dir='ltr'><strong>suppliciorum</strong></span> <span class='ocrx_word' id='word_1_147' title='bbox 3456 2495 3630 2564; x_wconf 10' lang='lat' dir='ltr'><strong>Vdolo-</strong></span> 
     </span>
    </p>
   </div>
   <div class='ocr_carea' id='block_1_22' title="bbox 376 2563 3632 2654">
    <p class='ocr_par' dir='ltr' id='par_1_22' title="bbox 376 2563 3632 2654">
     <span class='ocr_line' id='line_1_22' title="bbox 376 2563 3632 2654; baseline 0.006 -28"><span class='ocrx_word' id='word_1_148' title='bbox 376 2588 608 2645; x_wconf 91' lang='lat' dir='ltr'><strong>rumque</strong></span> <span class='ocrx_word' id='word_1_149' title='bbox 637 2583 896 2632; x_wconf 86' lang='lat' dir='ltr'><strong>terrorem</strong></span> <span class='ocrx_word' id='word_1_150' title='bbox 916 2617 932 2643; x_wconf 90' lang='lat'><strong>,</strong></span> <span class='ocrx_word' id='word_1_151' title='bbox 959 2578 1051 2648; x_wconf 90' lang='lat' dir='ltr'><strong>qui</strong></span> <span class='ocrx_word' id='word_1_152' title='bbox 1079 2579 1182 2633; x_wconf 90' lang='lat' dir='ltr'><strong>sibi</strong></span> <span class='ocrx_word' id='word_1_153' title='bbox 1215 2579 1284 2633; x_wconf 90' lang='lat' dir='ltr'><strong>ab</strong></span> <span class='ocrx_word' id='word_1_154' title='bbox 1315 2593 1380 2632; x_wconf 92' lang='lat' dir='ltr'><strong>eo</strong></span> <span class='ocrx_word' id='word_1_155' title='bbox 1411 2578 1641 2634; x_wconf 89' lang='lat' dir='ltr'><strong>scelesto</strong></span> <span class='ocrx_word' id='word_1_156' title='bbox 1679 2580 2033 2647; x_wconf 89' lang='lat' dir='ltr'><strong>imminebat,</strong></span> <span class='ocrx_word' id='word_1_157' title='bbox 2099 2593 2424 2652; x_wconf 90' lang='lat' dir='ltr'><strong>spreverunt</strong></span> <span class='ocrx_word' id='word_1_158' title='bbox 2462 2593 2684 2654; x_wconf 85' lang='lat' dir='ltr'><strong>propter</strong></span> <span class='ocrx_word' id='word_1_159' title='bbox 2719 2587 2844 2641; x_wconf 67' lang='lat' dir='ltr'><strong>vitae</strong></span> <span class='ocrx_word' id='word_1_160' title='bbox 2886 2588 3080 2644; x_wconf 63' lang='lat' dir='ltr'><strong>futurae</strong></span> <span class='ocrx_word' id='word_1_161' title='bbox 3104 2563 3271 2646; x_wconf 84' lang='lat' dir='ltr'><strong>bona.</strong></span> <span class='ocrx_word' id='word_1_162' title='bbox 3317 2592 3373 2645; x_wconf 91' lang='lat' dir='ltr'><strong>In</strong></span> <span class='ocrx_word' id='word_1_163' title='bbox 3408 2563 3493 2645; x_wconf 78' lang='lat' dir='ltr'><strong>his</strong></span> <span class='ocrx_word' id='word_1_164' title='bbox 3523 2590 3632 2646; x_wconf 87' lang='lat' dir='ltr'><strong>fuit</strong></span> 
     </span>
    </p>
   </div>
   <div class='ocr_carea' id='block_1_23' title="bbox 381 2669 3632 2753">
    <p class='ocr_par' dir='ltr' id='par_1_23' title="bbox 381 2669 3632 2753">
     <span class='ocr_line' id='line_1_23' title="bbox 381 2669 3632 2753; baseline 0.005 -31"><span class='ocrx_word' id='word_1_165' title='bbox 381 2669 616 2727; x_wconf 49' lang='lat' dir='ltr'><strong>dilectus</strong></span> <span class='ocrx_word' id='word_1_166' title='bbox 645 2671 756 2728; x_wconf 91' lang='lat' dir='ltr'><strong>Deo</strong></span> <span class='ocrx_word' id='word_1_167' title='bbox 785 2674 1013 2729; x_wconf 87' lang='lat' dir='ltr'><strong>Atomus</strong></span> <span class='ocrx_word' id='word_1_168' title='bbox 1042 2689 1106 2728; x_wconf 85' lang='lat' dir='ltr'><strong>ex</strong></span> <span class='ocrx_word' id='word_1_169' title='bbox 1137 2673 1339 2744; x_wconf 85' lang='lat' dir='ltr'><strong>Albage</strong></span> <span class='ocrx_word' id='word_1_170' title='bbox 1367 2674 1645 2743; x_wconf 84' lang='lat' dir='ltr'><strong>provincia</strong></span> <span class='ocrx_word' id='word_1_171' title='bbox 1665 2715 1681 2738; x_wconf 89' lang='lat'><strong>,</strong></span> <span class='ocrx_word' id='word_1_172' title='bbox 1712 2677 1806 2746; x_wconf 89' lang='lat' dir='ltr'><strong>qui</strong></span> <span class='ocrx_word' id='word_1_173' title='bbox 1865 2691 1989 2730; x_wconf 90' lang='lat' dir='ltr'><strong>cum</strong></span> <span class='ocrx_word' id='word_1_174' title='bbox 2021 2677 2186 2732; x_wconf 89' lang='lat' dir='ltr'><strong>sociis</strong></span> <span class='ocrx_word' id='word_1_175' title='bbox 2215 2691 2465 2748; x_wconf 84' lang='lat' dir='ltr'><strong>magnam</strong></span> <span class='ocrx_word' id='word_1_176' title='bbox 2496 2679 2603 2732; x_wconf 87' lang='lat' dir='ltr'><strong>vim</strong></span> <span class='ocrx_word' id='word_1_177' title='bbox 2635 2681 2976 2735; x_wconf 89' lang='lat' dir='ltr'><strong>cruciatuum</strong></span> <span class='ocrx_word' id='word_1_178' title='bbox 3005 2698 3299 2752; x_wconf 85' lang='lat' dir='ltr'><strong>perpessus</strong></span> <span class='ocrx_word' id='word_1_179' title='bbox 3343 2683 3632 2753; x_wconf 83' lang='lat' dir='ltr'><strong>pretiosis-</strong></span> 
     </span>
    </p>
   </div>
   <div class='ocr_carea' id='block_1_24' title="bbox 376 2761 3631 2844">
    <p class='ocr_par' dir='ltr' id='par_1_24' title="bbox 376 2761 3631 2844">
     <span class='ocr_line' id='line_1_24' title="bbox 376 2761 3631 2844; baseline 0.005 -31"><span class='ocrx_word' id='word_1_180' title='bbox 376 2761 570 2815; x_wconf 82' lang='lat' dir='ltr'><strong>simam</strong></span> <span class='ocrx_word' id='word_1_181' title='bbox 617 2777 876 2817; x_wconf 86' lang='lat' dir='ltr'><strong>coronam</strong></span> <span class='ocrx_word' id='word_1_182' title='bbox 924 2765 1151 2834; x_wconf 87' lang='lat' dir='ltr'><strong>adeptus</strong></span> <span class='ocrx_word' id='word_1_183' title='bbox 1197 2772 1282 2820; x_wconf 90' lang='lat' dir='ltr'><strong>est</strong></span> <span class='ocrx_word' id='word_1_184' title='bbox 1327 2784 1341 2821; x_wconf 89' lang='lat'><strong>:</strong></span> <span class='ocrx_word' id='word_1_185' title='bbox 1395 2775 1557 2836; x_wconf 88' lang='lat' dir='ltr'><strong>atque</strong></span> <span class='ocrx_word' id='word_1_186' title='bbox 1605 2765 1660 2819; x_wconf 93' lang='lat' dir='ltr'><strong>hi</strong></span> <span class='ocrx_word' id='word_1_187' title='bbox 1774 2777 1991 2821; x_wconf 86' lang='lat' dir='ltr'><strong>centum</strong></span> <span class='ocrx_word' id='word_1_188' title='bbox 2027 2768 2138 2824; x_wconf 92' lang='lat' dir='ltr'><strong>fere</strong></span> <span class='ocrx_word' id='word_1_189' title='bbox 2163 2775 2216 2823; x_wconf 89' lang='lat' dir='ltr'><strong>et</strong></span> <span class='ocrx_word' id='word_1_190' title='bbox 2241 2769 2633 2840; x_wconf 83' lang='lat' dir='ltr'><strong>quinquaginta</strong></span> <span class='ocrx_word' id='word_1_191' title='bbox 2659 2769 2908 2833; x_wconf 87' lang='lat' dir='ltr'><strong>fuerunt,</strong></span> <span class='ocrx_word' id='word_1_192' title='bbox 2939 2781 3133 2842; x_wconf 65' lang='lat' dir='ltr'><strong>praeter</strong></span> <span class='ocrx_word' id='word_1_193' title='bbox 3163 2790 3258 2830; x_wconf 90' lang='lat' dir='ltr'><strong>eos</strong></span> <span class='ocrx_word' id='word_1_194' title='bbox 3292 2775 3384 2844; x_wconf 93' lang='lat' dir='ltr'><strong>qui</strong></span> <span class='ocrx_word' id='word_1_195' title='bbox 3415 2774 3470 2828; x_wconf 93' lang='lat' dir='ltr'><strong>in</strong></span> <span class='ocrx_word' id='word_1_196' title='bbox 3503 2774 3631 2828; x_wconf 75' lang='lat' dir='ltr'><strong>aliis</strong></span> 
     </span>
    </p>
   </div>
   <div class='ocr_carea' id='block_1_25' title="bbox 382 2853 3629 2936">
    <p class='ocr_par' dir='ltr' id='par_1_25' title="bbox 382 2853 3629 2936">
     <span class='ocr_line' id='line_1_25' title="bbox 382 2853 3629 2936; baseline 0.004 -28"><span class='ocrx_word' id='word_1_197' title='bbox 382 2853 684 2922; x_wconf 76' lang='lat' dir='ltr'><strong>provinciis</strong></span> <span class='ocrx_word' id='word_1_198' title='bbox 716 2865 983 2927; x_wconf 85' lang='lat' dir='ltr'><strong>martyres</strong></span> <span class='ocrx_word' id='word_1_199' title='bbox 1011 2858 1374 2925; x_wconf 89' lang='lat' dir='ltr'><strong>exstiterunt,</strong></span> <span class='ocrx_word' id='word_1_200' title='bbox 1402 2872 1636 2926; x_wconf 89' lang='lat' dir='ltr'><strong>quorum</strong></span> <span class='ocrx_word' id='word_1_201' title='bbox 1661 2858 1842 2913; x_wconf 89' lang='lat' dir='ltr'><strong>natale</strong></span> <span class='ocrx_word' id='word_1_202' title='bbox 1870 2857 2068 2914; x_wconf 90' lang='lat' dir='ltr'><strong>festum</strong></span> <span class='ocrx_word' id='word_1_203' title='bbox 2099 2859 2188 2916; x_wconf 90' lang='lat' dir='ltr'><strong>die</strong></span> <span class='ocrx_word' id='word_1_204' title='bbox 2251 2861 2439 2931; x_wconf 88' lang='lat' dir='ltr'><strong>quinta</strong></span> <span class='ocrx_word' id='word_1_205' title='bbox 2477 2868 2532 2916; x_wconf 90' lang='lat' dir='ltr'><strong>et</strong></span> <span class='ocrx_word' id='word_1_206' title='bbox 2573 2861 2828 2918; x_wconf 83' lang='lat' dir='ltr'><strong>vicesima</strong></span> <span class='ocrx_word' id='word_1_207' title='bbox 2861 2864 3122 2935; x_wconf 81' lang='lat' dir='ltr'><strong>Mehegan</strong></span> <span class='ocrx_word' id='word_1_208' title='bbox 3157 2865 3268 2936; x_wconf 78' lang='lat'><strong>(53)</strong></span> <span class='ocrx_word' id='word_1_209' title='bbox 3305 2867 3511 2922; x_wconf 86' lang='lat' dir='ltr'><strong>mensis</strong></span> <span class='ocrx_word' id='word_1_210' title='bbox 3543 2866 3629 2920; x_wconf 81' lang='lat' dir='ltr'><strong>in-</strong></span> 
     </span>
    </p>
   </div>
   <div class='ocr_carea' id='block_1_26' title="bbox 383 2947 3631 3033">
    <p class='ocr_par' dir='ltr' id='par_1_26' title="bbox 383 2947 3631 3033">
     <span class='ocr_line' id='line_1_26' title="bbox 383 2947 3631 3033; baseline 0.005 -31"><span class='ocrx_word' id='word_1_211' title='bbox 383 2947 588 3003; x_wconf 81' lang='lat' dir='ltr'><strong>dictum</strong></span> <span class='ocrx_word' id='word_1_212' title='bbox 636 2958 740 3005; x_wconf 92' lang='lat' dir='ltr'><strong>est.</strong></span> <span class='ocrx_word' id='word_1_213' title='bbox 791 2950 948 3006; x_wconf 85' lang='lat' dir='ltr'><strong>Haud</strong></span> <span class='ocrx_word' id='word_1_214' title='bbox 998 2954 1154 3024; x_wconf 91' lang='lat' dir='ltr'><strong>pauci</strong></span> <span class='ocrx_word' id='word_1_215' title='bbox 1197 2960 1378 3008; x_wconf 89' lang='lat' dir='ltr'><strong>tamen</strong></span> <span class='ocrx_word' id='word_1_216' title='bbox 1431 2953 1680 3008; x_wconf 91' lang='lat' dir='ltr'><strong>dolorum</strong></span> <span class='ocrx_word' id='word_1_217' title='bbox 1731 2954 2104 3024; x_wconf 86' lang='lat' dir='ltr'><strong>impatientes,</strong></span> <span class='ocrx_word' id='word_1_218' title='bbox 2172 2959 2374 3028; x_wconf 91' lang='lat' dir='ltr'><strong>probro</strong></span> <span class='ocrx_word' id='word_1_219' title='bbox 2413 2966 2583 3015; x_wconf 85' lang='lat' dir='ltr'><strong>semet</strong></span> <span class='ocrx_word' id='word_1_220' title='bbox 2611 2963 3184 3031; x_wconf 88' lang='lat' dir='ltr'><strong>commaculaverunt;</strong></span> <span class='ocrx_word' id='word_1_221' title='bbox 3230 2963 3395 3033; x_wconf 89' lang='lat' dir='ltr'><strong>hique</strong></span> <span class='ocrx_word' id='word_1_222' title='bbox 3423 2963 3631 3018; x_wconf 75' lang='lat' dir='ltr'><strong>amissa</strong></span> 
     </span>
    </p>
   </div>
   <div class='ocr_carea' id='block_1_27' title="bbox 376 3045 1772 3116">
    <p class='ocr_par' dir='ltr' id='par_1_27' title="bbox 376 3045 1772 3116">
     <span class='ocr_line' id='line_1_27' title="bbox 376 3045 1772 3116; baseline 0.004 -20"><span class='ocrx_word' id='word_1_223' title='bbox 376 3051 575 3097; x_wconf 76' lang='lat' dir='ltr'><strong>aeterna</strong></span> <span class='ocrx_word' id='word_1_224' title='bbox 608 3045 714 3098; x_wconf 84' lang='lat' dir='ltr'><strong>vita</strong></span> <span class='ocrx_word' id='word_1_225' title='bbox 747 3055 1064 3113; x_wconf 72' lang='lat' dir='ltr'><strong>praesentem</strong></span> <span class='ocrx_word' id='word_1_226' title='bbox 1101 3045 1244 3099; x_wconf 90' lang='lat' dir='ltr'><strong>haud</strong></span> <span class='ocrx_word' id='word_1_227' title='bbox 1271 3046 1447 3115; x_wconf 90' lang='lat' dir='ltr'><strong>adepti</strong></span> <span class='ocrx_word' id='word_1_228' title='bbox 1481 3053 1610 3100; x_wconf 80' lang='lat' dir='ltr'><strong>sunt</strong></span> <span class='ocrx_word' id='word_1_229' title='bbox 1640 3045 1772 3116; x_wconf 71' lang='grc'><strong>(54).</strong></span> 
     </span>
    </p>
   </div>
   <div class='ocr_carea' id='block_1_28' title="bbox 467 3223 3624 3305">
    <p class='ocr_par' dir='ltr' id='par_1_28' title="bbox 467 3223 3624 3305">
     <span class='ocr_line' id='line_1_28' title="bbox 467 3223 3624 3305; baseline 0.002 -23"><span class='ocrx_word' id='word_1_230' title='bbox 467 3227 751 3299; x_wconf 86' lang='lat' dir='ltr'><strong>Improbus</strong></span> <span class='ocrx_word' id='word_1_231' title='bbox 777 3227 942 3298; x_wconf 90' lang='lat' dir='ltr'><strong>igitur</strong></span> <span class='ocrx_word' id='word_1_232' title='bbox 971 3241 1035 3280; x_wconf 90' lang='lat' dir='ltr'><strong>ac</strong></span> <span class='ocrx_word' id='word_1_233' title='bbox 1065 3241 1241 3281; x_wconf 63' lang='lat' dir='ltr'><strong>savus</strong></span> <span class='ocrx_word' id='word_1_234' title='bbox 1272 3223 1363 3280; x_wconf 90' lang='lat' dir='ltr'><strong>ille</strong></span> <span class='ocrx_word' id='word_1_235' title='bbox 1393 3225 1576 3298; x_wconf 90' lang='lat' dir='ltr'><strong>Bugha</strong></span> <span class='ocrx_word' id='word_1_236' title='bbox 1599 3268 1613 3293; x_wconf 93' lang='lat'><strong>,</strong></span> <span class='ocrx_word' id='word_1_237' title='bbox 1660 3226 1752 3283; x_wconf 90' lang='lat' dir='ltr'><strong>ubi</strong></span> <span class='ocrx_word' id='word_1_238' title='bbox 1781 3241 1896 3282; x_wconf 91' lang='lat' dir='ltr'><strong>rem</strong></span> <span class='ocrx_word' id='word_1_239' title='bbox 1937 3243 2002 3283; x_wconf 91' lang='lat' dir='ltr'><strong>ex</strong></span> <span class='ocrx_word' id='word_1_240' title='bbox 2037 3227 2204 3282; x_wconf 91' lang='lat' dir='ltr'><strong>animi</strong></span> <span class='ocrx_word' id='word_1_241' title='bbox 2246 3231 2333 3283; x_wconf 92' lang='lat' dir='ltr'><strong>sui</strong></span> <span class='ocrx_word' id='word_1_242' title='bbox 2372 3230 2642 3284; x_wconf 85' lang='lat' dir='ltr'><strong>sententia</strong></span> <span class='ocrx_word' id='word_1_243' title='bbox 2690 3229 2915 3285; x_wconf 89' lang='lat' dir='ltr'><strong>conﬁeri</strong></span> <span class='ocrx_word' id='word_1_244' title='bbox 2965 3231 3174 3296; x_wconf 87' lang='lat' dir='ltr'><strong>sensit,</strong></span> <span class='ocrx_word' id='word_1_245' title='bbox 3207 3233 3446 3302; x_wconf 78' lang='lat' dir='ltr'><strong>regionis</strong></span> <span class='ocrx_word' id='word_1_246' title='bbox 3477 3236 3624 3305; x_wconf 81' lang='lat' dir='ltr'><strong>Opti-</strong></span> 
     </span>
    </p>
   </div>
   <div class='ocr_carea' id='block_1_29' title="bbox 384 3317 3623 3400">
    <p class='ocr_par' dir='ltr' id='par_1_29' title="bbox 384 3317 3623 3400">
     <span class='ocr_line' id='line_1_29' title="bbox 384 3317 3623 3400; baseline 0.003 -26"><span class='ocrx_word' id='word_1_247' title='bbox 384 3328 586 3383; x_wconf 73' lang='lat' dir='ltr'><strong>mntes,</strong></span> <span class='ocrx_word' id='word_1_248' title='bbox 615 3318 812 3389; x_wconf 88' lang='lat' dir='ltr'><strong>partim</strong></span> <span class='ocrx_word' id='word_1_249' title='bbox 845 3317 992 3383; x_wconf 89' lang='lat' dir='ltr'><strong>dolo,</strong></span> <span class='ocrx_word' id='word_1_250' title='bbox 1009 3319 1206 3387; x_wconf 88' lang='lat' dir='ltr'><strong>partim</strong></span> <span class='ocrx_word' id='word_1_251' title='bbox 1247 3320 1570 3375; x_wconf 84' lang='lat' dir='ltr'><strong>auctoritate</strong></span> <span class='ocrx_word' id='word_1_252' title='bbox 1610 3321 1665 3375; x_wconf 92' lang='lat' dir='ltr'><strong>in</strong></span> <span class='ocrx_word' id='word_1_253' title='bbox 1711 3335 1864 3376; x_wconf 90' lang='lat' dir='ltr'><strong>suam</strong></span> <span class='ocrx_word' id='word_1_254' title='bbox 1906 3327 2228 3400; x_wconf 86' lang='lat' dir='ltr'><strong>potestatem</strong></span> <span class='ocrx_word' id='word_1_255' title='bbox 2272 3323 2480 3394; x_wconf 80' lang='lat' dir='ltr'><strong>redegit</strong></span> <span class='ocrx_word' id='word_1_256' title='bbox 2509 3343 2521 3378; x_wconf 94' lang='lat'>:</span> <span class='ocrx_word' id='word_1_257' title='bbox 2559 3338 2696 3394; x_wconf 89' lang='lat' dir='ltr'><strong>quos</strong></span> <span class='ocrx_word' id='word_1_258' title='bbox 2726 3325 2868 3379; x_wconf 90' lang='lat' dir='ltr'><strong>inter</strong></span> <span class='ocrx_word' id='word_1_259' title='bbox 2898 3339 3154 3395; x_wconf 90' lang='lat' dir='ltr'><strong>magnum</strong></span> <span class='ocrx_word' id='word_1_260' title='bbox 3188 3341 3405 3396; x_wconf 86' lang='lat' dir='ltr'><strong>quoque</strong></span> <span class='ocrx_word' id='word_1_261' title='bbox 3425 3327 3623 3384; x_wconf 87' lang='lat' dir='ltr'><strong>ducem</strong></span> 
     </span>
    </p>
   </div>
   <div class='ocr_carea' id='block_1_30' title="bbox 383 3406 3610 3482">
    <p class='ocr_par' dir='ltr' id='par_1_30' title="bbox 383 3406 3610 3482">
     <span class='ocr_line' id='line_1_30' title="bbox 383 3406 3610 3482; baseline 0.002 -18"><span class='ocrx_word' id='word_1_262' title='bbox 383 3409 763 3464; x_wconf 79' lang='lat' dir='ltr'><strong>Armeniarum</strong></span> <span class='ocrx_word' id='word_1_263' title='bbox 808 3406 1158 3472; x_wconf 87' lang='lat' dir='ltr'><strong>Sembatum,</strong></span> <span class='ocrx_word' id='word_1_264' title='bbox 1189 3416 1553 3477; x_wconf 68' lang='lat' dir='ltr'><strong>eosnomento</strong></span> <span class='ocrx_word' id='word_1_265' title='bbox 1581 3409 1911 3479; x_wconf 82' lang='lat' dir='ltr'><strong>Aplabasum</strong></span> <span class='ocrx_word' id='word_1_266' title='bbox 1932 3449 1947 3475; x_wconf 95' lang='lat'><strong>,</strong></span> <span class='ocrx_word' id='word_1_267' title='bbox 1979 3424 2110 3465; x_wconf 89' lang='lat' dir='ltr'><strong>sane</strong></span> <span class='ocrx_word' id='word_1_268' title='bbox 2143 3412 2350 3481; x_wconf 77' lang='lat' dir='ltr'><strong>angelis</strong></span> <span class='ocrx_word' id='word_1_269' title='bbox 2383 3412 2744 3482; x_wconf 87' lang='lat' dir='ltr'><strong>exoptabilem</strong></span> <span class='ocrx_word' id='word_1_270' title='bbox 2791 3418 3014 3482; x_wconf 89' lang='lat' dir='ltr'><strong>propter</strong></span> <span class='ocrx_word' id='word_1_271' title='bbox 3042 3427 3227 3466; x_wconf 87' lang='lat' dir='ltr'><strong>veram</strong></span> <span class='ocrx_word' id='word_1_272' title='bbox 3271 3413 3478 3469; x_wconf 87' lang='lat' dir='ltr'><strong>Christi</strong></span> <span class='ocrx_word' id='word_1_273' title='bbox 3509 3432 3610 3470; x_wconf 82' lang='lat' dir='ltr'><strong>no-</strong></span> 
     </span>
    </p>
   </div>
   <div class='ocr_carea' id='block_1_31' title="bbox 379 3499 3625 3576">
    <p class='ocr_par' dir='ltr' id='par_1_31' title="bbox 379 3499 3625 3576">
     <span class='ocr_line' id='line_1_31' title="bbox 379 3499 3625 3576; baseline 0.002 -21"><span class='ocrx_word' id='word_1_274' title='bbox 379 3504 586 3567; x_wconf 89' lang='lat' dir='ltr'><strong>titiam,</strong></span> <span class='ocrx_word' id='word_1_275' title='bbox 619 3503 712 3572; x_wconf 92' lang='lat' dir='ltr'><strong>qui</strong></span> <span class='ocrx_word' id='word_1_276' title='bbox 743 3509 798 3556; x_wconf 89' lang='lat' dir='ltr'><strong>et</strong></span> <span class='ocrx_word' id='word_1_277' title='bbox 829 3499 1114 3556; x_wconf 78' lang='lat' dir='ltr'><strong>confessor</strong></span> <span class='ocrx_word' id='word_1_278' title='bbox 1144 3501 1446 3572; x_wconf 90' lang='lat' dir='ltr'><strong>appellatus</strong></span> <span class='ocrx_word' id='word_1_279' title='bbox 1475 3510 1580 3558; x_wconf 87' lang='lat' dir='ltr'><strong>est.</strong></span> <span class='ocrx_word' id='word_1_280' title='bbox 1615 3501 1734 3558; x_wconf 79' lang='lat' dir='ltr'><strong>Jam</strong></span> <span class='ocrx_word' id='word_1_281' title='bbox 1766 3518 1895 3558; x_wconf 90' lang='lat' dir='ltr'><strong>vero</strong></span> <span class='ocrx_word' id='word_1_282' title='bbox 1938 3504 2116 3558; x_wconf 89' lang='lat' dir='ltr'><strong>malus</strong></span> <span class='ocrx_word' id='word_1_283' title='bbox 2151 3504 2254 3559; x_wconf 87' lang='lat' dir='ltr'><strong>iste</strong></span> <span class='ocrx_word' id='word_1_284' title='bbox 2281 3504 2468 3576; x_wconf 81' lang='lat' dir='ltr'><strong>Bugha</strong></span> <span class='ocrx_word' id='word_1_285' title='bbox 2501 3505 2569 3560; x_wconf 92' lang='lat' dir='ltr'><strong>ad</strong></span> <span class='ocrx_word' id='word_1_286' title='bbox 2598 3520 2853 3575; x_wconf 91' lang='lat' dir='ltr'><strong>magnum</strong></span> <span class='ocrx_word' id='word_1_287' title='bbox 2885 3505 3129 3560; x_wconf 86' lang='lat' dir='ltr'><strong>Amiram</strong></span> <span class='ocrx_word' id='word_1_288' title='bbox 3165 3507 3401 3562; x_wconf 89' lang='lat' dir='ltr'><strong>reditum</strong></span> <span class='ocrx_word' id='word_1_289' title='bbox 3432 3521 3625 3564; x_wconf 85' lang='lat' dir='ltr'><strong>matu-</strong></span> 
     </span>
    </p>
   </div>
   <div class='ocr_carea' id='block_1_32' title="bbox 377 3597 3630 3671">
    <p class='ocr_par' dir='ltr' id='par_1_32' title="bbox 377 3597 3630 3671">
     <span class='ocr_line' id='line_1_32' title="bbox 377 3597 3630 3671; baseline 0.001 -17"><span class='ocrx_word' id='word_1_290' title='bbox 377 3613 536 3663; x_wconf 89' lang='lat' dir='ltr'><strong>rans,</strong></span> <span class='ocrx_word' id='word_1_291' title='bbox 570 3598 812 3668; x_wconf 89' lang='lat' dir='ltr'><strong>reliquos</strong></span> <span class='ocrx_word' id='word_1_292' title='bbox 859 3597 1090 3653; x_wconf 90' lang='lat' dir='ltr'><strong>vinculis</strong></span> <span class='ocrx_word' id='word_1_293' title='bbox 1115 3637 1130 3663; x_wconf 90' lang='lat'><strong>,</strong></span> <span class='ocrx_word' id='word_1_294' title='bbox 1166 3597 1481 3652; x_wconf 88' lang='lat' dir='ltr'><strong>Sembatum</strong></span> <span class='ocrx_word' id='word_1_295' title='bbox 1516 3607 1700 3654; x_wconf 90' lang='lat' dir='ltr'><strong>autem</strong></span> <span class='ocrx_word' id='word_1_296' title='bbox 1727 3597 1916 3653; x_wconf 83' lang='lat' dir='ltr'><strong>fraude</strong></span> <span class='ocrx_word' id='word_1_297' title='bbox 1941 3599 2330 3671; x_wconf 88' lang='lat' dir='ltr'><strong>insidiosisque</strong></span> <span class='ocrx_word' id='word_1_298' title='bbox 2353 3600 2622 3655; x_wconf 89' lang='lat' dir='ltr'><strong>bonorum</strong></span> <span class='ocrx_word' id='word_1_299' title='bbox 2650 3601 2935 3670; x_wconf 88' lang='lat' dir='ltr'><strong>promissis</strong></span> <span class='ocrx_word' id='word_1_300' title='bbox 2965 3616 3151 3656; x_wconf 90' lang='lat' dir='ltr'><strong>secum</strong></span> <span class='ocrx_word' id='word_1_301' title='bbox 3180 3601 3460 3658; x_wconf 85' lang='lat' dir='ltr'><strong>avehebat.</strong></span> <span class='ocrx_word' id='word_1_302' title='bbox 3488 3601 3630 3658; x_wconf 81' lang='lat' dir='ltr'><strong>Inte-</strong></span> 
     </span>
    </p>
   </div>
   <div class='ocr_carea' id='block_1_33' title="bbox 380 3691 3628 3767">
    <p class='ocr_par' dir='ltr' id='par_1_33' title="bbox 380 3691 3628 3767">
     <span class='ocr_line' id='line_1_33' title="bbox 380 3691 3628 3767; baseline 0.001 -19"><span class='ocrx_word' id='word_1_303' title='bbox 380 3696 482 3748; x_wconf 91' lang='lat' dir='ltr'><strong>rim</strong></span> <span class='ocrx_word' id='word_1_304' title='bbox 508 3693 635 3764; x_wconf 90' lang='lat' dir='ltr'><strong>quia</strong></span> <span class='ocrx_word' id='word_1_305' title='bbox 673 3691 913 3748; x_wconf 86' lang='lat' dir='ltr'><strong>Joannes</strong></span> <span class='ocrx_word' id='word_1_306' title='bbox 937 3694 1047 3746; x_wconf 90' lang='lat' dir='ltr'><strong>vita</strong></span> <span class='ocrx_word' id='word_1_307' title='bbox 1079 3701 1417 3759; x_wconf 79' lang='lat' dir='ltr'><strong>excesserat,</strong></span> <span class='ocrx_word' id='word_1_308' title='bbox 1449 3693 1742 3748; x_wconf 87' lang='lat' dir='ltr'><strong>Zacharias</strong></span> <span class='ocrx_word' id='word_1_309' title='bbox 1772 3694 1826 3747; x_wconf 91' lang='lat' dir='ltr'><strong>in</strong></span> <span class='ocrx_word' id='word_1_310' title='bbox 1855 3701 2094 3750; x_wconf 88' lang='lat' dir='ltr'><strong>sanctam</strong></span> <span class='ocrx_word' id='word_1_311' title='bbox 2121 3694 2438 3765; x_wconf 86' lang='lat' dir='ltr'><strong>dignitatem</strong></span> <span class='ocrx_word' id='word_1_312' title='bbox 2471 3694 2803 3751; x_wconf 88' lang='lat' dir='ltr'><strong>substitutus</strong></span> <span class='ocrx_word' id='word_1_313' title='bbox 2826 3703 2943 3762; x_wconf 91' lang='lat' dir='ltr'><strong>est,</strong></span> <span class='ocrx_word' id='word_1_314' title='bbox 2977 3696 3070 3766; x_wconf 92' lang='lat' dir='ltr'><strong>qui</strong></span> <span class='ocrx_word' id='word_1_315' title='bbox 3104 3695 3269 3753; x_wconf 89' lang='lat' dir='ltr'><strong>unius</strong></span> <span class='ocrx_word' id='word_1_316' title='bbox 3302 3696 3408 3752; x_wconf 90' lang='lat' dir='ltr'><strong>diei</strong></span> <span class='ocrx_word' id='word_1_317' title='bbox 3447 3697 3628 3767; x_wconf 86' lang='lat' dir='ltr'><strong>spatio</strong></span> 
     </span>
    </p>
   </div>
   <div class='ocr_carea' id='block_1_34' title="bbox 379 3787 2642 3863">
    <p class='ocr_par' dir='ltr' id='par_1_34' title="bbox 379 3787 2642 3863">
     <span class='ocr_line' id='line_1_34' title="bbox 379 3787 2642 3863; baseline 0.003 -22"><span class='ocrx_word' id='word_1_318' title='bbox 379 3804 409 3841; x_wconf 86' lang='lat' dir='ltr'><strong>a</strong></span> <span class='ocrx_word' id='word_1_319' title='bbox 437 3787 763 3856; x_wconf 86' lang='lat' dir='ltr'><strong>sacerdotio,</strong></span> <span class='ocrx_word' id='word_1_320' title='bbox 797 3789 907 3844; x_wconf 89' lang='lat' dir='ltr'><strong>imo</strong></span> <span class='ocrx_word' id='word_1_321' title='bbox 937 3801 968 3842; x_wconf 91' lang='lat' dir='ltr'><strong>a</strong></span> <span class='ocrx_word' id='word_1_322' title='bbox 990 3787 1305 3854; x_wconf 88' lang='lat' dir='ltr'><strong>diaconatu,</strong></span> <span class='ocrx_word' id='word_1_323' title='bbox 1333 3789 1403 3843; x_wconf 91' lang='lat' dir='ltr'><strong>ad</strong></span> <span class='ocrx_word' id='word_1_324' title='bbox 1434 3788 1618 3844; x_wconf 90' lang='lat' dir='ltr'><strong>throni</strong></span> <span class='ocrx_word' id='word_1_325' title='bbox 1643 3789 2025 3860; x_wconf 89' lang='lat' dir='ltr'><strong>patriarchalis</strong></span> <span class='ocrx_word' id='word_1_326' title='bbox 2057 3789 2336 3863; x_wconf 79' lang='lat' dir='ltr'><strong>fastigium</strong></span> <span class='ocrx_word' id='word_1_327' title='bbox 2361 3791 2642 3848; x_wconf 89' lang='lat' dir='ltr'><strong>transiliit.</strong></span> 
     </span>
    </p>
   </div>
   <div class='ocr_carea' id='block_1_35' title="bbox 452 3964 3626 4042">
    <p class='ocr_par' dir='ltr' id='par_1_35' title="bbox 452 3964 3626 4042">
     <span class='ocr_line' id='line_1_35' title="bbox 452 3964 3626 4042; baseline -0 -21"><span class='ocrx_word' id='word_1_328' title='bbox 452 3964 565 4038; x_wconf 84' lang='lat' dir='ltr'><strong>Age</strong></span> <span class='ocrx_word' id='word_1_329' title='bbox 595 3982 726 4022; x_wconf 84' lang='lat' dir='ltr'><strong>vero</strong></span> <span class='ocrx_word' id='word_1_330' title='bbox 758 3967 1014 4024; x_wconf 92' lang='lat' dir='ltr'><strong>omnibus</strong></span> <span class='ocrx_word' id='word_1_331' title='bbox 1043 3966 1137 4038; x_wconf 90' lang='lat' dir='ltr'><strong>qui</strong></span> <span class='ocrx_word' id='word_1_332' title='bbox 1167 3983 1197 4021; x_wconf 91' lang='lat' dir='ltr'><strong>a</strong></span> <span class='ocrx_word' id='word_1_333' title='bbox 1226 3966 1460 4022; x_wconf 87' lang='lat' dir='ltr'><strong>scelesto</strong></span> <span class='ocrx_word' id='word_1_334' title='bbox 1487 3966 1674 4038; x_wconf 80' lang='lat' dir='ltr'><strong>Bugha</strong></span> <span class='ocrx_word' id='word_1_335' title='bbox 1703 3967 1920 4023; x_wconf 91' lang='lat' dir='ltr'><strong>abducti</strong></span> <span class='ocrx_word' id='word_1_336' title='bbox 1956 3968 2210 4036; x_wconf 88' lang='lat' dir='ltr'><strong>fuerant,</strong></span> <span class='ocrx_word' id='word_1_337' title='bbox 2239 3971 2492 4041; x_wconf 89' lang='lat' dir='ltr'><strong>protinus</strong></span> <span class='ocrx_word' id='word_1_338' title='bbox 2531 3970 2771 4042; x_wconf 86' lang='lat' dir='ltr'><strong>supremi</strong></span> <span class='ocrx_word' id='word_1_339' title='bbox 2803 3969 3020 4042; x_wconf 82' lang='lat' dir='ltr'><strong>tyranni</strong></span> <span class='ocrx_word' id='word_1_340' title='bbox 3040 3969 3200 4039; x_wconf 88' lang='lat' dir='ltr'><strong>jussu</strong></span> <span class='ocrx_word' id='word_1_341' title='bbox 3238 3983 3460 4023; x_wconf 88' lang='lat' dir='ltr'><strong>carcere</strong></span> <span class='ocrx_word' id='word_1_342' title='bbox 3493 3982 3626 4022; x_wconf 82' lang='lat' dir='ltr'><strong>con-</strong></span> 
     </span>
    </p>
   </div>
   <div class='ocr_carea' id='block_1_36' title="bbox 390 4061 3625 4133">
    <p class='ocr_par' dir='ltr' id='par_1_36' title="bbox 390 4061 3625 4133">
     <span class='ocr_line' id='line_1_36' title="bbox 390 4061 3625 4133; baseline -0 -16"><span class='ocrx_word' id='word_1_343' title='bbox 390 4061 558 4117; x_wconf 90' lang='lat' dir='ltr'><strong>clusis</strong></span> <span class='ocrx_word' id='word_1_344' title='bbox 583 4103 597 4128; x_wconf 91' lang='lat'><strong>,</strong></span> <span class='ocrx_word' id='word_1_345' title='bbox 631 4063 742 4118; x_wconf 87' lang='lat' dir='ltr'><strong>nisi</strong></span> <span class='ocrx_word' id='word_1_346' title='bbox 771 4063 976 4118; x_wconf 91' lang='lat' dir='ltr'><strong>Christi</strong></span> <span class='ocrx_word' id='word_1_347' title='bbox 1005 4063 1176 4133; x_wconf 88' lang='lat' dir='ltr'><strong>legem</strong></span> <span class='ocrx_word' id='word_1_348' title='bbox 1209 4070 1646 4128; x_wconf 77' lang='lat' dir='ltr'><strong>exsecrarentur,</strong></span> <span class='ocrx_word' id='word_1_349' title='bbox 1678 4079 1788 4118; x_wconf 91' lang='lat' dir='ltr'><strong>non</strong></span> <span class='ocrx_word' id='word_1_350' title='bbox 1814 4065 1930 4120; x_wconf 89' lang='lat' dir='ltr'><strong>sine</strong></span> <span class='ocrx_word' id='word_1_351' title='bbox 1957 4064 2092 4121; x_wconf 90' lang='lat' dir='ltr'><strong>diris</strong></span> <span class='ocrx_word' id='word_1_352' title='bbox 2129 4065 2469 4122; x_wconf 90' lang='lat' dir='ltr'><strong>cruciatibus</strong></span> <span class='ocrx_word' id='word_1_353' title='bbox 2503 4065 2846 4120; x_wconf 89' lang='lat' dir='ltr'><strong>moriendum</strong></span> <span class='ocrx_word' id='word_1_354' title='bbox 2884 4063 3005 4118; x_wconf 90' lang='lat' dir='ltr'><strong>fuit.</strong></span> <span class='ocrx_word' id='word_1_355' title='bbox 3055 4063 3122 4118; x_wconf 87' lang='lat' dir='ltr'><strong>Et</strong></span> <span class='ocrx_word' id='word_1_356' title='bbox 3153 4080 3286 4120; x_wconf 91' lang='lat' dir='ltr'><strong>sane</strong></span> <span class='ocrx_word' id='word_1_357' title='bbox 3319 4078 3428 4118; x_wconf 87' lang='lat' dir='ltr'><strong>non</strong></span> <span class='ocrx_word' id='word_1_358' title='bbox 3463 4061 3625 4132; x_wconf 82' lang='lat' dir='ltr'><strong>pauci</strong></span> 
     </span>
    </p>
   </div>
   <div class='ocr_carea' id='block_1_37' title="bbox 385 4153 3628 4228">
    <p class='ocr_par' dir='ltr' id='par_1_37' title="bbox 385 4153 3628 4228">
     <span class='ocr_line' id='line_1_37' title="bbox 385 4153 3628 4228; baseline -0.001 -20"><span class='ocrx_word' id='word_1_359' title='bbox 385 4155 630 4226; x_wconf 90' lang='lat' dir='ltr'><strong>corporis</strong></span> <span class='ocrx_word' id='word_1_360' title='bbox 658 4172 794 4212; x_wconf 91' lang='lat' dir='ltr'><strong>nece</strong></span> <span class='ocrx_word' id='word_1_361' title='bbox 822 4154 1098 4228; x_wconf 87' lang='lat' dir='ltr'><strong>perterriti</strong></span> <span class='ocrx_word' id='word_1_362' title='bbox 1130 4169 1162 4208; x_wconf 87' lang='lat' dir='ltr'><strong>a</strong></span> <span class='ocrx_word' id='word_1_363' title='bbox 1189 4155 1293 4210; x_wconf 89' lang='lat' dir='ltr'><strong>ﬁde</strong></span> <span class='ocrx_word' id='word_1_364' title='bbox 1318 4153 1674 4216; x_wconf 84' lang='lat' dir='ltr'><strong>defecerunt;</strong></span> <span class='ocrx_word' id='word_1_365' title='bbox 1707 4163 1935 4226; x_wconf 90' lang='lat' dir='ltr'><strong>excepto</strong></span> <span class='ocrx_word' id='word_1_366' title='bbox 1959 4157 2162 4227; x_wconf 88' lang='lat' dir='ltr'><strong>inclyto</strong></span> <span class='ocrx_word' id='word_1_367' title='bbox 2193 4157 2472 4222; x_wconf 84' lang='lat' dir='ltr'><strong>Sembato,</strong></span> <span class='ocrx_word' id='word_1_368' title='bbox 2501 4159 2593 4228; x_wconf 89' lang='lat' dir='ltr'><strong>qui</strong></span> <span class='ocrx_word' id='word_1_369' title='bbox 2623 4157 2726 4212; x_wconf 93' lang='lat' dir='ltr'><strong>etsi</strong></span> <span class='ocrx_word' id='word_1_370' title='bbox 2759 4156 3039 4212; x_wconf 90' lang='lat' dir='ltr'><strong>Christum</strong></span> <span class='ocrx_word' id='word_1_371' title='bbox 3072 4162 3389 4210; x_wconf 89' lang='lat' dir='ltr'><strong>constanter</strong></span> <span class='ocrx_word' id='word_1_372' title='bbox 3416 4155 3628 4224; x_wconf 85' lang='lat' dir='ltr'><strong>palam-</strong></span> 
     </span>
    </p>
   </div>
   <div class='ocr_carea' id='block_1_38' title="bbox 382 4245 3630 4321">
    <p class='ocr_par' dir='ltr' id='par_1_38' title="bbox 382 4245 3630 4321">
     <span class='ocr_line' id='line_1_38' title="bbox 382 4245 3630 4321; baseline -0.001 -16"><span class='ocrx_word' id='word_1_373' title='bbox 382 4268 488 4321; x_wconf 88' lang='lat' dir='ltr'><strong>que</strong></span> <span class='ocrx_word' id='word_1_374' title='bbox 519 4251 894 4316; x_wconf 91' lang='lat' dir='ltr'><strong>conﬁtebatur,</strong></span> <span class='ocrx_word' id='word_1_375' title='bbox 930 4249 1288 4306; x_wconf 89' lang='lat' dir='ltr'><strong>nihilominus</strong></span> <span class='ocrx_word' id='word_1_376' title='bbox 1319 4250 1374 4303; x_wconf 91' lang='lat' dir='ltr'><strong>in</strong></span> <span class='ocrx_word' id='word_1_377' title='bbox 1405 4249 1640 4305; x_wconf 88' lang='lat' dir='ltr'><strong>vinculis</strong></span> <span class='ocrx_word' id='word_1_378' title='bbox 1673 4257 1849 4305; x_wconf 90' lang='lat' dir='ltr'><strong>morte</strong></span> <span class='ocrx_word' id='word_1_379' title='bbox 1875 4264 1974 4305; x_wconf 90' lang='lat' dir='ltr'><strong>sua</strong></span> <span class='ocrx_word' id='word_1_380' title='bbox 2005 4249 2160 4306; x_wconf 92' lang='lat' dir='ltr'><strong>obiit.</strong></span> <span class='ocrx_word' id='word_1_381' title='bbox 2192 4248 2490 4305; x_wconf 68' lang='lat' dir='ltr'><strong>Praafectus</strong></span> <span class='ocrx_word' id='word_1_382' title='bbox 2525 4249 2744 4303; x_wconf 90' lang='lat' dir='ltr'><strong>interim</strong></span> <span class='ocrx_word' id='word_1_383' title='bbox 2775 4248 2998 4318; x_wconf 91' lang='lat' dir='ltr'><strong>quidam</strong></span> <span class='ocrx_word' id='word_1_384' title='bbox 3045 4245 3389 4317; x_wconf 85' lang='lat' dir='ltr'><strong>Stephanus,</strong></span> <span class='ocrx_word' id='word_1_385' title='bbox 3421 4261 3630 4316; x_wconf 86' lang='lat' dir='ltr'><strong>cogno-</strong></span> 
     </span>
    </p>
   </div>
   <div class='ocr_carea' id='block_1_39' title="bbox 381 4339 3628 4416">
    <p class='ocr_par' dir='ltr' id='par_1_39' title="bbox 381 4339 3628 4416">
     <span class='ocr_line' id='line_1_39' title="bbox 381 4339 3628 4416; baseline -0.002 -14"><span class='ocrx_word' id='word_1_386' title='bbox 381 4349 526 4403; x_wconf 90' lang='lat' dir='ltr'><strong>mine</strong></span> <span class='ocrx_word' id='word_1_387' title='bbox 552 4346 766 4410; x_wconf 91' lang='lat' dir='ltr'><strong>Conus,</strong></span> <span class='ocrx_word' id='word_1_388' title='bbox 796 4343 1068 4416; x_wconf 87' lang='lat' dir='ltr'><strong>intrepide</strong></span> <span class='ocrx_word' id='word_1_389' title='bbox 1097 4343 1374 4400; x_wconf 90' lang='lat' dir='ltr'><strong>Christum</strong></span> <span class='ocrx_word' id='word_1_390' title='bbox 1400 4343 1690 4399; x_wconf 89' lang='lat' dir='ltr'><strong>confessus</strong></span> <span class='ocrx_word' id='word_1_391' title='bbox 1717 4344 1964 4415; x_wconf 84' lang='lat' dir='ltr'><strong>martyrii</strong></span> <span class='ocrx_word' id='word_1_392' title='bbox 1994 4344 2172 4414; x_wconf 89' lang='lat' dir='ltr'><strong>palma</strong></span> <span class='ocrx_word' id='word_1_393' title='bbox 2200 4342 2435 4398; x_wconf 87' lang='lat' dir='ltr'><strong>donatus</strong></span> <span class='ocrx_word' id='word_1_394' title='bbox 2471 4350 2556 4398; x_wconf 86' lang='lat' dir='ltr'><strong>est</strong></span> <span class='ocrx_word' id='word_1_395' title='bbox 2585 4357 2730 4396; x_wconf 89' lang='lat' dir='ltr'><strong>anno</strong></span> <span class='ocrx_word' id='word_1_396' title='bbox 2775 4355 2898 4395; x_wconf 69' lang='lat' dir='ltr'><strong>aera:</strong></span> <span class='ocrx_word' id='word_1_397' title='bbox 2954 4340 3338 4394; x_wconf 82' lang='lat' dir='ltr'><strong>Armeniorum</strong></span> <span class='ocrx_word' id='word_1_398' title='bbox 3377 4339 3628 4394; x_wconf 88' lang='lat' dir='ltr'><strong>secundo</strong></span> 
     </span>
    </p>
   </div>
   <div class='ocr_carea' id='block_1_40' title="bbox 379 4431 3624 4509">
    <p class='ocr_par' dir='ltr' id='par_1_40' title="bbox 379 4431 3624 4509">
     <span class='ocr_line' id='line_1_40' title="bbox 379 4431 3624 4509; baseline -0.002 -16"><span class='ocrx_word' id='word_1_399' title='bbox 379 4454 542 4509; x_wconf 89' lang='lat' dir='ltr'><strong>supra</strong></span> <span class='ocrx_word' id='word_1_400' title='bbox 594 4439 1059 4494; x_wconf 88' lang='lat' dir='ltr'><strong>trecentesimum.</strong></span> <span class='ocrx_word' id='word_1_401' title='bbox 1104 4437 1277 4492; x_wconf 86' lang='lat' dir='ltr'><strong>Porro</strong></span> <span class='ocrx_word' id='word_1_402' title='bbox 1322 4437 1573 4508; x_wconf 64' lang='lat' dir='ltr'><strong>praedicti</strong></span> <span class='ocrx_word' id='word_1_403' title='bbox 1633 4435 1876 4492; x_wconf 91' lang='lat' dir='ltr'><strong>Sembati</strong></span> <span class='ocrx_word' id='word_1_404' title='bbox 1925 4437 2261 4494; x_wconf 87' lang='lat' dir='ltr'><strong>confessoris</strong></span> <span class='ocrx_word' id='word_1_405' title='bbox 2304 4451 2504 4506; x_wconf 87' lang='lat' dir='ltr'><strong>corpus</strong></span> <span class='ocrx_word' id='word_1_406' title='bbox 2545 4450 2668 4490; x_wconf 91' lang='lat' dir='ltr'><strong>cum</strong></span> <span class='ocrx_word' id='word_1_407' title='bbox 2712 4434 2917 4506; x_wconf 90' lang='lat' dir='ltr'><strong>ingenti</strong></span> <span class='ocrx_word' id='word_1_408' title='bbox 2965 4447 3161 4504; x_wconf 90' lang='lat' dir='ltr'><strong>pompa</strong></span> <span class='ocrx_word' id='word_1_409' title='bbox 3203 4442 3258 4487; x_wconf 92' lang='lat' dir='ltr'><strong>et</strong></span> <span class='ocrx_word' id='word_1_410' title='bbox 3301 4431 3624 4503; x_wconf 87' lang='lat' dir='ltr'><strong>psalmodiis</strong></span> 
     </span>
    </p>
   </div>
   <div class='ocr_carea' id='block_1_41' title="bbox 381 4526 3622 4599">
    <p class='ocr_par' dir='ltr' id='par_1_41' title="bbox 381 4526 3622 4599">
     <span class='ocr_line' id='line_1_41' title="bbox 381 4526 3622 4599; baseline -0.002 -12"><span class='ocrx_word' id='word_1_411' title='bbox 381 4551 411 4587; x_wconf 83' lang='lat' dir='ltr'><strong>a</strong></span> <span class='ocrx_word' id='word_1_412' title='bbox 447 4532 695 4587; x_wconf 89' lang='lat' dir='ltr'><strong>ﬁdelibus</strong></span> <span class='ocrx_word' id='word_1_413' title='bbox 729 4532 932 4586; x_wconf 91' lang='lat' dir='ltr'><strong>elatum</strong></span> <span class='ocrx_word' id='word_1_414' title='bbox 962 4539 1046 4586; x_wconf 88' lang='lat' dir='ltr'><strong>est</strong></span> <span class='ocrx_word' id='word_1_415' title='bbox 1093 4531 1160 4587; x_wconf 92' lang='lat' dir='ltr'><strong>ad</strong></span> <span class='ocrx_word' id='word_1_416' title='bbox 1208 4530 1395 4586; x_wconf 91' lang='lat' dir='ltr'><strong>Sancti</strong></span> <span class='ocrx_word' id='word_1_417' title='bbox 1432 4531 1673 4589; x_wconf 88' lang='lat' dir='ltr'><strong>Danielis</strong></span> <span class='ocrx_word' id='word_1_418' title='bbox 1708 4547 1924 4588; x_wconf 83' lang='lat' dir='ltr'><strong>sacram</strong></span> <span class='ocrx_word' id='word_1_419' title='bbox 1949 4532 2156 4599; x_wconf 68' lang='lat' dir='ltr'><strong>aedem,</strong></span> <span class='ocrx_word' id='word_1_420' title='bbox 2195 4532 2324 4588; x_wconf 91' lang='lat' dir='ltr'><strong>illuc</strong></span> <span class='ocrx_word' id='word_1_421' title='bbox 2353 4531 2615 4586; x_wconf 87' lang='lat' dir='ltr'><strong>nimirum</strong></span> <span class='ocrx_word' id='word_1_422' title='bbox 2658 4531 2750 4586; x_wconf 90' lang='lat' dir='ltr'><strong>ubi</strong></span> <span class='ocrx_word' id='word_1_423' title='bbox 2785 4530 2891 4584; x_wconf 91' lang='lat' dir='ltr'><strong>iste</strong></span> <span class='ocrx_word' id='word_1_424' title='bbox 2923 4527 3054 4582; x_wconf 90' lang='lat' dir='ltr'><strong>olim</strong></span> <span class='ocrx_word' id='word_1_425' title='bbox 3093 4526 3311 4581; x_wconf 91' lang='lat' dir='ltr'><strong>leonum</strong></span> <span class='ocrx_word' id='word_1_426' title='bbox 3348 4526 3403 4580; x_wconf 93' lang='lat' dir='ltr'><strong>in</strong></span> <span class='ocrx_word' id='word_1_427' title='bbox 3442 4527 3622 4580; x_wconf 91' lang='lat' dir='ltr'><strong>lacum</strong></span> 
     </span>
    </p>
   </div>
   <div class='ocr_carea' id='block_1_42' title="bbox 381 4626 878 4696">
    <p class='ocr_par' dir='ltr' id='par_1_42' title="bbox 381 4626 878 4696">
     <span class='ocr_line' id='line_1_42' title="bbox 381 4626 878 4696; baseline -0.002 -16"><span class='ocrx_word' id='word_1_428' title='bbox 381 4627 556 4682; x_wconf 88' lang='lat' dir='ltr'><strong>fuerat</strong></span> <span class='ocrx_word' id='word_1_429' title='bbox 581 4626 878 4696; x_wconf 87' lang='lat' dir='ltr'><strong>projectus.</strong></span> 
     </span>
    </p>
   </div>
   <div class='ocr_carea' id='block_1_43' title="bbox 448 4839 3672 4917">
    <p class='ocr_par' dir='ltr' id='par_1_43' title="bbox 448 4839 3672 4917">
     <span class='ocr_line' id='line_1_43' title="bbox 448 4839 3672 4917; baseline -0.002 -18"><span class='ocrx_word' id='word_1_430' title='bbox 448 4844 731 4901; x_wconf 82' lang='lat' dir='ltr'><strong>Exstincto</strong></span> <span class='ocrx_word' id='word_1_431' title='bbox 767 4843 1058 4912; x_wconf 88' lang='lat' dir='ltr'><strong>Sembato,</strong></span> <span class='ocrx_word' id='word_1_432' title='bbox 1090 4860 1275 4901; x_wconf 90' lang='lat' dir='ltr'><strong>rerum</strong></span> <span class='ocrx_word' id='word_1_433' title='bbox 1316 4845 1556 4900; x_wconf 88' lang='lat' dir='ltr'><strong>habenas</strong></span> <span class='ocrx_word' id='word_1_434' title='bbox 1583 4843 1847 4915; x_wconf 89' lang='lat' dir='ltr'><strong>corripuit</strong></span> <span class='ocrx_word' id='word_1_435' title='bbox 1874 4845 2020 4900; x_wconf 89' lang='lat' dir='ltr'><strong>ﬁlius</strong></span> <span class='ocrx_word' id='word_1_436' title='bbox 2049 4847 2293 4917; x_wconf 91' lang='lat' dir='ltr'><strong>ejusdem</strong></span> <span class='ocrx_word' id='word_1_437' title='bbox 2328 4846 2594 4912; x_wconf 86' lang='lat' dir='ltr'><strong>Asutius;</strong></span> <span class='ocrx_word' id='word_1_438' title='bbox 2626 4845 2782 4914; x_wconf 89' lang='lat' dir='ltr'><strong>isque</strong></span> <span class='ocrx_word' id='word_1_439' title='bbox 2813 4859 2926 4916; x_wconf 71' lang='lat' dir='ltr'><strong>pra:</strong></span> <span class='ocrx_word' id='word_1_440' title='bbox 2949 4843 3164 4898; x_wconf 91' lang='lat' dir='ltr'><strong>cunctis</strong></span> <span class='ocrx_word' id='word_1_441' title='bbox 3187 4841 3488 4912; x_wconf 88' lang='lat' dir='ltr'><strong>majoribus</strong></span> <span class='ocrx_word' id='word_1_442' title='bbox 3509 4839 3624 4896; x_wconf 83' lang='lat' dir='ltr'><strong>suis</strong></span> <span class='ocrx_word' id='word_1_443' title='bbox 3667 4851 3672 4860; x_wconf 86' lang='lat'><strong><em>&#39;</em></strong></span> 
     </span>
    </p>
   </div>
   <div class='ocr_carea' id='block_1_44' title="bbox 379 4931 3621 5009">
    <p class='ocr_par' dir='ltr' id='par_1_44' title="bbox 379 4931 3621 5009">
     <span class='ocr_line' id='line_1_44' title="bbox 379 4931 3621 5009; baseline -0.002 -17"><span class='ocrx_word' id='word_1_444' title='bbox 379 4937 612 5002; x_wconf 88' lang='lat' dir='ltr'><strong>claruit,</strong></span> <span class='ocrx_word' id='word_1_445' title='bbox 641 4952 809 5009; x_wconf 90' lang='lat' dir='ltr'><strong>seque</strong></span> <span class='ocrx_word' id='word_1_446' title='bbox 841 4938 1155 5008; x_wconf 87' lang='lat' dir='ltr'><strong>integritate</strong></span> <span class='ocrx_word' id='word_1_447' title='bbox 1178 4945 1232 4993; x_wconf 91' lang='lat' dir='ltr'><strong>et</strong></span> <span class='ocrx_word' id='word_1_448' title='bbox 1263 4937 1590 5008; x_wconf 80' lang='lat' dir='ltr'><strong>benignitate</strong></span> <span class='ocrx_word' id='word_1_449' title='bbox 1621 4936 1758 4992; x_wconf 89' lang='lat' dir='ltr'><strong>adeo</strong></span> <span class='ocrx_word' id='word_1_450' title='bbox 1777 4937 2200 5004; x_wconf 85' lang='lat' dir='ltr'><strong>commendavit,</strong></span> <span class='ocrx_word' id='word_1_451' title='bbox 2228 4946 2289 4993; x_wconf 94' lang='lat' dir='ltr'><strong>ut</strong></span> <span class='ocrx_word' id='word_1_452' title='bbox 2307 4937 2553 4993; x_wconf 91' lang='lat' dir='ltr'><strong>omnium</strong></span> <span class='ocrx_word' id='word_1_453' title='bbox 2585 4937 2866 4992; x_wconf 90' lang='lat' dir='ltr'><strong>amoribus</strong></span> <span class='ocrx_word' id='word_1_454' title='bbox 2892 4936 3099 5007; x_wconf 88' lang='lat' dir='ltr'><strong>potitus</strong></span> <span class='ocrx_word' id='word_1_455' title='bbox 3125 4935 3218 4990; x_wconf 89' lang='lat' dir='ltr'><strong>sit.</strong></span> <span class='ocrx_word' id='word_1_456' title='bbox 3245 4933 3326 4990; x_wconf 85' lang='lat' dir='ltr'><strong>Ol)</strong></span> <span class='ocrx_word' id='word_1_457' title='bbox 3347 4931 3621 5004; x_wconf 89' lang='lat' dir='ltr'><strong>ejusmodi</strong></span> 
     </span>
    </p>
   </div>
   <div class='ocr_carea' id='block_1_45' title="bbox 377 5025 3626 5102">
    <p class='ocr_par' dir='ltr' id='par_1_45' title="bbox 377 5025 3626 5102">
     <span class='ocr_line' id='line_1_45' title="bbox 377 5025 3626 5102; baseline -0.004 -14"><span class='ocrx_word' id='word_1_458' title='bbox 377 5031 650 5102; x_wconf 83' lang='lat' dir='ltr'><strong>egregiam</strong></span> <span class='ocrx_word' id='word_1_459' title='bbox 682 5030 882 5086; x_wconf 89' lang='lat' dir='ltr'><strong>famam</strong></span> <span class='ocrx_word' id='word_1_460' title='bbox 914 5033 1116 5086; x_wconf 89' lang='lat' dir='ltr'><strong>missus</strong></span> <span class='ocrx_word' id='word_1_461' title='bbox 1142 5038 1228 5087; x_wconf 90' lang='lat' dir='ltr'><strong>est</strong></span> <span class='ocrx_word' id='word_1_462' title='bbox 1259 5047 1289 5084; x_wconf 89' lang='lat' dir='ltr'><strong>a</strong></span> <span class='ocrx_word' id='word_1_463' title='bbox 1315 5045 1514 5101; x_wconf 78' lang='lat' dir='ltr'><strong>magno</strong></span> <span class='ocrx_word' id='word_1_464' title='bbox 1549 5029 1735 5084; x_wconf 83' lang='lat' dir='ltr'><strong>Amira</strong></span> <span class='ocrx_word' id='word_1_465' title='bbox 1759 5029 1978 5101; x_wconf 89' lang='lat' dir='ltr'><strong>quidam</strong></span> <span class='ocrx_word' id='word_1_466' title='bbox 2007 5029 2408 5102; x_wconf 79' lang='lat' dir='ltr'><strong>Aly-Armenus</strong></span> <span class='ocrx_word' id='word_1_467' title='bbox 2442 5030 2666 5084; x_wconf 90' lang='lat' dir='ltr'><strong>nomine</strong></span> <span class='ocrx_word' id='word_1_468' title='bbox 2690 5044 2816 5084; x_wconf 91' lang='lat' dir='ltr'><strong>cum</strong></span> <span class='ocrx_word' id='word_1_469' title='bbox 2843 5029 3164 5083; x_wconf 88' lang='lat' dir='ltr'><strong>muneribus</strong></span> <span class='ocrx_word' id='word_1_470' title='bbox 3195 5027 3251 5080; x_wconf 92' lang='lat' dir='ltr'><strong>in</strong></span> <span class='ocrx_word' id='word_1_471' title='bbox 3280 5025 3626 5088; x_wconf 82' lang='lat' dir='ltr'><strong>Armeniam,</strong></span> 
     </span>
    </p>
   </div>
   <div class='ocr_carea' id='block_1_46' title="bbox 378 5116 3628 5194">
    <p class='ocr_par' dir='ltr' id='par_1_46' title="bbox 378 5116 3628 5194">
     <span class='ocr_line' id='line_1_46' title="bbox 378 5116 3628 5194; baseline -0.003 -15"><span class='ocrx_word' id='word_1_472' title='bbox 378 5125 474 5194; x_wconf 83' lang='lat' dir='ltr'><strong>qui</strong></span> <span class='ocrx_word' id='word_1_473' title='bbox 515 5122 579 5180; x_wconf 84' lang='lat' dir='ltr'><strong>ad</strong></span> <span class='ocrx_word' id='word_1_474' title='bbox 617 5122 867 5177; x_wconf 84' lang='lat' dir='ltr'><strong>Asutium</strong></span> <span class='ocrx_word' id='word_1_475' title='bbox 907 5130 1104 5193; x_wconf 63' lang='lat' dir='ltr'><strong>praeter</strong></span> <span class='ocrx_word' id='word_1_476' title='bbox 1141 5120 1528 5193; x_wconf 67' lang='lat' dir='ltr'><strong>praefecturam</strong></span> <span class='ocrx_word' id='word_1_477' title='bbox 1572 5121 1790 5174; x_wconf 91' lang='lat' dir='ltr'><strong>titulum</strong></span> <span class='ocrx_word' id='word_1_478' title='bbox 1820 5136 2037 5191; x_wconf 90' lang='lat' dir='ltr'><strong>quoque</strong></span> <span class='ocrx_word' id='word_1_479' title='bbox 2081 5120 2349 5192; x_wconf 83' lang='lat' dir='ltr'><strong>principis</strong></span> <span class='ocrx_word' id='word_1_480' title='bbox 2384 5121 2692 5192; x_wconf 88' lang='lat' dir='ltr'><strong>principum</strong></span> <span class='ocrx_word' id='word_1_481' title='bbox 2722 5118 2999 5175; x_wconf 89' lang='lat' dir='ltr'><strong>contulit:</strong></span> <span class='ocrx_word' id='word_1_482' title='bbox 3041 5118 3097 5172; x_wconf 91' lang='lat' dir='ltr'><strong>in</strong></span> <span class='ocrx_word' id='word_1_483' title='bbox 3127 5133 3236 5188; x_wconf 89' lang='lat' dir='ltr'><strong>qua</strong></span> <span class='ocrx_word' id='word_1_484' title='bbox 3273 5117 3320 5172; x_wconf 91' lang='lat' dir='ltr'><strong>is</strong></span> <span class='ocrx_word' id='word_1_485' title='bbox 3359 5116 3628 5186; x_wconf 88' lang='lat' dir='ltr'><strong>dignitate</strong></span> 
     </span>
    </p>
   </div>
   <div class='ocr_carea' id='block_1_47' title="bbox 380 5206 3630 5288">
    <p class='ocr_par' dir='ltr' id='par_1_47' title="bbox 380 5206 3630 5288">
     <span class='ocr_line' id='line_1_47' title="bbox 380 5206 3630 5288; baseline -0.003 -17"><span class='ocrx_word' id='word_1_486' title='bbox 380 5218 542 5280; x_wconf 77' lang='lat' dir='ltr'><strong>annis</strong></span> <span class='ocrx_word' id='word_1_487' title='bbox 564 5233 670 5272; x_wconf 85' lang='lat' dir='ltr'><strong>xxx</strong></span> <span class='ocrx_word' id='word_1_488' title='bbox 699 5217 1034 5288; x_wconf 91' lang='lat' dir='ltr'><strong>permansit:</strong></span> <span class='ocrx_word' id='word_1_489' title='bbox 1066 5217 1242 5271; x_wconf 90' lang='lat' dir='ltr'><strong>donec</strong></span> <span class='ocrx_word' id='word_1_490' title='bbox 1266 5216 1485 5271; x_wconf 90' lang='lat' dir='ltr'><strong>virtutis</strong></span> <span class='ocrx_word' id='word_1_491' title='bbox 1522 5230 1652 5287; x_wconf 91' lang='lat' dir='ltr'><strong>ergo</strong></span> <span class='ocrx_word' id='word_1_492' title='bbox 1694 5223 1858 5286; x_wconf 90' lang='lat' dir='ltr'><strong>atque</strong></span> <span class='ocrx_word' id='word_1_493' title='bbox 1894 5230 2118 5286; x_wconf 89' lang='lat' dir='ltr'><strong>operum</strong></span> <span class='ocrx_word' id='word_1_494' title='bbox 2160 5214 2490 5286; x_wconf 81' lang='lat' dir='ltr'><strong>Optimorum</strong></span> <span class='ocrx_word' id='word_1_495' title='bbox 2537 5215 2689 5284; x_wconf 88' lang='lat' dir='ltr'><strong>regio</strong></span> <span class='ocrx_word' id='word_1_496' title='bbox 2725 5227 2940 5284; x_wconf 92' lang='lat' dir='ltr'><strong>quoque</strong></span> <span class='ocrx_word' id='word_1_497' title='bbox 2987 5209 3288 5266; x_wconf 88' lang='lat' dir='ltr'><strong>diademate</strong></span> <span class='ocrx_word' id='word_1_498' title='bbox 3334 5206 3630 5277; x_wconf 84' lang='lat' dir='ltr'><strong>insignitus</strong></span> 
     </span>
    </p>
   </div>
   <div class='ocr_carea' id='block_1_48' title="bbox 378 5298 3631 5382">
    <p class='ocr_par' dir='ltr' id='par_1_48' title="bbox 378 5298 3631 5382">
     <span class='ocr_line' id='line_1_48' title="bbox 378 5298 3631 5382; baseline -0.003 -21"><span class='ocrx_word' id='word_1_499' title='bbox 378 5318 482 5374; x_wconf 86' lang='lat' dir='ltr'><strong>est,</strong></span> <span class='ocrx_word' id='word_1_500' title='bbox 539 5326 633 5365; x_wconf 88' lang='lat' dir='ltr'><strong>rex</strong></span> <span class='ocrx_word' id='word_1_501' title='bbox 675 5312 932 5365; x_wconf 91' lang='lat' dir='ltr'><strong>nimirum</strong></span> <span class='ocrx_word' id='word_1_502' title='bbox 985 5325 1015 5364; x_wconf 89' lang='lat' dir='ltr'><strong>a</strong></span> <span class='ocrx_word' id='word_1_503' title='bbox 1064 5310 1278 5366; x_wconf 90' lang='lat' dir='ltr'><strong>duobus</strong></span> <span class='ocrx_word' id='word_1_504' title='bbox 1323 5309 1543 5382; x_wconf 87' lang='lat' dir='ltr'><strong>regibus</strong></span> <span class='ocrx_word' id='word_1_505' title='bbox 1585 5308 1934 5364; x_wconf 84' lang='lat' dir='ltr'><strong>renuntiatus</strong></span> <span class='ocrx_word' id='word_1_506' title='bbox 1987 5305 2314 5364; x_wconf 86' lang='lat' dir='ltr'><strong>lsmaelitico</strong></span> <span class='ocrx_word' id='word_1_507' title='bbox 2365 5315 2419 5362; x_wconf 90' lang='lat' dir='ltr'><strong>et</strong></span> <span class='ocrx_word' id='word_1_508' title='bbox 2459 5305 2649 5362; x_wconf 68' lang='lat' dir='ltr'><strong>Graeco</strong></span> <span class='ocrx_word' id='word_1_509' title='bbox 2699 5303 2992 5376; x_wconf 88' lang='lat' dir='ltr'><strong>postremis</strong></span> <span class='ocrx_word' id='word_1_510' title='bbox 3037 5303 3280 5376; x_wconf 87' lang='lat' dir='ltr'><strong>quinque</strong></span> <span class='ocrx_word' id='word_1_511' title='bbox 3317 5298 3631 5355; x_wconf 83' lang='lat' dir='ltr'><strong>dominatus</strong></span> 
     </span>
    </p>
   </div>
   <div class='ocr_carea' id='block_1_49' title="bbox 377 5403 820 5474">
    <p class='ocr_par' dir='ltr' id='par_1_49' title="bbox 377 5403 820 5474">
     <span class='ocr_line' id='line_1_49' title="bbox 377 5403 820 5474; baseline 0.007 -17"><span class='ocrx_word' id='word_1_512' title='bbox 377 5406 464 5459; x_wconf 83' lang='lat' dir='ltr'><strong>sui</strong></span> <span class='ocrx_word' id='word_1_513' title='bbox 498 5412 658 5461; x_wconf 81' lang='lat' dir='ltr'><strong>annis</strong></span> <span class='ocrx_word' id='word_1_514' title='bbox 687 5403 820 5474; x_wconf 86' lang='lat'><strong>(55).</strong></span> 
     </span>
    </p>
   </div>
   <div class='ocr_carea' id='block_1_50' title="bbox 453 5630 3454 5720">
    <p class='ocr_par' dir='ltr' id='par_1_50' title="bbox 453 5630 3454 5720">
     <span class='ocr_line' id='line_1_50' title="bbox 453 5630 3454 5720; baseline -0.005 -15"><span class='ocrx_word' id='word_1_515' title='bbox 453 5649 566 5720; x_wconf 78' lang='grc'>(52)</span> <span class='ocrx_word' id='word_1_516' title='bbox 607 5649 827 5720; x_wconf 81' lang='lat' dir='ltr'><strong>Bougha</strong></span> <span class='ocrx_word' id='word_1_517' title='bbox 851 5649 992 5719; x_wconf 93' lang='lat' dir='ltr'><strong>apud</strong></span> <span class='ocrx_word' id='word_1_518' title='bbox 1017 5648 1239 5720; x_wconf 70' lang='lat' dir='ltr'><strong>Tur-cas</strong></span> <span class='ocrx_word' id='word_1_519' title='bbox 1256 5653 1414 5720; x_wconf 84' lang='lat' dir='ltr'><strong>sonat</strong></span> <span class='ocrx_word' id='word_1_520' title='bbox 1446 5651 1692 5696; x_wconf 85' lang='lat' dir='ltr'><strong>taurum.-</strong></span> <span class='ocrx_word' id='word_1_521' title='bbox 2047 5630 2797 5720; x_wconf 31' lang='lat' dir='ltr'><strong>ratliganncs!patriarcha:</strong></span> <span class='ocrx_word' id='word_1_522' title='bbox 2824 5707 3007 5720; x_wconf 18' lang='lat' dir='ltr'><strong>AnAn</strong></span> <span class='ocrx_word' id='word_1_523' title='bbox 3053 5698 3279 5720; x_wconf 37' lang='grc' dir='ltr'><strong>--μη-Δ</strong></span> <span class='ocrx_word' id='word_1_524' title='bbox 3317 5694 3454 5720; x_wconf 47' lang='lat' dir='ltr'><strong>mm:</strong></span> 
     </span>
    </p>
   </div>
   <div class='ocr_carea' id='block_1_51' title="bbox 454 5700 3624 5790">
    <p class='ocr_par' dir='ltr' id='par_1_51' title="bbox 454 5700 3624 5790">
     <span class='ocr_line' id='line_1_51' title="bbox 454 5700 3624 5790; baseline -0.004 -14"><span class='ocrx_word' id='word_1_525' title='bbox 454 5700 568 5790; x_wconf 63' lang='grc' dir='ltr'><strong>ὶέξῇ</strong></span> <span class='ocrx_word' id='word_1_526' title='bbox 609 5700 912 5790; x_wconf 52' lang='lat' dir='ltr'><strong>etiam:</strong></span> <span class='ocrx_word' id='word_1_527' title='bbox 930 5700 1507 5790; x_wconf 37' lang='lat' dir='ltr'><strong>instigaocmmm,</strong></span> <span class='ocrx_word' id='word_1_528' title='bbox 1778 5781 1807 5790; x_wconf 13' lang='grc' dir='ltr'><strong>γ’</strong></span> <span class='ocrx_word' id='word_1_529' title='bbox 2069 5777 2084 5790; x_wconf 84' lang='lat'><em>_</em></span> <span class='ocrx_word' id='word_1_530' title='bbox 2127 5705 2251 5790; x_wconf 64' lang='grc' dir='ltr'><strong>Δ(55)</strong></span> <span class='ocrx_word' id='word_1_531' title='bbox 2295 5700 3281 5790; x_wconf 12' lang='grc' dir='ltr'><strong>ἰρξιὶίῆειςεξΑξιξξιωῐξξιξτξιιξιρξξξρῑὶω</strong></span> <span class='ocrx_word' id='word_1_532' title='bbox 3316 5700 3552 5752; x_wconf 61' lang='lat' dir='ltr'><strong>summ“</strong></span> <span class='ocrx_word' id='word_1_533' title='bbox 3589 5705 3624 5749; x_wconf 77' lang='grc' dir='ltr'><strong>ο</strong></span> 
     </span>
    </p>
   </div>
   <div class='ocr_carea' id='block_1_52' title="bbox 455 5768 3159 5864">
    <p class='ocr_par' dir='ltr' id='par_1_52' title="bbox 455 5768 3159 5864">
     <span class='ocr_line' id='line_1_52' title="bbox 455 5768 3159 5864; baseline -0.009 -18"><span class='ocrx_word' id='word_1_534' title='bbox 455 5768 568 5864; x_wconf 46' lang='lat' dir='ltr'><strong>(Et;</strong></span> <span class='ocrx_word' id='word_1_535' title='bbox 605 5768 1701 5861; x_wconf 50' lang='lat' dir='ltr'><strong>ﬁfmﬁﬁé‘iti’iﬁ&#39;aiféahssm&#39;pertuum,</strong></span> <span class='ocrx_word' id='word_1_536' title='bbox 1730 5781 1810 5838; x_wconf 86' lang='lat' dir='ltr'><strong>uti</strong></span> <span class='ocrx_word' id='word_1_537' title='bbox 1833 5795 1960 5837; x_wconf 84' lang='lat' dir='ltr'><strong>nar-</strong></span> <span class='ocrx_word' id='word_1_538' title='bbox 1989 5857 1995 5859; x_wconf 78' lang='lat'>_</span> <span class='ocrx_word' id='word_1_539' title='bbox 2069 5768 2264 5833; x_wconf 77' lang='lat' dir='ltr'><strong>latiore</strong></span> <span class='ocrx_word' id='word_1_540' title='bbox 2290 5771 2515 5829; x_wconf 84' lang='lat' dir='ltr'><strong>Joannis</strong></span> <span class='ocrx_word' id='word_1_541' title='bbox 2542 5772 2871 5844; x_wconf 74' lang='lat' dir='ltr'><strong>patriarcha:</strong></span> <span class='ocrx_word' id='word_1_542' title='bbox 2899 5768 3159 5825; x_wconf 84' lang='lat' dir='ltr'><strong>Historia.</strong></span> 
     </span>
    </p>
   </div>
  </div>
