4116 6400
970 538 3657 572 mm”

456 375 557 431 725
1196 350 1540 429 SAMUELiS
1577 364 1891 428 MIENSIS
1928 358 2265 428 suamne
2287 357 2696 440 mimum
2713 351 2892 421 ﬂans
2937 357 3003 419 ιι.
3480 412 3484 417 ,
3584 356 3688 411 m

1255 654 1447 695 omne.
1534 653 1750 695 cnntsrt
1815 653 2004 695 cons'r.
2126 654 2257 696 anu.
2367 636 2548 708 (rara.
2715 649 2850 689 ,λειω

1881 779 1973 834 Mi-
2123 779 2290 836 Joan-
2310 779 2322 848 |
2407 778 2598 832 Petrus
2719 720 2846 760 AR"

1854 851 2006 906 chael
2140 867 2259 919 pnes

523 1107 816 1178 Gregorius
838 1105 1096 1178 Magister
1120 1107 1217 1163 Pa-
1575 1085 1706 1162 ι059
1883 1090 1921 1163 3

2166 1086 2234 1162 i6"
2723 1102 2828 1178 es

451 1171 742 1234 blavunius
796 1171 1047 1248 princeps
1098 1192 1216 1233 eru-
1601 1179 1708 1235 040
1881 1180 1917 1234 4
2167 1180 2236 1233 17
2443 1176 2516 1248 25
2724 1171 2830 1248 ᾆξ’]

449 1250 756 1320 ditissimus
797 1241 814 1248 ’
857 1241 1218 1320 cogrfosceba-
1580 1249 1700 1306 10M
1884 1251 1918 1305 5

2166 1250 2234 1305 18
2445 1246 2515 1300 24
2725 1241 2829 1298 488

448 1328 538 1374 tur
566 1319 697 1392 (82).

520 1575 714 1655 Joanni
765 1578 890 1648 'regi
932 1577 1060 1655 _(§5)
1123 1581 1216 1652 qui
1275 1581 1417 1655 4,55
1567 1584 1706 1641 1042
1891 1576 1928 1634 6

2169 1578 2235 1636 19
2445 1579 2517 1633 25
2732 1570 2836 1631 489

448 1649 621 1716 prolis
661 1664 854 1718 expers
898 1649 1050 1712 obiit,
1098 1649 1219 1709 suc-

447 1718 614 1774 cessit
644 1717 912 1787 Gaghicus
939 1722 1118 1779 Asutii
1144 1724 1210 1780 ῆ-

447 1739 614 1846 ῧῗιεςειι
644 1739 912 1787 uagutcus
939 1739 1118 1779 Asuut
1144 1739 1210 1780 ιι-
1701 1740 1888 1798 CYRA
1925 1739 2058 1797 ZOE
2097 1739 2210 1811 (84)
2255 1739 2414 1794 annis
2461 1755 2521 1795 ιι.

2165 1871 2511 1938 GAGHICUS
2556 1875 2713 1931 annis
2752 1889 2814 1930 ιι.

1570 2047 1708 2104 1045
1886 2051 1910 2104 1
2202 2053 2227 2106 1
2444 2056 2514 2111 26
2726 2061 2829 2116 490

1569 2143 1708 2199 ιοιιι
1881 2147 1917 2200 2
2199 2149 2235 2202 ε
2450 2153 2517 2206 27
2734 2156 2830 2234 491

1883 2327 2364 2388 MONOMACHUS
2401 2337 2561 2392 annis
2601 2351 2701 2392 xu.

1565 2498 1591 2554 1
1604 2499 1709 2560 045
1890 2504 1915 2556 1
2451 2508 2520 2562 28
2734 2509 2840 2564 49⁶ὶ

520 2679 755 2737 Tandem
813 2689 937 2752 post
973 2680 1275 2752 Gagbicum
1324 2692 1489 2738 nemo
1533 2694 1602 2736 ex
1635 2681 1738 2736 hac
1765 2689 1929 2752 gente
1965 2682 2078 2755 (85)
2145 2701 2238 2739 rex
2267 2686 2388 2740 fuit.
2438 2685 2651 2757 Quippe
2683 2687 2843 2743 annis
2875 2703 2968 2742 xxx
2999 2687 3174 2745 Graeci
3204 2651 3468 2748 dominati
3520 2704 3671 2753 sunt.

445 2774 650 2831 Deinde
679 2773 1044 2846 Alphaslanus
1080 2775 1278 2830 Aniam
1315 2772 1701 2831 Armeniorum
1729 2776 2077 2846 metropolim
2105 2778 2249 2848 cepit
2278 2776 2637 2850 funditusque
2669 2780 2954 2836 subvertit.

517 2888 661 2947 Sane
691 2898 816 2963 post
851 2892 1059 2948 obitum
1107 2892 1370 2958 Sembati,
1402 2892 1496 2959 qui
1543 2890 1786 2949 Joannes
1824 2908 2041 2965 quoque
2082 2893 2386 2961 dicebatur,
2433 2898 2876 2969 conspirantibus
2917 2899 3192 2973 suffragiis
3223 2902 3508 2974 optimates
3557 2920 3682 2959 cum

443 2982 757 3054 patriarcha
789 2982 1008 3038 domino
1052 2982 1215 3040 Petro
1266 2983 1323 3038 in
1375 2983 1665 3054 magnifica
1699 2985 1999 3041 cathedrali
2049 2986 2164 3042 aede
2210 2989 2578 3058 metropoleos
2605 2991 2990 3048 Armeniorum
3035 2993 3189 3050 Ania:
3230 2995 3546 3066 congregati
3578 2995 3686 3051 Ga-

444 3073 664 3145 ghicum
696 3072 924 3130 Joannis
980 3077 1126 3147 regis
1174 3091 1242 3132 ex
1276 3075 1444 3130 fratre
1471 3083 1725 3146 nepotem
1761 3078 1817 3132 in
1870 3080 2017 3151 regia
2063 3081 2246 3150 patrui
2303 3080 2570 3152 dignitate
2617 3085 3056 3153 constituerunt;
3113 3101 3303 3142 verum
3349 3087 3438 3142 hic
3491 3087 3685 3143 belﬁca

443 3166 645 3235 shrdia,
679 3168 734 3222 in
765 3169 968 3239 quibus
997 3171 1224 3240 imperia
1252 3172 1526 3237 nituntur,
1559 3173 1815 3244 neglexit.
1860 3173 2024 3247 Atqui
2066 3176 2150 3232 his
2201 3179 2504 3247 praascrtim
2556 3181 2897 3250 temporibus
2948 3181 3095 3236 vires
3147 3182 3406 3239 acuenda:
3447 3181 3683 3247 fuerant,

441 3259 836 3318 bacchantibus
869 3263 1178 3331 lsmaelitis,
1213 3264 1432 3340 Scythis
1458 3266 1896 3334 incursantibus,
1944 3270 2023 3324 uti
2064 3269 2175 3340 jam
2213 3270 2472 3338 diximus,
2514 3272 2717 3329 Graecis
2743 3273 2980 3345 denique
3005 3274 3140 3345 ipsis
3172 3276 3445 3332 seditione
3478 3275 3686 3332 ferven-

442 3353 609 3418 tibus,
644 3368 929 3428 propterea
975 3359 1119 3429 quod
1165 3376 1392 3434 regnum
1431 3375 1588 3415 suum
1620 3359 1832 3417 femina:
1859 3364 1970 3435 (86)
2011 3364 2238 3420 arbitrio
2265 3365 2631 3422 administrari
2664 3366 2927 3423 viderent.
2965 3367 3037 3432 ls,
3064 3369 3308 3438 inquam,
3337 3366 3598 3439 Gaglu'cus
3628 3369 3686 3422 in

441 3447 746 3508 litterarum
781 3453 1091 3522 disciplinis
1109 3454 1221 3524 jam
1245 3454 1372 3509 inde
1410 3470 1439 3508 a
1465 3457 1670 3512 teneris
1705 3456 2017 3525 unguiculis
2042 3456 2246 3510 versari
2277 3457 2492 3521 solitus,
2526 3458 2582 3512 in
2612 3458 2841 3528 imperio
2873 3473 3088 3528 quoque
3118 3458 3312 3514 iisdem
3345 3474 3406 3514 se
3437 3458 3682 3514 oblecta-

440 3542 555 3602 bat.
592 3545 673 3602 Be
698 3545 872 3602 Graeci
903 3547 1178 3602 intellecta
1215 3546 1358 3617 (qua:
1402 3563 1535 3618 gens
1589 3547 1874 3602 fraudibus
1921 3555 2176 3602 concreta
2203 3546 2308 3618 est)
2339 3547 2613 3602 hominem
2645 3549 2713 3603 ad
2756 3563 2815 3603 se
2843 3549 3219 3619 pellexerunt;
3266 3549 3351 3603 usi
3390 3549 3446 3603 in
3494 3549 3687 3619 primis

440 3640 766 3709 Optimatum
817 3647 1132 3695 nostrorum
1172 3641 1407 3706 technis,
1437 3642 1532 3712 qui
1571 3657 1695 3696 cum
1737 3655 1962 3711 regnum
1993 3639 2115 3708 ejus
2146 3624 2335 3695 sancte
2369 3655 2398 3693 a
2432 3656 2492 3696 se
2535 3640 2872 3695 custoditum
2905 3641 2973 3695 iri
3013 3651 3358 3696 sacramento
3390 3641 3686 3695 confirma-

440 3731 670 3795 vissent,
701 3738 884 3786 tamen
913 3731 1129 3787 Domini
1157 3730 1336 3786 ftedus
1361 3747 1472 3786 non
1506 3737 1862 3786 servaverunt
1894 3747 1905 3782 :
1948 3745 2068 3799 quae
2105 3729 2334 3785 consilia
2367 3729 2515 3784 hunc
2544 3730 2752 3785 exitum
2783 3729 2976 3785 sortita
3025 3738 3172 3798 sunt,
3197 3737 3258 3783 ut
3292 3729 3396 3800 ipsi
3425 3729 3687 3784 nimirum

441 3822 641 3892 aliique
666 3824 974 3894 complures
998 3825 1336 3879 ineluctabili
1365 3815 1531 3880 exitio
1558 3822 1838 3894 perierint.
1877 3820 2047 3878 ϐιωεὶ
2077 3825 2246 3889 enim,
2274 3823 2526 3878 submoto
2559 3823 2616 3878 in
2658 3823 2892 3880 insulam
2921 3839 3068 3894 rege,
3100 3822 3361 3895 praesides
3390 3824 3688 3894 quotannis

441 3914 731 3970 mittebant
767 3933 780 3969 :
817 3931 924 3985 quo
954 3925 1200 3987 tempore
1231 3917 1386 3972 Anite
1434 3918 1587 3972 urbis
1621 3919 1768 3972 cives
1795 3923 1959 3986 atque
1997 3917 2286 3985 optimates
2327 3916 2556 3971 dissidio
2598 3924 2653 3971 et
2700 3916 3000 3971 ambitione
3031 3917 3334 3980 certabant,
3370 3916 3688 3986 mutuisque

442 4008 734 4063 calumniis
763 4009 831 4064 de
861 4010 988 4064 laesa
1017 4010 1364 4080 imperatoris
1395 4011 1684 4080 majestate
1715 4011 2004 4080 studioque
2033 4008 2404 4080 Agarenorum
2437 4009 2580 4064 inter
2623 4025 2683 4064 se
2705 4009 3076 4079 postulabant.
3109 4009 3249 4075 Quin
3281 4023 3537 4079 proceres
3566 4009 3686 4064 ausi

442 4109 571 4154 sunt
600 4101 966 4171 patriarcham
1013 4105 1188 4174 ipsum
1216 4106 1698 4162 criminationibus
1728 4105 2152 4170 circumvenire,
2188 4106 2282 4175 qui
2311 4105 2557 4160 vicissim
2598 4106 2930 4162 necessitate
2959 4115 3183 4161 coactus
3212 4104 3335 4160 illos
3379 4104 3578 4159 detulit
3628 4104 3685 4158 in

438 4193 723 4263 judicium.
773 4196 1137 4264 Quamobrem
1189 4201 1403 4271 utrique
1446 4201 1655 4256 laribus
1688 4203 1803 4258 suis
1861 4201 2036 4257 eversi
2078 4209 2208 4257 sunt
2245 4201 2462 4271 alioque
2508 4201 2746 4256 traducti
2783 4221 2795 4256 :
2834 4216 2960 4256 cum
3003 4201 3222 4256 interim
3274 4201 3469 4270 vulgus
3517 4215 3687 4270 prope

441 4292 598 4347 exlex
651 4292 719 4347 ad
773 4309 928 4349 suam
975 4295 1256 4350 libidinem
1313 4297 1540 4353 viveret.
1600 4296 1775 4368 Atque
1826 4296 1942 4352 haec
1997 4311 2185 4352 rerum
2245 4296 2586 4367 publicarum
2636 4296 2778 4351 ratio
2839 4295 3014 4349 tenuit
3061 4309 3234 4349 annos
3294 4310 3407 4350 χιιι.
3468 4293 3680 4361 Quibus

440 4381 648 4437 exactis
675 4382 835 4437 turbo
864 4384 1056 4454 igneus
1089 4386 1312 4439 australi
1347 4386 1484 4440 ﬂatu
1504 4387 1838 4466 [compulsus
1875 4388 1999 4442 tulit
2029 4387 2264 4442 belluam
2298 4385 2999 4458 anthropophagam,cujus
3029 4384 3296 4440 incendiis
3325 4400 3460 4455 gens
3489 4393 3680 4440 nostra

439 4477 618 4533 deleta
648 4477 914 4537 radicitus
941 4487 1024 4535 est
1049 4499 1062 4534 :
1099 4481 1233 4551 quin
1264 4489 1318 4536 et
1350 4482 1484 4538 urbs
1509 4482 1646 4538 Ania
1677 4491 1800 4554 post
1826 4483 2040 4538 dierum
2070 4499 2178 4539 xxv
2210 4482 2550 4538 obsidionem
2585 4488 2895 4552 expugnata
2924 4487 3007 4536 est
3026 4520 3041 4546 ,
3089 4479 3319 4549 ejusque
3359 4477 3506 4534 cives
3549 4477 3680 4533 ferri

513 4717 624 4794 (82)
662 4717 959 4790 Gregorius
992 4729 1352 4794 cognomento
1385 4722 1661 4792 Magister,
1705 4738 1733 4777 a
1763 4723 2010 4792 magistri

437 4787 724 4862 dignitate,
779 4787 895 4860 qua
950 4787 1088 4846 eum“
1129 4793 1355 4848 Graecus
1410 4787 1711 4862 imperator
1770 4787 2006 4848 ornavit.

436 4858 588 4912 Idem
648 4858 828 4914 dictus
885 4869 969 4918 est
1011 4862 1378 4920 Pahlavunius
1428 4858 1665 4932 itemque
1724 4862 2009 4919 Arsacides

438 4937 662 4999 propter,
683 4945 853 4999 genus
876 4948 942 4986 ex
974 4933 1351 4988 Armeniorum
1383 4934 1764 4988 illuminatoris
1786 4934 1844 4988 S.
1875 4932 2010 4988 Gre-

438 4999 578 5069 gorii
620 5003 870 5072 prosapia
903 5001 1218 5058 deductum.
1266 5003 1316 5060 ls
1359 5004 1594 5058 traditur
1628 5003 1833 5059 liberali
1868 5003 2010 5072 opti-

439 5084 654 5144 maque_
686 5070 868 5126 indole
919 5073 1202 5144 praeditus,
1248 5072 1517 5144 princeps
1549 5075 1708 5143 plane
1750 5070 2008 5128 doctissi-

439 5138 585 5215 mus,
615 5138 1005 5215 Graecaeque'iet
1042 5138 1286 5199 Arabicae
1333 5138 1494 5199 etiam
1539 5138 1736 5215 linguae
1779 5144 2006 5212 peritus.

439 5205 683 5283 Habetur
714 5211 766 5264 in
801 5205 1052 5268 manibus
1084 5221 1346 5270 tractatus
1365 5215 1484 5283 ejus
1515 5205 1922 5280 grammaticus,
1956 5221 2010 5268 et

439 5280 795 5352 epistolarum
840 5283 907 5336 ad
945 5284 1239 5339 familiares
1270 5280 1523 5339 volumen
1554 5285 1842 5352 omnigena
1884 5299 2010 5338 eru-

439 5349 650 5406 ditione
679 5352 942 5426 refertum
977 5373 989 5408 :
1024 5370 1091 5426 ex
1124 5370 1230 5423 quo
1259 5356 1419 5410 etiam
1461 5349 1810 5426 cognoscitur
1835 5371 2010 5424 quan-

441 5428 628 5488 tapere
676 5423 724 5477 is
770 5431 991 5496 cuperet
1023 5424 1097 5496 ad
1152 5439 1313 5480 omne
1363 5423 1552 5496 genus
1593 5423 2006 5496 disciplinarum

438 5499 837 5564 gentemsuam
876 5494 1174 5564 impellere.

512 5560 902 5634 (85)_Hujusce
924 5560 1169 5623 Joannis,
1203 5565 1486 5634 penultimi
1510 5565 1890 5620 Armeniorum
1919 5580 2005 5618 re-

438 5630 546 5700 gis,
576 5630 611 5686 ε
635 5630 1086 5702 Bagratuniorum
1126 5630 1396 5705 dynastia,
1428 5652 1547 5704 quae
1578 5636 1998 5703 annos_eir;citer

413 5703 534 5776 “ccc
571 5705 878 5776 occupavit,
903 5703 1390 5776 civilibus'legibus
1419 5703 1511 5760 diu
1542 5722 1639 5760 usa
1666 5713 1749 5760 est
1783 5706 2002 5760 Sarma-

441 5773 547 5826 tica
602 5773 981 5831 Armeniorum
1032 5773 1288 5833 colonia‘:
1321 5792 1427 5847 qua
1475 5791 1537 5833 ex
1579 5793 1638 5832 re
1677 5777 1872 5832 merito
1915 5791 2003 5830 ar-

2109 4722 2326 4793 guimus
2353 4722 2496 4778 circa
2521 4719 2869 4793 undecimum
2899 4719 3228 4793 Christiana:
3250 4734 3386 4793 aera:
3420 4717 3680 4793 saeculum

2110 4786 2348 4862 Emptum
2396 4806 2519 4846 esse
2556 4791 2778 4861 migrari
2828 4806 2894 4844 ex
2945 4789 3202 4862 Armenia
3248 4790 3304 4842 in
3353 4786 3680 4842 Sarmatiam

2112 4861 2466 4931 eamdemque
2505 4862 2879 4932 migrationem
2930 4861 3182 4932 subinde
3207 4867 3423 4932 auctam
3464 4867 3683 4928 pr0pter

2112 4927 2508 4987 Saracenorum
2553 4927 2609 4985 in
2651 4930 2916 5001 Armenia
2971 4929 3333 5001 tyrannidem.
3364 4927 3684 4983 Joaimaaum

2110 5003 2379 5070 ejusmodi
2409 5002 2500 5069 jus
2541 5017 2648 5055 non
2693 5003 2768 5055 ita
2804 5000 3008 5069 pridem
3042 5003 3380 5070 antiquatum
3413 5006 3515 5070 est,
3557 5012 3682 5070 cum

2109 5066 2378 5144 Iosephus
2409 5066 2451 5125 ll
2493 5071 2772 5144 Augustus
2804 5066 2858 5124 in
2897 5066 3192 5144 Sarmatiaf
3219 5067 3535 5139 regionibus
3575 5066 3682 5144 sibi

2111 5137 2364 5197 obnoxiis
2403 5137 2605 5211 legem'
2629 5142 2770 5203 tulit,
2810 5147 2869 5193 ut
2919 5151 3030 5211 tam
3073 5137 3339 5211 indigenae
3370 5137 3681 5211 quam_At'-

2111 5214 2275 5268 menii
2326 5228 2434 5266 uno
2459 5206 2667 5281 'judicii
2719 5226 2933 5281 genere,
2972 5210 3024 5263 id
3071 5218 3156 5266 est
3192 5206 3332 5281 'jure
3367 5206 3679 5281 Austriaco,

2111 5277 2499 5352 disceptarent.
2540 5277 2856 5352 Joannazium
2895 5281 3135 5335 codicem
3180 5277 3234 5334 in
3257 5279 3531 5352 _Lati_n_am
3563 5277 3681 5352 _l_in--

2109 5345 2282 5424 guam'
2302 5367 2624 5424 conversum
2668 5351 2716 5424 J_.
2749 5351 3032 5424 lobrabus
3071 5348 3528 5424 (quandoquidem
3563 5345 3685 5424 llai-

2111 5416 2308 5478 canum
2358 5423 2636 5490 exemplar
2681 5421 2825 5475 haud
2879 5416 3219 5490 occurrebat)
3257 5416 3682 5490 exscribendutn

2111 5495 2342 5555 curavit,
2385 5486 2618 5560 cumque
2657 5493 2778 5546 aliis
2829 5486 3327 5560 autographis'nec
3360 5486 3691 5559 paenitendae

2113 5564 2286 5632 frugis
2314 5559 2544 5632 scriptis
2567 5559 2825 5616 Venetias
2857 5559 3154 5617 transtUlit.

2179 5626 2287 5700 (81)
2327 5626 2533 5687 Nomen
2561 5633 2666 5686 hoc
2697 5642 3014 5700 corruptum
3050 5638 3166 5687 erat
3194 5633 3251 5686 in
3279 5626 3438 5687 codd.
3460 5628 3594 5682 Arm
3627 5676 3631 5682 .

2202 5701 2290 5769 85)
2333 5701 2555 5757 Scilicet
2586 5701 2933 5771 Bagratunia.

2203 5774 2293 5844 86)
2329 5773 2607 5830 Praedicta:
2633 5773 2791 5829 Zoes.
