4116 6400
483 395 583 452 751
1492 398 1835 456 APPENDIX
1872 401 1966 456 AD
2004 400 2268 458 EUSEBll
2300 405 2716 462 CHRONICON.
3617 422 3721 476 739

483 536 592 591 fuit
631 537 766 608 (9i).
807 537 992 607 Neque
1031 536 1311 603 ingenium
1351 553 1601 596 moresve
1644 543 1816 613 patris
1857 544 1940 598 sui
1979 546 2268 603 aemulatus
2305 555 2429 615 est;
2470 549 2581 604 imo
2627 549 2762 604 adeo
2812 557 2919 604 tam
2968 557 3239 610 contraria
3288 558 3469 615 studia
3516 577 3628 632 prae
3665 579 3724 618 se

484 631 610 686 tulit
639 672 653 694 ,
712 640 769 686 ut
808 647 1036 702 prorsus
1077 631 1416 686 existimaret
1470 634 1605 688 nihil
1661 637 1903 707 iniquius
1927 677 1943 704 ,
1979 639 2114 694 nihil
2148 641 2271 711 paci
2304 649 2399 696 aut
2429 644 2654 698 omnino
2693 643 2944 700 humanae
2975 650 3099 704 vitae
3132 631 3530 711 adversantius
3554 655 3727 715 fuisse

486 742 649 796 quant
684 727 858 796 patris
909 727 991 783 sui
1049 727 1282 782 consilia
1320 737 1374 783 et
1413 729 1745 787 voluntates.
1789 731 1909 803 Ipse
1948 735 2115 806 igitur
2152 736 2291 792 bene
2330 741 2545 795 cunctis
2583 739 2895 810 dispositis,
2939 743 3223 812 prudentia
3254 746 3382 801 item
3414 762 3477 802 ac
3506 747 3722 805 fortitu-

486 822 614 880 dine
654 827 857 880 multos
897 840 1092 896 reges,
1149 831 1203 878 et
1246 829 1394 876 certe
1419 836 1644 887 omnes,
1695 824 1790 894 qui
1840 826 2104 881 memoria
2143 838 2330 883 nostra
2380 831 2748 895 exstiterunt,
2807 831 3164 901 praecellens,
3226 836 3363 890 nihil
3415 837 3719 908 impensius

489 921 772 992 satagebat
799 961 812 982 .
857 937 1020 992 quam
1060 930 1121 975 ut
1146 919 1453 990 justissime
1484 920 1731 988 viveret,
1770 923 2085 994 neminique
2115 924 2316 996 injuria
2352 935 2446 980 aut
2474 927 2729 997 superbia
2765 928 3032 984 molestus
3061 935 3226 984 esset.
3258 927 3401 994 Quin
3427 935 3482 982 et
3512 928 3726 984 liberali

489 1017 658 1070 animi
697 1025 892 1070 natura
934 1017 1198 1088 praeditus
1237 1021 1357 1070 erat
1383 1055 1398 1080 ,
1442 1016 1664 1085 altoque
1702 1019 1904 1073 mentis
1943 1020 2177 1075 consilio
2209 1060 2223 1086 ,
2265 1027 2475 1077 statura
2514 1023 2750 1092 denique
2787 1023 3033 1092 corporis
3072 1039 3194 1094 quae
3229 1041 3410 1097 regem
3448 1024 3676 1079 decebat
3707 1044 3720 1079 :

490 1120 640 1165 tanta
676 1127 806 1166 vero
845 1111 1205 1167 mansuetudo
1245 1125 1567 1180 morumque
1607 1111 1852 1167 suavitas
1894 1113 1948 1168 in
1993 1131 2057 1169 eo
2097 1124 2215 1170 erat
2239 1159 2252 1183 ,
2287 1125 2346 1172 ut
2376 1117 2604 1173 mirifice
2632 1119 2968 1188 diligeretur.
2999 1116 3175 1186 Atque
3203 1129 3306 1185 ego
3335 1112 3553 1184 quidem
3579 1127 3722 1166 non‘

382 1203 388 1208 ’
488 1207 595 1261 nisi
633 1221 817 1277 regem
856 1206 1124 1276 ejusmodi
1163 1206 1419 1261 existimo
1472 1222 1596 1262 esse
1643 1206 1886 1264 divitem.
1930 1209 2031 1264 llic
2069 1211 2220 1266 brevi
2261 1224 2504 1283 tempore
2541 1221 2816 1268 terrarum
2863 1212 3051 1266 orbem
3096 1218 3307 1265 tantum
3355 1221 3467 1262 non
3511 1206 3724 1260 univer-

489 1320 609 1360 sum
650 1306 865 1376 subegit
900 1324 912 1359 :
954 1320 1077 1361 cum
1115 1303 1310 1370 reliqui
1350 1318 1501 1374 reges
1540 1304 1624 1357 vel
1667 1311 1790 1374 post
1827 1305 2097 1360 diutinum
2137 1315 2351 1378 tempus
2393 1310 2472 1364 vel
2518 1323 2799 1379 nunquam
2845 1313 2997 1361 tanto
3039 1304 3267 1374 imperio
3293 1301 3453 1372 potiri
3495 1299 3724 1354 soleant.

490 1396 595 1450 Sed
649 1396 698 1452 is
749 1398 1011 1452 nimirum
1062 1396 1443 1452 benevolentia
1493 1398 1666 1467 magis
1716 1408 1770 1454 et
1819 1402 2076 1456 comitate
2123 1399 2285 1472 quam
2337 1404 2530 1459 bellica
2570 1404 2624 1458 vi
2663 1405 2936 1459 utebatur.
2991 1399 3110 1456 Jam
3153 1399 3200 1454 si
3243 1406 3354 1451 tam
3392 1395 3564 1449 multa
3614 1400 3727 1448 tam

487 1491 643 1546 brevi
683 1492 960 1556 obtinuit,
999 1491 1245 1564 profecto
1270 1535 1283 1557 ,
1329 1493 1405 1545 uti
1447 1492 1684 1546 arbitror
1708 1533 1722 1556 ,
1779 1493 2024 1548 futurum
2063 1504 2183 1550 erat
2209 1537 2223 1560 ,
2269 1505 2328 1550 ut
2368 1513 2435 1552 ne
2473 1497 2690 1569 Europa
2727 1496 2946 1568 quidem
2999 1510 3028 1549 a
3080 1490 3232 1562 regni
3271 1490 3392 1560 ejus
3433 1487 3632 1541 finibus
3671 1500 3732 1552 se

489 1581 854 1648 subduceret,
897 1584 1001 1639 nisi
1042 1586 1090 1640 is
1128 1589 1398 1644 maturius
1436 1589 1544 1643 vita
1585 1591 1935 1646 excessisset.
1971 1609 1992 1645 ι
2033 1591 2158 1646 Haec
2201 1592 2542 1650 Sarcavacus
2588 1595 2654 1650 de
2708 1594 2873 1664 hujus
2912 1591 3022 1646 vita
3074 1587 3285 1650 tradit,
3327 1582 3421 1654 qui
3459 1581 3619 1636 annis
3656 1594 3732 1633 xx

489 1677 802 1734 dominatus
840 1687 944 1736 est.
987 1681 1113 1738 Mox
1150 1700 1251 1756 ego
1291 1701 1412 1756 quae
1450 1686 1518 1741 de
1558 1688 1806 1756 ejusdem
1847 1697 2023 1744 morte
2060 1690 2354 1762 praedictus
2393 1691 2597 1746 Auctor
2635 1697 2865 1756 narrat,
2915 1690 3226 1746 subtexam.

1443 2031 1639 2074 OLYIP.
1713 2030 1930 2072 CHRISTI
2004 2030 2197 2075 CONST.
2309 2034 2470 2074 PATR.
2598 2034 2733 2073 ΕΒΖ

2597 2105 2726 2145 ΔΗΙ.

2042 2222 2144 2276 Μί-
2290 2220 2498 2292 Grego-

2009 2292 2166 2347 chael
2356 2309 2448 2348 ras
2497 2351 2503 2357 ,

1998 2581 2304 2640 MICHAEL
2342 2580 2502 2637 annis
2537 2595 2656 2636 vnl.

1727 2758 1867 2815 1075
2080 2761 2106 2814 1
2359 2760 2394 2816 9
2607 2758 2710 2812 522

557 2940 714 2997 Anno
749 2953 871 2999 atrae
908 2953 1062 2995 rxm
1101 2939 1319 3010 vigente
1369 2936 1802 2994 Sarracenorum
1853 2937 2143 3011 tyrannide
2179 2937 2422 2994 Ausinus
2461 2936 2573 3009 (92)
2616 2938 2879 3007 princeps
2925 2935 3214 3008 digressus
3261 2943 3345 2990 est
3392 2932 3734 2989 haereditaria

482 3035 692 3091 ditione
730 3049 830 3090 sua
867 3035 957 3089 cui
994 3047 1193 3088 nomen
1245 3031 1480 3088 Maireaz
1516 3032 1721 3089 Ciurcb
1743 3074 1761 3100 ,
1803 3043 1998 3090 contra
2041 3032 2350 3104 Ganzagam
2393 3034 2499 3089 sita
2521 3072 2537 3098 ,
2578 3032 2969 3088 comitantibus
3008 3030 3178 3086 fratre
3214 3030 3479 3101 Algamo,
3520 3038 3692 3084 matre
3717 3069 3733 3092 ,

487 3126 721 3198 conjuge
772 3126 1004 3196 aliisque
1050 3141 1264 3180 summa
1314 3126 1606 3182 nobilitate
1657 3128 1833 3196 viris,
1877 3136 2068 3184 avecta
2124 3130 2291 3184 etiam
2343 3129 2491 3183 omni
2533 3127 2912 3198 supellectile:
2957 3127 3344 3198 ingressusque
3380 3124 3624 3179 Ciliciam
3653 3164 3666 3188 ,
3707 3139 3738 3178 e

490 3219 918 3276 Sarracenorum
959 3227 1230 3291 potestate
1271 3221 1377 3276 sibi
1415 3220 1713 3278 vindicavit
1760 3224 2180 3280 celeberrimam
2217 3222 2613 3295 Lampruniam
2665 3235 2884 3288 arcem,
2928 3221 2996 3276 ad
3047 3215 3218 3270 Tauri
3267 3216 3470 3270 montis
3523 3213 3738 3268 radices

487 3309 581 3364 ubi
619 3318 675 3371 et
710 3307 918 3366 Tarsus
956 3309 1296 3381 metropolis.

1731 3491 1868 3546 1076
2077 3492 2115 3545 2
2332 3491 2402 3546 to
2613 3487 2717 3543 523
2926 3462 3194 3540 Dominus
3225 3483 3356 3555 Grcg

2112 3527 2115 3543 ι
2332 3491 2402 3546 10
2613 3487 2717 3543 523
2926 3462 3194 3540 Dominus
3225 3483 3494 3555 Grcgoras
3530 3499 3600 3538 on
3631 3499 3737 3538 cu-

1727 3563 1868 3616 1077
2079 3563 2114 3615 5
2331 3562 2394 3615 11
2611 3558 2717 3614 524
2858 3558 3087 3610 randam
3147 3556 3411 3610 librorum
3471 3555 3738 3624 interpre-

1475 3614 1617 3681 461
1729 3614 1870 3687 10Ἱὲ
2082 3614 2117 3685 Ar
2330 3614 2400 3684 12
2612 3628 2719 3686 525
2863 3627 3100 3749 tatiottleu

2871 3713 3020 3749 nerei
3052 3734 3065 3749 .

2109 3651 2117 3685 ν
2330 3614 2400 3684 12
2612 3628 2719 3686 525
2863 3627 3126 3707 tatioiiem
3200 3614 3734 3694 Constantinopolim

2871 3706 3065 3749 percit.

2871 3713 3065 3768 pergit.

559 3862 718 3916 Anno
755 3874 877 3916 aera
913 3874 1056 3916 nxxv
1095 3858 1368 3933 Gaghicus
1405 3870 1502 3910 rex
1538 3854 1774 3913 Tarsum
1815 3857 1883 3912 ad
1922 3852 2306 3928 Apelgaripum
2345 3851 2724 3908 Armeniorum
2778 3853 3081 3923 principem
3123 3853 3224 3909 sibi
3269 3855 3736 3926 consanguineum

489 3967 549 4010 se
586 3952 820 4007 contulit
852 3970 865 4005 :
908 3966 1034 4006 cum
1074 3967 1206 4008 vero
1243 3953 1437 4024 pedem
1478 3951 1607 4007 inde
1644 3951 1874 4008 referret
1913 3967 1942 4005 a
1981 3950 2293 4005 Graecorum
2334 3949 2673 4020 principibus
2700 3963 2867 4020 prope
2895 3947 3112 4016 Argiam
3142 3947 3196 4000 vi
3230 3948 3503 4016 appetitus
3544 3948 3738 4016 laqueo

487 4049 656 4104 vitam
695 4047 892 4102 finivit.
935 4048 1044 4102 Alii
1081 4055 1261 4103 tamen
1303 4051 1494 4112 aiunt,
1535 4048 1682 4104 hunc
1715 4049 1989 4104 venationi
2032 4047 2277 4102 deditum
2316 4051 2370 4098 et
2409 4042 2549 4097 forte
2596 4041 2956 4094 dormientem
3007 4053 3037 4091 a
3083 4035 3440 4091 Mandalianis
3483 4037 3595 4107 (95)
3643 4050 3737 4088 ca-

488 4156 641 4217 ptum
680 4161 842 4211 esse;
884 4145 1011 4200 exin
1051 4152 1274 4198 auctum
1315 4145 1370 4197 in
1412 4159 1591 4199 arcem
1646 4143 2104 4199 Candruscoriam
2151 4141 2336 4211 ibique
2382 4137 2750 4193 interfectum.
2803 4134 2880 4189 Ευ
2942 4143 3151 4190 terrore
3202 4132 3494 4187 exanimati
3541 4131 3732 4200 reliqui

486 4244 759 4314 principes
796 4242 1177 4297 Armeniorum
1216 4240 1340 4312 fuga
1381 4241 1577 4310 dilapsr
1617 4249 1768 4294 sunt.
1812 4239 1888 4294 Ex
1924 4241 2119 4294 horum
2165 4249 2346 4292 tamen
2388 4249 2619 4314 numero
2656 4232 2912 4304 princeps
2952 4230 3176 4299 quidam
3223 4229 3452 4299 Gaghici
3501 4242 3735 4282 consan-

489 4336 757 4407 guineus,
811 4334 1033 4388 nomine
1084 4332 1346 4390 Rubenus
1399 4335 1552 4404 (94),
1609 4335 1700 4404 qui
1752 4332 2102 4388 Causilarum
2153 4346 2334 4385 arcem
2388 4311 2642 4394 tenebat,
2681 4330 2898 4398 cognita
2941 4323 3168 4394 Gaghici
3208 4338 3380 4386 nece,
3423 4337 3547 4376 cum
3587 4322 3735 4375 omni

487 4428 650 4482 domo
685 4441 784 4482 sua
823 4426 880 4480 in
918 4425 1164 4497 Phrygiae
1195 4435 1377 4495 partes
1413 4427 1707 4497 migravit,
1750 4424 2118 4494 oppidumque
2157 4421 2522 4476 Colmesolum
2561 4419 2780 4474 insedit.
2840 4417 2939 4473 His
2990 4418 3132 4473 forte
3168 4419 3225 4472 in
3264 4417 3541 4494 montibus
3581 4431 3732 4470 com-

490 4525 675 4590 plures
713 4519 981 4589 degebant
1020 4518 1360 4573 Armeniacae
1396 4518 1574 4586 gentis
1615 4517 1837 4581 coloni,
1879 4515 2079 4586 quibus
2104 4514 2206 4568 sibi
2233 4513 2530 4583 praeclarus
2566 4510 2885 4580 Rhupenius
2916 4508 3190 4578 adjunctis
3219 4516 3273 4565 et
3298 4509 3432 4566 satis
3469 4507 3734 4564 corrobo-

489 4623 642 4673 ratus
679 4621 995 4670 montanam
1035 4628 1313 4686 regionem
1352 4614 1520 4668 armis
1555 4614 1772 4678 tenuit,
1814 4613 2100 4683 pulsisque
2141 4610 2347 4666 Graecis
2373 4650 2388 4676 ,
2431 4624 2622 4665 eorum
2660 4606 2857 4678 oppida
2892 4601 3142 4662 incoluit.

1721 4789 1863 4844 1079
2076 4791 2112 4846 5
2324 4788 2394 4842 15
2608 4785 2714 4840 526

1721 4861 1862 4914 1080
2073 4861 2108 4914 6
2323 4858 2393 4912 14
2604 4856 2710 4910 5‘27

1474 4984 1618 5054 465
1723 4931 1864 5056 ἒὲἓὲ
2076 4930 2110 5054 ἕ
2319 4928 2390 5052 ii
2603 4925 2711 5048 ἓὲἓ

563 5187 831 5258 Georgius
865 5193 920 5242 et
951 5186 1264 5258 Stephanus
1292 5186 1392 5242 do-
2027 5178 2332 5238 ALEXIUS
2371 5179 2530 5234 annis
2567 5190 2801 5250 xxxviii.

494 5268 677 5314 ctores
722 5258 945 5328 scriptis
993 5262 1271 5330 rebusque
1297 5272 1394 5328 ge-

494 5310 951 5387 sti's'clarwes—cdnt'.
993 5310 1086 5316 Ἥ
1103 5310 1264 5330 ’-Γ-
1297 5310 1356 5328 vi
1733 5316 1872 5376 1085
2082 5317 2112 5370 1

1103 5310 1264 5330 ’ἾΜ
1297 5310 1356 5328 Τ
1733 5316 1872 5376 1085
2082 5317 2112 5370 1
2335 5313 2404 5368 17
2615 5310 2721 5367 550

568 5579 680 5649 (91)
702 5579 888 5634 Melich
916 5580 1147 5634 Arabice
1175 5597 1288 5644 rex,
1323 5579 1503 5635 schiah
1532 5577 1750 5634 Persice
1781 5577 1911 5633 item
1942 5590 2060 5630 rex.
2243 5571 2355 5642 (95)
2397 5570 2672 5649 Ῑξῐεηᾱθιθε
2700 5574 2819 5649 erat
2826 5566 3054 5649 graecus
3087 5565 3309 5649 quidam
3340 5565 3729 5649 paterfamilias

497 5637 646 5720 Hinc
665 5650 1003 5720 sarcavacus
1033 5651 1161 5704 facit
1192 5637 1287 5705 res
1317 5669 1514 5720 regum.
1903 5717 1944 5720 _
2051 5716 2061 5720 _
2133 5671 2144 5682 -
2170 5637 2274 5720 aut;
2292 5637 2614 5720 praefectus,
2638 5641 2796 5720 cujus
2822 5639 2916 5720 lilii
2941 5647 3032 5694 aut
3057 5637 3316 5694 satellites
3343 5637 3452 5692 dici
3474 5637 3728 5693 videntur

569 5719 679 5789 (92)
721 5719 819 5775 Hic
857 5722 1100 5777 Ausinus
1128 5721 1349 5777 Nersem
1373 5709 1868 5789 'Lampruniensem
1903 5716 2065 5773 Tarsi
2174 5728 2203 5767 a
2242 5709 2884 5789 sumnelellfandafiani.

501 5778 817 5861 episcopum
850 5792 1178 5863 scriptisque
1207 5793 1461 5863 plurimis
1491 5778 1700 5848 clarum
1730 5789 1938 5863 genuit.
2253 5783 2362 5854 (94)
2409 5782 2668 5839 Rubenus
2700 5778 2966 5854 dynastiae
2989 5778 3416 5838 Rubeniensium
3448 5786 3661 5836 auctor.
