4116 6400
451 376 554 433 755
1179 383 1524 440 SAMUELlS
1554 375 1874 442 AMENSIS
1913 385 2250 444 SUMMARII
2283 387 2662 444 TEMPORUM
2698 387 2876 444 PARS
2913 389 2978 445 ll.
3579 395 3685 453 754

444 537 1821 566 W—

1445 664 1636 702 OLYIIP.
1713 664 1924 702 CHRISTI
1999 663 2188 703 CONST.
2299 661 2457 701 PATR.
2567 661 2700 700 £318

2555 734 2684 782 μω.

1947 872 2172 928 Alexius
2245 873 2479 930 Basilius

1413 1039 2738 1056 ——_*—”I—_-————‘

2197 1191 2512 1248 BASILIUS
2550 1195 2710 1253 annis
2778 1264 2809 1268 _
2852 1191 3136 1252 Exstincto
3190 1195 3410 1252 domino
3438 1197 3677 1268 Gregora

2374 1281 2549 1323 xxxii.
2778 1264 3114 1321 Pahlavunio
3138 1270 3402 1322 successit
3424 1264 3677 1328 dominus

2771 1335 3003 1392 Basilius
3057 1339 3263 1392 sororis
3315 1340 3432 1406 ejus
3489 1340 3675 1404 ﬁlius,

1711 1405 1851 1458 1081
2063 1405 2098 1458 2
2312 1406 2338 1458 1
2557 1404 2654 1459 551
2769 1423 2930 1474 quem
3023 1415 3180 1462 antea
3260 1404 3680 1464 consecraverat

1713 1476 1850 1529 1085
2063 1476 2097 1547 5
2308 1475 2344 1528 2
2556 1475 2660 1547 552
2768 1477 3022 1530 dominus
3051 1478 3166 1547 ipse
3206 1477 3338 1547 Greg

2063 1476 2097 1547 5
2308 1475 2344 1528 2
2556 1475 2660 1547 552
2768 1477 3022 1530 dominus
3051 1478 3166 1547 ipse
3206 1477 3503 1547 Gregorius
3546 1481 3675 1533 dum

1463 1553 1604 1618 466
1711 1547 1849 1618 1,039
2061 1546 2096 1618 4
2309 1547 2343 1618 3?
2556 1545 2660 1618 ξξὲῖέ
2767 1545 3086 1618 ἰιθτῖηεκιέ

2061 1546 2096 1618 ι1ς
2309 1547 2343 1618 5
2767 1548 2937 1618 iterin
2965 1545 3179 1601 exteras
3205 1545 3390 1618 plagas
3413 1549 3674 1602 librorum

2767 1613 3672 1689 interpretandorhm'aliorumque

2061 1683 2097 1764 t_i
2773 1683 3110 1758 negotiorum
3154 1702 3320 1743 causa
3355 1683 3590 1758 pararet.

1449 1788 1587 1852 467
1709 1755 1846 1808 1189
2067 1755 2097 1807 7
2310 1755 2342 1808 6
2555 1754 2660 1808 556

1710 1824 1847 1878 1090
2061 1825 2094 1878 8
2313 1825 2344 1877 7
2553 1825 2660 1878 557

514 1896 792 1951 Horrenda
834 1895 1016 1950 fames
1069 1895 1344 1967 regionem
1707 1896 1839 1967 1091
1959 1901 1966 1907 ’
2037 1895 2095 1967 Δ9

1069 1895 1344 1967 regionem
1707 1896 1839 1967 1091
1959 1901 1966 1907 ’
2037 1895 2095 1967 Δ9
2308 1895 2341 1967 8
2555 1895 2659 1967 530

436 1977 684 2021 tmslram
725 1967 994 2027 vastavit,
1042 1964 1164 2023 cum
1198 1967 1347 2020 vide—
1709 1965 1846 2019 1002
2027 1965 2094 2018 10
2306 1965 2340 2018 9
2557 1964 2661 2018 559

433 2039 557 2093 lit-et
600 2039 898 2092 sceleribus
929 2038 1135 2093 nostris
1156 2051 1346 2092 cumu-
1456 2034 1595 2101 468
1705 2035 1846 2089 1095
2025 2036 2048 2088 1

2062 2036 2086 2088 1
2273 2036 2342 2089 10
2553 2035 2658 2090 540
2835 2035 2949 2090 Hoc
2975 2052 3119 2090 anno
3148 2035 3511 2093 Melichsahus
3555 2035 3675 2091 Sul-

430 2109 514 2164 lus
545 2120 690 2164 esset
719 2107 1030 2178 impositus.
1705 2106 1846 2159 1094
2023 2104 2092 2160 12
2271 2106 2331 2160 11
2553 2104 2652 2158 541
2765 2114 2926 2162 tanus
2955 2108 3113 2162 obiit.

497 2310 609 2378 Age
653 2323 785 2364 vero
825 2306 1085 2378 quoniam
1134 2312 1400 2376 regnante
1446 2303 1778 2360 Melichsaho
1827 2319 1961 2374 pace
2011 2305 2170 2361 orbis
2221 2306 2512 2361 universus
2563 2305 2975 2378 praesertimque
3023 2306 3284 2361 Armenia
3333 2305 3506 2376 potita
3555 2313 3677 2372 est,

427 2404 516 2456 cui
556 2401 775 2472 quidem
815 2400 1126 2470 superiores
1165 2399 1385 2471 tyranni
1425 2399 1683 2467 poculum
1721 2397 1945 2452 exitiale
1981 2385 2174 2452 tandid
2213 2399 2680 2469 propinaverant;
2722 2400 2871 2454 lubet
2908 2401 3078 2454 verba
3116 2400 3428 2455 laudatoria
3479 2399 3679 2471 praedio

426 2492 499 2547 cti
539 2491 724 2546 eximii
762 2491 1007 2546 doctoris
1049 2490 1324 2544 ascribere
1350 2531 1364 2556 ,
1405 2489 1499 2558 qui
1540 2487 1833 2542 admodum
1871 2489 2204 2542 elaboratam
2245 2491 2626 2560 prolixamque
2663 2492 2966 2545 orationem
3007 2505 3202 2545 rursus
3242 2491 3472 2555 scribit,
3526 2495 3680 2560 post-

425 2601 585 2654 quam
627 2584 835 2639 scilicet
867 2599 954 2638 res
989 2581 1222 2638 viventis
1261 2583 1493 2638 absolvit
1533 2581 1612 2636 sic
1647 2581 1891 2652 ejusdem
1925 2582 2135 2636 obitum
2176 2597 2430 2636 narrans.
2465 2600 2484 2633 ‹
2510 2581 2668 2637 Anno
2705 2597 2826 2637 aera:
2859 2597 2986 2634 om
3031 2597 3321 2651 supremus
3355 2581 3675 2637 Melicbsabi

424 2677 712 2739 Persarum
752 2678 899 2748 regis
948 2677 1274 2732 administer
1322 2677 1542 2732 occisus
1587 2686 1712 2741 est,
1767 2677 1927 2746 cujus
1972 2692 2174 2731 nomen
2221 2676 2474 2732 Hasanus
2503 2717 2517 2740 ,
2572 2677 2865 2747 dignitatis
2915 2685 3094 2731 autem
3145 2676 3336 2732 titulus
3381 2677 3675 2737 Vezrucius

423 2773 650 2843 Cbogia.
695 2770 832 2826 Octo
871 2779 1053 2826 autem
1090 2779 1146 2827 et
1183 2771 1375 2841 viginti
1414 2777 1537 2840 post
1575 2769 1692 2824 dies
1733 2769 1849 2838 ipse
1887 2784 2106 2839 quoque
2158 2768 2525 2824 Melichsahus
2573 2770 2782 2824 interiit
2836 2783 3046 2823 veneno
3074 2808 3088 2830 ,
3140 2775 3201 2821 ut
3249 2767 3394 2821 fama
3441 2753 3676 2834 est,'ab

424 2878 593 2917 uxore
632 2869 967 2932 corruptus:
1011 2862 1096 2915 vir
1133 2862 1188 2916 in
1224 2876 1414 2916 omnes
1452 2861 1749 2916 benevolus
1790 2869 1952 2931 atque
1989 2861 2312 2916 mitissimus
2339 2900 2354 2924 ,
2386 2862 2441 2914 in
2485 2861 2830 2916 Christianos
2878 2870 3058 2914 autem
3090 2873 3258 2928 prope
3299 2858 3671 2927 singulariter.

423 2953 596 3024 Hujus
633 2956 843 3011 obitum
880 2955 1220 3011 incredibilis
1258 2957 1500 3010 omnium
1541 2956 1784 3026 gentium
1824 2957 2164 3026 perturbatio
2202 2963 2500 3012 consecuta
2552 2963 2639 3011 est
2678 2971 2775 3027 per
2813 2954 3262 3026 quadriennium.
3297 2952 3434 3007 Nam
3465 2961 3520 3008 et
3558 2952 3674 3007 fra-

422 3059 504 3104 ter
542 3049 811 3108 Dedusius
848 3057 902 3106 et
940 3052 1085 3107 ﬁlius
1123 3050 1531 3107 Becbiaruchus
1573 3052 1658 3108 bis
1699 3051 1858 3107 annis
1895 3053 2038 3108 bella
2069 3053 2276 3109 cientes
2309 3067 2473 3108 omne
2508 3067 2680 3123 genus
2711 3052 3116 3107 institutionum
3145 3051 3412 3106 bonarum
3445 3049 3672 3105 subver-

422 3145 809 3216 terunthdum
848 3154 1041 3201 neuter
1077 3161 1247 3218 regno
1286 3146 1515 3201 ﬁrmiter
1553 3147 1842 3217 potiretur.
1902 3148 2141 3220 Sanguis
2183 3149 2404 3204 interim
2445 3148 2772 3203 torrentium
2825 3148 3004 3201 instar
3054 3146 3310 3200 manabat
3348 3161 3458 3200 non
3497 3146 3674 3200 solum

419 3233 592 3289 Marte
627 3238 956 3292 certantium
982 3278 998 3302 ,
1042 3253 1231 3293 verum
1270 3239 1436 3294 etiam
1476 3241 1656 3296 omnis
1696 3241 1906 3297 ordinis
1945 3242 2145 3297 civium
2185 3250 2241 3297 et
2277 3241 2738 3313 provincialium:
2781 3251 2977 3310 praeter
3015 3239 3151 3296 alias
3203 3254 3474 3294 aerumnas
3513 3237 3674 3294 famis

420 3335 584 3397 atque
621 3329 1025 3398 captivitatum.
1068 3327 1161 3384 Sic
1198 3330 1458 3383 nimirum
1493 3329 1728 3386 felicitas
1765 3345 1892 3384 cum
1933 3331 2044 3385 vita
2081 3332 2229 3402 regis
2265 3333 2425 3401 pulsa
2463 3339 2546 3386 est
2576 3349 2588 3384 :
2633 3329 2702 3384 ad
2742 3344 2906 3400 quem
2943 3329 3163 3398 quidem
3221 3344 3476 3384 curarum
3515 3342 3674 3398 rega-

419 3422 550 3476 lium
587 3423 743 3478 labor
780 3425 1164 3494 pertinuerat;
1206 3423 1274 3478 ad
1312 3425 1450 3480 alios
1487 3441 1620 3481 vero
1658 3425 1777 3480 sive
1814 3427 2106 3494 optimates
2152 3427 2266 3482 sive
2303 3426 2545 3497 plebeios
2586 3425 2799 3480 fructus
2853 3440 3043 3480 earum
3080 3432 3134 3480 et
3179 3425 3537 3481 commoditas
3583 3440 3672 3480 re-

424 3516 802 3584 dundaverat,
841 3516 968 3571 vitae
1004 3532 1198 3586 nempe
1236 3518 1544 3586 securitas,
1586 3533 1770 3573 rerum
1812 3519 2034 3574 ubertas
2091 3519 2472 3589 malorumque
2524 3519 2796 3589 depulsio.
2853 3517 2905 3574 ls
2962 3517 3098 3574 adeo
3152 3527 3367 3589 gentem
3422 3527 3669 3574 nostram

424 3603 652 3670 dilexit,
692 3613 754 3659 ut
791 3620 985 3675 preces
1021 3611 1340 3674 exposceret
1379 3620 1442 3660 ac
1479 3605 1939 3661 benedictiones:
1982 3606 2143 3677 cujus
2176 3608 2257 3662 rei
2291 3623 2462 3664 causa
2500 3607 2870 3679 patriarcbam
2904 3622 3121 3678 quoque
3149 3609 3217 3662 ad
3259 3610 3440 3663 aulam
3480 3625 3670 3665 accer-

423 3698 568 3754 sivit.
608 3685 788 3767 Atque
827 3697 1036 3751 utinam
1069 3696 1138 3750 ad
1175 3695 1484 3752 Christiana
1518 3712 1676 3752 sacra
1707 3713 1996 3768 moresque
2023 3701 2348 3758 transisset!
2381 3721 2399 3754 ι
2429 3700 2646 3774 Imperii
2676 3700 2798 3769 ejus
2828 3701 2988 3758 sedes
3015 3701 3310 3772 Aspahana
3349 3701 3454 3757 fuit
3479 3743 3496 3773 ,
3537 3719 3661 3774 qua:

419 3789 738 3859 metropolis
775 3786 1067 3844 Persarum
1104 3795 1188 3843 est
1210 3827 1225 3853 ,
1269 3786 1582 3868 ibidemque
1618 3785 1789 3842 vitam
1829 3787 2121 3843 conclusit.

1663 4023 1803 4079 1095
1981 4027 2052 4082 15
2228 4028 2299 4082 12
2511 4029 2615 4084 512

1664 4095 1802 4150 1096
1980 4097 2049 4151 14
2226 4098 2296 4153 15
2507 4101 2614 4155 545
2812 4099 3127 4157 Revolvitur
3178 4103 3289 4175 cycl

2042 4127 2049 4151 ρ
2226 4098 2296 4153 15
2507 4101 2614 4155 545
2812 4099 3127 4157 Revolvitur
3178 4103 3364 4175 cyclus
3402 4105 3667 4175 quingen-

2740 4178 2920 4242 torum
2947 4173 3223 4226 annorum
3245 4173 3376 4242 (95).

489 4239 888 4296 Constantinus
917 4238 1170 4308 princeps
1209 4254 1313 4295 no-
1670 4236 1812 4308 1097
1986 4238 2056 4294 15
2233 4238 2302 4292 14
2511 4240 2618 4294 541
2794 4241 3064 4297 Dedusius
3100 4236 3386 4304 Damasci,
3419 4243 3666 4298 Palaesti-

419 4319 551 4372 ster,
579 4310 790 4381 Rubeni
816 4307 994 4374 ﬁlius,
1027 4307 1195 4365 eﬁusa
1227 4311 1320 4364 hu-
1419 4309 1566 4381 469
1670 4307 1809 4381 109ξ
1988 4310 2057 4381 16
2236 4309 2306 4381 15
2520 4310 2624 4381 545
2731 4327 2847 4374 me,
2881 4312 3232 4381 ﬁnitimmque
3263 4315 3503 4381 regionis
3535 4329 3661 4370 rex.

418 4382 681 4435 manitate
732 4380 1035 4434 Romanam
1099 4389 1313 4450 gentem
1445 4376 1553 4381 “”
1669 4376 1808 4431 1099
1985 4379 2054 4433 17
2241 4379 2308 4433 16
2521 4378 2624 4436 546
2723 4383 2922 4451 κιπεεΙὶο
2952 4376 3284 4436 interimitur
3304 4376 3664 4451 Aspabanma

416 4462 742 4521 prosecutus
769 4492 785 4516 ,
833 4452 1038 4506 honore
1069 4452 1314 4506 vicissim
2720 4450 3094 4506 Bechiarucho
3124 4467 3266 4506 anno
3293 4450 3414 4507 mra:
3443 4469 3626 4507 nxuv.

417 4532 644 4578 ornatus
676 4529 779 4578 ρει.

485 4723 714 4782 Romani
753 4741 852 4798 per
887 4727 1174 4782 Thraciam
1213 4729 1269 4782 in
1306 4702 1493 4785 Asiam
1529 4725 1950 4792 transmittunt,
1993 4731 2054 4780 ut
2097 4725 2425 4797 Scytharum
2453 4765 2468 4793 ,
2511 4725 2802 4783 Persarum
2841 4733 3005 4798 atque
3041 4726 3438 4782 Saracenorum
3470 4725 3662 4782 adver-

414 4839 510 4880 sus
545 4822 884 4880 Christianos
914 4823 1143 4894 injurias
1171 4825 1344 4879 ultum
1373 4831 1518 4879 eant.
1549 4821 1807 4877 Plurimis
1837 4829 2018 4876 autem
2043 4823 2405 4880 incommodis
2451 4823 2758 4879 adiciuntur
2801 4839 2832 4878 a
2870 4824 2982 4879 ﬁlio
3037 4822 3250 4877 Satanae
3288 4822 3475 4879 Alexio
3512 4821 3663 4876 Grae-

413 4933 602 4972 corum
642 4918 699 4972 in
733 4918 868 4974 urbe
896 4917 1494 4990 Constantinopolitana
1516 4933 1660 4989 rege.
1693 4916 1793 4972 llic
1830 4917 2029 4987 partim
2057 4919 2295 4986 arcanis,
2323 4913 2530 4989 partim
2559 4921 2867 4976 manifestis
2899 4920 3115 4975 insudiis
3138 4959 3152 4984 ,
3182 4919 3466 4973 mortifero
3496 4921 3661 4974 etiam

411 5014 534 5069 cibo
569 5014 964 5085 grassabatur:
1009 5022 1124 5069 tum
1164 5014 1332 5070 iidem
1375 5002 1513 5068 mari
1554 5028 1893 5083 suorumque
1933 5012 2155 5069 ducatui
2204 5015 2444 5085 pessimo
2501 5017 2736 5072 artiﬁcio
2772 5017 3058 5073 commissi
3097 5015 3443 5086 signiﬁcabat
3482 5024 3661 5070 astute

411 5105 661 5162 barbaris
691 5120 798 5176 qua
825 5107 1036 5161 ratione
1065 5114 1407 5176 caperentur.
1435 5103 1562 5159 Haec
1587 5104 1850 5160 Dominus
1893 5104 2190 5174 aliquando
2221 5106 2520 5161 ulciscatur
2545 5108 2558 5160 !
2593 5108 2862 5178 siquidem
2901 5108 2990 5162 hic
3018 5107 3182 5160 homo
3209 5107 3448 5176 itemque
3486 5116 3661 5162 mater

412 5199 534 5271 ejus
560 5243 576 5268 ,
619 5204 698 5257 uti
739 5217 806 5258 ex
848 5202 1036 5258 multis
1078 5202 1409 5266 audivimus,
1451 5200 1768 5255 Christiano
1800 5199 1910 5254 ritu
1943 5201 2106 5255 alieni
2139 5209 2314 5255 erant.
2351 5199 2407 5254 Id
2442 5201 2605 5256 etiam
2638 5202 2977 5258 Sarcavacus
3023 5203 3216 5258 doctor
3247 5208 3656 5254 commemorat.

482 5401 713 5460 Romani
755 5405 1129 5478 Hierosolyma
1165 5410 1217 5464 vi
1259 5409 1548 5466 Saracenis
1595 5413 1836 5482 eripiunt
1893 5412 2049 5468 caesis
2094 5410 2334 5465 hostium
2367 5413 2650 5483 sexaginta
2691 5413 2929 5484 quinque
2969 5413 3208 5468 millibus
3257 5414 3310 5466 in
3353 5414 3573 5483 templo,
3607 5424 3662 5468 et

413 5493 664 5565 pluribus
688 5497 866 5554 adhuc
903 5501 959 5555 in
996 5501 1148 5558 urbe.
1181 5501 1443 5560 Dominus
1482 5502 1786 5560 Vahramus
1828 5506 2140 5564 versabatur
2176 5502 2567 5574 Hierosolymis
2599 5505 2726 5560 dum
2759 5507 2891 5561 urbs
2925 5506 3238 5576 capiebatur
3265 5505 3395 5576 (96).

636 5715 833 5795 δείρῃ
860 5719 926 5774 ad
957 5735 1046 5795 an.
1078 5721 1146 5776 10
1174 5737 1295 5784 aera:
1322 5725 1468 5778 Arm.
1616 5794 1620 5795 ν
2087 5727 2290 5795 ricope.
2332 5725 2483 5781 Latet
2519 5734 2696 5782 autem
2740 5730 2793 5781 in
2825 5728 3010 5784 eadem
3050 5729 3338 5795 mendum;
3373 5743 3497 5782 nam
3524 5726 3659 5785 Gre.

484 5786 597 5858 (96)
638 5787 985 5848 Desideratur
1015 5793 1071 5847 in
1099 5795 1397 5852 vetustiore
1420 5794 1715 5867 exemplari
1744 5796 1858 5851 haec
1881 5811 1974 5866 pe-
2081 5786 2241 5868 gora-5
2277 5797 2577 5856 Vahramus
2617 5807 2741 5857 ante
2771 5815 2947 5858 annos
2974 5816 3064 5856 xw
3094 5802 3203 5858 vita
3225 5786 3560 5863 excesserat.
