4116 6400
418 397 516 452 757
1121 387 1466 446 SAMUELIS
1495 383 1814 442 ANIENSIS
1846 385 2189 444 suumnu
2223 384 2610 443 rsuronuu
2637 385 2816 442 PARS
2853 389 2918 442 ιι.
3568 393 3674 451 738

442 543 3658 569 ~———————-——-—————I————-————-—-—_—-——_.

1390 644 1580 684 omne.
1659 641 1877 684 cnaisrl
1955 640 2149 684 δοκεῖ.
2229 627 2411 699 [ΡΑ-η.
2551 643 2691 684 an:

2547 713 2676 754 ΔΒΕ.

1976 767 2132 850 βαιο-
2234 765 2444 847 Grego-

1971 853 2133 910 Joan-
2282 853 2402 893 rius

2011 924 2113 964 nes

1374 1029 2710 1048 -——-———-_————-—-——_———_

2021 1117 2510 1177 CALOJOANNES
2535 1120 2611 1193 (1)
2642 1119 2787 1176 haud
2818 1119 3011 1192 paucis
3049 1120 3210 1178 annis
3237 1121 3501 1194 regnavit.

1711 1287 1845 1343 1121
2068 1283 2098 1357 1
2349 1283 2385 1357 ﬁ
2564 1283 2670 1357 568
2746 1354 2775 1357 __
2812 1282 3103 1357 Exstincto
3118 1285 3327 1357 iAIexio

2068 1283 2098 1357 1
2349 1283 2385 1357 ﬁ
2564 1283 2670 1357 568
2746 1354 2775 1357 __
2812 1282 3327 1357 ExstinctoiAIexio
3377 1293 3571 1357 regnat
3611 1284 3677 1340 fi-

497 1353 756 1410 Pralium
781 1360 937 1438 atrox
969 1352 1350 1438 Ca_riiiirovitio
1421 1359 1562 1430 475
2063 1353 2103 1438 ἓ
2352 1354 2387 1438 Ζ
2743 1354 2854 1438 lius
2885 1357 3007 1422 ejus
3037 1352 3562 1438 Calojoan‘nes._'m.

425 1442 571 1491 cum,
610 1442 718 1497 quo
767 1427 944 1480 victus
977 1434 1059 1481 est
1106 1425 1348 1480 Franco—
1445 1424 1460 1430 ’
1485 1424 1498 1430 ⁷
1526 1424 1551 1428 ⁷
1711 1427 1853 1482 1125

424 1512 546 1578 rum
569 1507 629 1578 _et
665 1497 1042 1578 Armeniorum
1075 1498 1348 1578 exercitus

2065 1424 2101 1478 ὅ
2351 1424 2386 1480 8
2565 1426 2671 1480 570
2815 1424 3097 1480 lberorum
3139 1424 3235 1480 rex
3267 1424 3437 1479 David
3483 1424 3684 1479 Elcha—

2062 1493 2106 1578 ξ,
2744 1495 2886 1578 ziu'tn
2910 1493 3279 1578 e.t_Mechi_i‘nli_n
3307 1496 3462 1552 clade
3493 1497 3679 1578 aliieit.

425 1566 618 1638 fraude
645 1582 956 1638 procerum.
987 1567 1142 1622 Tunc
1167 1577 1222 1621 et
1250 1565 1353 1620 Iio-
1709 1566 1852 1638 II2§
2071 1563 2108 1638 ξ
2319 1567 2389 1638 I0
2566 1566 2673 1638 572
2818 1565 2991 1622 David
3019 1581 3118 1623 rex
3145 1566 3406 1622 Teflisum
3438 1569 3607 1638 capit.

424 1637 606 1710 geritis
647 1633 980 1710 ’Antiocliia
1023 1638 1352 1710 ⁸1)¹ῗί1⁵1“θ(;ιιιιι
1422 1640 1566 1710 4'16
1711 1635 1851 1692 1126

1059 1638 1352 1710 praefectus
1422 1640 1566 1710 [ηδ
1711 1635 1851 1692 1126
2067 1633 2104 1690 6
2317 1639 2344 1693 1
2356 1637 2382 1690 1
2566 1636 2672 1692 575

424 1707 596 1830 nntilto
637 1723 762 1762 cum
799 1708 971 1763 milite
1006 1706 1353 1763 desideratus

424 1790 484 1830 es
515 1817 528 1829 .

423 1790 528 1832 εει.

496 1957 899 2025 Incursionum,
948 1959 1288 2030 rapinarum,
1320 1956 1610 2013 exitiorum
1655 1963 1710 2012 et
1754 1955 2014 2021 cladium,
2055 1957 2257 2027 quibus
2298 1956 2437 2012 Iberi
2469 1957 2717 2013 certatim
2757 1955 3130 2026 Saracenique
3169 1956 3505 2027 provinciam
3532 1957 3688 2013 Ania

423 2050 713 2114 vexabant,
746 2051 960 2120 pertasi
989 2050 1226 2122 denique
1253 2049 1404 2103 Ania
1427 2049 1580 2104 urbis
1606 2047 1942 2119 Siraciaque
1982 2049 2225 2119 regionis
2254 2050 2470 2116 incola,
2497 2056 2558 2104 ut
2592 2049 2733 2103 hanc
2766 2063 2797 2102 a
2831 2065 2890 2105 se
2912 2049 3208 2120 procellam
3231 2047 3584 2118 depellerent,
3615 2049 3685 2104 ad

425 2129 646 2196 Davidis
679 2139 958 2195 Iberorum
1000 2141 1145 2209 regis
1193 2139 1504 2194 clientelam
1536 2137 1835 2208 confugere
1878 2138 2260 2194 decreverunt.
2315 2138 2483 2209 Igitur
2515 2139 2863 2208 eonjuratum
2910 2147 2994 2195 est
3027 2140 3289 2195 adversus
3320 2140 3686 2209 Apelsuarum

427 2233 680 2298 amiram,
716 2231 982 2287 Manuciei
1019 2231 1210 2296 filium,
1245 2233 1336 2302 qui
1375 2232 1648 2288 exstincto
1675 2230 1815 2301 patri
1846 2230 1901 2284 in
1935 2229 2090 2284 Ania
2127 2230 2468 2286 dominatum
2505 2240 2890 2298 successerat;
2936 2230 3104 2286 David
3140 2239 3321 2287 autem
3362 2247 3456 2286 rex
3495 2243 3686 2301 paten-

427 2325 572 2380 tibus
620 2326 792 2396 portis
837 2325 892 2379 in
931 2326 1122 2381 urbem
1157 2334 1448 2396 receptus:
1487 2342 1595 2396 quo
1643 2326 1724 2380 sic
1751 2333 1973 2396 repente
2013 2326 2370 2396 introgresso,
2425 2341 2586 2381 nemo
2628 2327 2754 2381 vita
2805 2327 3193 2382 detrimentum
3241 2343 3441 2397 passus
3479 2335 3584 2383 est.
3635 2326 3688 2382 Is

424 2427 643 2487 captum
673 2433 798 2471 cum
827 2416 969 2484 filiis
998 2417 1362 2487 Apeisuarum
1399 2419 1454 2472 in
1485 2417 1713 2473 lberiam
1745 2433 1931 2472 secum
1969 2418 2172 2482 avexit,
2204 2417 2435 2488 locoque
2474 2418 2610 2474 adeo
2640 2419 2918 2489 pestilenti
2950 2419 3227 2488 deposuit,
3259 2429 3320 2474 ut
3349 2419 3501 2474 brevi
3534 2426 3689 2489 pater

424 2523 550 2563 cum
581 2509 767 2564 liberis
799 2509 1012 2564 duobus
1037 2510 1280 2580 perierit.
1318 2509 1538 2565 Interim
1599 2525 1723 2564 cum
1766 2508 1925 2564 fortis
1955 2524 2173 2580 quoque
2206 2507 2375 2564 David
2407 2518 2618 2564 natura
2652 2510 3042 2576 concessisset,
3074 2509 3262 2565 Iberia
3291 2526 3517 2582 regnum
3553 2511 3692 2565 adiit

424 2601 732 2658 Demetrius
764 2604 1008 2672 ejusdem
1041 2604 1202 2672 filius,
1232 2605 1382 2660 omni
1422 2605 1582 2660 laude
1614 2603 1877 2675 juvenilis
1907 2605 2213 2675 disciplina
2242 2605 2736 2662 cumulatissimus.
2769 2604 2910 2660 Tum
2955 2621 3086 2660 vero
3118 2605 3422 2659 Pbatlunus
3451 2585 3690 2658 filiorum

425 2699 710 2770 Apelsuari
734 2707 865 2753 natu
893 2700 1189 2758 maximus.
1219 2701 1312 2771 qui
1347 2701 1536 2755 tandiu
1565 2700 1704 2771 apud
1731 2715 1985 2771 magnum
2019 2701 2246 2755 amiram
2287 2702 2340 2755 in
2374 2700 2712 2756 Cliorasania
2747 2699 3156 2766 diversabatur,
3192 2699 3408 2770 c0gnita
3443 2699 3691 2768 parentis

425 2792 736 2846 calamitate
763 2792 1126 2862 stationisque
1171 2793 1334 2846 noxia
1369 2801 1588 2857 natura,
1622 2793 1675 2846 in
1712 2793 1963 2861 regiones
2007 2804 2228 2848 nostras
2267 2793 2563 2848 maturavit
2607 2792 2910 2856 incurrere,
2939 2793 3321 2864 praefectisque
3356 2793 3690 2849 suburbanis

426 2886 676 2951 devictis,
709 2888 1049 2957 metropolim
1080 2887 1366 2943 obsidione
1403 2887 1640 2942 vallavit.
1699 2885 1851 2941 Sava
1891 2885 2090 2941 dehinc
2125 2885 2298 2942 fames
2339 2902 2542 2940 annum
2578 2887 2850 2958 integrum
2899 2886 3228 2956 occupavit:
3263 2900 3498 2957 cumque
3542 2889 3692 2945 cives

427 2977 497 3032 ad
523 2978 944 3048 comparandam
972 2993 1153 3034 escam
1183 2986 1348 3033 noctu
1380 2978 1790 3049 egrederentur,
1821 2977 2049 3032 structis
2073 2976 2291 3033 insidiis
2319 2977 2495 3033 hostis
2525 2977 2673 3033 viros
2703 2977 2924 3048 quidem
2956 2976 3267 3047 jugulabat,
3297 2977 3370 3031 ita
3407 2987 3466 3031 ut
3490 2993 3692 3034 cruore

427 3077 482 3125 et
518 3071 738 3126 ossibus
779 3079 924 3126 terra
971 3073 1264 3143 squaleret,
1313 3072 1546 3129 feminas
1584 3083 1766 3128 autem
1807 3089 2117 3144 puerosque
2158 3074 2447 3129 vendebat.
2502 3072 2610 3129 Sed
2665 3082 2849 3128 tamen
2887 3071 3182 3128 identidem
3207 3089 3271 3128 ex
3308 3073 3480 3128 Iberia
3518 3073 3690 3129 duces

428 3161 655 3218 aderant
684 3165 787 3219 viri
818 3167 1042 3237 egregii,
1076 3175 1134 3220 nt
1163 3167 1254 3222 ille
1289 3168 1472 3224 clarus
1497 3183 1562 3222 ac
1591 3178 1849 3225 strenuus
1881 3167 2070 3224 Ivanes
2092 3167 2348 3222 Abulethi
2381 3168 2525 3223 filius
2553 3167 2647 3238 qui
2683 3167 2810 3222 forti
2836 3169 3024 3222 animo
3064 3168 3379 3223 incursores
3407 3167 3648 3223 cadebat
3674 3186 3687 3222 :

431 3269 667 3325 eumque
705 3254 1008 3312 Phatlunus
1045 3271 1239 3326 magna
1267 3257 1320 3312 vi
1361 3258 1550 3312 urbem
1589 3258 1991 3329 aggrederetur,
2026 3257 2143 3327 ipse
2173 3257 2362 3327 paucis
2391 3257 2647 3329 stipatus,
2679 3257 3067 3327 adjuvantibus
3105 3257 3337 3323 civibus,
3364 3258 3556 3313 urbem
3597 3275 3695 3330 pe-

430 3343 603 3405 riculo
639 3351 931 3422 expedivit.
963 3351 1150 3422 Neque
1187 3368 1317 3407 vero
1357 3353 1700 3408 reticendum
1739 3362 1820 3408 est
1853 3351 2069 3407 femina
2107 3353 2394 3422 cujusdam
2427 3353 2480 3406 in
2511 3368 2578 3407 eo
2619 3354 2920 3408 certamine
2946 3353 3104 3407 virile
3133 3351 3370 3421 facinus,
3401 3370 3522 3425 qua
3557 3355 3692 3410 satis

430 3446 692 3502 audacter
729 3449 1002 3505 manibus
1037 3449 1298 3504 insistens
1347 3449 1586 3518 lapidum
1619 3450 1824 3504 ictibus
1859 3449 2048 3503 hostes
2086 3449 2342 3519 pellebat,
2379 3449 2594 3515 sngittis
2631 3448 2831 3518 quibus
2865 3448 3210 3503 extrinsecus
3246 3449 3533 3518 petebatur
3559 3463 3693 3504 con-

431 3541 671 3610 temptis.
699 3540 931 3596 Femina
960 3557 1156 3597 nomen
1188 3541 1416 3614 Caprea,
1449 3544 1594 3614 quod
1643 3543 1761 3614 ejus
1793 3552 1910 3598 erat
1953 3544 2265 3613 pernicitati
2300 3553 2754 3599 consentaneum.
2787 3541 3180 3599 Verumtamen
3216 3559 3386 3614 regno
3408 3543 3692 3599 [berorum

431 3632 673 3686 nondum
709 3634 765 3688 in
802 3651 865 3690 ea
897 3637 1029 3691 urbe
1058 3637 1192 3692 satis
1223 3638 1569 3703 conﬁrmato,
1601 3638 1746 3694 fame
1775 3654 1840 3694 ac
1869 3640 2112 3695 cadibus
2146 3641 2201 3708 in
2229 3640 2346 3695 dies
2386 3640 2761 3704 saevientibus,
2793 3648 3066 3710 coguntur
3100 3641 3247 3695 cives
3285 3641 3474 3695 urbem
3509 3641 3694 3695 denuo

432 3724 499 3777 ad
528 3722 783 3780 Pbatlnni
810 3735 1132 3796 potestatem
1168 3730 1487 3794 transferre,
1527 3730 1631 3784 fide
1655 3731 1837 3800 jurata
1866 3733 1936 3786 ab
1972 3731 2163 3786 eodem
2190 3739 2436 3802 accepta,
2478 3732 2676 3801 nequid
2714 3739 2905 3785 contra
2937 3731 3110 3802 patris
3139 3730 3478 3802 fratrumque
3506 3733 3694 3803 prodi-

427 3821 580 3871 tores
613 3825 895 3873 statueret.
927 3820 984 3874 Id
1010 3822 1098 3875 ille
1142 3821 1322 3878 fadus
1349 3822 1452 3877 etsi
1488 3823 1543 3876 in
1577 3824 1835 3893 prasenti
1871 3840 1982 3878 non
2020 3825 2368 3889 detrectavit,
2401 3824 2765 3879 nihilominus
2805 3824 3014 3894 pacatis
3043 3823 3228 3888 rebus,
3265 3839 3359 3880 eos
3386 3827 3537 3880 vario
3582 3826 3694 3880 cri-

431 3911 794 3967 minatiouum
841 3929 1040 3984 genere
1070 3931 1360 3986 aggressus
1394 3925 1476 3972 est
1521 3925 1688 3988 atque
1717 3919 1985 3974 multavit.
2022 3919 2098 3974 Eo
2166 3927 2429 3990 regnante
2463 3935 2493 3974 a
2523 3920 2802 3975 consuetis
2833 3919 3052 3990 quidem
3089 3920 3501 3976 incursionibus
3535 3924 3692 3992 quies
3739 3918 3744 3926 ’

432 4003 490 4058 in
519 4005 778 4060 Armenia
821 4007 945 4074 fuit,
977 4008 1072 4064 sed
1109 4017 1226 4064 tum
1258 4011 1530 4080 praterita
1553 4011 1774 4068 damna.
1817 4020 1932 4066 tum
1961 4011 2312 4084 vectigalium
2355 4013 2786 4084 rapinarumque
2827 4015 2910 4069 vis
2953 4029 3225 4068 summam
3260 4015 3405 4084 apud
3443 4029 3546 4068 nos
3568 4030 3694 4085 ege-

433 4107 630 4160 statem
660 4116 953 4171 rerumque
986 4103 1231 4156 omnium
1269 4105 1555 4174 penuriam
1585 4105 1904 4175 effecerunt,
1934 4124 2056 4180 qua
2087 4108 2310 4178 quidem
2344 4109 2414 4162 ab
2438 4123 2502 4163 ea
2531 4123 2705 4178 usque
2729 4115 2888 4163 atate
2915 4107 3269 4163 incrementis
3295 4115 3454 4162 aucta
3488 4109 3693 4164 nostris

434 4193 613 4248 adhuc
630 4194 976 4263 temporibus
1005 4203 1334 4264 perseverat.

471 4346 474 4348 γ
507 4287 576 4340 At
608 4287 753 4342 enim
786 4298 1008 4343 sanctus
1035 4289 1345 4358 patriarcha
1374 4290 1608 4364 fideique
1650 4293 1882 4350 antistes
1907 4291 2165 4349 dominus
2191 4290 2509 4364 Gregorius,
2538 4291 2668 4363 quia
2706 4290 2887 4346 foedus
2910 4291 3200 4346 amieabile
3227 4307 3350 4347 cum
3387 4292 3694 4362 Apelsuaro

435 4379 660 4445 fecerat,
685 4394 794 4451 quo
821 4379 979 4436 sedes
1010 4381 1080 4435 ab
1104 4397 1171 4438 eo
1192 4390 1590 4455 protegeretur,
1618 4385 1807 4442 audita
1833 4385 1890 4441 in
1916 4386 2064 4442 hunc
2087 4385 2410 4441 Aniensium
2436 4385 2868 4454 conspiratione,
2895 4383 3143 4438 criminis
3182 4383 3500 4440 auctoribus
3529 4385 3694 4440 vehe-

437 4480 648 4529 menter
677 4475 994 4532 succensuit
1022 4475 1121 4547 (2).

1725 4653 1867 4709 112Ἱ
2086 4655 2121 4710 7
2333 4655 2405 4710 12
2582 4655 2690 4710 574

1725 4725 1868 4780 1128
2083 4728 2118 4782 8
2332 4728 2403 4782 15
2582 4726 2690 4780 575

1726 4795 1867 4849 1129
2081 4797 2116 4852 9
2331 4797 2402 4852 14
2582 4796 2689 4851 576

476 4859 538 4914 1η
562 4857 793 4939 Halbata
808 4861 1370 4939 obiitinAChristoma-
1439 4869 1581 4939 477
1726 4865 1869 4939 Ili“)
2047 4868 2101 4923 1(

2062 4869 2118 4923 10
2329 4869 2399 4923 15
2578 4866 2686 4939 577
2795 4866 3104 4924 Demetrius
3135 4883 3230 4924 rex
3261 4868 3687 4939 Charasgurum,

439 4945 580 4997 gnus
601 4931 1184 5010 doctorArmeniorum
1205 4933 1370 4990 Joan—
1463 4931 1478 4938 ’
1503 4931 1518 4939 ⁷
1551 4931 1564 4937 ’
1727 4935 1862 4990 1151
2048 4939 2112 4994 11
2330 4939 2397 4992 16
2579 4937 2684 4994 578
2759 4940 2850 5009 qui
2882 4956 2940 4995 se
2973 4941 3027 4994 in
3052 4955 3177 4994 arce
3210 4931 3499 5010 Athabegi'
3517 4931 3695 4994 multo

439 5015 538 5053 nes
564 5013 925 5072 cognomento
950 5002 1313 5060 Sarcavacus.

512 5068 892 5136 Redemptoris
906 5074 1049 5130 ades
1066 5089 1224 5129 sacra
1245 5090 1369 5130 cor-
1729 5075 1870 5131 1152
2049 5080 2064 5134 1

2758 5002 2882 5064 eum
2935 5011 3108 5064 milite
3163 5002 3545 5070 concluserat,
3599 5027 3695 5062 ex-

2070 5079 2119 5133 12
2331 5078 2406 5132 17
2580 5079 2685 5136 579
2759 5081 3040 5136 pugnavit.
3066 5079 3266 5134 Eodem
3300 5096 3445 5134 anno
3489 5080 3692 5135 Abnle-

511 5088 892 5151 peucmptons
906 5088 1049 5130 aues
1066 5089 1224 5129 sacra
1245 5090 1369 5130 cor-
1729 5088 1870 5131 1152
2049 5088 2119 5134 I2
2331 5088 2404 5132 I7
2580 5088 2685 5136 579
2759 5088 3040 5150 pugnavit.
3066 5088 3266 5134 Eodem
3300 5096 3445 5134 anno
3489 5088 3692 5135 Abute-

440 5147 550 5224 ῐύιξ
579 5141 733 5224 ﬁliae
761 5143 848 5224 die
878 5160 986 5224 xvii
1017 5147 1223 5202 mensis
1261 5145 1376 5201 Ma-
1729 5147 1870 5202 1155
2050 5151 2119 5205 15
2337 5150 2405 5204 18
2583 5150 2690 5207 580
2762 5151 2888 5204 thus
2911 5159 2964 5206 et
2990 5150 3180 5224 Ivanes
3203 5152 3346 5224 filius
3369 5149 3692 5204 Damaniam

439 5211 550 5264 reri
584 5211 659 5283 (5)
687 5211 823 5267 feria
849 5216 1060 5286 quinta.

2323 5228 2333 5238 '
2761 5232 3043 5290 ceperunt.
3105 5223 3304 5275 Eodem
3356 5224 3482 5275 item
3551 5235 3694 5272 anno

2761 5289 2952 5347 Ivanes
2968 5301 3131 5362 atque
3155 5292 3447 5347 Sembatus
3479 5289 3695 5346 Chunu-

511 5417 627 5507 H_oc
663 5437 831 5507 anno.
851 5425 1004 5507 obiit.
1016 5425 1365 5507 clarissimus
1435 5430 1578 5502 478
1725 5433 1868 5489 1131
2049 5431 2118 5486 14

2759 5371 2850 5416 nia
2884 5371 3038 5432 potiti
3061 5371 3210 5418 sunt.

2063 5431 2118 5486 14
2335 5431 2402 5485 19
2581 5432 2680 5489 581
2830 5432 3137 5507 Phatlunus
3169 5436 3224 5486 in
3255 5431 3454 5507 praelia
3479 5431 3688 5507 exstin-

441 5488 636 5547 doctor
663 5492 834 5550 David
853 5495 1031 5552 Alucii
1055 5498 1221 5554 filius.
1436 5488 1476 5500 Ἰ
1500 5488 1516 5501 ’
1536 5488 1576 5502 ν
1847 5488 1852 5489 ί
2593 5488 2602 5489 ί
2757 5505 2944 5577 guitur
2972 5488 3116 5577 anno
3143 5488 3294 5577 τρειῖὶ
3320 5502 3582 5577 septimo:
3618 5500 3696 5555 ei-

2756 5573 2864 5648 que
2895 5574 3142 5630 succedit
3165 5573 3480 5629 Mahmutus
3497 5573 3693 5628 frater.

753 5767 838 5818 est
865 5777 1104 5844 scannes
1131 5763 1540 5844 I..Comn_e_nus.
1646 5835 1682 5844 __
1898 5836 1915 5844 _
2118 5767 2640 5844 ab‘amanuenslbus
2664 5771 2868 5837 addita,
2893 5788 3014 5844 qua
3032 5788 3150 5844 nos
3172 5773 3340 5829 missa
3366 5773 3599 5832 fecimus

512 5831 591 5903 (2)
630 5831 728 5889 Hic
771 5834 1138 5904 sequebantur
1183 5834 1237 5890 in
1277 5836 1438 5891 codd.
1490 5835 1718 5892 moralia
1759 5836 2008 5910 quadam
2190 5838 2267 5909 (5)
2295 5837 2408 5896 Hoc
2441 5856 2586 5898 anno
2612 5831 2886 5902 incidebat
2909 5831 2977 5900 'in
3007 5843 3359 5901 Decembrem.

3050 6083 3072 6111 Ι
