4116 6400
455 351 562 410 ’1ιὸ
1468 347 1561 405 AD
1593 346 1862 406 EUSEBII
1900 345 2295 405 CHRONICON
2330 344 2696 402 APPENDIX.
3609 346 3712 409 7.54

1876 680 2296 743 MONITUM.

532 879 682 956 Quce
708 886 1056 958 sequuntur
1084 878 1385 958 opuscula
1408 876 1852 955 chronologica
1881 885 1937 935 et
1959 873 2383 935 astronomica
2400 891 2539 934 cum
2560 871 2734 952 apud
2765 869 3047 932 eruditos
3073 869 3341 949 plurimi
3362 867 3631 941 valeant,
3658 874 3718 928 et

462 982 545 1045 iis
574 982 755 1060 quasi
785 980 1188 1058 fundamento
1217 980 1511 1039 nitantur
1547 978 1918 1054 chronologi
1954 974 2310 1038 Christiani
2338 981 2591 1045 veteres,
2639 972 2820 1033 nobis
2857 970 3212 1049 faciendum
3252 970 3610 1049 putavimus
3645 978 3717 1029 ut

460 1100 531 1143 ea
554 1078 1008 1147 recuderemusg
1040 1076 1323 1138 studioso
1360 1075 1607 1136 Lectori
1639 1082 1956 1152 acceptam
1993 1074 2133 1152 fore
2177 1067 2552 1150 conﬁdentes
2603 1071 2763 1132 hanc
2791 1066 2875 1129 ad
2924 1064 3186 1129 Eusebii
3205 1066 3490 1131 Canones
3532 1067 3682 1128 chro

454 1182 632 1244 nicas
662 1200 790 1241 non
810 1178 1233 1260 panitendam
1263 1179 1649 1239 mantissam.
1677 1179 1861 1238 Enn".

1222 1542 1921 1665 VETERUM
2011 1545 2168 1661 SC
2191 1544 2935 1661 RIPTORUM

1901 1797 2313 1862 OPUSCULA

1011 1999 1954 2098 CHRONOLOGICA
2022 2000 2177 2093 ET
2245 1998 3149 2096 ASTRONOMICA.

1370 2398 1819 2466 DIONYSIUS
1848 2401 2268 2467 PETAVIUS
2303 2402 2680 2467 LECTORI
2704 2397 2811 2483 (a).

531 2584 681 2643 Inter
706 2595 947 2642 auctores
977 2584 1122 2655 infra
1157 2586 1324 2641 editos
1347 2587 1551 2656 primus
1578 2597 1655 2640 est
1675 2586 1946 2650 Geminus.
1980 2591 2073 2660 qui
2095 2599 2217 2645 ante
2247 2606 2417 2646 annos
2444 2592 2669 2660 amplius
2693 2589 3051 2662 quadraginta
3077 2588 3484 2656 prodiit.Grtece
3506 2586 3722 2645 Latine-

455 2702 555 2757 que
584 2685 648 2739 ab
677 2683 857 2738 Edone
897 2682 1203 2745 llilderico;
1239 2684 1465 2748 scriptor
1506 2684 1750 2739 eruditus
1784 2694 1832 2740 et
1864 2686 2133 2753 antiquus.
2176 2686 2325 2740 Vixit
2367 2686 2506 2741 enim
2546 2686 2711 2743 Sullte
2757 2703 2819 2741 ac
2849 2684 3117 2740 Ciceronis
3166 2683 3399 2743 stcculo,
3450 2691 3511 2735 ut
3547 2698 3613 2737 ex
3655 2682 3724 2737 iis

456 2788 666 2832 constat
696 2795 812 2848 quae
844 2777 913 2831 ad
936 2794 1055 2847 pag.
1085 2778 1150 2833 19
1184 2778 1237 2831 in
1272 2779 1411 2831 notis
1441 2775 1796 2834 observamus.
1836 2779 2029 2833 Patria
2071 2779 2336 2834 Rhodium
2370 2780 2533 2851 fuisse
2557 2782 2697 2835 inter
2720 2798 2900 2835 omnes
2932 2778 3191 2834 convenit.
3221 2780 3324 2833 Sed
3363 2776 3563 2837 Romae,
3589 2784 3638 2831 et
3665 2775 3722 2829 in

459 2866 627 2924 Italia
652 2872 864 2932 vixisse,
894 2886 995 2923 non
1023 2870 1145 2923 levis
1185 2878 1262 2923 est
1295 2869 1620 2939 conjectura,
1661 2871 1836 2941 ibique
1867 2872 2308 2925 commentarium
2333 2871 2470 2926 hunc
2503 2873 2800 2941 scripsisse.
2830 2881 2889 2926 ut
2928 2873 2982 2925 in
3015 2871 3202 2925 iisdem
3238 2870 3453 2924 scholiis
3498 2868 3727 2923 adnota-

457 2965 644 3019 vimus.
677 2965 754 3017 Ac
790 2962 866 3017 vel
900 2963 1107 3016 nomine
1140 2963 1254 3031 ipso
1285 2960 1499 3016 Gemini
1533 2963 1667 3016 satis
1688 2961 1785 3016 hoc
1820 2962 2102 3025 evincitur,
2130 2961 2443 3016 Latinorum
2476 2980 2576 3017 usu
2606 2972 2655 3018 et
2690 2965 3002 3018 commercio
3033 2963 3365 3033 implicatum
3393 2979 3507 3017 esse
3551 2960 3724 3015 hami-

457 3073 613 3121 nem;
640 3073 702 3110 ac
733 3054 975 3110 libertum
1008 3054 1214 3124 fortean
1236 3092 1252 3117 ,
1294 3062 1387 3107 aut
1420 3052 1662 3107 clientem
1709 3053 1941 3122 alicujus
1978 3051 2145 3122 fuisse
2177 3052 2425 3122 familiae.
2455 3053 2540 3107 cui
2589 3052 2856 3124 peeuliare
2893 3067 3177 3121 cognomen
3239 3050 3295 3104 id
3338 3058 3495 3113 erat,
3545 3065 3726 3120 nempe

459 3153 824 3209 Serviliorum.
880 3150 1104 3206 Proetus
1160 3150 1216 3203 in
1258 3148 1671 3204 Commentariis
1715 3149 1784 3203 ad
1827 3150 2031 3219 priores
2063 3148 2304 3203 Euclidis
2352 3149 2513 3205 libros
2567 3166 2670 3204 non
2719 3149 2877 3204 semel
2909 3148 3184 3204 Geminum
3220 3148 3442 3212 laudat,
3491 3164 3641 3216 quem
3677 3154 3729 3203 et

456 3245 684 3316 Γεμῖνον
739 3252 986 3314 perpetuo
1021 3243 1301 3305 nominat,
1352 3241 1695 3310 circumflexu
1740 3241 2077 3312 penultima:
2120 3240 2454 3313 indidemqne
2489 3242 2797 3311 colligitur,
2844 3245 3086 3310 quautam
3123 3242 3276 3295 illum
3324 3241 3388 3296 de
3441 3245 3729 3313 geometria

362 3394 367 3399 _
458 3335 751 3401 scripsisse.
777 3334 945 3404 Cujus
972 3335 1125 3405 ﬁdem
1160 3333 1288 3404 facit
1318 3333 1591 3402 catalogus
1616 3332 1899 3401 librorum,
1922 3336 2011 3404 qui
2044 3351 2110 3390 ex
2142 3332 2473 3389 Barocciana
2507 3333 2819 3389 bibliotheca
2850 3350 3014 3402 nuper
3037 3336 3090 3388 in
3120 3335 3367 3403 Angliam
3396 3335 3562 3389 avecti
3580 3344 3726 3398 sunt,

457 3439 587 3492 quos
611 3425 749 3479 inter
778 3423 984 3480 Gemini
1011 3425 1142 3482 liber
1168 3439 1344 3486 exstat
1376 3431 1607 3485 nondum
1636 3431 1830 3487 editus.
1870 3431 1974 3488 Sed
2015 3443 2065 3487 et
2097 3431 2280 3488 Procli
2309 3432 2533 3503 Sphaara
2563 3432 2697 3487 nihil
2733 3432 2882 3487 aliud
2917 3440 2995 3487 est
3022 3442 3214 3501 praeter
3243 3429 3495 3502 lsagoges
3524 3429 3730 3485 Gemini

460 3522 644 3590 capita
671 3522 938 3591 quwdam,
973 3526 1112 3595 quod
1137 3544 1235 3583 suo
1264 3528 1377 3583 loco
1413 3528 1826 3583 declaravimus.

530 3610 708 3681 Hujus
735 3632 829 3669 nos
859 3618 1154 3672 testimonio
1190 3621 1465 3687 scriptoris
1498 3634 1633 3686 sa’pe
1667 3634 1731 3672 ac
1763 3618 1983 3673 libenter
2005 3618 2094 3671 usi
2121 3634 2303 3672 sumus
2335 3618 2391 3670 in
2420 3617 2501 3672 his
2526 3632 2643 3687 qua!
2671 3619 2740 3672 ad
2782 3634 2980 3672 annum
3020 3616 3240 3673 Gra'cia:
3266 3619 3452 3673 veteris
3478 3626 3529 3671 et
3559 3615 3713 3687 digg-

457 3705 689 3772 ptiacum
723 3718 979 3773 spectant.
1012 3710 1155 3764 Nam
1184 3713 1248 3767 de
1276 3714 1451 3780 priore
1482 3715 1575 3768 illo
1606 3732 1757 3769 nemo
1790 3724 1903 3777 est,
1949 3717 2038 3785 qui
2066 3714 2379 3785 diligentius
2408 3715 2808 3785 expressiusque
2848 3716 3001 3768 verba
3055 3714 3233 3782 fecerit
3261 3756 3275 3775 .
3325 3713 3577 3783 cujusque
3608 3728 3730 3781 pru-

458 3805 574 3863 pter
608 3800 975 3869 antiquitatem
1004 3812 1053 3856 et
1091 3805 1437 3859 eruditionem
1461 3808 1599 3860 ratio
1627 3807 1801 3875 major
1848 3806 2029 3860 haberi
2051 3811 2256 3860 debeat.
2293 3806 2460 3872 Quem
2486 3806 2533 3859 si
2558 3806 2612 3857 in
2638 3804 2916 3857 consilium
2949 3804 3274 3859 adhibuisset
3313 3786 3584 3873 Scaliger,
3634 3808 3728 3854 aut

460 3889 510 3943 si
541 3894 935 3946 eumsattentius
964 3893 1192 3963 legisset.
1228 3912 1390 3966 neque
1432 3898 1842 3967 pra'judicatam
1881 3896 2031 3950 illam
2061 3913 2213 3950 suam
2243 3895 2306 3949 de
2341 3911 2481 3949 anno
2516 3892 2698 3949 Graeco
2736 3893 3004 3964 πρόληψιν
3052 3894 3121 3947 ad
3157 3895 3302 3948 illius
3359 3892 3729 3947 tractationem

462 3980 746 4044 attulisset,
773 3999 873 4036 non
920 3986 1017 4037 illa
1046 3986 1193 4040 nobis
1247 3990 1374 4041 anni
1403 3986 1578 4043 erci
1636 3998 1685 4042 et
1731 3989 1899 4041 Attici
1946 3997 2237 4043 commenta
2276 3987 2595 4057 peperisset,
2632 4003 2748 4057 qua:
2785 3996 2834 4040 et
2891 3985 3279 4040 absurdissima
3319 3994 3440 4039 sunt
3484 3994 3532 4037 et
3565 3983 3724 4036 unius

460 4085 653 4143 pra'ter
683 4085 898 4131 cwteros
934 4078 1137 4133 Gemini
1164 4084 1478 4137 auctoritate
1504 4083 1841 4145 refelluntur.
1885 4081 2038 4136 Hunc
2064 4085 2226 4152 igitur
2253 4100 2369 4136 cum
2402 4081 2604 4135 Latina
2639 4081 3069 4150 interpretatione
3099 4078 3257 4133 veteri
3284 4078 3453 4146 primo
3484 4077 3598 4129 loco
3628 4091 3728 4143 po-

461 4172 666 4227 suimus
686 4213 702 4236 ,
731 4192 835 4244 qua
864 4177 1097 4246 profecto
1123 4178 1390 4231 meliorem
1408 4178 1892 4248 ,elegantioremque
1916 4177 2213 4231 merebatur
2242 4194 2261 4230 :
2301 4185 2350 4230 et
2391 4184 2505 4229 erat
2549 4175 2758 4228 animus
2794 4189 2979 4227 novam
3018 4171 3251 4241 aggredi.
3285 4169 3389 4222 nisi
3414 4170 3465 4221 in
3495 4167 3729 4236 Hippar-

462 4266 617 4320 chum
645 4278 694 4322 et
723 4271 880 4333 alios,
909 4272 997 4340 qui
1021 4272 1221 4325 nullam
1248 4271 1509 4325 habebant
1534 4273 1769 4338 omnino,
1800 4272 1855 4325 id
1894 4288 2061 4341 operte
2082 4272 2319 4331 conferre
2341 4272 2511 4325 satius
2536 4287 2648 4325 esse
2665 4268 3013 4339 judicassem.
3040 4264 3225 4318 Gra'ca
3249 4278 3366 4317 vero
3400 4261 3468 4314 ad
3499 4271 3729 4314 veterum

463 4360 943 4428 manuscriptorum
973 4360 1129 4428 ﬁdem
1166 4369 1346 4414 exacte
1380 4362 1759 4431 castigavimus
1789 4379 1806 4417 :
1838 4378 1867 4416 ε
1893 4362 2084 4433 quibus
2115 4377 2277 4415 unum
2327 4374 2481 4429 penes
2512 4378 2606 4415 nos
2642 4360 2961 4414 habebamus
2992 4355 3132 4409 haud
3164 4355 3292 4408 adeo
3322 4363 3539 4408 veterem
3563 4397 3579 4418 .
3637 4351 3731 4406 sed

463 4461 772 4505 accuratum
803 4468 863 4504 ac
904 4454 1158 4521 scriptum
1196 4452 1454 4520 imprimis
1509 4453 1798 4523 eleganter.
1845 4453 1996 4507 Alter
2043 4454 2097 4506 in
2140 4452 2429 4508 Oxoniensi
2478 4452 2791 4506 bibliotheca
2840 4453 3135 4521 reperitur,
3179 4463 3400 4517 quocum
3449 4445 3729 4502 editionem

468 4538 729 4593 llilderici
757 4538 1035 4609 diligenter
1071 4540 1292 4593 contulit
1330 4539 1589 4595 Henricus
1621 4540 1891 4611 Briggius,
1925 4541 2246 4597 Oxoniensis
2293 4543 2733 4605 mathematicus;
2769 4560 2801 4595 a
2830 4559 2931 4612 quo
2962 4542 3016 4595 id
3046 4560 3155 4597 meo
3188 4542 3397 4596 nomine
3427 4542 3728 4610 postularat

463 4633 636 4688 Lucas
672 4632 980 4689 Holslenius
1014 4633 1456 4703 Hamburgensis.
1506 4635 1587 4688 vir
1613 4635 2030 4696 eruditissimus,
2053 4638 2142 4706 qui
2168 4638 2223 4691 in
2251 4637 2452 4691 illustr.
2501 4638 2705 4690 cardin.
2764 4636 3041 4691 Barberini
3070 4638 3325 4692 comitatu
3359 4638 3536 4693 Romae
3576 4641 3731 4696 hodie

463 4732 609 4786 vivit.
644 4730 928 4798 Utriusque
955 4745 1046 4797 ope
1074 4747 1138 4783 ac
1171 4730 1420 4800 beneﬁcio
1456 4732 1726 4785 variarum
1753 4732 2031 4786 lectionum
2073 4732 2364 4787 indiculum
2396 4735 2722 4801 accepimus,
2748 4749 2880 4802 quas
2914 4735 3096 4801 paucis
3144 4736 3372 4804 exceptis
3406 4735 3623 4789 totidem
3671 4736 3728 4790 in

464 4833 648 4879 nostro
672 4823 848 4877 codice
874 4821 1325 4890 deprehendimus.
1364 4821 1722 4887 Quamobrem
1750 4822 2003 4894 quidquid
2033 4824 2090 4877 in
2123 4842 2254 4878 nova
2290 4824 2389 4877 hac
2429 4824 2654 4878 editione
2688 4823 2893 4878 Gemini
2921 4825 3078 4879 aliter
3110 4836 3266 4895 atque
3297 4828 3351 4880 in
3386 4829 3582 4897 priore,
3612 4836 3729 4882 stu-

465 4919 612 4974 diose
640 4918 861 4981 Lector,
892 4916 1192 4987 offenderis,
1226 4917 1283 4971 id
1305 4933 1369 4972 ex
1399 4917 1674 4973 amborum
1701 4920 2030 4973 auctoritate
2053 4927 2103 4973 et
2133 4935 2387 4974 consensu
2420 4922 2761 4974 immutatum
2791 4936 2902 4974 esse
2928 4922 3088 4974 scias.
3121 4918 3233 4973 Nec
3263 4936 3445 4987 pauca
3475 4937 3595 4975 vero
3631 4920 3730 4973 illa

466 5015 611 5071 sunt,
646 5024 805 5076 neque
833 5007 994 5072 levia,
1029 5017 1109 5070 ut,
1139 5011 1227 5078 qui
1258 5007 1441 5061 ambas
1464 5009 1666 5079 legerit,
1693 5020 1962 5080 agnoscet.

539 5096 671 5150 Post
706 5095 980 5150 Geminum
1034 5097 1308 5152 Ptolemaei
1342 5098 1473 5151 liber
1502 5101 1738 5169 sequitur
1767 5141 1782 5165 ,
1829 5101 1920 5170 qui
1953 5100 2155 5164 Φάσεις

2104 5118 2155 5164 ις
2186 5100 2442 5154 ἀπλανῶν
2471 5100 2854 5171 ἐπισημασιῶν
2890 5103 2945 5154 in
2974 5101 3189 5172 antiquo
3219 5104 3399 5157 codice
3445 5103 3728 5170 inscriptus

466 5190 657 5263 [egitur
681 5228 697 5252 ,
735 5191 815 5242 uti
838 5206 930 5243 nos
958 5188 1238 5245 edidimus.
1276 5190 1446 5261 llujus
1473 5193 1621 5248 nobis
1657 5197 1868 5263 copiam
1899 5196 2103 5249 amicus
2134 5196 2348 5265 quidam
2378 5196 2533 5263 [ecit,
2582 5197 2672 5266 qui
2697 5211 2762 5249 ex
2804 5197 3019 5267 antiquo
3058 5198 3233 5251 codice
3271 5214 3390 5252 eum
3431 5198 3727 5268 descripse-

465 5292 571 5335 rat.
606 5280 960 5351 Eumdemque
980 5292 1096 5352 post
1118 5284 1408 5339 invenimus
1436 5286 1492 5340 in
1521 5286 1677 5358 Regia
1709 5287 2060 5351 bibliotheca;
2108 5298 2157 5341 et
2199 5305 2233 5342 a
2270 5288 2340 5342 el.
2381 5289 2444 5344 V.
2482 5287 2551 5342 1).
2584 5287 2815 5344 Nicolao
2856 5288 3089 5361 Rigaltio
3120 5292 3369 5345 utendum
3395 5292 3689 5361 accepimus
3710 5332 3732 5359 ,

464 5388 532 5427 ca:
557 5391 657 5444 quo
683 5375 842 5427 etiam
870 5391 972 5429 non
1003 5391 1172 5440 pauca
1193 5379 1589 5446 castigavimus.
1618 5379 1693 5434 De
1710 5379 1869 5449 hujus
1892 5391 2105 5434 auctore
2128 5379 2254 5451 quid
2280 5381 2462 5434 dicam
2486 5380 2620 5434 nihil
2656 5380 2842 5441 habeo.
2865 5391 3057 5449 prwter
3080 5400 3141 5436 ea
3163 5400 3280 5454 qua:
3309 5385 3363 5437 in
3396 5385 3533 5438 notis
3566 5399 3730 5452 expo-

466 5466 565 5518 sui.
606 5463 706 5520 Cui
732 5465 939 5535 quidem
968 5464 1300 5521 Kalendaria
1323 5468 1557 5538 ejusdem
1590 5472 1889 5541 argumenti
1919 5469 2167 5541 subjecta
2200 5479 2324 5523 sunt
2352 5471 2478 5525 tria.
2513 5468 2762 5524 Primum
2790 5479 2869 5525 est
2910 5471 3007 5524 sub
3048 5470 3185 5541 falso
3211 5472 3422 5526 nomine
3446 5471 3727 5526 Ptolema'i

466 5556 665 5611 editum
696 5575 729 5612 a
760 5556 1005 5625 Leonico,
1032 5576 1060 5613 e
1102 5559 1385 5631 Graecoque
1415 5562 1769 5628 translatum;
1805 5581 1964 5635 quam
2005 5563 2300 5620 miscellam
2342 5580 2457 5620 esse
2490 5566 2900 5621 tumultuariam
2949 5581 3014 5621 ex
3047 5566 3211 5622 variis
3259 5568 3727 5638 parapegmatibus

542 5731 616 5801 (a)
659 5730 730 5785 De
753 5731 996 5789 doctrina
1025 5744 1336 5807 temporum,
1379 5745 1418 5793 ι.
1450 5736 1537 5804 ιη,
1566 5737 1719 5794 Praef.
