4116 6400
361 424 463 483 745
1810 429 2150 488 ΜΟΝΙἸἪΜξ
3516 435 3618 488 746

355 546 670 616 confectam,
708 562 812 600 non
839 547 998 601 semel
1025 548 1082 602 in
1111 544 1579 604 dissertationibus
1610 549 1958 604 ostendimus.
2003 549 2071 604 In
2103 566 2202 621 quo
2227 549 2489 603 ridiculus
2517 559 2595 604 est
2623 549 2936 604 Solimanus
2965 555 3314 617 exercitator,
3345 569 3432 612 qui
3479 570 3616 611 nunc

356 640 592 694 libellum
616 641 889 694 aureolum
922 643 976 694 in
1003 658 1102 695 sua
1133 641 1406 714 farragine
1437 643 1815 699 Plinianarum
1852 643 2321 700 Exercitationum
2357 645 2631 709 nominat;
2665 660 2729 698 ea:
2756 661 2858 714 quo
2896 646 3032 700 nihil
3060 648 3190 700 certi
3220 648 3460 719 bonique,
3494 665 3620 718 pro-

352 741 469 800 pter
513 733 908 801 confusionem,
954 743 1004 791 et
1038 746 1319 790 auctorum
1365 739 1700 808 locorumque
1731 740 1898 792 tacita
1931 739 2218 804 vocabula,
2257 740 2444 794 harum
2483 756 2659 794 rerum
2693 739 2961 795 studiosus
3006 739 3266 808 colligat:
3296 741 3385 792 sed
3427 739 3618 793 habent

353 825 552 878 similes
576 825 727 879 labra
757 826 1014 882 lactucas.
1045 827 1253 883 Alteros
1283 828 1482 883 Fastos
1509 847 1576 884 ea:
1603 829 1798 893 Ovidii,
1832 829 2142 885 Columella:
2175 831 2442 902 Pliniique
2485 831 2640 886 libris
2675 833 3106 886 concinnavimus
3140 829 3262 895 ipsi,
3293 831 3388 896 qui
3432 828 3616 883 Julia-

353 931 542 968 nomm
571 919 743 970 instar
767 935 877 972 esse
904 930 1115 989 queant.
1145 920 1228 973 Ea:
1267 919 1536 991 Sosigenis
1563 922 1724 986 enim,
1755 921 1833 975 vel
1858 921 1994 975 Julii
2031 921 2262 976 Ccesaris
2310 930 2682 992 parapegmate
2706 962 2720 986 ,
2772 939 2862 976 nec
2891 921 3192 976 uninsmodi
3230 921 3458 990 fortasse
3481 961 3496 986 ,
3537 921 3616 974 uti

355 1009 485 1064 libro
518 1027 552 1064 Il
590 1009 875 1066 Variarum
911 1016 1226 1079 docuimus;
1263 1025 1503 1070 auctores
1535 1017 1617 1069 illi
1644 1017 1985 1085 phamomena
2019 1034 2118 1071 sua
2148 1018 2584 1086 perscripserunt.
2619 1016 2723 1082 Qui
2751 1027 2928 1072 noster
2971 1016 3120 1071 labor
3151 1033 3253 1069 non
3300 1032 3491 1084 parum
3521 1031 3610 1068 eos

351 1103 746 1174 adjuvabit,qui
769 1115 947 1174 poetas
971 1108 1204 1177 aliosque
1227 1111 1504 1178 scriptores
1535 1111 1590 1163 in
1615 1127 1800 1164 manus
1819 1111 2176 1179 sumpserint;
2212 1110 2301 1162 ubi
2325 1112 2606 1164 orientium
2620 1111 2697 1164 vel
2720 1110 3067 1163 occidentium
3095 1110 3370 1164 stellarum
3393 1110 3453 1178 ﬁt
3482 1124 3614 1161 non-

351 1200 501 1254 nulla
531 1204 1052 1272 mentio,pra:sertim
1075 1209 1122 1260 si
1151 1205 1220 1259 ad
1237 1223 1390 1260 usum
1418 1206 1737 1261 Kalendarii
1771 1209 1946 1272 istius,
1973 1206 2100 1260 libri
2129 1207 2287 1276 primi
2315 1209 2586 1260 variarum
2609 1205 3042 1260 dissertationum
3077 1215 3382 1260 nostrarum
3408 1203 3610 1257 doctri-

350 1309 475 1346 nam
507 1295 874 1362 adjuna'erint.
904 1297 1138 1353 Tertium
1174 1309 1254 1354 est
1293 1298 1342 1351 Κ
1349 1300 1684 1354 alendarium
1720 1299 2059 1353 Constantini
2086 1299 2166 1352 M.
2197 1317 2227 1352 a
2258 1298 2470 1354 Joanne
2504 1298 2784 1354 Herwarto
2814 1299 2940 1353 olim
2968 1298 3186 1364 editum,
3213 1297 3362 1367 cujus
3389 1311 3611 1349 enarra-

348 1384 543 1436 tionem
567 1387 594 1436 ὁ
627 1387 936 1458 μακαρίτης
977 1387 1333 1459 Hieronymus
1363 1390 1664 1443 Alexander
1694 1391 1919 1444 scribere
1953 1391 2276 1444 instituerat.

420 1475 626 1530 Exinde
656 1479 878 1533 Achillis
918 1479 1059 1533 Tatii
1103 1491 1150 1534 et
1187 1481 1477 1551 Hipparchi
1512 1481 1676 1536 libros
1710 1482 2034 1545 addidimus,
2064 1499 2194 1552 quos
2235 1481 2412 1536 Crtece
2437 1483 2638 1552 primus
2686 1499 2713 1537 e
2748 1481 2982 1535 Medicea
3034 1481 3347 1536 bibliotheca
3379 1479 3610 1550 vulgavit

343 1565 537 1622 Petrus
583 1569 866 1634 Victorius,
903 1589 994 1625 nos
1027 1570 1246 1626 Latinos
1271 1576 1514 1642 fecimus.
1555 1574 1631 1626 Ac
1674 1575 1931 1642 principio
1961 1573 2170 1642 quidem
2202 1573 2374 1627 solum
2423 1573 2636 1626 Tatium
2668 1575 2903 1641 conferre
2933 1574 2988 1625 in
3016 1573 3328 1625 Auctarium
3365 1572 3460 1625 hoc
3515 1587 3610 1624 no-

343 1669 508 1713 strum
544 1662 838 1724 voluimus;
866 1673 982 1732 post
1019 1664 1081 1718 de
1103 1664 1405 1732 Hipparcho
1434 1683 1636 1737 quoque
1656 1667 1954 1720 remisimus
1977 1667 2254 1719 doctorum
2276 1665 2630 1732 quorumdam
2659 1667 2953 1719 amicorum
2985 1667 3244 1736 precibus.

415 1761 482 1811 In
511 1758 730 1813 Achillis
774 1763 1167 1815 commentariis
1204 1762 1462 1816 nonnulla
1492 1773 1613 1817 sunt
1643 1763 1936 1834 περίεργα,
1963 1777 2026 1815 ac
2059 1763 2270 1816 minime
2304 1763 2625 1825 necessaria,
2656 1763 2814 1830 plura
2848 1771 3022 1815 tamen
3060 1759 3194 1811 scitu
3226 1774 3330 1811 non
3369 1757 3606 1827 indigna.

343 1850 414 1904 In
440 1853 626 1921 quibus
651 1871 766 1924 qua:
786 1865 938 1909 erant
967 1857 1156 1909 menda
1187 1857 1384 1927 corrigi
1409 1874 1512 1911 non
1543 1866 1844 1926 potuerunt,
1869 1855 2008 1926 quod
2046 1855 2251 1910 nullum
2287 1865 2427 1909 vetus
2457 1855 2726 1923 exemplar
2750 1895 2765 1919 ,
2811 1869 2912 1922 quo
2938 1854 3254 1916 niteremur,
3287 1855 3355 1904 ad
3384 1865 3600 1903 manum

342 1943 470 2012 fuit.

416 2036 706 2106 Hipparchi
740 2055 854 2092 vero
887 2039 1015 2092 libri
1056 2039 1241 2093 multis
1277 2040 1331 2094 in
1359 2039 1488 2094 locis
1517 2037 1783 2094 emendati
1812 2049 1956 2105 sunt,
1990 2056 2095 2096 non
2130 2056 2194 2094 ea:
2219 2041 2522 2110 conjectura
2554 2043 2747 2105 solum,
2771 2055 2908 2109 quae,
2941 2038 3030 2092 ubi
3054 2054 3181 2107 opus
3206 2039 3329 2106 fuit,
3367 2035 3435 2087 ad
3459 2035 3606 2087 mar-

337 2131 510 2200 ginem
533 2132 766 2198 ascripta
797 2143 896 2198 est,
926 2133 1365 2202 quemadmodum
1399 2143 1450 2188 et
1483 2135 1536 2188 in
1581 2135 1786 2188 creteris
1826 2134 2064 2203 fecimus,
2093 2134 2183 2188 sed
2222 2136 2383 2188 etiam
2408 2151 2473 2190 ea:
2511 2138 2726 2199 antiquo
2758 2133 3078 2188 bibliotheca’
3104 2131 3276 2200 Regiw
3305 2130 3459 2193 libro,
3483 2128 3606 2197 pul-

337 2229 593 2284 cherrime
624 2232 842 2298 scripto,
866 2247 1018 2300 quem
1049 2232 1197 2285 nobis
1229 2232 1296 2284 cl.
1341 2230 1402 2284 V.
1428 2231 1500 2286 D.
1534 2229 1798 2301 Rigaltius
1830 2232 2200 2284 commodavit.
2237 2231 2315 2284 Eo
2345 2241 2612 2300 praeeunte
2660 2232 2825 2294 libro,
2884 2224 3138 2297 quidquid
3171 2239 3338 2286 secus,
3364 2231 3517 2288 atque
3551 2220 3608 2271 in

337 2318 654 2376 Florentino
682 2323 930 2388 editione,
954 2325 1009 2376 in
1040 2323 1140 2376 hac
1176 2334 1362 2377 nostra
1390 2322 1545 2392 leges,
1578 2322 1968 2391 conformatum
1996 2339 2108 2377 esse
2142 2324 2460 2378 memineris.
2496 2324 2815 2378 Asterismos
2845 2329 3042 2381 autem,
3081 2334 3216 2388 quos
3246 2316 3340 2369 sub
3370 2315 3607 2383 Hippar-

337 2415 418 2468 chi
453 2417 662 2470 nomine
687 2416 871 2470 eadem
913 2415 1234 2470 Florentino
1271 2416 1434 2470 editio
1478 2419 1728 2483 continet,
1755 2416 1992 2470 consulto
2019 2419 2477 2485 praetermisimus.
2525 2417 2649 2470 Non
2685 2417 2824 2470 enim
2857 2411 3148 2482 Hipparchi
3178 2422 3320 2473 sunt,
3355 2410 3445 2462 sed
3474 2407 3605 2462 Pto-

336 2501 527 2570 lemwi,
556 2521 589 2557 a
619 2504 771 2574 cujus
801 2503 986 2558 tabula
1015 2505 1202 2574 paucis
1234 2503 1501 2558 interdum
1528 2506 1746 2559 minutis
1771 2505 2096 2574 discrepant.
2137 2505 2326 2574 Itaque
2365 2522 2809 2575 supervacaneum
2841 2522 2951 2564 erat
2986 2511 3107 2564 illos
3140 2511 3402 2563 recudere.

407 2590 651 2649 Succedit
693 2596 776 2650 his
810 2595 970 2650 Gaza:
1017 2597 1146 2650 liber
1183 2595 1262 2652 De
1295 2597 1582 2653 mensibus
1625 2596 1821 2653 Atticis
1844 2637 1861 2664 ,
1910 2614 2030 2651 cum
2061 2596 2260 2652 Latina
2307 2600 2542 2653 versione
2567 2598 2799 2654 Joannis
2831 2600 3058 2656 Perrelli
3088 2611 3208 2656 ante
3261 2611 3466 2656 centum
3497 2600 3603 2668 fere

335 2700 504 2738 annos
538 2685 706 2742 edita.

406 2780 538 2834 Tum
574 2780 634 2836 S.
666 2779 895 2838 Maximi
914 2783 1163 2853 martyris
1204 2785 1528 2853 Computus,
1557 2799 1709 2852 quem
1742 2797 1769 2836 e
1807 2779 2066 2836 Vaticana
2105 2782 2420 2838 bibliotheca
2458 2783 2857 2839 describendum
2893 2783 3094 2837 curavi.
3129 2781 3306 2850 Hujus
3353 2789 3600 2857 excerpta

333 2873 573 2936 quwdam
599 2873 858 2945 Iosephus
908 2876 1148 2948 Scaliger
1175 2879 1317 2947 operi
1361 2877 1436 2932 De
1464 2875 1846 2932 emendatione
1877 2884 2181 2947 temporum
2226 2878 2554 2940 inseruerat;
2609 2886 2658 2931 et
2705 2877 2950 2930 uberibus
2981 2877 3118 2929 notis
3151 2873 3321 2928 Gra'ci
3367 2865 3601 2936 comput‘

334 2968 628 3022 doctrinam
652 2968 946 3039 explicarat
971 2987 990 3024 :
1019 2987 1136 3041 quin
1167 2986 1270 3036 res,
1293 2971 1372 3024 uti
1401 2980 1592 3024 caetera
1624 2967 1772 3021 illius
1795 2969 1984 3036 operis,
2009 2969 2057 3022 ei
2083 2969 2366 3037 infeliciter
2401 2969 2674 3032 successit,
2716 2978 2776 3021 ut
2818 2984 2882 3022 ex
2905 2967 3290 3022 dissertatione
3318 2974 3504 3020 nostra
3526 2962 3601 3018 De

332 3063 645 3119 Graecorum
673 3065 798 3119 aeris
826 3078 890 3118 ac
923 3063 1194 3134 computis
1223 3061 1460 3117 eruditus
1489 3063 1652 3114 lector
1673 3059 1950 3130 intelliget.
1983 3060 2284 3130 Adjecimus
2314 3069 2362 3115 et
2399 3059 2580 3114 Isaaci
2600 3058 2796 3130 Arggri
2825 3069 3128 3128 computum
3161 3055 3447 3126 duplicem,
3474 3061 3604 3124 quo-

333 3171 450 3208 rum
475 3157 622 3225 prior
649 3172 682 3210 a
713 3153 912 3211 Iacobo
942 3154 1320 3211 Christmanno
1363 3155 1590 3223 primum
1619 3151 1797 3208 Greece
1838 3161 2080 3224 vulgatus
2111 3163 2225 3217 est;
2258 3171 2352 3208 nos
2379 3153 2571 3207 Latine
2597 3154 2868 3220 vertimus,
2899 3162 2949 3206 et
2991 3152 3336 3220 posteriorem
3362 3147 3602 3218 ejusdem

331 3255 632 3314 computum
659 3261 722 3299 ex
747 3243 1190 3300 Christianissimi
1219 3247 1357 3316 regis
1375 3243 1688 3298 bibliotheca
1717 3241 2032 3303 subiecimus
2056 3243 2302 3314 beneficio
2336 3245 2404 3299 cl.
2439 3244 2503 3300 V.
2542 3243 2759 3298 Nicolai
2789 3242 3030 3314 Rigaltii.
3065 3244 3303 3297 Accessit
3335 3241 3600 3296 cei'brevis

273 3360 280 3366 ·
332 3337 556 3393 Andreae
587 3336 850 3392 Cretensis
881 3347 1158 3408 computus
1194 3338 1325 3392 olim
1357 3337 1424 3391 ad
1465 3353 1559 3391 nos
1586 3353 1617 3389 a
1651 3334 1716 3389 Ρ.
1751 3335 1967 3391 Andrea
1994 3334 2210 3390 Schotto
2243 3338 2467 3403 missus,
2505 3353 2658 3407 quem
2697 3352 2762 3390 ea:
2804 3335 3065 3391 Vaticana
3095 3353 3149 3390 se
3176 3334 3438 3404 accepisse
3463 3337 3603 3389 scri-

329 3441 478 3502 ptum
503 3432 736 3504 reliquit.

1129 3561 3586 3595 *Μ

1614 3663 1816 3716 ΠΕΡΙ
1893 3664 2345 3727 ΙΠΠΑΡΧΟΥ,

1756 3785 1822 3836 ὲκ
1849 3783 1957 3836 τῶν
1991 3783 2202 3837 Σουῖδα.

1451 3896 1824 3953 HlPPARCBl
1862 3895 2174 3952 ELOGIUM
2227 3895 2270 3949 Ε
2314 3893 2542 3951 SUIDA.

401 4035 703 4108 Ἵππαρχος
753 4034 989 4100 Νικαεὺς
1041 4036 1350 4108 φιλόσοφος,
1393 4025 1768 4106 γεγονὼςὲπὶ
1808 4033 1916 4086 τῶν

2097 4031 2443 4104 Hipparchus
2490 4033 2743 4090 Nicaenus
2789 4034 3178 4105 philosophus,
3226 4037 3321 4107 qui
3368 4036 3472 4092 fuit
3499 4041 3602 4096 sub

331 4128 576 4193 ὑπάτων,
627 4129 833 4200 ἔγραψε
873 4130 1014 4198 Περὶ
1064 4129 1184 4184 τῶν
1210 4130 1458 4199 Ἀράτου
1516 4129 1914 4198 Φαινομένων,

2025 4127 2364 4190 consulibus,
2399 4127 2620 4196 scripsit
2648 4125 2725 4180 De
2749 4129 2904 4181 Arati
2939 4129 3315 4198 pluenomenis,
3361 4130 3440 4185 De
3472 4133 3601 4188 stel-

333 4221 466 4289 περὶ
489 4221 600 4290 τῆς
623 4222 740 4276 τῶν
758 4222 1044 4278 ἀπλανῶν
1075 4223 1440 4290 συντάξεως,
1467 4223 1564 4277 καὶ
1599 4221 1705 4275 τοῦ
1734 4236 1914 4276 κατα-

2025 4219 2200 4273 larum
2222 4221 2575 4274 inerrantium
2598 4219 2991 4284 constitutione,
3023 4231 3073 4274 et
3102 4221 3321 4276 immota
3343 4224 3599 4289 statione;

329 4301 688 4385 στηριγμοῦο
723 4317 858 4386 περὶ
896 4315 1006 4384 τῆς
1040 4317 1190 4370 κατὰ
1231 4317 1459 4384 πλάτος
1481 4316 1761 4385 μηνιαίας
1805 4312 1914 4383 τῆς

2023 4309 2103 4365 De
2131 4321 2398 4366 menstruo
2433 4312 2572 4366 luna:
2606 4321 2750 4364 motu
2781 4311 3063 4365 secundum
3096 4312 3452 4382 latitudinem,
3476 4325 3526 4370 et
3547 4317 3602 4369 in

329 4403 600 4475 σελήνης
628 4407 945 4478 κινήσεως,
976 4408 1075 4462 καὶ
1101 4411 1191 4476 εὶς
1217 4409 1361 4475 τοὺς
1397 4408 1817 4477 ἀστερισμούς.

721 4407 945 4478 ήσεως,
976 4408 1075 4462 καὶ
1101 4411 1191 4476 εὶς
1217 4409 1361 4475 τοὺς
1397 4408 1817 4477 ἀστερισμούς.
2024 4407 2346 4459 asterismos.

1947 4522 2006 4542 μι-

1525 4610 1683 4662 III-3P1
1728 4604 2080 4660 ἈΧΙΛΛΕΩΣ
2122 4583 2418 4656 ΣτΑτιοΥ

1757 4726 1821 4778 ἐκ
1858 4719 1951 4777 τοῦ
1990 4717 2173 4773 αὑτοῦ.

1375 4839 1482 4911 [DE
1518 4839 1815 4895 ACHILLE
1855 4837 2114 4894 STATIO
2153 4836 2243 4890 EX
2269 4834 2556 4892 'EODEM.'

414 4959 684 5030 Ἀχιλλεὺς
701 4962 946 5029 Στάτιος,
963 4961 1361 5033 Ἀλεξανδρεὺς,
1383 4966 1412 5018 ὁ
1433 4963 1650 5034 γράψας
1671 4963 1738 5017 τὰ
1764 4964 1914 5017 κατὰ

2093 4959 2332 5014 Achilles
2352 4955 2582 5023 Statius,
2616 4955 3020 5013 Alexandrinus
3045 4997 3061 5024 ,
3088 4957 3182 5026 qui
3219 4957 3296 5013 De
3337 4956 3596 5032 Leucippe

330 5054 684 5121 Λευκίππην
711 5053 809 5107 καὶ
836 5052 1274 5123 Κλειτοφῶντα,
1313 5056 1408 5107 καὶ
1429 5054 1562 5108 ἄλλα
1585 5052 1824 5124 ἐρωτικὰ
1856 5053 1915 5104 ἐν

2019 5061 2071 5105 et
2111 5050 2446 5118 Clitophonte
2467 5049 2710 5119 scripsit,
2739 5057 2793 5104 et
2825 5049 2931 5102 alia
2955 5049 3223 5102 amatoria
3253 5049 3408 5106 libris
3435 5061 3591 5116 octo;

332 5141 557 5213 βιϐλίοις
583 5151 654 5216 η’,
683 5145 906 5213 γέγονεν
943 5143 1170 5214 ἔσχατον
1198 5144 1522 5215 Χριστιανὸς
1563 5143 1656 5196 καὶ
1684 5142 1914 5194 ἐπίσκο-

2019 5143 2236 5196 tandem
2274 5141 2452 5196 factus
2483 5148 2568 5196 est
2608 5141 2956 5196 Christianus
3001 5147 3056 5196 et
3101 5143 3412 5213 cpiscopus.
3449 5142 3598 5198 Scri-

329 5252 450 5299 πος.
483 5237 728 5309 Ἔγραψε
757 5237 814 5289 δὲ
836 5237 976 5305 Περὶ
1021 5237 1303 5306 σφαίρας,
1360 5235 1460 5290 καὶ
1492 5233 1912 5303 ἐτυμολογίας,

2015 5234 2125 5302 psit
2155 5233 2226 5288 De
2255 5234 2483 5303 spha‘ra,
2509 5241 2563 5288 et
2584 5234 2942 5304 Etymologia,
2971 5241 3025 5290 et
3053 5234 3351 5290 Historiam
3391 5239 3598 5291 miscel-

331 5329 426 5383 καὶ
465 5330 750 5398 Ἱστορίαν
771 5325 1126 5400 σύμμικτον,
1165 5328 1374 5382 πολλῶν
1408 5329 1503 5381 καὶ
1534 5325 1784 5397 μεγάλων
1818 5327 1913 5379 καὶ

2015 5325 2267 5388 laneam;
2302 5341 2424 5395 quae
2457 5326 2775 5393 multorum,
2804 5334 2858 5382 et
2882 5343 3202 5396 magnorum
3224 5368 3238 5393 ,
3271 5338 3325 5383 et
3362 5329 3598 5384 admira-

331 5415 648 5489 θαυμασίων
666 5419 873 5490 ἀνδρῶν
898 5437 1002 5491 μνη
1011 5417 1362 5490 μονεύουσαν.
1397 5416 1460 5472 Ὀ
1482 5416 1538 5469 δὲ
1566 5416 1724 5485 λόγος
1745 5414 1912 5468 αὑτοῦ

2015 5419 2208 5473 bilium
2243 5419 2488 5472 virorum
2533 5419 2869 5475 mentionem
2920 5418 3072 5475 facit.
3103 5419 3279 5491 Ipsius
3306 5437 3434 5476 vero
3475 5437 3599 5476 ora-

330 5510 472 5564 κατὰ
497 5510 674 5564 πάντα
695 5512 876 5582 ὅμοιος
901 5515 1014 5576 τοῖς
1033 5513 1340 5584 ἐρωτικοῖς.

2017 5509 2095 5565 tio
2126 5511 2184 5566 in
2238 5511 2492 5567 omnibus
2547 5527 2776 5582 prorsus
2823 5521 2909 5568 est
2948 5516 3230 5571 amatoriis
3258 5515 3598 5571 orationibus

2019 5602 2236 5658 similis.

405 5691 652 5773 Heminit
675 5706 725 5748 et
753 5696 975 5773 {Achillis
1013 5695 1155 5773 Tatii
1187 5695 1406 5773 fhotius
1437 5695 1553 5773 cod.
1590 5708 1831 5773 ιιι-κινῇ,
1862 5697 1953 5750 ubi
1974 5715 2076 5773 non
2101 5699 2330 5773 Στάῖιον
2359 5709 2531 5773 vocat,
2565 5701 2658 5773 sed
2695 5703 2911 5773 Τάτιον,
2940 5704 3380 5773 quemadmodum
3412 5713 3460 5757 et
3491 5691 3602 5758 Pa;

331 5759 532 5844 latinus
559 5765 990 5844 codexhabebat,
1019 5766 1156 5844 unde
1177 5766 1532 5844 Clitophontis
1561 5775 1611 5818 et
1645 5765 1933 5844 Lepcippes
1960 5769 2182 5844 Amores
2207 5759 2563 5844 Commelinus
2593 5772 2778 5830 edidit.
2812 5771 2864 5827 Ν
2870 5759 2964 5828 αήί
2990 5775 3160 5830 altera
3184 5791 3248 5829 ea:
3270 5793 3448 5830 errore
3480 5791 3601 5844 pro-

331 5831 471 5900 fecta
499 5834 654 5889 lectio
692 5836 912 5904 videtur,
949 5838 1167 5904 repetita
1191 5853 1463 5908 perperam
1495 5837 1673 5892 littera
1703 5836 1742 5890 Σ
1763 5831 1826 5892 ea:
1840 5831 2017 5907 priori
2041 5841 2269 5909 nomine,
2311 5840 2614 5906 Ἀνιλλέως.

574 5932 848 5992 ΡΑι-ιιοι..
882 5930 1000 5993 Gn.
1021 5934 1190 6013 ¹ΧΙΧ

3203 5939 3275 5998 2's
