4138 6396
487 330 594 388 747

1475 320 1563 375 ΔΙ)
1602 317 1872 376 EUSEBII
1910 314 2307 374 CHRONICON
2339 313 2712 372 APPENDIX.

3626 309 3738 368 7-518

485 508 3734 558 _________________________________——.—

1380 639 2065 795 ΓΕΜΙΝΟΥ
2137 671 2892 786 ΕΙΣΑΓΩΓΗ

1771 889 1880 942 ΕΙΣ
1895 953 1905 958 _
1921 888 2011 941 TA
2050 886 2472 942 ΦΑῙΝΟΜΕΝΑ.

1051 1245 1485 1339 GEMINI
1575 1237 2221 1331 ELEMENTA
2306 1231 3174 1329 ASTBONOMUE.

1575 1458 1931 1538 lnterprete
1963 1461 2184 1526 Edone
2223 1459 2554 1523 Hilderico
2585 1460 2660 1520 D.

1051 1765 1098 1838 ι
1153 1763 1381 1822 CAPUT
1415 1766 1458 1820 ι.

547 1876 824 1938 Zodiacus
855 1879 1096 1935 circulus
1142 1878 1196 1932 in
1227 1877 1510 1932 duodecim
1562 1875 1822 1932 dividitur
1863 1889 2066 1949 partes,

486 1980 651 2044 atque
682 1973 878 2028 horum
923 1977 1330 2040 segmentorum
1364 1970 1796 2040 unumquodque
1835 1987 2060 2041 genera-

487 2065 611 2120 liter
657 2063 875 2135 quidem
915 2071 1146 2116 vocatur
1192 2060 1696 2125 dodecatemorion,
1734 2062 1788 2116 id
1821 2069 1904 2117 est
1934 2077 2062 2133 pars

486 2154 836 2218 duodecima,
871 2151 1186 2222 specialiter
1217 2167 1347 2206 vero
1375 2152 1590 2222 signum
1630 2171 1644 2207 :
1680 2153 1844 2224 idque
1873 2169 1903 2207 a
1937 2156 2066 2210 stel-

485 2245 575 2308 lis,
604 2259 740 2314 quas
775 2245 1038 2304 continet,
1087 2249 1142 2296 et
1171 2257 1202 2296 a
1237 2242 1437 2311 quibus
1477 2244 1642 2297 etiam
1691 2254 1899 2299 certam
1948 2244 2063 2300 elli-

484 2336 626 2407 giem
680 2336 924 2392 sortitur.
986 2334 1125 2390 Sunt
1153 2344 1334 2390 autem
1366 2335 1489 2390 haec
1516 2336 1802 2390 duodecim
1851 2337 2004 2407 signa
2048 2357 2060 2392 :

482 2430 662 2493 Aries,
698 2427 935 2492 Taurus,
969 2427 1209 2492 Gemini,
1239 2427 1472 2494 Cancer,
1494 2426 1622 2492 Leo,
1655 2426 1843 2499 Virgo,
1878 2427 2061 2494 Libra,

485 2517 771 2589 Scorpius,
825 2518 1190 2588 Sagittarius,
1248 2517 1642 2590 Capricornus,
1687 2519 1963 2590 Aquarius
2010 2527 2065 2576 et

483 2610 693 2667 Pisces.

550 2701 763 2758 Dicitur
802 2701 1016 2771 signum
1069 2701 1282 2756 duobus
1331 2701 1546 2757 modis:
1587 2719 1719 2766 uno,
1759 2702 2062 2758 secundum

491 2810 655 2865 quem
683 2803 770 2850 est
797 2794 1123 2850 duodecima
1168 2807 1294 2863 pars
1323 2793 1532 2848 zodiaci
1568 2813 1581 2848 :
1613 2809 1734 2863 qua:
1774 2802 1860 2850 est
1896 2794 2066 2849 inter-

483 2884 685 2940 vallum
727 2883 1001 2954 quoddam
1035 2883 1228 2946 locale,
1273 2888 1419 2954 quod
1458 2883 1541 2938 vel
1571 2884 1768 2948 stellis,
1812 2885 1896 2938 vel
1928 2899 2066 2954 pun-

485 2979 589 3035 ctis
619 2978 1047 3044 determinatur;
1075 2980 1268 3042 altero,
1302 2976 1603 3032 secundum
1635 2992 1797 3046 quem
1823 2983 1908 3032 est
1937 2993 2064 3032 con-

2093 1775 2140 1833 Α

2691 1759 3084 1814 ΚΕΦΑΛΑΙΟΝ
3134 1758 3210 1812 A'.

2257 1883 2300 1936 Ο
2325 1880 2432 1934 τῶν
2453 1876 2659 1942 ζωδίων
2677 1875 2876 1938 κύκλος
2899 1875 3188 1946 διαιρεῖται
3214 1873 3293 1936 εἰς
3323 1871 3464 1943 μέρη
3491 1870 3737 1936 δεκαδύο,

2163 1971 2257 2025 καὶ
2278 1970 2524 2023 καλεῖται
2558 1965 2752 2029 κοινῶς
2782 1965 2877 2035 μὲν
2907 1964 3136 2017 ἕκαστον
3173 1961 3281 2015 τῶν
3300 1961 3604 2032 τμημάτων
3631 1961 3737 2014 δω-

2163 2061 2556 2133 δεκατημόριον
2582 2077 2594 2090 °
2642 2059 2785 2120 ἰδίως
2839 2057 2898 2110 δὲ
2950 2056 3058 2109 ἀπὸ
3100 2055 3208 2108 τῶν
3263 2052 3738 2125 ἐμπεριεχομένων

2164 2156 2428 2223 ἀστέρων,
2466 2152 2554 2219 ὑφ’
2600 2143 2675 2203 ὧν
2725 2148 2820 2201 καὶ
2869 2145 3222 2200 διατυποῦται
3277 2147 3503 2198 ἕκαστον
3560 2142 3740 2196 αὐτῶν

2165 2245 2372 2310 ζώδιον.
2405 2245 2560 2296 Ἔστι
2602 2242 2659 2295 δὲ
2689 2241 2782 2295 καὶ
2819 2241 2888 2296 τὰ
2924 2241 3130 2294 δώδεκα
3171 2236 3334 2301 ζὼδια
3367 2237 3511 2300 τάδε,
3541 2236 3738 2309 Κριὸς,

2165 2337 2395 2408 Ταῦρος,
2429 2335 2670 2404 Δίδυμοι,
2699 2334 2992 2404 Καρκίνος,
3015 2331 3193 2392 ¹Λέων,
3219 2327 3513 2400 Παρθένος,
3545 2326 3737 2394 Ζυγὺς,

2166 2425 2455 2496 Σκορπίος,
2477 2424 2732 2495 Τοξότης,
2751 2421 3084 2492 Αἰγόκερως,
3112 2417 3415 2489 Ὑδροχόος,
3444 2415 3664 2486 Ἰχθύα.

2235 2708 2408 2777 Διχῶς
2441 2706 2498 2759 δὲ
2537 2705 2753 2774 λέγεται
2780 2704 2858 2775 (ι)
2893 2702 3082 2767 ζῴδιον
3102 2720 3116 2733 ·
3146 2703 3264 2757 καθ’
3293 2703 3390 2755 ἕνα
3415 2702 3515 2773 μὲν
3541 2701 3741 2775 τρόπον

2163 2799 2223 2852 τδ
2245 2785 2350 2870 te“
2379 2800 2542 2871 μέρος
2574 2798 2668 2850 τοῦ
2706 2795 2971 2860 ζωδιακοῦ
3006 2796 3205 2849 κύκλου
3226 2813 3238 2826 ·
3271 2796 3299 2848 ὃ
3325 2797 3440 2847 ἐστι
3469 2793 3742 2863 διάστημά

2161 2906 2214 2943 τι
2240 2891 2428 2955 τόπου,
2456 2891 2489 2960 ἣ
2531 2891 2772 2961 ἄστροις,
2803 2888 2837 2958 ἢ
2873 2889 3120 2958 σημείοις
3147 2886 3541 2959 ἀφοριζόμενον
3564 2902 3577 2914 ·
3616 2883 3736 2937 καθ’

2161 2981 2346 3052 ἕτερον
2396 2981 2452 3034 δὲ
2486 2981 2568 3034 τὸῖ
2588 2983 2654 3034 ὲκ
2715 2979 2824 3034 τῶν
2886 2980 3132 3051 ἀστέρων
3185 2977 3739 3048 εἰδωλοπεποιημένον

487 3070 725 3126 stellatio
776 3069 1066 3140 quaedam,
1117 3067 1465 3140 expluribus
1511 3068 1684 3123 stellis
1737 3069 2059 3139 composita,

2163 3074 2306 3128 κατὰ
2327 3076 2424 3145 τὴν
2451 3075 2745 3146 ὁμοιότητα
2772 3074 2867 3126 καὶ
2891 3073 2990 3145 τὴν
3025 3073 3174 3126 θέσιν
3206 3071 3314 3124 τῶν
3337 3070 3610 3140 ἀστέρων.

484 3159 785 3216 secundum
817 3158 1249 3222 similitudinem,
1278 3167 1332 3212 et
1366 3158 1528 3212 situm
1563 3157 1862 3212 stellarum.
1950 3208 1954 3214 .

557 3245 1004 3302 Dodecatemoria
1030 3247 1215 3317 igitur,
1246 3245 1429 3317 quoad
1457 3247 1888 3316 magnitudinem
1921 3247 2064 3302 inter

487 3352 548 3394 se
590 3345 719 3394 sunt
767 3339 1018 3408 aequalia,
1077 3353 1140 3394 eo
1174 3337 1322 3408 quod
1361 3336 1618 3392 zodiacus
1671 3337 1725 3390 in
1774 3337 2061 3391 duodecim

488 3442 669 3503 partes
699 3430 934 3499 aequales
982 3437 1066 3484 est
1105 3428 1357 3484 divisus:
1383 3436 1439 3481 at
1470 3428 1648 3498 signa,
1683 3442 1805 3498 qua:
1839 3443 1904 3482 ex
1939 3425 2062 3482 lixis

486 3522 661 3577 stellis
696 3527 824 3576 sunt
854 3521 1179 3591 composita,
1215 3535 1394 3590 neque
1421 3519 1563 3574 inter
1592 3535 1651 3574 se
1674 3526 1804 3574 sunt
1832 3517 2063 3588 aequalia

487 3614 667 3684 quoad
701 3611 1152 3684 magnitudinem,
1215 3626 1392 3682 neque
1445 3627 1514 3667 ex
1552 3610 1855 3680 aequalibus
1889 3607 2064 3664 stellis

489 3715 618 3765 sunt
646 3707 969 3777 composita,
995 3719 1170 3773 neque
1192 3704 1409 3773 explent
1439 3703 1659 3773 propria
1689 3701 1864 3771 spatia
1898 3699 2068 3756 dode-

489 3799 952 3862 catemoriorum;
1013 3794 1109 3849 sed
1151 3794 1398 3864 quaedam
1435 3795 1505 3848 ab
1543 3792 1857 3862 liujusmodi
1886 3791 2070 3860 exple-

489 3889 634 3944 tione
659 3887 938 3949 deﬁciunt,
960 3894 1020 3940 ut
1049 3885 1278 3950 Cancer,
1302 3901 1527 3956 parvum
1553 3885 1698 3940 enim
1722 3884 1955 3955 spatium
1985 3881 2069 3938 sui

489 3979 695 4051 proprii
737 3979 842 4033 loci
869 3984 1102 4046 occupat
1132 4000 1142 4033 :
1170 3977 1423 4048 quaedam
1458 3992 1588 4032 vero
1621 3978 1768 4032 ultra
1800 3992 1902 4032 sua
1933 3989 2059 4045 pro-

491 4072 605 4142 pria
654 4071 774 4124 loca
817 4071 1204 4134 extenduntur,
1252 4077 1306 4124 et
1340 4074 1522 4139 partes
1561 4068 1825 4139 quasdam
1856 4080 2062 4137 praece-

491 4161 734 4216 dentium
783 4168 838 4217 et
884 4160 1227 4232 sequentium
1299 4161 1582 4232 signorum
1632 4167 1943 4230 occupant,
2004 4165 2064 4211 ut

492 4252 620 4309 Leo.

2159 3283 2168 3296 ρ
2229 3253 2311 3306 Τά
2345 3251 2443 3322 μὲν
2480 3247 2573 3304 οὖν
2617 3249 3066 3319 δωδεκατημόρια
3100 3249 3190 3302 ῐσα
3225 3250 3343 3302 ἐστὶ
3370 3248 3512 3302 κατά
3547 3246 3608 3300 τδ
3648 3247 3741 3318 μό-

2159 3344 2320 3414 γεθος
2338 3361 2351 3373 ·
2391 3343 2645 3414 διῄρηται
2671 3343 2686 3372 ¹
2711 3341 2767 3394 δὲ
2794 3344 2822 3394 ὁ
2847 3341 2956 3392 τῶν
2985 3341 3190 3405 ζωδίων
3215 3340 3410 3403 κύκλος
3443 3342 3520 3402 εἰς
3552 3338 3618 3410 ιβ’
3646 3339 3741 3408 μὲ-

2166 3454 2231 3508 ρη
2267 3435 2384 3488 ἴσα·
2417 3436 2487 3487 τὰ
2515 3435 2570 3487 δὲ
2603 3433 3080 3504 κατηστερισμένα
3102 3434 3122 3464 ³
3157 3431 3323 3497 ζώδια
3351 3431 3474 3484 οὔτε
3509 3433 3598 3485 ἴσα
3623 3429 3740 3484 ἐστὶ

2162 3527 2303 3582 κατά
2323 3526 2382 3579 τὸ
2419 3524 2668 3596 μέγεθος,
2700 3524 2824 3577 οὔτε
2857 3523 2916 3588 ἐξ
2942 3525 3070 3576 ἴσων
3103 3524 3348 3595 ἀστέρων
3375 3523 3701 3594 συνέστηκεν
3720 3539 3734 3552 ·

2162 3618 2285 3673 οὒτε
2322 3617 2498 3670 πάντα
2521 3616 2788 3688 ἐκπληροῖ
2813 3617 2887 3686 (Ξ)
2917 3618 3042 3678 τοὺς
3077 3615 3234 3680 ἰδίους
3263 3617 3463 3679 τόπους
3492 3615 3600 3668 τῶν
3633 3615 3737 3668 δω-

2164 3709 2596 3783 δεκατημορίων,
2625 3709 2738 3763 ἀλλ’
2775 3709 2809 3762 ἃ
2840 3709 2937 3780 μὲν
2973 3707 3228 3772 ἐλλείπει,
3257 3708 3509 3778 καθάπερ
3532 3709 3560 3760 ό
3590 3709 3739 3780 Καρ-

2166 3803 2330 3867 κίνος,
2365 3802 2556 3873 μικρὸν
2587 3801 2643 3852 δὲ
2672 3800 2835 3853 τόπον
2868 3798 3050 3868 ἐπέχει
3087 3799 3182 3851 τοῦ
3219 3798 3349 3850 ἰδίου
3388 3799 3584 3851 τόπου·
3616 3797 3650 3851 ἃ
3685 3797 3738 3852 δὲ

2169 3894 2523 3966 ὑπερπίπτει,
2555 3895 2648 3948 καὶ
2686 3893 2827 3963 μέρη
2859 3891 2983 3944 τινὰ
3007 3890 3114 3943 τῶν
3157 3891 3606 3962 προηγουμένων,
3645 3888 3740 3942 καὶ

2163 3985 2271 4040 τῶν
2329 3985 2610 4056 ἑπομένων
2661 3983 2867 4048 ζωδίων
2924 3981 3287 4053 ἐπιλαμϐάνει
3317 3981 3373 4046 ⁸,
3417 3981 3669 4051 καθάπερ
3709 3979 3740 4033 ό

2167 4077 2339 4132 Λέων.

559 4412 577 4443 ⁸
614 4427 705 4481 rp.
739 4409 968 4482 δίοπτρα
998 4412 1108 4482 γὰρ
1134 4411 1408 4483 διῄρηται.
1483 4412 1504 4441 '
1534 4427 1624 4480 γιο.
1652 4408 2151 4481 κατεστηριγμένα.
2229 4405 2251 4438 ⁸
2278 4422 2369 4475 πρ.
2399 4400 2899 4475 ὲπιλαμδανόμενα.

562 4567 634 4642 (l_)
667 4566 853 4642 Διχῶς
885 4566 954 4620 δὲ
977 4566 1232 4634 λέγεται.
1263 4564 1532 4642 Zodiacus
1552 4563 1749 4642 duplex
1770 4574 1876 4642 est,
1908 4561 2054 4642 quod

2163 4575 2330 4642 quam
2351 4558 2721 4642 llipparc_hum
2755 4559 3022 4642 sequitur.
3058 4556 3246 4642 Neque
3269 4560 3330 4612 τὸ
3355 4560 3586 4642 ἀκριϐὲς
3612 4575 3743 4641 con-

488 4634 908 4692 ad'institutum
963 4644 1212 4690 nostrum
1262 4637 1544 4705 pertinet:
1587 4635 1725 4688 alter
1774 4634 1828 4686 in
1877 4634 2055 4702 primo

491 4707 696 4771 mobili,
729 4707 824 4776 qui
859 4706 1023 4761 situm
1056 4723 1165 4760 non
1208 4713 1416 4776 mutat,
1448 4705 1550 4776 hoc
1587 4712 1671 4759 est
1713 4705 2058 4758 intersectio-

493 4793 588 4833 nes
615 4773 836 4832 easdem
877 4784 1141 4845 perpetuo
1188 4776 1310 4842 ejus
1343 4773 1592 4844 ecliptica
1641 4789 1767 4827 cum
1813 4777 2060 4845 aequino-

490 4847 641 4901 ctiali
692 4843 931 4902 retinet:
967 4843 1022 4900 et
1065 4856 1150 4900 est
1200 4843 1497 4913 imaginum
1545 4859 1773 4912 expers;
1819 4843 1956 4897 alter
2002 4843 2056 4896 in

487 4917 620 4974 orbe
659 4916 876 4972 stellato
925 4916 1017 4984 qui
1071 4917 1151 4978 εἰς
1201 4913 1270 4966 τά
1305 4914 1937 4984 énépevaprogressum
1971 4914 2057 4984 la-

493 4989 665 5051 t-iens,
690 4989 746 5040 in
783 4985 905 5039 aliis
930 4981 986 5040 et
1019 4986 1141 5039 aliis
1174 4985 1393 5053 punctis
1413 4981 1682 5038 continue
1700 4981 2060 5037 intersectio-

491 5073 589 5113 nes
611 5071 735 5111 cum
762 5057 1126 5125 aequinoctiali
1160 5052 1311 5125 facit.
1345 5052 1520 5122 Hujus
1557 5055 1776 5125 propria
1803 5062 1930 5125 sunt
1958 5052 2060 5116 ζώ-

487 5129 609 5189 δια,
667 5129 782 5181 sive
828 5123 1112 5180 asterismi
1179 5123 1765 5180 dodecatemoriorum.
1846 5123 2061 5178 Primus

496 5197 858 5268 Hipparchus,
886 5197 1100 5250 collatis
1130 5195 1274 5248 inter
1301 5210 1360 5250 se
1385 5202 1626 5268 veterum
1649 5210 1712 5248 ac
1735 5194 1849 5247 suis
1873 5194 2061 5268 obsim-

491 5264 820 5332 vaiionibus,
867 5268 1182 5336 suspicatus
1211 5273 1296 5320 est
1333 5265 1554 5336 moveri
1579 5265 1632 5317 in
1667 5264 2061 5336 consequentia

491 5339 772 5408 signorum
831 5333 1082 5408 octavam
1115 5336 1436 5408 sphaeram.
1491 5333 2060 5408 adeoque_duplice_m

490 5403 614 5464 esse
665 5408 972 5463 zodiacum.
1024 5404 1131 5460 Sed
1159 5403 1306 5475 quod
1348 5403 1658 5476 ὁλοσχερείς
1683 5404 1926 5475 priorum
1959 5403 2060 5476 ob-

492 5480 828 5534 servationes
885 5477 1097 5540 forent,
1143 5491 1322 5546 neque
1364 5475 1503 5531 satis
1540 5475 1757 5546 longum
1788 5482 1951 5546 esset
1979 5475 2063 5546 iu-

493 5547 774 5616 terjectum
825 5548 1097 5617 spatium,
1144 5542 1255 5617 non
1285 5547 1503 5617 penitus
1541 5542 2062 5617 allirruavitriPtoleo

492 5614 660 5686 manus
732 5614 870 5672 vero
923 5632 1039 5671 rem
1115 5614 1303 5686 plane'
1348 5615 1579 5672 deliniit.
1643 5614 1769 5670 Haec
1831 5614 2062 5669 dicenda

493 5685 732 5750 inerunt,
756 5705 825 5742 ne
855 5688 981 5756 quis
1017 5687 1068 5740 id
1103 5685 1132 5740 a
1162 5685 1392 5742 Gemino
1422 5688 1648 5741 miretur
1671 5701 1793 5741 esse
1818 5686 2063 5755 praeteri-

496 5768 624 5824 tum,
659 5758 784 5829 qui,
832 5755 890 5813 ut
924 5759 978 5812 in
1025 5758 1302 5830 plerisque
1355 5758 1495 5826 aliis,
1533 5755 1815 5814 Eudoxum
1855 5756 2059 5827 potius,

2164 4629 2427 4692 sectatur,
2455 4629 2599 4699 quod
2631 4645 2729 4683 nec
2767 4630 2868 4682 fuit
2889 4645 3116 4685 necesse
3141 4629 3455 4700 εἰσαγωγὴν
3479 4647 3541 4684 ac
3563 4632 3740 4700 prima

2164 4701 2329 4771 hujus
2349 4701 2481 4755 artis
2507 4701 2774 4754 elementa
2802 4700 3086 4754 scribenti.
3120 4699 3390 4766 Quocirca
3415 4699 3483 4755 de
3514 4699 3742 4756 zodiaco

2165 4772 2246 4826 sic
2280 4771 2536 4840 loquitur,
2573 4772 2730 4841 quasi
2772 4771 2936 4824 unius
2967 4771 3120 4824 orbis
3161 4779 3327 4834 esset,
3363 4785 3427 4823 ac
3455 4785 3739 4841 nunquam

2165 4839 2639 4896 situm’mutaret.
2682 4839 3141 4910 Dodecatemoria
3190 4842 3305 4894 veri
3359 4839 3606 4900 zodiaci;
3649 4842 3744 4910 qui

2164 4919 2249 4966 est
2283 4911 2336 4962 in
2372 4911 2550 4980 primo
2586 4909 2795 4974 mobili,
2831 4909 2898 4963 de
2933 4907 3163 4974 ζωδίοις,
3211 4917 3265 4964 et
3307 4911 3614 4965 asterismis
3644 4907 3744 4964 vo-

2165 4980 2358 5034 cabula
2397 4989 2526 5033 tunc
2557 4989 2908 5048 acceperunt,
2948 4995 3072 5032 cum
3102 4995 3166 5035 ea
3200 4983 3580 5035 continerent:
3614 4990 3742 5049 puta

2161 5050 2528 5106 ATies'dictus
2571 5062 2657 5103 est
2687 5051 2923 5117 primum
2956 5050 3462 5117 dodecatemorion,
3494 5053 3642 5122 quod
3688 5051 3748 5105 in

2163 5138 2228 5176 eo
2264 5130 2393 5174 tunc
2428 5132 2572 5174 esset
2604 5123 2928 5175 asterismus
2975 5127 3182 5187 octavae
3227 5123 3472 5190 spliaarae,
3515 5121 3606 5175 eui
3639 5122 3745 5175 boc

2151 5193 2486 5245 vocabulum
2533 5191 2762 5244 inditum
2798 5199 2904 5252 est,
2936 5193 3081 5258 quod
3113 5191 3366 5256 Metonis,
3405 5190 3640 5253 Eudoxi,
3678 5206 3744 5244 ac

2163 5260 2443 5316 Ptolemaei
2495 5262 2710 5315 sacculis
2758 5270 3014 5316 accurate
3064 5263 3315 5331 contigit.
3365 5261 3568 5316 Nostro
3613 5275 3746 5316 vero

2165 5333 2380 5402 longius
2421 5334 2476 5386 in
2528 5332 2827 5402 posteriora
2874 5333 3150 5400 progressi
3181 5341 3308 5386 sunt
3349 5332 3746 5402 asterism-itac

2165 5401 2277 5456 toti
2309 5403 2421 5456 fere
2455 5409 2610 5456 extra
2651 5401 2918 5472 ὁμώνυμα
2956 5411 3235 5472 segmenta
3285 5401 3745 5472 consistunt.7Ex
3777 5468 3780 5469 ν

2164 5489 2275 5542 quo
2300 5474 2356 5526 in
2386 5472 2663 5542 plerisque
2692 5471 2865 5526 stellis
2894 5471 3215 5528 latitudines
3247 5488 3276 5526 a
3313 5480 3436 5527 vera
3464 5471 3740 5541 ecliptica,

2163 5552 2218 5596 et
2263 5544 2657 5597 declinationes
2703 5543 3001 5595 immutatte
3046 5551 3194 5605 sunt,
3245 5553 3305 5596 ut
3339 5544 3611 5598 australes
3646 5544 3745 5599 lle-

2165 5621 2310 5678 rent,
2345 5629 2467 5680 quae
2493 5621 2647 5667 erant
2678 5612 2945 5673 boreales.
2975 5619 3028 5666 et
3055 5621 3267 5667 contra.

2235 5683 2312 5755 (2)
2350 5681 2742 5757 Οὔτε-τάντα
2785 5683 3094 5750 ἐκπληροῖ.
3131 5681 3285 5757 ᾚιιθ
3329 5683 3740 5755 Hipparchum,

2166 5752 2257 5811 lib.
2289 5770 2348 5820 ll,
2383 5755 2484 5812 sub
2518 5752 2752 5808 initium.
