4138 6396
387 406 495 459 749

1432 408 1671 465 GEMINI
1707 409 2077 465 ELEMENTA
2106 411 2603 472 ASTRONOMIE.

3533 423 3639 476 750

458 519 580 571 Ἔτι
607 516 663 570 δέ
693 534 814 572 τινα
843 517 952 572 τῶν
987 519 1050 591 ιβ’
1079 519 1284 586 ζωδίων
1308 521 1431 575 οὕτε
1466 523 1559 577 ὅλα
1584 527 1760 579 κεῖται
1794 527 1850 578 ἐν
1880 523 1957 594 τῷ

2130 525 2182 595 2
2213 525 2480 583 Praeterea
2501 545 2568 584 ex
2590 528 2876 586 duodecim
2909 531 3080 602 signis
3126 533 3374 604 quaedam
3413 551 3482 592 ne
3523 544 3636 591 tota

385 609 634 681 ζωδιακῷ
668 610 881 682 κύκλῳ·
922 612 1038 666 ἀλλ’
1070 613 1106 666 ὃ.
1142 614 1240 684 μέν
1275 617 1391 668 ἐστι
1427 615 1741 689 βορειότερα
1770 616 1957 683 αὐτοῦ,

383 703 633 774 καθάπερ
667 705 696 757 6
726 703 910 758 Λέων⁸
947 703 985 758 ἃ
1018 703 1074 758 δὲ
1105 705 1420 779 νοτιώτερα,
1441 707 1691 780 καθάπερ
1731 711 1759 762 ὁ
1789 709 1961 780 Σκορ-

384 794 526 856 πίος.

441 885 610 938 Πάλιν
640 885 872 941 ἕκαστον
904 887 1014 942 τῶν
1041 889 1533 963 δωδεκατημορίων
1559 891 1848 964 διαιρεῖται
1879 893 1960 957 είς

387 976 527 1048 μέρη
559 977 622 1040 λ’,
667 980 760 1032 καὶ
787 979 1031 1033 καλεῖται
1069 980 1129 1032 τὸ
1158 981 1215 1033 ἓν
1238 982 1436 1052 τμῆμα
1469 985 1652 1053 μοῖρα.
1677 983 1840 1036 Ὥστε
1867 982 1958 1036 τὸν

382 1067 501 1120 ὅλον
539 1067 735 1122 κύκλον
784 1069 892 1123 τῶν
942 1071 1146 1135 ζωδίων
1187 1072 1460 1142 περιέχειν
1496 1073 1677 1142 ,ςώδια
1730 1074 1830 1146 μὲν
1867 1071 1956 1144 ιβ’,

387 1158 583 1230 μοίρας
612 1159 669 1211 δὲ
692 1160 786 1224 τε.
1951 1174 1956 1180 ’

467 1250 526 1302 '0
540 1249 596 1302 δέ
614 1249 762 1320 ἥλιος
777 1251 1005 1323 ἐνιαυτῷ
1023 1252 1099 1324 (5)
1126 1253 1146 1284 ⁸
1170 1253 1550 1326 διαπορεύεται
1578 1254 1669 1309 τὸν
1695 1255 1958 1320 ζωδιακὸν

383 1341 602 1396 κύκλον.
645 1343 799 1396 Ἔστι
845 1343 955 1414 γὰρ
1001 1345 1271 1410 ἐνιαύσιος
1303 1346 1524 1418 χρόνος,
1556 1348 1614 1398 ἐν
1660 1341 1705 1416 ᾧ
1749 1350 1777 1400 6
1807 1347 1958 1418 ἥλιος

385 1435 807 1508 περιπορεύεται
853 1436 944 1490 τὸν
984 1436 1247 1502 ζωδιακὸν
1297 1438 1514 1503 κύκλον,
1563 1439 1658 1492 καὶ
1707 1440 1816 1492 ἀπὸ
1862 1437 1956 1492 τοῦ

384 1525 547 1579 αὑτοῦ
581 1529 806 1599 σημείου
847 1529 938 1582 ἐπὶ
977 1529 1038 1581 τὸ
1071 1531 1202 1584 αὐτὸ
1238 1534 1460 1602 σημεῖον
1500 1531 1952 1586 ἀποκαθίσταται.

396 1617 456 1670 Ὃ
503 1618 559 1671 δὲ
613 1619 801 1690 χρόνος
857 1613 1015 1685 οὗτός
1067 1625 1214 1676 ἐστιν
1277 1624 1502 1696 ἡμερῶν
1539 1625 1669 1692 τξεν,
1715 1625 1820 1680 δον’.
1869 1628 1958 1680 Ἐν

383 1712 672 1778 τοσαύταις
708 1715 816 1786 γὰρ
849 1715 1087 1788 ἡμέραις
1127 1718 1226 1782 τὰς
1253 1718 1331 1785 τξ¹
1374 1719 1568 1790 μοίρας
1610 1718 1894 1790 παροδεύει
1929 1720 1958 1771 ό

383 1805 537 1875 ἥλιος
559 1823 572 1837 ·
605 1805 744 1859 ὥστε
776 1807 928 1878 παρὰ
965 1809 1159 1879 μικρὸν
1195 1813 1252 1863 ἐν
1299 1813 1398 1881 μιᾷ
1439 1813 1471 1881 ἡ
1482 1810 1623 1882 μέρα
1653 1815 1846 1883 μοῖραν
1875 1829 1958 1864 κι-

385 1897 594 1951 νεῖσθαι
619 1898 710 1952 τὸν
745 1898 920 1970 ἥλιον.

465 1990 627 2044 Ἀλλο
657 1992 838 2063 μέντοι
853 1991 916 2061 γέ
938 1993 1055 2046 ἐστι
1081 1996 1243 2066 μοῖρα
1263 2034 1278 2057 ,
1295 1995 1389 2069 καὶ
1410 1995 1535 2050 ἄλλο
1559 1998 1759 2069 ἡμέρα.
1780 1999 1963 2068 Μοῖρα

393 2085 490 2154 μὲν
525 2085 634 2154 γάρ
678 2085 794 2138 ἐστι
827 2063 1102 2157 διάστημᾶ
1131 2063 1185 2138 τί
1234 2063 1317 2139 λ⁶ν’
1371 2088 1535 2159 μέρος
1579 2063 1824 2160 ύπόιρχον
1868 2063 1960 2141 τοῦ

387 2173 618 2240 ζωδίου·
665 2177 846 2249 ἡμέρα
894 2179 951 2232 δέ
1001 2181 1116 2232 ἐστι
1169 2178 1359 2250 χρόνος
1411 2182 1733 2251 τριακοστὸν
1798 2181 1963 2254 μέρος

382 2266 459 2332 ὡς
486 2267 712 2338 ἔγγιστα
737 2269 832 2324 τοῦ
870 2269 1120 2342 μηνιαίου
1171 2271 1390 2342 χρόνου.
1424 2273 1537 2326 Καὶ
1575 2275 1609 2345 ἡ
1662 2274 1760 2344 μὲν
1796 2277 1960 2346 μοῖρα

385 2360 448 2425 τε
468 2357 502 2418 ν’
535 2361 726 2438 μέρος.
747 2362 864 2414 ἐστὶ¹
908 2361 1003 2415 τοῦ
1038 2363 1307 2427 ζωδιακοῦ
1342 2364 1544 2418 κύκλου
1569 2408 1585 2433 ,
1616 2367 1649 2437 ἡ
1682 2365 1739 2418 δὲ
1777 2365 1960 2438 ἡμέρα

383 2453 489 2518 τξε’
524 2429 621 2508 καί
643 2429 726 2507 6”,
772 2455 935 2528 μέρος
965 2455 1040 2519 ὡς
1075 2455 1304 2525 ἔγγιστα
1331 2457 1427 2510 τοῦ
1468 2429 1959 2530 ἐνιαυσιαίου-χρό-

383 2545 620 2602 νου.Καὶ
641 2545 814 2600 πάντα
831 2548 851 2580 ⁸
881 2547 980 2618 μὲν
1009 2547 1076 2601 τὰ
1101 2547 1268 2612 ζώδια
1295 2549 1760 2621 τριακοντημὸριά
1790 2553 1957 2616 ἐστιν,

382 2636 445 2690 ού
480 2637 658 2691 πάντα
682 2637 739 2690 δὲ
760 2639 1228 2712 τριακονθήμερα.

451 2730 748 2801 Διαιρεῖται
781 2731 838 2783 δὲ
873 2734 901 2784 6
937 2731 1208 2796 ἐνιαύσιος
1239 2733 1427 2804 χρόνος
1459 2735 1541 2796 είς
1582 2733 1722 2804 μέρη
1750 2733 1812 2796 δ’,
1839 2733 1956 2797 ἐαρ,

382 2818 559 2892 θέρος,
600 2821 968 2894 φθινόπωρον,
1015 2824 1109 2878 καὶ
1156 2824 1423 2895 χειμῶνα.
1468 2824 1687 2896 Ἐαρινὴ
1723 2825 1820 2894 μέν
1866 2820 1959 2876 οὖν

386 2910 646 2982 ισῃμερία
688 2909 763 2982 (4)
807 2911 1013 2981 γίνεται
1053 2913 1181 2984 περὶ
1237 2913 1337 2983 τὴν
1378 2912 1486 2965 τῶν
1533 2912 1740 2965 ἀνθέων
1778 2911 1961 2981 ἀκμὴν

383 3003 442 3054 ἐν
465 3001 639 3072 Κριοῦ
672 3003 768 3074 μιᾷ
807 3003 998 3074 μοίρᾳ·
1039 3003 1218 3075 τροπὴ
1260 3003 1317 3056 δέ
1347 3001 1534 3075 θερινὴ
1575 3003 1786 3071 γίνεται
1832 3004 1960 3074 περὶ

382 3090 480 3162 τὴν
500 3090 608 3143 τῶν
640 3092 937 3163 καυμάτων
966 3092 1217 3147 ἐπίτασιν
1239 3094 1296 3145 ἐν
1328 3092 1606 3164 Καρκίνου
1641 3093 1741 3163 μιᾷ
1768 3091 1955 3162 μοίρσυ

383 3184 516 3238 ὅπου
545 3184 578 3238 ὁ
606 3183 757 3254 ἥλιος
782 3183 871 3237 τὸν
899 3182 1237 3254 βορειότατον
1267 3183 1464 3238 κύκλον
1489 3184 1712 3255 γράφει,
1737 3183 1830 3236 κα)⁸
1864 3199 1960 3282 με·
1985 3223 2026 3282 C

389 3269 577 3346 {intra
605 3274 796 3328 πασῶν
824 3274 932 3328 τῶν
963 3277 1020 3328 ἐν
1048 3275 1278 3346 ἐνιαυτῷ
1301 3277 1514 3348 ἡμέραν
1547 3275 1803 3340 ἐπιτελεῖ,
1837 3274 1959 3328 ἐλα-

389 3361 577 3438 (iam:
618 3366 676 3420 δὲ
714 3367 812 3439 τὴν
861 3367 1050 3422 νύκτα.
1089 3368 1154 3421 Ἠ
1192 3368 1376 3440 μέντοι
1408 3387 1472 3436 γε
1510 3369 1740 3439 μεγίστη
1777 3368 1961 3439 ἡμέρα

389 3455 474 3530 ίση
513 3459 630 3512 ἐστὶ
673 3462 740 3530 τῇ
778 3461 1010 3532 μεγίστῃ
1055 3462 1231 3524 νυκτὶ,
1267 3461 1362 3513 καὶ
1401 3463 1435 3530 ἡ
1479 3460 1736 3530 ἐλαχίστη
1779 3461 1962 3530 ἡμέρα

390 3565 474 3621 ,ση
522 3551 639 3604 ἐστὶ
689 3555 757 3623 τῇ
810 3551 1068 3626 ἐλαχίστῃ
1116 3552 1292 3607 νυκτί.
1330 3555 1486 3606 Ἐστι
1537 3553 1593 3606 δὲ
1643 3555 1676 3622 ἡ
1729 3551 1959 3622 μεγίστη

330 3688 342 3706 ,
391 3641 571 3712 ἡμέρα
585 3641 729 3696 κατὰ
748 3642 809 3696 τὸ
825 3645 881 3696 ἐν
896 3645 1061 3716 Ῥόδῳ
1084 3644 1254 3714 κλίμα
1273 3644 1432 3717 ὡρῶν
1459 3647 1546 3714 ίση
1557 3661 1620 3714 με
1630 3642 1789 3715 ρινῶν
1811 3640 1950 3707 ιδς”.

397 3733 676 3808 Ἰσ-ημερία
719 3735 774 3790 δέ
820 3736 936 3789 ἐστι
982 3737 1382 3809 φθινοπωρινὴ,
1419 3738 1545 3790 ὅταν
1582 3739 1611 3789 6
1656 3736 1824 3807 ἥλιος,
1864 3735 1958 3788 ἀπ’

389 3823 602 3896 ιρκτων
623 3826 760 3895 πρὸς
793 3827 1141 3898 μεσημϐρίαν
1169 3827 1503 3900 παροδεύων,
1544 3827 1706 3880 πάλιν
1735 3827 1828 3878 ἐπὶ
1864 3823 1959 3878 τοῦ

387 3917 706 3988 ισημερινοῦ
733 3919 956 3989 γένηται
983 3920 1205 3986 κύκλου,
1244 3921 1340 3974 καὶ
1368 3920 1488 3990 ἴσην
1522 3919 1620 3990 τὴν
1647 3919 1860 3989 ἡμέραν
1891 3921 1959 3989 τῇ

388 4011 541 4064 νυκτὶ
576 4012 886 4082 ποιήσηται.
931 4013 1118 4084 Τροπὴ
1151 4013 1210 4066 δέ
1256 4015 1372 4066 ἐστι
1427 4010 1734 4083 χειμερινὴ,
1772 4010 1900 4063 ὅταν
1930 4008 1960 4060 ὁ

387 4102 536 4173 ἥλιος
568 4104 903 4176 πορρωτάτω
925 4106 946 4137 ⁸
967 4104 1124 4176 ἡμῶν
1161 4105 1261 4174 τῆς
1288 4105 1553 4175 οἰκήσεως
1582 4102 1828 4172 γένηται,
1869 4099 1962 4153 καὶ

386 4195 773 4258 ταπεινότατος
819 4195 896 4258 ὡς
933 4195 1065 4265 πρὸς
1096 4195 1188 4249 τὸν
1219 4191 1466 4264 ὁρίζοντα
1508 4193 1582 4263 (5)
1604 4233 1617 4256 ,
1653 4190 1746 4244 καὶ
1770 4186 1958 4242 νοτιώ-

386 4303 547 4339 τατον
578 4285 776 4340 κύκλον
825 4286 1012 4360 γράφῃ
1033 4329 1047 4352 ,
1083 4288 1178 4340 καὶ
1235 4285 1498 4356 μεγίστην
1541 4283 1731 4338 πασῶν
1764 4281 1872 4336 τῶν
1900 4281 1960 4336 ἐν

386 4376 535 4447 αὐτῷ
561 4375 838 4450 [ἐνιαυτῷ]
870 4376 1040 4430 νύκτα
1073 4377 1391 4445 ποιήσηται,
1421 4376 1712 4446 ἐλαχίστην
1745 4373 1800 4426 δέ
1821 4371 1960 4443 ἡμέ-

387 4487 509 4541 ραν.
540 4469 771 4523 Ἔστιδέ
803 4469 836 4539 ή
868 4469 1098 4539 μεγίστη
1129 4468 1223 4533 νὺξ
1257 4467 1398 4523 κατὰ
1421 4468 1483 4521 τὸ
1511 4470 1568 4520 ἐν
1603 4465 1767 4536 Ῥόδῳ
1787 4464 1959 4535 κλίμα

386 4561 542 4634 ὡρῶν
586 4562 912 4633 ίσημερινῶν
950 4559 1066 4626 ιδςθ
1075 4601 1088 4615 .

455 4746 518 4798 Oi
549 4743 604 4798 δέ
639 4744 842 4816 μεταξὺ
875 4745 1054 4817 χρόνοι
1078 4744 1154 4818 (ϐ)
1183 4744 1293 4798 τῶν
1323 4745 1540 4816 τροπῶν
1569 4745 1661 4797 καὶ
1688 4739 1797 4796 τῶν
1833 4744 1954 4812 ἰση-

460 4902 483 4932 δ
508 4920 599 4972 γρ.
631 4903 687 4957 ἐν
716 4901 886 4974 αὐτῷ.
958 4903 980 4935 ⁸
1007 4920 1095 4972 γρ.
1136 4901 1385 4956 πάντοτε.
1461 4901 1482 4930 ⁸
1509 4915 1610 4969 τερ..
1632 4857 2001 4968 πορρώτατος.

457 5066 536 5136 (5)
592 5065 657 5138 'O_
695 5063 764 5138 δὲ
810 5058 982 5138 iich
1022 5058 1294 5124 ἐνιαυτῷ.
1350 5056 1950 5138 Νοηόυῐῃ-προήγησις

389 5125 676 5218 ἰσημερινὴ
704 5125 912 5213 liquido
953 5125 1228 5218 comperta
1249 5138 1404 5218 ρει-αξ,
1437 5136 1497 5182 ut
1531 5126 1661 5218 alibLi
1689 5125 1949 5189 diximus,

387 5217 442 5263 et
465 5197 792 5272 intelligetur
819 5202 1013 5257 iterum
1031 5197 1218 5272 capite
1248 5198 1302 5260 6,
1345 5199 1421 5272 De
1455 5197 1738 5272 mensibus.

456 5276 532 5347 (4)
586 5266 824 5343 Ἐὰρινὴ
843 5273 964 5347 μὲν
987 5266 1422 5347 οὗνίοζημερία.
1461 5268 1781 5347 Animarum
1803 5273 1951 5347 tem-

389 5339 659 5416 pestatum
684 5339 916 5400 exordia
959 5343 1118 5396 aliter
1152 5340 1220 5394 ab
1266 5339 1618 5416 astronomis.
1655 5339 1951 5416 curatione

389 5402 817 5488 constituuntur,
856 5426 1036 5488 quam
1087 5425 1250 5488 sensu
1302 5408 1660 5488 popularique
1717 5402 1946 5488 judicio.

389 5485 523 5540 Nam
572 5473 1016 5552 astronomi'per
1059 5473 1392 5554 quadrantes
1444 5473 1650 5532 tributo
1699 5473 1946 5554 zodiaca,

388 5557 612 5613 cuilibet
669 5550 1604 5626 tempesta—tinquagrantem‘_suum_
1643 5550 1947 5626 assignant,

355 5610 1077 5749 Attici—workinaapeim
1125 5619 1327 5696 Paulus
1365 5610 1788 5699 Alexandrinus:
1841 5610 1950 5666 lni-

389 5707 522 5750 tium
559 5696 614 5749 tit
653 5696 724 5750 ab
796 5702 948 5748 netis
976 5704 1264 5752 ingressu;
1305 5703 1371 5743 ac
1421 5702 1502 5745 ste
1527 5686 1808 5752 deinceps.
1840 5680 1946 5737 Ρο-

389 5708 522 5750 tium
559 5708 614 5749 ιιι
653 5708 724 5750 at)
747 5708 948 5749 Arietis
976 5708 1264 5762 mgressu;
1305 5708 1371 5743 ac
1421 5708 1502 5745 su:
1527 5708 1808 5764 uetltceps.
1841 5708 1946 5737 ru-

389 5767 595 5838 pularis
623 5780 759 5838 usus
783 5779 849 5820 ex
879 5762 1003 5838 coeli
1024 5759 1345 5838 mutatione
1369 5765 1754 5838 tempestatum
1779 5761 1948 5838 inter:

389 5827 526 5892 italia
557 5837 818 5892 metitur:
853 5835 942 5890 cui
986 5835 1040 5889 et
1085 5831 1381 5898 scriptores
1427 5827 1507 5885 illi
1550 5827 1819 5892 serviunt,
1855 5827 1948 5894 qui

2066 617 2284 685 quidem
2344 619 2522 689 posita
2567 628 2694 674 sunt
2733 620 2788 675 in
2826 622 3072 688 zodiaco,
3128 623 3224 679 sed
3268 625 3373 679 alia
3419 641 3483 681 eo
3511 635 3640 682 sunt

2066 705 2396 775 borealiora,
2433 720 2494 765 ut
2526 710 2637 768 Leo
2675 733 2686 768 :
2724 713 2830 768 alia
2861 718 3197 772 australiora
3219 757 3234 782 ,
3273 726 3332 773 ut
3355 717 3636 791 Scorpius.

2134 888 2349 947 Rursus
2405 893 2832 964 unumquodque
2881 895 3447 956 dodecatemoriorum
3499 902 3642 958 divi-

2066 977 2214 1033 ditur
2281 982 2336 1034 in
2397 990 2582 1051 partes
2645 985 2901 1054 triginta,
2954 994 3009 1042 et
3062 999 3292 1044 vocatur
3334 1009 3502 1047 unum
3552 1009 3642 1049 se-

2065 1080 2344 1140 gmentum
2386 1089 2535 1142 pars,
2592 1089 2688 1129 seu
2729 1076 2954 1146 gradus.
2986 1077 3172 1148 itaque
3202 1080 3461 1137 zodiacus
3500 1098 3639 1139 con-

2067 1162 2201 1216 tinet
2234 1164 2388 1234 signa
2419 1167 2638 1236 quidem
2669 1167 2980 1233 duodecim,
3021 1178 3206 1240 partes
3249 1189 3377 1227 vero
3405 1173 3528 1229 560.

2137 1254 2229 1310 Sol
2273 1265 2452 1312 autem
2506 1275 2618 1314 uno
2677 1275 2823 1317 anno
2872 1264 3146 1332 percurrit
3187 1265 3491 1320 zodiacum.
3544 1266 3642 1323 Est

2064 1348 2209 1401 enim
2260 1357 2476 1421 tempus
2533 1367 2777 1406 annuum
2835 1354 2988 1421 illud,
3041 1356 3094 1410 in
3130 1371 3238 1426 quo
3269 1358 3353 1412 sol
3386 1367 3642 1429 peragrat

2066 1437 2371 1505 zodiacum,
2410 1449 2463 1496 et
2495 1442 2566 1496 ab
2604 1443 2793 1498 eodem
2832 1453 3038 1514 puncto
3081 1447 3149 1501 ad
3200 1447 3342 1502 idem
3379 1458 3640 1518 punctum

2064 1526 2223 1590 redit,
2255 1528 2358 1581 hoc
2400 1538 2619 1600 tempus
2641 1539 2724 1587 est
2753 1531 2966 1587 dierum
2994 1533 3099 1589 565
3133 1535 3255 1606 1/4.
3292 1535 3349 1591 In
3380 1545 3460 1592 tot
3493 1540 3640 1595 enim

2065 1617 2254 1674 diebus
2308 1621 2428 1678 illas
2471 1623 2575 1677 560
2610 1636 2790 1694 partes
2837 1626 3047 1682 zodiaci
3093 1631 3175 1683 sol
3218 1629 3478 1699 coniicit;
3527 1633 3645 1689 fere

2065 1713 2248 1783 itaque
2277 1714 2333 1768 in
2363 1731 2470 1770 uno
2498 1717 2587 1772 die
2632 1734 2800 1772 unum
2829 1721 3059 1791 gradum
3091 1722 3175 1777 sol
3211 1723 3462 1778 absolvit.

2140 1985 2521 2046 Verumtamen
2570 1991 2719 2047 aliud
2763 2000 2851 2049 est
2903 2009 3054 2065 pars,
3105 1995 3255 2051 aliud
3308 1996 3448 2054 dies.
3505 1998 3643 2057 Pars

2061 2081 2205 2134 enim
2238 2093 2322 2135 est
2379 2083 2724 2138 intervallum
2764 2087 3064 2156 quoddam,
3117 2102 3240 2142 cum
3288 2088 3359 2142 sit
3397 2090 3466 2144 50
3512 2107 3644 2162 pars

2062 2171 2236 2242 signi;
2272 2173 2390 2228 dies
2418 2189 2549 2229 vero
2583 2183 2668 2231 est
2710 2184 2947 2247 tempus,
2977 2178 3125 2248 quod
3155 2178 3268 2235 fere
3301 2181 3370 2234 50
3396 2197 3523 2251 pars
3556 2192 3642 2238 est

2062 2266 2328 2318 menstrui
2376 2267 2657 2334 temporis.
2706 2265 2914 2323 Deinde
2969 2284 3098 2338 pars
3145 2270 3367 2340 quidem
3417 2283 3500 2327 est
3535 2273 3644 2330 560

2061 2365 2188 2420 pars
2225 2351 2457 2416 zodiaci,
2475 2353 2593 2408 dies
2617 2363 2797 2410 autem
2815 2366 2897 2410 est
2920 2372 3050 2426 pars
3081 2356 3308 2429 5651/4
3329 2358 3442 2415 fere
3472 2364 3643 2417 annui

2061 2442 2343 2510 temporis.
2399 2443 2479 2498 Ac
2524 2461 2741 2516 semper
2784 2447 3004 2517 quidem
3054 2451 3210 2519 signa
3249 2458 3379 2506 sunt
3418 2452 3487 2507 50
3515 2470 3618 2525 par

2060 2535 2197 2589 tium
2223 2575 2238 2599 ,
2272 2551 2383 2590 non
2409 2552 2625 2608 semper
2654 2549 2836 2595 autem
2869 2541 2941 2596 50
2973 2542 3210 2597 dierum.

2129 2715 2400 2770 Dividitur
2427 2725 2604 2772 autem
2642 2732 2883 2773 annuum
2923 2729 3136 2791 tempus
3173 2721 3228 2774 in
3273 2730 3456 2791 partes
3488 2737 3629 2792 qua-

2060 2821 2203 2874 tuor,
2239 2824 2354 2871 ver,
2403 2819 2668 2872 aestatem,
2717 2818 3063 2876 autumnum,
3116 2820 3170 2867 et
3219 2813 3474 2868 hiemem.
3504 2813 3642 2868 Ver-

2060 2917 2192 2956 num
2230 2903 2397 2973 igitur
2432 2905 2822 2973 aequinoctium
2867 2905 2927 2958 lit
2982 2907 3130 2959 circa
3173 2904 3367 2960 [lorum
3398 2908 3642 2978 vigorem

2063 3011 2358 3060 summum,
2400 2997 2457 3050 in
2489 2997 2665 3066 prima
2704 3005 2859 3067 parte
2897 2998 3123 3052 Arietis.
3163 2997 3472 3053 Solstitium
3501 2998 3642 3054 aesti-

2061 3105 2187 3144 vum
2218 3089 2485 3160 contingit
2521 3090 2666 3142 circa
2706 3098 2939 3143 aestuum
2980 3089 3340 3144 intentionem
3377 3089 3432 3142 in
3467 3091 3643 3158 prima

2062 3191 2214 3252 parte
2242 3182 2464 3245 Cancri,
2503 3182 2597 3236 ubi
2638 3183 2716 3238 sol
2769 3181 3211 3236 borealissimnm
3247 3180 3514 3235 circulum
3542 3180 3642 3236 de-

2063 3275 2275 3340 scribit,
2308 3283 2361 3331 et
2384 3274 2766 3345 longissimum
2798 3274 3064 3334 omn-ium,
3108 3273 3201 3342 qui
3234 3281 3362 3327 sunt
3393 3273 3447 3326 in
3473 3288 3639 3338 anno,

2063 3367 2206 3422 diem
2241 3366 2432 3432 ellicit,
2464 3372 2681 3419 noctem
2721 3379 2852 3418 vero
2894 3364 3293 3419 brevissimam.
3326 3363 3491 3434 Atqui
3524 3364 3643 3419 dies

2062 3461 2419 3532 longissimus
2450 3459 2676 3530 :equalis
2731 3465 2815 3514 est
2858 3457 3006 3512 nocti
3040 3457 3394 3527 longissimm,
3431 3465 3486 3512 et
3523 3457 3642 3512 dies

2064 3553 2423 3608 brevissimus
2444 3551 2666 3621 aequalis
2689 3559 2773 3605 est
2796 3551 2943 3604 nocti
2966 3548 3322 3603 brevissimae.
3355 3547 3481 3602 Dies
3509 3563 3642 3603 vero

2065 3643 2421 3714 longissimus
2478 3637 2786 3696 in‘climate
2815 3639 2996 3694 Rhodi
3034 3647 3118 3694 est
3167 3639 3425 3693 horarum
3469 3639 3642 3709 aequi-

2065 3735 2382 3790 noctialium
2402 3735 2466 3787 14
2489 3732 3033 3805 1χ4.ιΕ(ιυὶιιοι;ῑὶυιη
3053 3731 3368 3785 autumnale
3387 3738 3491 3790 est.
3511 3745 3638 3784 cum

2065 3826 2206 3882 sola
2231 3826 2436 3881 boreali
2479 3825 2637 3895 plaga
2687 3822 2755 3876 ad
2783 3822 3080 3878 australem
3119 3821 3336 3891 plagam
3381 3821 3634 3887 tendens,

2065 3917 2262 3972 iterum
2305 3916 2374 3970 ad
2417 3914 2853 3983 aequinoctialem
2905 3912 3169 3966 circulum
3210 3911 3538 3982 pervenerit,
3582 3919 3640 3968 et

2065 4008 2209 4064 diem
2257 4007 2410 4063 nocti
2467 4007 2732 4076 aequalem
2783 4004 3043 4060 ell‘ecerit.
3085 4003 3396 4059 Solstitium
3454 4012 3640 4059 autem

2062 4101 2352 4156 hibernum
2379 4106 2484 4163 est,
2530 4112 2652 4153 cum
2685 4098 2767 4153 sol
2791 4097 3111 4168 longissime
3145 4111 3175 4148 a
3215 4105 3418 4167 puncto
3447 4106 3640 4152 nostro

2063 4192 2313 4248 verticali
2356 4191 2694 4255 discesserit,
2738 4196 2792 4244 et
2841 4189 3220 4252 humillimus,
3260 4188 3442 4258 quoad
3487 4189 3640 4244 bori-

2065 4289 2299 4349 zontem,
2344 4280 2520 4335 factus
2563 4279 2754 4344 fuerit,
2790 4279 3046 4347 idemque
3089 4280 3356 4333 circulum
3401 4280 3642 4336 maxime

2063 4372 2358 4429 australem
2392 4369 2766 4440 descripserit.
2794 4377 2847 4423 et
2873 4376 3090 4422 noctem
3123 4369 3498 4438 longissimam
3525 4383 3638 4422 om-

2062 4466 2236 4529 nium,
2267 4478 2390 4534 quae
2421 4469 2551 4517 sunt
2584 4460 2637 4514 in
2683 4475 2849 4522 anno,
2875 4458 3133 4524 cll‘ecerit,
3163 4459 3304 4513 diem
3349 4475 3474 4513 vero
3513 4460 3638 4514 bre-

1985 4557 2367 4620 Dvissimum.
2425 4553 2521 4609 Est
2575 4559 2753 4607 autem
2792 4550 3111 4620 longissima
3160 4565 3269 4603 nox
3314 4550 3369 4604 in
3417 4550 3638 4605 climate

2062 4646 2238 4703 Rhodi
2270 4645 2530 4698 horarum
2560 4640 3019 4711 aequinoctialium
3048 4637 3115 4693 M
3147 4637 3274 4708 1/2.
3449 4703 3452 4707 ‘

2133 4735 2400 4806 Tempora
2419 4748 2570 4799 vero,
2606 4746 2726 4801 quae
2743 4738 2870 4786 sunt
2890 4730 3033 4784 inter
3076 4729 3310 4784 solstitia
3351 4738 3406 4784 et
3461 4727 3633 4799 aequi-

2056 5064 2169 5105 rem
2199 5049 2459 5102 rusticam
2490 5051 2544 5100 et
2577 5043 2744 5113 hujus
2773 5041 3132 5114 generis'alia
3158 5051 3518 5114 pertractant.

2127 5118 2204 5186 (5)
2244 5116 2354 5172 Καὶ
2399 5112 2823 5186 ταπεινότατος
2869 5114 2949 5186 ὡς
3002 5112 3295 5186 πρὸςίτὸν
3340 5112 3626 5186 ὁρίζοντα.

2069 5184 2391 5252 ’ἰδιωτικῶς,
2438 5185 2611 5240 et-ad
2663 5185 2880 5238 oculum
2935 5185 3008 5239 ita
3051 5184 3312 5240 Geminus
3365 5185 3628 5250 loquitur,

2057 5259 2186 5330 quia
2222 5267 2351 5312 tunc
2384 5256 2467 5310 sol
2501 5254 2738 5330 maxime
2780 5253 3144 5330 deiectustet
3192 5253 3458 5330 horizonti
3489 5255 3629 5330 vici-

2056 5322 2164 5398 nus
2215 5335 2460 5398 apparet.
2516 5324 2685 5379 Recte
2730 5333 2912 5378 autem
2963 5326 3194 5398 addidit,
3232 5324 3314 5398 ὡς
3353 5322 3488 5394 πρὸς
3539 5323 3631 5376 τὸν

2055 5392 2345 5473 ὁρίζοντα.-
2381 5411 2448 5451 eo
2498 5409 2686 5460 sensu,
2735 5409 2895 5473 quem
2917 5396 3214 5473 _.diximus’_.
3270 5392 3406 5473 Nam
3436 5407 3627 5473 revera

2055 5462 2223 5524 terris
2253 5467 2475 5522 citimus
2524 5479 2634 5519 non
2689 5462 2806 5518 erat
2851 5464 2934 5519 sol
2974 5474 3135 5521 astate
3175 5463 3387 5519 Gemini
3437 5463 3494 5516 in
3545 5462 3632 5514 hi-

2055 5540 2227 5614 berno
2265 5540 2479 5614 tropico
2510 5552 2525 5588 :
2559 5533 2654 5614 sed
2682 5533 2739 5587 in
2777 5529 3054 5614 sagittarii
3094 5536 3263 5607 gradu
3296 5534 3490 5603 quinto
3517 5532 3634 5614 οἱς-ι

2056 5610 2230 5671 citer;
2265 5604 2372 5678 ubi
2397 5615 2513 5678 tum
2547 5604 2682 5658 solis
2710 5611 2828 5678 erat
2866 5604 3164 5678 perigeufn,
3193 5614 3255 5678 ut
3280 5604 3628 5678 apogeumin

2055 5681 2246 5749 quinto
2274 5675 2649 5740 Geminorum,
2676 5673 2820 5744 quod
2862 5671 2914 5728 et
2949 5671 3069 5748 pag.
3107 5676 3141 5730 4
3193 5671 3457 5730 Geminus
3483 5671 3631 5727 iudi-

2055 5758 2205 5892 “(in
2243 5821 2306 5875 Ol
2331 5817 2399 5872 δὲ
2416 5817 2643 5889 μεταξὺ
2674 5816 2896 5886 χρόνοι.
2929 5807 3321 5903 Eodemiuodo
3345 5823 3522 5865 annus
3555 5805 3628 5862 ab
