4138 6396
439 297 531 350 751
1425 295 1512 348 AD
1547 293 1813 350 EUSEBH
1858 290 2249 348 CHRON‘ICON
2298 292 2664 347 APPENDIX.

3591 290 3696 345 7:32

435 415 747 482 noctia,ltoc
767 414 927 469 modo
944 413 1290 468 dividuntur:
1315 414 1380 467 ab
1395 413 1725 483 aequinoctio
1739 427 2018 476 verno,us—

2127 411 2328 482 μεριῶν
2382 411 2568 464 τοῦτον
2615 411 2948 482 διαιροῦνται
2993 410 3082 462 τὸν
3141 410 3368 481 τρόπον·
3421 409 3551 461 Ἀπὸ
3597 409 3698 479 μὲν

434 523 540 578 que
557 507 622 561 ad
641 506 929 561 solstitium
942 505 1187 560 aestivum
1200 505 1316 560 dies
1333 513 1458 560 sunt
1477 504 1546 558 94
1575 503 1709 575 4/2;
1731 518 1850 557 nam
1868 503 1923 557 in
1939 511 2020 557 tot

436 599 629 654 diebus
657 599 855 653 transit
893 598 974 654 sol
1003 597 1264 660 Arietem,
1291 594 1556 658 Taurum,
1587 594 1844 649 Geminos
1874 601 1928 648 et
1950 593 2018 646 ad

439 693 669 764 primam
692 699 899 761 partem
919 690 1113 744 Cancri
1131 689 1419 753 accedens,
1449 687 1741 742 solstitium
1768 686 2017 742 aestivum

437 786 621 840 ellicit.
665 783 748 837 Ab
793 785 982 837 aestivo
1024 783 1262 838 solstitio
1297 798 1473 852 usque
1507 781 1575 834 ad
1624 779 2015 850 arquinoctium

439 877 752 932 autumnale
779 877 896 932 dies
917 884 1045 930 sunt
1062 876 1132 930 92
1151 875 1285 946 1/2;
1313 892 1436 930 nam
1457 875 1512 928 in
1531 881 1610 928 tot
1632 874 1824 929 diebus
1843 883 2019 928 trans-

439 968 480 1021 it
516 968 596 1022 sol
621 966 917 1029 Cancrum,
941 965 1202 1032 Leonem,
1244 965 1548 1037 Virginem,
1577 972 1632 1018 et
1687 964 1756 1018 ad
1782 964 2014 1034 primam

439 1065 647 1128 partem
681 1056 858 1111 Libra:
891 1058 1160 1112 accedens
1192 1055 1354 1112 edicit
1375 1057 1764 1126 aequinoctium
1799 1062 2018 1108 autum-

439 1150 581 1204 nale.
609 1149 694 1204 ΑΙ)
727 1149 1054 1219 aequinoctio
1084 1149 1384 1205 autumnali
1423 1165 1597 1220 usque
1628 1149 1693 1202 ad
1718 1147 2015 1202 solstitium

438 1243 727 1298 hibernum
745 1241 864 1298 dies
880 1250 1008 1297 sunt
1032 1242 1256 1313 881/8;
1278 1258 1401 1296 nam
1423 1243 1477 1296 in
1503 1248 1582 1296 tot
1599 1240 1792 1296 diebus
1818 1240 2019 1294 transit

438 1337 522 1393 sol
586 1333 839 1404 Libraml,
899 1333 1220 1405 Scorpium,
1282 1333 1635 1405 Sagittarium
1660 1375 1674 1398 ,
1717 1340 1773 1386 ct
1807 1330 1874 1384 ad
1915 1333 2020 1399 pri-

439 1444 584 1484 mam
631 1436 839 1499 partem
888 1427 1210 1498 Capricorni
1256 1427 1581 1497 perveniens
1624 1422 1786 1478 eﬂicit
1827 1421 2017 1477 solsti-

438 1523 575 1577 tium
603 1523 914 1578 hibernum.
940 1521 987 1575 Α
1017 1521 1256 1577 solstitio
1289 1521 1521 1574 hiberno
1554 1534 1728 1588 usque
1757 1515 1824 1570 ad
1848 1514 2021 1584 aequio

440 1618 683 1672 noctium
714 1631 940 1670 vernum
969 1615 1246 1670 diessunt
1273 1613 1342 1668 90
1367 1611 1497 1682 l/8;
1535 1613 1588 1666 in
1625 1617 1706 1664 tot
1736 1608 1882 1664 enim
1903 1605 2020 1660 die-

441 1709 544 1765 bus
593 1709 794 1764 transit
851 1709 937 1762 sol
976 1707 1185 1777 reliqua
1224 1707 1331 1759 tria
1363 1706 1542 1774 signa,
1594 1703 2014 1773 Capricornum.

2125 502 2412 573 ἰσημερίας
2466 503 2691 574 ἐαρινῆς
2747 502 2908 574 μέχρι
2952 502 3160 573 τροπῆς
3213 501 3428 572 θερινῆς
3488 500 3694 570 ἡμέραι

2119 595 2255 646 εἰσὶν
2274 595 2432 662 ιιιδςη·
2454 597 2511 648 ἐν
2544 594 2653 667 γὰρ
2683 595 2974 658 τοσαύταις
3001 595 3235 666 ἡμέραις
3261 592 3643 664 διαπορεύεται
3667 596 3696 646 ὁ

2118 688 2267 758 ἥλιος
2291 687 2482 760 Κριὸν,
2515 687 2748 760 Ταῦρον,
2775 689 3064 759 Διδύμους,
3091 688 3186 741 καὶ
3228 689 3319 741 ἐπὶ
3346 688 3442 758 τὴν
3471 685 3696 758 πρώτην

2122 785 2314 853 μοῖραν
2368 783 2460 836 τοῦ
2523 783 2800 853 Καρκίνου
2836 781 3290 854 παραγινόμενος,
3338 780 3436 852 τὴν
3476 779 3696 850 θερινὴν

2117 874 2325 946 τροπὴν
2353 876 2620 928 ποιεῖται’
2657 874 2763 927 ἀπὸ
2791 873 2847 926 δὲ
2872 873 3093 945 θερινῆς
3126 875 3336 944 τροπῆς
3383 872 3576 943 μέχρις
3616 873 3696 923 ἰσ-

2118 967 2351 1039 ημερίας
2368 967 2770 1038 φθινοπωρινῆς
2786 966 2987 1037 ἡμέραι
3012 967 3151 1018 εἰσὶν
3168 963 3332 1033 ίιβςηε
3356 965 3413 1016 ὲν
3463 963 3573 1034 γὰρ
3605 979 3696 1014 το-

2122 1059 2346 1122 σαύταις
2407 1059 2643 1129 ἡμέραις
2695 1057 3079 1128 διαπορεύεται
3113 1058 3141 1110 ὁ
3195 1055 3346 1126 ἥλιος
3396 1053 3694 1125 Καρκίνον,

2121 1155 2358 1217 Λέοντα,
2391 1153 2691 1223 Παρθένον,
2725 1151 2817 1205 καὶ
2853 1151 3074 1220 ἐπὶτῆν
3108 1148 3331 1220 πρώτην
3357 1150 3552 1218 μοῖραν
3587 1143 3696 1198 τῶν

2120 1243 2314 1315 Χηλῶν
2343 1243 2778 1314 παραγινόμενος
2819 1241 2917 1313 τὴν
2958 1240 3353 1310 φθινοπωρινὴν
3407 1235 3696 1307 ἰσημερίαν

2122 1343 2386 1392 ποιεῖται·
2419 1337 2528 1389 ἀπὸ
2554 1336 2608 1388 δὲ
2640 1335 2928 1408 ἰσημερίας
2951 1330 3351 1402 φθινοπωρινῆς
3385 1329 3546 1399 μέχρι
3568 1343 3695 1398 τρο-

2121 1430 2230 1499 πῆς
2256 1428 2571 1499 χειμερινῆς
2605 1427 2810 1498 ἡμέραι
2842 1425 2976 1477 εἰσὶν
3003 1429 3190 1494 πηἠ⁹’
3218 1437 3230 1450 ο
3280 1424 3337 1474 ἐν
3372 1419 3482 1490 γὰρ
3510 1416 3699 1472 τοσαύ-

2120 1539 2240 1584 ταις
2268 1520 2503 1590 ἡμέραις
2531 1517 2913 1588 διαπορεύεται
2935 1518 2963 1568 ό
2991 1516 3140 1586 ἡλιος
3167 1514 3373 1585 Χηλὰς,
3401 1510 3692 1582 Σκορπίον,

2121 1611 2376 1681 Τοξότην,
2407 1611 2502 1663 καλ⁸
2531 1610 2624 1662 ἐπὶ
2654 1609 2754 1680 τὴν
2782 1607 3005 1680 πρώτην
3022 1612 3224 1679 ’μοῖραν
3256 1602 3697 1677 παραγενόμενος

2120 1702 2148 1753 ὁ
2179 1700 2328 1770 ἥλιος
2369 1697 2463 1750 τοῦ
2501 1698 2804 1767 Αἰγόκερω,
2847 1697 2946 1767 τὴν
2977 1695 3294 1768 χειμερινὴν
3337 1695 3544 1766 τροπὴν
3574 1707 3696 1742 ποι-

440 1801 742 1870 Aquarium
763 1841 776 1864 ,
809 1798 1015 1856 Pisces.
1064 1799 1264 1853 Omnes
1306 1797 1470 1868 igitur
1502 1798 1618 1851 dies
1651 1796 1844 1849 horum
1877 1807 2003 1862 qua-

2126 1793 2290 1843 εἴται”
2326 1789 2436 1842 ἀπὸ
2467 1788 2525 1841 δὲ
2568 1789 2776 1859 τροπῆς
2814 1789 3128 1859 χειμερινῆς
3168 1789 3361 1859 μέχρις
3410 1783 3698 1855 ἰσημερίας

443 1901 567 1946 tuor
583 1899 892 1961 temporum
915 1890 1078 1946 simul
1110 1890 1312 1958 sumpti
1351 1889 1590 1944 elliciunt
1623 1887 1740 1942 dies
1759 1883 2014 1952 5631/4,

441 1992 576 2054 quot
613 1983 777 2038 etiam
811 1984 868 2037 in
900 1998 1008 2037 uno
1038 1989 1166 2037 sunt
1195 1997 1357 2036 anno.

2126 1881 2345 1952 ἐαρινῆς
2378 1879 2583 1950 ἡμέραι
2610 1880 2744 1931 εἰσὶν
2780 1885 2921 1950 ιιήονν
2965 1898 2978 1910 ·
3012 1882 3069 1933 ἐν
3101 1879 3208 1950 γάρ
3239 1877 3525 1940 τοσαύταις
3561 1871 3698 1946 ἡμέ-

2129 1988 2249 2042 ραις
2294 1968 2675 2041 διαπορεύεται
2724 1970 2752 2020 ὁ
2801 1970 2950 2039 ἥλιος
3010 1968 3078 2022 τά
3123 1967 3528 2037 ἀπολειπόμενα
3571 1960 3698 2030 τρία

442 2079 638 2145 ζώδια,
672 2079 1006 2149 Αίγόκερων,
1053 2077 1363 2149 ’Υδροχόον,
1411 2075 1638 2145 Ἰχθύας.
1666 2074 1730 2126 Αἱ
1766 2074 1936 2126 πᾶσαι
1975 2065 2068 2122 οὗν
2114 2067 2317 2138 ἡμέραι
2345 2065 2552 2119 τούτων
2592 2065 2702 2118 τῶν
2747 2066 3026 2137 τεσσάρων
3065 2066 3268 2136 χρόνων
3321 2061 3698 2131 συντιθέμεναι

445 2175 653 2230 ποιοῦσι
681 2174 786 2239 τξε¹
820 2155 920 2240 6",,
950 2177 1181 2244 ὅσαιπερ
1209 2170 1348 2245 ἦσαν
1373 2173 1428 2226 αἱ
1461 2171 1551 2225 τοῦ
1584 2167 1848 2224 ἐνιαυτοῦ.

515 2267 792 2332 Quaeritur
829 2267 994 2338 igitur
1039 2267 1094 2320 in
1136 2266 1244 2330 his,
1287 2280 1406 2330 cur,
1439 2278 1564 2318 cum
1612 2271 1847 2334 quatuor
1883 2257 2013 2313 dicti

444 2361 780 2431 quadrantes
827 2359 1036 2414 zodiaci
1083 2359 1226 2414 inter
1279 2373 1337 2412 se
1388 2357 1497 2410 sint
1538 2354 1798 2424 mquales,
1842 2359 1896 2406 et
1937 2352 2019 2406 sol

446 2465 662 2520 semper
689 2450 970 2519 aequaliter
997 2457 1278 2502 moveatur
1300 2488 1314 2513 ,
1355 2446 1548 2516 ipsein
1575 2444 1916 2517 temporibus
1945 2443 2021 2500 in-

445 2542 749 2612 aequalibus
770 2541 1006 2612 aequales
1039 2541 1230 2594 horum
1279 2540 1642 2610 quadrantum
1691 2554 1854 2593 arcus
1892 2554 2019 2608 per-

446 2641 638 2704 agret;
699 2649 823 2687 nam
872 2649 967 2704 per
999 2641 1166 2687 totam
1207 2633 1599 2686 astronomiam
1649 2632 2022 2702 przesupponi-

447 2736 560 2792 tur,
589 2736 642 2782 et
671 2726 863 2788 solem,
894 2733 947 2779 et
971 2725 1178 2788 lunam,
1206 2734 1260 2778 et
1301 2723 1541 2794 quinque
1574 2724 1819 2792 planetas
1843 2737 2025 2793 aequa-

446 2821 594 2883 liter,
619 2819 986 2881 circularitcr,
1027 2826 1080 2871 et
1111 2829 1302 2871 contra
1335 2815 1522 2869 mundi
1560 2823 1764 2869 motum
1788 2814 2020 2868 moveri.

444 2909 784 2982 Pythagoraei
821 2911 987 2976 enim,
1042 2923 1166 2961 cum
1213 2908 1373 2978 primi
1423 2907 1521 2961 has
1569 2907 1900 2979 quaastiones
1934 2921 2022 2976 ag-

444 3001 844 3074 grederentur,
899 3008 1423 3070 prmsupposuerunt
1494 2999 1793 3054 circulares
1860 3005 2022 3068 atque

2210 2261 2578 2331 Ἐπιζητεῖται
2611 2255 2704 2314 οὖν
2733 2261 2790 2313 ἐν
2814 2260 3045 2328 τούτοις,
3069 2260 3207 2325 πῶς,
3237 2262 3365 2314 ἴσων
3389 2261 3556 2316 ὅντων
3587 2262 3698 2317 τῶν

2127 2354 2406 2424 τεσσάρων
2443 2355 2646 2426 μορίων
2709 2352 2802 2405 τοῦ
2846 2351 3108 2416 ζωδιακοῦ
3161 2352 3396 2419 κύκλου,
3443 2355 3473 2406 ὁ
3517 2353 3698 2425 ἥλιος,

2130 2445 2392 2520 ἰσοταχῶς
2414 2444 2745 2520 κινούμενος
2779 2443 2866 2502 διὰ
2899 2443 3130 2513 παντὸς,
3159 2445 3217 2497 ὲν
3251 2444 3454 2511 ἀνίσοις
3488 2445 3703 2516 χρόνοις

2125 2542 2504 2612 διαπορεύεται
2531 2541 2630 2605 τάς
2661 2543 2779 2605 ἴσας
2831 2541 3205 2612 περιφερείας.
3243 2542 3552 2596 ’Υπόκειται
3594 2544 3703 2614 γὰρ

2129 2634 2263 2701 πρὸς
2309 2633 2435 2704 ὃλην
2499 2633 2597 2704 τὴν
2643 2633 2995 2703 ἀστρολογίαν
3021 2635 3039 2664 ⁷
3091 2634 3238 2703 ἥλιόν
3289 2651 3349 2687 τε
3397 2636 3490 2688 καὶ
3548 2636 3694 2709 σελή-

2127 2743 2260 2796 νην,
2293 2727 2388 2779 καὶ
2437 2725 2564 2788 τοὺς
2594 2726 2755 2778 πέντε
2803 2725 3077 2797 πλανήτας
3116 2727 3496 2797 ἰσοταχῶς,καὶ
3537 2730 3701 2796 ἐγκυ-

2127 2818 2310 2884 κλίως,
2351 2819 2445 2870 καὶ
2475 2817 2810 2881 ὑπεναντίως
2849 2818 2928 2888 τῷ
2974 2818 3162 2888 κόσμῳ
3197 2819 3479 2872 κινεῖσθαι.
3512 2822 3573 2873 Oi
3596 2820 3702 2891 γὰρ

2128 2909 2525 2980 Πυθαγόρειοι,
2581 2908 2786 2977 πρῶτοι
2838 2908 3224 2979 προσελθόντες
3267 2912 3383 2973 ταῖς
3427 2912 3702 2974 τοιαύταις

2126 3003 2448 3072 ζητήσεσιν,
2492 3001 2751 3054 ὑπέθεντο
2794 3001 3111 3070 ἐγκυκλίους
3143 3002 3236 3054 καὶ
3277 3002 3482 3073 ὁμαλὰς
3518 3005 3701 3075 ἡλίου,

445 3093 683 3164 aequales
715 3093 869 3154 solis,
905 3092 1046 3144 luna:
1074 3099 1127 3145 et
1167 3090 1530 3145 erraticarum
1576 3089 1860 3144 stellarum
1903 3103 2018 3141 mo-

2126 3098 2216 3150 καὶ
2269 3099 2498 3169 σελήνης
2529 3137 2543 3162 ,
2581 3098 2677 3151 καὶ
2723 3096 2831 3150 τῶν
2888 3103 2926 3149 ε’
2977 3098 3259 3167 πλανητῶν
3307 3100 3550 3171 ἀστέρων
3601 3100 3704 3163 τὰς

447 3198 555 3241 tus.
602 3183 736 3238 Nam
785 3182 1102 3252 hujusmodi
1133 3183 1601 3253 .irregularitatem
1634 3197 1744 3234 non
1784 3180 2022 3234 admise-

445 3287 576 3332 runt
611 3277 667 3330 in
720 3275 805 3331 his
862 3275 1064 3329 divinis
1107 3283 1272 3345 atque
1316 3274 1536 3328 :eternis
1569 3272 1915 3343 corporibus,
1964 3281 2024 3326 ut

447 3364 717 3424 interdum
769 3366 1009 3422 velocius
1063 3374 1434 3430 moverentur,
1476 3365 1749 3419 interdum
1786 3364 2022 3430 tardius,

447 3461 722 3516 interdum
762 3467 992 3524 starent,
1035 3467 1096 3514 ut
1143 3474 1274 3514 sane
1311 3458 1473 3515 etiam
1522 3458 1786 3513 stationes
1830 3465 2024 3511 vocant

447 3555 504 3608 in
535 3552 781 3623 quinque
819 3551 1070 3607 erraticis
1105 3550 1299 3607 stellis.
1327 3549 1512 3621 Neque
1539 3551 1684 3605 enim
1719 3550 1773 3604 in
1802 3550 2025 3606 homine

445 3649 584 3703 bene
620 3646 672 3716 3
711 3645 1015 3714 composito
1051 3651 1104 3699 et
1147 3643 1401 3698 ordinato
1443 3643 1608 3697 talem
1654 3649 1837 3697 motus
1885 3642 2025 3698 irre-

444 3739 791 3810 gularitatem
841 3736 898 3790 in
949 3735 1232 3806 gressibus
1276 3735 1474 3805 aliquis
1503 3733 1860 3799 admitteret;
1896 3749 2023 3788 nam

444 3830 569 3884 vita:
601 3828 958 3884 necessitates
984 3841 1126 3896 sazpe
1153 3825 1293 3880 ﬁunt
1323 3826 1638 3882 hominibus
1661 3841 1841 3882 causae
1860 3824 2028 3880 tardi—

446 3922 596 3983 tatis,
625 3928 678 3974 et
706 3918 1027 3973 velocitatis.
1059 3917 1129 3970 At
1158 3917 1214 3971 in
1245 3919 1358 3987 ipsa
1385 3919 1789 3989 incorruptibili
1827 3925 2025 3972 natura

445 4014 726 4068 stellarum
766 4027 876 4066 non
909 4017 1088 4081 potest
1120 4011 1228 4064 ulla
1261 4026 1428 4066 causa
1460 4012 1756 4067 celeritatis
1806 4019 1862 4068 et
1916 4021 2027 4066 tar-

445 4105 632 4159 ditatis
677 4103 893 4158 adduci.
953 4102 1125 4170 Quam
1175 4104 1244 4159 ob
1266 4119 1487 4160 causam
1521 4105 1859 4176 Pythagorici
1887 4106 2026 4159 hanc

445 4202 849 4265 proposuerunt
887 4195 1246 4265 quaestionem
1287 4194 1610 4261 :Quomodo
1635 4213 1734 4267 per
1781 4198 2024 4252 circula-

446 4300 534 4339 res
568 4291 622 4338 et
663 4285 900 4354 aequales
957 4294 1136 4340 motus
1167 4295 1394 4355 possent
1428 4288 1762 4357 apparentia
1794 4288 2016 4343 salvari.

519 4375 591 4430 De
625 4376 849 4445 reliquis
881 4376 1043 4446 igitur
1073 4376 1306 4446 planetis
1353 4377 1408 4431 in
1453 4361 1576 4432 aliis
1611 4379 1833 4448 scriptis
1890 4393 2026 4433 cau-

446 4484 562 4522 sam
592 4483 960 4539 exponemus;
991 4483 1142 4523 nunc
1173 4485 1302 4524 vero
1335 4470 1403 4525 de
1443 4472 1558 4526 sole
1584 4485 1808 4526 causam
1833 4478 2020 4526 osten-

445 4562 655 4627 demus,
683 4577 804 4626 cur,
847 4577 971 4616 cum
1000 4562 1281 4632 aequaliter
1323 4571 1633 4628 moveatur,
1676 4565 1732 4617 in
1755 4564 2023 4632 tempori-

444 4652 550 4706 bus
581 4653 940 4723 inatqualibus
987 4654 1224 4722 aequales
1267 4667 1429 4709 arcus
1477 4654 1687 4708 zodiaci
1735 4653 2015 4708 conﬁciat.

447 4742 713 4812 Suprema
747 4743 912 4813 igitur
939 4753 1024 4798 est
1055 4743 1300 4798 omnium
1329 4759 1393 4799 ea
1422 4744 1636 4814 sphaera
1662 4783 1677 4806 ,
1712 4758 1834 4813 qua:
1878 4745 2012 4798 stel-

445 4833 624 4886 larum
663 4832 891 4886 lixarum
921 4833 1143 4899 dicitur,
1169 4849 1290 4904 qua:
1321 4835 1376 4888 iu
1399 4850 1460 4891 se
1490 4837 1736 4891 continet
1768 4836 2012 4890 omnium

447 4921 678 4976 lixarum
706 4924 1222 4986 constellationum,
1269 4924 1383 4979 sive
1433 4925 1714 4996 signorum
1759 4925 2016 4996 elligiem.

443 5013 566 5069 Non
595 5026 679 5070 est
709 5022 890 5070 autem
920 5016 1266 5086 cogitandum
1293 5055 1308 5080 ,
1341 5031 1532 5072 omnes
1567 5018 1756 5073 stellas
1787 5019 1892 5073 sub
1915 5033 2008 5073 ea-

446 5110 568 5164 dem
598 5122 719 5163 esse
750 5107 957 5176 positus
991 5108 1313 5178 superﬁcie,
1365 5109 1460 5163 sed
1494 5109 1629 5164 alias
1665 5125 1787 5164 esse
1843 5111 2016 5166 subli-

447 5200 648 5254 miores
669 5243 682 5263 ,
727 5200 864 5254 alias
895 5198 1232 5253 humiliores.
1271 5196 1407 5252 Cum
1457 5199 1602 5253 enim
1636 5201 1790 5255 visus
1821 5210 2010 5256 noster

447 5295 515 5348 ad
548 5297 810 5366 aequalem
857 5292 1245 5361 longitudinem
1294 5306 1324 5344 a
1374 5301 1520 5346 terra
1551 5293 1608 5346 in
1652 5294 1852 5348 ccelum
1887 5309 2018 5349 sese

2127 3191 2388 3260 κινήσεις.
2422 3189 2532 3259 Τὴν
2557 3189 2665 3261 γὰρ
2685 3187 2937 3257 τοιαύτην
2968 3189 3190 3254 ἀταξίαν
3222 3191 3282 3242 οὑ
3316 3189 3704 3261 προσεδέξαντο

2128 3282 2266 3351 πρὸς
2293 3281 2362 3334 τὰ
2394 3279 2512 3334 θεῖα
2534 3281 2626 3333 καὶ
2674 3278 2865 3334 αἰώνια
2887 3296 2899 3309 ·
2935 3280 3011 3344 ὠς
3042 3280 3170 3332 ποτὲ
3193 3281 3288 3350 μὲν
3322 3281 3506 3349 τάχιον
3535 3285 3704 3334 κινεῖ-

2130 3369 2272 3433 σθαι,
2302 3369 2432 3422 ποτέ
2459 3369 2516 3422 δὲ
2543 3368 2778 3440 βράδιον,
2809 3367 2938 3420 ποτέ
2963 3368 3019 3420 δὲ
3059 3369 3373 3438 ἐστηκέναι·
3401 3370 3492 3432 οὓς
3521 3371 3584 3441 δὴ
3609 3373 3703 3424 καὶ

2128 3463 2353 3517 καλοῦσι
2398 3462 2735 3532 στηριγμοὺς
2774 3460 2866 3512 ἐπὶ
2897 3460 3005 3513 τῶν
3055 3468 3094 3512 ε’
3121 3459 3407 3532 πλανητῶν
3434 3462 3699 3534 ἀστέρων.

2128 3554 2262 3607 osa:
2283 3553 2393 3625 γὰρ
2426 3553 2555 3624 περὶ⁹
2579 3552 2862 3623 ἄνθρωπον
2901 3551 3126 3622 κόσμιον
3159 3553 3254 3606 καὶ
3287 3553 3617 3623 τεταγμένον
3646 3556 3703 3608 ἐν

2127 3651 2246 3712 ταῖς
2282 3647 2531 3718 πορείαις
2564 3645 2663 3716 τὴν
2688 3643 2943 3714 τοιαύτην
2972 3645 3284 3716 ἀνωμαλίαν
3308 3647 3406 3717 τῆς
3437 3648 3704 3717 κινήσεως

2129 3739 2490 3810 προσεδέξατο
2525 3739 2545 3771 ⁸
2577 3738 2641 3791 ἄν
2687 3755 2804 3802 τις·
2845 3739 2900 3791 αἰ
2943 3738 3051 3808 γάρ
3100 3737 3193 3790 τοῦ
3223 3737 3340 3808 βίου
3383 3742 3558 3810 χρεῖαι
3593 3744 3706 3804 τοῖς

2129 3831 2436 3903 ἀνθρώποις
2467 3831 2729 3894 πολλάκις
2771 3829 2941 3883 αἴτιαι
2967 3829 3206 3898 γίνονται
3253 3829 3585 3900 βραδυτῆτος
3612 3830 3707 3883 καὶ

2127 3924 2431 3994 ταχυτῆτος
2450 3940 2463 3955 ο
2489 3923 2619 3994 περὶ
2643 3921 2700 3974 δὲ
2725 3921 2822 3992 τὴν
2844 3919 3118 3991 ἄφθαρτον
3145 3920 3306 3990 φύσιν
3327 3919 3434 3972 τῶν
3459 3922 3704 3992 ἀστέρων

2129 4015 2384 4087 οὐδεμίαν
2405 4015 2626 4068 δυνατὸν
2661 4013 2840 4068 αἰτίαν
2866 4013 3243 4084 προσαχθῆναι
3285 4015 3584 4084 ταχυτῆτος
3609 4016 3703 4066 καὶ

2132 4104 2482 4180 βραδὺτῆτος.
2521 4109 2596 4161 Δι’
2620 4107 2810 4178 ἥντινα
2835 4106 3016 4160 αἰτίαν
3031 4106 3350 4178 προέτειναν
3387 4104 3549 4160 οὕτω·
3582 4107 3704 4171 Πῶς

2129 4201 2195 4255 ἂν
2220 4202 2287 4254 δι’
2321 4199 2625 4268 ἐγκυκλίων
2654 4201 2747 4252 καὶ
2773 4199 2990 4269 ὁμαλῶν
3023 4199 3289 4270 κινήσεων
3316 4200 3602 4271 ἀποδοθείη
3638 4201 3706 4253 τά

2133 4295 2454 4365 φαινόμενα.

2201 4385 2338 4455 Περὶ
2379 4383 2477 4455 μὲν
2505 4379 2597 4436 οὖν
2618 4381 2726 4435 τῶν
2748 4382 2950 4436 λοιπῶν
2965 4383 3210 4453 ἀστέρων
3242 4385 3300 4435 ὲν
3330 4384 3538 4453 ἑτέροις
3567 4387 3703 4438 ἀπο-

2131 4473 2374 4544 δώσομεν
2405 4474 2503 4544 τὴν
2527 4471 2703 4525 αἰτίαν
2722 4489 2735 4501 ·
2765 4471 2881 4524 νυνὶ
2901 4471 2957 4524 δὲ
2988 4471 3116 4542 περὶ
3143 4470 3294 4541 ἡλίου
3329 4471 3700 4544 ὑποδείξομεν,

2132 4566 2196 4618 δι’
2233 4567 2298 4636 ἣν
2327 4566 2506 4620 αἰτίαν
2534 4563 2796 4634 ἰσοταχῶς
2824 4561 3160 4632 κινούμενος,
3189 4565 3246 4616 ἐν
3267 4563 3470 4626 ἀνίσοις
3492 4564 3704 4634 χρόνοις

2132 4657 2232 4721 τὰς
2261 4657 2382 4721 ἴσας
2410 4655 2764 4728 περιφερείας
2805 4653 3186 4725 διαπορεύεται
3213 4656 3233 4686 ⁹
3255 4671 3267 4683 ·
3303 4653 3564 4707 ἀνωτάτω
3595 4655 3704 4726 γάρ

2133 4750 2350 4803 πάντων
2402 4749 2549 4801 ἐστὶν
2604 4749 2637 4818 ή
2684 4746 2950 4817 λεγομένη
3010 4744 3118 4798 τῶν
3161 4745 3418 4800 ἀπλανῶν
3459 4745 3705 4817 ἀστέρων

2131 4844 2352 4912 σφαῖρα,
2390 4843 2423 4910 ἡ
2456 4838 2785 4910 περιέχουσα
2813 4837 3031 4890 πάντων
3050 4836 3158 4889 τῶν
3191 4837 3704 4908 κατηστερισμένων

2130 4931 2336 4996 ζωδίων
2367 4931 2466 5001 τὴν
2497 4928 2977 4984 εἰδωλοποιίανοού
3019 4929 3224 4991 πάντας
3248 4927 3302 4979 δέ
3319 4929 3444 4991 τοὺς
3470 4927 3706 4998 ἀστέρας

2129 5023 2472 5095 ὑποληπτέον
2509 5021 2616 5076 ὑπὸ
2655 5022 2784 5093 μίαν
2823 5019 3144 5090 ἐπιφάνειαν
3173 5019 3423 5073 κεῖσθαιο
3469 5019 3584 5073 ἀλλ’
3612 5018 3707 5081 οὒς

2135 5115 2235 5186 μὲν
2278 5115 2714 5186 μετεωροτέρους
2744 5113 3029 5184 ὑπάρχειν,
3065 5110 3158 5174 οὓς
3179 5111 3237 5163 δὲ
3267 5111 3705 5181 ταπεινοτέρους.

2131 5206 2230 5259 Διά
2262 5206 2319 5259 δὲ
2364 5206 2424 5259 τὸ
2473 5205 2574 5277 τήν
2619 5206 2807 5277 ὅρασιν
2862 5206 2956 5257 ἐπὶ
3002 5203 3115 5256 ἴσον
3143 5203 3472 5269 ἐξικνεῖσθαι
3511 5204 3705 5275 μῆκος,

2132 5296 2530 5368 ἀνεπαίσθητος
2553 5295 2761 5364 γίνεται
2787 5298 2820 5367 ἡ
2847 5296 2938 5349 τοῦ
2972 5293 3139 5365 ὕψους
3166 5293 3418 5367 διαφορά.

447 5390 752 5444 extendat:
806 5386 1051 5442 redditur
1113 5386 1447 5442 insensibilis
1499 5387 1804 5444 altitudinis
1856 5389 2190 5444 dill‘erentia.

519 5546 538 5575 ⁷
575 5563 664 5613 γρ.
695 5548 1072 5618 ἀστρονομίαν.
1147 5547 1170 5580 ⁸
1207 5545 1692 5618 γρ..ποοαδέξεται.

451 5655 758 5724 Hipparcho
788 5661 1114 5715 distributus
1136 5669 1241 5715 est.
1273 5659 1410 5715 Vide
1435 5661 1529 5716 lib.
1567 5677 1619 5715 ιν
1653 5660 1724 5714 De
1761 5660 2006 5713 doctrina

446 5735 761 5796 temporum,
788 5731 964 5800 capite
1008 5732 1097 5797 50,
1144 5732 1235 5786 ubi
1277 5731 1344 5786 de
1380 5747 1592 5786 summa
1639 5732 1772 5786 solis
1823 5730 2008 5801 upside

1789 5547 1810 5580 ’
1850 5564 1938 5617 π).
1976 5547 2422 5619 περιπορεύεται.

2121 5661 2443 5717 οεειετίευυε
2468 5676 2589 5734 quae
2616 5661 2706 5716 hic
2738 5675 2768 5714 a
2817 5657 3045 5715 Gemino
3076 5655 3272 5712 tradita
3307 5664 3456 5723 sunt,
3490 5655 3715 5728 copiose

2121 5744 2465 5802 disputatur.
