4138 6396
390 439 497 497 Ἱόδ

1439 434 1680 492 GEMINI
1721 433 2098 492 ELEMENTA
2128 431 2623 490 ASTBONOMIE.

3546 427 3651 484 πει

471 552 608 608 Ὑπὸ
654 554 712 606 δὲ
763 552 862 624 τὴν
912 550 1022 605 τῶν
1060 549 1316 605 ἀπλανῶν
1353 549 1427 622 (7)
1462 550 1709 621 ἀστέρων
1740 552 1973 620 σφαῖραν

2151 547 2265 604 Sub
2295 549 2505 618 sphaera
2535 546 2816 604 stellarum
2850 545 3080 600 ﬁxarum
3111 543 3332 614 ponitur
3371 542 3524 598 stella
3555 541 3655 597 Sa-

384 651 563 703 κεῖται
634 647 840 716 φαίνων
904 647 934 699 6
998 644 1092 698 τοῦ
1157 645 1366 716 Κρόνου
1433 644 1976 716 προσαγορευόμενος

386 741 585 810 ἀστήρ.
621 731 788 802 Οὗτος
809 738 900 792 τὸν
929 737 1026 809 μὲν
1051 735 1317 802 ζωδιακὸν
1339 734 1537 790 κύκλον
1566 735 1623 789 ὲν
1656 735 1801 789 ἔτεσι
1825 735 1868 788 λ’
1898 735 1975 799 ὡς

386 831 614 901 ἔγγιστα
666 830 1085 902 διαπορεύεται’
1148 828 1210 883 τὸ
1268 829 1327 883 δὲ
1377 829 1433 884 ἓν
1484 828 1674 893 ζὼδιον
1722 831 1782 882 ὲν
1824 828 1976 881 δυσὶν

385 923 530 978 ἔτεσι
556 922 649 976 καὶ
673 921 732 986 ἓξ
761 922 942 993 μησίν.
987 922 1125 975 Ὑπὸ
1161 922 1219 975 δὲ
1244 922 1334 976 τὸν
1363 922 1621 992 φαίνοντα
1646 921 1971 992 κατώτερον·

383 1014 550 1068 αὐτοῦ
586 1015 811 1085 φέρεται
860 1014 1100 1080 Φαέθων,
1140 1017 1168 1069 6
1209 1015 1303 1069 τοῦ
1351 1014 1519 1085 Ζηνὸς
1554 1013 1958 1086 προσαγορευό-

389 1122 551 1175 μενος
582 1106 776 1176 ἀστήρ.
826 1097 995 1169 Οὗτος
1051 1104 1108 1158 δὲ
1132 1105 1222 1159 τὸν
1255 1104 1516 1170 ζωδιακὸν
1544 1105 1743 1158 κύκλον
1782 1104 1972 1158 διαπο-

387 1193 606 1266 ρεύεται
660 1196 718 1248 ὲν
780 1194 847 1265 ιβ’
900 1193 1077 1248 ἔτεσι’
1108 1195 1172 1248 τὸ
1210 1195 1266 1248 δὲ
1302 1196 1359 1251 ἓν
1402 1193 1590 1259 ζώδιον
1635 1198 1692 1250 ὲν
1719 1195 1971 1267 ἐνιαυτῷ.

397 1288 533 1342 Ὑπὸ
584 1288 642 1342 δὲ
697 1287 885 1341 τοῦτον
947 1288 1208 1342 τέτακται
1250 1289 1494 1360 πυρόεις,
1529 1290 1557 1340 6
1608 1288 1704 1342 τοῦ
1755 1291 1970 1360 Ἄρεος.

385 1375 558 1444 Οὗτος
580 1380 637 1433 δὲ
651 1379 745 1433 τὸν
783 1381 883 1450 μὲν
906 1379 1170 1444 ζωδιακὸν
1201 1380 1399 1434 κύκλον
1435 1379 1708 1451 διέρχεται
1733 1382 1791 1434 ὲν
1817 1382 1972 1434 δυσὶν

384 1473 532 1527 ἔτεσι
568 1474 663 1527 καὶ
710 1473 967 1546 ὲξαμήνῳ
998 1491 1012 1505 ·
1048 1474 1108 1527 τὸ
1142 1474 1199 1527 δὲ
1227 1472 1418 1539 ζὼδιον
1449 1475 1506 1527 ὲν
1531 1473 1650 1527 δυσὶ
1701 1475 1835 1545 μησὶ
1878 1475 1974 1528 καὶ

383 1564 594 1635 ἡμίσει.
633 1565 746 1635 Τὴν
803 1565 860 1618 δὲ
887 1565 1153 1638 ἐχομένην
1210 1564 1395 1636 χώραν
1455 1566 1689 1635 κατέχει
1727 1567 1756 1619 6
1799 1565 1970 1636 ἥλιος,

385 1655 618 1727 ἐνιαυτῷ
673 1656 1129 1728 διαπορευόμενος
1155 1657 1246 1711 τὸν
1279 1657 1540 1722 ζωδιακὸν
1569 1657 1790 1720 κύκλον,
1825 1657 1884 1709 τὸ
1913 1657 1972 1710 δὲ

385 1745 576 1812 ζώδιον
627 1746 704 1810 ὼς
750 1746 981 1816 ἔγγιστα
1027 1747 1108 1800 ἐνὶ
1144 1748 1292 1820 μηνί.
1321 1747 1648 1819 Κατῶτερος
1686 1746 1744 1800 δὲ
1782 1746 1971 1800 τούτου

386 1842 564 1892 κεῖται
587 1839 896 1909 φωσφόρος,
919 1842 948 1893 6
975 1839 1074 1910 τῆς
1121 1839 1439 1912 Ἀφροδίτης
1485 1841 1683 1911 ἀστήρ.
1718 1834 1884 1904 Οὗτος
1915 1839 1973 1892 δὲ

385 1931 462 1994 ὡς
507 1931 734 2000 ἔγγιστα
787 1930 1052 2002 ἰσοταχῶς
1100 1933 1329 1986 κινεῖται
1380 1930 1459 2002 τῷ
1507 1929 1776 2003 ἡλίῳ
1822 1929 1971 2009 βΥπὸ
2005 1926 2040 1977 Β

386 2023 572 2077 τοῦτον
594 2024 653 2077 δὲ
689 2026 718 2078 6
745 2023 840 2078 τοῦ
900 2023 1106 2097 Ἑρμοῦ
1149 2025 1326 2096 ἀστὴρ
1352 2027 1529 2078 κεῖται
1550 2026 1690 2079 καὶ
1725 2023 1888 2089 αὑτός
1909 2042 1971 2079 τε

388 2115 653 2186 ἰσοταχῶς
722 2119 952 2170 κινεῖται
975 2115 1052 2188 τῷ
1105 2116 1260 2188 ἡλίῳ.
1296 2117 1604 2188 Κατωτέρω
1648 2117 1706 2170 δὲ
1753 2118 1970 2172 πάντων

386 2208 610 2279 φέρεται
639 2211 672 2279 ἡ
707 2208 904 2281 σελήνη
927 2211 984 2263 ὲν
1013 2209 1248 2281 ἡμέραις
1270 2216 1319 2262 κ’
1349 2209 1442 2262 καὶ
1475 2210 1520 2274 ζ’
1548 2209 1643 2263 καὶ
1670 2209 1839 2282 τρίτῳ
1859 2210 1974 2263 δια-

386 2299 732 2371 πορευομένη
790 2299 882 2354 τὸν
920 2299 1186 2364 ζωδιακὸν
1217 2299 1418 2355 κύκλον
1441 2317 1455 2331 ο
1501 2301 1563 2354 τὸ
1595 2300 1652 2354 δὲ
1701 2299 1889 2365 ζώδιον
1914 2302 1973 2354 ὲν

388 2389 623 2463 ἡμέραις
657 2390 702 2462 β’
739 2391 834 2446 καὶ
877 2391 1125 2462 τετάρτῳ
1172 2391 1328 2462 μέρει
1363 2392 1464 2463 τῆς
1502 2391 1631 2462 μιᾶς
1654 2389 1868 2462 ἡμέρας
1896 2390 1974 2454 ὡς

387 2484 634 2554 ἔγγιστα.

457 2577 522 2631 Ei
578 2578 676 2649 μὲν
700 2571 793 2631 οῦν
834 2577 863 2629 6
897 2577 1048 2647 ἥλιος
1093 2579 1325 2633 ἐκινεῖτο
1367 2578 1460 2631 ἐπὶ
1505 2576 1614 2632 τῶν
1645 2594 1973 2648 κατηστερι-

388 2666 602 2739 σμένῶν
643 2667 872 2733 ζωδίων,
920 2669 1138 2732 πάντως
1173 2668 1238 2723 ἂν
1273 2668 1515 2736 ἐγίνοντο
1545 2669 1594 2722 οἱ
1639 2667 1840 2738 μεταξὺ
1866 2669 1974 2722 τῶν

385 2757 603 2829 τροπῶν
627 2758 851 2812 καὶτῶν
894 2757 1193 2830 ἰσημεριῶν
1217 2760 1398 2830 χρόνοι
1426 2761 1531 2813 ίσοι
1562 2759 1829 2829 ἀλλήλοις.
1863 2759 1974 2824 Τὰς

385 2849 496 2920 γὰρ
535 2851 654 2914 ἴσας
688 2848 1042 2922 περιφερείας
1073 2851 1336 2921 ἰσοταχῶς
1369 2850 1706 2922 κινούμενος,
1747 2851 1975 2921 ὤφειλεν

387 2943 446 2995 ὲν
471 2943 605 3005 ἴσοις
626 2941 862 2995 διανύειν
884 2941 1116 3012 χρόνοις.
1135 2942 1366 3013 Ὁμοίως
1385 2943 1442 2996 δὲ
1468 2944 1518 2996 εί
1547 2943 1640 2996 καὶ
1666 2942 1975 3015 κατωτέρω

388 3033 484 3089 τοῦ
515 3034 777 3100 ζωδιακοῦ
803 3034 1006 3089 κύκλου
1031 3035 1330 3107 φερόμενος
1359 3037 1386 3089 ὁ
1411 3037 1582 3107 ἥλιος,
1610 3038 1738 3106 περὶ
1769 3035 1830 3088 τὸ
1845 3035 1976 3089 αὐτὸ

387 3127 613 3199 κέντρον
672 3130 905 3181 ἐκινεῖτο
953 3128 1032 3200 τῷ
1070 3129 1319 3199 ζωδιακῷ
1349 3129 1554 3200 κύκλῳ,
1589 3130 1682 3182 καὶ
1707 3129 1880 3193 οὕτως
1909 3129 1974 3184 ἂν

388 3219 628 3288 ἐγίνοντο
674 3221 720 3273 οἱ
764 3219 968 3289 μεταξὺ
1003 3221 1112 3274 τῶν
1144 3221 1362 3294 τροπῶν
1397 3223 1491 3276 καὶ
1528 3221 1638 3275 τῶν
1677 3221 1973 3293 ἰσημεριῶν
2001 3263 2042 3319 C

386 3309 568 3382 χρόνοι
593 3309 717 3364 ἴσοι.
750 3311 956 3375 Πάντες
975 3312 1086 3384 γὰρ
1116 3315 1163 3366 οί
1194 3314 1321 3384 περὶ
1348 3313 1408 3366 τὸ
1434 3313 1566 3366 αὐτὸ
1586 3314 1810 3385 κέντρον
1841 3331 1974 3385 γρα-

387 3399 613 3472 φόμενοι
678 3401 724 3433 ¹⁰
777 3400 967 3454 κύκλοι
1019 3403 1221 3473 ὁμοίως
1271 3404 1378 3457 ὑπὸ
1417 3405 1460 3435 ¹¹
1507 3404 1618 3458 τῶν
1667 3405 1974 3476 διαμέτρων

384 3489 746 3563 ῧιαιροῦνται.
765 3494 948 3557 Ὥστε,
972 3494 1096 3546 ἐπεὶ
1116 3496 1143 3548 6
1168 3495 1429 3560 ζωδιακὸς
1441 3495 1640 3560 κύκλος
1659 3499 1739 3560 εἰς
1763 3497 1803 3550 δ’
1831 3498 1972 3569 μέρη

389 3582 482 3638 ἴσα
506 3583 791 3655 διαιρεῖται
848 3585 951 3638 ὑπὸ
991 3586 1099 3639 τῶν
1138 3587 1466 3658 διαμέτρων,
1496 3587 1605 3642 τῶν
1638 3588 1708 3642 τὰ
1737 3591 1974 3660 τροπικὰ
1997 3637 2009 3650 ,

389 3676 484 3729 καὶ
521 3675 810 3747 ίσημερινὰ
855 3680 1056 3746 σημεῖα
1089 3678 1560 3747 ἐπιζευγνυουσῶν
1583 3721 1597 3744 ,
1631 3681 1846 3754 ἀνάγκη
1879 3683 1974 3736 καὶ

385 3770 479 3823 τὸν
499 3769 721 3840 ἡλιακὸν
767 3770 964 3825 κύκλον
1003 3773 1082 3836 εἰς
1119 3773 1160 3826 δ’
1192 3773 1331 3845 μέρη
1366 3774 1690 3846 διαιρεῖσθαι
1742 3775 1833 3830 ίσα
1870 3776 1974 3830 ὑπὸ

387 3861 497 3914 τῶν
536 3862 714 3915 αὐτῶν
759 3861 1085 3935 διαμέτρων.
1148 3865 1432 3938 ’ἰσοταχῶς
1471 3863 1564 3921 οῦν
1603 3867 1918 3938 κινούμενος
1947 3871 1975 3922 6

386 3953 539 4024 ἣλιος
565 3953 658 4006 ἐπὶ
686 3954 784 4024 τῆς
812 3953 949 4018 ἰδίας
991 3955 1343 4027 περιφερείας
1377 3997 1392 4022 ,
1444 3956 1592 4021 ἴσους
1629 3958 1696 4012 ἂν
1729 3959 1974 4013 ἐπετέλει

387 4049 517 4110 τοὺς
537 4047 646 4100 τῶν
667 4039 1112 4120 τεταρτημορίων
1133 4048 1376 4119 χρόνους.
1406 4049 1546 4102 Νυνὶ
1575 4049 1633 4104 δὲ
1665 4051 1873 4104 κατὼτε
1884 4068 1973 4122 ρον

389 4138 615 4209 φέρεται
640 4142 668 4192 6
695 4140 866 4209 ἥλιος,
907 4140 1002 4195 καὶ
1036 4141 1128 4194 ἐπὶ
1159 4141 1451 4212 ἐκκέντρου
1481 4142 1681 4196 κύκλου
1715 4145 1971 4211 κινεῖται,

389 4229 644 4300 καθάπερ
694 4231 1128 4304 ὑπογέγραπται.
1179 4232 1252 4284 Ού
1309 4231 1418 4304 γὰρ
1458 4232 1520 4285 τὸ
1569 4231 1699 4285 αὐτὸ
1749 4231 1971 4304 κέντρον

389 4323 507 4375 ἐστὶ
535 4322 628 4376 τοῦ
658 4323 886 4395 ἡλιακοῦ
913 4323 1113 4378 κύκλου
1144 4325 1239 4378 καὶ
1272 4324 1364 4377 τοῦ
1405 4324 1671 4389 ζωδιακοῦ
1695 4343 1706 4354 ⁸
1739 4325 1858 4378 ἀλλ’
1889 4327 1974 4394 ἐφ’

389 4414 448 4466 ἓν
485 4415 527 4444 ¹²
556 4415 720 4485 μέρος
780 4415 1063 4486 παρῆκται
1115 4418 1148 4487 ἡ
1181 4415 1274 4469 τοῦ
1315 4416 1463 4488 ἡλίου
1517 4420 1740 4488 σφαῖρα.
1778 4417 1877 4471 Διὰ
1918 4417 1974 4470 δὲ

387 4505 489 4577 τὴν
517 4505 772 4578 τοιαύτην
802 4506 950 4560 θέσιν
985 4509 1065 4571 εἰς
1087 4508 1326 4579 τέσσαρα
1347 4507 1484 4580 μέρη
1507 4508 1669 4563 ἄνισα
1683 4509 1973 4580 διαιρεῖται

2081 643 2249 706 turni,
2282 641 2486 697 Graecis
2536 640 2776 719 φαίνων,
2815 638 2870 692 id
2925 647 3009 694 est
3061 638 3265 704 lucens,
3307 636 3472 691 dicta.
3528 634 3654 692 llaec

2081 735 2238 790 stella
2296 733 2584 790 zodiacum
2642 733 2908 786 circulum
2945 731 3003 785 in
3049 730 3275 800 triginta
3333 728 3492 784 annis
3544 728 3656 786 fere

2080 833 2358 896 peragrat,
2393 839 2560 878 unum
2589 837 2723 878 vero
2753 823 2968 892 signum
2999 820 3215 876 duobus
3249 820 3442 885 annis,
3473 827 3526 874 et
3561 836 3656 874 sex

2080 915 2384 972 mensibus.
2413 913 2530 968 Sub
2553 911 2814 979 Saturno,
2844 927 3019 981 eoque
3047 911 3282 966 inferius
3311 910 3486 966 fertur
3505 909 3656 966 Jovis

2081 1006 2258 1070 stella,
2286 1021 2406 1076 quae
2437 1003 2642 1059 Graecis
2675 1002 2892 1057 Φαέθων
2913 1009 3159 1056 vocatur.
3184 1000 3444 1072 Peragrat
3473 1007 3656 1054 autem

2081 1097 2295 1168 Jupiter
2327 1098 2611 1153 zodiacum
2646 1097 2700 1150 in
2733 1095 3020 1150 duodecim
3075 1095 3234 1148 annis
3262 1113 3275 1149 :
3321 1109 3493 1148 unum
3527 1108 3658 1147 vero

2080 1191 2294 1259 signum
2327 1189 2380 1243 in
2411 1203 2556 1242 anno
2581 1203 2710 1242 uno.
2755 1185 2870 1242 Sub
2897 1185 3029 1240 Jove
3061 1186 3166 1241 sita
3196 1193 3280 1241 est
3325 1185 3480 1241 stella
3515 1183 3659 1238 Mar-

2081 1280 2175 1337 tis.
2209 1279 2414 1334 Graecis
2462 1278 2686 1349 πυρόεις
2729 1284 2942 1331 vocata.
2995 1274 3122 1330 Haec
3164 1275 3318 1330 stella
3371 1274 3656 1329 zodiacum

2080 1372 2303 1426 conﬁcit
2335 1371 2496 1426 annis
2549 1368 2764 1424 duobus
2791 1407 2806 1432 .
2860 1378 2914 1422 et
2948 1383 3046 1423 sex
3098 1366 3382 1421 mensibus
3417 1384 3430 1419 :
3486 1379 3658 1419 unum

2080 1476 2211 1515 vero
2236 1459 2452 1531 signum
2483 1459 2699 1513 duobus
2746 1457 3050 1520 mensibus,
3094 1465 3150 1511 et
3179 1455 3427 1511 dimidio.
3463 1454 3660 1510 Proxi~

2078 1570 2226 1608 mum
2259 1555 2440 1608 locum
2473 1553 2684 1608 obtinet
2714 1552 2828 1616 sol,
2873 1567 2983 1606 uno
3030 1566 3176 1605 anno
3216 1550 3500 1604 zodiacum
3534 1564 3659 1620 per-

2077 1662 2314 1718 agrans:
2353 1662 2521 1700 unum
2562 1653 2744 1700 autem
2770 1644 2986 1714 signum
3027 1657 3138 1698 uno
3161 1642 3273 1697 fere
3303 1657 3513 1696 mense.
3567 1639 3658 1693 1η-

2080 1739 2247 1793 ferior
2278 1739 2393 1794 sole
2419 1746 2505 1794 est
2531 1736 2776 1802 Lucifer,
2809 1735 2865 1791 id
2905 1746 2992 1791 est
3048 1735 3208 1790 stella
3238 1733 3491 1789 Veneris.
3531 1732 3661 1788 Haec

2079 1829 2189 1885 fere
2221 1829 2416 1899 aequali
2444 1828 2734 1884 velocitate
2765 1841 2891 1881 cum
2940 1825 3055 1881 sole
3087 1832 3361 1880 movetur.
3400 1821 3514 1878 Sub
3548 1823 3658 1878 Ve-

2077 1937 2207 1977 nere
2241 1921 2546 1976 collocatur
2575 1917 2833 1975 Mercurii
2870 1917 3051 1983 stella,
3081 1931 3204 1987 quae
3229 1923 3283 1971 et
3304 1916 3423 1986 ipsa
3451 1915 3552 1970 soli
3574 1920 3660 1968 est

2071 2012 2298 2084 :cqualis
2349 2012 2406 2067 in
2442 2021 2612 2066 motu.
2649 2008 2841 2064 Inﬁma
2881 2010 3127 2064 omnium
3159 2016 3241 2065 est
3289 2007 3478 2076 Luna,
3536 2021 3660 2077 quae

2073 2107 2264 2162 diebus
2299 2106 2368 2159 27
2406 2105 2510 2158 1/5
2539 2104 2823 2158 zodiacum
2857 2103 3160 2175 percurrit,
3200 2118 3372 2157 unum
3413 2116 3543 2156 vero
3581 2101 3658 2154 si-

2072 2214 2238 2268 gnum
2265 2198 2461 2255 diebus
2483 2197 2722 2264 duobus,
2741 2202 2796 2254 ει
2822 2212 2935 2253 una
2961 2196 3076 2253 fere
3098 2203 3293 2268 quarta
3320 2203 3472 2266 parte
3495 2194 3661 2249 unius

2072 2289 2202 2346 diei.

2075 2611 2100 2640 ν,
2148 2577 2207 2633 Si
2232 2578 2400 2650 igitur
2431 2579 2513 2635 sol
2539 2587 2855 2634 moveretur
2883 2593 3065 2648 super
3093 2578 3432 2633 constellatis
3459 2577 3654 2648 signis,

2075 2673 2300 2728 omnino
2333 2681 2598 2743 tempora,
2635 2687 2757 2742 qute
2779 2681 2908 2727 sunt
2941 2673 3083 2726 inter
3113 2671 3371 2731 solstitia.
3402 2679 3456 2725 et
3486 2671 3659 2740 aequi-

2075 2761 2279 2827 noctia,
2305 2769 2491 2817 essent
2521 2762 2664 2816 inter
2694 2777 2754 2817 se
2777 2760 3030 2830 aequalia.
3089 2759 3354 2829 Equales
3397 2759 3544 2813 enim
3569 2774 3658 2812 ar-

2075 2871 2194 2920 cus,
2218 2869 2343 2910 cum
2371 2855 2656 2924 aequaliter
2675 2862 3008 2918 moveretur,
3027 2854 3080 2908 in
3113 2853 3450 2922 temporibus
3477 2869 3660 2922 aequa-

2076 2949 2220 3003 libus
2274 2947 2590 3002 conﬁceret.
2646 2945 2931 3012 Similiter,
2966 2947 3012 3002 si
3066 2946 3167 3000 sol.
3196 2945 3339 3000 infra
3370 2945 3658 3001 zodiacum

2076 3039 2328 3103 ferretur,
2364 3049 2418 3094 et
2441 3046 2754 3094 moveretur
2775 3039 2924 3094 circa
2954 3040 3096 3093 idem
3123 3045 3370 3092 centrum
3402 3037 3612 3092 zodiaci
3639 3054 3655 3092 ι

2076 3138 2260 3186 tamen
2295 3131 2460 3186 etiam
2499 3130 2580 3186 sic
2611 3137 2880 3199 tempora,
2929 3145 3051 3199 quae
3082 3135 3211 3184 sunt
3240 3128 3384 3182 inter
3422 3126 3659 3182 solstitia

2076 3233 2131 3278 ει
2157 3224 2530 3295 aequinoctia,
2593 3230 2790 3279 essent
2817 3223 2962 3276 inter
3014 3237 3073 3277 se
3131 3219 3402 3291 mqualia;
3465 3234 3660 3275 omnes

2076 3320 2224 3372 enim
2257 3315 2448 3371 circuli
2473 3356 2489 3380 ,
2543 3315 2638 3384 qui
2669 3315 2816 3368 circa
2859 3313 3003 3368 idem
3039 3321 3290 3368 centrum
3320 3319 3612 3367 moventur
3639 3349 3656 3373 ,

2077 3409 2330 3463 similiter
2355 3423 2386 3460 a
2414 3406 2702 3461 diametris
2724 3403 3062 3459 dividuntur.
3090 3403 3303 3474 itaque,
3322 3418 3445 3458 cum
3470 3401 3658 3457 zodia-

2075 3518 2174 3558 cus
2201 3503 2257 3556 in
2292 3509 2530 3572 quatuor
2558 3509 2742 3570 partes
2790 3499 3030 3569 aequales
3061 3498 3339 3552 dividatur
3369 3513 3396 3549 a
3447 3495 3656 3550 diameo

2077 3597 2196 3660 tris,
2234 3611 2356 3667 quae
2386 3602 2588 3666 puncta
2629 3594 2940 3650 solstitialia
2973 3600 3028 3648 et
3064 3592 3470 3662 aequinoctialia
3524 3606 3660 3644 con-

2075 3696 2344 3744 nectunt:
2387 3687 2705 3742 necessario
2734 3686 2898 3741 etiam
2947 3685 3143 3741 solaris
3194 3685 3437 3739 circulus
3466 3683 3533 3736 ab
3563 3682 3660 3735 iis-

2075 3780 2198 3835 dem
2225 3781 2510 3834 diametris
2539 3780 2593 3833 in
2619 3789 2856 3849 quatuor
2887 3787 3070 3848 partes
3099 3778 3337 3848 aequales
3360 3777 3653 3830 dividetur.

2075 3871 2212 3925 Cum
2250 3872 2416 3940 igitur
2450 3869 2532 3926 sol
2557 3885 2722 3941 super
2749 3869 2969 3940 propria
3005 3867 3448 3924 circumferentia
3475 3884 3660 3937 acqua-

2076 3962 2203 4018 liter
2223 3970 2529 4024 moveatur,
2562 3969 2810 4031 tempora
2858 3960 3226 4031 quadrantum
3263 3960 3469 4014 zodiaci
3517 3961 3683 4014 inter-

2077 4069 2136 4108 se
2162 4054 2395 4124 aequalia
2431 4053 2686 4109 ediceret.
2719 4052 2789 4106 At
2817 4067 2967 4108 nunc
2997 4051 3234 4109 inferius
3266 4051 3439 4107 fertur
3471 4052 3573 4116 sol,
3604 4057 3676 4107 ειί

2077 4163 2240 4217 super
2257 4146 2571 4202 excentrico
2597 4145 2806 4201 circulo
2835 4153 3084 4201 movetur
3111 4163 3124 4198 :
3159 4144 3302 4198 sicut
3331 4141 3501 4212 ﬁgura
3529 4141 3662 4197 sub-

2086 4241 2289 4308 scripta
2321 4239 2582 4294 ostendit.
2614 4237 2734 4293 Non
2769 4236 3086 4292 enimidem
3114 4244 3198 4290 est
3227 4243 3475 4290 centrum
3508 4234 3655 4288 sola-

2077 4330 2155 4384 ris
2196 4329 2434 4396 circuli,
2475 4336 2530 4384 et
2578 4328 2824 4384 zodiaci:
2857 4326 2952 4382 sed
3002 4341 3195 4381 versus
3245 4339 3411 4378 unam
3449 4330 3657 4393 partem

2079 4419 2314 4474 adducta
2348 4427 2434 4475 est
2470 4419 2605 4476 solis
2661 4419 2894 4489 sphaera.
2939 4417 3171 4486 Propter
3218 4417 3379 4470 talem
3419 4415 3678 4484 positum.

2080 4509 2136 4564 in
2166 4520 2407 4580 quatuor
2438 4519 2622 4581 partes
2662 4510 2958 4580 inaequales
2997 4508 3263 4563 dividitur
3309 4507 3506 4562 solaris
3535 4521 3660 4560 cur-

387 4599 420 4650 6
441 4598 664 4668 ήλιακὸς
690 4598 920 4671 δρόμος*
968 4600 1064 4654 καὶ
1102 4601 1310 4668 γίνεται
1352 4601 1583 4671 μεγίστη
1617 4602 1713 4672 μὲν
1748 4601 1973 4673 περιφέ-

2085 4618 2182 4658 sus
2216 4622 2229 4657 :
2271 4612 2326 4658 et
2355 4602 2414 4656 ﬁt
2435 4604 2710 4659 maximus
2736 4617 2922 4666 arcus,
2957 4600 3053 4671 qui
3074 4599 3221 4654 cadit
3252 4599 3354 4655 sub
3384 4599 3659 4669 quadran-

391 4706 515 4761 ρεια
543 4691 576 4761 ὴ
606 4691 1032 4745 ὑποπεπτωκυῖα
1081 4691 1185 4745 ὑπὸ
1211 4691 1273 4744 τὸ
1317 4691 1412 4744 τοῦ
1458 4691 1724 4756 ζωδιακοῦ
1769 4693 1970 4746 κύκλου

388 4783 842 4854 τεταρτημόριον,
892 4783 954 4835 τὸ
1001 4783 1110 4836 ἀπὸ
1155 4783 1249 4836 τοῦ
1295 4783 1468 4853 Κριοῦ
1501 4790 1548 4838 α’
1585 4784 1780 4855 μοίρας
1810 4784 1971 4856 μέχρι

388 4872 638 4944 Διδύμων
661 4873 725 4937 λ’,
745 4873 1000 4944 ἐλαχίστη
1025 4874 1081 4927 δὲ
1111 4875 1488 4947 περιφέρειαὴ
1521 4876 1748 4947 κειμένη
1777 4877 1883 4930 ὑπὸ
1909 4876 1972 4929 τὸ

387 4964 817 5036 τεταρτημόριον
836 4965 896 5018 τὸ
916 4965 1205 5035 ἀπὸΖυγοῦ
1231 4965 1280 5020 α’
1307 4967 1522 5038 μοίρας,
1550 4968 1713 5040 μέχρι
1732 4968 1968 5034 Τοξότου

395 5057 589 5127 μοίρας
612 5056 677 5110 λ’.

473 5211 515 5245 ³⁸
535 5229 626 5282 γρ.
667 5213 977 5285 φερόμενοι.
1057 5214 1098 5244 ¹¹
1135 5230 1223 5282 γρ.
1254 5213 1366 5268 ὲπί.
1443 5215 1488 5245 ¹²
1512 5233 1600 5283 rp.
1633 5215 1730 5284 ὑφ’
1753 5214 1837 5271 ἓν.

461 5392 538 5464 (7)
583 5393 732 5448 Ὑπὸ
783 5393 852 5448 δὲ
884 5393 999 5461 τὴν
1040 5393 1161 5447 τῶν
1201 5391 1504 5448 ἀπλανῶν.
1559 5393 1681 5448 "ree
1717 5395 1965 5464 planetu.-

391 5463 524 5518 rum’
550 5467 815 5520 vocabula
844 5466 913 5519 ab
944 5464 1213 5535 ngyptiis
1252 5481 1508 5520 manasse
1540 5463 1734 5520 scribit
1762 5463 1962 5535 Firmi-

390 5549 490 5605 eus
516 5535 609 5588 lib.
647 5549 708 5598 tl,
740 5552 858 5605 cap.
897 5535 951 5589 ‘2.
987 5534 1241 5589 Mercurii
1277 5551 1475 5589 nomen
1504 5534 1889 5605 omissumﬁhic
1929 5549 1960 5588 a

389 5601 644 5675 Gemino.
678 5606 763 5661 vel
802 5601 1024 5660 librario
1071 5606 1274 5675 potius.
1335 5605 1429 5660 Est
1474 5613 1655 5659 autem
1705 5604 1953 5658 στίλϐων.

393 5673 473 5747 De
496 5677 836 5745 planetarum
865 5673 1125 5739 motibus,
1153 5677 1266 5730 sive
1287 5677 1643 5747 sphaerarum,
1673 5675 1727 5747 in
1757 5675 1955 5747 quibus

389 5745 704 5813 volvuntur,
735 5747 925 5802 cadent
951 5747 1113 5801 habet
1139 5747 1294 5800 Philo
1317 5745 1383 5802 in
1414 5747 1553 5801 libro
1577 5746 1648 5800 De
1667 5745 1951 5806 cherubim,

391 5815 505 5887 sive
538 5815 694 5878 Cain,
743 5818 902 5886 cujus
949 5819 1109 5887 verba
1156 5818 1476 5887 corrigenda
1530 5824 1677 5880 sunt,
1729 5816 1954 5887 μεθ’ῖῦ

390 5885 520 5940 edit.
556 5887 776 5954 Graeca,
809 5883 920 5944 ver.
949 5885 1087 5942 Οὖν·
1134 5890 1166 5958 ἡ
1205 5883 1416 5957 μὲνόὗν
1459 5886 1710 5954 ἐξωτάτω
1731 5883 1842 5942 τῶν
1866 5885 1948 5938 λε-

2083 4704 2188 4749 tem
2221 4694 2431 4749 zodiaci
2471 4711 2595 4749 eum
2621 4735 2637 4761 ,
2686 4695 2780 4766 qui
2813 4703 2898 4750 est
2935 4694 3004 4748 ab
3032 4692 3230 4748 Arietis
3281 4693 3460 4763 primo
3486 4692 3658 4764 gradu

2083 4800 2256 4856 usque
2290 4785 2358 4840 ad
2396 4785 2750 4842 Geminorum
2788 4786 3018 4858 gradum
3060 4783 3399 4838 tricesimum
3434 4802 3448 4838 :
3497 4783 3660 4836 mini-

2083 4892 2206 4932 mus
2234 4892 2364 4932 vero
2402 4893 2586 4940 arcus,
2616 4879 2710 4950 qui
2761 4878 2973 4948 positus
3033 4883 3119 4930 est
3175 4874 3276 4929 sub
3330 4889 3396 4928 eo
3451 4871 3660 4927 zodiaci

2083 4971 2418 5041 quadrante,
2448 4973 2539 5042 qui
2569 4983 2655 5028 est
2684 4988 2713 5026 a
2741 4973 2919 5042 primo
2951 4970 3122 5042 gradu
3156 4967 3354 5032 Librae,
3386 4981 3557 5036 usque
3589 4963 3668 5020 ad.

2085 5063 2424 5120 tricesimum
2458 5063 2686 5134 gradum
2719 5063 3022 5134 Sagittarii.

2076 5394 2322 5465 γομένων
2369 5395 2624 5449 ἀπλανῶν
2675 5394 2773 5465 μία
2826 5395 2934 5448 τῶν
2974 5399 3046 5465 η’·
3077 5393 3177 5463 τὴν
3226 5392 3474 5465 ἁπὸτῶν
3508 5390 3658 5465 ἑῴων

2072 5467 2163 5538 ἐπὶ
2194 5464 2264 5538 τὰ
2286 5467 2518 5538 ἑσπέρια
2547 5463 2770 5538 εἰλεῖται
2803 5463 3076 5538 περίοδον,
3102 5479 3228 5518 nam
3261 5464 3430 5538 vulgo
3460 5463 3656 5529 legitur

2073 5535 2204 5603 μία,
2240 5534 2558 5610 ἥτήν,ἐι‹;.
2596 5535 2729 5610 Octo
2760 5534 3245 5610 quippe_spbaeras_
3269 5534 3478 5592 statuit,
3513 5548 3653 5601 qua-

2070 5622 2190 5659 rum
2227 5605 2360 5662 una'
2392 5615 2476 5664 est
2520 5623 2641 5679 qua:
2673 5607 2808 5662 ﬁxas
2837 5605 3104 5671 continet,
3152 5605 3373 5675 reliqua:
3405 5610 3536 5658 sunt
3567 5616 3654 5658 se-

2067 5685 2233 5746 ptem.

2271 5743 2483 5800 Absunt
2544 5713 2657 5800 hiec
2710 5743 2776 5798 de
2844 5741 3123 5800 Mercurio
3192 5745 3260 5801 ab
3316 5741 3532 5815 Anglic.
3599 5749 3654 5800 et

2065 5825 2274 5872 nostro.
2355 5885 2358 5889 _
