4116 6400
511 460 616 519 755

578 577 731 634 Unde
775 588 902 631 cum
942 573 1027 629 sol
1070 587 1237 644 super
1269 574 1491 644 proprio
1545 573 1751 628 circulo
1803 573 2084 642 aaqualiter
2110 592 2159 649 Α

502 676 810 730 moveatur,
845 667 986 721 idem
1022 667 1408 742 convenienter
1437 665 1732 736 inaequales
1791 679 1951 720 arcus
1994 666 2081 721 sui

503 760 696 816 circuli
713 757 1074 829 inaequalibus
1093 757 1432 829 temporibus
1460 757 1770 820 conﬁcit,ac
1787 756 2082 810 maximum

503 853 721 924 quidem
760 866 947 905 arcum
998 849 1278 912 maximo,
1332 849 1619 902 minimum
1677 862 1808 902 vero
1853 847 2081 902 minimo

503 953 749 1014 tempore
783 943 1000 997 transit.
1030 942 1101 995 At
1137 956 1260 996 cum
1289 940 1588 995 maximum
1618 954 1804 993 arcum
1828 939 1913 994 sui
1954 953 2082 1009 pro-

504 1038 609 1107 prii
633 1036 823 1090 circuli
854 1041 1126 1105 peragrat,
1155 1041 1290 1087 tunc
1317 1047 1441 1087 eum
1479 1030 1688 1085 zodiaci
1718 1030 2080 1101 quadrantem

503 1126 765 1189 conﬁcit,
815 1125 1025 1194 quiest
1075 1123 1218 1178 inter
1265 1119 1653 1191 aequinoctium
1689 1132 1960 1180 vernum,
2023 1121 2080 1170 et

503 1218 803 1274 solstitium
834 1216 1126 1279 aestivum;
1174 1228 1299 1268 cum
1330 1226 1460 1266 vero
1510 1227 1606 1280 per
1643 1209 1930 1268 minimum
1983 1224 2075 1262 ar-

503 1328 626 1366 cum
651 1312 735 1366 sui
776 1309 979 1381 proprii
1011 1307 1204 1363 circuli
1242 1313 1513 1369 movetur,
1544 1311 1676 1358 tunc
1705 1318 1832 1357 eum
1865 1302 2076 1357 zodiaci

505 1405 861 1474 quadrantem
894 1403 1198 1472 percurrit,
1257 1399 1352 1468 qui
1398 1407 1482 1452 est
1513 1397 1656 1451 inter
1689 1395 2076 1466 :equinoctium

505 1493 816 1550 autumnale
844 1499 898 1546 et
922 1491 1219 1546 solstitium
1271 1488 1581 1542 hibernum.
1614 1486 1750 1540 Cum
1785 1486 1952 1556 igitur
1994 1487 2078 1539 in-

505 1587 737 1658 aequales
792 1599 955 1638 arcus
1000 1582 1196 1638 solaris
1241 1579 1432 1634 circuli
1471 1579 1575 1634 sub
1631 1578 1866 1646 aequales
1913 1592 2076 1632 arcus

505 1678 713 1734 zodiaci
736 1676 953 1740 cadant,
979 1688 1206 1729 necesse
1237 1680 1322 1727 est
1364 1670 1650 1739 inmqualia
1689 1669 1806 1723 ﬁeri
1829 1676 2076 1738 tempora

505 1777 644 1824 inter
669 1783 747 1832 se,
787 1783 909 1837 qua:
949 1773 1078 1820 sunt
1118 1765 1260 1819 inter
1309 1760 1619 1817 solstitialia
1648 1769 1702 1816 et
1727 1760 2077 1830 aequinoctia-

505 1863 572 1916 Iia
598 1870 837 1932 puncta:
890 1867 943 1915 et
974 1857 1272 1913 maximum
1302 1855 1521 1925 quidem
1575 1853 1658 1918 id,
1707 1854 1852 1924 quod
1881 1862 1965 1909 est
2006 1854 2074 1907 ab

1495 455 1588 509 AD
1625 454 1896 512 EUSEBII
1933 455 2330 515 CHRONICON
2371 456 2737 514 APPENDIX.

3661 454 3762 511 756

2258 577 2420 631 Ὅθεν
2448 577 2686 645 εὐλόγως
2727 577 2755 629 ό
2803 575 2974 645 ἥλιος,
3010 572 3270 642 ἰσοταχῶς
3313 572 3630 642 κινούμενος
3668 572 3763 627 ἐπὶ

2181 667 2274 722 τοῦ
2307 668 2436 721 ἰδίου
2466 667 2688 732 κύκλου,
2717 668 2816 730 τὰς
2840 666 3058 730 ἀνίσους
3088 666 3441 737 περιφερείας
3466 667 3523 718 ἐν
3557 665 3764 732 ἀνίσοις

2183 762 2392 833 χρόνοις
2416 762 2687 834 διέρχεται
2711 778 2724 791 ·
2761 762 2855 815 καὶ
2873 761 2971 832 τὴν
2997 761 3096 832 μὲν
3127 760 3388 831 μεγίστην
3408 760 3464 810 ἐν
3497 759 3758 830 μεγίστῳ,

2179 853 2280 923 τὴν
2310 853 2366 906 δὲ
2412 853 2700 924 ἐλαχίστην
2741 855 2799 905 ἐν
2844 852 3112 922 ἐλαχίστῳ
3134 851 3310 922 χρόνῳ
3356 849 3756 920 διαπορεύεται.

2194 944 2330 997 Ἀλλ’
2360 945 2488 998 ὅταν
2529 945 2625 1014 μὲν
2657 944 2754 1015 τὴν
2805 944 3064 1015 μεγίστην
3109 942 3464 1012 περιφέρειαν
3517 941 3611 994 ἐπὶ
3665 939 3757 992 τοῦ

2185 1033 2314 1087 ἰδίου
2343 1033 2543 1087 κύκλου
2576 1034 2790 1107 διανύῃ,
2808 1033 2928 1086 τότε
2958 1031 3246 1104 παροδεύει
3279 1031 3340 1083 τὸ
3367 1031 3460 1084 τοῦ
3492 1029 3758 1094 ζωδιακοῦ

2177 1128 2606 1198 τεταρτημόριον
2627 1126 2689 1179 τὸ
2719 1126 2827 1180 ἀπὸ
2863 1124 3152 1197 ἰσημερίας
3194 1124 3415 1194 ἐαρινῆς
3447 1122 3606 1193 μέχρι
3635 1139 3762 1193 τρο-

2180 1218 2290 1287 πῆς
2314 1219 2529 1290 θερινῆς
2548 1236 2561 1248 ·
2594 1219 2719 1272 ὃταν
2745 1218 2801 1270 δὲ
2828 1219 2926 1289 τὴν
2967 1215 3254 1287 ἐλαχίστην
3285 1215 3639 1286 περιφέρειαν
3666 1215 3760 1269 ἐπὶ

2177 1309 2271 1362 τοῦ
2306 1309 2435 1362 ίδίου
2465 1308 2664 1362 κύκλου
2697 1309 2931 1378 κινῆται,
2962 1307 3082 1359 τότε
3119 1304 3407 1376 παροδεύει
3436 1303 3529 1357 τοῦ
3563 1303 3758 1366 ζωδια-

2177 1401 2276 1454 κοῦ
2301 1401 2362 1453 τὸ
2404 1401 2854 1471 τεταρτημόριον,
2896 1399 2958 1452 τὸ
2985 1399 3093 1452 ἀπὸ
3121 1397 3408 1468 ἰσημερίας
3432 1395 3760 1465 φθινοπωρι·

2177 1493 2274 1564 νῆς
2339 1492 2500 1563 μέχρι
2559 1493 2765 1563 τροπῆς
2815 1491 3150 1561 χειμερινῆς.
3236 1489 3388 1541 Ἐπεὶ
3427 1485 3520 1540 οὗν
3585 1489 3758 1542 ἄνισοι

2178 1585 2522 1656 περιφέρειαι
2579 1583 2673 1636 τοῦ
2739 1581 2964 1652 ἡλιακοῦ
3030 1581 3229 1634 κύκλου
3293 1581 3398 1634 ὑπὸ
3437 1581 3558 1643 ἴσας
3607 1594 3760 1651 περι-

2177 1677 2397 1746 φερείας
2461 1675 2556 1727 τοῦ
2638 1673 2900 1738 ζωδιακοῦ
2977 1673 3176 1726 κύκλου
3251 1671 3709 1725 ὑποπεπτώκασιν
3740 1711 3755 1734 ,

2175 1769 2387 1839 ἀνάγκη
2427 1769 2643 1832 ἀνίσους
2681 1767 2927 1836 γίνεσθαι
2963 1768 3088 1830 τοὺς
3130 1767 3240 1819 ἀπὸ
3284 1765 3392 1818 τῶν
3416 1765 3633 1836 τροπῶν
3664 1764 3760 1835 μέ-

2176 1879 2266 1932 χρι
2333 1860 2442 1914 τῶν
2512 1861 2812 1932 ίσημεριῶν
2862 1860 3126 1930 χρόνους’
3181 1860 3276 1912 καὶ
3338 1859 3592 1928 μέγιστον
3659 1857 3759 1928 μὲν

505 1951 864 2023 πᾳυίηοοῑὶιιὶί
918 1957 1122 2021 puncto
1181 1961 1350 2001 verno
1419 1960 1595 2016 usque
1649 1945 1718 1998 ad
1789 1945 2075 2001 solstitiale

2177 1955 2263 2007 τὸν
2304 1955 2412 2008 ἀπὸ
2455 1954 2744 2026 ἰσημερίας
2783 1955 3004 2024 ἐαρινῆς
3049 1952 3208 2023 μέχρι
3253 1951 3462 2023 τροπῆς
3499 1950 3756 2022 θερινῆς.

502 2053 762 2115 punctum
794 2043 1041 2098 :estivum
1073 2059 1086 2094 :
1130 2040 1414 2094 minimum
1443 2052 1574 2093 vero
1610 2037 1686 2100 id,
1713 2037 1860 2106 quod
1894 2045 1979 2092 est
2007 2038 2076 2092 ab

502 2135 864 2205 .equinoctiali
906 2141 1108 2203 puncto
1142 2130 1446 2185 autumnali
1478 2144 1656 2198 usque
1687 2128 1754 2183 ad
1785 2129 2078 2184 solstitiale

501 2236 762 2298 punctum
791 2227 1098 2281 hibernum.
1137 2223 1228 2278 Sol
1257 2220 1423 2293 igitur
1454 2229 1722 2292 perpetuo
1745 2220 1802 2293 ἀ.
1826 2230 2077 2276 movetur

500 2320 838 2389 nqualiter:
903 2319 996 2373 sed
1065 2327 1283 2387 propter
1346 2315 1812 2370 excentricitatem
1878 2315 2076 2370 solaris

500 2413 726 2482 Sphaerae
776 2409 1114 2480 temporibus
1171 2407 1532 2478 inaequalibus
1581 2406 1820 2476 aequales
1865 2405 2074 2460 zodiaci

500 2506 831 2577 quadrantes
861 2503 1100 2559 conﬁcit.
1135 2500 1362 2571 Propter
1385 2499 1632 2555 eamdem
1663 2501 1883 2554 causam
1910 2499 2074 2552 etiam

498 2598 726 2668 aequalia
758 2597 912 2666 signa
948 2597 1002 2649 in
1050 2594 1386 2664 temporibus
1426 2593 1787 2664 inaequalibus
1834 2594 1917 2648 sol
1951 2609 2075 2663 per-

499 2699 671 2762 agrat.
706 2689 764 2744 Si
792 2689 935 2743 enim
955 2688 1024 2743 ab
1044 2686 1482 2741 extremitatibus
1506 2685 2072 2740 dodecatemoriorum

498 2783 564 2838 ad
617 2792 864 2837 centrum
928 2779 1136 2834 zodiaci
1186 2789 1576 2834 connectamus
1620 2779 1793 2834 lineas
1842 2787 2072 2832 rectas:

497 2873 958 2946 quemadmodum
987 2872 1160 2943 ﬁgura
1197 2872 1506 2941 subscripta
1534 2871 1796 2932 ostendit.
1826 2871 1930 2926 erit
1959 2870 2076 2940 qui-

495 2969 618 3024 dem
651 2967 909 3022 zodiacus
935 2966 992 3020 in
1025 2965 1312 3045 duodecim
1345 2973 1528 3036 partes
1557 2965 1796 3035 aequales
1819 2964 2030 3020 divisus
2059 2982 2070 3016 :

495 3062 629 3116 solis
659 3076 790 3116 vero
815 3045 1305 3129 circulus‘propter
1326 3058 1793 3112 exceutricitatem
1839 3058 1895 3111 in
1937 3056 2066 3110 duo-

495 3153 671 3209 decim
691 3160 874 3222 partes
891 3149 1186 3220 inaequales
1211 3148 1423 3204 divisus
1447 3167 1461 3204 :
1488 3163 1550 3202 ac
1570 3149 1839 3204 maximus
1855 3147 2073 3219 quidem

494 3259 657 3300 arcus
685 3243 740 3297 in
767 3242 932 3300 solari
963 3241 1168 3296 circulo
1190 3239 1293 3294 erit
1312 3240 1422 3306 ille,
1446 3239 1538 3310 qui
1562 3247 1646 3296 est
1669 3241 1770 3296 sub
1790 3239 2030 3296 Geminis
2055 3259 2069 3294 :

497 3338 759 3394 minimus
793 3350 958 3404 vero,
1002 3333 1096 3406 qui
1146 3341 1230 3390 est
1259 3332 1364 3388 sub
1397 3330 1705 3403 Sagittario.

2178 2045 2459 2116 ἐλάχιστον
2535 2045 2593 2098 δέ
2657 2045 2748 2096 τὸν
2832 2044 2938 2096 ἀπὸ
3001 2043 3290 2114 ἰσημερίας
3357 2041 3758 2114 φθινοπωρινῆς

2180 2137 2342 2208 μέχρι
2372 2138 2579 2209 τροπῆς
2607 2137 2944 2207 χειμερινῆς.
2961 2136 3018 2188 '0
3043 2136 3141 2205 μὲν
3161 2130 3254 2187 οὖν
3272 2133 3420 2205 ἥλιος
3445 2134 3532 2187 διὰ
3555 2134 3756 2198 παντὸς

2179 2229 2442 2300 ἰσοταχῶς
2494 2233 2743 2282 κινεῖται.
2804 2228 2902 2280 Διά
2948 2227 3004 2280 δὲ
3059 2228 3158 2299 τὴν
3217 2228 3618 2299 ἐκκεντρότητα
3656 2228 3758 2297 τῆς

2179 2322 2407 2393 ἡλιακῆς
2434 2322 2668 2392 σφαίρας
2708 2323 2766 2374 ἐν
2796 2323 3002 2385 ἀνίσοις
3030 2322 3242 2392 χρόνοις
3267 2320 3649 2392 διαπορεύεται
3686 2319 3756 2374 τὰ

2176 2412 2269 2466 τοῦ
2305 2413 2570 2477 ζωδιακοῦ
2595 2413 3020 2484 τεταρτημόρια.
3044 2413 3142 2466 Διά
3168 2413 3224 2465 δὲ
3254 2413 3353 2484 τὴν
3387 2414 3554 2484 αὐτὴν
3577 2412 3756 2465 αἰτίαν

2176 2504 2271 2556 καὶ
2299 2505 2367 2557 τὰ
2391 2503 2480 2555 ἶσα
2514 2502 2677 2566 ζώδια
2726 2504 2783 2556 ἐν
2808 2503 3012 2567 ἀνίσοις
3057 2505 3270 2575 χρόνοις
3320 2503 3702 2575 διαπορεύεται
3725 2505 3760 2557 ὁ

2173 2596 2342 2666 ἥλιος.
2397 2596 2521 2650 Ἐὰν
2544 2597 2651 2667 γὰρ
2679 2597 2786 2649 ἀπὸ
2815 2597 2922 2651 τῶν
2950 2597 3200 2669 περάτων
3239 2597 3348 2651 τῶν
3380 2597 3757 2669 δωδεκατημο-

2177 2691 2308 2761 ρίων
2358 2689 2450 2741 ἐπὶ
2506 2689 2567 2742 τὸ
2613 2689 2837 2760 κέντρον
2875 2689 2968 2742 τοῦ
3015 2689 3276 2753 ζωδιακοῦ
3312 2689 3511 2744 κύκλου
3541 2691 3758 2754 ἐπιζεύ-

2177 2781 2354 2852 ξωμεν
2380 2781 2612 2848 εὐθείας,
2641 2781 2894 2853 καθάπερ
2931 2782 3386 2854 ὑπογέγραπται,
3420 2785 3572 2837 ἔσται
3601 2786 3629 2837 ὁ
3655 2782 3756 2854 μὲν

2175 2875 2282 2927 τῶν
2321 2873 2528 2937 ζωδίων
2559 2874 2758 2938 κύκλος
2790 2877 2870 2938 είς
2897 2875 2961 2944 ιβ’
2986 2875 3127 2946 μέρη
3155 2876 3244 2930 ἴσα
3265 2876 3611 2948 διῃρημένος,
3645 2879 3673 2930 ό
3698 2877 3755 2930 δὲ

2174 2963 2267 3016 τοῦ
2293 2963 2444 3034 ἡλίου
2466 2964 2663 3028 κύκλος
2690 2964 2779 3018 διά
2822 2965 2922 3036 τὴν
2955 2967 3354 3040 ἐκκεντρότητα
3382 2970 3462 3031 εἰς
3509 2967 3576 3038 ιβ’
3611 2966 3754 3039 μέρη

2175 3059 2338 3113 ἄνισα
2381 3059 2745 3133 διῃρημένος·
2793 3059 2889 3112 καὶ
2937 3060 3171 3132 μεγίστη
3225 3061 3323 3132 μέν
3361 3061 3681 3132 περιφέρεια
3719 3062 3756 3132 ἠ

2175 3154 2605 3206 ύποπεπτωκυῖα
2667 3152 2772 3206 ὑπὸ
2793 3152 2920 3216 τοὺς
2973 3151 3257 3223 Διδύμους,
3322 3152 3576 3224 ἐλαχίστη
3623 3151 3680 3206 δὲ
3721 3155 3757 3224 ἡ

2176 3245 2602 3300 ὑποπεπτωκυῖα
2626 3244 2736 3297 ὑπὸ
2761 3245 2852 3298 τὸν
2872 3242 3129 3316 Τοξότην.

1481 3698 1648 3826 C9"
1785 3510 1990 3802 κθ
2103 3471 2124 3717 ‘l
2264 3494 2506 3830 Ἠἣ]

1274 3745 3002 4824 i,\___\_\_\//::

1266 4456 1372 4670 ι
1467 4361 2121 4770 ///
2159 4363 2788 4768 \\\

569 5386 798 5459 Propter
822 5385 1235 5458 quam’causam
1275 5390 1516 5445 maximo
1549 5396 1794 5460 tempore
1841 5407 2070 5462 percur-

2260 5399 2336 5448 Δι’
2365 5397 2622 5466 ἢναίτίαν
2645 5398 2704 5454 ἐν
2734 5399 2968 5474 πλειστῳ
2987 5403 3086 5473 μέν
3113 5401 3290 5473 χρόνῳ
3319 5400 3696 5473 διαπορεύεται
3725 5399 3755 5455 ό

494 5479 569 5534 rit
592 5479 673 5535 sol
701 5477 958 5536 Geminos
987 5499 1002 5536 :
1036 5482 1264 5538 minimo
1283 5499 1410 5540 vero
1430 5496 1672 5556 tempore
1692 5484 2066 5556 Sagittarium,

497 5584 622 5622 cum
661 5569 775 5640 ipse
801 5571 882 5626 sol
915 5586 1130 5642 semper
1159 5575 1440 5646 aequaliter
1472 5585 1775 5633 moveatur.
1808 5576 1912 5632 Sed
1943 5593 2066 5632 cum

499 5671 716 5728 propter
749 5665 1211 5721 excentricitatem
1243 5668 1296 5722 in
1323 5676 1508 5739 partes
1548 5669 1842 5738 inaequales
1873 5670 2070 5726 solaris

497 5751 744 5807 circulus
782 5763 1024 5821 secetur,
1071 5757 1339 5830 contingit
1380 5768 1625 5833 tempora
1667 5760 1943 5833 signorum
1974 5777 2062 5817 zo-

498 5841 638 5896 diaci
681 5842 963 5910 inmqualia
1001 5862 1130 5908 esse.

2171 5487 2322 5557 ἥλιος
2343 5490 2468 5552 τοὺς
2499 5489 2781 5560 Διδύμους,
2814 5493 2872 5546 ἐν
2886 5493 3151 5565 ἐλαχίστῳ
3175 5493 3231 5547 δέ
3262 5493 3440 5565 χρόνῳ
3475 5493 3566 5547 τὸν
3599 5492 3758 5558 Τοξό-

2173 5597 2294 5650 την,
2322 5581 2483 5644 αὐτὸς
2521 5583 2618 5651 μέν
2655 5582 2742 5636 διὰ
2777 5584 2977 5648 παντὸς
3019 5585 3278 5656 ἰσοταχῶς
3308 5584 3644 5656 κινούμενος,
3665 5582 3754 5636 διὰ

2173 5672 2230 5724 δὲ
2280 5672 2379 5742 τὴν
2424 5674 2824 5745 ἐκκεντρότητα
2858 5679 2938 5739 εἰς
2984 5678 3143 5731 ἄνισα
3193 5677 3331 5748 μέρη
3374 5677 3750 5750 διαιρουμένου

2173 5760 2267 5814 τοῦ
2295 5762 2522 5832 ἡλιακοῦ
2555 5763 2777 5826 κύκλου,
2809 5766 3094 5838 συμϐαίνει
3118 5768 3212 5822 καὶ
3239 5771 3364 5834 τοὺς
3391 5770 3615 5842 χρόνους
3653 5769 3748 5823 ἀν-

2179 5853 2324 5916 ίσους
2345 5850 2484 5909 εἶναι
2515 5855 2622 5910 τῶν
2641 5856 2858 5916 ζῳδίων,
