4124 6400
456 349 560 408 759

1441 343 1532 396 AD
1563 341 1835 398 EUSEBII
1862 340 2258 398 CHRONICON
2293 340 2656 397 APPENDIX.

3577 339 3684 396 760

437 467 630 521 stituta
653 467 840 516 auster
853 459 1082 521 ﬂaverit,
1105 473 1203 531 per
1217 457 1333 513 dies
1351 457 1552 511 multos
1576 456 1762 511 eadem
1795 471 2005 526 perma-

2112 458 2262 521 νότος
2308 458 2532 530 πνεύσῃ,
2574 457 2668 511 ἐπὶ
2710 457 2907 523 πολλὰς
2952 457 3162 530 ἡμέρας
3199 459 3231 529 ἡ
3272 457 3407 529 αὑτὴ
3445 457 3686 527 διαμένει

433 564 528 612 net
551 553 890 610 constitutio.
907 550 1220 606 Proximum
1243 549 1595 618 triangulum,
1614 549 1758 618 quod
1779 563 1808 601 a
1829 547 2012 602 Gemi-

436 648 526 702 nis
555 646 862 710 inchoatur,
885 651 1112 699 vocatur
1143 642 1489 712 zephyricum
1527 641 1758 696 similem
1788 641 1858 694 ob
1880 656 2012 693 cau-

438 755 575 795 sam.
601 739 941 794 Postremum
975 734 1486 806 triangulum,quod
1511 749 1541 788 a
1559 734 1772 788 Cancro
1796 733 2010 787 initium

436 832 622 894 habet,
650 830 848 886 dicitur
874 830 1226 884 subsolanum
1251 837 1470 896 prepter
1489 827 1732 880 eamdem
1759 841 2006 879 causam.

507 921 850 992 Usurpantur
873 931 1057 975 autem
1097 921 1260 974 etiam
1292 919 1409 973 bare
1456 917 1729 989 triangula
1758 919 1826 973 ad
1859 919 2011 972 inve-

434 1015 663 1070 niendas
713 1015 1152 1083 compassioncs.
1196 1029 1318 1082 qua:
1366 1013 1422 1067 in
1461 1013 1838 1068 nativitatibus
1879 1027 2007 1082 spe-

436 1115 674 1160 ctantur.
695 1103 964 1158 Videntur
996 1104 1165 1168 enim,
1193 1105 1286 1174 qui
1318 1104 1620 1160 secundum
1653 1103 1794 1158 idem
1831 1105 2004 1156 trian-

435 1194 621 1262 gulum
647 1201 974 1254 nascuntur,
1010 1193 1117 1248 sibi
1153 1193 1385 1248 invicem
1413 1195 1649 1264 compati
1685 1210 1698 1244 :
1731 1204 1784 1247 et
1825 1195 2009 1248 stella-

436 1299 555 1338 rum
579 1283 1026 1347 constitutiones,
1061 1299 1182 1354 quae
1209 1292 1337 1340 sunt
1382 1287 1438 1339 in
1471 1286 1663 1341 iisdem
1693 1287 2006 1356 triangulis,

435 1374 598 1426 simul
628 1383 679 1426 et
713 1374 976 1443 adjuvare
1009 1380 1062 1428 et
1095 1372 1291 1428 lzedere
1321 1374 1658 1430 nativitates.
1687 1374 1824 1428 Nam
1852 1390 2006 1430 com-

433 1465 720 1533 passiones
746 1465 882 1520 ﬁunt
906 1467 1085 1523 tribus
1103 1464 1303 1530 modis,
1327 1467 1631 1523 secundum
1655 1468 2006 1534 diametrum,

434 1557 735 1612 secundum
782 1559 1142 1630 triangulum,
1187 1562 1490 1618 secundum
1517 1561 1866 1631 quadratum.
1901 1560 2007 1616 Sed

436 1649 739 1703 secundum
793 1651 956 1705 aliam
1004 1653 1321 1709 distantiam
1369 1655 1520 1708 nulla
1564 1654 1624 1709 ﬁt
1664 1657 2004 1725 compassio;

434 1738 588 1808 atqui
619 1749 1052 1798 consentaneum
1085 1756 1223 1808 erat,
1254 1753 1314 1802 ut
1344 1762 1413 1801 ex
1449 1747 1622 1817 signis
1665 1747 1903 1803 maxime
1926 1752 2007 1802 vi-

2115 550 2319 613 στάσις.
2353 551 2426 603 Τὸ
2472 550 2528 603 δὲ
2567 550 2692 620 ἑξῆς
2724 550 2985 622 τρίγωνον
3025 551 3087 603 τὸ
3137 550 3245 604 ἀπὸ
3289 551 3395 604 τῶν
3437 550 3685 621 Διδύμων

2113 644 2355 696 καλεῖται
2385 642 2673 714 ζεφυρικὺν
2705 641 2792 694 διὰ
2819 641 2918 712 τὴν
2959 643 3148 712 ὁμοίαν
3178 641 3358 694 αἰτίαν
3379 657 3391 670 ⁸
3422 641 3482 693 τὸ
3511 641 3567 693 δὲ
3596 641 3690 694 ἐπὶ

2112 738 2246 789 πᾶσι
2283 736 2566 806 τρίγωνον,
2601 734 2661 786 τὸ
2707 734 2816 787 ἀπὸ
2858 735 3158 805 Καρκίνου,
3190 733 3552 803 ἀφηλιωτικὸν
3599 733 3689 786 διὰ

2109 829 2208 900 τὴν
2234 831 2401 900 αὐτὴν
2433 829 2631 884 αἰτίαν.

2184 921 2533 990 Λαμϐάνεται
2563 922 2618 974 δὲ
2651 920 2718 974 τὰ
2754 921 2992 992 τρίγωνα
3037 921 3130 973 καὶ
3159 920 3294 991 πρὸς
3337 917 3436 981 τὰς
3474 920 3530 970 ὲν
3568 921 3688 981 ταῖς

2110 1017 2355 1082 γενέσεσι
2389 1012 2749 1084 συμπαθείας.
2784 1012 3009 1066 Δοκοῦσι
3043 1011 3151 1082 γὰρ
3179 1013 3228 1064 οἱ
3257 1010 3399 1064 κατὰ
3426 1011 3685 1081 τρίγωνον

2111 1103 2435 1174 γεννώμενοι
2471 1103 2774 1174 συμπαθεῖν
2803 1104 3069 1174 ἀλλήλοις,
3097 1105 3189 1156 καὶ
3213 1105 3270 1156 αἱ
3299 1104 3404 1156 τῶν
3443 1103 3688 1172 ἀστέρων

2111 1198 2326 1260 στάσεις
2362 1199 2415 1250 αἱ
2443 1198 2628 1260 ἐντοῖς
2654 1198 2836 1260 αὐτοῖς
2882 1196 3166 1267 τριγώνοις
3197 1198 3290 1250 καὶ
3341 1195 3686 1260 συνωφελεῐν,

2112 1289 2208 1341 καὶ¹
2234 1287 2602 1358 συμὸλάπτειν
2640 1288 2755 1358 ἅμα
2799 1287 2896 1350 τὰς
2924 1288 3182 1355 γενέσεις.
3229 1285 3381 1339 Κατὰ
3405 1284 3513 1353 γὰρ
3539 1287 3689 1354 τρεῖς

2109 1381 2342 1451 τρόπους
2390 1381 2446 1432 αἱ
2489 1379 2823 1449 συμπάθειαι
2877 1379 3135 1447 γίνονται,
3183 1379 3323 1430 κατὰ
3372 1377 3685 1447 διάμετρον,

2111 1470 2254 1524 κατὰ
2293 1471 2575 1542 τρίγωνον,
2617 1471 2757 1525 κατὰ
2798 1473 3160 1542 τετράγωνον.
3201 1467 3357 1522 Κατὰ
3411 1467 3577 1538 ἀλλην
3629 1467 3688 1520 δὲ

2111 1562 2393 1616 διάστασιν
2421 1562 2645 1632 οὐδεμία
2680 1562 2990 1632 συμπάθεια
3021 1563 3246 1630 γίνεται.
3293 1561 3484 1613 Καίτοι
3533 1559 3687 1612 εὔλο-

2115 1672 2209 1722 γον
2249 1651 2338 1725 ἦν,
2369 1657 2432 1707 ὲκ
2469 1655 2575 1707 τῶν
2613 1654 2846 1724 μάλιστα
2877 1654 3139 1721 σύνεγγυς
3182 1652 3552 1721 συγκειμένων
3585 1650 3688 1713 ζω-

2110 1749 2240 1802 δίων
2261 1748 2603 1817 συμπάθειαν
2630 1746 2894 1816 γίνεσθαι.
2925 1748 2988 1799 Ἦ
3013 1746 3120 1816 γὰρ
3141 1744 3393 1816 ἀποφορὰ
3414 1745 3508 1796 καὶ
3533 1744 3639 1796 ἀπό
3655 1745 3689 1813 ῥ

433 1831 574 1886 cinis
603 1839 911 1903 compassio
938 1836 1111 1892 ﬁeret.
1137 1837 1347 1894 Delatio
1362 1840 1507 1894 enim
1533 1847 1589 1894 et
1619 1838 2002 1910 deﬁuxus,qui

2111 1844 2250 1912 ροια,
2274 1842 2305 1910 ἡ
2330 1841 2600 1912 φερομένη
2628 1840 2733 1892 ἀπὸ
2757 1839 2854 1909 τῆς
2876 1838 3006 1900 ἰδίας
3022 1838 3301 1908 δυνάμεως
3325 1836 3554 1888 ἑκάστου
3577 1832 3688 1885 τῶν

433 1923 608 1979 fertur
631 1941 662 1980 a
712 1929 934 1997 propria
975 1929 1028 1983 vi
1060 1931 1398 2001 singularum
1427 1933 1705 1987 stellarum
1727 1972 1740 1997 ,
1771 1933 2002 1988 debebat

432 2019 668 2074 maxime
699 2024 1087 2092 concorporari
1107 2065 1122 2091 ,
1154 2034 1209 2079 et
1258 2026 1606 2081 commisceri
1641 2042 1765 2081 cum
1797 2028 1992 2082 vicinis

434 2108 628 2179 signis.
667 2109 737 2166 Ut
769 2114 916 2167 enim
941 2115 1215 2186 triangula
1246 2126 1300 2172 et
1331 2117 1600 2188 quadrata
1625 2119 2004 2174 inscribuntur

435 2203 684 2258 circulo:
721 2207 800 2260 sic
843 2209 1009 2263 etiam
1056 2210 1422 2282 hexagonum,
1469 2221 1526 2267 et
1565 2222 1914 2283 octagonum,
1949 2221 2006 2269 et

433 2292 865 2365 dodecagonum.
901 2299 972 2354 At
1017 2304 1318 2358 secundum
1378 2304 1576 2358 horum
1617 2305 2006 2374 inscriptiones

437 2387 590 2440 nulla
633 2389 691 2442 ﬁt
728 2393 1040 2461 compassio
1069 2410 1083 2445 :
1116 2401 1327 2449 tantum
1357 2410 1420 2450 ea
1452 2395 1512 2450 ﬁt
1541 2396 1842 2452 secundum
1878 2413 2007 2466 pra;-

439 2475 618 2529 Iictos
648 2477 860 2545 modos,
893 2495 1017 2534 cum
1043 2483 1099 2536 in
1125 2483 1442 2554 hujusmodi
1471 2486 1752 2542 distantiis
1780 2493 2006 2541 natura-

435 2563 508 2620 lis
530 2567 776 2637 quadam
800 2573 872 2628 sit
903 2577 1232 2646 compaSsio.

2109 1933 2372 2002 ἀστέρων,
2395 1930 2592 2001 ὤφειλε
2622 1931 2852 2002 μάλιστα
2886 1926 3553 1999 συναναχρωτίςεσθαικαὶ
3573 1940 3688 1975 συν-

2109 2024 2500 2094 ανακιρνᾶσθαι
2543 2026 2651 2086 τοῖς
2697 2020 3050 2092 πλησιάζουσι
3087 2017 3313 2082 ζωδίοις.
3341 2017 3550 2085 Ὥσπερ
3577 2013 3688 2084 γὰρ

2109 2118 2178 2170 τὰ
2193 2117 2431 2187 τρίγωνα
2451 2117 2544 2168 καὶ
2569 2115 2884 2186 τετράγωνα
2903 2112 3231 2183 ἐγγράφεται
3254 2111 3330 2172 είς
3354 2108 3442 2161 τὸν
3465 2105 3684 2168 κύκλον,

2112 2210 2254 2262 οὕτω
2283 2211 2376 2263 καὶ
2409 2209 2696 2276 ἑξάγωνον,
2726 2208 2820 2260 καὶ
2867 2206 3191 2274 ὀκτάγωνον,
3229 2202 3324 2256 καὶ
3363 2199 3686 2266 δωδεκάγω-

2113 2319 2222 2355 νον.
2265 2302 2422 2354 Ἀλλὰ
2464 2300 2604 2354 κατὰ
2640 2301 2736 2370 μὲν
2770 2299 2868 2362 τὰς
2905 2298 3105 2352 τούτων
3139 2293 3417 2366 ἐγγραφὰς
3461 2289 3686 2360 οὐδεμία

2111 2395 2319 2464 γίνεται
2369 2393 2710 2463 συμπάθεια·
2773 2391 2914 2445 κατὰ
2965 2390 3022 2444 δὲ
3071 2389 3198 2452 τοὺς
3254 2382 3684 2458 προειρημένους

2110 2488 2344 2558 τρόπους
2390 2488 2569 2558 μόνον,
2615 2486 2850 2555 φυσικῆς
2889 2501 3032 2546 τινος
3075 2479 3423 2552 ὑπαρχούσης
3472 2478 3530 2530 ὲν
3565 2475 3683 2535 ταῖς

2112 2580 2386 2644 τοιαύταις
2421 2579 2752 2633 ἀποστάσεσι
2785 2573 3144 2647 συμπαθείας.

1255 5003 2807 5640 ΛΝ.
