4124 6400
382 392 475 451 761
1427 405 1667 462 GEMINI
1707 409 1953 467 ELEME]

2056 411 2084 465 λ
2125 411 2624 472 ΑΒΤΠΟΝΟΜΙᾹΞ.

3539 416 3645 472 ’ῖΰῖ

448 508 976 586 Κατὰτετράγωνον
1018 516 1075 570 δέ
1119 518 1270 571 ἐστι·
1305 520 1494 591 Κριὸς,
1528 522 1822 594 Καρκίνος,
1864 525 1953 576 Ζυ-

2075 534 2086 581 ξ
2145 523 2461 581 Secundum
2496 526 2829 596 quadratum
2886 524 3063 596 posita
3112 522 3267 596 signa
3306 533 3435 582 sunt
3472 525 3587 582 haec
3625 546 3639 582 :

384 604 490 674 γδς,
532 607 877 678 Αἰγόκερως·
940 608 1173 681 Ταῦρος,
1221 611 1392 677 Λέων,
1443 613 1730 686 Σκορπίος,
1777 616 1961 688 Ὑδρο-

376 696 528 767 χόοςο
560 697 803 769 Δίδυμοι,
830 700 1123 771 Παρθένος,
1148 701 1403 774 Τοξότης,
1433 702 1657 775 Ἰχθύες.
1678 705 1759 760 Τὰ
1785 707 1961 762 πάντα

380 787 694 859 τετράγωνα
738 790 885 860 τρία.
932 791 1231 846 Ὑποτείνει
1281 793 1337 847 δὲ
1386 796 1420 866 ή
1467 794 1564 848 τοῦ
1618 795 1957 868 τετραγώνου

375 878 586 951 πλευρὰ
613 880 716 933 ὑπὸ
745 880 910 946 ζώδια
944 883 1042 954 μὲν
1085 885 1230 957 τρία,
1266 886 1459 959 μοίρας
1489 885 1547 940 δὲ
1580 891 1651 955 ἰαί.
1697 870 1958 942 καλεῖται

378 969 480 1040 μὲν
510 970 570 1023 τὸ
603 972 819 1043 πρῶτον
844 964 1185 1048 τετράγωνον
1219 978 1281 1031 τὺ
1325 979 1433 1032 ἀπὸ
1471 979 1564 1033 τοῦ
1606 979 1798 1052 Κριοῦ,
1831 983 1888 1035 ὲν
1914 973 1959 1049 ᾧ

374 1060 432 1115 at
463 1052 604 1130 ὧραι
631 1061 909 1134 ἄρχονται,
947 1065 1066 1136 ἔαρ,
1096 1065 1285 1141 Θέρος,
1323 1069 1682 1142 φθινόπωρον,
1715 1071 1953 1142 χειμών·

374 1148 436 1233 τὸ
463 1149 711 1223 δεύτερον
743 1154 1082 1226 τετράγωνον
1114 1156 1175 1210 τὺ
1214 1159 1322 1212 ἀπὸ
1351 1159 1445 1213 τοῦ
1472 1161 1707 1233 Ταύρου,
1740 1165 1796 1216 ὲν
1829 1157 1871 1231 ᾧ
1900 1166 1955 1217 αἱ

374 1232 511 1312 ὧραι
542 1241 633 1294 τὸν
660 1243 823 1314 μέσον
856 1245 1038 1317 ἔχουσι
1081 1249 1292 1321 χρόνον,
1330 1251 1507 1324 ἔαρος,
1540 1232 1748 1326 θέρους,
1777 1254 1958 1324 φθινο-

375 1327 583 1402 πώρου,
616 1333 919 1404 χειμῶνος·
954 1337 1015 1390 τὸ
1058 1338 1117 1391 δὲ
1161 1340 1341 1412 τρίτον
1377 1344 1715 1415 τετράγωνον
1756 1346 1816 1399 τὸ
1848 1345 1957 1399 ἀπὸ

373 1420 483 1475 τῶν
513 1423 780 1495 Διδύμων,
808 1426 867 1479 ὲν
892 1420 937 1496 ᾧ
962 1430 1016 1482 αἱ
1049 1423 1188 1501 ὧραι
1222 1432 1445 1503 λήγουσι
1496 1434 1637 1489 κατὰ
1674 1437 1801 1500 τοὺς
1831 1437 1957 1508 χρό-

373 1532 520 1580 νους.
551 1517 902 1589 Λαμϐάνεται
945 1520 1002 1573 δὲ
1051 1523 1113 1576 τὸ
1152 1526 1493 1597 τετράγωνον
1518 1526 1597 1592 ἓν,
1628 1527 1880 1601 καθάπερ
1911 1530 1955 1562 ⁸³

372 1609 617 1681 εἴρηται,
668 1613 761 1665 καὶ
813 1612 950 1684 πρὸς
1003 1613 1103 1678 τὰς
1158 1617 1215 1670 ὲν
1271 1621 1389 1681 ταῖς
1441 1618 1686 1687 γενέσεσι
1736 1638 1955 1692 συμπα-

373 1702 541 1767 θείας.

444 1977 566 2030 Ἔτι
600 1975 657 2030 δὲ
684 1978 717 2049 ή
742 1976 852 2029 τῶν
878 1974 1263 2047 τετραγώνωνο
1281 1974 1512 2042 ἔκθεσις,
1544 1977 1637 2031 καλ⁸
1673 1977 1809 2049 πρός
1835 1995 1957 2031 τινα

368 2072 537 2143 ἄλλην
563 2070 748 2143 χρείαν
782 2069 1120 2140 λαμϐάνεται
1176 2068 1281 2122 ὑπό
1326 2086 1509 2122 τινων.
1551 2069 1657 2122 Τοῦ
1694 2071 1802 2140 γὰρ
1838 2069 1955 2133 ἐνὸς

366 2165 551 2220 αὐτῶν
583 2164 688 2217 ὑπὸ
726 2161 822 2217 τοῦ
864 2161 1029 2217 αὑτοῦ
1072 2159 1417 2233 τετραγώνου
1447 2161 1712 2225 δύνοντος,
1742 2163 1800 2215 τὸ
1827 2161 1956 2232 έξῆς

369 2257 751 2329 ὑπελάμϐανον
782 2256 1133 2327 μεσουρανεῖν
1180 2255 1238 2306 ὲν
1276 2252 1353 2324 τῷ
1384 2253 1526 2323 ὑπὲρ
1556 2252 1661 2322 γῆν
1692 2254 1955 2324 ἡμισφαι-

370 2352 505 2425 ρίῳο
540 2346 682 2412 οἷον,
708 2350 991 2420 Αίγόκερω
1032 2346 1309 2411 δύνοντος,
1363 2349 1719 2417 μεσουρανείν
1762 2346 1951 2417 Κριὸν,

365 2444 678 2501 ἀνατέλλειν
707 2443 764 2496 δὲ
793 2443 1087 2516 Καρκίνον,
1124 2441 1219 2495 καὶ¹
1257 2439 1610 2512 μεσουρανεῖν
1640 2436 1696 2490 δὲ
1721 2437 1824 2491 ὑπὸ
1849 2437 1953 2508 γῆν

366 2543 561 2610 Ζυγόν.
591 2542 648 2597 Ὀ
680 2541 737 2595 δὲ
766 2541 927 2605 αὐτὸς
955 2539 1111 2609 λόγος
1144 2537 1238 2592 καὶ
1270 2536 1364 2591 ἐπὶ
1393 2533 1504 2587 τῶν
1528 2533 1730 2586 λοιπῶν
1760 2550 1956 2604 τετρα-

365 2631 725 2702 γώνωνοὲστί.
756 2632 829 2683 Τὸ
850 2631 905 2684 δὲ
931 2629 1168 2684 τοιοῦτον
1194 2626 1562 2700 παράγγελμα
1597 2624 1688 2677 ἐπὶ
1732 2624 1831 2697 μὲν
1855 2621 1950 2676 τοῦ

367 2725 486 2789 ἑνὸς
510 2722 874 2795 τετραγώνου,
910 2722 1003 2776 τοῦ
1041 2722 1143 2785 τὰς
1174 2720 1383 2793 τροπὰς
1413 2718 1507 2773 καὶ
1538 2716 1637 2781 τὰς
1662 2716 1952 2789 ἰσημερίας

367 2815 736 2889 περιέχοντος,
782 2815 926 2870 κατὰ
970 2814 1030 2868 τὸ
1074 2811 1358 2883 ὁλοσχερὲς
1406 2810 1694 2881 λεγόμενον
1728 2826 1952 2880 συμφωο

365 2910 523 2980 νήσει
568 2908 706 2980 πρὸς
744 2907 806 2960 τὸ
854 2907 1211 2977 φαινόμενον’
1250 2904 1387 2974 πρὸς
1429 2903 1486 2956 δὲ
1517 2902 1615 2973 τὴν
1648 2904 1706 2955 ὲν
1742 2900 1821 2972 τῷ
1845 2901 1952 2971 ὅλῳ

364 2999 651 3073 ἀκρίϐειαν
681 2999 957 3069 διαφωνεῖ.
987 2998 1269 3068 Αίγόκερω
1302 2995 1410 3067 γὰρ
1436 2994 1537 3064 τῆς
1570 2992 1793 3065 πρώτης
1835 2992 1953 3064 μοί-

364 3106 470 3165 ρας
486 3087 767 3160 δυνούσης,
783 3088 952 3161 Κριοῦ
970 3087 1160 3159 πρώτη
1182 3088 1345 3159 μοῖρα
1367 3085 1782 3157 μεσουρανήσεν
1806 3086 1953 3158 Καρ-

2064 615 2244 681 Aries,
2279 615 2517 680 Cancer,
2551 616 2740 683 Libra,
2780 616 3195 687 Capricornus:
3226 617 3462 682 Taurus,
3509 616 3640 685 Leo,

2066 704 2357 776 Scorpius,
2410 707 2688 776 Aquarius
2721 723 2734 758 :
2771 706 3019 771 Gemini,
3050 705 3237 778 Virgo,
3291 706 3640 776 Sagittarius.

2063 794 2271 851 Pisces.
2309 795 2505 852 Omnia
2531 797 2802 865 quadrata
2835 804 2964 853 sunt
2988 797 3116 853 tria.
3146 795 3432 850 Subtendit
3456 804 3640 851 autem
3683 836 3689 840 .

2062 887 2210 943 latus
2240 889 2511 959 quadrati
2542 890 2698 961 signa
2727 888 2854 952 tria,
2908 882 3111 959 gradus
3135 888 3224 943 90.
3258 888 3499 943 Vocatur
3525 888 3641 959 pri—

2060 995 2210 1033 mum
2242 981 2600 1051 quadratum,
2631 981 2961 1052 quadratum
3009 980 3078 1035 ab
3110 981 3294 1035 Ariete
3339 981 3637 1049 inceptum,

2061 1070 2119 1125 in
2152 1087 2261 1142 quo
2306 1072 2455 1127 hora:
2507 1089 2603 1128 seu
2655 1086 2892 1144 quatuor
2933 1082 3119 1143 partes
3168 1073 3296 1128 anni
3348 1072 3639 1142 incipiunt,

2060 1177 2179 1225 ver,
2212 1169 2398 1228 aestas,
2431 1172 2756 1228 autumnus,
2799 1156 3009 1230 hiems;
3048 1163 3351 1219 secundum
3396 1164 3640 1233 quadra-

2064 1261 2181 1308 tum
2206 1256 2525 1310 nominatur
2559 1254 2887 1329 quadratum
2932 1272 2962 1313 a
2986 1255 3169 1311 Tauro
3216 1258 3554 1321 inchoatum,
3583 1258 3638 1313 in

2060 1361 2169 1416 quo
2204 1346 2352 1401 hora:
2399 1346 2599 1403 habent
2645 1348 2883 1403 medium
2932 1356 3150 1418 tempus
3200 1349 3379 1414 veris,
3407 1350 3639 1411 aestatis.

2060 1441 2333 1505 autumni,
2377 1441 2609 1508 hiemis;
2644 1443 2864 1497 tertium
2895 1443 3221 1513 quadratum
3260 1443 3464 1498 dicitur
3500 1458 3638 1514 qua-

2058 1532 2276 1587 dratum
2317 1550 2347 1588 a
2387 1532 2633 1590 Geminis
2666 1535 2964 1605 inceptum,
3015 1534 3072 1589 in
3102 1551 3213 1606 quo
3261 1536 3410 1591 liora:
3447 1551 3642 1590 secun-

2057 1626 2189 1679 dum
2256 1631 2505 1695 tempora
2550 1624 2829 1680 desinunt.
2873 1624 3182 1694 Usurpatur
3225 1635 3410 1679 autem
3468 1640 3638 1681 unum

2057 1716 2314 1785 idemque
2365 1715 2725 1785 quadratum,
2774 1725 2835 1770 ut
2876 1716 3082 1771 dictum
3118 1725 3222 1781 est,
3255 1717 3419 1771 etiam
3455 1717 3522 1771 ad
3555 1717 3641 1770 in-

2062 1806 2364 1861 veniendas
2394 1808 2811 1878 compassiones
2830 1847 2846 1872 ,
2878 1825 2998 1879 qua:
3026 1809 3082 1863 in
3114 1809 3491 1866 nativitatibus
3514 1826 3639 1881 spe-

2056 1906 2297 1953 οιίιῐιιιιτ.

2129 1990 2185 2060 6
2208 1989 2474 2047 Przeterea
2496 1992 2892 2062 quadratorum
2920 1991 3168 2047 doctrina
3190 1994 3354 2048 etiam
3373 1994 3439 2048 ad
3470 1993 3634 2048 alium

2058 2080 2355 2150 quemdam
2390 2098 2551 2138 usum
2602 2097 2633 2136 a
2667 2084 2993 2154 quibusdam
3026 2086 3313 2155 accipitur.
3348 2084 3483 2138 Nam
3526 2099 3637 2139 uno

2057 2172 2377 2228 eorumdem
2403 2174 2709 2245 signorum,
2728 2191 2849 2246 quae
2880 2185 3010 2231 sunt
3042 2178 3096 2232 in
3126 2177 3315 2233 eodem
3346 2176 3634 2247 quadrato,

2057 2262 2360 2328 occidente,
2395 2265 2704 2335 proximum
2734 2265 3005 2335 putabant
3029 2275 3220 2322 tenere
3248 2266 3486 2321 medium
3510 2265 3637 2319 οωιί

2057 2352 2113 2406 in
2140 2355 2427 2422 superiore
2447 2354 2855 2426 hemisphaerio.
2875 2356 2946 2413 Ut
2973 2355 3308 2428 Capricorno
3333 2356 3635 2424 occidente,

2055 2449 2242 2498 tenere
2270 2444 2509 2499 medium
2565 2447 2691 2500 οωιὶ
2742 2447 3008 2512 Arietem,
3042 2447 3177 2502 oriri
3224 2446 3518 2513 Cancrum,
3552 2456 3638 2502 te.

2052 2532 2377 2588 nereimum
2410 2535 2535 2589 οωιί
2567 2534 2811 2591 Libram.
2846 2535 3049 2593 Eadem
3093 2545 3180 2593 est
3232 2539 3375 2594 ratio
3411 2540 3467 2595 in
3501 2538 3636 2594 reli-

2054 2626 2179 2696 quis
2213 2626 2522 2697 quadratis.
2548 2627 2667 2683 Hoc
2721 2637 3059 2700 praeceptum
3089 2646 3215 2687 cum
3248 2632 3462 2703 integre
3496 2631 3635 2687 dici-

2055 2728 2166 2781 tur,
2201 2725 2415 2774 tantum
2447 2719 2503 2774 in
2544 2735 2655 2775 uno
2691 2721 2981 2791 quadrato,
3007 2723 3152 2792 quod
3197 2723 3252 2776 in
3292 2738 3351 2778 se
3391 2724 3636 2779 continet

2053 2816 2256 2878 puncta
2285 2810 2604 2865 solstitialia
2638 2820 2692 2866 et
2728 2813 3137 2881 aequinoctialia
3161 2854 3177 2880 ,
3213 2821 3478 2884 congruet
3505 2828 3632 2869 cum

2052 2915 2120 2955 eo
2150 2900 2296 2970 quod
2328 2909 2557 2972 apparet
2596 2920 2611 2957 :
2647 2909 2702 2957 at
2733 2902 2993 2959 dissentit
3017 2905 3063 2960 si
3084 2910 3259 2959 totum
3282 2906 3385 2960 hoc
3400 2905 3613 2975 quadra

2053 2999 2168 3046 tum
2200 2993 2477 3048 subtiliter
2508 2995 2914 3055 consideretur.
2941 2996 3266 3067 Capricorni
3285 2997 3430 3052 enim
3456 2996 3634 3067 primo

2053 3085 2228 3156 gradu
2279 3086 2588 3153 occidente,
2626 3088 2834 3144 Arietis
2875 3089 3087 3159 primus
3142 3088 3344 3160 gradus
3392 3088 3632 3143 medium

365 3183 514 3246 λίνος
559 3182 616 3235 δὲ
662 3181 857 3255 πρώτῃ
901 3182 1065 3254 μοίρᾳ
1111 3179 1424 3235 ἀνατέλλειο
1461 3178 1631 3249 Ζυγὸς
1668 3178 1726 3231 δὲ
1759 3175 1950 3250 πρώτῃ

2057 3180 2181 3235 οωιὶ
2208 3181 2450 3237 tenebit:
2483 3180 2698 3237 Cancer
2724 3198 2826 3239 suo
2860 3183 3040 3253 primo
3069 3182 3243 3254 gradu
3266 3182 3509 3237 orietur:
3544 3181 3635 3237 Li-

369 3275 533 3347 μοίρᾳ
564 3274 670 3328 ὑπὸ
692 3275 796 3345 γῆν
826 3272 1241 3345 μεσουρανήσει.
1274 3271 1409 3337 Τότε
1436 3269 1546 3342 γὰρ
1583 3270 1613 3321 ὁ
1652 3268 1741 3322 διὰ
1774 3268 1955 3339 μέσων

363 3364 476 3422 τῶν
501 3366 706 3432 ζωδίων
740 3365 936 3429 κύκλος
980 3366 1060 3430 εἰς
1096 3363 1340 3435 τέσσαρα
1372 3362 1512 3435 μέρη
1547 3362 1638 3415 ἴσα
1668 3361 1953 3432 διαιρεῖται

362 3459 474 3516 ὑπὸ
495 3458 605 3513 τῶν
648 3458 920 3530 κολούρων
949 3457 1193 3511 κύκλωνο
1223 3456 1365 3511 ὥστε
1412 3457 1526 3510 ἴσον
1569 3451 1710 3508 εἶναι
1750 3455 1814 3509 τὸ
1846 3454 1955 3509 ἀπὸ

366 3553 465 3624 τῆς
521 3553 969 3625 μεσουρανήσεως
1013 3550 1151 3621 πρὸς
1202 3547 1468 3617 ἀνατολὴν
1517 3547 1611 3601 καὶ
1662 3546 1814 3600 δύσιν
1858 3544 1951 3600 τοῦ

366 3639 633 3708 ζωδιακοῦ
686 3639 989 3711 διάστημαο
1038 3638 1295 3710 ἑκάτερον
1353 3636 1464 3708 γὰρ
1508 3634 1689 3689 αὐτῶν
1745 3636 1953 3704 γίνεται

366 3731 574 3798 ζωδίων
608 3731 795 3803 τριῶν.
844 3732 933 3786 Ἐν
978 3730 1036 3783 δὲ
1067 3732 1188 3793 ταῖς
1220 3729 1433 3792 λοιπαῖς
1479 3729 1698 3781 στάσεσι
1733 3724 1827 3780 τοῦ
1866 3743 1953 3779 τε-

364 3821 644 3894 τραγώνου
666 3822 855 3874 τούτου
886 3820 981 3873 καὶ
1020 3818 1130 3873 τῶν
1150 3817 1352 3872 λοιπῶν
1384 3818 1445 3869 οὐ
1478 3815 1765 3887 συμϐαίνει
1802 3817 1880 3879 είς
1909 3815 1952 3869 δ’

369 3917 512 3988 μέρη
529 3917 619 3970 ίσα
633 3912 958 3989 διαιρεῖσθαι
984 3912 1075 3966 τὸν
1093 3910 1355 3976 ζωδιακὸν
1374 3909 1592 3963 κύκλον.
1611 3906 1710 3962 Διὰ
1724 3907 1779 3961 δὲ
1793 3907 1954 3961 τοῦτο

365 4008 467 4063 οὐκ
498 4008 614 4062 ἐστι
644 4007 732 4061 διὰ
758 4007 958 4069 παντὸς
997 4004 1110 4057 ἴσον
1137 4003 1201 4057 τὸ
1227 4002 1336 4057 ἀπὸ
1370 4001 1471 4071 τῆς
1505 4000 1953 4072 μεσουρανήσεως

365 4104 502 4176 πρὸς
537 4103 802 4174 ἀνατολὴν
836 4102 932 4156 καὶ
954 4100 1092 4173 πρὸς
1118 4100 1218 4171 τὴν
1246 4098 1397 4152 δύσιν
1416 4098 1710 4168 διάστημα,
1737 4098 1830 4151 ἐπὶ
1854 4096 1949 4152 τοῦ

366 4195 633 4264 ζωδιακοῦ
667 4195 869 4249 κύκλου
913 4192 1343 4265 λαμϐανομένων
1391 4190 1500 4244 τῶν
1545 4189 1947 4261 διαστημάτων.

363 4291 524 4346 Κατὰ
558 4289 655 4361 μὲν
680 4288 790 4361 γὰρ
816 4286 1160 4360 παράλληλον
1176 4285 1396 4351 κύκλον,
1417 4286 1531 4341 ἴσον
1559 4287 1678 4339 ἐστὶ
1704 4285 1795 4340 διὰ
1819 4302 1952 4340 παν-

363 4383 457 4447 τὸς
493 4382 553 4436 τὸ
584 4381 692 4434 ἀπὸ
735 4380 834 4450 τῆς
879 4379 1332 4451 μεσουρανήσεως
1368 4377 1506 4450 πρὸς
1550 4376 1812 4449 ἀνατολὴν
1853 4378 1950 4432 καὶ

363 4478 502 4551 πρὸς
532 4475 630 4548 τὴν
665 4473 815 4529 δύσιν
844 4474 1140 4551 διάστημα.
1174 4471 1335 4526 Ὅθεν
1377 4472 1473 4525 καὶ
1500 4470 1578 4542 τῷ
1620 4470 1756 4541 ἡλίῳ
1788 4488 1948 4543 φερο-

2059 3273 2156 3327 bra
2190 3287 2321 3328 vero
2352 3287 2454 3329 suo
2503 3274 2683 3344 primo
2726 3273 2904 3346 gradu
2942 3274 3113 3329 imum
3155 3272 3281 3328 cmli
3320 3272 3631 3343 occupabit.

2058 3361 2214 3418 Tunc
2244 3363 2392 3420 enim
2421 3365 2675 3436 ecliptica
2706 3365 2762 3420 in
2794 3372 3038 3437 quatuor
3066 3371 3250 3435 partes
3279 3367 3517 3436 aequales
3549 3363 3634 3419 di-

2054 3454 2261 3511 viditur
2293 3471 2325 3510 a
2352 3457 2560 3512 coluris
2597 3458 2865 3514 circulis:
2898 3467 2960 3512 ut
3007 3457 3356 3513 intervallum
3399 3458 3634 3527 zodiaci,

2057 3548 2203 3618 quod
2230 3556 2315 3604 est
2345 3563 2376 3602 a
2416 3549 2598 3605 medio
2630 3549 2755 3605 οωιί
2780 3549 2848 3606 ad
2878 3558 3084 3614 ortum,
3119 3550 3191 3605 sit
3228 3550 3433 3620 mquale
3466 3550 3636 3606 inter-

2055 3639 2200 3694 vallo
2227 3640 2463 3706 zodiaci,
2495 3641 2643 3711 quod
2693 3647 2779 3698 est
2810 3656 2840 3695 a
2887 3641 3070 3696 medio
3095 3642 3220 3697 οωιί
3248 3642 3316 3696 ad
3339 3656 3632 3709 occasum;

2055 3737 2356 3802 utrumque
2386 3731 2533 3788 enim
2570 3731 2768 3808 horum
2806 3731 3219 3786 intervallorum
3249 3737 3355 3787 tria
3390 3732 3637 3787 continet

2054 3820 2232 3892 signa.
2264 3820 2338 3874 At
2390 3823 2448 3875 in
2496 3822 2726 3892 reliquis
2775 3821 3011 3877 statibus
3057 3822 3223 3892 hujus
3257 3822 3542 3893 quadrati,
3579 3829 3638 3878 et

2054 3913 2287 3969 aliorum
2334 3911 2733 3983 quadratorum
2782 3928 2893 3970 non
2955 3914 3227 3986 contingit
3282 3915 3339 3970 in
3395 3923 3634 3986 quatuor

2052 4013 2238 4076 partes
2273 4006 2511 4075 xequales
2547 4005 2831 4060 zodiacum
2876 4004 3145 4060 circulum
3186 4004 3376 4061 dividi.
3398 4005 3474 4062 Ac
3504 4022 3635 4078 pro-

2053 4105 2240 4168 pterea
2269 4096 2618 4151 intervallum
2644 4111 2675 4150 a
2694 4097 2875 4153 medio
2896 4098 3022 4153 οωΙί
3044 4096 3114 4152 ad
3145 4107 3326 4153 ortum
3361 4114 3467 4154 non
3490 4114 3632 4155 sem-

2054 4203 2153 4259 per
2180 4195 2263 4244 est
2287 4189 2497 4259 aequale
2519 4189 2810 4246 intervallo
2836 4203 2868 4243 a
2898 4190 3081 4246 medio
3105 4191 3231 4246 οωΙί
3261 4192 3327 4246 ad
3347 4207 3629 4258 occasum,

2056 4296 2183 4337 cum
2215 4282 2334 4338 haec
2368 4282 2678 4347 intervalla,
2712 4297 2809 4338 seu
2838 4297 3025 4348 arcus,
3060 4285 3117 4338 in
3148 4283 3375 4339 zodiaco
3406 4300 3634 4340 sumun-

2050 4382 2162 4430 tur.
2196 4375 2267 4428 At
2297 4376 2343 4432 si
2372 4375 2489 4430 haec
2513 4375 2800 4429 intervalla
2828 4376 2884 4429 in
2918 4376 3182 4446 parallelo
3210 4376 3394 4446 aliquo
3420 4376 3631 4434 circulo

2054 4476 2380 4532 sumuntur,
2412 4483 2630 4537 semper
2680 4467 2737 4523 id
2790 4459 2938 4537 quod
2984 4477 3126 4524 esta
3174 4468 3356 4524 medio
3388 4470 3512 4525 οωιί
3563 4469 3631 4524 ad

366 4570 516 4641 μένῳ
549 4565 670 4621 καθ’
696 4566 934 4635 ἑκάστην
955 4565 1173 4636 ἡμέραν
1201 4563 1295 4616 ἐπὶ
1321 4561 1535 4616 κύκλων
1565 4560 1948 4634 παραλλήλων,

2056 4570 2242 4617 ortum
2274 4568 2360 4617 est
2391 4561 2603 4631 aequale
2624 4558 2698 4623 ei,
2728 4559 2875 4630 quod
2916 4568 3002 4614 est
3023 4573 3055 4613 a
3076 4559 3257 4615 medio
3288 4561 3413 4616 οωιί
3442 4561 3509 4615 ad
3540 4576 3635 4617 oc-

364 4660 479 4717 τσον
506 4656 648 4714 εἶναι
677 4657 962 4731 συμϐαίνει
988 4657 1077 4711 τὸν
1105 4656 1215 4711 ἀπὸ
1245 4655 1347 4726 τῆς
1368 4655 1633 4726 ἀνατολῆς
1663 4655 1823 4726 μέχρι
1850 4655 1950 4727 τῆς

367 4753 824 4825 μεσουρανήσεως
854 4749 1052 4820 δρόμον
1089 4747 1184 4802 τοῦ
1229 4748 1338 4801 ἀπὸ
1372 4748 1473 4819 τῆς
1501 4746 1953 4819 μεσουρανήσεως

367 4847 530 4918 μέχρι
554 4844 776 4907 δύσεως.
823 4840 947 4895 Ἐπὶ
983 4841 1040 4893 δὲ
1071 4840 1165 4894 τοῦ
1198 4838 1466 4905 ζωδιακοῦ
1503 4838 1703 4894 κύκλου
1737 4837 1951 4910 λαμϐα-

362 4937 603 5008 νομένων
646 4934 755 4989 τῶν
801 4932 1206 5005 διαστημάτων,
1250 4933 1434 4987 ἄνισον
1463 4928 1603 4985 εἶναι
1635 4929 1952 5001 συμϐέϐηκε

363 5029 425 5082 τὸ
449 5029 558 5083 ἀπὸ
580 5028 680 5099 τῆς
713 5027 1165 5099 μεσουρανήσεως
1200 5023 1364 5096 μέχρι
1404 5026 1505 5096 τῆς
1538 5022 1801 5093 ἀνατολῆς
1828 5022 1946 5076 διά-

364 5136 549 5191 στημα
582 5118 661 5190 τῷ
685 5118 794 5173 ἀπὸ
818 5117 919 5187 τῆς
949 5116 1396 5188 μεσουρανήσεως
1427 5115 1587 5188 μέχρι
1618 5115 1717 5185 τῆς
1744 5114 1949 5179 δύσεως
1981 5176 1987 5180 ἓ

361 5211 450 5265 διὰ
474 5212 571 5283 τὴν
601 5209 863 5281 λοξότητα
896 5208 991 5263 τοῦ
1037 5206 1326 5273 ζωδιακοῦ.
1374 5208 1486 5260 Καὶ
1531 5207 1678 5263 ἐστιν
1714 5207 1804 5260 ὅτε
1838 5205 1948 5260 τῶν

362 5300 425 5369 ἒξ
454 5301 660 5368 ζωδίων
688 5301 795 5357 τῶν
827 5301 917 5356 διὰ
954 5300 1152 5365 παντὸς
1187 5299 1326 5373 ὑπὲρ
1353 5303 1457 5372 γῆν
1488 5299 1658 5355 όντων
1684 5300 1811 5372 τρία
1850 5299 1949 5371 μὲν

363 5395 459 5450 καὶ
498 5397 671 5466 ἥμισυ
724 5395 832 5448 ἀπὸ
875 5393 976 5465 τῆς
1027 5393 1477 5465 μεσουρανήσεως
1513 5392 1653 5465 πρὸς
1684 5392 1949 5459 ἀνατολὴν

362 5487 830 5560 ἀπολαμϐάνεται,
855 5485 948 5541 δύο
974 5485 1032 5540 δὲ
1061 5486 1157 5540 καὶ
1179 5485 1351 5557 ἥμισυ
1379 5484 1516 5556 πρὸς
1540 5484 1712 5541 δύσιν.

450 5842 495 5877 ⁵³
529 5861 620 5915 γρ.
643 5843 704 5900 δὲ
730 5845 1045 5917 τετράγωνα
1070 5843 1338 5918 καθάπερ.

2050 4669 2269 4711 casum.
2313 4652 2471 4710 Unde
2505 4653 2565 4707 tit
2595 4661 2679 4717 ut,
2709 4668 2833 4708 cum
2876 4651 2958 4708 sol
2984 4651 3230 4723 quotidie
3263 4653 3319 4708 in
3357 4654 3632 4724 parallelis

2054 4744 2287 4800 circulis
2313 4743 2545 4811 feratur,
2570 4743 2772 4799 habeat
2792 4758 3040 4807 cursum,
3067 4743 3163 4813 qui
3201 4752 3286 4799 est
3315 4746 3384 4801 ab
3412 4754 3534 4801 ortu
3562 4746 3632 4802 ad

2054 4834 2299 4891 medium
2339 4835 2486 4897 οωιί.
2517 4836 2786 4906 aequalem
2816 4835 2865 4891 ei
2892 4836 3085 4893 cursui
3130 4836 3225 4909 qui
3281 4845 3365 4892 est
3391 4852 3421 4890 a
3452 4835 3633 4893 medi‘o

2054 4928 2182 4984 οωιὶ
2218 4943 2395 4999 usque
2429 4928 2499 4984 ad
2522 4943 2803 4985 occasum.
2838 4928 2975 4984 Cum
3001 4944 3132 4985 vero
3163 4930 3220 4984 in
3258 4929 3484 4985 zodiaco
3516 4931 3634 4987 hac

2053 5021 2345 5077 intervalla
2378 5031 2693 5088 sumuntur,
2735 5021 3006 5094 contingit
3055 5028 3117 5076 ut
3156 5021 3212 5077 id
3257 5022 3629 5087 intervallum,

2054 5112 2202 5183 quod
2230 5119 2316 5169 est
2367 5128 2399 5167 a
2439 5113 2620 5169 medio
2650 5114 2775 5168 οωιί
2805 5112 2874 5167 ad
2920 5122 3103 5170 ortum
3126 5153 3141 5178 ,
3174 5113 3245 5171 sit
3285 5114 3549 5185 inaequale
3579 5114 3631 5170 ei

2056 5204 2376 5269 intervallo,
2410 5205 2553 5275 quod
2582 5214 2668 5262 est
2696 5221 2729 5259 a
2758 5204 2937 5261 medio
2984 5205 3109 5261 οωιὶ
3142 5205 3211 5261 ad
3239 5220 3519 5269 occasum,
3550 5205 3633 5260 id-

2059 5311 2168 5366 que
2219 5304 2442 5367 propter
2473 5296 2855 5367 obliquitatem
2895 5298 3129 5363 zodiaci,
3163 5312 3228 5352 ac
3265 5296 3537 5353 interdum
3565 5312 3634 5352 ex

2055 5387 2167 5443 illis
2198 5402 2296 5444 sex
2326 5388 2522 5459 signis,
2561 5404 2684 5459 quae
2726 5403 2943 5459 semper
2984 5400 3112 5449 sunt
3163 5404 3328 5459 supra
3375 5380 3633 5443 horizon-

2054 5487 2190 5546 tem,
2220 5480 2352 5547 tria,
2395 5488 2451 5537 et
2497 5480 2787 5537 dimidium
2833 5499 2865 5537 a
2910 5484 3089 5539 medio
3132 5484 3256 5539 οωιί
3309 5496 3505 5537 versus
3538 5495 3631 5535 or-

2057 5580 2176 5626 tum
2231 5572 2691 5644 intercipiuntur,
2732 5573 2842 5629 duo
2886 5580 2940 5629 et
2972 5573 3259 5629 dimidium
3294 5587 3488 5628 versus
3535 5588 3631 5627 oc-

2057 5679 2263 5722 casum.
