4116 6400
534 348 647 412 765

1548 368 1637 424 AD
1677 368 1947 430 EUSEBH
1979 374 2378 440 CHRONICON
2414 384 2797 447 AWENDIX.'

3695 401 3809 465 76}

1368 598 1970 925 “ww/ﬁ
2194 522 2213 664 '
2500 576 2634 764 ’79
2763 721 3073 967 ίόχ

870 1336 875 1345 ‘
967 1059 3421 1675 "(\lr—MM—d/t

1418 1484 2941 2871 \/
3104 1687 3125 2361 κ
3259 1827 3470 2242 ί

566 3143 687 3201 Jam
718 3157 946 3220 propter
972 3152 1254 3209 climatum
1289 3154 1628 3214 diﬂ'erentias
1660 3158 1829 3214 etiam
1859 3159 1917 3213 in
1951 3172 2051 3229 par

2179 3158 2396 3230 g'Hd'q
2418 3156 2476 3211 δὲ
2509 3158 2660 3229 παρὰ
2692 3156 2793 3221 τὰς
2814 3154 2925 3211 τῶν
2954 3155 3232 3228 κλιμάτων
3264 3158 3525 3230 διαφορὰς
3566 3161 3662 3217 καὶ
3685 3163 3768 3226 cf:

499 3240 583 3289 tes
608 3238 782 3307 magis
807 3238 1107 3311 inaequales
1131 3244 1395 3302 dividitur
1416 3248 1675 3304 zodiacus
1691 3264 1722 3304 a
1747 3249 2074 3317 meridiano,

2177 3250 2482 3321 ἀνισώτερα
2516 3250 2657 3321 μέρη
2683 3248 2979 3322 διαιρεῖται
3000 3248 3105 3303 ὑπὸ
3134 3249 3228 3304 τοῦ
3261 3251 3637 3326 μεσημϐρινοῦ
3664 3254 3764 3309 κύ-

493 3332 553 3381 et
583 3327 857 3385 interdum
887 3332 956 3388 de
983 3333 1087 3390 180
1126 3337 1391 3407 gradibus
1410 3381 1426 3404 ,
1461 3341 1558 3411 qui
1590 3356 1808 3413 semper
1830 3351 1964 3399 sunt
1988 3359 2051 3399 su

2176 3341 2329 3395 κλου.
2359 3340 2471 3395 Καὶ
2499 3340 2646 3394 ἐστιν
2678 3342 2767 3394 ὅτε
2792 3341 2900 3394 τῶν
2937 3346 3024 3413 ρπ⁹
3070 3340 3274 3414 μοιρῶν
3306 3342 3414 3395 τῶν
3448 3343 3538 3397 διὰ
3564 3345 3765 3411 παντὸς

493 3435 595 3492 pra
633 3422 995 3491 horizontem,
1028 3429 1132 3485 120
1156 3431 1362 3503 gradus
1398 3448 1430 3488 a
1477 3435 1659 3490 medio
1704 3436 1833 3490 caeli
1878 3451 2074 3494 versus

492 3524 677 3570 ortum
708 3518 1134 3592 intercipiuntur
1162 3544 1175 3579 :
1206 3524 1277 3581 60
1307 3541 1438 3582 vero
1466 3528 1670 3597 gradus
1701 3544 1897 3585 versus
1918 3544 2076 3585 occa-

494 3621 642 3671 sum,
669 3616 724 3664 et
748 3620 965 3668 contra.
998 3613 1138 3669 Cum
1172 3616 1341 3687 igitur
1363 3617 1421 3671 in
1451 3619 1727 3675 divisione
1752 3620 1964 3678 zodiaci
1991 3631 2073 3677 ta-

489 3697 562 3755 lis
584 3700 656 3756 sit
705 3705 967 3770 varietas,
1015 3708 1245 3763 omnino
1293 3709 1647 3767 manifestum
1685 3713 1757 3789 lit
1801 3722 2066 3770 erratum.

488 3790 627 3848 Cum
650 3796 798 3850 enim
825 3797 1103 3868 Aquarius
1123 3801 1324 3868 oritur,
1350 3819 1464 3859 non
1497 3813 1644 3861 tenet
1670 3807 1910 3863 medium
1941 3810 2067 3865 cmli

489 3884 725 3953 Taurus,
762 3891 856 3946 sed
881 3900 996 3947 toto
1036 3893 1197 3965 signo
1230 3911 1261 3950 a
1296 3899 1475 3954 medio
1505 3900 1633 3954 cteli
1672 3901 1852 3957 aberit
1891 3904 2064 3959 inter-

486 3976 618 4034 dum
676 3983 843 4037 etiam
902 3984 1142 4055 longius.
1193 3985 1381 4058 Neque
1436 3990 1608 4046 imum
1663 3992 1788 4047 cmli
1844 3993 2066 4050 habebit

487 4070 804 4144 Scorpius:
850 4076 946 4133 sed
996 4077 1140 4134 idem
1191 4094 1223 4135 a
1286 4081 1595 4137 meridiano
1637 4084 1855 4156 integro
1907 4086 2063 4156 signo

483 4166 730 4235 distabit,
763 4168 1038 4224 interdum
1064 4172 1231 4226 etiam
1248 4172 1487 4245 longius.
1520 4173 1710 4246 Itaque
1730 4176 1845 4233 Ι)ωο
1869 4194 2062 4233 secun-

481 4259 611 4316 dum
654 4263 922 4335 quosdam
972 4266 1371 4337 quadratorum
1413 4267 1666 4325 doctrina
1719 4271 1947 4327 omnino
1974 4279 2063 4328 est

477 4352 643 4412 falsa.
1260 4410 1267 4417 .

547 4444 862 4505 Secundum
883 4450 1343 4510 combinationem
1371 4454 1552 4524 posita
1574 4454 1731 4527 signa
1764 4471 1831 4513 ea
1861 4456 2056 4514 dicun-

2176 3432 2319 3504 ὑπὲρ
2346 3432 2437 3485 τὸν
2467 3433 2716 3503 ὁρίζοντα
2749 3431 3109 3504 ὑπαρχουσῶν
3156 3439 3199 3503 ρ’
3231 3433 3328 3504 μὲν
3374 3434 3469 3488 καλ⁵
3501 3441 3548 3489 κ’
3576 3439 3765 3509 μοῖραι

2174 3525 2284 3579 ἀπὸ
2314 3524 2427 3597 τῆς
2470 3526 2921 3597 μεσουρανήσεως
2956 3525 3092 3597 πρὸς
3129 3525 3392 3597 ἀνατολὴν
3438 3526 3762 3599 ἀπολαμϐάε-

2171 3633 2374 3682 νονται,
2409 3616 2449 3681 ξ’
2481 3617 2538 3670 δὲ
2585 3617 2719 3689 πρὸς
2756 3616 2929 3682 δύσιν,
2975 3618 3071 3671 καὶ
3115 3619 3441 3673 τούναντίον.
3491 3619 3765 3693 Τοιαύτης

2169 3703 2263 3763 οὖν
2288 3706 2454 3780 οΰσης
2477 3708 2578 3779 τῆς
2609 3708 2975 3780 παραλλαγῆς.
3000 3710 3058 3763 ὲν
3099 3712 3165 3781 τῇ
3212 3710 3476 3781 διαιρέσει
3520 3709 3614 3765 τοῦ
3649 3711 3778 3775 ζωο-

2168 3800 2357 3860 διακοῦ
2386 3800 2609 3864 κύκλου,
2647 3800 2871 3871 ἔκδηλον
2903 3800 3207 3874 ὁλοσχερῶς
3236 3800 3447 3871 γίνεται
3487 3802 3548 3856 τὸ
3581 3802 3763 3875 ἁμάρ-

2166 3910 2338 3965 τημα.
2381 3892 2666 3965 Ὑδροχόου
2712 3892 2820 3966 γὰρ
2851 3893 3260 3957 ἀνατέλλοντος,
3315 3895 3376 3947 οὐ
3431 3897 3762 3966 μεσουρανεῐ

2168 3986 2403 4059 Ταῦρος,
2430 3985 2545 4040 ἀλλ’
2579 3984 2768 4055 ἀφέξει
2804 3983 2992 4050 ζώδιον
3014 3985 3133 4041 ὅλον
3161 3985 3269 4040 ἀπὸ
3296 3986 3394 4056 τῆς
3420 3986 3779 4057 μεσουρανῇ--

2166 4093 2337 4142 σεωςο
2384 4076 2498 4130 ἔστι
2535 4077 2593 4131 δὲ
2630 4078 2720 4130 ὅτε
2761 4078 2855 4131 καὶ
2898 4076 3082 4132 πλέον.
3113 4077 3248 4131 Οὐδὲ
3281 4076 3386 4131 ὑπὸ
3424 4078 3527 4149 γῆν
3559 4095 3754 4149 μεσου-

2165 4171 2388 4242 ρανήσει
2422 4169 2689 4240 Σκορπίος
2709 4186 2724 4200 ο
2754 4168 2891 4222 ἀλλὰ
2928 4168 3115 4234 ζῴδιον
3141 4167 3259 4222 ὅλον
3300 4167 3489 4238 ἀφέξει
3522 4168 3629 4222 ἀπὸ
3654 4169 3751 4222 τοῦ

2164 4258 2569 4333 μεσημϐρινοῦ·
2606 4259 2721 4312 ἔστι
2749 4260 2806 4313 δὲ
2828 4261 2916 4313 ὅτε
2945 4261 3041 4313 καὶ
3072 4259 3277 4314 πλεῖον.
3317 4260 3479 4313 Ὥστε
3521 4259 3767 4315 καθόλουΔ

2156 4352 2256 4424 τὴν
2285 4352 2391 4407 τῶν
2414 4351 2773 4424 τετραγώνων
2799 4352 3015 4407 ἔκθεσιν
3047 4350 3478 4424 διημρτῆσθαι.

2227 4442 2387 4497 Κατὰ
2412 4443 2673 4513 συζυγίαν
2698 4444 2755 4497 δὲ
2786 4443 3004 4513 λέγεται
3030 4443 3197 4508 ζὼδια
3242 4442 3312 4497 τὰ
3348 4445 3413 4496 ὲκ
3447 4442 3543 4496 τοῦ
3579 4442 3747 4497 αὐτοῦ

474 4548 584 4607 tur,
615 4558 736 4614 quae
763 4559 832 4598 ex
890 4544 1082 4601 eodem
1143 4545 1268 4604 loco
1301 4548 1584 4615 oriuntur,
1613 4556 1668 4605 et
1712 4549 1770 4604 in
1797 4549 2050 4605 eumdem

2156 4535 2724 4599 τόπουάνατέλλοντα,
2760 4535 2861 4589 καὶ
2886 4536 2967 4599 είς
2993 4535 3084 4589 τὸν
3114 4534 3277 4589 αὑτὸν
3304 4534 3467 4589 τόπον
3500 4533 3761 4591 δύνοντα..

471 4633 652 4690 locum
681 4637 958 4693 occidunt.
982 4639 1109 4695 Haec
1128 4648 1309 4696 autem
1341 4649 1493 4710 sunt,
1511 4657 1634 4713 qua:
1659 4643 1803 4697 inter
1823 4626 2049 4699 eosdem

467 4727 576 4783 sita
610 4738 741 4785 sunt
774 4731 1070 4801 parallelos
1099 4734 1365 4790 circulos.
1403 4733 1626 4792 Veteres
1655 4735 1876 4806 quidem
1905 4748 2051 4791 com-

466 4817 777 4878 binationes
813 4826 1093 4896 signorum
1125 4827 1208 4883 sic
1234 4828 1582 4898 exponebant
1611 4827 1922 4884 :Cancrum
1954 4829 2049 4884 do-

463 4921 699 4969 cuerunt
746 4915 954 4970 nullam
1014 4917 1221 4973 habere
1270 4918 1735 4973 combinationem
1768 4933 1892 4973 cum
1936 4918 2046 4973 alio

461 5006 661 5078 signo:
696 5010 791 5066 sed
820 5018 875 5066 et
912 5010 1051 5065 oriri
1088 5012 1327 5067 maxime
1365 5010 1669 5077 borealem,
1705 5018 1758 5067 et
1786 5009 2041 5066 occidere

457 5100 698 5156 maxime
752 5102 1023 5158 borealem
1045 5142 1062 5168 ,
1095 5118 1221 5159 cum
1255 5102 1313 5158 in
1343 5102 1436 5157 tali
1483 5103 1672 5175 aliquo
1718 5109 2041 5174 argumento

456 5193 730 5264 probabili
757 5195 1199 5265 acquiescerent.
1229 5192 1367 5249 Cum
1399 5194 1550 5250 enim
1580 5195 1772 5250 aestiva
1799 5194 2036 5250 solstitia

453 5283 589 5341 ﬁant
614 5287 670 5342 in
698 5284 936 5353 Cancro,
968 5297 1022 5343 et
1051 5287 1110 5341 in
1156 5285 1365 5342 aestivis
1394 5286 1650 5342 solstitiis
1680 5285 1763 5342 sol
1798 5286 2035 5340 maxime

450 5376 691 5436 borealis
721 5381 837 5447 ﬁat,
893 5382 964 5437 ob
1012 5381 1119 5436 hoc
1161 5387 1429 5452 putarunt
1473 5382 1713 5436 maxime
1754 5379 2031 5436 borealem

448 5473 585 5528 oriri
624 5473 923 5538 Cancrum,
953 5475 1210 5532 similiter
1232 5482 1287 5530 et
1311 5475 1584 5532 occidere.
1617 5473 1818 5530 Eadem
1845 5479 2031 5528 autem

447 5564 590 5620 ratio
616 5573 701 5621 est
728 5566 897 5622 etiam
945 5566 1000 5622 in
1034 5566 1395 5637 Capricorno.
1451 5566 1667 5623 Etenim
1726 5566 1875 5621 hunc
1923 5579 2029 5634 pu-

446 5655 634 5739 tabant
663 5659 898 5714 maxime
926 5661 1221 5716 australem
1265 5661 1421 5722 oriri,
1453 5667 1509 5716 et
1541 5674 1666 5715 cum
1721 5659 1875 5715 nullo
1915 5657 2026 5714 alio

444 5750 603 5823 signo
653 5754 1112 5809 combinationem
1149 5754 1373 5811 habere.
1411 5754 1548 5811 Cum
1592 5753 1737 5810 enim
1791 5752 2022 5828 hibg‘na

518 5861 560 5895 ιι
594 5861 645 5945 [η
674 5862 969 5932 πιριλαρα

2157 4626 2343 4681 Ταῦτα
2368 4625 2428 4679 δέ
2459 4627 2577 4680 ἐστί
2598 4625 2670 4680 τὰ
2699 4625 2805 4679 ὑπὸ
2821 4625 2931 4680 τῶν
2964 4626 3143 4679 αὐτῶν
3181 4625 3539 4697 παραλλήλων
3567 4643 3761 4697 παρα-π

2150 4712 2537 4789 λαμϐανόμενα
2553 4717 2597 4749 ¹⁸
2613 4716 2849 4772 κύκλων.
2872 4719 2936 4771 Οἱ
2968 4718 3067 4788 μὲν
3087 4712 3179 4771 οὖν
3204 4718 3420 4789 ἀρχαῖοι
3456 4718 3556 4782 τὰς
3578 4719 3744 4784 συζυ-

2148 4811 2274 4880 γίας
2302 4809 2660 4879 ἀπεφαίνοντο
2681 4808 2854 4873 οὕτως
2870 4825 2886 4839 °
2905 4807 3173 4880 Καρκίνον
3200 4808 3297 4879 μὲν
3321 4807 3620 4871 ὲξετίθεντο
3645 4825 3745 4880 μη-

2145 4906 2201 4959 δε
2211 4905 2338 4977 μίαν
2356 4903 2498 4975 ἔχειν
2514 4903 2774 4972 συζυγίαν
2795 4902 2932 4974 πρὸς
2955 4901 3081 4957 ἄλλο
3098 4899 3284 4967 ζὼδιον
3301 4917 3313 4931 ·
3332 4899 3468 4954 ἀλλὰ
3489 4900 3585 4954 καὶ
3604 4901 3737 4955 ἀνα-

2143 4998 2349 5052 τέλλειν
2381 4996 2742 5069 βορειότατον,
2777 4996 2871 5049 καὶ
2908 4993 3085 5048 δύνειν
3116 4992 3480 5065 βορειότατον,
3509 4994 3736 5068 τοιούτῳ

2142 5092 2247 5146 τινὶ
2271 5089 2514 5154 πιθανῶς
2547 5087 3114 5162 προσαναπαυόμενοι.
3152 5085 3306 5139 ’Estel.
3334 5085 3444 5158 γὰρ
3486 5087 3542 5140 αἱ
3584 5084 3734 5159 θερι-

2140 5183 2230 5238 ναὶ
2266 5183 2466 5255 τροπαὶ
2491 5180 2731 5250 γίνονται
2764 5183 2822 5234 ὲν
2851 5178 3132 5251 Καρκίνῳ,
3172 5178 3229 5230 ὲν
3260 5176 3316 5230 δὲ
3347 5179 3468 5239 ταῖς
3494 5176 3736 5248 θεριναῖς

2137 5278 2367 5348 τροπαῖς
2397 5274 2735 5346 βορειότατος
2770 5273 2978 5341 γίνεται
3023 5271 3241 5342 eam;
3260 5309 3275 5335 ,
3303 5268 3391 5323 διὰ
3422 5268 3580 5324 τοῦτο
3625 5269 3738 5323 ὑπ-

2137 5368 2334 5423 έλαϐον
2366 5367 2704 5438 βορειότατον
2728 5363 3038 5418 ἀνατέλλειν
3057 5362 3150 5417 τδν
3174 5363 3447 5433 Καρκίνον
3468 5379 3482 5393 ο
3523 5364 3741 5434 ὁμοίως,

2131 5462 2190 5517 δὲ
2216 5462 2311 5515 καὶ
2337 5461 2534 5515 δύνειν.
2573 5460 2631 5513 '0
2676 5457 2735 5510 δὲ
2775 5455 2939 5520 αὐτὸς
2971 5455 3128 5524 λόγος
3169 5455 3262 5507 καὶ
3296 5454 3393 5508 ἐπὶ
3434 5453 3530 5509 τοῦ
3564 5453 3731 5525 A116-

2130 5573 2299 5628 κερω.
2332 5554 2444 5610 Καὶ
2475 5552 2583 5623 γὰρ
2613 5551 2803 5606 τοῦτον
2833 5547 3215 5620 ὑπελάμϐανον
3243 5547 3563 5601 νοτιώτατον
3592 5550 3725 5601 ἀνα-

2128 5653 2351 5717 στέλλειν,
2405 5651 2497 5704 καὶ
2554 5647 2689 5719 πρὸς
2748 5644 2913 5717 μηδὲν
2970 5642 3158 5714 ἕτερον
3211 5640 3400 5707 ζὼδιον
3456 5640 3721 5710 συζυγίαν

2127 5745 2292 5816 ἔχειν.
2336 5744 2490 5799 Ἐπεὶ
2541 5740 2651 5813 γὰρ
2703 5739 2759 5794 αι
2800 5736 3001 5791 τοοπαὶ
3043 5733 3350 5808 χειμεριναὶ
3386 5733 3627 5802 γίνονται
3657 5744 3722 5791 εν
