  <div class='ocr_page' id='page_1' title='image "/cluster/home/n/w/nwhite01/storage/ocr_20150623/19/nnc1.0037127454/400.png"; bbox 0 0 4124 6400; ppageno 0'>
   <div class='ocr_carea' id='block_1_1' title="bbox 380 473 492 528">
    <p class='ocr_par' dir='ltr' id='par_1_1' title="bbox 380 473 492 528">
     <span class='ocr_line' id='line_1_1' title="bbox 380 473 492 528; baseline -0.009 0"><span class='ocrx_word' id='word_1_1' title='bbox 380 473 492 528; x_wconf 75' lang='lat'><strong>765-</strong></span> 
     </span>
    </p>
   </div>
   <div class='ocr_carea' id='block_1_2' title="bbox 1397 427 2581 509">
    <p class='ocr_par' dir='ltr' id='par_1_2' title="bbox 1397 427 2581 509">
     <span class='ocr_line' id='line_1_2' title="bbox 1397 427 2581 509; baseline -0.021 -1"><span class='ocrx_word' id='word_1_2' title='bbox 1397 449 1638 509; x_wconf 81' lang='lat' dir='ltr'><strong>GEMINI</strong></span> <span class='ocrx_word' id='word_1_3' title='bbox 1677 439 2053 502; x_wconf 78' lang='lat' dir='ltr'><strong>ELEMENTA</strong></span> <span class='ocrx_word' id='word_1_4' title='bbox 2088 427 2581 491; x_wconf 71' lang='lat' dir='ltr'><strong>ASTRONOMIAS.</strong></span> 
     </span>
    </p>
   </div>
   <div class='ocr_carea' id='block_1_3' title="bbox 381 519 1994 660">
    <p class='ocr_par' dir='ltr' id='par_1_3' title="bbox 381 565 1994 660">
     <span class='ocr_line' id='line_1_3' title="bbox 381 565 1994 660; baseline -0.019 -15"><span class='ocrx_word' id='word_1_5' title='bbox 381 590 678 660; x_wconf 74' lang='grc' dir='ltr'>Δίγόκερῳ,</span> <span class='ocrx_word' id='word_1_6' title='bbox 702 587 760 638; x_wconf 91' lang='lat' dir='ltr'><strong>tv</strong></span> <span class='ocrx_word' id='word_1_7' title='bbox 786 584 843 638; x_wconf 83' lang='grc' dir='ltr'>δὲ</span> <span class='ocrx_word' id='word_1_8' title='bbox 875 584 992 645; x_wconf 86' lang='grc' dir='ltr'>ταῖς</span> <span class='ocrx_word' id='word_1_9' title='bbox 1023 578 1356 651; x_wconf 87' lang='grc' dir='ltr'>χειμεριναῖς</span> <span class='ocrx_word' id='word_1_10' title='bbox 1384 574 1611 646; x_wconf 82' lang='grc' dir='ltr'><strong>τροπαῖς</strong></span> <span class='ocrx_word' id='word_1_11' title='bbox 1643 565 1962 627; x_wconf 73' lang='grc' dir='ltr'>νοτιωτατος</span> <span class='ocrx_word' id='word_1_12' title='bbox 1991 618 1994 625; x_wconf 12' lang='grc' dir='ltr'><strong>γ</strong></span> 
     </span>
    </p>
   </div>
   <div class='ocr_carea' id='block_1_4' title="bbox 2093 519 3634 660">
    <p class='ocr_par' dir='ltr' id='par_1_4' title="bbox 2095 519 3634 660">
     <span class='ocr_line' id='line_1_4' title="bbox 2095 519 3634 615; baseline -0.025 -3"><span class='ocrx_word' id='word_1_13' title='bbox 2095 555 2302 612; x_wconf 87' lang='lat' dir='ltr'><strong>olstitia</strong></span> <span class='ocrx_word' id='word_1_14' title='bbox 2337 552 2471 607; x_wconf 86' lang='lat' dir='ltr'><strong>ﬁant</strong></span> <span class='ocrx_word' id='word_1_15' title='bbox 2505 549 2559 603; x_wconf 92' lang='lat' dir='ltr'><strong>in</strong></span> <span class='ocrx_word' id='word_1_16' title='bbox 2593 543 2973 615; x_wconf 77' lang='lat' dir='ltr'><strong>Capricorno,</strong></span> <span class='ocrx_word' id='word_1_17' title='bbox 2999 535 3056 591; x_wconf 82' lang='lat' dir='ltr'><strong>in</strong></span> <span class='ocrx_word' id='word_1_18' title='bbox 3093 525 3347 589; x_wconf 76' lang='lat' dir='ltr'><strong>solstitiis</strong></span> <span class='ocrx_word' id='word_1_19' title='bbox 3378 536 3508 579; x_wconf 76' lang='lat' dir='ltr'><strong>vero</strong></span> <span class='ocrx_word' id='word_1_20' title='bbox 3555 519 3634 574; x_wconf 86' lang='lat' dir='ltr'><strong>hi-</strong></span> 
     </span>
     <span class='ocr_line' id='line_1_5' title="bbox 2206 611 3634 660; baseline -0.026 27"><span class='ocrx_word' id='word_1_21' title='bbox 2206 647 2216 656; x_wconf 85' lang='lat'>&#39;</span> <span class='ocrx_word' id='word_1_22' title='bbox 2341 642 2511 660; x_wconf 47' lang='grc' dir='ltr'><strong>-ίνεμ-</strong></span> <span class='ocrx_word' id='word_1_23' title='bbox 2560 632 2822 660; x_wconf 45' lang='lat' dir='ltr'><strong>“mh-ﬁ“-</strong></span> <span class='ocrx_word' id='word_1_24' title='bbox 2856 628 2934 660; x_wconf 66' lang='grc' dir='ltr'>οηι</span> <span class='ocrx_word' id='word_1_25' title='bbox 2966 627 3054 660; x_wconf 65' lang='lat' dir='ltr'><strong>Gul</strong></span> <span class='ocrx_word' id='word_1_26' title='bbox 3088 639 3101 652; x_wconf 81' lang='grc' dir='ltr'><strong>ο</strong></span> <span class='ocrx_word' id='word_1_27' title='bbox 3132 620 3202 660; x_wconf 77' lang='lat' dir='ltr'><strong>nh</strong></span> <span class='ocrx_word' id='word_1_28' title='bbox 3237 619 3342 660; x_wconf 72' lang='lat' dir='ltr'><strong>hnc</strong></span> <span class='ocrx_word' id='word_1_29' title='bbox 3372 611 3634 660; x_wconf 65' lang='lat' dir='ltr'><strong>nutabant</strong></span> 
     </span>
    </p>
   </div>
   <div class='ocr_carea' id='block_1_5' title="bbox 386 658 1958 754">
    <p class='ocr_par' dir='ltr' id='par_1_5' title="bbox 386 658 1958 754">
     <span class='ocr_line' id='line_1_6' title="bbox 386 658 1958 754; baseline -0.02 -15"><span class='ocrx_word' id='word_1_30' title='bbox 386 658 593 754; x_wconf 70' lang='grc' dir='ltr'>γίνεται</span> <span class='ocrx_word' id='word_1_31' title='bbox 693 677 877 748; x_wconf 75' lang='grc' dir='ltr'>ἥλιοςο</span> <span class='ocrx_word' id='word_1_32' title='bbox 914 673 1001 728; x_wconf 71' lang='grc' dir='ltr'><strong>διὰ</strong></span> <span class='ocrx_word' id='word_1_33' title='bbox 1031 671 1189 726; x_wconf 80' lang='grc' dir='ltr'>τοῦτο</span> <span class='ocrx_word' id='word_1_34' title='bbox 1228 665 1606 737; x_wconf 78' lang='grc' dir='ltr'>ὑπελάμϐανον</span> <span class='ocrx_word' id='word_1_35' title='bbox 1643 658 1958 715; x_wconf 84' lang='grc' dir='ltr'>νοτιώτατον</span> 
     </span>
    </p>
   </div>
   <div class='ocr_carea' id='block_1_6' title="bbox 383 749 1961 836">
    <p class='ocr_par' dir='ltr' id='par_1_6' title="bbox 383 749 1961 836">
     <span class='ocr_line' id='line_1_7' title="bbox 383 749 1961 836; baseline -0.019 -7"><span class='ocrx_word' id='word_1_36' title='bbox 383 749 688 832; x_wconf 54' lang='grc' dir='ltr'>ἀνατέλλειν</span> <span class='ocrx_word' id='word_1_37' title='bbox 736 769 825 822; x_wconf 78' lang='grc' dir='ltr'><strong>τὸν</strong></span> <span class='ocrx_word' id='word_1_38' title='bbox 857 766 1168 836; x_wconf 81' lang='grc' dir='ltr'>Αίγόκερων</span> <span class='ocrx_word' id='word_1_39' title='bbox 1188 803 1202 828; x_wconf 89' lang='grc'><em>,</em></span> <span class='ocrx_word' id='word_1_40' title='bbox 1251 761 1346 816; x_wconf 75' lang='grc' dir='ltr'><strong>καὶ</strong></span> <span class='ocrx_word' id='word_1_41' title='bbox 1392 757 1554 829; x_wconf 82' lang='grc' dir='ltr'>μηδὲν</span> <span class='ocrx_word' id='word_1_42' title='bbox 1604 752 1730 808; x_wconf 83' lang='grc' dir='ltr'>ἄλλο</span> <span class='ocrx_word' id='word_1_43' title='bbox 1774 749 1961 815; x_wconf 79' lang='grc' dir='ltr'>ζὼδιον</span> 
     </span>
    </p>
   </div>
   <div class='ocr_carea' id='block_1_7' title="bbox 383 843 1958 931">
    <p class='ocr_par' dir='ltr' id='par_1_7' title="bbox 383 843 1958 931">
     <span class='ocr_line' id='line_1_8' title="bbox 383 843 1958 931; baseline -0.017 -12"><span class='ocrx_word' id='word_1_44' title='bbox 383 867 448 920; x_wconf 67' lang='grc' dir='ltr'>ὲκ</span> <span class='ocrx_word' id='word_1_45' title='bbox 481 862 572 931; x_wconf 73' lang='grc' dir='ltr'><strong>τοῦ</strong></span> <span class='ocrx_word' id='word_1_46' title='bbox 608 860 770 915; x_wconf 78' lang='grc' dir='ltr'>αὑτοῦ</span> <span class='ocrx_word' id='word_1_47' title='bbox 801 859 967 912; x_wconf 88' lang='grc' dir='ltr'>τόπου</span> <span class='ocrx_word' id='word_1_48' title='bbox 993 854 1302 910; x_wconf 84' lang='grc' dir='ltr'><strong>ἀνατέλλειν</strong></span> <span class='ocrx_word' id='word_1_49' title='bbox 1332 851 1424 906; x_wconf 74' lang='grc' dir='ltr'><strong>καὶ</strong></span> <span class='ocrx_word' id='word_1_50' title='bbox 1452 848 1627 901; x_wconf 79' lang='grc' dir='ltr'>δύνειν</span> <span class='ocrx_word' id='word_1_51' title='bbox 1659 843 1958 913; x_wconf 83' lang='grc' dir='ltr'>Αἰγόκερῳ.</span> 
     </span>
    </p>
   </div>
   <div class='ocr_carea' id='block_1_8' title="bbox 385 933 1964 1018">
    <p class='ocr_par' dir='ltr' id='par_1_8' title="bbox 385 933 1964 1018">
     <span class='ocr_line' id='line_1_9' title="bbox 385 933 1964 1018; baseline -0.017 -8"><span class='ocrx_word' id='word_1_52' title='bbox 385 956 496 1018; x_wconf 73' lang='grc' dir='ltr'><strong>Τὰς</strong></span> <span class='ocrx_word' id='word_1_53' title='bbox 537 953 594 1007; x_wconf 82' lang='grc' dir='ltr'>δὲ</span> <span class='ocrx_word' id='word_1_54' title='bbox 630 951 822 1015; x_wconf 84' lang='grc' dir='ltr'>λοιπὰς</span> <span class='ocrx_word' id='word_1_55' title='bbox 850 947 1113 1016; x_wconf 77' lang='grc' dir='ltr'><strong>συζυγίας</strong></span> <span class='ocrx_word' id='word_1_56' title='bbox 1144 944 1441 1010; x_wconf 80' lang='grc' dir='ltr'>ὲξετίθεντο</span> <span class='ocrx_word' id='word_1_57' title='bbox 1476 940 1680 1001; x_wconf 73' lang='grc' dir='ltr'>οὕτως·</span> <span class='ocrx_word' id='word_1_58' title='bbox 1714 933 1964 1002; x_wconf 80' lang='grc' dir='ltr'><strong>Διδύμοις</strong></span> 
     </span>
    </p>
   </div>
   <div class='ocr_carea' id='block_1_9' title="bbox 387 1023 1965 1115">
    <p class='ocr_par' dir='ltr' id='par_1_9' title="bbox 387 1023 1965 1115">
     <span class='ocr_line' id='line_1_10' title="bbox 387 1023 1965 1115; baseline -0.017 -13"><span class='ocrx_word' id='word_1_59' title='bbox 387 1050 625 1111; x_wconf 83' lang='grc' dir='ltr'>Λέοντα,</span> <span class='ocrx_word' id='word_1_60' title='bbox 685 1043 883 1115; x_wconf 83' lang='grc' dir='ltr'>Ταύρῳ</span> <span class='ocrx_word' id='word_1_61' title='bbox 935 1039 1248 1111; x_wconf 77' lang='grc' dir='ltr'>Παρθένον,</span> <span class='ocrx_word' id='word_1_62' title='bbox 1306 1033 1460 1105; x_wconf 82' lang='grc' dir='ltr'>Κριῷ</span> <span class='ocrx_word' id='word_1_63' title='bbox 1514 1030 1717 1099; x_wconf 80' lang='grc' dir='ltr'>Ζυγὸν,</span> <span class='ocrx_word' id='word_1_64' title='bbox 1767 1023 1965 1095; x_wconf 82' lang='grc' dir='ltr'>Ἰχθύσι</span> 
     </span>
    </p>
   </div>
   <div class='ocr_carea' id='block_1_10' title="bbox 387 1116 1966 1218">
    <p class='ocr_par' dir='ltr' id='par_1_10' title="bbox 387 1116 1966 1218">
     <span class='ocr_line' id='line_1_11' title="bbox 387 1116 1966 1218; baseline -0.016 -26"><span class='ocrx_word' id='word_1_65' title='bbox 387 1137 672 1218; x_wconf 79' lang='grc' dir='ltr'>Σκορπίον,</span> <span class='ocrx_word' id='word_1_66' title='bbox 700 1133 968 1206; x_wconf 81' lang='grc' dir='ltr'>’Υδροχόῳ</span> <span class='ocrx_word' id='word_1_67' title='bbox 1007 1131 1266 1201; x_wconf 80' lang='grc' dir='ltr'>Τοξότην.</span> <span class='ocrx_word' id='word_1_68' title='bbox 1297 1127 1409 1197; x_wconf 82' lang='grc' dir='ltr'><strong>Τὴν</strong></span> <span class='ocrx_word' id='word_1_69' title='bbox 1437 1125 1495 1177; x_wconf 73' lang='grc' dir='ltr'><strong>δὲ</strong></span> <span class='ocrx_word' id='word_1_70' title='bbox 1523 1120 1776 1189; x_wconf 82' lang='grc' dir='ltr'>τοιαύτην</span> <span class='ocrx_word' id='word_1_71' title='bbox 1807 1116 1966 1170; x_wconf 79' lang='grc' dir='ltr'>ἔκθε-</span> 
     </span>
    </p>
   </div>
   <div class='ocr_carea' id='block_1_11' title="bbox 388 1203 1968 1295">
    <p class='ocr_par' dir='ltr' id='par_1_11' title="bbox 388 1203 1968 1295">
     <span class='ocr_line' id='line_1_12' title="bbox 388 1203 1968 1295; baseline -0.017 -12"><span class='ocrx_word' id='word_1_72' title='bbox 388 1245 472 1283; x_wconf 87' lang='grc' dir='ltr'><strong>σιν</strong></span> <span class='ocrx_word' id='word_1_73' title='bbox 500 1203 779 1290; x_wconf 76' lang='grc' dir='ltr'>παντελῶς</span> <span class='ocrx_word' id='word_1_74' title='bbox 799 1203 1244 1295; x_wconf 83' lang='grc' dir='ltr'>διημαρτημένην</span> <span class='ocrx_word' id='word_1_75' title='bbox 1271 1213 1410 1271; x_wconf 79' lang='grc' dir='ltr'>εἶναι</span> <span class='ocrx_word' id='word_1_76' title='bbox 1434 1211 1802 1285; x_wconf 74' lang='grc' dir='ltr'>συμϐέϐηκεν.</span> <span class='ocrx_word' id='word_1_77' title='bbox 1832 1203 1968 1260; x_wconf 74' lang='grc' dir='ltr'>Οὔτε</span> 
     </span>
    </p>
   </div>
   <div class='ocr_carea' id='block_1_12' title="bbox 390 1295 1970 1392">
    <p class='ocr_par' dir='ltr' id='par_1_12' title="bbox 390 1295 1970 1392">
     <span class='ocr_line' id='line_1_13' title="bbox 390 1295 1970 1392; baseline -0.016 -18"><span class='ocrx_word' id='word_1_78' title='bbox 390 1318 495 1392; x_wconf 73' lang='grc' dir='ltr'><strong>γὰρ</strong></span> <span class='ocrx_word' id='word_1_79' title='bbox 524 1320 581 1371; x_wconf 88' lang='lat' dir='ltr'><strong>tv</strong></span> <span class='ocrx_word' id='word_1_80' title='bbox 598 1318 702 1388; x_wconf 86' lang='grc' dir='ltr'>ὅλῳ</span> <span class='ocrx_word' id='word_1_81' title='bbox 719 1315 796 1385; x_wconf 83' lang='grc' dir='ltr'>τῷ</span> <span class='ocrx_word' id='word_1_82' title='bbox 825 1313 1085 1385; x_wconf 84' lang='grc' dir='ltr'>Καρκίνῳ</span> <span class='ocrx_word' id='word_1_83' title='bbox 1110 1309 1310 1380; x_wconf 73' lang='grc' dir='ltr'>τροπαὶ</span> <span class='ocrx_word' id='word_1_84' title='bbox 1329 1307 1593 1392; x_wconf 65' lang='grc' dir='ltr'>γίνονταιο</span> <span class='ocrx_word' id='word_1_85' title='bbox 1617 1299 1730 1354; x_wconf 83' lang='grc' dir='ltr'>ἀλλ’</span> <span class='ocrx_word' id='word_1_86' title='bbox 1747 1298 1890 1351; x_wconf 77' lang='grc' dir='ltr'>ἐστιν</span> <span class='ocrx_word' id='word_1_87' title='bbox 1911 1295 1970 1348; x_wconf 83' lang='grc' dir='ltr'><strong>’ἐν</strong></span> 
     </span>
    </p>
   </div>
   <div class='ocr_carea' id='block_1_13' title="bbox 392 1387 1964 1479">
    <p class='ocr_par' dir='ltr' id='par_1_13' title="bbox 392 1387 1964 1479">
     <span class='ocr_line' id='line_1_14' title="bbox 392 1387 1964 1479; baseline -0.018 -15"><span class='ocrx_word' id='word_1_88' title='bbox 392 1387 442 1464; x_wconf 77' lang='grc' dir='ltr'><strong>τι</strong></span> <span class='ocrx_word' id='word_1_89' title='bbox 464 1387 690 1479; x_wconf 43' lang='grc' dir='ltr'>’σημεῖον</span> <span class='ocrx_word' id='word_1_90' title='bbox 718 1405 861 1474; x_wconf 84' lang='grc' dir='ltr'>λόγῳ</span> <span class='ocrx_word' id='word_1_91' title='bbox 890 1400 1182 1473; x_wconf 63' lang='grc' dir='ltr'>θεωρητόν,</span> <span class='ocrx_word' id='word_1_92' title='bbox 1212 1398 1296 1466; x_wconf 78' lang='grc' dir='ltr'><strong>ἐφ’</strong></span> <span class='ocrx_word' id='word_1_93' title='bbox 1337 1387 1398 1448; x_wconf 71' lang='grc' dir='ltr'><strong>οὗ</strong></span> <span class='ocrx_word' id='word_1_94' title='bbox 1442 1393 1730 1462; x_wconf 76' lang='grc' dir='ltr'>γενόμενος</span> <span class='ocrx_word' id='word_1_95' title='bbox 1757 1389 1786 1440; x_wconf 86' lang='grc' dir='ltr'>ὁ</span> <span class='ocrx_word' id='word_1_96' title='bbox 1812 1387 1964 1456; x_wconf 76' lang='grc' dir='ltr'>ἣλιος</span> 
     </span>
    </p>
   </div>
   <div class='ocr_carea' id='block_1_14' title="bbox 393 1478 1972 1570">
    <p class='ocr_par' dir='ltr' id='par_1_14' title="bbox 393 1478 1972 1570">
     <span class='ocr_line' id='line_1_15' title="bbox 393 1478 1972 1570; baseline -0.016 -17"><span class='ocrx_word' id='word_1_97' title='bbox 393 1500 488 1570; x_wconf 83' lang='grc' dir='ltr'><strong>τὴν</strong></span> <span class='ocrx_word' id='word_1_98' title='bbox 527 1478 738 1568; x_wconf 82' lang='grc' dir='ltr'>τροπὴν</span> <span class='ocrx_word' id='word_1_99' title='bbox 783 1497 1034 1548; x_wconf 85' lang='grc' dir='ltr'>ποιεῖται.</span> <span class='ocrx_word' id='word_1_100' title='bbox 1069 1491 1156 1544; x_wconf 88' lang='grc' dir='ltr'><strong>Ἐν</strong></span> <span class='ocrx_word' id='word_1_101' title='bbox 1204 1487 1312 1559; x_wconf 84' lang='grc' dir='ltr'><strong>γὰρ</strong></span> <span class='ocrx_word' id='word_1_102' title='bbox 1366 1482 1657 1554; x_wconf 84' lang='grc' dir='ltr'>στιγμιαίῳ</span> <span class='ocrx_word' id='word_1_103' title='bbox 1707 1479 1882 1552; x_wconf 84' lang='grc' dir='ltr'>χρόνῳ</span> <span class='ocrx_word' id='word_1_104' title='bbox 1915 1478 1972 1529; x_wconf 79' lang='grc' dir='ltr'>αἱ</span> 
     </span>
    </p>
   </div>
   <div class='ocr_carea' id='block_1_15' title="bbox 393 1571 1976 1663">
    <p class='ocr_par' dir='ltr' id='par_1_15' title="bbox 393 1571 1976 1663">
     <span class='ocr_line' id='line_1_16' title="bbox 393 1571 1976 1663; baseline -0.015 -19"><span class='ocrx_word' id='word_1_105' title='bbox 393 1592 589 1663; x_wconf 77' lang='grc' dir='ltr'>τροπαὶ</span> <span class='ocrx_word' id='word_1_106' title='bbox 607 1589 867 1658; x_wconf 88' lang='grc' dir='ltr'>γίνονται.</span> <span class='ocrx_word' id='word_1_107' title='bbox 889 1585 962 1638; x_wconf 86' lang='grc' dir='ltr'>Τὸ</span> <span class='ocrx_word' id='word_1_108' title='bbox 982 1583 1038 1636; x_wconf 81' lang='grc' dir='ltr'><strong>δὲ</strong></span> <span class='ocrx_word' id='word_1_109' title='bbox 1059 1582 1178 1635; x_wconf 83' lang='grc' dir='ltr'>ὅλον</span> <span class='ocrx_word' id='word_1_110' title='bbox 1203 1576 1672 1647; x_wconf 82' lang='grc' dir='ltr'>δωδεκατημόριον</span> <span class='ocrx_word' id='word_1_111' title='bbox 1700 1571 1794 1624; x_wconf 83' lang='grc' dir='ltr'>τοῦ</span> <span class='ocrx_word' id='word_1_112' title='bbox 1823 1571 1976 1641; x_wconf 80' lang='grc' dir='ltr'>Καρ-</span> 
     </span>
    </p>
   </div>
   <div class='ocr_carea' id='block_1_16' title="bbox 394 1659 1978 1750">
    <p class='ocr_par' dir='ltr' id='par_1_16' title="bbox 394 1659 1978 1750">
     <span class='ocr_line' id='line_1_17' title="bbox 394 1659 1978 1750; baseline -0.016 -14"><span class='ocrx_word' id='word_1_113' title='bbox 394 1681 546 1736; x_wconf 83' lang='grc' dir='ltr'>κίνου</span> <span class='ocrx_word' id='word_1_114' title='bbox 573 1678 774 1750; x_wconf 81' lang='grc' dir='ltr'>ὁμοίως</span> <span class='ocrx_word' id='word_1_115' title='bbox 808 1679 982 1730; x_wconf 87' lang='grc' dir='ltr'>κεῖται</span> <span class='ocrx_word' id='word_1_116' title='bbox 1015 1676 1127 1736; x_wconf 87' lang='grc' dir='ltr'>τοῖς</span> <span class='ocrx_word' id='word_1_117' title='bbox 1157 1670 1427 1740; x_wconf 82' lang='grc' dir='ltr'>Διδύμοις,</span> <span class='ocrx_word' id='word_1_118' title='bbox 1457 1667 1550 1720; x_wconf 71' lang='grc' dir='ltr'><strong>καὶ</strong></span> <span class='ocrx_word' id='word_1_119' title='bbox 1582 1664 1840 1734; x_wconf 81' lang='grc' dir='ltr'>ἑκάτερον</span> <span class='ocrx_word' id='word_1_120' title='bbox 1879 1659 1978 1712; x_wconf 81' lang='grc' dir='ltr'><strong>αὺ-</strong></span> 
     </span>
    </p>
   </div>
   <div class='ocr_carea' id='block_1_17' title="bbox 394 1750 1974 1838">
    <p class='ocr_par' dir='ltr' id='par_1_17' title="bbox 394 1750 1974 1838">
     <span class='ocr_line' id='line_1_18' title="bbox 394 1750 1974 1838; baseline -0.016 -12"><span class='ocrx_word' id='word_1_121' title='bbox 394 1773 503 1828; x_wconf 80' lang='grc' dir='ltr'>τῶν</span> <span class='ocrx_word' id='word_1_122' title='bbox 539 1772 648 1823; x_wconf 80' lang='grc' dir='ltr'>ἴσον</span> <span class='ocrx_word' id='word_1_123' title='bbox 678 1768 870 1838; x_wconf 81' lang='grc' dir='ltr'>ἀπέχει</span> <span class='ocrx_word' id='word_1_124' title='bbox 914 1765 1022 1819; x_wconf 82' lang='grc' dir='ltr'><strong>ἀπὸ</strong></span> <span class='ocrx_word' id='word_1_125' title='bbox 1059 1762 1152 1816; x_wconf 79' lang='grc' dir='ltr'>τοῦ</span> <span class='ocrx_word' id='word_1_126' title='bbox 1193 1757 1406 1830; x_wconf 83' lang='grc' dir='ltr'>θερινοῦ</span> <span class='ocrx_word' id='word_1_127' title='bbox 1438 1754 1698 1829; x_wconf 81' lang='grc' dir='ltr'>τροπικοῦ</span> <span class='ocrx_word' id='word_1_128' title='bbox 1729 1750 1974 1823; x_wconf 78' lang='grc' dir='ltr'>σημείου.</span> 
     </span>
    </p>
   </div>
   <div class='ocr_carea' id='block_1_18' title="bbox 397 1838 1980 1934">
    <p class='ocr_par' dir='ltr' id='par_1_18' title="bbox 397 1838 1980 1934">
     <span class='ocr_line' id='line_1_19' title="bbox 397 1838 1980 1934; baseline -0.016 -17"><span class='ocrx_word' id='word_1_129' title='bbox 397 1863 474 1917; x_wconf 80' lang='grc' dir='ltr'><strong>Δι’</strong></span> <span class='ocrx_word' id='word_1_130' title='bbox 501 1863 566 1934; x_wconf 84' lang='grc' dir='ltr'>ἣν</span> <span class='ocrx_word' id='word_1_131' title='bbox 588 1862 766 1916; x_wconf 83' lang='grc' dir='ltr'>αἰτίαν</span> <span class='ocrx_word' id='word_1_132' title='bbox 799 1858 893 1912; x_wconf 73' lang='grc' dir='ltr'>καὶ</span> <span class='ocrx_word' id='word_1_133' title='bbox 915 1855 983 1908; x_wconf 83' lang='grc' dir='ltr'>τὰ</span> <span class='ocrx_word' id='word_1_134' title='bbox 1023 1853 1227 1926; x_wconf 86' lang='grc' dir='ltr'>μεγέθη</span> <span class='ocrx_word' id='word_1_135' title='bbox 1254 1849 1362 1902; x_wconf 82' lang='grc' dir='ltr'>τῶν</span> <span class='ocrx_word' id='word_1_136' title='bbox 1390 1844 1615 1919; x_wconf 79' lang='grc' dir='ltr'>ἡμερῶν</span> <span class='ocrx_word' id='word_1_137' title='bbox 1651 1843 1744 1897; x_wconf 67' lang='grc' dir='ltr'><strong>καὶ</strong></span> <span class='ocrx_word' id='word_1_138' title='bbox 1771 1838 1980 1894; x_wconf 79' lang='grc' dir='ltr'>νυκτῶν</span> 
     </span>
    </p>
   </div>
   <div class='ocr_carea' id='block_1_19' title="bbox 2065 611 3638 704">
    <p class='ocr_par' dir='ltr' id='par_1_19' title="bbox 2065 611 3638 704">
     <span class='ocr_line' id='line_1_20' title="bbox 2065 611 3638 704; baseline -0.028 1"><span class='ocrx_word' id='word_1_139' title='bbox 2065 611 2253 704; x_wconf 89' lang='lat' dir='ltr'><strong>bernis</strong></span> <span class='ocrx_word' id='word_1_140' title='bbox 2277 642 2516 697; x_wconf 82' lang='lat' dir='ltr'><strong>maxime</strong></span> <span class='ocrx_word' id='word_1_141' title='bbox 2559 611 2825 691; x_wconf 74' lang='lat' dir='ltr'><strong>australis</strong></span> <span class='ocrx_word' id='word_1_142' title='bbox 2856 628 2936 685; x_wconf 92' lang='lat' dir='ltr'><strong>sol</strong></span> <span class='ocrx_word' id='word_1_143' title='bbox 2966 627 3061 682; x_wconf 85' lang='lat' dir='ltr'><strong>ﬁat</strong></span> <span class='ocrx_word' id='word_1_144' title='bbox 3088 639 3102 675; x_wconf 89' lang='lat'><strong>:</strong></span> <span class='ocrx_word' id='word_1_145' title='bbox 3132 620 3202 676; x_wconf 91' lang='lat' dir='ltr'><strong>ob</strong></span> <span class='ocrx_word' id='word_1_146' title='bbox 3237 619 3343 674; x_wconf 89' lang='lat' dir='ltr'><strong>hoc</strong></span> <span class='ocrx_word' id='word_1_147' title='bbox 3372 611 3638 686; x_wconf 74' lang='lat' dir='ltr'><strong>putabant</strong></span> 
     </span>
    </p>
   </div>
   <div class='ocr_carea' id='block_1_20' title="bbox 2066 702 3642 797">
    <p class='ocr_par' dir='ltr' id='par_1_20' title="bbox 2066 702 3642 797">
     <span class='ocr_line' id='line_1_21' title="bbox 2066 702 3642 797; baseline -0.029 1"><span class='ocrx_word' id='word_1_148' title='bbox 2066 741 2302 797; x_wconf 82' lang='lat' dir='ltr'><strong>maxime</strong></span> <span class='ocrx_word' id='word_1_149' title='bbox 2357 731 2653 789; x_wconf 80' lang='lat' dir='ltr'><strong>australem</strong></span> <span class='ocrx_word' id='word_1_150' title='bbox 2689 725 2826 780; x_wconf 91' lang='lat' dir='ltr'><strong>oriri</strong></span> <span class='ocrx_word' id='word_1_151' title='bbox 2877 717 3290 790; x_wconf 85' lang='lat' dir='ltr'><strong>Capricornum,</strong></span> <span class='ocrx_word' id='word_1_152' title='bbox 3331 718 3385 763; x_wconf 92' lang='lat' dir='ltr'><strong>et</strong></span> <span class='ocrx_word' id='word_1_153' title='bbox 3428 702 3642 759; x_wconf 85' lang='lat' dir='ltr'><strong>nullum</strong></span> 
     </span>
    </p>
   </div>
   <div class='ocr_carea' id='block_1_21' title="bbox 2069 795 3641 899">
    <p class='ocr_par' dir='ltr' id='par_1_21' title="bbox 2069 795 3641 899">
     <span class='ocr_line' id='line_1_22' title="bbox 2069 795 3641 899; baseline -0.027 -11"><span class='ocrx_word' id='word_1_154' title='bbox 2069 831 2218 888; x_wconf 82' lang='lat' dir='ltr'><strong>aliud</strong></span> <span class='ocrx_word' id='word_1_155' title='bbox 2244 830 2460 899; x_wconf 81' lang='lat' dir='ltr'><strong>signum</strong></span> <span class='ocrx_word' id='word_1_156' title='bbox 2508 839 2575 878; x_wconf 88' lang='lat' dir='ltr'><strong>ex</strong></span> <span class='ocrx_word' id='word_1_157' title='bbox 2621 819 2810 876; x_wconf 86' lang='lat' dir='ltr'><strong>eodem</strong></span> <span class='ocrx_word' id='word_1_158' title='bbox 2859 815 2984 868; x_wconf 90' lang='lat' dir='ltr'><strong>loco</strong></span> <span class='ocrx_word' id='word_1_159' title='bbox 3027 807 3182 868; x_wconf 88' lang='lat' dir='ltr'><strong>oriri,</strong></span> <span class='ocrx_word' id='word_1_160' title='bbox 3216 810 3271 859; x_wconf 92' lang='lat' dir='ltr'><strong>et</strong></span> <span class='ocrx_word' id='word_1_161' title='bbox 3300 802 3356 856; x_wconf 93' lang='lat' dir='ltr'><strong>in</strong></span> <span class='ocrx_word' id='word_1_162' title='bbox 3389 795 3641 854; x_wconf 87' lang='lat' dir='ltr'><strong>eumdem</strong></span> 
     </span>
    </p>
   </div>
   <div class='ocr_carea' id='block_1_22' title="bbox 2069 883 3644 980">
    <p class='ocr_par' dir='ltr' id='par_1_22' title="bbox 2069 883 3644 980">
     <span class='ocr_line' id='line_1_23' title="bbox 2069 883 3644 980; baseline -0.027 -1"><span class='ocrx_word' id='word_1_163' title='bbox 2069 927 2248 980; x_wconf 91' lang='lat' dir='ltr'><strong>locum</strong></span> <span class='ocrx_word' id='word_1_164' title='bbox 2296 919 2549 975; x_wconf 89' lang='lat' dir='ltr'><strong>occidere</strong></span> <span class='ocrx_word' id='word_1_165' title='bbox 2591 929 2718 969; x_wconf 89' lang='lat' dir='ltr'><strong>cum</strong></span> <span class='ocrx_word' id='word_1_166' title='bbox 2765 906 3123 978; x_wconf 80' lang='lat' dir='ltr'><strong>Capricorno.</strong></span> <span class='ocrx_word' id='word_1_167' title='bbox 3151 896 3412 964; x_wconf 76' lang='lat' dir='ltr'><strong>Reliquas</strong></span> <span class='ocrx_word' id='word_1_168' title='bbox 3443 883 3644 944; x_wconf 89' lang='lat' dir='ltr'><strong>combi-</strong></span> 
     </span>
    </p>
   </div>
   <div class='ocr_carea' id='block_1_23' title="bbox 2071 977 3647 1078">
    <p class='ocr_par' dir='ltr' id='par_1_23' title="bbox 2071 977 3647 1078">
     <span class='ocr_line' id='line_1_24' title="bbox 2071 977 3647 1078; baseline -0.027 -6"><span class='ocrx_word' id='word_1_169' title='bbox 2071 1017 2322 1072; x_wconf 87' lang='lat' dir='ltr'><strong>nationes</strong></span> <span class='ocrx_word' id='word_1_170' title='bbox 2344 1012 2426 1066; x_wconf 90' lang='lat' dir='ltr'><strong>sic</strong></span> <span class='ocrx_word' id='word_1_171' title='bbox 2451 1005 2823 1078; x_wconf 79' lang='lat' dir='ltr'><strong>exponebant,</strong></span> <span class='ocrx_word' id='word_1_172' title='bbox 2851 977 3222 1054; x_wconf 80' lang='lat' dir='ltr'><strong>attribuentes</strong></span> <span class='ocrx_word' id='word_1_173' title='bbox 3245 982 3490 1042; x_wconf 75' lang='lat' dir='ltr'><strong>Geminis</strong></span> <span class='ocrx_word' id='word_1_174' title='bbox 3519 977 3647 1035; x_wconf 80' lang='lat' dir='ltr'><strong>Leo-</strong></span> 
     </span>
    </p>
   </div>
   <div class='ocr_carea' id='block_1_24' title="bbox 2073 1069 3646 1171">
    <p class='ocr_par' dir='ltr' id='par_1_24' title="bbox 2073 1069 3646 1171">
     <span class='ocr_line' id='line_1_25' title="bbox 2073 1069 3646 1171; baseline -0.028 -7"><span class='ocrx_word' id='word_1_175' title='bbox 2073 1069 2222 1171; x_wconf 71' lang='lat' dir='ltr'><strong>nem,</strong></span> <span class='ocrx_word' id='word_1_176' title='bbox 2277 1105 2462 1158; x_wconf 81' lang='lat' dir='ltr'><strong>Tauro</strong></span> <span class='ocrx_word' id='word_1_177' title='bbox 2500 1069 2804 1169; x_wconf 56' lang='lat' dir='ltr'><strong>iiirginem,</strong></span> <span class='ocrx_word' id='word_1_178' title='bbox 2863 1087 3038 1145; x_wconf 78' lang='lat' dir='ltr'><strong>Arieti</strong></span> <span class='ocrx_word' id='word_1_179' title='bbox 3088 1084 3342 1140; x_wconf 86' lang='lat' dir='ltr'><strong>Libram,</strong></span> <span class='ocrx_word' id='word_1_180' title='bbox 3391 1069 3646 1127; x_wconf 88' lang='lat' dir='ltr'><strong>Piscibus</strong></span> 
     </span>
    </p>
   </div>
   <div class='ocr_carea' id='block_1_25' title="bbox 2077 1159 3650 1269">
    <p class='ocr_par' dir='ltr' id='par_1_25' title="bbox 2077 1159 3650 1269">
     <span class='ocr_line' id='line_1_26' title="bbox 2077 1159 3650 1269; baseline -0.028 -13"><span class='ocrx_word' id='word_1_181' title='bbox 2077 1198 2388 1269; x_wconf 80' lang='lat' dir='ltr'><strong>Scorpium,</strong></span> <span class='ocrx_word' id='word_1_182' title='bbox 2423 1159 2666 1264; x_wconf 70' lang='lat' dir='ltr'><strong>Aquario</strong></span> <span class='ocrx_word' id='word_1_183' title='bbox 2706 1182 3084 1256; x_wconf 81' lang='lat' dir='ltr'><strong>Sagittarium.</strong></span> <span class='ocrx_word' id='word_1_184' title='bbox 3135 1174 3204 1228; x_wconf 82' lang='lat' dir='ltr'><strong>At</strong></span> <span class='ocrx_word' id='word_1_185' title='bbox 3233 1171 3394 1224; x_wconf 85' lang='lat' dir='ltr'><strong>talem</strong></span> <span class='ocrx_word' id='word_1_186' title='bbox 3428 1159 3650 1233; x_wconf 86' lang='lat' dir='ltr'><strong>exposi-</strong></span> 
     </span>
    </p>
   </div>
   <div class='ocr_carea' id='block_1_26' title="bbox 2075 1254 3650 1348">
    <p class='ocr_par' dir='ltr' id='par_1_26' title="bbox 2075 1254 3650 1348">
     <span class='ocr_line' id='line_1_27' title="bbox 2075 1254 3650 1348; baseline -0.027 0"><span class='ocrx_word' id='word_1_187' title='bbox 2075 1293 2276 1348; x_wconf 89' lang='lat' dir='ltr'><strong>tionem</strong></span> <span class='ocrx_word' id='word_1_188' title='bbox 2323 1287 2550 1342; x_wconf 88' lang='lat' dir='ltr'><strong>omnino</strong></span> <span class='ocrx_word' id='word_1_189' title='bbox 2603 1296 2726 1339; x_wconf 89' lang='lat' dir='ltr'><strong>esse</strong></span> <span class='ocrx_word' id='word_1_190' title='bbox 2775 1285 3062 1333; x_wconf 88' lang='lat' dir='ltr'><strong>erroneam</strong></span> <span class='ocrx_word' id='word_1_191' title='bbox 3116 1262 3404 1330; x_wconf 77' lang='lat' dir='ltr'><strong>contingit.</strong></span> <span class='ocrx_word' id='word_1_192' title='bbox 3462 1254 3650 1322; x_wconf 83' lang='lat' dir='ltr'><strong>Neque</strong></span> 
     </span>
    </p>
   </div>
   <div class='ocr_carea' id='block_1_27' title="bbox 2076 1353 3650 1442">
    <p class='ocr_par' dir='ltr' id='par_1_27' title="bbox 2076 1353 3650 1442">
     <span class='ocr_line' id='line_1_28' title="bbox 2076 1353 3650 1442; baseline -0.03 -1"><span class='ocrx_word' id='word_1_193' title='bbox 2076 1387 2223 1442; x_wconf 89' lang='lat' dir='ltr'><strong>enim</strong></span> <span class='ocrx_word' id='word_1_194' title='bbox 2257 1384 2312 1437; x_wconf 90' lang='lat' dir='ltr'><strong>in</strong></span> <span class='ocrx_word' id='word_1_195' title='bbox 2343 1389 2461 1436; x_wconf 93' lang='lat' dir='ltr'><strong>toto</strong></span> <span class='ocrx_word' id='word_1_196' title='bbox 2501 1379 2716 1432; x_wconf 80' lang='lat' dir='ltr'><strong>Cancro</strong></span> <span class='ocrx_word' id='word_1_197' title='bbox 2765 1367 3004 1426; x_wconf 85' lang='lat' dir='ltr'><strong>solstitia</strong></span> <span class='ocrx_word' id='word_1_198' title='bbox 3036 1361 3212 1416; x_wconf 88' lang='lat' dir='ltr'><strong>ﬁunt:</strong></span> <span class='ocrx_word' id='word_1_199' title='bbox 3247 1353 3342 1410; x_wconf 90' lang='lat' dir='ltr'><strong>sed</strong></span> <span class='ocrx_word' id='word_1_200' title='bbox 3368 1355 3452 1404; x_wconf 89' lang='lat' dir='ltr'><strong>est</strong></span> <span class='ocrx_word' id='word_1_201' title='bbox 3480 1357 3650 1400; x_wconf 91' lang='lat' dir='ltr'><strong>unum</strong></span> 
     </span>
    </p>
   </div>
   <div class='ocr_carea' id='block_1_28' title="bbox 2079 1433 3654 1549">
    <p class='ocr_par' dir='ltr' id='par_1_28' title="bbox 2079 1433 3654 1549">
     <span class='ocr_line' id='line_1_29' title="bbox 2079 1433 3654 1549; baseline -0.03 -16"><span class='ocrx_word' id='word_1_202' title='bbox 2079 1475 2354 1549; x_wconf 81' lang='lat' dir='ltr'><strong>quoddam</strong></span> <span class='ocrx_word' id='word_1_203' title='bbox 2389 1473 2607 1541; x_wconf 78' lang='lat' dir='ltr'><strong>signum</strong></span> <span class='ocrx_word' id='word_1_204' title='bbox 2637 1463 2852 1519; x_wconf 87' lang='lat' dir='ltr'><strong>ratione</strong></span> <span class='ocrx_word' id='word_1_205' title='bbox 2890 1447 3324 1528; x_wconf 79' lang='lat' dir='ltr'><strong>percipiendum,</strong></span> <span class='ocrx_word' id='word_1_206' title='bbox 3357 1444 3412 1496; x_wconf 92' lang='lat' dir='ltr'><strong>in</strong></span> <span class='ocrx_word' id='word_1_207' title='bbox 3434 1452 3542 1509; x_wconf 84' lang='lat' dir='ltr'><strong>quo</strong></span> <span class='ocrx_word' id='word_1_208' title='bbox 3570 1433 3654 1490; x_wconf 92' lang='lat' dir='ltr'><strong>sol</strong></span> 
     </span>
    </p>
   </div>
   <div class='ocr_carea' id='block_1_29' title="bbox 2080 1533 3657 1639">
    <p class='ocr_par' dir='ltr' id='par_1_29' title="bbox 2080 1533 3657 1639">
     <span class='ocr_line' id='line_1_30' title="bbox 2080 1533 3657 1639; baseline -0.03 -14"><span class='ocrx_word' id='word_1_209' title='bbox 2080 1568 2293 1639; x_wconf 84' lang='lat' dir='ltr'><strong>positus</strong></span> <span class='ocrx_word' id='word_1_210' title='bbox 2322 1561 2620 1619; x_wconf 87' lang='lat' dir='ltr'><strong>solstitium</strong></span> <span class='ocrx_word' id='word_1_211' title='bbox 2657 1553 2843 1611; x_wconf 80' lang='lat' dir='ltr'><strong>ellicit.</strong></span> <span class='ocrx_word' id='word_1_212' title='bbox 2868 1549 2928 1603; x_wconf 91' lang='lat' dir='ltr'><strong>ln</strong></span> <span class='ocrx_word' id='word_1_213' title='bbox 2959 1548 3235 1600; x_wconf 88' lang='lat' dir='ltr'><strong>momento</strong></span> <span class='ocrx_word' id='word_1_214' title='bbox 3273 1533 3420 1590; x_wconf 86' lang='lat' dir='ltr'><strong>enim</strong></span> <span class='ocrx_word' id='word_1_215' title='bbox 3451 1539 3657 1596; x_wconf 84' lang='lat' dir='ltr'><strong>tempo-</strong></span> 
     </span>
    </p>
   </div>
   <div class='ocr_carea' id='block_1_30' title="bbox 2081 1626 3655 1715">
    <p class='ocr_par' dir='ltr' id='par_1_30' title="bbox 2081 1626 3655 1715">
     <span class='ocr_line' id='line_1_31' title="bbox 2081 1626 3655 1715; baseline -0.029 -1"><span class='ocrx_word' id='word_1_216' title='bbox 2081 1659 2162 1715; x_wconf 88' lang='lat' dir='ltr'><strong>ris</strong></span> <span class='ocrx_word' id='word_1_217' title='bbox 2213 1654 2638 1712; x_wconf 77' lang='lat' dir='ltr'><strong>conversiones.</strong></span> <span class='ocrx_word' id='word_1_218' title='bbox 2689 1647 2804 1702; x_wconf 82' lang='lat' dir='ltr'><strong>sive</strong></span> <span class='ocrx_word' id='word_1_219' title='bbox 2849 1637 3089 1697; x_wconf 87' lang='lat' dir='ltr'><strong>solstitia</strong></span> <span class='ocrx_word' id='word_1_220' title='bbox 3145 1633 3326 1686; x_wconf 89' lang='lat' dir='ltr'><strong>ﬁunt:</strong></span> <span class='ocrx_word' id='word_1_221' title='bbox 3359 1631 3416 1679; x_wconf 89' lang='lat' dir='ltr'><strong>at</strong></span> <span class='ocrx_word' id='word_1_222' title='bbox 3476 1626 3655 1674; x_wconf 87' lang='lat' dir='ltr'><strong>totum</strong></span> 
     </span>
    </p>
   </div>
   <div class='ocr_carea' id='block_1_31' title="bbox 2084 1713 3658 1821">
    <p class='ocr_par' dir='ltr' id='par_1_31' title="bbox 2084 1713 3658 1821">
     <span class='ocr_line' id='line_1_32' title="bbox 2084 1713 3658 1821; baseline -0.029 -14"><span class='ocrx_word' id='word_1_223' title='bbox 2084 1753 2298 1821; x_wconf 84' lang='lat' dir='ltr'><strong>signum</strong></span> <span class='ocrx_word' id='word_1_224' title='bbox 2341 1744 2545 1801; x_wconf 89' lang='lat' dir='ltr'><strong>Cancri</strong></span> <span class='ocrx_word' id='word_1_225' title='bbox 2597 1738 2870 1811; x_wconf 78' lang='lat' dir='ltr'><strong>positione</strong></span> <span class='ocrx_word' id='word_1_226' title='bbox 2929 1728 3111 1787; x_wconf 89' lang='lat' dir='ltr'><strong>simile</strong></span> <span class='ocrx_word' id='word_1_227' title='bbox 3160 1730 3244 1780; x_wconf 86' lang='lat' dir='ltr'><strong>est</strong></span> <span class='ocrx_word' id='word_1_228' title='bbox 3296 1713 3571 1777; x_wconf 85' lang='lat' dir='ltr'><strong>Geminis,</strong></span> <span class='ocrx_word' id='word_1_229' title='bbox 3603 1715 3658 1762; x_wconf 90' lang='lat' dir='ltr'><strong>et</strong></span> 
     </span>
    </p>
   </div>
   <div class='ocr_carea' id='block_1_32' title="bbox 2086 1808 3658 1909">
    <p class='ocr_par' dir='ltr' id='par_1_32' title="bbox 2086 1808 3658 1909">
     <span class='ocr_line' id='line_1_33' title="bbox 2086 1808 3658 1909; baseline -0.029 -12"><span class='ocrx_word' id='word_1_230' title='bbox 2086 1808 2381 1909; x_wconf 52' lang='lat' dir='ltr'><strong>uitamque</strong></span> <span class='ocrx_word' id='word_1_231' title='bbox 2407 1808 2919 1900; x_wconf 48' lang='lat' dir='ltr'><strong>eorum—aqualit‘er</strong></span> <span class='ocrx_word' id='word_1_232' title='bbox 2942 1822 3115 1876; x_wconf 85' lang='lat' dir='ltr'><strong>distat</strong></span> <span class='ocrx_word' id='word_1_233' title='bbox 3142 1816 3210 1869; x_wconf 89' lang='lat' dir='ltr'><strong>ab</strong></span> <span class='ocrx_word' id='word_1_234' title='bbox 3237 1811 3428 1868; x_wconf 74' lang='lat' dir='ltr'><strong>aestivo</strong></span> <span class='ocrx_word' id='word_1_235' title='bbox 3455 1808 3658 1876; x_wconf 80' lang='lat' dir='ltr'><strong>puncto</strong></span> 
     </span>
    </p>
   </div>
   <div class='ocr_carea' id='block_1_33' title="bbox 397 1896 1994 2020">
    <p class='ocr_par' dir='ltr' id='par_1_33' title="bbox 397 1896 1984 2020">
     <span class='ocr_line' id='line_1_34' title="bbox 397 1896 1681 1934; baseline -0.018 3"><span class='ocrx_word' id='word_1_236' title='bbox 397 1896 458 1917; x_wconf 63' lang='grc' dir='ltr'><strong>ιιι</strong></span> <span class='ocrx_word' id='word_1_237' title='bbox 508 1896 764 1934; x_wconf 66' lang='grc' dir='ltr'>ἰὐιιυινυ</span> <span class='ocrx_word' id='word_1_238' title='bbox 801 1896 893 1912; x_wconf 64' lang='grc' dir='ltr'>ἰνιτ</span> <span class='ocrx_word' id='word_1_239' title='bbox 928 1896 983 1908; x_wconf 73' lang='grc' dir='ltr'><strong>υ·-</strong></span> <span class='ocrx_word' id='word_1_240' title='bbox 1023 1896 1227 1926; x_wconf 63' lang='grc' dir='ltr'><strong>εηνι-υι</strong></span> <span class='ocrx_word' id='word_1_241' title='bbox 1266 1896 1355 1902; x_wconf 58' lang='grc' dir='ltr'><strong>νπν</strong></span> <span class='ocrx_word' id='word_1_242' title='bbox 1398 1896 1603 1919; x_wconf 58' lang='grc' dir='ltr'><strong>-ιΓ-την</strong></span> <span class='ocrx_word' id='word_1_243' title='bbox 1676 1896 1681 1897; x_wconf 52' lang='grc' dir='ltr'><strong>ν</strong></span> 
     </span>
     <span class='ocr_line' id='line_1_35' title="bbox 397 1933 1984 2020; baseline -0.019 -9"><span class='ocrx_word' id='word_1_244' title='bbox 397 1959 489 2011; x_wconf 83' lang='grc' dir='ltr'><strong>ῐσα</strong></span> <span class='ocrx_word' id='word_1_245' title='bbox 532 1956 680 2008; x_wconf 70' lang='grc' dir='ltr'>ἐστὶν</span> <span class='ocrx_word' id='word_1_246' title='bbox 723 1954 780 2006; x_wconf 98' lang='lat' dir='ltr'><strong>tv</strong></span> <span class='ocrx_word' id='word_1_247' title='bbox 818 1949 1068 2020; x_wconf 86' lang='grc' dir='ltr'>Διδύμοις</span> <span class='ocrx_word' id='word_1_248' title='bbox 1107 1944 1202 1999; x_wconf 70' lang='grc' dir='ltr'><strong>καὶ</strong></span> <span class='ocrx_word' id='word_1_249' title='bbox 1237 1946 1294 1997; x_wconf 88' lang='lat' dir='ltr'><strong>tv</strong></span> <span class='ocrx_word' id='word_1_250' title='bbox 1333 1939 1623 2011; x_wconf 81' lang='grc' dir='ltr'>Καρκίνῳ·</span> <span class='ocrx_word' id='word_1_251' title='bbox 1660 1935 1754 1989; x_wconf 73' lang='grc' dir='ltr'>καὶ</span> <span class='ocrx_word' id='word_1_252' title='bbox 1785 1935 1842 1987; x_wconf 84' lang='grc' dir='ltr'><strong>ὲν</strong></span> <span class='ocrx_word' id='word_1_253' title='bbox 1871 1933 1984 1994; x_wconf 85' lang='grc' dir='ltr'>τοῖς</span> 
     </span>
    </p>
   </div>
   <div class='ocr_carea' id='block_1_34' title="bbox 2093 1896 3661 2020">
    <p class='ocr_par' dir='ltr' id='par_1_34' title="bbox 2093 1896 3661 2020">
     <span class='ocr_line' id='line_1_36' title="bbox 2093 1896 3661 1996; baseline -0.031 -2"><span class='ocrx_word' id='word_1_254' title='bbox 2093 1931 2357 1994; x_wconf 74' lang='lat' dir='ltr'><strong>solstitiali</strong></span> <span class='ocrx_word' id='word_1_255' title='bbox 2391 1945 2406 1982; x_wconf 91' lang='lat'><strong>:</strong></span> <span class='ocrx_word' id='word_1_256' title='bbox 2437 1929 2510 1984; x_wconf 89' lang='lat' dir='ltr'><strong>ob</strong></span> <span class='ocrx_word' id='word_1_257' title='bbox 2556 1938 2720 1996; x_wconf 89' lang='lat' dir='ltr'><strong>quam</strong></span> <span class='ocrx_word' id='word_1_258' title='bbox 2767 1930 2989 1974; x_wconf 86' lang='lat' dir='ltr'><strong>causam</strong></span> <span class='ocrx_word' id='word_1_259' title='bbox 3043 1910 3208 1966; x_wconf 82' lang='lat' dir='ltr'><strong>etiam</strong></span> <span class='ocrx_word' id='word_1_260' title='bbox 3257 1896 3661 1971; x_wconf 75' lang='lat' dir='ltr'><strong>magnitudines</strong></span> 
     </span>
     <span class='ocr_line' id='line_1_37' title="bbox 2557 1986 3656 2020; baseline -0.025 22"><span class='ocrx_word' id='word_1_261' title='bbox 2557 2017 2566 2020; x_wconf 82' lang='grc'><strong>·</strong></span> <span class='ocrx_word' id='word_1_262' title='bbox 2877 2009 2891 2020; x_wconf 83' lang='grc'><strong>·</strong></span> <span class='ocrx_word' id='word_1_263' title='bbox 3094 2012 3106 2020; x_wconf 89' lang='grc'><strong>.</strong></span> <span class='ocrx_word' id='word_1_264' title='bbox 3153 2001 3202 2020; x_wconf 67' lang='lat'><strong>2-</strong></span> <span class='ocrx_word' id='word_1_265' title='bbox 3245 1991 3485 2020; x_wconf 58' lang='lat' dir='ltr'><strong>n.....:..:..</strong></span> <span class='ocrx_word' id='word_1_266' title='bbox 3516 1995 3566 2020; x_wconf 59' lang='grc' dir='ltr'>,ιι</span> <span class='ocrx_word' id='word_1_267' title='bbox 3603 1986 3656 2020; x_wconf 73' lang='grc' dir='ltr'>ςη</span> 
     </span>
    </p>
   </div>
   <div class='ocr_carea' id='block_1_35' title="bbox 398 2025 1983 2117">
    <p class='ocr_par' dir='ltr' id='par_1_35' title="bbox 398 2025 1983 2117">
     <span class='ocr_line' id='line_1_38' title="bbox 398 2025 1983 2117; baseline -0.017 -16"><span class='ocrx_word' id='word_1_268' title='bbox 398 2045 782 2117; x_wconf 82' lang='grc' dir='ltr'>ὡροσκοπείοις</span> <span class='ocrx_word' id='word_1_269' title='bbox 849 2042 904 2094; x_wconf 82' lang='grc' dir='ltr'>αἱ</span> <span class='ocrx_word' id='word_1_270' title='bbox 959 2039 1062 2092; x_wconf 74' lang='grc' dir='ltr'>ὑπὸ</span> <span class='ocrx_word' id='word_1_271' title='bbox 1115 2035 1224 2088; x_wconf 85' lang='grc' dir='ltr'><strong>τῶν</strong></span> <span class='ocrx_word' id='word_1_272' title='bbox 1284 2031 1576 2102; x_wconf 87' lang='grc' dir='ltr'>γνωμόνων</span> <span class='ocrx_word' id='word_1_273' title='bbox 1642 2025 1983 2100; x_wconf 76' lang='grc' dir='ltr'>γραφόμεναι</span> 
     </span>
    </p>
   </div>
   <div class='ocr_carea' id='block_1_36' title="bbox 399 2115 1986 2211">
    <p class='ocr_par' dir='ltr' id='par_1_36' title="bbox 399 2115 1986 2211">
     <span class='ocr_line' id='line_1_39' title="bbox 399 2115 1986 2211; baseline -0.017 -17"><span class='ocrx_word' id='word_1_274' title='bbox 399 2138 658 2211; x_wconf 71' lang='grc' dir='ltr'>γραμμαὶ</span> <span class='ocrx_word' id='word_1_275' title='bbox 712 2136 824 2188; x_wconf 78' lang='grc' dir='ltr'>ἴσον</span> <span class='ocrx_word' id='word_1_276' title='bbox 876 2132 1137 2202; x_wconf 85' lang='grc' dir='ltr'>ἀπέχουσι</span> <span class='ocrx_word' id='word_1_277' title='bbox 1181 2124 1276 2178; x_wconf 79' lang='grc' dir='ltr'>τοῦ</span> <span class='ocrx_word' id='word_1_278' title='bbox 1331 2121 1544 2195; x_wconf 80' lang='grc' dir='ltr'>θερινοῦ</span> <span class='ocrx_word' id='word_1_279' title='bbox 1590 2115 1850 2192; x_wconf 82' lang='grc' dir='ltr'>τροπικοῢ</span> <span class='ocrx_word' id='word_1_280' title='bbox 1891 2132 1986 2185; x_wconf 86' lang='grc' dir='ltr'>ση-</span> 
     </span>
    </p>
   </div>
   <div class='ocr_carea' id='block_1_37' title="bbox 403 2209 1984 2306">
    <p class='ocr_par' dir='ltr' id='par_1_37' title="bbox 403 2209 1984 2306">
     <span class='ocr_line' id='line_1_40' title="bbox 403 2209 1984 2306; baseline -0.017 -20"><span class='ocrx_word' id='word_1_281' title='bbox 403 2209 559 2306; x_wconf 82' lang='grc' dir='ltr'>μείου</span> <span class='ocrx_word' id='word_1_282' title='bbox 579 2229 688 2301; x_wconf 75' lang='grc'><strong>(10)</strong></span> <span class='ocrx_word' id='word_1_283' title='bbox 719 2228 813 2283; x_wconf 80' lang='grc' dir='ltr'><strong>καὶ</strong></span> <span class='ocrx_word' id='word_1_284' title='bbox 843 2227 901 2280; x_wconf 91' lang='lat' dir='ltr'><strong>tv</strong></span> <span class='ocrx_word' id='word_1_285' title='bbox 930 2223 1188 2294; x_wconf 83' lang='grc' dir='ltr'>Καρκίνῳ</span> <span class='ocrx_word' id='word_1_286' title='bbox 1213 2221 1308 2274; x_wconf 73' lang='grc' dir='ltr'>καὶ</span> <span class='ocrx_word' id='word_1_287' title='bbox 1345 2220 1403 2271; x_wconf 86' lang='lat' dir='ltr'><strong>tv</strong></span> <span class='ocrx_word' id='word_1_288' title='bbox 1432 2215 1701 2286; x_wconf 89' lang='grc' dir='ltr'>Διδύμοις.</span> <span class='ocrx_word' id='word_1_289' title='bbox 1738 2209 1826 2276; x_wconf 75' lang='grc' dir='ltr'>Ἐξ</span> <span class='ocrx_word' id='word_1_290' title='bbox 1871 2209 1984 2260; x_wconf 70' lang='grc' dir='ltr'>[σου</span> 
     </span>
    </p>
   </div>
   <div class='ocr_carea' id='block_1_38' title="bbox 401 2302 1988 2394">
    <p class='ocr_par' dir='ltr' id='par_1_38' title="bbox 401 2302 1988 2394">
     <span class='ocr_line' id='line_1_41' title="bbox 401 2302 1988 2394; baseline -0.017 -16"><span class='ocrx_word' id='word_1_291' title='bbox 401 2302 516 2394; x_wconf 71' lang='grc' dir='ltr'>γὰρ»</span> <span class='ocrx_word' id='word_1_292' title='bbox 531 2323 734 2376; x_wconf 84' lang='grc' dir='ltr'>κεῖνται</span> <span class='ocrx_word' id='word_1_293' title='bbox 759 2318 893 2391; x_wconf 79' lang='grc' dir='ltr'>πρὸς</span> <span class='ocrx_word' id='word_1_294' title='bbox 913 2317 973 2369; x_wconf 81' lang='grc' dir='ltr'><strong>τὸ</strong></span> <span class='ocrx_word' id='word_1_295' title='bbox 996 2315 1205 2386; x_wconf 79' lang='grc' dir='ltr'>θερινὸν</span> <span class='ocrx_word' id='word_1_296' title='bbox 1233 2313 1457 2383; x_wconf 86' lang='grc' dir='ltr'>σημεῖον</span> <span class='ocrx_word' id='word_1_297' title='bbox 1482 2306 1552 2360; x_wconf 80' lang='grc' dir='ltr'><strong>τὰ</strong></span> <span class='ocrx_word' id='word_1_298' title='bbox 1574 2306 1665 2358; x_wconf 92' lang='grc' dir='ltr'><strong>δύο</strong></span> <span class='ocrx_word' id='word_1_299' title='bbox 1687 2302 1988 2371; x_wconf 83' lang='grc' dir='ltr'>δωδεκατη-</span> 
     </span>
    </p>
   </div>
   <div class='ocr_carea' id='block_1_39' title="bbox 406 2393 1989 2485">
    <p class='ocr_par' dir='ltr' id='par_1_39' title="bbox 406 2393 1989 2485">
     <span class='ocr_line' id='line_1_42' title="bbox 406 2393 1989 2485; baseline -0.016 -18"><span class='ocrx_word' id='word_1_300' title='bbox 406 2393 587 2485; x_wconf 78' lang='grc' dir='ltr'>μόρια.</span> <span class='ocrx_word' id='word_1_301' title='bbox 624 2409 787 2464; x_wconf 83' lang='grc' dir='ltr'>Ὅθεν</span> <span class='ocrx_word' id='word_1_302' title='bbox 809 2408 903 2461; x_wconf 79' lang='grc' dir='ltr'><strong>καὶ</strong></span> <span class='ocrx_word' id='word_1_303' title='bbox 943 2406 1048 2459; x_wconf 76' lang='grc' dir='ltr'>ὑπὸ</span> <span class='ocrx_word' id='word_1_304' title='bbox 1077 2403 1184 2456; x_wconf 83' lang='grc' dir='ltr'>τῶν</span> <span class='ocrx_word' id='word_1_305' title='bbox 1227 2400 1403 2456; x_wconf 79' lang='grc' dir='ltr'>αὐτῶν</span> <span class='ocrx_word' id='word_1_306' title='bbox 1433 2394 1792 2470; x_wconf 83' lang='grc' dir='ltr'>παραλλήλων</span> <span class='ocrx_word' id='word_1_307' title='bbox 1819 2393 1989 2462; x_wconf 78' lang='grc' dir='ltr'>ἐμπε-</span> 
     </span>
    </p>
   </div>
   <div class='ocr_carea' id='block_1_40' title="bbox 405 2481 1990 2579">
    <p class='ocr_par' dir='ltr' id='par_1_40' title="bbox 405 2481 1990 2579">
     <span class='ocr_line' id='line_1_43' title="bbox 405 2481 1990 2579; baseline -0.018 -18"><span class='ocrx_word' id='word_1_308' title='bbox 405 2503 798 2579; x_wconf 68' lang='grc' dir='ltr'>ριλαμῆἀνεται</span> <span class='ocrx_word' id='word_1_309' title='bbox 822 2498 1059 2561; x_wconf 86' lang='grc' dir='ltr'>κύκλων,</span> <span class='ocrx_word' id='word_1_310' title='bbox 1085 2495 1174 2548; x_wconf 83' lang='grc' dir='ltr'><strong>διά</strong></span> <span class='ocrx_word' id='word_1_311' title='bbox 1197 2511 1258 2548; x_wconf 88' lang='grc' dir='ltr'><strong>τε</strong></span> <span class='ocrx_word' id='word_1_312' title='bbox 1284 2491 1443 2546; x_wconf 76' lang='grc' dir='ltr'>τοῦτο</span> <span class='ocrx_word' id='word_1_313' title='bbox 1479 2492 1543 2542; x_wconf 81' lang='grc' dir='ltr'><strong>ἐκ</strong></span> <span class='ocrx_word' id='word_1_314' title='bbox 1577 2486 1670 2540; x_wconf 80' lang='grc' dir='ltr'>τοῦ</span> <span class='ocrx_word' id='word_1_315' title='bbox 1709 2482 1872 2538; x_wconf 75' lang='grc' dir='ltr'>αὐτοῦ</span> <span class='ocrx_word' id='word_1_316' title='bbox 1905 2481 1990 2534; x_wconf 76' lang='grc' dir='ltr'>τό·</span> 
     </span>
    </p>
   </div>
   <div class='ocr_carea' id='block_1_41' title="bbox 405 2575 1990 2658">
    <p class='ocr_par' dir='ltr' id='par_1_41' title="bbox 405 2575 1990 2658">
     <span class='ocr_line' id='line_1_44' title="bbox 405 2575 1990 2658; baseline -0.017 -7"><span class='ocrx_word' id='word_1_317' title='bbox 405 2575 508 2651; x_wconf 79' lang='grc' dir='ltr'><strong>που</strong></span> <span class='ocrx_word' id='word_1_318' title='bbox 540 2575 903 2650; x_wconf 15' lang='grc' dir='ltr'>ίάνατέλλουσι</span> <span class='ocrx_word' id='word_1_319' title='bbox 957 2588 1216 2658; x_wconf 88' lang='grc' dir='ltr'>Δίδυμοι,</span> <span class='ocrx_word' id='word_1_320' title='bbox 1291 2580 1610 2654; x_wconf 83' lang='grc' dir='ltr'>Καρκίνος,</span> <span class='ocrx_word' id='word_1_321' title='bbox 1666 2575 1868 2647; x_wconf 86' lang='grc' dir='ltr'>ὁμοίως</span> <span class='ocrx_word' id='word_1_322' title='bbox 1928 2587 1990 2625; x_wconf 85' lang='grc' dir='ltr'><strong>τε</strong></span> 
     </span>
    </p>
   </div>
   <div class='ocr_carea' id='block_1_42' title="bbox 405 2678 1287 2751">
    <p class='ocr_par' dir='ltr' id='par_1_42' title="bbox 405 2678 1287 2751">
     <span class='ocr_line' id='line_1_45' title="bbox 405 2678 1287 2751; baseline -0.017 -8"><span class='ocrx_word' id='word_1_323' title='bbox 405 2689 654 2742; x_wconf 84' lang='grc' dir='ltr'>δύνουσιν</span> <span class='ocrx_word' id='word_1_324' title='bbox 684 2687 764 2751; x_wconf 83' lang='grc' dir='ltr'><strong>είς</strong></span> <span class='ocrx_word' id='word_1_325' title='bbox 791 2684 884 2737; x_wconf 84' lang='grc' dir='ltr'><strong>τὸν</strong></span> <span class='ocrx_word' id='word_1_326' title='bbox 916 2679 1078 2736; x_wconf 77' lang='grc' dir='ltr'>αὐτὸν</span> <span class='ocrx_word' id='word_1_327' title='bbox 1105 2678 1287 2730; x_wconf 88' lang='grc' dir='ltr'>τόπον.</span> 
     </span>
    </p>
   </div>
   <div class='ocr_carea' id='block_1_43' title="bbox 489 2838 1994 2926">
    <p class='ocr_par' dir='ltr' id='par_1_43' title="bbox 489 2838 1994 2926">
     <span class='ocr_line' id='line_1_46' title="bbox 489 2838 1994 2926; baseline -0.016 -12"><span class='ocrx_word' id='word_1_328' title='bbox 489 2861 548 2914; x_wconf 88' lang='lat'><strong>&#39;0</strong></span> <span class='ocrx_word' id='word_1_329' title='bbox 571 2860 627 2913; x_wconf 80' lang='grc' dir='ltr'>δὲ</span> <span class='ocrx_word' id='word_1_330' title='bbox 655 2857 817 2921; x_wconf 79' lang='grc' dir='ltr'>αὐτὸς</span> <span class='ocrx_word' id='word_1_331' title='bbox 841 2857 997 2926; x_wconf 81' lang='grc' dir='ltr'>λόγος</span> <span class='ocrx_word' id='word_1_332' title='bbox 1026 2854 1120 2910; x_wconf 74' lang='grc' dir='ltr'><strong>καὶ</strong></span> <span class='ocrx_word' id='word_1_333' title='bbox 1145 2851 1238 2906; x_wconf 74' lang='grc' dir='ltr'>ἐπὶ</span> <span class='ocrx_word' id='word_1_334' title='bbox 1260 2848 1354 2904; x_wconf 78' lang='grc' dir='ltr'>τοῦ</span> <span class='ocrx_word' id='word_1_335' title='bbox 1385 2846 1686 2916; x_wconf 77' lang='grc' dir='ltr'>Αίγόκερω.</span> <span class='ocrx_word' id='word_1_336' title='bbox 1720 2840 1857 2896; x_wconf 78' lang='grc' dir='ltr'>Οὔτε</span> <span class='ocrx_word' id='word_1_337' title='bbox 1883 2838 1994 2911; x_wconf 79' lang='grc' dir='ltr'>γὰρ</span> 
     </span>
    </p>
   </div>
   <div class='ocr_carea' id='block_1_44' title="bbox 408 2929 1995 3015">
    <p class='ocr_par' dir='ltr' id='par_1_44' title="bbox 408 2929 1995 3015">
     <span class='ocr_line' id='line_1_47' title="bbox 408 2929 1995 3015; baseline -0.016 -9"><span class='ocrx_word' id='word_1_338' title='bbox 408 2943 562 3015; x_wconf 74' lang='grc' dir='ltr'>οὗτός</span> <span class='ocrx_word' id='word_1_339' title='bbox 595 2953 712 3004; x_wconf 77' lang='grc' dir='ltr'>ἐστι</span> <span class='ocrx_word' id='word_1_340' title='bbox 737 2946 1058 3010; x_wconf 81' lang='grc' dir='ltr'>νοτιὼτατος</span> <span class='ocrx_word' id='word_1_341' title='bbox 1078 2963 1091 2976; x_wconf 84' lang='grc'><strong>·</strong></span> <span class='ocrx_word' id='word_1_342' title='bbox 1126 2943 1240 2998; x_wconf 85' lang='grc' dir='ltr'>ἀλλ’</span> <span class='ocrx_word' id='word_1_343' title='bbox 1271 2941 1332 2995; x_wconf 82' lang='lat' dir='ltr'><strong>tv</strong></span> <span class='ocrx_word' id='word_1_344' title='bbox 1364 2957 1416 2992; x_wconf 90' lang='grc' dir='ltr'><strong>τι</strong></span> <span class='ocrx_word' id='word_1_345' title='bbox 1447 2937 1672 3008; x_wconf 87' lang='grc' dir='ltr'>σημεῖον</span> <span class='ocrx_word' id='word_1_346' title='bbox 1699 2932 1840 3002; x_wconf 77' lang='grc' dir='ltr'>λόγῳ</span> <span class='ocrx_word' id='word_1_347' title='bbox 1866 2929 1995 2984; x_wconf 91' lang='grc' dir='ltr'>θεω-</span> 
     </span>
    </p>
   </div>
   <div class='ocr_carea' id='block_1_45' title="bbox 411 3021 1995 3116">
    <p class='ocr_par' dir='ltr' id='par_1_45' title="bbox 411 3021 1995 3116">
     <span class='ocr_line' id='line_1_48' title="bbox 411 3021 1995 3116; baseline -0.015 -18"><span class='ocrx_word' id='word_1_348' title='bbox 411 3044 574 3116; x_wconf 88' lang='grc' dir='ltr'>ρητόν</span> <span class='ocrx_word' id='word_1_349' title='bbox 597 3059 612 3074; x_wconf 84' lang='grc'><em>’</em></span> <span class='ocrx_word' id='word_1_350' title='bbox 657 3042 686 3096; x_wconf 89' lang='grc' dir='ltr'>ὃ</span> <span class='ocrx_word' id='word_1_351' title='bbox 713 3041 894 3095; x_wconf 87' lang='grc' dir='ltr'>κοινόν</span> <span class='ocrx_word' id='word_1_352' title='bbox 934 3043 1052 3093; x_wconf 86' lang='grc' dir='ltr'>ὲστι</span> <span class='ocrx_word' id='word_1_353' title='bbox 1096 3036 1197 3106; x_wconf 81' lang='grc' dir='ltr'>τῆς</span> <span class='ocrx_word' id='word_1_354' title='bbox 1229 3051 1290 3088; x_wconf 89' lang='grc' dir='ltr'><strong>τε</strong></span> <span class='ocrx_word' id='word_1_355' title='bbox 1325 3029 1419 3086; x_wconf 79' lang='grc' dir='ltr'>τοῦ</span> <span class='ocrx_word' id='word_1_356' title='bbox 1465 3029 1695 3094; x_wconf 81' lang='grc' dir='ltr'>Τοξότου</span> <span class='ocrx_word' id='word_1_357' title='bbox 1739 3021 1995 3093; x_wconf 83' lang='grc' dir='ltr'>τελευτῆς</span> 
     </span>
    </p>
   </div>
   <div class='ocr_carea' id='block_1_46' title="bbox 411 3113 1996 3204">
    <p class='ocr_par' dir='ltr' id='par_1_46' title="bbox 411 3113 1996 3204">
     <span class='ocr_line' id='line_1_49' title="bbox 411 3113 1996 3204; baseline -0.015 -15"><span class='ocrx_word' id='word_1_358' title='bbox 411 3113 506 3189; x_wconf 72' lang='grc' dir='ltr'><strong>καὶ</strong></span> <span class='ocrx_word' id='word_1_359' title='bbox 536 3135 632 3204; x_wconf 78' lang='grc' dir='ltr'>τῆς</span> <span class='ocrx_word' id='word_1_360' title='bbox 659 3133 751 3187; x_wconf 81' lang='grc' dir='ltr'>τοῦ</span> <span class='ocrx_word' id='word_1_361' title='bbox 785 3130 1069 3203; x_wconf 80' lang='grc' dir='ltr'>Αίγόκερω</span> <span class='ocrx_word' id='word_1_362' title='bbox 1117 3128 1310 3199; x_wconf 81' lang='grc' dir='ltr'>ἀρχῆς.</span> <span class='ocrx_word' id='word_1_363' title='bbox 1344 3123 1434 3177; x_wconf 82' lang='grc' dir='ltr'><strong>Διὸ</strong></span> <span class='ocrx_word' id='word_1_364' title='bbox 1467 3120 1525 3187; x_wconf 77' lang='grc' dir='ltr'>ἐξ</span> <span class='ocrx_word' id='word_1_365' title='bbox 1554 3119 1668 3172; x_wconf 76' lang='grc' dir='ltr'>ἴσου</span> <span class='ocrx_word' id='word_1_366' title='bbox 1711 3119 1886 3170; x_wconf 89' lang='grc' dir='ltr'>κεῖται</span> <span class='ocrx_word' id='word_1_367' title='bbox 1915 3113 1996 3185; x_wconf 81' lang='grc' dir='ltr'>τῷ</span> 
     </span>
    </p>
   </div>
   <div class='ocr_carea' id='block_1_47' title="bbox 412 3207 1994 3298">
    <p class='ocr_par' dir='ltr' id='par_1_47' title="bbox 412 3207 1994 3298">
     <span class='ocr_line' id='line_1_50' title="bbox 412 3207 1994 3298; baseline -0.014 -17"><span class='ocrx_word' id='word_1_368' title='bbox 412 3227 626 3298; x_wconf 79' lang='grc' dir='ltr'>τοξότῃ,</span> <span class='ocrx_word' id='word_1_369' title='bbox 654 3226 749 3278; x_wconf 75' lang='grc' dir='ltr'><strong>καὶ</strong></span> <span class='ocrx_word' id='word_1_370' title='bbox 775 3225 878 3295; x_wconf 82' lang='grc' dir='ltr'>τὴν</span> <span class='ocrx_word' id='word_1_371' title='bbox 907 3222 1078 3294; x_wconf 81' lang='grc' dir='ltr'>αὐτὴν</span> <span class='ocrx_word' id='word_1_372' title='bbox 1114 3219 1417 3275; x_wconf 85' lang='grc' dir='ltr'>ἀπόστασιν</span> <span class='ocrx_word' id='word_1_373' title='bbox 1456 3213 1571 3284; x_wconf 77' lang='grc' dir='ltr'>ἔχει</span> <span class='ocrx_word' id='word_1_374' title='bbox 1609 3210 1716 3264; x_wconf 84' lang='grc' dir='ltr'>ἀπὸ</span> <span class='ocrx_word' id='word_1_375' title='bbox 1749 3207 1845 3263; x_wconf 80' lang='grc' dir='ltr'>τοῦ</span> <span class='ocrx_word' id='word_1_376' title='bbox 1879 3224 1994 3278; x_wconf 91' lang='grc' dir='ltr'>χει-</span> 
     </span>
    </p>
   </div>
   <div class='ocr_carea' id='block_1_48' title="bbox 418 3298 1996 3392">
    <p class='ocr_par' dir='ltr' id='par_1_48' title="bbox 418 3298 1996 3392">
     <span class='ocr_line' id='line_1_51' title="bbox 418 3298 1996 3392; baseline -0.013 -20"><span class='ocrx_word' id='word_1_377' title='bbox 418 3319 636 3392; x_wconf 79' lang='grc' dir='ltr'>μερινοῦ</span> <span class='ocrx_word' id='word_1_378' title='bbox 657 3316 919 3389; x_wconf 77' lang='grc' dir='ltr'>τροπικοῢ</span> <span class='ocrx_word' id='word_1_379' title='bbox 950 3312 1197 3386; x_wconf 85' lang='grc' dir='ltr'>σημείου.</span> <span class='ocrx_word' id='word_1_380' title='bbox 1235 3309 1398 3362; x_wconf 83' lang='grc' dir='ltr'>Ὅθεν</span> <span class='ocrx_word' id='word_1_381' title='bbox 1432 3307 1526 3360; x_wconf 72' lang='grc' dir='ltr'><strong>καὶ</strong></span> <span class='ocrx_word' id='word_1_382' title='bbox 1551 3303 1620 3357; x_wconf 81' lang='grc' dir='ltr'>τὰ</span> <span class='ocrx_word' id='word_1_383' title='bbox 1655 3300 1860 3375; x_wconf 82' lang='grc' dir='ltr'>μεγέθη</span> <span class='ocrx_word' id='word_1_384' title='bbox 1887 3298 1996 3352; x_wconf 85' lang='grc' dir='ltr'><strong>τῶν</strong></span> 
     </span>
    </p>
   </div>
   <div class='ocr_carea' id='block_1_49' title="bbox 415 3391 1996 3484">
    <p class='ocr_par' dir='ltr' id='par_1_49' title="bbox 415 3391 1996 3484">
     <span class='ocr_line' id='line_1_52' title="bbox 415 3391 1996 3484; baseline -0.015 -17"><span class='ocrx_word' id='word_1_385' title='bbox 415 3412 638 3484; x_wconf 84' lang='grc' dir='ltr'>ἡμερῶν</span> <span class='ocrx_word' id='word_1_386' title='bbox 669 3411 764 3465; x_wconf 77' lang='grc' dir='ltr'><strong>καὶ</strong></span> <span class='ocrx_word' id='word_1_387' title='bbox 790 3409 899 3462; x_wconf 83' lang='grc' dir='ltr'><strong>τῶν</strong></span> <span class='ocrx_word' id='word_1_388' title='bbox 925 3407 1137 3462; x_wconf 84' lang='grc' dir='ltr'>νυκτῶν</span> <span class='ocrx_word' id='word_1_389' title='bbox 1158 3403 1228 3458; x_wconf 83' lang='grc' dir='ltr'><strong>τὰ</strong></span> <span class='ocrx_word' id='word_1_390' title='bbox 1250 3403 1391 3457; x_wconf 82' lang='grc' dir='ltr'>αὑτὰ</span> <span class='ocrx_word' id='word_1_391' title='bbox 1413 3403 1562 3454; x_wconf 78' lang='grc' dir='ltr'>ἐστιν</span> <span class='ocrx_word' id='word_1_392' title='bbox 1590 3399 1648 3450; x_wconf 97' lang='lat' dir='ltr'><strong>tv</strong></span> <span class='ocrx_word' id='word_1_393' title='bbox 1680 3394 1759 3466; x_wconf 82' lang='grc' dir='ltr'>τῷ</span> <span class='ocrx_word' id='word_1_394' title='bbox 1795 3391 1996 3464; x_wconf 77' lang='grc' dir='ltr'>Τοξότῃ</span> 
     </span>
    </p>
   </div>
   <div class='ocr_carea' id='block_1_50' title="bbox 416 3484 1998 3573">
    <p class='ocr_par' dir='ltr' id='par_1_50' title="bbox 416 3484 1998 3573">
     <span class='ocr_line' id='line_1_53' title="bbox 416 3484 1998 3573; baseline -0.015 -14"><span class='ocrx_word' id='word_1_395' title='bbox 416 3505 510 3559; x_wconf 74' lang='grc' dir='ltr'><strong>καὶ</strong></span> <span class='ocrx_word' id='word_1_396' title='bbox 532 3507 590 3557; x_wconf 87' lang='lat' dir='ltr'><strong>tv</strong></span> <span class='ocrx_word' id='word_1_397' title='bbox 616 3502 692 3573; x_wconf 81' lang='grc' dir='ltr'>τῷ</span> <span class='ocrx_word' id='word_1_398' title='bbox 731 3501 1034 3571; x_wconf 79' lang='grc' dir='ltr'>Αίγόκερῳ,</span> <span class='ocrx_word' id='word_1_399' title='bbox 1065 3496 1157 3551; x_wconf 68' lang='grc' dir='ltr'><strong>καὶ</strong></span> <span class='ocrx_word' id='word_1_400' title='bbox 1187 3494 1250 3548; x_wconf 80' lang='grc' dir='ltr'><strong>τὸ</strong></span> <span class='ocrx_word' id='word_1_401' title='bbox 1292 3495 1459 3564; x_wconf 78' lang='grc' dir='ltr'>ἀκρον</span> <span class='ocrx_word' id='word_1_402' title='bbox 1502 3489 1597 3544; x_wconf 82' lang='grc' dir='ltr'>τοῦ</span> <span class='ocrx_word' id='word_1_403' title='bbox 1633 3487 1910 3557; x_wconf 87' lang='grc' dir='ltr'>γνώμονος</span> <span class='ocrx_word' id='word_1_404' title='bbox 1940 3484 1998 3535; x_wconf 89' lang='lat' dir='ltr'><strong>tv</strong></span> 
     </span>
    </p>
   </div>
   <div class='ocr_carea' id='block_1_51' title="bbox 417 3574 2000 3666">
    <p class='ocr_par' dir='ltr' id='par_1_51' title="bbox 417 3574 2000 3666">
     <span class='ocr_line' id='line_1_54' title="bbox 417 3574 2000 3666; baseline -0.015 -16"><span class='ocrx_word' id='word_1_405' title='bbox 417 3599 525 3659; x_wconf 85' lang='grc' dir='ltr'>τοῖς</span> <span class='ocrx_word' id='word_1_406' title='bbox 559 3592 872 3666; x_wconf 83' lang='grc' dir='ltr'>ὡρολογίοις</span> <span class='ocrx_word' id='word_1_407' title='bbox 902 3591 1000 3655; x_wconf 74' lang='grc' dir='ltr'>τὰς</span> <span class='ocrx_word' id='word_1_408' title='bbox 1026 3588 1197 3652; x_wconf 77' lang='grc' dir='ltr'>αὐτὰς</span> <span class='ocrx_word' id='word_1_409' title='bbox 1229 3585 1430 3658; x_wconf 85' lang='grc' dir='ltr'>γράφει</span> <span class='ocrx_word' id='word_1_410' title='bbox 1466 3579 1750 3653; x_wconf 82' lang='grc' dir='ltr'>γραμμὰς,</span> <span class='ocrx_word' id='word_1_411' title='bbox 1776 3576 1870 3631; x_wconf 74' lang='grc' dir='ltr'><strong>καὶ</strong></span> <span class='ocrx_word' id='word_1_412' title='bbox 1895 3574 2000 3628; x_wconf 82' lang='grc' dir='ltr'><strong>ὑπὸ</strong></span> 
     </span>
    </p>
   </div>
   <div class='ocr_carea' id='block_1_52' title="bbox 417 3667 2000 3755">
    <p class='ocr_par' dir='ltr' id='par_1_52' title="bbox 417 3667 2000 3755">
     <span class='ocr_line' id='line_1_55' title="bbox 417 3667 2000 3755; baseline -0.015 -13"><span class='ocrx_word' id='word_1_413' title='bbox 417 3686 523 3742; x_wconf 84' lang='grc' dir='ltr'><strong>τῶν</strong></span> <span class='ocrx_word' id='word_1_414' title='bbox 569 3685 746 3739; x_wconf 80' lang='grc' dir='ltr'>αὐτῶν</span> <span class='ocrx_word' id='word_1_415' title='bbox 795 3682 1151 3755; x_wconf 78' lang='grc' dir='ltr'>παραλλήλων</span> <span class='ocrx_word' id='word_1_416' title='bbox 1197 3674 1739 3749; x_wconf 76' lang='grc' dir='ltr'>ὲμπεριλαμϐάνεται</span> <span class='ocrx_word' id='word_1_417' title='bbox 1786 3667 2000 3723; x_wconf 88' lang='grc' dir='ltr'>κύκλων</span> 
     </span>
    </p>
   </div>
   <div class='ocr_carea' id='block_1_53' title="bbox 418 3764 1997 3852">
    <p class='ocr_par' dir='ltr' id='par_1_53' title="bbox 418 3764 1997 3852">
     <span class='ocr_line' id='line_1_56' title="bbox 418 3764 1997 3852; baseline -0.016 -14"><span class='ocrx_word' id='word_1_418' title='bbox 418 3782 488 3837; x_wconf 79' lang='grc' dir='ltr'>τὰ</span> <span class='ocrx_word' id='word_1_419' title='bbox 507 3781 600 3836; x_wconf 87' lang='grc' dir='ltr'><strong>δύο</strong></span> <span class='ocrx_word' id='word_1_420' title='bbox 624 3779 1072 3852; x_wconf 86' lang='grc' dir='ltr'>δωδεκατημόρια</span> <span class='ocrx_word' id='word_1_421' title='bbox 1092 3773 1186 3829; x_wconf 79' lang='grc' dir='ltr'>τοῦ</span> <span class='ocrx_word' id='word_1_422' title='bbox 1216 3772 1446 3837; x_wconf 81' lang='grc' dir='ltr'>Τοξότου</span> <span class='ocrx_word' id='word_1_423' title='bbox 1476 3786 1537 3822; x_wconf 87' lang='grc' dir='ltr'><strong>τε</strong></span> <span class='ocrx_word' id='word_1_424' title='bbox 1563 3767 1659 3822; x_wconf 70' lang='grc' dir='ltr'><strong>καὶ</strong></span> <span class='ocrx_word' id='word_1_425' title='bbox 1684 3764 1966 3835; x_wconf 82' lang='grc' dir='ltr'>Αίγόκερω</span> <span class='ocrx_word' id='word_1_426' title='bbox 1982 3775 1997 3789; x_wconf 85' lang='grc'>⁶</span> 
     </span>
    </p>
   </div>
   <div class='ocr_carea' id='block_1_54' title="bbox 419 3853 2004 3928">
    <p class='ocr_par' dir='ltr' id='par_1_54' title="bbox 419 3853 2004 3928">
     <span class='ocr_line' id='line_1_57' title="bbox 419 3853 2004 3928; baseline -0.015 0"><span class='ocrx_word' id='word_1_427' title='bbox 419 3874 514 3928; x_wconf 72' lang='grc' dir='ltr'>καὶ</span> <span class='ocrx_word' id='word_1_428' title='bbox 542 3872 630 3928; x_wconf 78' lang='grc' dir='ltr'>διὰ</span> <span class='ocrx_word' id='word_1_429' title='bbox 653 3872 810 3927; x_wconf 78' lang='grc' dir='ltr'>τοῦτο</span> <span class='ocrx_word' id='word_1_430' title='bbox 843 3871 908 3924; x_wconf 83' lang='grc' dir='ltr'>ὲκ</span> <span class='ocrx_word' id='word_1_431' title='bbox 930 3869 1023 3924; x_wconf 83' lang='grc' dir='ltr'>τοῦ</span> <span class='ocrx_word' id='word_1_432' title='bbox 1054 3865 1218 3923; x_wconf 76' lang='grc' dir='ltr'>αὑτοῦ</span> <span class='ocrx_word' id='word_1_433' title='bbox 1249 3865 1412 3918; x_wconf 88' lang='grc' dir='ltr'>τόπου</span> <span class='ocrx_word' id='word_1_434' title='bbox 1444 3857 1748 3921; x_wconf 84' lang='grc' dir='ltr'>ἀνατέλλει,</span> <span class='ocrx_word' id='word_1_435' title='bbox 1793 3855 1888 3908; x_wconf 77' lang='grc' dir='ltr'><strong>καὶ</strong></span> <span class='ocrx_word' id='word_1_436' title='bbox 1923 3853 2004 3916; x_wconf 87' lang='grc' dir='ltr'><strong>είς</strong></span> 
     </span>
    </p>
   </div>
   <div class='ocr_carea' id='block_1_55' title="bbox 421 3949 1814 4027">
    <p class='ocr_par' dir='ltr' id='par_1_55' title="bbox 421 3949 1814 4027">
     <span class='ocr_line' id='line_1_58' title="bbox 421 3949 1814 4027; baseline -0.015 -8"><span class='ocrx_word' id='word_1_437' title='bbox 421 3966 511 4022; x_wconf 62' lang='grc' dir='ltr'><strong>τὸν</strong></span> <span class='ocrx_word' id='word_1_438' title='bbox 543 3964 704 4019; x_wconf 84' lang='grc' dir='ltr'>αὐτὸν</span> <span class='ocrx_word' id='word_1_439' title='bbox 731 3962 897 4017; x_wconf 87' lang='grc' dir='ltr'>τόπον</span> <span class='ocrx_word' id='word_1_440' title='bbox 922 3961 1066 4015; x_wconf 90' lang='grc' dir='ltr'>δύνει</span> <span class='ocrx_word' id='word_1_441' title='bbox 1098 3957 1332 4027; x_wconf 80' lang='grc' dir='ltr'>Τοξότης</span> <span class='ocrx_word' id='word_1_442' title='bbox 1358 3953 1452 4006; x_wconf 66' lang='grc' dir='ltr'><strong>καὶ</strong></span> <span class='ocrx_word' id='word_1_443' title='bbox 1481 3949 1814 4019; x_wconf 85' lang='grc' dir='ltr'>Αίγόκερως.</span> 
     </span>
    </p>
   </div>
   <div class='ocr_carea' id='block_1_56' title="bbox 511 4122 2008 4216">
    <p class='ocr_par' dir='ltr' id='par_1_56' title="bbox 511 4122 2008 4216">
     <span class='ocr_line' id='line_1_59' title="bbox 511 4122 2008 4216; baseline -0.017 -16"><span class='ocrx_word' id='word_1_444' title='bbox 511 4145 744 4216; x_wconf 86' lang='grc' dir='ltr'>ὐμοίως</span> <span class='ocrx_word' id='word_1_445' title='bbox 770 4141 828 4196; x_wconf 78' lang='grc' dir='ltr'>δὲ</span> <span class='ocrx_word' id='word_1_446' title='bbox 857 4140 953 4195; x_wconf 76' lang='grc' dir='ltr'>καὶ</span> <span class='ocrx_word' id='word_1_447' title='bbox 980 4139 1078 4202; x_wconf 82' lang='grc' dir='ltr'>τὰς</span> <span class='ocrx_word' id='word_1_448' title='bbox 1109 4135 1300 4198; x_wconf 70' lang='grc' dir='ltr'>λοιπὰς</span> <span class='ocrx_word' id='word_1_449' title='bbox 1337 4131 1600 4200; x_wconf 80' lang='grc' dir='ltr'>συζυγίας</span> <span class='ocrx_word' id='word_1_450' title='bbox 1626 4122 2008 4198; x_wconf 83' lang='grc' dir='ltr'>διημαρτημέ-</span> 
     </span>
    </p>
   </div>
   <div class='ocr_carea' id='block_1_57' title="bbox 426 4214 2008 4306">
    <p class='ocr_par' dir='ltr' id='par_1_57' title="bbox 426 4214 2008 4306">
     <span class='ocr_line' id='line_1_60' title="bbox 426 4214 2008 4306; baseline -0.018 -11"><span class='ocrx_word' id='word_1_451' title='bbox 426 4258 523 4305; x_wconf 81' lang='grc' dir='ltr'><strong>νας</strong></span> <span class='ocrx_word' id='word_1_452' title='bbox 553 4214 690 4292; x_wconf 64' lang='grc' dir='ltr'>εἶναι</span> <span class='ocrx_word' id='word_1_453' title='bbox 721 4233 1085 4306; x_wconf 69' lang='grc' dir='ltr'>συμϐέϐηκεν.</span> <span class='ocrx_word' id='word_1_454' title='bbox 1111 4226 1496 4300; x_wconf 83' lang='grc' dir='ltr'>Ἑκδηλότατον</span> <span class='ocrx_word' id='word_1_455' title='bbox 1524 4223 1580 4276; x_wconf 82' lang='grc' dir='ltr'>δὲ</span> <span class='ocrx_word' id='word_1_456' title='bbox 1602 4221 1811 4290; x_wconf 88' lang='grc' dir='ltr'>γίνεται</span> <span class='ocrx_word' id='word_1_457' title='bbox 1836 4214 2008 4286; x_wconf 76' lang='grc' dir='ltr'>ἁμάρ-</span> 
     </span>
    </p>
   </div>
   <div class='ocr_carea' id='block_1_58' title="bbox 426 4307 2011 4403">
    <p class='ocr_par' dir='ltr' id='par_1_58' title="bbox 426 4307 2011 4403">
     <span class='ocr_line' id='line_1_61' title="bbox 426 4307 2011 4403; baseline -0.018 -17"><span class='ocrx_word' id='word_1_458' title='bbox 426 4347 580 4403; x_wconf 86' lang='grc' dir='ltr'>τημα</span> <span class='ocrx_word' id='word_1_459' title='bbox 612 4329 741 4399; x_wconf 73' lang='grc' dir='ltr'>περὶ</span> <span class='ocrx_word' id='word_1_460' title='bbox 776 4327 875 4398; x_wconf 81' lang='grc' dir='ltr'><strong>τὴν</strong></span> <span class='ocrx_word' id='word_1_461' title='bbox 923 4322 1185 4392; x_wconf 79' lang='grc' dir='ltr'>συζυγίαν</span> <span class='ocrx_word' id='word_1_462' title='bbox 1227 4318 1322 4373; x_wconf 77' lang='grc' dir='ltr'>τοῦ</span> <span class='ocrx_word' id='word_1_463' title='bbox 1357 4312 1551 4388; x_wconf 78' lang='grc' dir='ltr'>Κριοῦ.</span> <span class='ocrx_word' id='word_1_464' title='bbox 1595 4307 2011 4380; x_wconf 80' lang='grc' dir='ltr'>Ἀποφαίνονται</span> 
     </span>
    </p>
   </div>
   <div class='ocr_carea' id='block_1_59' title="bbox 427 4395 2012 4496">
    <p class='ocr_par' dir='ltr' id='par_1_59' title="bbox 427 4395 2012 4496">
     <span class='ocr_line' id='line_1_62' title="bbox 427 4395 2012 4496; baseline -0.02 -19"><span class='ocrx_word' id='word_1_465' title='bbox 427 4425 538 4496; x_wconf 78' lang='grc' dir='ltr'><strong>γὰρ</strong></span> <span class='ocrx_word' id='word_1_466' title='bbox 556 4395 700 4475; x_wconf 67' lang='grc' dir='ltr'>κατα</span> <span class='ocrx_word' id='word_1_467' title='bbox 718 4395 977 4485; x_wconf 77' lang='grc' dir='ltr'>συζυγίαν</span> <span class='ocrx_word' id='word_1_468' title='bbox 1008 4413 1196 4485; x_wconf 74' lang='grc' dir='ltr'>Κριὸν,</span> <span class='ocrx_word' id='word_1_469' title='bbox 1225 4408 1419 4478; x_wconf 82' lang='grc' dir='ltr'>Ζυγδν,</span> <span class='ocrx_word' id='word_1_470' title='bbox 1444 4405 1520 4468; x_wconf 85' lang='grc' dir='ltr'>ὡς</span> <span class='ocrx_word' id='word_1_471' title='bbox 1542 4401 1746 4456; x_wconf 89' lang='grc' dir='ltr'>τούτων</span> <span class='ocrx_word' id='word_1_472' title='bbox 1770 4397 1880 4451; x_wconf 83' lang='grc' dir='ltr'><strong>τῶν</strong></span> <span class='ocrx_word' id='word_1_473' title='bbox 1909 4395 2012 4460; x_wconf 77' lang='grc' dir='ltr'><strong>ζω-</strong></span> 
     </span>
    </p>
   </div>
   <div class='ocr_carea' id='block_1_60' title="bbox 428 4487 2010 4570">
    <p class='ocr_par' dir='ltr' id='par_1_60' title="bbox 428 4487 2010 4570">
     <span class='ocr_line' id='line_1_63' title="bbox 428 4487 2010 4570; baseline -0.02 0"><span class='ocrx_word' id='word_1_474' title='bbox 428 4487 555 4570; x_wconf 76' lang='grc' dir='ltr'>δίων</span> <span class='ocrx_word' id='word_1_475' title='bbox 579 4516 644 4568; x_wconf 85' lang='grc' dir='ltr'>ὲκ</span> <span class='ocrx_word' id='word_1_476' title='bbox 673 4510 769 4565; x_wconf 81' lang='grc' dir='ltr'>τοῦ</span> <span class='ocrx_word' id='word_1_477' title='bbox 803 4506 966 4562; x_wconf 79' lang='grc' dir='ltr'><strong>αὐτοῦ</strong></span> <span class='ocrx_word' id='word_1_478' title='bbox 1008 4506 1174 4559; x_wconf 90' lang='grc' dir='ltr'>τόπου</span> <span class='ocrx_word' id='word_1_479' title='bbox 1210 4497 1628 4556; x_wconf 84' lang='grc' dir='ltr'>ἀνατελλόντων,</span> <span class='ocrx_word' id='word_1_480' title='bbox 1661 4491 1756 4546; x_wconf 74' lang='grc' dir='ltr'><strong>καὶ</strong></span> <span class='ocrx_word' id='word_1_481' title='bbox 1799 4491 1878 4553; x_wconf 86' lang='grc' dir='ltr'><strong>είς</strong></span> <span class='ocrx_word' id='word_1_482' title='bbox 1919 4487 2010 4541; x_wconf 82' lang='grc' dir='ltr'><strong>τὸν</strong></span> 
     </span>
    </p>
   </div>
   <div class='ocr_carea' id='block_1_61' title="bbox 429 4582 2084 4675">
    <p class='ocr_par' dir='ltr' id='par_1_61' title="bbox 429 4582 2084 4675">
     <span class='ocr_line' id='line_1_64' title="bbox 429 4582 2084 4675; baseline -0.021 -12"><span class='ocrx_word' id='word_1_483' title='bbox 429 4606 594 4662; x_wconf 79' lang='grc' dir='ltr'>αὐτὸν</span> <span class='ocrx_word' id='word_1_484' title='bbox 637 4604 801 4658; x_wconf 85' lang='grc' dir='ltr'>τόπον</span> <span class='ocrx_word' id='word_1_485' title='bbox 847 4598 1131 4653; x_wconf 88' lang='grc' dir='ltr'>δυνόντων.</span> <span class='ocrx_word' id='word_1_486' title='bbox 1172 4593 1312 4648; x_wconf 82' lang='grc' dir='ltr'>Ἀλλ’</span> <span class='ocrx_word' id='word_1_487' title='bbox 1357 4593 1386 4645; x_wconf 84' lang='grc' dir='ltr'>ὁ</span> <span class='ocrx_word' id='word_1_488' title='bbox 1435 4589 1534 4661; x_wconf 79' lang='grc' dir='ltr'>μὲν</span> <span class='ocrx_word' id='word_1_489' title='bbox 1582 4583 1753 4656; x_wconf 78' lang='grc' dir='ltr'>Κριὸς</span> <span class='ocrx_word' id='word_1_490' title='bbox 1802 4582 2010 4652; x_wconf 81' lang='grc' dir='ltr'>βόρειος</span> <span class='ocrx_word' id='word_1_491' title='bbox 2041 4621 2084 4675; x_wconf 77' lang='lat' dir='ltr'><strong>D</strong></span> 
     </span>
    </p>
   </div>
   <div class='ocr_carea' id='block_1_62' title="bbox 431 4671 2429 4759">
    <p class='ocr_par' dir='ltr' id='par_1_62' title="bbox 431 4671 2429 4759">
     <span class='ocr_line' id='line_1_65' title="bbox 431 4671 2429 4759; baseline -0.021 -4"><span class='ocrx_word' id='word_1_492' title='bbox 431 4697 732 4759; x_wconf 78' lang='grc' dir='ltr'>ἀνατέλλει,</span> <span class='ocrx_word' id='word_1_493' title='bbox 759 4693 854 4747; x_wconf 79' lang='grc' dir='ltr'><strong>καὶ</strong></span> <span class='ocrx_word' id='word_1_494' title='bbox 881 4690 1027 4745; x_wconf 90' lang='grc' dir='ltr'>δύνει</span> <span class='ocrx_word' id='word_1_495' title='bbox 1049 4705 1060 4717; x_wconf 90' lang='grc'><strong>·</strong></span> <span class='ocrx_word' id='word_1_496' title='bbox 1093 4689 1159 4740; x_wconf 83' lang='grc' dir='ltr'><strong>ὲκ</strong></span> <span class='ocrx_word' id='word_1_497' title='bbox 1185 4683 1278 4739; x_wconf 81' lang='grc' dir='ltr'>τοῦ</span> <span class='ocrx_word' id='word_1_498' title='bbox 1308 4682 1417 4754; x_wconf 81' lang='grc' dir='ltr'>γὰρ</span> <span class='ocrx_word' id='word_1_499' title='bbox 1463 4672 1780 4749; x_wconf 80' lang='grc' dir='ltr'>ίσημερινοῢ</span> <span class='ocrx_word' id='word_1_500' title='bbox 1809 4671 2010 4725; x_wconf 83' lang='grc' dir='ltr'>κύκλου</span> <span class='ocrx_word' id='word_1_501' title='bbox 2041 4671 2072 4675; x_wconf 59' lang='grc'><strong><em>-</em></strong></span> <span class='ocrx_word' id='word_1_502' title='bbox 2114 4674 2312 4736; x_wconf 69' lang='lat' dir='ltr'><strong>oritur,</strong></span> <span class='ocrx_word' id='word_1_503' title='bbox 2371 4676 2429 4724; x_wconf 74' lang='grc' dir='ltr'><strong>ει</strong></span> 
     </span>
    </p>
   </div>
   <div class='ocr_carea' id='block_1_63' title="bbox 437 4764 2010 4863">
    <p class='ocr_par' dir='ltr' id='par_1_63' title="bbox 437 4764 2010 4863">
     <span class='ocr_line' id='line_1_66' title="bbox 437 4764 2010 4863; baseline -0.021 -16"><span class='ocrx_word' id='word_1_504' title='bbox 437 4792 574 4863; x_wconf 82' lang='grc' dir='ltr'>πρὸς</span> <span class='ocrx_word' id='word_1_505' title='bbox 602 4790 837 4862; x_wconf 82' lang='grc' dir='ltr'>ἄρκτους</span> <span class='ocrx_word' id='word_1_506' title='bbox 877 4786 1087 4840; x_wconf 78' lang='grc' dir='ltr'>κεῖταιο</span> <span class='ocrx_word' id='word_1_507' title='bbox 1116 4782 1144 4834; x_wconf 84' lang='grc' dir='ltr'>ὁ</span> <span class='ocrx_word' id='word_1_508' title='bbox 1170 4779 1227 4832; x_wconf 83' lang='grc' dir='ltr'>δὲ</span> <span class='ocrx_word' id='word_1_509' title='bbox 1271 4774 1443 4863; x_wconf 75' lang='grc' dir='ltr'>Ζυγδς</span> <span class='ocrx_word' id='word_1_510' title='bbox 1478 4772 1651 4833; x_wconf 90' lang='grc' dir='ltr'>νότιος</span> <span class='ocrx_word' id='word_1_511' title='bbox 1692 4764 1973 4821; x_wconf 85' lang='grc' dir='ltr'>ἀνατέλλει</span> <span class='ocrx_word' id='word_1_512' title='bbox 1995 4779 2010 4795; x_wconf 89' lang='grc'><strong>·</strong></span> 
     </span>
    </p>
   </div>
   <div class='ocr_carea' id='block_1_64' title="bbox 433 4857 2016 4954">
    <p class='ocr_par' dir='ltr' id='par_1_64' title="bbox 433 4857 2016 4954">
     <span class='ocr_line' id='line_1_67' title="bbox 433 4857 2016 4954; baseline -0.02 -16"><span class='ocrx_word' id='word_1_513' title='bbox 433 4857 500 4938; x_wconf 79' lang='grc' dir='ltr'>ἐκ</span> <span class='ocrx_word' id='word_1_514' title='bbox 521 4883 631 4954; x_wconf 84' lang='grc' dir='ltr'>γὰρ</span> <span class='ocrx_word' id='word_1_515' title='bbox 644 4857 753 4934; x_wconf 26' lang='grc' dir='ltr'>*τοῦ</span> <span class='ocrx_word' id='word_1_516' title='bbox 791 4871 1106 4947; x_wconf 81' lang='grc' dir='ltr'>ἰσημερινοῦ</span> <span class='ocrx_word' id='word_1_517' title='bbox 1137 4859 1499 4938; x_wconf 81' lang='grc' dir='ltr'>κύκλου⁶πρδς</span> <span class='ocrx_word' id='word_1_518' title='bbox 1531 4858 1877 4935; x_wconf 77' lang='grc' dir='ltr'>μεσημϐρίαν</span> <span class='ocrx_word' id='word_1_519' title='bbox 1903 4857 2016 4954; x_wconf 47' lang='lat' dir='ltr'><strong>xea-</strong></span> 
     </span>
    </p>
   </div>
   <div class='ocr_carea' id='block_1_65' title="bbox 436 4948 2016 5035">
    <p class='ocr_par' dir='ltr' id='par_1_65' title="bbox 436 4948 2016 5035">
     <span class='ocr_line' id='line_1_68' title="bbox 436 4948 2016 5035; baseline -0.022 -2"><span class='ocrx_word' id='word_1_520' title='bbox 436 4948 556 5032; x_wconf 46' lang='lat' dir='ltr'><strong>ﬁat;</strong></span> <span class='ocrx_word' id='word_1_521' title='bbox 585 4948 711 5035; x_wconf 62' lang='grc' dir='ltr'><strong>ῘΙῶς</strong></span> <span class='ocrx_word' id='word_1_522' title='bbox 739 4969 834 5025; x_wconf 81' lang='grc' dir='ltr'><strong>οὖν</strong></span> <span class='ocrx_word' id='word_1_523' title='bbox 861 4969 1084 5023; x_wconf 89' lang='grc' dir='ltr'>δύναται</span> <span class='ocrx_word' id='word_1_524' title='bbox 1107 4961 1277 5034; x_wconf 78' lang='grc' dir='ltr'>Κριὸς</span> <span class='ocrx_word' id='word_1_525' title='bbox 1298 4956 1456 5027; x_wconf 84' lang='grc' dir='ltr'>Ζυγῷ</span> <span class='ocrx_word' id='word_1_526' title='bbox 1473 4953 1616 5008; x_wconf 79' lang='grc' dir='ltr'>κατὰ</span> <span class='ocrx_word' id='word_1_527' title='bbox 1647 4948 1920 5018; x_wconf 67' lang='grc' dir='ltr'>συζυγίαν</span> <span class='ocrx_word' id='word_1_528' title='bbox 1937 4948 2016 4999; x_wconf 77' lang='grc' dir='ltr'>εί·-</span> 
     </span>
    </p>
   </div>
   <div class='ocr_carea' id='block_1_66' title="bbox 437 5037 2019 5135">
    <p class='ocr_par' dir='ltr' id='par_1_66' title="bbox 437 5037 2019 5135">
     <span class='ocr_line' id='line_1_69' title="bbox 437 5037 2019 5135; baseline -0.023 -10"><span class='ocrx_word' id='word_1_529' title='bbox 437 5085 560 5135; x_wconf 90' lang='grc' dir='ltr'>ναι;</span> <span class='ocrx_word' id='word_1_530' title='bbox 585 5071 649 5122; x_wconf 81' lang='grc' dir='ltr'>ὲκ</span> <span class='ocrx_word' id='word_1_531' title='bbox 680 5064 952 5135; x_wconf 83' lang='grc' dir='ltr'>διαφόρων</span> <span class='ocrx_word' id='word_1_532' title='bbox 985 5059 1096 5130; x_wconf 85' lang='grc' dir='ltr'>γὰρ</span> <span class='ocrx_word' id='word_1_533' title='bbox 1131 5056 1314 5109; x_wconf 88' lang='grc' dir='ltr'>τόπων</span> <span class='ocrx_word' id='word_1_534' title='bbox 1345 5046 1714 5108; x_wconf 82' lang='grc' dir='ltr'>ἁνατέλλουσι,</span> <span class='ocrx_word' id='word_1_535' title='bbox 1740 5041 1940 5112; x_wconf 88' lang='grc' dir='ltr'>ὁμοίως</span> <span class='ocrx_word' id='word_1_536' title='bbox 1962 5037 2019 5090; x_wconf 85' lang='grc' dir='ltr'>δὲ</span> 
     </span>
    </p>
   </div>
   <div class='ocr_carea' id='block_1_67' title="bbox 439 5129 2020 5217">
    <p class='ocr_par' dir='ltr' id='par_1_67' title="bbox 439 5129 2020 5217">
     <span class='ocr_line' id='line_1_70' title="bbox 439 5129 2020 5217; baseline -0.022 -1"><span class='ocrx_word' id='word_1_537' title='bbox 439 5162 533 5217; x_wconf 76' lang='grc' dir='ltr'><strong>καὶ</strong></span> <span class='ocrx_word' id='word_1_538' title='bbox 554 5159 820 5213; x_wconf 86' lang='grc' dir='ltr'>δύνουσιν.</span> <span class='ocrx_word' id='word_1_539' title='bbox 851 5154 925 5206; x_wconf 81' lang='grc' dir='ltr'><strong>Οὐ</strong></span> <span class='ocrx_word' id='word_1_540' title='bbox 958 5151 1180 5204; x_wconf 84' lang='grc' dir='ltr'>δύναται</span> <span class='ocrx_word' id='word_1_541' title='bbox 1213 5145 1270 5198; x_wconf 83' lang='grc' dir='ltr'>δὲ</span> <span class='ocrx_word' id='word_1_542' title='bbox 1301 5142 1472 5196; x_wconf 76' lang='grc' dir='ltr'>ταῦτα</span> <span class='ocrx_word' id='word_1_543' title='bbox 1495 5138 1565 5192; x_wconf 80' lang='grc' dir='ltr'>τὰ</span> <span class='ocrx_word' id='word_1_544' title='bbox 1592 5135 1756 5202; x_wconf 82' lang='grc' dir='ltr'>ζώδια</span> <span class='ocrx_word' id='word_1_545' title='bbox 1781 5131 1888 5187; x_wconf 79' lang='grc' dir='ltr'>ὑπὸ</span> <span class='ocrx_word' id='word_1_546' title='bbox 1912 5129 2020 5184; x_wconf 82' lang='grc' dir='ltr'>τῶν</span> 
     </span>
    </p>
   </div>
   <div class='ocr_carea' id='block_1_68' title="bbox 438 5222 2022 5320">
    <p class='ocr_par' dir='ltr' id='par_1_68' title="bbox 438 5222 2022 5320">
     <span class='ocr_line' id='line_1_71' title="bbox 438 5222 2022 5320; baseline -0.021 -13"><span class='ocrx_word' id='word_1_547' title='bbox 438 5251 618 5307; x_wconf 79' lang='grc' dir='ltr'>αὐτῶν</span> <span class='ocrx_word' id='word_1_548' title='bbox 648 5243 1009 5320; x_wconf 85' lang='grc' dir='ltr'>παραλλήλων</span> <span class='ocrx_word' id='word_1_549' title='bbox 1047 5235 1398 5312; x_wconf 86' lang='grc' dir='ltr'>περιέχεσθαι</span> <span class='ocrx_word' id='word_1_550' title='bbox 1427 5230 1664 5286; x_wconf 87' lang='grc' dir='ltr'>κύκλων.</span> <span class='ocrx_word' id='word_1_551' title='bbox 1705 5225 1937 5297; x_wconf 81' lang='grc' dir='ltr'>Ὁμοίως</span> <span class='ocrx_word' id='word_1_552' title='bbox 1965 5222 2022 5276; x_wconf 83' lang='grc' dir='ltr'><strong>δὲ</strong></span> 
     </span>
    </p>
   </div>
   <div class='ocr_carea' id='block_1_69' title="bbox 439 5321 2023 5404">
    <p class='ocr_par' dir='ltr' id='par_1_69' title="bbox 439 5321 2023 5404">
     <span class='ocr_line' id='line_1_72' title="bbox 439 5321 2023 5404; baseline -0.019 -4"><span class='ocrx_word' id='word_1_553' title='bbox 439 5346 562 5400; x_wconf 81' lang='grc' dir='ltr'>οὐδὲ</span> <span class='ocrx_word' id='word_1_554' title='bbox 609 5344 666 5396; x_wconf 81' lang='grc' dir='ltr'>αἱ</span> <span class='ocrx_word' id='word_1_555' title='bbox 703 5339 890 5394; x_wconf 74' lang='grc' dir='ltr'>λοιπαὶ</span> <span class='ocrx_word' id='word_1_556' title='bbox 918 5335 1173 5404; x_wconf 78' lang='grc' dir='ltr'>συζυγίαι</span> <span class='ocrx_word' id='word_1_557' title='bbox 1224 5325 1628 5402; x_wconf 76' lang='grc' dir='ltr'>συμφωνοῦσιν.</span> <span class='ocrx_word' id='word_1_558' title='bbox 1663 5321 2023 5392; x_wconf 83' lang='grc' dir='ltr'>Ἦγνοήκασιν</span> 
     </span>
    </p>
   </div>
   <div class='ocr_carea' id='block_1_70' title="bbox 441 5411 2025 5505">
    <p class='ocr_par' dir='ltr' id='par_1_70' title="bbox 441 5411 2025 5505">
     <span class='ocr_line' id='line_1_73' title="bbox 441 5411 2025 5505; baseline -0.018 -13"><span class='ocrx_word' id='word_1_559' title='bbox 441 5434 534 5492; x_wconf 79' lang='grc' dir='ltr'><strong>οὖν</strong></span> <span class='ocrx_word' id='word_1_560' title='bbox 567 5435 638 5490; x_wconf 85' lang='grc' dir='ltr'>τὰ</span> <span class='ocrx_word' id='word_1_561' title='bbox 686 5434 814 5505; x_wconf 76' lang='grc' dir='ltr'>περὶ</span> <span class='ocrx_word' id='word_1_562' title='bbox 838 5431 939 5494; x_wconf 84' lang='grc' dir='ltr'><strong>τὰς</strong></span> <span class='ocrx_word' id='word_1_563' title='bbox 982 5427 1204 5500; x_wconf 79' lang='grc' dir='ltr'>πρώτας</span> <span class='ocrx_word' id='word_1_564' title='bbox 1245 5422 1440 5494; x_wconf 88' lang='grc' dir='ltr'>μοίρας</span> <span class='ocrx_word' id='word_1_565' title='bbox 1490 5413 1874 5488; x_wconf 77' lang='grc' dir='ltr'>συμϐεϐηκότα</span> <span class='ocrx_word' id='word_1_566' title='bbox 1914 5411 2025 5474; x_wconf 81' lang='grc' dir='ltr'>τοῖς</span> 
     </span>
    </p>
   </div>
   <div class='ocr_carea' id='block_1_71' title="bbox 444 5505 2018 5593">
    <p class='ocr_par' dir='ltr' id='par_1_71' title="bbox 444 5505 2018 5593">
     <span class='ocr_line' id='line_1_74' title="bbox 444 5505 2018 5593; baseline -0.017 -11"><span class='ocrx_word' id='word_1_567' title='bbox 444 5529 587 5582; x_wconf 82' lang='grc' dir='ltr'>κατὰ</span> <span class='ocrx_word' id='word_1_568' title='bbox 617 5524 878 5593; x_wconf 84' lang='grc' dir='ltr'>συζυγίας</span> <span class='ocrx_word' id='word_1_569' title='bbox 907 5520 1117 5585; x_wconf 78' lang='grc' dir='ltr'>ζωδίοις</span> <span class='ocrx_word' id='word_1_570' title='bbox 1147 5516 1277 5586; x_wconf 72' lang='grc' dir='ltr'>περὶ</span> <span class='ocrx_word' id='word_1_571' title='bbox 1306 5515 1404 5568; x_wconf 83' lang='grc' dir='ltr'>ὅλα</span> <span class='ocrx_word' id='word_1_572' title='bbox 1421 5510 1492 5565; x_wconf 84' lang='grc' dir='ltr'>τὰ</span> <span class='ocrx_word' id='word_1_573' title='bbox 1523 5509 1689 5574; x_wconf 79' lang='grc' dir='ltr'>ζώδια</span> <span class='ocrx_word' id='word_1_574' title='bbox 1717 5505 2018 5576; x_wconf 81' lang='grc' dir='ltr'>ὲκθέμενοι.</span> 
     </span>
    </p>
   </div>
   <div class='ocr_carea' id='block_1_72' title="bbox 445 5597 2022 5686">
    <p class='ocr_par' dir='ltr' id='par_1_72' title="bbox 445 5597 2022 5686">
     <span class='ocr_line' id='line_1_75' title="bbox 445 5597 2022 5686; baseline -0.016 -14"><span class='ocrx_word' id='word_1_575' title='bbox 445 5615 634 5686; x_wconf 83' lang='grc' dir='ltr'>Πολλῷ</span> <span class='ocrx_word' id='word_1_576' title='bbox 657 5615 766 5686; x_wconf 83' lang='grc' dir='ltr'>γὰρ</span> <span class='ocrx_word' id='word_1_577' title='bbox 794 5611 991 5685; x_wconf 81' lang='grc' dir='ltr'>μᾶλλον</span> <span class='ocrx_word' id='word_1_578' title='bbox 1016 5608 1122 5662; x_wconf 73' lang='grc' dir='ltr'>ἔδει</span> <span class='ocrx_word' id='word_1_579' title='bbox 1154 5605 1223 5659; x_wconf 85' lang='grc' dir='ltr'>τὰ</span> <span class='ocrx_word' id='word_1_580' title='bbox 1251 5603 1394 5665; x_wconf 79' lang='grc' dir='ltr'>ὅλοις</span> <span class='ocrx_word' id='word_1_581' title='bbox 1436 5601 1481 5633; x_wconf 79' lang='grc'>¹⁸</span> <span class='ocrx_word' id='word_1_582' title='bbox 1508 5601 1620 5660; x_wconf 83' lang='grc' dir='ltr'>τοῖς</span> <span class='ocrx_word' id='word_1_583' title='bbox 1645 5597 2022 5666; x_wconf 86' lang='grc' dir='ltr'>δωδεκατημο-</span> 
     </span>
    </p>
   </div>
   <div class='ocr_carea' id='block_1_73' title="bbox 525 5771 842 5844">
    <p class='ocr_par' dir='ltr' id='par_1_73' title="bbox 525 5771 842 5844">
     <span class='ocr_line' id='line_1_76' title="bbox 525 5771 842 5844; baseline -0.028 -13"><span class='ocrx_word' id='word_1_584' title='bbox 525 5778 567 5809; x_wconf 81' lang='grc'>¹⁸</span> <span class='ocrx_word' id='word_1_585' title='bbox 601 5792 690 5844; x_wconf 78' lang='grc' dir='ltr'><strong>γρ.</strong></span> <span class='ocrx_word' id='word_1_586' title='bbox 723 5771 842 5828; x_wconf 83' lang='grc' dir='ltr'>ὅλα.</span> 
     </span>
    </p>
   </div>
   <div class='ocr_carea' id='block_1_74' title="bbox 525 5877 1633 5968">
    <p class='ocr_par' dir='ltr' id='par_1_74' title="bbox 525 5877 1633 5968">
     <span class='ocr_line' id='line_1_77' title="bbox 525 5877 1633 5968; baseline -0.019 -19"><span class='ocrx_word' id='word_1_587' title='bbox 525 5896 638 5968; x_wconf 79' lang='lat' dir='ltr'><strong>(Id)</strong></span> <span class='ocrx_word' id='word_1_588' title='bbox 681 5893 846 5948; x_wconf 74' lang='lat' dir='ltr'><strong>Abest</strong></span> <span class='ocrx_word' id='word_1_589' title='bbox 877 5905 980 5944; x_wconf 76' lang='lat' dir='ltr'><strong>vox</strong></span> <span class='ocrx_word' id='word_1_590' title='bbox 1018 5885 1242 5957; x_wconf 78' lang='grc' dir='ltr'>σημείου</span> <span class='ocrx_word' id='word_1_591' title='bbox 1281 5896 1308 5934; x_wconf 85' lang='lat' dir='ltr'><strong>a</strong></span> <span class='ocrx_word' id='word_1_592' title='bbox 1341 5877 1633 5936; x_wconf 79' lang='lat' dir='ltr'><strong>veteribus.</strong></span> 
     </span>
    </p>
   </div>
   <div class='ocr_carea' id='block_1_75' title="bbox 2084 1986 3661 2084">
    <p class='ocr_par' dir='ltr' id='par_1_75' title="bbox 2084 1986 3661 2084">
     <span class='ocr_line' id='line_1_78' title="bbox 2084 1986 3661 2084; baseline -0.029 0"><span class='ocrx_word' id='word_1_593' title='bbox 2084 2030 2296 2084; x_wconf 88' lang='lat' dir='ltr'><strong>dierum</strong></span> <span class='ocrx_word' id='word_1_594' title='bbox 2346 2032 2399 2078; x_wconf 86' lang='lat' dir='ltr'><strong>ct</strong></span> <span class='ocrx_word' id='word_1_595' title='bbox 2425 2017 2668 2075; x_wconf 89' lang='lat' dir='ltr'><strong>noctium</strong></span> <span class='ocrx_word' id='word_1_596' title='bbox 2719 2009 2958 2082; x_wconf 61' lang='lat' dir='ltr'><strong>aequales</strong></span> <span class='ocrx_word' id='word_1_597' title='bbox 2985 2012 3114 2059; x_wconf 86' lang='lat' dir='ltr'><strong>sunt</strong></span> <span class='ocrx_word' id='word_1_598' title='bbox 3153 2001 3208 2054; x_wconf 90' lang='lat' dir='ltr'><strong>in</strong></span> <span class='ocrx_word' id='word_1_599' title='bbox 3245 1991 3488 2050; x_wconf 87' lang='lat' dir='ltr'><strong>Geminis</strong></span> <span class='ocrx_word' id='word_1_600' title='bbox 3516 1995 3571 2043; x_wconf 89' lang='lat' dir='ltr'><strong>et</strong></span> <span class='ocrx_word' id='word_1_601' title='bbox 3603 1986 3661 2040; x_wconf 87' lang='lat' dir='ltr'><strong>in</strong></span> 
     </span>
    </p>
   </div>
   <div class='ocr_carea' id='block_1_76' title="bbox 2085 2089 3664 2176">
    <p class='ocr_par' dir='ltr' id='par_1_76' title="bbox 2085 2089 3664 2176">
     <span class='ocr_line' id='line_1_79' title="bbox 2085 2089 3664 2176; baseline -0.028 0"><span class='ocrx_word' id='word_1_602' title='bbox 2085 2120 2300 2176; x_wconf 81' lang='lat' dir='ltr'><strong>Cancro</strong></span> <span class='ocrx_word' id='word_1_603' title='bbox 2333 2133 2346 2168; x_wconf 92' lang='lat'><strong>:</strong></span> <span class='ocrx_word' id='word_1_604' title='bbox 2386 2121 2441 2170; x_wconf 91' lang='lat' dir='ltr'><strong>et</strong></span> <span class='ocrx_word' id='word_1_605' title='bbox 2475 2114 2529 2167; x_wconf 91' lang='lat' dir='ltr'><strong>in</strong></span> <span class='ocrx_word' id='word_1_606' title='bbox 2565 2104 2953 2163; x_wconf 75' lang='lat' dir='ltr'><strong>instrumentis</strong></span> <span class='ocrx_word' id='word_1_607' title='bbox 2993 2091 3231 2151; x_wconf 89' lang='lat' dir='ltr'><strong>horariis</strong></span> <span class='ocrx_word' id='word_1_608' title='bbox 3260 2089 3417 2142; x_wconf 80' lang='lat' dir='ltr'><strong>lineae</strong></span> <span class='ocrx_word' id='word_1_609' title='bbox 3461 2097 3492 2136; x_wconf 91' lang='lat' dir='ltr'><strong>a</strong></span> <span class='ocrx_word' id='word_1_610' title='bbox 3529 2093 3664 2150; x_wconf 76' lang='lat' dir='ltr'><strong>gno-</strong></span> 
     </span>
    </p>
   </div>
   <div class='ocr_carea' id='block_1_77' title="bbox 2087 2169 3664 2271">
    <p class='ocr_par' dir='ltr' id='par_1_77' title="bbox 2087 2169 3664 2271">
     <span class='ocr_line' id='line_1_80' title="bbox 2087 2169 3664 2271; baseline -0.03 -3"><span class='ocrx_word' id='word_1_611' title='bbox 2087 2210 2346 2268; x_wconf 86' lang='lat' dir='ltr'><strong>monibus</strong></span> <span class='ocrx_word' id='word_1_612' title='bbox 2403 2202 2693 2271; x_wconf 79' lang='lat' dir='ltr'><strong>descriptae</strong></span> <span class='ocrx_word' id='word_1_613' title='bbox 2753 2191 3035 2264; x_wconf 70' lang='lat' dir='ltr'><strong>aequaliter</strong></span> <span class='ocrx_word' id='word_1_614' title='bbox 3088 2185 3294 2240; x_wconf 88' lang='lat' dir='ltr'><strong>distant</strong></span> <span class='ocrx_word' id='word_1_615' title='bbox 3357 2176 3426 2230; x_wconf 88' lang='lat' dir='ltr'><strong>ab</strong></span> <span class='ocrx_word' id='word_1_616' title='bbox 3474 2169 3664 2228; x_wconf 80' lang='lat' dir='ltr'><strong>aestivo</strong></span> 
     </span>
    </p>
   </div>
   <div class='ocr_carea' id='block_1_78' title="bbox 2086 2261 3663 2374">
    <p class='ocr_par' dir='ltr' id='par_1_78' title="bbox 2086 2261 3663 2374">
     <span class='ocr_line' id='line_1_81' title="bbox 2086 2261 3663 2374; baseline -0.027 -15"><span class='ocrx_word' id='word_1_617' title='bbox 2086 2310 2295 2374; x_wconf 87' lang='lat' dir='ltr'><strong>puncto</strong></span> <span class='ocrx_word' id='word_1_618' title='bbox 2325 2293 2625 2356; x_wconf 91' lang='lat' dir='ltr'><strong>solstitiali,</strong></span> <span class='ocrx_word' id='word_1_619' title='bbox 2658 2303 2783 2345; x_wconf 90' lang='lat' dir='ltr'><strong>cum</strong></span> <span class='ocrx_word' id='word_1_620' title='bbox 2817 2261 2873 2339; x_wconf 81' lang='lat' dir='ltr'><strong>in</strong></span> <span class='ocrx_word' id='word_1_621' title='bbox 2895 2283 3130 2340; x_wconf 87' lang='lat' dir='ltr'><strong>Cancro,</strong></span> <span class='ocrx_word' id='word_1_622' title='bbox 3167 2283 3282 2327; x_wconf 90' lang='lat' dir='ltr'><strong>tum</strong></span> <span class='ocrx_word' id='word_1_623' title='bbox 3311 2271 3365 2324; x_wconf 93' lang='lat' dir='ltr'><strong>in</strong></span> <span class='ocrx_word' id='word_1_624' title='bbox 3396 2261 3663 2320; x_wconf 85' lang='lat' dir='ltr'><strong>Geminis.</strong></span> 
     </span>
     <span class='ocr_line' id='line_1_82' title="bbox 3241 2352 3640 2374; baseline -0.03 0"><span class='ocrx_word' id='word_1_625' title='bbox 3241 2364 3253 2374; x_wconf 92' lang='lat'><strong>.</strong></span> <span class='ocrx_word' id='word_1_626' title='bbox 3408 2357 3440 2374; x_wconf 82' lang='grc'>.,</span> <span class='ocrx_word' id='word_1_627' title='bbox 3576 2352 3640 2374; x_wconf 30' lang='grc' dir='ltr'><strong>,ὦ</strong></span> 
     </span>
    </p>
   </div>
   <div class='ocr_carea' id='block_1_79' title="bbox 2088 2352 3669 2449">
    <p class='ocr_par' dir='ltr' id='par_1_79' title="bbox 2088 2352 3669 2449">
     <span class='ocr_line' id='line_1_83' title="bbox 2088 2352 2620 2374; baseline -0.015 -10"><span class='ocrx_word' id='word_1_628' title='bbox 2088 2352 2284 2374; x_wconf 38' lang='lat' dir='ltr'><strong>rw---</strong></span> <span class='ocrx_word' id='word_1_629' title='bbox 2333 2352 2372 2354; x_wconf 46' lang='grc' dir='ltr'><strong>ρ</strong></span> <span class='ocrx_word' id='word_1_630' title='bbox 2613 2352 2620 2356; x_wconf 84' lang='grc'>,</span> 
     </span>
     <span class='ocr_line' id='line_1_84' title="bbox 2088 2352 3669 2449; baseline -0.03 1"><span class='ocrx_word' id='word_1_631' title='bbox 2088 2393 2225 2449; x_wconf 82' lang='lat' dir='ltr'><strong>Nam</strong></span> <span class='ocrx_word' id='word_1_632' title='bbox 2254 2391 2322 2445; x_wconf 88' lang='lat' dir='ltr'><strong>ad</strong></span> <span class='ocrx_word' id='word_1_633' title='bbox 2356 2388 2605 2443; x_wconf 63' lang='lat' dir='ltr'><strong>aestivum</strong></span> <span class='ocrx_word' id='word_1_634' title='bbox 2633 2382 2738 2436; x_wconf 81' lang='lat' dir='ltr'><strong>hoc</strong></span> <span class='ocrx_word' id='word_1_635' title='bbox 2770 2383 3040 2448; x_wconf 88' lang='lat' dir='ltr'><strong>punctum</strong></span> <span class='ocrx_word' id='word_1_636' title='bbox 3083 2364 3343 2437; x_wconf 68' lang='lat' dir='ltr'><strong>aequalem</strong></span> <span class='ocrx_word' id='word_1_637' title='bbox 3377 2357 3540 2413; x_wconf 91' lang='lat' dir='ltr'><strong>situm</strong></span> <span class='ocrx_word' id='word_1_638' title='bbox 3576 2352 3669 2404; x_wconf 84' lang='lat' dir='ltr'><strong>ha-</strong></span> 
     </span>
    </p>
   </div>
   <div class='ocr_carea' id='block_1_80' title="bbox 2090 2444 3672 2549">
    <p class='ocr_par' dir='ltr' id='par_1_80' title="bbox 2090 2444 3672 2549">
     <span class='ocr_line' id='line_1_85' title="bbox 2090 2444 3672 2549; baseline -0.031 -4"><span class='ocrx_word' id='word_1_639' title='bbox 2090 2487 2347 2546; x_wconf 69' lang='lat' dir='ltr'><strong>bentltazc</strong></span> <span class='ocrx_word' id='word_1_640' title='bbox 2365 2483 2474 2538; x_wconf 88' lang='lat' dir='ltr'><strong>duo</strong></span> <span class='ocrx_word' id='word_1_641' title='bbox 2499 2479 2676 2549; x_wconf 81' lang='lat' dir='ltr'><strong>signa.</strong></span> <span class='ocrx_word' id='word_1_642' title='bbox 2702 2471 2861 2528; x_wconf 88' lang='lat' dir='ltr'><strong>Unde</strong></span> <span class='ocrx_word' id='word_1_643' title='bbox 2885 2468 3049 2522; x_wconf 89' lang='lat' dir='ltr'><strong>etiam</strong></span> <span class='ocrx_word' id='word_1_644' title='bbox 3075 2462 3219 2516; x_wconf 85' lang='lat' dir='ltr'><strong>inter</strong></span> <span class='ocrx_word' id='word_1_645' title='bbox 3248 2451 3466 2510; x_wconf 85' lang='lat' dir='ltr'><strong>eosdem</strong></span> <span class='ocrx_word' id='word_1_646' title='bbox 3498 2447 3549 2517; x_wconf 86' lang='grc'><em>’1</em></span> <span class='ocrx_word' id='word_1_647' title='bbox 3567 2444 3672 2498; x_wconf 86' lang='lat' dir='ltr'><strong>cir-</strong></span> 
     </span>
    </p>
   </div>
   <div class='ocr_carea' id='block_1_81' title="bbox 2090 2537 3669 2647">
    <p class='ocr_par' dir='ltr' id='par_1_81' title="bbox 2090 2537 3669 2647">
     <span class='ocr_line' id='line_1_86' title="bbox 2090 2537 3669 2647; baseline -0.03 -11"><span class='ocrx_word' id='word_1_648' title='bbox 2090 2581 2246 2635; x_wconf 82' lang='lat' dir='ltr'><strong>culos</strong></span> <span class='ocrx_word' id='word_1_649' title='bbox 2271 2537 2580 2647; x_wconf 63' lang='lat' dir='ltr'><strong>parallelos</strong></span> <span class='ocrx_word' id='word_1_650' title='bbox 2593 2571 2724 2623; x_wconf 86' lang='lat' dir='ltr'><strong>sunt</strong></span> <span class='ocrx_word' id='word_1_651' title='bbox 2762 2563 2867 2618; x_wconf 88' lang='lat' dir='ltr'><strong>sita</strong></span> <span class='ocrx_word' id='word_1_652' title='bbox 2891 2574 2906 2612; x_wconf 92' lang='lat'><strong>:</strong></span> <span class='ocrx_word' id='word_1_653' title='bbox 2941 2566 2994 2613; x_wconf 89' lang='lat' dir='ltr'><strong>et</strong></span> <span class='ocrx_word' id='word_1_654' title='bbox 3023 2554 3094 2609; x_wconf 91' lang='lat' dir='ltr'><strong>ob</strong></span> <span class='ocrx_word' id='word_1_655' title='bbox 3123 2552 3227 2606; x_wconf 84' lang='lat' dir='ltr'><strong>hoc</strong></span> <span class='ocrx_word' id='word_1_656' title='bbox 3249 2562 3316 2602; x_wconf 84' lang='lat' dir='ltr'><strong>ex</strong></span> <span class='ocrx_word' id='word_1_657' title='bbox 3337 2541 3526 2599; x_wconf 88' lang='lat' dir='ltr'><strong>eodem</strong></span> <span class='ocrx_word' id='word_1_658' title='bbox 3547 2537 3669 2592; x_wconf 82' lang='lat' dir='ltr'><strong>loco</strong></span> 
     </span>
    </p>
   </div>
   <div class='ocr_carea' id='block_1_82' title="bbox 2089 2626 3670 2722">
    <p class='ocr_par' dir='ltr' id='par_1_82' title="bbox 2089 2626 3670 2722">
     <span class='ocr_line' id='line_1_87' title="bbox 2093 2626 2402 2647; baseline -0.023 -12"><span class='ocrx_word' id='word_1_659' title='bbox 2093 2626 2246 2635; x_wconf 56' lang='grc' dir='ltr'><strong>πη-</strong></span> <span class='ocrx_word' id='word_1_660' title='bbox 2274 2626 2355 2647; x_wconf 49' lang='grc' dir='ltr'><strong>τη</strong></span> <span class='ocrx_word' id='word_1_661' title='bbox 2377 2626 2402 2628; x_wconf 41' lang='grc' dir='ltr'><strong>ν</strong></span> 
     </span>
     <span class='ocr_line' id='line_1_88' title="bbox 2089 2626 3670 2722; baseline -0.028 1"><span class='ocrx_word' id='word_1_662' title='bbox 2089 2668 2344 2722; x_wconf 89' lang='lat' dir='ltr'><strong>oriuntur</strong></span> <span class='ocrx_word' id='word_1_663' title='bbox 2370 2657 2608 2722; x_wconf 88' lang='lat' dir='ltr'><strong>Gemini,</strong></span> <span class='ocrx_word' id='word_1_664' title='bbox 2641 2655 2888 2714; x_wconf 89' lang='lat' dir='ltr'><strong>Cancer,</strong></span> <span class='ocrx_word' id='word_1_665' title='bbox 2936 2643 3192 2702; x_wconf 88' lang='lat' dir='ltr'><strong>similiter</strong></span> <span class='ocrx_word' id='word_1_666' title='bbox 3225 2644 3280 2694; x_wconf 89' lang='lat' dir='ltr'><strong>et</strong></span> <span class='ocrx_word' id='word_1_667' title='bbox 3311 2631 3570 2690; x_wconf 90' lang='lat' dir='ltr'><strong>occidunt</strong></span> <span class='ocrx_word' id='word_1_668' title='bbox 3611 2626 3670 2682; x_wconf 78' lang='lat' dir='ltr'><strong>in</strong></span> 
     </span>
    </p>
   </div>
   <div class='ocr_carea' id='block_1_83' title="bbox 2091 2753 2583 2814">
    <p class='ocr_par' dir='ltr' id='par_1_83' title="bbox 2091 2753 2583 2814">
     <span class='ocr_line' id='line_1_89' title="bbox 2091 2753 2583 2814; baseline -0.026 -1"><span class='ocrx_word' id='word_1_669' title='bbox 2091 2755 2344 2814; x_wconf 86' lang='lat' dir='ltr'><strong>eumdem</strong></span> <span class='ocrx_word' id='word_1_670' title='bbox 2374 2753 2583 2805; x_wconf 90' lang='lat' dir='ltr'><strong>locum.</strong></span> 
     </span>
    </p>
   </div>
   <div class='ocr_carea' id='block_1_84' title="bbox 2163 2809 3670 2902">
    <p class='ocr_par' dir='ltr' id='par_1_84' title="bbox 2163 2809 3670 2902">
     <span class='ocr_line' id='line_1_90' title="bbox 2163 2809 3670 2902; baseline -0.027 1"><span class='ocrx_word' id='word_1_671' title='bbox 2163 2845 2364 2902; x_wconf 88' lang='lat' dir='ltr'><strong>Eadem</strong></span> <span class='ocrx_word' id='word_1_672' title='bbox 2392 2848 2477 2898; x_wconf 89' lang='lat' dir='ltr'><strong>est</strong></span> <span class='ocrx_word' id='word_1_673' title='bbox 2497 2838 2637 2893; x_wconf 85' lang='lat' dir='ltr'><strong>ratio</strong></span> <span class='ocrx_word' id='word_1_674' title='bbox 2663 2833 2826 2891; x_wconf 89' lang='lat' dir='ltr'><strong>etiam</strong></span> <span class='ocrx_word' id='word_1_675' title='bbox 2857 2829 2914 2885; x_wconf 90' lang='lat' dir='ltr'><strong>in</strong></span> <span class='ocrx_word' id='word_1_676' title='bbox 2934 2825 3288 2896; x_wconf 90' lang='lat' dir='ltr'><strong>Capricorno.</strong></span> <span class='ocrx_word' id='word_1_677' title='bbox 3314 2815 3500 2884; x_wconf 76' lang='lat' dir='ltr'><strong>Neque</strong></span> <span class='ocrx_word' id='word_1_678' title='bbox 3523 2809 3670 2866; x_wconf 82' lang='lat' dir='ltr'><strong>enim</strong></span> 
     </span>
    </p>
   </div>
   <div class='ocr_carea' id='block_1_85' title="bbox 2102 2903 3673 3006">
    <p class='ocr_par' dir='ltr' id='par_1_85' title="bbox 2102 2903 3673 3006">
     <span class='ocr_line' id='line_1_91' title="bbox 2102 2903 3673 3006; baseline -0.027 -11"><span class='ocrx_word' id='word_1_679' title='bbox 2102 2939 2194 2996; x_wconf 87' lang='lat' dir='ltr'><strong>hic</strong></span> <span class='ocrx_word' id='word_1_680' title='bbox 2225 2944 2309 2990; x_wconf 90' lang='lat' dir='ltr'><strong>est</strong></span> <span class='ocrx_word' id='word_1_681' title='bbox 2335 2934 2570 3006; x_wconf 83' lang='lat' dir='ltr'><strong>maxime</strong></span> <span class='ocrx_word' id='word_1_682' title='bbox 2608 2921 2888 2986; x_wconf 87' lang='lat' dir='ltr'><strong>australis,</strong></span> <span class='ocrx_word' id='word_1_683' title='bbox 2924 2916 3020 2974; x_wconf 83' lang='lat' dir='ltr'><strong>sed</strong></span> <span class='ocrx_word' id='word_1_684' title='bbox 3066 2925 3232 2968; x_wconf 89' lang='lat' dir='ltr'><strong>unum</strong></span> <span class='ocrx_word' id='word_1_685' title='bbox 3267 2903 3489 2976; x_wconf 85' lang='lat' dir='ltr'><strong>aliquod</strong></span> <span class='ocrx_word' id='word_1_686' title='bbox 3531 2915 3673 2973; x_wconf 82' lang='lat' dir='ltr'><strong>pun-</strong></span> 
     </span>
    </p>
   </div>
   <div class='ocr_carea' id='block_1_86' title="bbox 2095 2997 3675 3090">
    <p class='ocr_par' dir='ltr' id='par_1_86' title="bbox 2095 2997 3675 3090">
     <span class='ocr_line' id='line_1_92' title="bbox 2095 2997 3675 3090; baseline -0.025 -4"><span class='ocrx_word' id='word_1_687' title='bbox 2095 3038 2244 3086; x_wconf 88' lang='lat' dir='ltr'><strong>ctum</strong></span> <span class='ocrx_word' id='word_1_688' title='bbox 2274 3026 2488 3082; x_wconf 86' lang='lat' dir='ltr'><strong>ratione</strong></span> <span class='ocrx_word' id='word_1_689' title='bbox 2523 3015 2954 3090; x_wconf 88' lang='lat' dir='ltr'><strong>percipiendum,</strong></span> <span class='ocrx_word' id='word_1_690' title='bbox 2989 3004 3136 3079; x_wconf 86' lang='lat' dir='ltr'><strong>quod</strong></span> <span class='ocrx_word' id='word_1_691' title='bbox 3169 3013 3463 3058; x_wconf 90' lang='lat' dir='ltr'><strong>commune</strong></span> <span class='ocrx_word' id='word_1_692' title='bbox 3501 3004 3584 3050; x_wconf 85' lang='lat' dir='ltr'><strong>est</strong></span> <span class='ocrx_word' id='word_1_693' title='bbox 3617 2997 3675 3048; x_wconf 73' lang='lat' dir='ltr'><strong>et</strong></span> 
     </span>
    </p>
   </div>
   <div class='ocr_carea' id='block_1_87' title="bbox 2095 3081 3674 3188">
    <p class='ocr_par' dir='ltr' id='par_1_87' title="bbox 2095 3081 3674 3188">
     <span class='ocr_line' id='line_1_93' title="bbox 2095 3081 3674 3188; baseline -0.026 -11"><span class='ocrx_word' id='word_1_694' title='bbox 2095 3121 2191 3177; x_wconf 74' lang='lat' dir='ltr'><strong>ﬁni</strong></span> <span class='ocrx_word' id='word_1_695' title='bbox 2233 3081 2545 3188; x_wconf 63' lang='lat' dir='ltr'><strong>Sagittarii:</strong></span> <span class='ocrx_word' id='word_1_696' title='bbox 2572 3119 2625 3167; x_wconf 88' lang='lat' dir='ltr'><strong>et</strong></span> <span class='ocrx_word' id='word_1_697' title='bbox 2667 3081 2940 3178; x_wconf 76' lang='lat' dir='ltr'><strong>principio</strong></span> <span class='ocrx_word' id='word_1_698' title='bbox 2974 3091 3298 3167; x_wconf 89' lang='lat' dir='ltr'><strong>Capricorni</strong></span> <span class='ocrx_word' id='word_1_699' title='bbox 3336 3109 3352 3146; x_wconf 90' lang='lat'><strong>:</strong></span> <span class='ocrx_word' id='word_1_700' title='bbox 3400 3100 3562 3158; x_wconf 86' lang='lat' dir='ltr'><strong>quam</strong></span> <span class='ocrx_word' id='word_1_701' title='bbox 3600 3081 3674 3140; x_wconf 84' lang='lat' dir='ltr'><strong>ob</strong></span> 
     </span>
    </p>
   </div>
   <div class='ocr_carea' id='block_1_88' title="bbox 2101 3179 3676 3271">
    <p class='ocr_par' dir='ltr' id='par_1_88' title="bbox 2101 3179 3676 3271">
     <span class='ocr_line' id='line_1_94' title="bbox 2101 3179 3676 3271; baseline -0.026 -1"><span class='ocrx_word' id='word_1_702' title='bbox 2101 3226 2325 3271; x_wconf 88' lang='lat' dir='ltr'><strong>causam</strong></span> <span class='ocrx_word' id='word_1_703' title='bbox 2370 3205 2604 3264; x_wconf 90' lang='lat' dir='ltr'><strong>similem</strong></span> <span class='ocrx_word' id='word_1_704' title='bbox 2660 3200 2825 3256; x_wconf 91' lang='lat' dir='ltr'><strong>situm</strong></span> <span class='ocrx_word' id='word_1_705' title='bbox 2873 3192 3040 3248; x_wconf 88' lang='lat' dir='ltr'><strong>habet</strong></span> <span class='ocrx_word' id='word_1_706' title='bbox 3093 3201 3219 3242; x_wconf 91' lang='lat' dir='ltr'><strong>cum</strong></span> <span class='ocrx_word' id='word_1_707' title='bbox 3275 3179 3574 3254; x_wconf 73' lang='lat' dir='ltr'><strong>Sagittario</strong></span> <span class='ocrx_word' id='word_1_708' title='bbox 3619 3180 3676 3230; x_wconf 84' lang='lat' dir='ltr'><strong>et</strong></span> 
     </span>
    </p>
   </div>
   <div class='ocr_carea' id='block_1_89' title="bbox 2022 3265 3676 3361">
    <p class='ocr_par' dir='ltr' id='par_1_89' title="bbox 2022 3265 3676 3361">
     <span class='ocr_line' id='line_1_95' title="bbox 2022 3265 3676 3361; baseline -0.025 1"><span class='ocrx_word' id='word_1_709' title='bbox 2022 3280 2065 3339; x_wconf 61' lang='grc' dir='ltr'><strong>(ἶ</strong></span> <span class='ocrx_word' id='word_1_710' title='bbox 2097 3265 2341 3361; x_wconf 68' lang='lat' dir='ltr'><strong>eamdem</strong></span> <span class='ocrx_word' id='word_1_711' title='bbox 2382 3297 2546 3352; x_wconf 86' lang='lat' dir='ltr'><strong>habet</strong></span> <span class='ocrx_word' id='word_1_712' title='bbox 2585 3289 2900 3350; x_wconf 87' lang='lat' dir='ltr'><strong>distantiam</strong></span> <span class='ocrx_word' id='word_1_713' title='bbox 2941 3283 3009 3337; x_wconf 88' lang='lat' dir='ltr'><strong>ab</strong></span> <span class='ocrx_word' id='word_1_714' title='bbox 3053 3280 3283 3335; x_wconf 87' lang='lat' dir='ltr'><strong>hiberno</strong></span> <span class='ocrx_word' id='word_1_715' title='bbox 3329 3277 3532 3345; x_wconf 90' lang='lat' dir='ltr'><strong>puncto</strong></span> <span class='ocrx_word' id='word_1_716' title='bbox 3565 3265 3676 3324; x_wconf 80' lang='lat' dir='ltr'><strong>scl-</strong></span> 
     </span>
    </p>
   </div>
   <div class='ocr_carea' id='block_1_90' title="bbox 2100 3367 3678 3453">
    <p class='ocr_par' dir='ltr' id='par_1_90' title="bbox 2100 3367 3678 3453">
     <span class='ocr_line' id='line_1_96' title="bbox 2100 3367 3678 3453; baseline -0.025 -2"><span class='ocrx_word' id='word_1_717' title='bbox 2100 3393 2312 3453; x_wconf 86' lang='lat' dir='ltr'><strong>stitiali.</strong></span> <span class='ocrx_word' id='word_1_718' title='bbox 2363 3388 2519 3445; x_wconf 88' lang='lat' dir='ltr'><strong>Unde</strong></span> <span class='ocrx_word' id='word_1_719' title='bbox 2553 3386 2716 3441; x_wconf 89' lang='lat' dir='ltr'><strong>etiam</strong></span> <span class='ocrx_word' id='word_1_720' title='bbox 2761 3371 3167 3447; x_wconf 80' lang='lat' dir='ltr'><strong>magnitudines</strong></span> <span class='ocrx_word' id='word_1_721' title='bbox 3210 3367 3420 3423; x_wconf 83' lang='lat' dir='ltr'><strong>dierum</strong></span> <span class='ocrx_word' id='word_1_722' title='bbox 3469 3368 3525 3417; x_wconf 90' lang='lat' dir='ltr'><strong>et</strong></span> <span class='ocrx_word' id='word_1_723' title='bbox 3575 3371 3678 3414; x_wconf 84' lang='lat' dir='ltr'><strong>no—</strong></span> 
     </span>
    </p>
   </div>
   <div class='ocr_carea' id='block_1_91' title="bbox 2099 3455 3674 3544">
    <p class='ocr_par' dir='ltr' id='par_1_91' title="bbox 2099 3455 3674 3544">
     <span class='ocr_line' id='line_1_97' title="bbox 2099 3455 3674 3544; baseline -0.025 0"><span class='ocrx_word' id='word_1_724' title='bbox 2099 3487 2270 3544; x_wconf 89' lang='lat' dir='ltr'><strong>ctium</strong></span> <span class='ocrx_word' id='word_1_725' title='bbox 2321 3481 2526 3539; x_wconf 59' lang='lat' dir='ltr'><strong>eadem</strong></span> <span class='ocrx_word' id='word_1_726' title='bbox 2575 3482 2705 3532; x_wconf 92' lang='lat' dir='ltr'><strong>sunt</strong></span> <span class='ocrx_word' id='word_1_727' title='bbox 2751 3473 2807 3527; x_wconf 92' lang='lat' dir='ltr'><strong>in</strong></span> <span class='ocrx_word' id='word_1_728' title='bbox 2849 3463 3144 3538; x_wconf 75' lang='lat' dir='ltr'><strong>Sagittario</strong></span> <span class='ocrx_word' id='word_1_729' title='bbox 3201 3466 3255 3516; x_wconf 91' lang='lat' dir='ltr'><strong>et</strong></span> <span class='ocrx_word' id='word_1_730' title='bbox 3293 3455 3674 3526; x_wconf 86' lang='lat' dir='ltr'><strong>Capricorno:</strong></span> 
     </span>
    </p>
   </div>
   <div class='ocr_carea' id='block_1_92' title="bbox 2101 3537 3681 3636">
    <p class='ocr_par' dir='ltr' id='par_1_92' title="bbox 2101 3537 3681 3636">
     <span class='ocr_line' id='line_1_98' title="bbox 2101 3537 3681 3636; baseline -0.026 -4"><span class='ocrx_word' id='word_1_731' title='bbox 2101 3585 2164 3632; x_wconf 82' lang='lat' dir='ltr'><strong>et.</strong></span> <span class='ocrx_word' id='word_1_732' title='bbox 2195 3572 2517 3631; x_wconf 81' lang='lat' dir='ltr'><strong>extremitas</strong></span> <span class='ocrx_word' id='word_1_733' title='bbox 2572 3559 2861 3636; x_wconf 79' lang='lat' dir='ltr'><strong>gnomonis</strong></span> <span class='ocrx_word' id='word_1_734' title='bbox 2909 3537 2968 3610; x_wconf 86' lang='lat' dir='ltr'><strong>in</strong></span> <span class='ocrx_word' id='word_1_735' title='bbox 3019 3544 3402 3607; x_wconf 87' lang='lat' dir='ltr'><strong>instrumentis</strong></span> <span class='ocrx_word' id='word_1_736' title='bbox 3440 3537 3681 3596; x_wconf 79' lang='lat' dir='ltr'><strong>borariis</strong></span> 
     </span>
    </p>
   </div>
   <div class='ocr_carea' id='block_1_93' title="bbox 2099 3626 3680 3722">
    <p class='ocr_par' dir='ltr' id='par_1_93' title="bbox 2099 3626 3680 3722">
     <span class='ocr_line' id='line_1_99' title="bbox 2099 3626 3680 3722; baseline -0.028 1"><span class='ocrx_word' id='word_1_737' title='bbox 2099 3665 2320 3722; x_wconf 83' lang='lat' dir='ltr'><strong>easdem</strong></span> <span class='ocrx_word' id='word_1_738' title='bbox 2347 3626 2610 3717; x_wconf 63' lang='lat' dir='ltr'><strong>describit</strong></span> <span class='ocrx_word' id='word_1_739' title='bbox 2638 3653 2834 3716; x_wconf 87' lang='lat' dir='ltr'><strong>lineas,</strong></span> <span class='ocrx_word' id='word_1_740' title='bbox 2861 3652 2917 3702; x_wconf 88' lang='lat' dir='ltr'><strong>et</strong></span> <span class='ocrx_word' id='word_1_741' title='bbox 2944 3644 3092 3698; x_wconf 88' lang='lat' dir='ltr'><strong>inter</strong></span> <span class='ocrx_word' id='word_1_742' title='bbox 3131 3636 3350 3693; x_wconf 87' lang='lat' dir='ltr'><strong>eosdem</strong></span> <span class='ocrx_word' id='word_1_743' title='bbox 3389 3626 3680 3703; x_wconf 77' lang='lat' dir='ltr'><strong>paralleics</strong></span> 
     </span>
    </p>
   </div>
   <div class='ocr_carea' id='block_1_94' title="bbox 2099 3726 3680 3815">
    <p class='ocr_par' dir='ltr' id='par_1_94' title="bbox 2099 3726 3680 3815">
     <span class='ocr_line' id='line_1_100' title="bbox 2099 3726 3680 3815; baseline -0.026 1"><span class='ocrx_word' id='word_1_744' title='bbox 2099 3758 2338 3815; x_wconf 86' lang='lat' dir='ltr'><strong>circulos</strong></span> <span class='ocrx_word' id='word_1_745' title='bbox 2385 3754 2492 3810; x_wconf 91' lang='lat' dir='ltr'><strong>sita</strong></span> <span class='ocrx_word' id='word_1_746' title='bbox 2541 3755 2669 3806; x_wconf 90' lang='lat' dir='ltr'><strong>sunt</strong></span> <span class='ocrx_word' id='word_1_747' title='bbox 2715 3745 2832 3799; x_wconf 75' lang='lat' dir='ltr'><strong>haec</strong></span> <span class='ocrx_word' id='word_1_748' title='bbox 2882 3738 2993 3793; x_wconf 88' lang='lat' dir='ltr'><strong>duo</strong></span> <span class='ocrx_word' id='word_1_749' title='bbox 3045 3726 3488 3790; x_wconf 82' lang='lat' dir='ltr'><strong>dodeeatentoria</strong></span> <span class='ocrx_word' id='word_1_750' title='bbox 3550 3735 3680 3777; x_wconf 81' lang='lat' dir='ltr'><strong>cum</strong></span> 
     </span>
    </p>
   </div>
   <div class='ocr_carea' id='block_1_95' title="bbox 2107 4019 2966 4102">
    <p class='ocr_par' dir='ltr' id='par_1_95' title="bbox 2107 4019 2966 4102">
     <span class='ocr_line' id='line_1_101' title="bbox 2107 4019 2966 4102; baseline -0.022 -15"><span class='ocrx_word' id='word_1_751' title='bbox 2107 4029 2460 4102; x_wconf 75' lang='lat' dir='ltr'><strong>Sagittarius,</strong></span> <span class='ocrx_word' id='word_1_752' title='bbox 2492 4033 2546 4080; x_wconf 89' lang='lat' dir='ltr'><strong>et</strong></span> <span class='ocrx_word' id='word_1_753' title='bbox 2573 4019 2966 4092; x_wconf 89' lang='lat' dir='ltr'><strong>Capricornus.</strong></span> 
     </span>
    </p>
   </div>
   <div class='ocr_carea' id='block_1_96' title="bbox 2179 4090 3680 4179">
    <p class='ocr_par' dir='ltr' id='par_1_96' title="bbox 2179 4090 3680 4179">
     <span class='ocr_line' id='line_1_102' title="bbox 2179 4090 3680 4179; baseline -0.025 0"><span class='ocrx_word' id='word_1_754' title='bbox 2179 4121 2444 4178; x_wconf 88' lang='lat' dir='ltr'><strong>Similiter</strong></span> <span class='ocrx_word' id='word_1_755' title='bbox 2485 4130 2618 4172; x_wconf 88' lang='lat' dir='ltr'><strong>vero</strong></span> <span class='ocrx_word' id='word_1_756' title='bbox 2654 4090 2711 4168; x_wconf 76' lang='lat' dir='ltr'><strong>et</strong></span> <span class='ocrx_word' id='word_1_757' title='bbox 2751 4109 2996 4179; x_wconf 80' lang='lat' dir='ltr'><strong>reliquas</strong></span> <span class='ocrx_word' id='word_1_758' title='bbox 3041 4096 3482 4160; x_wconf 87' lang='lat' dir='ltr'><strong>combinationes</strong></span> <span class='ocrx_word' id='word_1_759' title='bbox 3509 4090 3680 4159; x_wconf 66' lang='lat' dir='ltr'><strong>ferro-</strong></span> 
     </span>
    </p>
   </div>
   <div class='ocr_carea' id='block_1_97' title="bbox 2111 4177 3683 4274">
    <p class='ocr_par' dir='ltr' id='par_1_97' title="bbox 2111 4177 3683 4274">
     <span class='ocr_line' id='line_1_103' title="bbox 2111 4177 3683 4274; baseline -0.029 -3"><span class='ocrx_word' id='word_1_760' title='bbox 2111 4228 2247 4271; x_wconf 89' lang='lat' dir='ltr'><strong>neas</strong></span> <span class='ocrx_word' id='word_1_761' title='bbox 2277 4223 2402 4266; x_wconf 86' lang='lat' dir='ltr'><strong>esse</strong></span> <span class='ocrx_word' id='word_1_762' title='bbox 2428 4202 2716 4274; x_wconf 77' lang='lat' dir='ltr'><strong>contingit.</strong></span> <span class='ocrx_word' id='word_1_763' title='bbox 2755 4177 3238 4253; x_wconf 79' lang='lat' dir='ltr'><strong>Manifestissimus</strong></span> <span class='ocrx_word' id='word_1_764' title='bbox 3265 4185 3410 4240; x_wconf 91' lang='lat' dir='ltr'><strong>enim</strong></span> <span class='ocrx_word' id='word_1_765' title='bbox 3440 4177 3498 4233; x_wconf 85' lang='lat' dir='ltr'><strong>ﬁt</strong></span> <span class='ocrx_word' id='word_1_766' title='bbox 3526 4187 3683 4230; x_wconf 86' lang='lat' dir='ltr'><strong>error</strong></span> 
     </span>
    </p>
   </div>
   <div class='ocr_carea' id='block_1_98' title="bbox 2107 4268 3685 4362">
    <p class='ocr_par' dir='ltr' id='par_1_98' title="bbox 2107 4268 3685 4362">
     <span class='ocr_line' id='line_1_104' title="bbox 2107 4268 3685 4362; baseline -0.029 1"><span class='ocrx_word' id='word_1_767' title='bbox 2107 4309 2166 4362; x_wconf 91' lang='lat' dir='ltr'><strong>in</strong></span> <span class='ocrx_word' id='word_1_768' title='bbox 2191 4299 2600 4360; x_wconf 89' lang='lat' dir='ltr'><strong>combinatione</strong></span> <span class='ocrx_word' id='word_1_769' title='bbox 2637 4292 2862 4348; x_wconf 80' lang='lat' dir='ltr'><strong>Arietis.</strong></span> <span class='ocrx_word' id='word_1_770' title='bbox 2903 4286 3188 4343; x_wconf 81' lang='lat' dir='ltr'><strong>Aﬂirmant</strong></span> <span class='ocrx_word' id='word_1_771' title='bbox 3224 4276 3366 4332; x_wconf 87' lang='lat' dir='ltr'><strong>enim</strong></span> <span class='ocrx_word' id='word_1_772' title='bbox 3404 4268 3685 4326; x_wconf 87' lang='lat' dir='ltr'><strong>combina-</strong></span> 
     </span>
    </p>
   </div>
   <div class='ocr_carea' id='block_1_99' title="bbox 2108 4356 3687 4455">
    <p class='ocr_par' dir='ltr' id='par_1_99' title="bbox 2108 4356 3687 4455">
     <span class='ocr_line' id='line_1_105' title="bbox 2108 4356 3687 4455; baseline -0.029 1"><span class='ocrx_word' id='word_1_773' title='bbox 2108 4401 2316 4455; x_wconf 90' lang='lat' dir='ltr'><strong>tionem</strong></span> <span class='ocrx_word' id='word_1_774' title='bbox 2349 4395 2495 4450; x_wconf 89' lang='lat' dir='ltr'><strong>inter</strong></span> <span class='ocrx_word' id='word_1_775' title='bbox 2531 4405 2591 4446; x_wconf 92' lang='lat' dir='ltr'><strong>se</strong></span> <span class='ocrx_word' id='word_1_776' title='bbox 2614 4386 2818 4442; x_wconf 88' lang='lat' dir='ltr'><strong>habere</strong></span> <span class='ocrx_word' id='word_1_777' title='bbox 2850 4379 3110 4438; x_wconf 83' lang='lat' dir='ltr'><strong>Arietem,</strong></span> <span class='ocrx_word' id='word_1_778' title='bbox 3154 4379 3209 4427; x_wconf 91' lang='lat' dir='ltr'><strong>et</strong></span> <span class='ocrx_word' id='word_1_779' title='bbox 3243 4368 3482 4427; x_wconf 87' lang='lat' dir='ltr'><strong>Libram,</strong></span> <span class='ocrx_word' id='word_1_780' title='bbox 3526 4356 3687 4430; x_wconf 86' lang='lat' dir='ltr'><strong>quasi</strong></span> 
     </span>
    </p>
   </div>
   <div class='ocr_carea' id='block_1_100' title="bbox 2110 4451 3687 4559">
    <p class='ocr_par' dir='ltr' id='par_1_100' title="bbox 2110 4451 3687 4559">
     <span class='ocr_line' id='line_1_106' title="bbox 2110 4451 3687 4559; baseline -0.03 -11"><span class='ocrx_word' id='word_1_781' title='bbox 2110 4493 2226 4546; x_wconf 67' lang='lat' dir='ltr'><strong>haec</strong></span> <span class='ocrx_word' id='word_1_782' title='bbox 2263 4489 2417 4559; x_wconf 75' lang='lat' dir='ltr'><strong>signa</strong></span> <span class='ocrx_word' id='word_1_783' title='bbox 2457 4499 2524 4539; x_wconf 88' lang='lat' dir='ltr'><strong>ex</strong></span> <span class='ocrx_word' id='word_1_784' title='bbox 2566 4479 2757 4536; x_wconf 88' lang='lat' dir='ltr'><strong>eodem</strong></span> <span class='ocrx_word' id='word_1_785' title='bbox 2790 4475 2909 4529; x_wconf 90' lang='lat' dir='ltr'><strong>loco</strong></span> <span class='ocrx_word' id='word_1_786' title='bbox 2942 4467 3210 4527; x_wconf 89' lang='lat' dir='ltr'><strong>oriantur,</strong></span> <span class='ocrx_word' id='word_1_787' title='bbox 3247 4466 3301 4515; x_wconf 91' lang='lat' dir='ltr'><strong>et</strong></span> <span class='ocrx_word' id='word_1_788' title='bbox 3341 4457 3397 4512; x_wconf 90' lang='lat' dir='ltr'><strong>in</strong></span> <span class='ocrx_word' id='word_1_789' title='bbox 3433 4451 3687 4510; x_wconf 86' lang='lat' dir='ltr'><strong>eumdem</strong></span> 
     </span>
     <span class='ocr_line' id='line_1_107' title="bbox 3235 4539 3683 4559; baseline -0.029 0"><span class='ocrx_word' id='word_1_790' title='bbox 3235 4551 3284 4559; x_wconf 88' lang='lat'><strong>.-</strong></span> <span class='ocrx_word' id='word_1_791' title='bbox 3449 4545 3465 4559; x_wconf 87' lang='grc'><em>,</em></span> <span class='ocrx_word' id='word_1_792' title='bbox 3539 4539 3683 4559; x_wconf 37' lang='grc' dir='ltr'><strong>πη,</strong></span> 
     </span>
    </p>
   </div>
   <div class='ocr_carea' id='block_1_101' title="bbox 2113 4539 3688 4638">
    <p class='ocr_par' dir='ltr' id='par_1_101' title="bbox 2113 4539 3688 4638">
     <span class='ocr_line' id='line_1_108' title="bbox 2113 4539 3688 4638; baseline -0.03 1"><span class='ocrx_word' id='word_1_793' title='bbox 2113 4539 2628 4638; x_wconf 39' lang='lat' dir='ltr'><strong>locum—coccidant.</strong></span> <span class='ocrx_word' id='word_1_794' title='bbox 2691 4565 2855 4636; x_wconf 84' lang='lat' dir='ltr'><strong>Atqui</strong></span> <span class='ocrx_word' id='word_1_795' title='bbox 2917 4559 3079 4615; x_wconf 87' lang='lat' dir='ltr'><strong>Aries</strong></span> <span class='ocrx_word' id='word_1_796' title='bbox 3157 4551 3374 4624; x_wconf 91' lang='lat' dir='ltr'><strong>quidem</strong></span> <span class='ocrx_word' id='word_1_797' title='bbox 3449 4539 3688 4599; x_wconf 85' lang='lat' dir='ltr'><strong>borealis</strong></span> 
     </span>
    </p>
   </div>
   <div class='ocr_carea' id='block_1_102' title="bbox 2496 4639 3690 4724">
    <p class='ocr_par' dir='ltr' id='par_1_102' title="bbox 2496 4639 3690 4724">
     <span class='ocr_line' id='line_1_109' title="bbox 2496 4639 3690 4724; baseline -0.028 -3"><span class='ocrx_word' id='word_1_798' title='bbox 2496 4661 2724 4724; x_wconf 79' lang='lat' dir='ltr'><strong>occidit,</strong></span> <span class='ocrx_word' id='word_1_799' title='bbox 2766 4671 2889 4712; x_wconf 90' lang='lat' dir='ltr'><strong>nam</strong></span> <span class='ocrx_word' id='word_1_800' title='bbox 2950 4653 3020 4707; x_wconf 89' lang='lat' dir='ltr'><strong>ab</strong></span> <span class='ocrx_word' id='word_1_801' title='bbox 3074 4639 3439 4717; x_wconf 67' lang='lat' dir='ltr'><strong>aequinoctiali</strong></span> <span class='ocrx_word' id='word_1_802' title='bbox 3494 4646 3690 4689; x_wconf 74' lang='lat' dir='ltr'><strong>versus</strong></span> 
     </span>
    </p>
   </div>
   <div class='ocr_carea' id='block_1_103' title="bbox 2114 4729 3691 4822">
    <p class='ocr_par' dir='ltr' id='par_1_103' title="bbox 2114 4729 3691 4822">
     <span class='ocr_line' id='line_1_110' title="bbox 2114 4729 3691 4822; baseline -0.03 1"><span class='ocrx_word' id='word_1_803' title='bbox 2114 4768 2338 4822; x_wconf 86' lang='lat' dir='ltr'><strong>boream</strong></span> <span class='ocrx_word' id='word_1_804' title='bbox 2374 4761 2514 4815; x_wconf 90' lang='lat' dir='ltr'><strong>situs</strong></span> <span class='ocrx_word' id='word_1_805' title='bbox 2556 4761 2661 4812; x_wconf 91' lang='lat' dir='ltr'><strong>est.</strong></span> <span class='ocrx_word' id='word_1_806' title='bbox 2701 4750 2866 4805; x_wconf 89' lang='lat' dir='ltr'><strong>Libra</strong></span> <span class='ocrx_word' id='word_1_807' title='bbox 2921 4759 3054 4800; x_wconf 83' lang='lat' dir='ltr'><strong>vero</strong></span> <span class='ocrx_word' id='word_1_808' title='bbox 3096 4733 3356 4794; x_wconf 89' lang='lat' dir='ltr'><strong>australis</strong></span> <span class='ocrx_word' id='word_1_809' title='bbox 3396 4729 3593 4790; x_wconf 90' lang='lat' dir='ltr'><strong>oritur,</strong></span> <span class='ocrx_word' id='word_1_810' title='bbox 3634 4732 3691 4779; x_wconf 86' lang='lat' dir='ltr'><strong>et</strong></span> 
     </span>
    </p>
   </div>
   <div class='ocr_carea' id='block_1_104' title="bbox 2116 4819 3692 4917">
    <p class='ocr_par' dir='ltr' id='par_1_104' title="bbox 2116 4819 3692 4917">
     <span class='ocr_line' id='line_1_111' title="bbox 2116 4819 3692 4917; baseline -0.029 -5"><span class='ocrx_word' id='word_1_811' title='bbox 2116 4853 2342 4917; x_wconf 90' lang='lat' dir='ltr'><strong>occidit,</strong></span> <span class='ocrx_word' id='word_1_812' title='bbox 2375 4851 2444 4905; x_wconf 88' lang='lat' dir='ltr'><strong>ab</strong></span> <span class='ocrx_word' id='word_1_813' title='bbox 2471 4838 2838 4916; x_wconf 58' lang='lat' dir='ltr'><strong>aequinoctiali</strong></span> <span class='ocrx_word' id='word_1_814' title='bbox 2871 4835 3018 4892; x_wconf 89' lang='lat' dir='ltr'><strong>enim</strong></span> <span class='ocrx_word' id='word_1_815' title='bbox 3051 4841 3245 4886; x_wconf 88' lang='lat' dir='ltr'><strong>versus</strong></span> <span class='ocrx_word' id='word_1_816' title='bbox 3286 4819 3567 4877; x_wconf 86' lang='lat' dir='ltr'><strong>meridiem</strong></span> <span class='ocrx_word' id='word_1_817' title='bbox 3606 4821 3692 4870; x_wconf 91' lang='lat' dir='ltr'><strong>est</strong></span> 
     </span>
    </p>
   </div>
   <div class='ocr_carea' id='block_1_105' title="bbox 2119 4905 3693 5010">
    <p class='ocr_par' dir='ltr' id='par_1_105' title="bbox 2119 4905 3693 5010">
     <span class='ocr_line' id='line_1_112' title="bbox 2119 4905 3693 5010; baseline -0.03 -5"><span class='ocrx_word' id='word_1_818' title='bbox 2119 4950 2246 5006; x_wconf 77' lang='lat' dir='ltr'><strong>sita.</strong></span> <span class='ocrx_word' id='word_1_819' title='bbox 2283 4905 2570 5010; x_wconf 67' lang='lat' dir='ltr'><strong>Quomodo</strong></span> <span class='ocrx_word' id='word_1_820' title='bbox 2605 4935 2771 5006; x_wconf 82' lang='lat' dir='ltr'><strong>igitur</strong></span> <span class='ocrx_word' id='word_1_821' title='bbox 2805 4928 2961 4984; x_wconf 86' lang='lat' dir='ltr'><strong>Aries</strong></span> <span class='ocrx_word' id='word_1_822' title='bbox 3010 4937 3135 4979; x_wconf 91' lang='lat' dir='ltr'><strong>cum</strong></span> <span class='ocrx_word' id='word_1_823' title='bbox 3182 4917 3344 4972; x_wconf 85' lang='lat' dir='ltr'><strong>Libra</strong></span> <span class='ocrx_word' id='word_1_824' title='bbox 3379 4915 3559 4982; x_wconf 85' lang='lat' dir='ltr'><strong>potest</strong></span> <span class='ocrx_word' id='word_1_825' title='bbox 3592 4905 3693 4960; x_wconf 85' lang='lat' dir='ltr'><strong>ba-</strong></span> 
     </span>
    </p>
   </div>
   <div class='ocr_carea' id='block_1_106' title="bbox 2120 4996 3694 5096">
    <p class='ocr_par' dir='ltr' id='par_1_106' title="bbox 2120 4996 3694 5096">
     <span class='ocr_line' id='line_1_113' title="bbox 2120 4996 3694 5096; baseline -0.029 1"><span class='ocrx_word' id='word_1_826' title='bbox 2120 5042 2248 5096; x_wconf 90' lang='lat' dir='ltr'><strong>bere</strong></span> <span class='ocrx_word' id='word_1_827' title='bbox 2277 5024 2770 5092; x_wconf 86' lang='lat' dir='ltr'><strong>combinationem?</strong></span> <span class='ocrx_word' id='word_1_828' title='bbox 2813 5022 2931 5076; x_wconf 79' lang='lat' dir='ltr'><strong>haec</strong></span> <span class='ocrx_word' id='word_1_829' title='bbox 2969 5016 3116 5072; x_wconf 88' lang='lat' dir='ltr'><strong>enim</strong></span> <span class='ocrx_word' id='word_1_830' title='bbox 3152 5011 3309 5080; x_wconf 81' lang='lat' dir='ltr'><strong>signa</strong></span> <span class='ocrx_word' id='word_1_831' title='bbox 3355 5019 3422 5058; x_wconf 81' lang='lat' dir='ltr'><strong>ex</strong></span> <span class='ocrx_word' id='word_1_832' title='bbox 3460 4996 3694 5055; x_wconf 84' lang='lat' dir='ltr'><strong>diversis</strong></span> 
     </span>
    </p>
   </div>
   <div class='ocr_carea' id='block_1_107' title="bbox 2123 5087 3695 5188">
    <p class='ocr_par' dir='ltr' id='par_1_107' title="bbox 2123 5087 3695 5188">
     <span class='ocr_line' id='line_1_114' title="bbox 2123 5087 3695 5188; baseline -0.032 1"><span class='ocrx_word' id='word_1_833' title='bbox 2123 5133 2260 5188; x_wconf 90' lang='lat' dir='ltr'><strong>locis</strong></span> <span class='ocrx_word' id='word_1_834' title='bbox 2306 5127 2582 5188; x_wconf 90' lang='lat' dir='ltr'><strong>oriuntur,</strong></span> <span class='ocrx_word' id='word_1_835' title='bbox 2628 5125 2683 5175; x_wconf 92' lang='lat' dir='ltr'><strong>et</strong></span> <span class='ocrx_word' id='word_1_836' title='bbox 2724 5113 2980 5173; x_wconf 90' lang='lat' dir='ltr'><strong>similiter</strong></span> <span class='ocrx_word' id='word_1_837' title='bbox 3021 5109 3078 5162; x_wconf 89' lang='lat' dir='ltr'><strong>in</strong></span> <span class='ocrx_word' id='word_1_838' title='bbox 3130 5105 3344 5160; x_wconf 84' lang='lat' dir='ltr'><strong>diversa</strong></span> <span class='ocrx_word' id='word_1_839' title='bbox 3383 5096 3503 5150; x_wconf 87' lang='lat' dir='ltr'><strong>loca</strong></span> <span class='ocrx_word' id='word_1_840' title='bbox 3545 5087 3695 5144; x_wconf 81' lang='lat' dir='ltr'><strong>occi-</strong></span> 
     </span>
    </p>
   </div>
   <div class='ocr_carea' id='block_1_108' title="bbox 2124 5178 3695 5288">
    <p class='ocr_par' dir='ltr' id='par_1_108' title="bbox 2124 5178 3695 5288">
     <span class='ocr_line' id='line_1_115' title="bbox 2124 5178 3695 5288; baseline -0.029 -8"><span class='ocrx_word' id='word_1_841' title='bbox 2124 5178 2280 5280; x_wconf 68' lang='lat' dir='ltr'><strong>dunt.</strong></span> <span class='ocrx_word' id='word_1_842' title='bbox 2308 5178 2691 5288; x_wconf 32' lang='lat' dir='ltr'><strong>ideo-possunt</strong></span> <span class='ocrx_word' id='word_1_843' title='bbox 2724 5211 2841 5264; x_wconf 63' lang='lat' dir='ltr'><strong>haec</strong></span> <span class='ocrx_word' id='word_1_844' title='bbox 2880 5206 3034 5275; x_wconf 83' lang='lat' dir='ltr'><strong>signa</strong></span> <span class='ocrx_word' id='word_1_845' title='bbox 3078 5198 3149 5253; x_wconf 87' lang='lat' dir='ltr'><strong>ab</strong></span> <span class='ocrx_word' id='word_1_846' title='bbox 3186 5191 3380 5250; x_wconf 89' lang='lat' dir='ltr'><strong>iisdem</strong></span> <span class='ocrx_word' id='word_1_847' title='bbox 3421 5178 3695 5256; x_wconf 79' lang='lat' dir='ltr'><strong>parallelis</strong></span> 
     </span>
    </p>
   </div>
   <div class='ocr_carea' id='block_1_109' title="bbox 2087 5272 3699 5385">
    <p class='ocr_par' dir='ltr' id='par_1_109' title="bbox 2087 5272 3699 5385">
     <span class='ocr_line' id='line_1_116' title="bbox 2087 5272 3699 5385; baseline -0.032 -11"><span class='ocrx_word' id='word_1_848' title='bbox 2087 5272 2537 5385; x_wconf 62' lang='lat' dir='ltr'><strong>comprobendi.</strong></span> <span class='ocrx_word' id='word_1_849' title='bbox 2603 5302 2873 5360; x_wconf 85' lang='lat' dir='ltr'><strong>Similiter</strong></span> <span class='ocrx_word' id='word_1_850' title='bbox 2921 5272 3102 5364; x_wconf 80' lang='lat' dir='ltr'><strong>neque</strong></span> <span class='ocrx_word' id='word_1_851' title='bbox 3148 5287 3372 5356; x_wconf 81' lang='lat' dir='ltr'><strong>reliquae</strong></span> <span class='ocrx_word' id='word_1_852' title='bbox 3416 5272 3699 5332; x_wconf 80' lang='lat' dir='ltr'><strong>combina-</strong></span> 
     </span>
    </p>
   </div>
   <div class='ocr_carea' id='block_1_110' title="bbox 2126 5367 3698 5463">
    <p class='ocr_par' dir='ltr' id='par_1_110' title="bbox 2126 5367 3698 5463">
     <span class='ocr_line' id='line_1_117' title="bbox 2126 5367 3698 5463; baseline -0.032 1"><span class='ocrx_word' id='word_1_853' title='bbox 2126 5409 2305 5463; x_wconf 88' lang='lat' dir='ltr'><strong>tiones</strong></span> <span class='ocrx_word' id='word_1_854' title='bbox 2339 5404 2479 5458; x_wconf 89' lang='lat' dir='ltr'><strong>bene</strong></span> <span class='ocrx_word' id='word_1_855' title='bbox 2509 5414 2570 5455; x_wconf 89' lang='lat' dir='ltr'><strong>se</strong></span> <span class='ocrx_word' id='word_1_856' title='bbox 2601 5396 2825 5452; x_wconf 86' lang='lat' dir='ltr'><strong>habent.</strong></span> <span class='ocrx_word' id='word_1_857' title='bbox 2851 5388 2973 5444; x_wconf 87' lang='lat' dir='ltr'><strong>Non</strong></span> <span class='ocrx_word' id='word_1_858' title='bbox 3010 5383 3156 5440; x_wconf 90' lang='lat' dir='ltr'><strong>enim</strong></span> <span class='ocrx_word' id='word_1_859' title='bbox 3196 5367 3698 5432; x_wconf 84' lang='lat' dir='ltr'><strong>animadverterunt</strong></span> 
     </span>
    </p>
   </div>
   <div class='ocr_carea' id='block_1_111' title="bbox 2129 5459 3698 5564">
    <p class='ocr_par' dir='ltr' id='par_1_111' title="bbox 2129 5459 3698 5564">
     <span class='ocr_line' id='line_1_118' title="bbox 2129 5459 3698 5564; baseline -0.031 -9"><span class='ocrx_word' id='word_1_860' title='bbox 2129 5507 2364 5564; x_wconf 83' lang='lat' dir='ltr'><strong>veteres,</strong></span> <span class='ocrx_word' id='word_1_861' title='bbox 2418 5509 2479 5550; x_wconf 90' lang='lat' dir='ltr'><strong>se</strong></span> <span class='ocrx_word' id='word_1_862' title='bbox 2537 5506 2624 5559; x_wconf 90' lang='lat' dir='ltr'><strong>ea,</strong></span> <span class='ocrx_word' id='word_1_863' title='bbox 2686 5501 2809 5558; x_wconf 85' lang='lat' dir='ltr'><strong>quae</strong></span> <span class='ocrx_word' id='word_1_864' title='bbox 2852 5489 3057 5538; x_wconf 86' lang='lat' dir='ltr'><strong>tantum</strong></span> <span class='ocrx_word' id='word_1_865' title='bbox 3097 5473 3242 5529; x_wconf 88' lang='lat' dir='ltr'><strong>circa</strong></span> <span class='ocrx_word' id='word_1_866' title='bbox 3269 5465 3472 5538; x_wconf 89' lang='lat' dir='ltr'><strong>primas</strong></span> <span class='ocrx_word' id='word_1_867' title='bbox 3511 5459 3698 5530; x_wconf 83' lang='lat' dir='ltr'><strong>partes</strong></span> 
     </span>
    </p>
   </div>
   <div class='ocr_carea' id='block_1_112' title="bbox 2132 5545 3702 5661">
    <p class='ocr_par' dir='ltr' id='par_1_112' title="bbox 2132 5545 3702 5661">
     <span class='ocr_line' id='line_1_119' title="bbox 2132 5545 3702 5661; baseline -0.031 -13"><span class='ocrx_word' id='word_1_868' title='bbox 2132 5603 2324 5648; x_wconf 90' lang='lat' dir='ltr'><strong>eorum</strong></span> <span class='ocrx_word' id='word_1_869' title='bbox 2361 5654 2366 5661; x_wconf 34' lang='grc'><em>,</em></span> <span class='ocrx_word' id='word_1_870' title='bbox 2401 5585 2574 5658; x_wconf 78' lang='lat' dir='ltr'><strong>signis</strong></span> <span class='ocrx_word' id='word_1_871' title='bbox 2643 5570 3054 5643; x_wconf 86' lang='lat' dir='ltr'><strong>combinatoriis</strong></span> <span class='ocrx_word' id='word_1_872' title='bbox 3121 5560 3494 5634; x_wconf 66' lang='lat' dir='ltr'><strong>contigerunt,</strong></span> <span class='ocrx_word' id='word_1_873' title='bbox 3565 5545 3702 5604; x_wconf 79' lang='lat' dir='ltr'><strong>totis</strong></span> 
     </span>
    </p>
   </div>
  </div>
