4116 6400
336 380 442 437 769

1382 382 1619 476 GES‘IIPSI
1661 383 2036 445 ELEMENTA
2065 393 2202 450 AST
2216 396 2583 457 HONOMIIE.

3506 416 3612 474 770

336 520 482 566 κτος,
524 504 557 574 ἡ
602 505 796 575 μικρὰ,
825 501 1052 575 Δράκων
1089 502 1118 555 6
1158 502 1248 556 διὰ
1276 501 1385 557 τῶν
1410 503 1650 595 ἄρκτων,
1699 504 1894 574 Ἀρκτο

2030 507 2172 567 Ursa
2210 513 2404 584 major,
2453 514 2561 572 Urs
2639 531 2844 585 minor,
2884 519 3062 579 Draco
3102 539 3202 595 per
3236 542 3395 584 ursas
3421 539 3609 588 exten-

336 597 539 669 φύλαξ,
590 597 890 666 Στέφανος,
954 595 1297 665 Ἐνγόνασιν,
1368 593 1673 665 ὀφιοῦχος,
1733 596 1919 664 Ὄφις,

335 690 510 762 Λύρα,
546 691 756 761 Ὄρνις,
801 685 1030 751 Ὀῖστὸς,
1054 686 1272 750 ἕΑετὸς,
1315 684 1530 754 Δελφὶς,
1561 686 1811 757 προτομὴ
1843 687 1925 740 ἴπ-

334 799 464 845 που,
510 781 632 836 καθ’
677 781 981 851 Ἵππαρχον
1020 779 1207 843 ἵππος,
1252 779 1498 849 Κηφεὺς,
1555 778 1919 843 Κασσιόπεια,

344 873 691 947 ’Δνδρομέδα,
718 874 984 944 Περσεὺς,
1002 872 1263 942 Ἡνίοχος,
1290 870 1581 934 Δελτωτὸν,
1602 871 1697 924 καὶ
1719 872 1747 924 6
1773 869 1924 925 ὕστε-

337 984 428 1040 ρον
484 965 981 1038 κατηστερισμένος
1037 963 1143 1017 ὑπὸ
1184 964 1560 1035 ,Καλλιμάχου
1626 962 1921 1034 Βερενίκης

337 1059 638 1128 πλόκαμος.

404 1149 572 1203 Πάλιν
597 1148 654 1201 δὲ
687 1148 780 1202 καὶ
806 1150 863 1202 ὲν
893 1145 1102 1210 τούτοις
1133 1147 1361 1217 ἀστέρες
1393 1147 1535 1209 τινὲς
1568 1146 1707 1208 ἰδίας
1736 1144 1918 1215 ἔχουσι

331 1240 703 1311 προσηγορίας
746 1239 833 1294 διὰ
868 1239 967 1303 τὰς
998 1241 1304 1310 όλοσχερέῖς
1336 1239 1424 1291 ἐπ’
1464 1238 1657 1301 αὐτοῖς
1700 1236 1920 1307 γινομέ-

331 1348 430 1395 νας
461 1331 854 1404 ἐπισημασίας.
902 1333 959 1385 '0
995 1333 1092 1403 μὲν
1125 1332 1235 1402 γὰρ
1273 1331 1377 1386 ἀνὰ
1432 1330 1599 1401 μέσον
1646 1330 1755 1383 τῶν
1788 1346 1917 1381 σκε-

329 1421 439 1475 λῶν
479 1420 575 1476 τοῦ
628 1423 1066 1496 Ἀρκτοφύλακος
1115 1423 1367 1495 κείμενος
1400 1421 1575 1523 ἀστὴρ
1600 1419 1906 1523 ,ἐπίσημοῇ

342 1513 671 1587 Ἀρκτοῦρος
696 1515 1019 1586 ὀνομάζεται
1042 1530 1057 1545 '
1086 1517 1115 1569 6
1144 1515 1202 1569 δὲ
1248 1514 1399 1585 παρὰ
1441 1513 1541 1617 τὴν
1573 1512 1915 1617 ἑύρανικεὶ-

332 1623 494 1678 μενος
513 1606 764 1679 λαμπρὸς
788 1607 985 1680 ἀστὴρ,
1015 1606 1324 1679 ὁμωνύμως
1339 1607 1445 1677 ὅλῳ
1464 1605 1542 1677 τῷ
1568 1602 1747 1674 ξωδίῳ
1762 1602 1917 1673 Λύρα

327 1699 819 1771 προσαγορεύεταιο
850 1701 898 1753 ot
945 1699 1003 1754 δὲ
1049 1701 1108 1752 ὲν
1157 1699 1304 1772 ἄκρᾳ
1346 1701 1413 1793 τῇ
1463 1697 1728 1793 ἀριστερᾷ
1754 1692 1916 1793 χειρὶ

324 1788 422 1842 τοῦ
470 1789 727 1860 Περσέως
772 1790 1014 1861 κείμενοι
1065 1790 1294 1862 ἀστέρες
1351 1789 1633 1862 Γοργόνων
1682 1784 1915 1840 καλοῦν-

2026 621 2143 672 sus,
2192 608 2581 682 Arctophylax,
2624 612 2865 679 Corona,
2910 616 2966 670 in
3015 619 3267 686 genibus,
3310 619 3610 694 Serpenta—

2024 697 2161 761 rius,
2227 697 2487 771 Serpens,
2563 701 2731 775 Lyra,
2784 704 2940 773 Avis,
2993 709 3222 780 Sagitta,
3274 713 3498 785 Aquila,
3551 719 3611 790 8

2022 784 2344 857 Delphinus,
2384 796 2671 862 praesectio
2715 798 2868 867 equi,
2909 799 2994 854 vel
3030 804 3332 859 secundum
3371 784 3610 879 [lippa]:

2022 880 2212 945 chum,
2264 896 2462 952 equus,
2514 884 2790 954 Cepheus,
2840 886 3186 962 Cassiopeia,
3235 896 3606 966 Andromeda,

2021 971 2281 1038 Perseus,
2329 976 2539 1049 auriga,
2590 978 2868 1042 Deltoton,
2909 990 2966 1037 et
2999 1001 3121 1055 quae
3165 998 3353 1058 postea
3384 1006 3415 1045 a
3442 992 3580 1049 Calli

2022 1067 2218 1125 maeho
2250 1068 2393 1124 inter
2426 1071 2616 1141 stellas
2645 1081 2730 1127 est
2763 1076 2938 1130 relata
2973 1092 3130 1133 coma
3160 1081 3474 1142 Berenices.

2094 1157 2308 1214 Rursus
2371 1172 2551 1216 autem
2604 1165 2769 1219 etiam
2822 1166 2878 1222 in
2930 1168 3017 1226 his
3069 1171 3383 1232 borealibus
3435 1180 3607 1250 signis

2019 1251 2186 1305 stella:
2225 1251 2470 1322 quaedam
2501 1256 2752 1326 proprias
2789 1258 2995 1316 habent
3028 1266 3443 1333 appellationes,
3477 1288 3604 1342 pro—

2020 1351 2139 1408 pter
2177 1360 2272 1399 eas
2321 1362 2459 1415 quas
2506 1348 2728 1416 habent,
2791 1361 3091 1425 utcunque,
3151 1360 3600 1430 signiﬁcationes.

2020 1430 2154 1486 Nam
2189 1434 2420 1507 insignis
2455 1440 2611 1494 stella
2633 1480 2647 1506 ,
2685 1458 2807 1513 qua:
2843 1444 2898 1498 in
2930 1447 3108 1503 medio
3142 1464 3366 1505 crurum
3408 1454 3575 1512 Arcto

2019 1525 2265 1597 phylacis
2308 1530 2411 1583 sita
2455 1539 2561 1598 est,
2610 1533 2881 1591 Arcturus
2911 1540 3251 1595 nominatur.
3300 1541 3601 1613 Splendida

2019 1617 2197 1684 stella,
2239 1634 2359 1688 quae
2388 1622 2543 1687 juxta
2575 1620 2775 1694 Lyram
2820 1627 3000 1696 posita
3038 1639 3143 1694 est,
3181 1633 3400 1688 nomine
3432 1637 3601 1692 totius

2020 1705 2105 1759 sui
2156 1709 2431 1763 asterismi
2477 1711 2642 1766 etiam
2698 1713 2842 1786 Lyra
2891 1719 3199 1788 appellatur
3253 1742 3268 1778 :
3315 1740 3437 1794 quae
3471 1743 3599 1783 vero

2020 1796 2075 1849 in
2105 1806 2350 1852 extrema
2388 1815 2554 1855 manu
2588 1804 2814 1859 sinistra
2834 1805 3021 1863 Persei
3059 1810 3179 1865 sitaa
3227 1821 3355 1868 sunt
3402 1816 3594 1883 stellae,

325 1897 416 1934 ται
437 1896 451 1910 ο
478 1881 525 1934 οἱ
558 1881 615 1933 δὲ
645 1883 705 1935 ὲν
733 1883 878 1955 ἄκρᾳ
909 1885 976 1955 τῇ
1015 1881 1167 1954 δεξιᾷ
1206 1884 1350 1954 χειρὶ
1373 1881 1469 1935 τοῦ
1497 1881 1750 1954 Περσέως
1795 1878 1894 1933 κείε

2018 1896 2283 1943 vocantur
2320 1893 2493 1947 ειεΙΙιε
2522 1891 2884 1965 Gorgonum;
2933 1916 3056 1970 quae
3096 1919 3230 1959 vero
3276 1905 3332 1960 in
3380 1924 3596 1965 summa

329 1989 480 2044 μενοι
521 1973 833 2044 ἀστερίσκοι
865 1976 1061 2029 πυκνοὶ
1106 1975 1199 2029 καὶ
1231 1976 1437 2048 μικροὶ,
1469 1976 1549 2039 εἰς
1576 1973 1907 2076 cit/Apan

327 2064 837 2136 καταστερίζονταιο
888 2068 918 2121 6
967 2068 1024 2121 δὲ
1077 2070 1137 2122 ὲν
1193 2068 1273 2140 τῷ
1323 2067 1590 2138 εὐωνύμῳ
1626 2064 1762 2137 ὤμῳ
1809 2066 1903 2119 τοῦ

338 2155 580 2226 Ἦνιόχου
605 2156 852 2228 κείμενος
873 2159 1122 2232 λαμπρὸς
1148 2159 1344 2232 ἀστὴρ,
1369 2159 1469 2225 Αἲξ
1501 2157 1902 2230 προσαγορεύε-

323 2265 409 2303 ται
439 2266 451 2279 ·
486 2251 534 2302 ol
566 2250 623 2303 δὲ
650 2253 707 2303 ὲν
738 2250 881 2323 ἄκρᾳ
913 2252 1007 2305 τοῦ
1038 2253 1201 2307 αὑτοῦ
1232 2255 1376 2327 χειρὶ
1403 2252 1642 2324 κείμενοι
1684 2249 1904 2322 ἀστερί-

326 2356 444 2395 cacat
470 2338 581 2404 δύο,
605 2341 821 2412 Ἐριφοι
847 2343 1156 2401 καλοῦνται.

390 2527 560 2580 Νότια
591 2526 649 2580 δέ
674 2527 843 2592 ἐστιν,
871 2527 972 2580 ὅσα
1001 2524 1098 2580 τοῦ
1127 2525 1239 2580 τῶν
1280 2523 1487 2590 ζωδίων
1529 2523 1731 2578 κύκλου
1763 2523 1901 2596 πρὸς

323 2617 669 2689 μεσημϐρίαν
710 2621 905 2672 κεῖται.
953 2618 1108 2670 Ἔστι
1157 2615 1215 2669 δὲ
1261 2615 1421 2670 τάδε·
1463 2615 1675 2687 Ὠρίων,
1713 2615 1896 2679 Κύων,

320 2710 415 2762 καὶ
438 2708 721 2778 Προκύων,
750 2708 995 2777 Λαγωὸς,
1035 2706 1234 2809 Ἀκργὼ,
1263 2706 1499 2809 ’ἵδροςκ
1517 2705 1766 2778 Κρατὴρ,
1800 2707 1899 2809 K6:

325 2799 442 2873 ραξ,
471 2800 797 2870 Κένταυρος,
833 2798 1051 2869 Θηρίον,
1082 2797 1110 2850 ὃ
1143 2798 1334 2867 κρατεί
1366 2797 1394 2848 ὁ
1424 2793 1759 2866 Κένταυρος,
1804 2794 1897 2847 καὶ

316 2891 664 2964 θυρσολόχος,
690 2891 751 2944 ὃν
791 2893 983 2963 κρατεί
1012 2891 1040 2943 6
1075 2888 1560 2991 Kévtaupoitxaﬂ‘
1588 2889 1893 2991 ῗιππαρχον

317 2984 695 3056 θυμιατήριον,
735 2984 910 3047 νότιος
954 2982 1122 3054 ἰχθὺς,
1158 2981 1340 3045 κύτος,
1369 2980 1513 3053 ὓδωρ
1551 2981 1614 3068 τὸ
1648 2981 1754 3034 ἀπὸ
1799 2981 1893 3034 τοῦ

323 3076 638 3149 Ὕδροχόου,
671 3075 913 3147 ποταμὸς
940 3077 968 3128 6
999 3074 1106 3128 ἀπὸ
1137 3073 1232 3127 τοῦ
1262 3072 1535 3145 Ὠρίωνος,
1561 3072 1735 3136 νότιος
1769 3071 1892 3126 στέ-

316 3185 503 3238 φανος,
542 3167 645 3221 ὑπὸ
670 3168 727 3222 δέ
758 3183 919 3221 τινων
956 3166 1295 3238 Οὐρανίσκος
1329 3164 1889 3245 προσαγορευόμενος,

312 3259 608 3330 κηρύκειον
636 3256 759 3311 καθ’
791 3259 1113 3330 Ἵππαρχον.

390 3351 559 3404 Πάλιν
601 3350 657 3404 δὲ
704 3352 761 3404 ὲν
812 3350 1020 3414 τούτοις
1063 3350 1206 3414 τινὲς
1250 3350 1478 3422 ἀστέρες
1524 3349 1660 3416 ίδίας
1711 3349 1893 3422 ἔχουσι

316 3442 702 3515 προσηγορίας.
746 3443 804 3495 '0
840 3443 937 3514 μὲν
981 3442 1092 3515 γὰρ
1132 3444 1192 3496 ὲν
1233 3442 1312 3515 τῷ
1351 3442 1591 3515 Πρόκυνι
1636 3441 1712 3496 ὢν
1753 3443 1892 3514 λαμ-

314 3534 451 3603 πρὸς
470 3534 663 3606 ἀστὴρ,
693 3533 954 3605 Προκύων
984 3533 1231 3588 καλεῖται
1255 3552 1269 3565 ο
1302 3535 1331 3588 6
1374 3534 1430 3588 δὲ
1461 3536 1518 3587 ὲν
1549 3533 1628 3604 τῷ
1664 3533 1891 3604 στόματι

312 3623 407 3679 τοῦ
434 3625 609 3689 Κυνὸς
635 3625 883 3697 λαμπρὸς
911 3625 1107 3697 ἀστὴρ,
1140 3626 1198 3690 ὃς
1225 3626 1371 3679 δοκεῖ
1388 3626 1487 3698 τὴν
1520 3626 1769 3681 ἐπίτασιν
1794 3626 1898 3711 τὴν,

310 3715 420 3768 τῶν
475 3714 772 3787 καυμάτων
821 3718 1015 3782 ποιεῖν,
1072 3717 1379 3788 ὁμωνύμως
1427 3717 1535 3787 ὅλῳ
1579 3717 1659 3788 τῷ
1714 3717 1912 3789 ζωδίῳ“

312 3807 474 3861 Κύων
507 3806 1005 3880 προσαγορεύεται·
1055 3811 1084 3862 6
1132 3808 1190 3863 δὲ
1234 3810 1291 3862 ἐν
1341 3810 1495 3882 ἄκρῳ
1533 3808 1611 3880 τῷ
1644 3808 1890 3882 πηδαλίῳ

309 3900 411 3971 τῆς
449 3900 675 3972 Ἀργοῦς
707 3902 957 3973 κείμενος
987 3901 1236 3974 λαμπρὸς
1266 3902 1461 3973 ἀστὴρ,
1494 3902 1751 3967 Κάνωϐος
1774 3904 1889 3956 ὀνο-

314 3992 561 4063 μάζεται.
593 3988 762 4058 Οὗτος
797 3994 897 4065 μὲν
934 3997 993 4049 ὲν
1038 3995 1204 4066 Ῥόδῳ
1230 3995 1604 4068 δυσθεώρητός
1648 3998 1815 4064 ἐστιν,
1851 3997 1884 4069 ἢ

308 4085 586 4151 παντελῶς
607 4087 699 4155 ἀφ’
724 4086 942 4158 ὑψηλῶν
965 4087 1144 4142 τόπων
1171 4091 1396 4160 ὁρᾶται·
1423 4091 1480 4142 ὲν
1514 4090 1887 4163 Ἀλεξανδρείᾳ

304 4173 365 4228 δέ
408 4175 523 4228 ἐστι
572 4174 850 4239 παντελῶς
890 4177 1159 4249 ἐμφανής,
1211 4178 1405 4249 Σχεδὸν
1456 4178 1565 4251 γὰρ
1618 4180 1881 4252 τέταρτον

310 4263 474 4337 μέρος
505 4265 615 4337 (12)
661 4265 755 4320 τοῦ
785 4266 975 4332 ζωδίου
1014 4269 1122 4322 ἀπὸ
1164 4268 1258 4323 τοῦ
1301 4268 1574 4341 ὁρίζοντος
1620 4289 1881 4346 μετεωρι-

307 4359 504 4428 σμένος
540 4359 810 4428 φαίνεται.

833 4584 1222 4639 ΚΕΦΑΛΑΙΟΝ
1268 4587 1341 4641 Γ’.

695 4697 831 4767 Περὶ
860 4696 1080 4765 ἄξονος
1110 4697 1210 4753 καὶ
1236 4702 1444 4754 πόλων

375 4804 477 4859 Τοῦ
505 4804 563 4858 δὲ
587 4806 793 4877 κόσμου
824 4806 935 4878 (15)
959 4810 1330 4882 σφαιροειδοῦς
1355 4812 1708 4885 ὑπάρχοντος,
1732 4817 1874 4882 ἄξων

300 4895 544 4949 καλεῖται
576 4899 609 4969 ή
637 4898 925 4971 διάμετρος
950 4900 1044 4954 τοῦ
1075 4900 1305 4973 κόσμου,
1334 4906 1461 4976 περὶ
1484 4907 1550 4976 ῆν
1580 4909 1870 4980 στρέφεται

293 4987 328 5041 6
349 4990 574 5059 κόσμος.
601 4990 683 5044 Τὰ
727 4990 784 5044 δὲ
824 4992 1037 5064 πέρατα
1065 4991 1159 5047 τοῦ
1209 4994 1396 5061 ἄξονος
1434 4996 1587 5053 πόλοι
1620 4998 1871 5068 λέγονται

295 5079 392 5132 τοῦ
420 5080 644 5151 κόσμου.
691 5083 811 5137 Τῶν
840 5084 898 5139 δὲ
927 5086 1106 5143 πόλων
1151 5092 1180 5144 6
1225 5090 1325 5163 μὲν
1368 5090 1587 5160 λέγεται
1639 5091 1870 5166 βόρειος,

296 5171 326 5223 6
370 5170 429 5224 δὲ
474 5171 680 5237 νότιος·
715 5174 922 5246 βόρειος
961 5179 1061 5250 μὲν
1104 5183 1132 5235 6
1178 5182 1267 5236 διὰ
1297 5185 1498 5249 παντὸς
1544 5187 1870 5258 φαινόμενος

297 5261 373 5327 ὡς
405 5262 539 5335 πρὸς
564 5266 664 5338 τὴν
687 5267 962 5340 ἡμετέραν
989 5272 1219 5341 οἴκησιν,
1255 5276 1426 5341 νότιος
1454 5277 1509 5332 δὲ
1543 5280 1571 5332 6
1614 5280 1701 5334 διὰ
1732 5298 1869 5336 παν-

366 5461 477 5555 ρβ)
509 5465 738 5555 Σξχξξρν
758 5473 868 5555 γὰρ
892 5471 1397 5555 τέτιξρτονμέρος.
1427 5478 1541 5537 Iino
1563 5487 1867 5555 quadrante

294 5534 947 5615 solidoqitﬂippa'rehus
995 5534 1153 5600 docet
1185 5534 1285 5604 l'ib:
1322 5534 1859 5615 571.116.36.161;

294 5601 530 5693 distabat
553 5622 595 5693 ar
611 5601 741 5691 polo
753 5625 806 5693 gi
820 5610 1015 5693 adibus
1035 5615 1127 5693 '58,
1154 5601 1276 5682 ὅθί,
1291 5601 1859 5693 quoii—611136696};

293 5679 1010 5756 nostrarum.epilugismus
1065 5679 1399 5746 adanlussiiit
1453 5679 1864 5756 exhibetIA—le;

293 5744 532 5838 {ard-riga
554 5744 718 5838 polus;
744 5744 1062 5838 elatus‘erat
1085 5757 1237 5827 grad.
1268 5744 1698 5838 3l_lere.—lgi-tirr
1729 5744 1859 5838 {r21

292 5812 452 5868 dibus
479 5814 529 5877 7,
568 5816 673 5877 ὅθ’.
704 5818 807 5874 hoc
854 5829 939 5879 est
985 5812 1179 5884 exacto
1219 5812 1857 5898 quadrante?

2015 1991 2179 2032 manu
2223 1980 2414 2037 dextra
2452 1982 2642 2041 Persei
2682 1989 2913 2045 Stellulte
2945 1993 3154 2050 crebrae
3181 2007 3234 2051 et
3266 2014 3447 2069 parva:
3475 2004 3593 2056 col-

2015 2068 2287 2138 locantur,
2320 2073 2404 2130 ha:
2438 2075 2681 2132 clliciunt
2724 2084 3203 2143 constellationem
3234 2090 3390 2147 falcis
3421 2112 3595 2165 ;-qu:e

2013 2157 2070 2211 in
2143 2160 2372 2218 sinistro
2441 2165 2673 2223 humero
2742 2172 2948 2243 aurigae
3018 2178 3245 2246 ponitur
3307 2157 3593 2252 splendida

2012 2251 2188 2317 stella,
2237 2253 2352 2317 haec
2404 2259 2714 2328 appellatur
2761 2263 2940 2334 Capra
2985 2283 2999 2320 :
3057 2280 3113 2323 at
3161 2272 3283 2328 dua:
3336 2278 3589 2343 stellulas,

2009 2359 2131 2414 quae
2179 2346 2297 2401 sitae
2340 2358 2471 2405 sunt
2513 2352 2567 2407 in
2622 2355 2870 2426 ejusdem
2920 2376 3138 2419 summa
3187 2383 3378 2438 manu,
3430 2372 3584 2430 Haedi

2008 2446 2294 2493 vocantur.

2076 2529 2354 2588 Australia
2407 2535 2564 2607 signa
2614 2549 2778 2602 sunt,
2832 2559 2955 2613 quae
3007 2561 3038 2601 a
3091 2551 3319 2611 zodiaco
3376 2559 3590 2618 circulo

2004 2637 2198 2681 versus
2261 2628 2542 2685 meridiem
2598 2632 2899 2692 declinant.
2960 2638 3100 2697 Sunt
3159 2656 3339 2704 autem
3392 2644 3510 2710 haec
3570 2675 3584 2713 :

2004 2712 2193 2780 Orion,
2225 2715 2392 2775 Canis
2423 2722 2618 2791 major,
2650 2724 2922 2799 Procyon,
2942 2730 3141 2802 Lepus,
3175 2738 3344 2811 Argo,
3377 2742 3582 2817 Hydra,
3686 2807 3694 2811 ς

2003 2800 2215 2871 Crater,
2273 2808 2514 2880 Curvus,
2577 2815 2911 2885 Centaurus,
2976 2824 3136 2894 Fera,
3203 2832 3359 2890 hasta
3417 2856 3582 2910 quam

2005 2901 2153 2949 tenet
2192 2896 2525 2968 Centaurus,
2570 2908 2874 2963 secundum
2907 2908 3305 2989 Hipparchum,
3349 2896 3586 2997 arat-pia-

2001 2985 2115 3040 seis
2167 2993 2451 3060 australis,
2504 3003 2681 3063 cetus,
2738 3014 2879 3070 aqua
2929 3004 2998 3057 ab
3034 3007 3277 3078 Aquario
3326 3017 3578 3080 veniens.

1999 3077 2200 3136 ﬂuvius
2229 3084 2298 3138 ab
2325 3085 2528 3144 Orione
2558 3091 2808 3159 veniens,
2853 3107 3059 3153 corona
3085 3106 3364 3171 australis,
3395 3125 3517 3179 quae
3548 3128 3581 3168 a

2000 3171 2278 3227 nonnullis
2316 3172 2636 3247 Uraniscus,
2679 3181 2732 3237 id
2781 3195 2885 3253 est,
2927 3205 3156 3260 parvum
3192 3196 3395 3252 caelum
3422 3216 3583 3258 voca-

1998 3264 2106 3321 tur,
2140 3264 2441 3318 sceundum
2471 3264 2843 3339 Hipparchum
2871 3294 3002 3335 vero
3033 3284 3326 3342 caduceus.

2065 3349 2283 3409 Rursus
2321 3356 2487 3412 etiam
2518 3360 2573 3414 in
2601 3362 2689 3421 his
2721 3372 3056 3429 australibus
3095 3378 3290 3446 signis,
3327 3380 3578 3450 quaidam

1995 3443 2167 3499 stellae
2203 3445 2457 3519 proprias
2510 3452 2713 3512 habent
2761 3443 3175 3532 appellationes:
3231 3443 3365 3526 Nam
3417 3477 3577 3533 stella

1994 3535 2304 3605 Splendida,
2341 3556 2461 3611 quae
2500 3553 2585 3601 est
2630 3547 2689 3603 in
2736 3549 2886 3609 Cane
2931 3556 3166 3625 minore,
3210 3560 3482 3637 Procyon,
3519 3569 3573 3624 id

1992 3635 2077 3682 est
2119 3632 2436 3702 praecedens
2479 3639 2659 3707 canis,
2692 3654 2925 3701 vocatur
2968 3666 2981 3701 :
3020 3652 3176 3706 stella
3219 3670 3354 3711 vero
3390 3660 3576 3729 splen-

1993 3717 2144 3785 dida,
2173 3738 2295 3792 quae
2315 3727 2480 3783 estin
2509 3747 2607 3787 ore
2625 3732 2794 3792 Canis
2822 3739 3072 3810 majoris,
3104 3760 3335 3818 quaeque
3357 3717 3574 3809 videtur

1991 3809 2391 3872 inerementum
2423 3829 2657 3880 aestuum
2695 3827 2931 3898 edicere,
2961 3834 3154 3891 eodem
3184 3842 3409 3900 nomine
3441 3860 3569 3902 eum

1989 3908 2105 3957 toto
2151 3907 2308 3978 signo
2344 3911 2511 3970 Canis
2560 3919 2907 3991 appellatur;
2964 3927 3060 3982 sed
3112 3929 3343 4004 insignis
3389 3937 3566 4005 stella,

1989 4007 2110 4063 quae
2152 3998 2258 4053 sita
2287 4009 2371 4056 est
2406 4003 2464 4059 in
2510 4023 2725 4066 summo
2758 4015 3131 4084 gubernaculo
3170 4024 3329 4081 navis
3367 4024 3567 4100 Argus,

1986 4084 2244 4147 Canobus
2270 4092 2494 4153 dicitur.
2522 4100 2700 4173 Atque
2724 4100 2840 4162 haec
2867 4109 3075 4168 Canobi
3111 4117 3267 4172 stella
3297 4120 3353 4174 in
3374 4084 3568 4179 thodo

1986 4179 2277 4240 difﬁculter
2303 4188 2476 4245 videri
2509 4203 2713 4264 potest,
2746 4208 2842 4256 aut
2874 4202 2930 4258 in
2961 4205 3100 4263 locis
3138 4210 3299 4279 plane
3327 4218 3565 4274 excelsis

1984 4286 2210 4344 apparet
2236 4294 2256 4346 ς
2291 4288 2344 4335 at
2375 4283 2721 4346 Alexandria:
2750 4308 2982 4363 prorsus
3012 4299 3127 4355 haec
3160 4304 3330 4360 videri
3363 4318 3562 4378 potest.

1980 4363 2118 4421 Nam
2145 4366 2259 4426 fere
2292 4385 2486 4443 quarta
2520 4389 2674 4450 parte
2707 4384 2849 4456 signi
2874 4388 3149 4459 ‘Canobus
3178 4397 3248 4453 ab
3280 4363 3565 4461 horizoute

1980 4454 2225 4517 elevatus
2258 4476 2504 4535 apparet.

2590 4604 2820 4665 CAPUT
2856 4612 2940 4673 HL

2519 4739 2595 4795 De
2634 4759 2734 4799 axe
2766 4757 2817 4802 et
2852 4750 3026 4819 polis.‘

2046 4842 2184 4899 Cum
2238 4850 2478 4908 mundus
2523 4856 2847 4924 spbaarieam
2888 4863 3085 4923 habeat
3134 4869 3386 4943 ﬁguram,
3436 4880 3555 4938 axis

1972 4943 2202 4993 vocatur
2248 4940 2369 5012 ejus
2414 4942 2702 5017 diameter,
2750 4953 2896 5009 circa
2946 4972 3110 5028 quam
3145 4940 3385 5025 mundus
3420 4986 3555 5028 con-

1972 5029 2223 5087 vertitur.
2298 5032 2688 5099 Extremitates
2748 5061 2879 5101 vero
2951 5053 3071 5108 axis
3125 5055 3387 5115 dicuntur
3440 5066 3577 5135 poli.

1972 5121 2162 5177 mundi
2195 5140 2211 5178 :
2255 5128 2507 5196 polorum
2552 5142 2736 5190 autem
2779 5139 2920 5195 alter
2957 5155 3187 5202 vocatur
3224 5121 3456 5221 bereus;
3494 5156 3549 5212 id

1969 5220 2056 5267 est
2086 5216 2359 5285 arcticus;
2402 5222 2541 5277 alter
2566 5228 2770 5293 notius,
2804 5230 2859 5284 id
2902 5243 2988 5289 est
3046 5242 3403 5299 antarctieus.
3432 5216 3547 5301 'Bo-

1969 5318 2097 5361 reus
2126 5308 2346 5378 quidem
2372 5327 2589 5385 semper
2615 5330 2859 5391 apparet,
2892 5327 3073 5395 quoad
3103 5341 3347 5389 nostram
3379 5336 3542 5402 babi-

1966 5510 2261 5579 superabat
2295 5511 2657 5576 horizontem.

2037 5580 2151 5666 (l6)
2172 5580 2661 5666 ΑΤοῦρᾒκόᾳμᾳυ.
2684 5589 2910 5651 Proclus
2935 5597 3200 5666 sphzeram
3234 5617 3388 5657 suam
3416 5605 3535 5660 edi-

1963 5647 2208 5743 dithquaa
2259 5652 2395 5743 nihil
2451 5647 2598 5715 aliud
2640 5647 3538 5743 est__quanilii—i-e'Cein‘ini‘"captit

1962 5720 2604 5827 ter‘tigugimet'qauartuin,
2645 5720 2850 5805 quibus
2869 5720 3136 5806 cjusdcﬁmv
3152 5720 3539 5827 lict-p651};
3584 5776 3589 5779 -
3667 5767 3689 5785 α

1963 5803 2053 5844 nio
2088 5787 2123 5843 2
2153 5787 2419 5850 adteruit.
