4116 6400
519 381 618 438 711

1539 369 1632 424 ΔΙ)
1665 366 1939 424 EUSEBII
1987 363 2382 424 CHRONICON
2422 364 2786 422 APPENDIX.

3668 368 3778 427 τη

519 501 822 566 tationem;
870 496 1132 554 australis
1180 509 1312 550 vero
1361 505 1582 560 semper
1636 498 1721 546 est
1773 487 2090 549 invisibilis.

2195 487 2286 552 τὸς
2330 487 2560 559 ἀόρατος
2601 487 2680 552 ὠς
2725 487 2863 558 πρὸς
2913 487 3006 540 τὸν
3054 487 3321 559 ἡμέτερον
3361 487 3628 560 ὁρίζοντα.
3655 489 3779 545 Εἰσὶ

516 589 665 661 quad
706 599 952 644 nostrum
1011 587 1370 641 horizontem.
1432 581 1825 638 Verumtamen
1869 587 1998 635 sunt
2037 581 2094 634 in

517 693 662 740 terra
698 682 816 736 loca
845 679 1116 751 quaedam,
1146 678 1239 732 ubi
1273 675 1546 746 contingit
1574 675 1784 745 polum,
1814 673 1909 742 qui
1950 671 2093 742 apud

2204 577 2384 649 μέντοι
2408 579 2562 631 τόποι
2595 578 2742 641 τινὲς
2769 579 2862 631 ἐπὶ
2901 578 3001 648 τῆς
3032 578 3154 647 γῆς,
3191 579 3326 632 ὅπου
3369 578 3654 649 συμϐαίνει
3685 580 3777 634 τὸν

2203 671 2301 740 μὲν
2331 672 2458 742 παρ’
2491 673 2622 741 ἡμῖν
2658 671 2820 724 πόλον
2845 670 2934 723 τὸν
2961 669 3048 723 ἀεὶ
3083 670 3312 742 φανερὸν
3345 670 3573 734 ἐκείνοις
3612 671 3778 742 ἀόρα-

515 788 620 830 nos
643 787 859 843 semper
885 777 970 826 est
1001 784 1291 840 apparens,
1324 768 1434 823 illis
1460 781 1586 822 esse
1624 763 1959 819 invisibilem
1985 779 2000 828 ;
2039 767 2094 816 et

2197 777 2289 813 τον
2314 755 2472 824 εἶναι,
2503 759 2593 814 τὸν
2619 761 2676 814 δὲ
2714 761 2844 832 παρ’
2873 761 3007 830 ἡμῖν
3041 759 3270 830 ἀόρατον
3295 753 3525 821 ἐκείνοις
3549 756 3780 828 φανερὸν

515 874 711 923 contra
749 879 874 921 eum
923 863 1128 934 polum,
1175 861 1270 933 qui
1317 861 1460 932 apud
1511 875 1613 914 nos
1660 865 1744 913 est
1776 855 2090 919 invisibilis,

517 960 631 1017 illis
674 958 1031 1028 conspicuum
1067 969 1232 1021 esse;
1273 962 1328 1009 et
1372 967 1568 1007 rursus
1616 958 1706 1005 est
1766 949 1920 1003 locus
1970 947 2093 1016 qui-

515 1051 642 1107 dam
672 1052 728 1106 in
755 1059 918 1115 terra,
953 1047 1044 1103 ubi
1067 1047 1177 1103 duo
1201 1046 1259 1100 hi
1289 1044 1400 1117 poli
1430 1043 1688 1112 simil-iter
1721 1041 1778 1096 in
1807 1040 2092 1094 horizonte

511 1143 716 1215 jacent.

1113 1249 1344 1308 CAPUT
1390 1248 1483 1305 ιν.

993 1368 1071 1422 De
1105 1365 1320 1420 circulis
1360 1365 1601 1434 sphaerae.

585 1501 929 1560 Circulorum
967 1499 1194 1569 sphaerae
1232 1497 1323 1550 alii
1363 1505 1492 1550 sunt
1531 1491 1796 1564 paralleli,
1830 1490 1921 1544 alii
1953 1488 2091 1543 obli-

512 1599 630 1671 qui,
678 1597 773 1651 alii
811 1610 907 1667 per
943 1595 1096 1664 polos
1138 1591 1289 1646 ducti
1327 1609 1340 1645 :
1375 1587 1619 1661 paralleli
1650 1595 1798 1648 sunt,
1831 1583 1925 1654 qui
1967 1598 2092 1638 eos-

458 1737 467 1750 .
513 1692 638 1747 dem
660 1690 863 1744 habent
892 1687 1047 1758 polos
1067 1699 1190 1740 cum
1223 1682 1450 1738 mundo.
1475 1681 1616 1736 Sunt
1645 1689 1824 1733 autem
1847 1675 2090 1747 quinque

514 1784 757 1856 paralleli
806 1781 1019 1844 circuli,
1055 1777 1318 1838 arcticus,
1348 1774 1572 1830 aestivus
1605 1771 1873 1842 tropicus,
1909 1767 2090 1839 aequi-

512 1876 792 1938 noctialis,
816 1873 1080 1928 hibernus
1099 1868 1348 1939 tropicus
1377 1875 1430 1921 et
1460 1865 1820 1919 antarcticus.

585 2054 835 2110 Arcticus
876 2050 1118 2106 circulus
1162 2044 1344 2120 igitur
1373 2052 1479 2111 est,
1527 2042 1620 2114 qui
1667 2042 1809 2096 inter
1851 2038 2090 2096 circulos

515 2161 732 2216 semper
782 2150 1110 2214 apparentes
1154 2149 1238 2195 est
1287 2137 1584 2197 maximus,
1641 2143 1696 2189 et
1750 2133 2090 2187 horizontem

515 2239 733 2308 attingit
770 2238 825 2292 in
868 2250 977 2290 uno
1016 2239 1240 2305 puncto,
1269 2239 1528 2299 totusque
1559 2241 1724 2297 supra
1765 2232 1971 2280 terram
1997 2224 2094 2279 de-

515 2332 769 2393 sumitur,
798 2327 986 2397 inquo
1015 2333 1164 2380 astra
1189 2324 1364 2396 posita
1399 2336 1576 2391 neque
1605 2317 1885 2380 occidunt,
1916 2329 2094 2386 neque

513 2423 789 2483 oriuntur,
829 2417 925 2474 sed
953 2432 1048 2487 per
1069 2423 1238 2469 totam
1269 2419 1482 2468 noctem
1503 2409 1650 2466 circa
1675 2407 1860 2478 polum
1889 2403 2093 2458 moveri

514 2520 836 2571 cernuntur.
875 2509 975 2565 Hic
1007 2508 1254 2563 circulus
1300 2506 1358 2560 in
1404 2511 1595 2558 nostro
1640 2503 1774 2556 orbe
1809 2498 2094 2555 habitahili

515 2609 586 2664 ab
613 2607 887 2662 anteriore
921 2602 1055 2674 pede
1089 2613 1233 2656 ursae
1261 2596 1490 2668 majoris
1528 2593 1878 2650 describitur.

585 2864 915 2939 91Estivus
959 2860 1205 2932 tropicus
1234 2857 1490 2931 [circulus
1522 2861 1629 2918 est,
1674 2851 1767 2923 qui
1813 2850 1958 2904 inter
1998 2859 2094 2900 eos

513 2957 774 3019 circulos,
805 2954 951 3024 quia
973 2953 1088 3007 sole
1117 2949 1420 3006 secundum
1452 2944 1642 3000 mundi
1676 2939 2096 2997 conversionem

514 3023 926 3107 describuntur,
955 3049 1042 3096 est
1087 3041 1325 3095 maxime
1355 3035 1632 3101 borealis;
1662 3045 1829 3101 super
1862 3041 1972 3099 quo
2012 3023 2096 3080 sol

515 3137 851 3196 constitutus
897 3133 1060 3189 etiicit
1107 3132 1353 3188 aestivam
1400 3126 1842 3184 conversionem,
1888 3120 1947 3172 in
1986 3129 2094 3186 qua

2199 848 2335 904 εἶναι
2355 869 2368 882 ·
2400 853 2492 905 καὶ
2521 851 2682 905 πάλιν
2719 851 2836 905 ἐστι
2861 869 2947 916 τις
2971 852 3136 915 τόπος
3162 852 3255 903 ἐπὶ
3286 851 3383 921 τῆς
3415 849 3537 920 γῆς,
3567 850 3700 904 ὅπου
3723 849 3776 901 οι

2196 941 2292 995 δύο
2315 943 2467 997 πόλοι
2495 943 2695 1015 ὁμοίως
2717 944 2811 996 ἐπὶ
2850 943 2943 996 τοῦ
2971 943 3241 1013 ὁρίζοντος
3271 944 3496 997 κεῖνται.

2725 1223 3120 1280 ΚΕΦΑΛΑΙΟΝ
3146 1225 3239 1298 {Aa

2383 1331 2385 1334 ’
2442 1339 2581 1409 Περὶ
2629 1337 2747 1393 τῶν
2783 1340 2852 1392 ἐν
2882 1338 2957 1407 τῇ
3000 1339 3226 1408 σφαίρᾳ
3269 1338 3527 1392 κύκλων.

2266 1478 2386 1531 Τῶν
2418 1476 2476 1530 δὲ
2505 1478 2564 1530 ἐν
2592 1479 2658 1547 τῇ
2707 1474 2912 1547 σφαίρᾳ
2941 1474 3154 1530 κύκλων
3195 1476 3244 1528 οί
3279 1474 3378 1546 μέν
3423 1475 3529 1527 είσι
3564 1473 3776 1539 παράλ-

2195 1569 2366 1642 ληλοι,
2397 1571 2446 1622 οἱ
2491 1569 2549 1623 δὲ
2594 1567 2757 1634 λοξοὶ,
2790 1569 2839 1620 οἱ
2880 1568 2937 1620 δὲ
2975 1565 3064 1620 διὰ
3087 1566 3197 1620 τῶν
3243 1567 3456 1620 πόλων’
3497 1565 3774 1637 παράλλη-

2194 1666 2276 1716 λοι
2320 1664 2416 1734 μὲν
2457 1663 2507 1715 οἱ
2550 1662 2677 1723 τοὺς
2722 1661 2918 1724 αὐτοὺς
2951 1658 3147 1722 πόλους
3187 1658 3399 1729 ἔχοντες
3443 1658 3521 1728 τῷ
3563 1659 3771 1730 κόσμῳ.

2195 1752 2316 1806 Εἰσὶ
2357 1751 2414 1804 δὲ
2464 1749 2797 1822 παράλληλοι
2841 1748 3032 1802 κύκλοι
3078 1747 3259 1811 πέντε,
3299 1748 3577 1819 ἀρκτικὸς,
3627 1747 3774 1818 θερι-

2120 1853 2164 1909 B
2193 1847 2283 1908 νὸς
2312 1844 2586 1914 τροπικδς,
2626 1842 2954 1914 ίσημερινδς,
2981 1841 3287 1914 χειμερινὸς
3325 1842 3606 1912 τροπικδς,
3641 1843 3773 1896 ἀντ-

2193 1936 2476 2008 α’ρκτικός.

2279 2027 2562 2100 Ἀρκτικὸς
2611 2026 2708 2098 μὲν
2751 2022 2845 2080 οὖν
2888 2024 3001 2096 (Μ)
3050 2027 3164 2078 ἔστι
3211 2023 3407 2088 κύκλος
3438 2023 3467 2075 ὁ
3523 2024 3773 2096 μέγιστος

2191 2121 2301 2174 τῶν
2340 2121 2428 2174 ἀεὶ
2473 2120 2862 2192 Θεωρουμένων
2903 2118 3139 2183 κύκλων,
3189 2121 3218 2172 ὁ
3259 2118 3634 2188 ἐφαπτόμενος
3679 2119 3775 2171 τοῦ

2192 2215 2463 2285 ὁρίζοντος
2494 2213 2615 2266 καθ’
2647 2213 2706 2266 ἓν
2745 2217 2993 2283 σημεῖον,
3026 2213 3120 2266 καὶ
3158 2213 3278 2276 ὅλος
3323 2212 3462 2282 ὑπὲρ
3503 2211 3606 2281 γῆν
3640 2210 3776 2262 ἀπο-

2193 2306 2603 2377 λαμϐανόμενος
2693 2307 2751 2358 ὲν
2790 2299 2836 2374 ᾧ
2876 2305 2944 2359 τὰ
2983 2306 3212 2376 κείμενα
3249 2304 3357 2357 τῶν
3389 2304 3604 2373 ἄστρων
3651 2299 3775 2353 οὔτε

2193 2396 2341 2451 δύσιν
2395 2395 2520 2450 οὔτε
2569 2396 2833 2467 ἀνατολὴν
2884 2398 3156 2450 ποιεῖται·
3206 2394 3342 2448 ἀλλὰ
3390 2394 3456 2447 δι’
3501 2393 3631 2463 ὅλης
3675 2392 3778 2461 τῆς

2195 2489 2388 2553 νυκτὸς
2428 2491 2556 2560 περὶ
2599 2491 2692 2544 τὸν
2724 2491 2884 2546 πόλον
2930 2490 3273 2562 στρεφόμενα
3318 2488 3620 2560 θεωρεῖται.
3670 2482 3773 2540 06-

2194 2601 2284 2649 τος
2320 2585 2378 2638 δὲ
2418 2585 2447 2636 ὁ
2494 2583 2693 2645 κύκλος
2741 2583 2857 2654 (15)
2905 2585 2964 2636 ὲν
3011 2585 3076 2654 τῇ
3127 2581 3248 2636 καθ’
3289 2583 3438 2652 ἡμᾶς
3485 2580 3775 2652 οἰκουμένῃ

2196 2675 2300 2727 ὑπὸ
2323 2673 2417 2726 τοῦ
2443 2672 2777 2744 ὲμπροσθίου
2804 2673 2965 2736 ποδὸς
2992 2674 3090 2744 τῆς
3118 2671 3360 2743 μεγάλης
3385 2672 3586 2744 ἄρκτου
3621 2687 3780 2738 περι-

2196 2765 2486 2838 γράφεται.

2190 2931 2192 2934 ν
2266 2857 2485 2926 Θερινὸς
2513 2856 2569 2909 δὲ
2595 2856 2850 2928 τροπικὺς
2873 2854 3071 2917 κύκλος
3093 2854 3284 2908 ἐστὶνὸ
3311 2853 3647 2926 βορειότατος
3665 2850 3779 2905 τῶν

2198 2948 2302 3002 ὑπὸ
2337 2949 2430 3001 τοῦ
2461 2948 2611 3018 ἡλίου
2641 2947 3000 3019 γραφομένων
3021 2947 3236 3000 κύκλων
3267 2947 3410 3000 κατὰ
3433 2947 3530 3016 τὴν
3557 2943 3652 2998 τοῦ
3680 2943 3774 2996 κό-

2199 3058 2336 3112 σμου
2388 3043 2682 3112 γινομένην
2743 3040 3133 3111 περιστροφὴν,
3179 3040 3265 3108 ἐφ’
3311 3031 3371 3092 06
3415 3039 3703 3108 γενόμενος
3733 3036 3766 3090 6

2195 3132 2347 3203 ἥλιος
2369 3132 2465 3203 τὴν
2498 3131 2716 3204 Θερινὴν
2747 3132 2955 3204 τροπὴν
2982 3134 3236 3186 ποιεῖται·
3267 3132 3326 3182 ὲν
3424 3128 3651 3199 μεγίστη
3679 3127 3778 3197 μὲν

516 3229 840 3300 longissima
875 3227 932 3281 [it
957 3227 1077 3281 dies
1103 3225 1372 3287 omnium,
1406 3236 1527 3290 qum
1561 3225 1689 3273 sunt
1717 3217 1771 3270 in
1793 3227 1959 3276 anno,
1986 3223 2094 3265 nox

2199 3196 2384 3278 πασῶν
2418 3196 2526 3278 τῶν
2560 3196 2618 3278 έν
2747 3196 2977 3295 ἐνιαυτῷ
3014 3224 3217 3295 ἡμέρα,
3245 3196 3584 3293 ὲλαγίστηδὲ
3616 3223 3648 3290 ἡ
3679 3196 3781 3280 νὺε

514 3337 650 3378 vero
688 3320 1033 3376 brevissima.
1071 3316 1180 3372 Sed
1213 3323 1338 3387 post
1373 3315 1624 3386 aestivam
1671 3307 2091 3366 conversionem

516 3434 631 3473 non
657 3416 891 3486 amplius
920 3411 988 3466 ad
1027 3423 1188 3466 ursas
1229 3411 1313 3465 sol
1355 3403 1964 3477 accederej'spectatur,
1995 3397 2093 3454 sed

517 3512 585 3567 ad
636 3510 836 3564 alteras
877 3505 1066 3560 mundi
1108 3512 1294 3573 partes
1338 3499 1606 3563 vertitur,
1651 3511 1817 3566 quam
1866 3493 1939 3548 ob
1977 3506 2095 3548 rem

518 3604 764 3662 circulus
790 3609 1020 3658 vocatur
1047 3597 1318 3667 tr0picus,
1344 3593 1399 3647 id
1422 3599 1506 3647 est
1535 3587 1921 3661 conversivus.

589 3694 1016 3768 Equinoctialis
1046 3699 1131 3746 est
1172 3686 1416 3743 circulus
1452 3683 1730 3737 maximus
1762 3680 1906 3733 inter
1931 3677 2098 3746 quin-

465 3839 470 3845 .
517 3805 625 3862 que
657 3787 968 3860 parallelos,
993 3782 1087 3852 qui
1117 3781 1185 3835 ab
1207 3779 1493 3833 horizonte
1525 3772 1810 3842 aequaliter
1841 3778 2094 3835 secatur;

521 3859 580 3937 ut
611 3859 678 3936 de
706 3894 772 3934 eo
791 3873 1173 3933 semicirculus
1210 3884 1377 3940 supra
1411 3875 1620 3923 terram
1649 3868 1925 3924 sumatur,
1957 3859 2095 3912 alter

518 3988 651 4031 vero
700 3968 1081 4027 semicirculus
1137 3964 1240 4018 sub
1279 3962 1599 4024 horizonte,
1647 3970 1811 4025 super
1855 3968 1963 4024 quo
2014 3951 2098 4007 sol

519 4065 853 4122 constitutus
885 4058 1238 4133 mquiuoctia,
1259 4055 1440 4119 elﬁcit,
1489 4067 1616 4108 cum
1665 4061 1918 4113 vernum,
1944 4052 2095 4124 "tum

448 4149 456 4158 ’
519 4159 858 4216 autumnale.

583 4249 866 4304 llibernus
926 4245 1171 4315 tropicus
1207 4241 1475 4314 :circulus
1533 4244 1621 4293 est
1688 4231 1937 4305 is,'qui
2010 4239 2096 4288 est

518 4342 757 4397 maxime
807 4337 1066 4395 australis
1112 4349 1304 4390 eorum
1351 4331 1708 4394 circulorum,
1755 4327 1849 4398 qui
1901 4343 1933 4381 a
1975 4326 2092 4382 sole

520 4433 824 4489 secundum
872 4429 1245 4501 quotidianam
1287 4425 1478 4480 mundi
1527 4422 1943 4478 conversionem
1999 4419 2096 4472 de-

519 4527 838 4583 scribuntur
867 4544 880 4580 :
917 4523 985 4578 ad
1016 4537 1174 4593 quem
1218 4534 1343 4574 cum
1381 4518 1464 4573 sol
1495 4515 1764 4587 pervenit,
1798 4514 2087 4567 hibernam
2126 4543 2173 4600 υ

519 4616 681 4675 elﬁcit
707 4613 1145 4677 conversionem,
1172 4611 1227 4665 in
1253 4625 1362 4680 qua
1393 4607 1715 4677 longissima
1751 4604 1808 4658 lit
1829 4618 1939 4658 nox
1968 4617 2089 4655 0m-

519 4709 670 4763 nium
700 4721 822 4778 qua:
853 4711 983 4762 sunt
1014 4703 1068 4758 in
1099 4716 1276 4768 anno;
1307 4699 1428 4754 dies
1447 4712 1578 4752 vero
1600 4693 1947 4762 brevissima.
1981 4689 2090 4744 Ve-

521 4807 829 4856 rumtamen
869 4801 994 4867 post
1041 4794 1325 4850 hibernam
1367 4789 1786 4845 conversionem
1824 4799 1930 4840 non
1975 4797 2090 4836 am-

591 4975 705 5044 (H)
752 4969 1205 5044 ammaqu
1240 4963 1652 5044 061-.Circulus
1683 4961 1957 5044 arcti‘cus,‘
1978 4973 2088 5029 quo

521 5030 735 5104 veteres
771 5030 856 5097 u'si
888 5030 1042 5105 sunt,
1064 5030 1224 5108 longe
1254 5039 1323 5092 ab
1353 5043 1541 5108 nostro
1569 5044 1622 5087 et
1667 5033 1874 5108 usitato
1909 5030 2090 5083 diver-

524 5102 620 5174 sus
642 5122 746 5171 est.
782 5112 915 5168 Nam
941 5102 1030 5165 illi
1052 5102 1527 5176 θεῶν’ἀειφανερῶν
1557 5102 1852 5176 maximum
1893 5105 2093 5176 vocant

523 5171 823 5250 arcticum,
877 5182 1038 5251 cujus
1080 5171 1483 5251 semidiameter
1530 5181 1614 5228 est
1661 5171 1893 5251 altitudo
1942 5171 2090 5251 poli,

522 5241 983 5323 centrum,'poiu's
1008 5250 1222 5323 mundi.
1257 5248 1442 5323 Itaque
1471 5243 1884 5323 procregionum
1910 5241 2092 5310 positu

523 5311 711 5384 varius
757 5311 875 5385 est,
925 5337 990 5375 ac
1031 5319 1208 5389 major
1255 5311 1525 5389 minorve.
1570 5311 1707 5389 Yid’e
1738 5311 2090 5367 Ptolemnum

524 5397 617 5453 lib.
651 5411 713 5462 ιι,
745 5383 888 5462 ο.μ4’,
913 5383 1274 5462 Οιεοωὲίιεωί
1294 5388 1388 5442 lib.
1423 5403 1463 5462 ι,
1499 5383 1632 5462 c_._

595 5452 712 5590 $155
751 5452 939 5544 οὗτος
967 5460 1095 5542 ded
1126 5460 1370 5541 mia/10c:
1421 5455 1624 5511 Scribit
1656 5453 1921 5536 Geminus
1982 5452 2092 5533 cir-

619 5553 707 5590 um
732 5543 997 5589 arcticum
1014 5531 1215 5590 lbl,ubl
1241 5526 1544 5590 habitabat,
1569 5526 1900 5580 delineatum
1923 5521 2092 5577 fuisse

523 5521 707 5592 culum
732 5521 997 5589 arcticum
1014 5531 1215 5593 ibi,ubi
1241 5521 1544 5590 habitabat,
1569 5526 1900 5580 delineatum
1923 5521 2092 5577 fuisse

525 5605 790 5685 anteriori
815 5603 970 5685 pede
1010 5597 1442 5685 majorisUrsas.
1474 5598 1647 5685 lg‘itur
1671 5595 1850 5685 57‘vel
1873 5593 1942 5646 58
1983 5595 2092 5645 cir-

527 5677 668 5746 citer
699 5665 961 5746 gradibus
1000 5665 1160 5746 polus
1192 5670 1265 5724 ibi
1308 5683 1473 5738 supra
1507 5665 1862 5746 horizontem
1910 5678 2089 5746 eriter-

528 5733 732 5825 δεῖ)Μῖ
752 5743 844 5825 qui
875 5750 959 5825 est
991 5733 1482 5825 Graecim‘tracius.
1510 5737 1712 5825 Verum
1753 5733 1893 5825 inl'ra
1931 5734 2089 5815 longe

2195 3316 2422 3385 γίνεται.
2459 3316 2616 3370 Μετὰ
2651 3316 2923 3386 ’μέντοιγε
2968 3315 3065 3387 τὴν
3099 3314 3313 3387 θερινὴν
3353 3314 3560 3384 τροπὴν
3596 3312 3779 3368 οὐκέτι

2197 3410 2332 3480 πρὸς
2387 3408 2486 3472 τὰς
2535 3408 2769 3480 ἄρκτους
2830 3407 3143 3480 παροδεύων
3186 3409 3219 3460 ὁ
3266 3405 3415 3476 ἣλιος
3468 3404 3776 3475 θεωρεῖται,

2196 3501 2310 3554 ἀλλ’
2343 3502 2437 3554 ἐπὶ
2487 3501 2556 3554 τὰ
2582 3501 2745 3572 ἕτερα
2788 3501 2925 3572 μέρη
2961 3500 3222 3572 τρέπεται
3247 3498 3341 3551 τοῦ
3375 3497 3616 3567 κόσμου’
3653 3495 3720 3549 δι’
3743 3493 3777 3548 ὃ

2197 3595 2290 3646 καὶ
2317 3593 2579 3666 κέκληται
2613 3593 2892 3665 τροπικός.

2280 3685 2612 3758 Ἰσημερινὺς
2645 3686 2701 3738 δέ
2741 3687 2856 3738 ἐστι
2903 3683 3102 3749 κύκλος
3135 3685 3164 3738 ὁ
3200 3683 3454 3754 μέγιστος
3480 3680 3587 3734 τῶν
3617 3681 3770 3732 πέντε

2199 3779 2558 3851 παραλλήλων
2586 3778 2820 3839 κύκλων,
2853 3777 2882 3829 ὁ
2913 3774 3366 3847 διχοτομούμενος
3396 3773 3501 3826 ὑπὸ
3528 3770 3623 3824 τοῦ
3659 3773 3777 3840 ὁρι-

2199 3870 2415 3936 ζοντοςο
2446 3870 2586 3923 ὥστε
2613 3870 2937 3942 ἡμικύκλιον
2980 3869 3077 3940 μὲν
3127 3867 3270 3938 ὑπὲρ
3303 3867 3408 3936 γῆν
3447 3863 3769 3933 ἀπολαμϐά-

2198 3963 2404 4026 νεσθαι,
2433 3963 2756 4034 ἡμικύκλιον
2780 3962 2838 4015 δὲ
2868 3960 2972 4014 ὑπὸ
3002 3961 3093 4013 τὸν
3116 3959 3384 4032 ὁρίζοντα’
3421 3957 3504 4026 ἐφ’
3525 3949 3586 4008 06
3620 3955 3773 4023 γενό-

2202 4068 2362 4122 μενος
2388 4052 2417 4103 ὁ
2443 4052 2592 4121 ἥλιος
2620 4051 2715 4114 τὰς
2739 4051 3028 4121 ἰσημερίας
3050 4051 3303 4112 ποιεῖται,
3330 4047 3429 4118 τήν
3467 4063 3526 4099 τε
3555 4045 3775 4115 ἐαρινὴν

2199 4145 2293 4197 καὶ
2320 4143 2421 4214 τὴν
2461 4143 2881 4214 φθινοπωρινὴν.

2269 4234 2591 4304 Χειμερινὸς
2620 4235 2678 4287 δὲ
2707 4233 2967 4305 τροπικὸς
2997 4232 3197 4294 κύκλος
3219 4231 3366 4284 ἐστὶν
3393 4230 3423 4282 ὁ
3455 4227 3773 4287 νοτιώτατος

2196 4325 2304 4380 τῶν
2335 4327 2438 4379 ὑπὸ
2459 4325 2551 4378 τοῦ
2574 4325 2722 4396 ἡλίου
2750 4323 3111 4396 γραφομένων
3138 4322 3351 4376 κύκλων
3373 4319 3516 4374 κατὰ
3539 4318 3637 4390 τὴν
3673 4317 3780 4371 61:0

2196 4420 2290 4473 τοῦ
2326 4419 2528 4488 κόσμου
2573 4416 2871 4487 γενομένην
2900 4415 3270 4486 περιστροφὴν
3289 4430 3303 4445 ο
3344 4412 3427 4480 ἐφ’
3454 4403 3516 4464 οὗ
3546 4411 3776 4480 γενόμε-

2198 4529 2286 4574 νος
2313 4511 2340 4562 ὁ
2365 4509 2514 4580 ἥλιος
2555 4508 2650 4579 τὴν
2703 4507 3016 4578 χειμερινὴν
3047 4505 3253 4576 τροπὴν
3280 4505 3536 4568 ποιεῖται,
3569 4504 3628 4554 ὲν
3739 4501 3776 4572 ἡ

2201 4603 2430 4674 μεγίστη
2464 4601 2562 4671 μὲν
2592 4598 2780 4652 πασῶν
2808 4598 2916 4651 τῶν
2946 4599 3003 4650 ὲν
3033 4597 3110 4667 τῷ
3138 4593 3370 4665 ἐνιαυτῷ
3390 4593 3488 4657 νὺξ
3511 4591 3776 4646 ἐπιτελεῖς
3843 4589 3846 4592 ’

2194 4712 2305 4760 ται,
2341 4693 2598 4764 ἐλαχίστη
2647 4691 2704 4744 δὲ
2751 4691 2952 4762 ἡμέρα.
2983 4687 3138 4744 Μετὰ
3185 4687 3428 4759 μέντοιγε
3457 4685 3555 4757 τὴν
3585 4700 3774 4756 χειμεο

2198 4785 2350 4857 ρινὴν
2395 4783 2602 4855 τροπὴν
2633 4782 2817 4835 οὐκέτι
2848 4781 2984 4850 πρὸς
3031 4778 3376 4852 μεσημϐρίαν
3406 4777 3715 4848 παροδεύων
3745 4777 3775 4829 ὀ

2195 4963 2310 5016 illic
2339 4961 2410 5016 ab
2431 4960 2723 5015 horizonte
2754 4959 2828 5011 ita
2859 4956 3050 5022 dividi,
3079 4962 3139 5009 ut
3179 4953 3275 5008 illo
3315 4954 3371 5008 in
3416 4960 3541 5008 octo
3585 4963 3771 5022 partes

2193 5033 2392 5095 diviso,
2425 5032 2668 5100 quinque
2695 5043 2882 5100 supra,
2919 5026 3211 5100 tresinlra
3239 5024 3646 5079 contineantur.
3692 5021 3774 5100 βε

2193 5118 2302 5174 quo
2328 5095 2670 5174 consequeim
2700 5095 2988 5174 maximam
3015 5095 3158 5174 diem
3201 5096 3457 5174 horarum
3507 5095 3773 5174 esse_cir-

2194 5163 2329 5228 citer
2353 5189 2441 5236 xv,
2463 5163 2733 5226 et'elevari
2757 5169 2939 5238 polum
2964 5167 3222 5238 gradibus
3242 5179 3351 5238 xxii.
3370 5164 3570 5238 Aratus
3589 5163 3654 5216 ad
3677 5177 3774 5232 po-

2194 5233 2476 5299 steriorem
2533 5241 2657 5296 catli
2706 5233 2988 5308 positum,
3012 5237 3108 5305 qui
3159 5245 3244 5290 est
3293 5233 3658 5308 Macedoniae,
3689 5246 3774 5308 ‘et
3815 5273 3817 5276 ι

2193 5312 2564 5381 Hellesponti,
2614 5302 2972 5380 phaénomena
3020 5302 3120 5360 sua
3184 5305 3563 5381 comparavit,
3614 5302 3775 5372 cujus

2193 5374 2519 5438 auctoritate
2547 5374 2697 5436 du'cti
2731 5393 2867 5449 pene
2895 5391 3107 5449 omnes,
3127 5377 3221 5449 qui
3251 5375 3319 5429 de
3339 5374 3552 5449 spluera
3585 5382 3772 5440 postea

2194 5455 2554 5523 scripserunt,
2583 5443 2826 5505 eamdem
2839 5449 2960 5523 poli
2983 5443 3340 5523 elevationem
3368 5443 3771 5498 adhibuerunt:

2191 5516 2499 5592 cujusmodi
2553 5525 2777 5592 sphaerae
2823 5516 3039 5592 Aratea:
3083 5516 3191 5592 dici
3229 5521 3587 5592 meruerunt;
3632 5528 3770 5592 cum

2192 5581 2464 5648 Eu'doxeae
2493 5581 2602 5645 non
2635 5591 2817 5644 minus
2844 5587 3105 5658 appellari
3135 5584 3432 5658 potuerint.
3459 5581 3516 5658 S_i
3549 5583 3771 5658 quidem

2189 5663 2475 5718 Eudoxum
2523 5662 2575 5714 in
2620 5651 2894 5714 omnibus
2918 5651 3454 5726 Aratus—expressit,
3483 5651 3774 5726 Legendus

2190 5743 2448 5808 praeterea
2484 5730 2745 5808 Leontius
2790 5725 3158 5793 Mechanicus,
3185 5723 3239 5781 et
3281 5724 3524 5779 Achilles
3576 5723 3774 5777 Tatius

531 5801 719 5874 alium.
740 5801 902 5874 situm
946 5813 1152 5868 indicat
1186 5879 1194 5886 ι
1222 5807 1354 5864 Nam
1393 5808 1468 5864 ait
1514 5807 1782 5872 circulum
1818 5801 2088 5874 tropicuiu
2190 5801 2461 5890 Isagogcs,
2491 5818 2550 5880 .c.
2584 5801 2676 5878 25η

2121 5883 2206 5900 ’,ς
