  <div class='ocr_page' id='page_1' title='image "/cluster/home/n/w/nwhite01/storage/ocr_20150623/19/nnc1.0037127454/404.png"; bbox 0 0 4116 6400; ppageno 0'>
   <div class='ocr_carea' id='block_1_1' title="bbox 359 404 490 468">
    <p class='ocr_par' dir='ltr' id='par_1_1' title="bbox 359 404 490 468">
     <span class='ocr_line' id='line_1_1' title="bbox 359 404 490 468; baseline -0.008 -9"><span class='ocrx_word' id='word_1_1' title='bbox 359 459 365 468; x_wconf 78' lang='grc'><strong>,</strong></span> <span class='ocrx_word' id='word_1_2' title='bbox 384 404 490 459; x_wconf 77' lang='grc'><strong>775</strong></span> 
     </span>
    </p>
   </div>
   <div class='ocr_carea' id='block_1_2' title="bbox 1440 394 2623 455">
    <p class='ocr_par' dir='ltr' id='par_1_2' title="bbox 1440 394 2623 455">
     <span class='ocr_line' id='line_1_2' title="bbox 1440 394 2623 455; baseline -0.001 -1"><span class='ocrx_word' id='word_1_3' title='bbox 1440 397 1677 454; x_wconf 79' lang='lat' dir='ltr'><strong>GEMINI</strong></span> <span class='ocrx_word' id='word_1_4' title='bbox 1714 396 2088 455; x_wconf 81' lang='lat' dir='ltr'><strong>ELEMENTA</strong></span> <span class='ocrx_word' id='word_1_5' title='bbox 2124 394 2623 455; x_wconf 65' lang='lat' dir='ltr'><strong>ASTRONOMLE.</strong></span> 
     </span>
    </p>
   </div>
   <div class='ocr_carea' id='block_1_3' title="bbox 3528 396 3633 451">
    <p class='ocr_par' dir='ltr' id='par_1_3' title="bbox 3528 396 3633 451">
     <span class='ocr_line' id='line_1_3' title="bbox 3528 396 3633 451; baseline 0.019 -2"><span class='ocrx_word' id='word_1_6' title='bbox 3528 396 3633 451; x_wconf 74' lang='grc'><strong>’174</strong></span> 
     </span>
    </p>
   </div>
   <div class='ocr_carea' id='block_1_4' title="bbox 381 509 1945 591">
    <p class='ocr_par' dir='ltr' id='par_1_4' title="bbox 381 513 1941 591">
     <span class='ocr_line' id='line_1_4' title="bbox 381 513 1941 591; baseline -0.002 -20"><span class='ocrx_word' id='word_1_7' title='bbox 381 518 531 591; x_wconf 68' lang='grc' dir='ltr'>ἥλιος</span> <span class='ocrx_word' id='word_1_8' title='bbox 570 515 874 587; x_wconf 82' lang='grc' dir='ltr'><strong>θεωρεῖται,</strong></span> <span class='ocrx_word' id='word_1_9' title='bbox 903 513 1017 569; x_wconf 75' lang='grc' dir='ltr'>ἀλλ’</span> <span class='ocrx_word' id='word_1_10' title='bbox 1060 513 1153 568; x_wconf 82' lang='grc' dir='ltr'>ὲπί</span> <span class='ocrx_word' id='word_1_11' title='bbox 1195 514 1264 568; x_wconf 81' lang='grc' dir='ltr'><strong>τὰ</strong></span> <span class='ocrx_word' id='word_1_12' title='bbox 1301 514 1468 586; x_wconf 73' lang='grc' dir='ltr'>ἔτερα</span> <span class='ocrx_word' id='word_1_13' title='bbox 1523 516 1662 588; x_wconf 89' lang='grc' dir='ltr'>μέρη</span> <span class='ocrx_word' id='word_1_14' title='bbox 1704 515 1941 586; x_wconf 86' lang='grc' dir='ltr'>τρέπετα</span> 
     </span>
    </p>
   </div>
   <div class='ocr_carea' id='block_1_5' title="bbox 2047 509 3632 591">
    <p class='ocr_par' dir='ltr' id='par_1_5' title="bbox 2067 509 3632 585">
     <span class='ocr_line' id='line_1_5' title="bbox 2067 509 3632 585; baseline -0.002 -16"><span class='ocrx_word' id='word_1_15' title='bbox 2067 515 2212 585; x_wconf 92' lang='lat' dir='ltr'><strong>plius</strong></span> <span class='ocrx_word' id='word_1_16' title='bbox 2249 513 2497 570; x_wconf 89' lang='lat' dir='ltr'><strong>cernitur</strong></span> <span class='ocrx_word' id='word_1_17' title='bbox 2544 513 2626 568; x_wconf 91' lang='lat' dir='ltr'><strong>sol</strong></span> <span class='ocrx_word' id='word_1_18' title='bbox 2666 526 2860 569; x_wconf 90' lang='lat' dir='ltr'><strong>versus</strong></span> <span class='ocrx_word' id='word_1_19' title='bbox 2889 509 3171 566; x_wconf 83' lang='lat' dir='ltr'><strong>meridiem</strong></span> <span class='ocrx_word' id='word_1_20' title='bbox 3215 509 3493 577; x_wconf 82' lang='lat' dir='ltr'><strong>accedere,</strong></span> <span class='ocrx_word' id='word_1_21' title='bbox 3535 513 3632 566; x_wconf 87' lang='lat' dir='ltr'><strong>sed</strong></span> 
     </span>
    </p>
   </div>
   <div class='ocr_carea' id='block_1_6' title="bbox 381 595 1816 676">
    <p class='ocr_par' dir='ltr' id='par_1_6' title="bbox 381 595 1816 676">
     <span class='ocr_line' id='line_1_6' title="bbox 381 595 1816 676; baseline -0.004 -14"><span class='ocrx_word' id='word_1_22' title='bbox 381 606 476 662; x_wconf 78' lang='grc' dir='ltr'><strong>τοῦ</strong></span> <span class='ocrx_word' id='word_1_23' title='bbox 501 605 704 676; x_wconf 82' lang='grc' dir='ltr'>κόσμου</span> <span class='ocrx_word' id='word_1_24' title='bbox 725 621 739 634; x_wconf 74' lang='grc' dir='ltr'><strong>ο</strong></span> <span class='ocrx_word' id='word_1_25' title='bbox 775 603 841 657; x_wconf 81' lang='grc' dir='ltr'>δι’</span> <span class='ocrx_word' id='word_1_26' title='bbox 874 602 902 656; x_wconf 79' lang='grc' dir='ltr'><strong>ὃ</strong></span> <span class='ocrx_word' id='word_1_27' title='bbox 935 603 1193 674; x_wconf 83' lang='grc' dir='ltr'>κέκληται</span> <span class='ocrx_word' id='word_1_28' title='bbox 1235 602 1329 657; x_wconf 66' lang='grc' dir='ltr'><strong>καί⁸</strong></span> <span class='ocrx_word' id='word_1_29' title='bbox 1359 595 1513 666; x_wconf 75' lang='grc' dir='ltr'>οὗτος</span> <span class='ocrx_word' id='word_1_30' title='bbox 1539 602 1816 674; x_wconf 83' lang='grc' dir='ltr'><strong>τροπικός.</strong></span> 
     </span>
    </p>
   </div>
   <div class='ocr_carea' id='block_1_7' title="bbox 465 777 1957 851">
    <p class='ocr_par' dir='ltr' id='par_1_7' title="bbox 465 777 1957 851">
     <span class='ocr_line' id='line_1_7' title="bbox 465 777 1957 851; baseline -0.002 -17"><span class='ocrx_word' id='word_1_31' title='bbox 465 777 849 851; x_wconf 79' lang='grc' dir='ltr'>’Δνταρκτικὸς</span> <span class='ocrx_word' id='word_1_32' title='bbox 875 777 933 831; x_wconf 86' lang='grc' dir='ltr'><strong>δέ</strong></span> <span class='ocrx_word' id='word_1_33' title='bbox 972 780 1088 832; x_wconf 76' lang='grc' dir='ltr'>ἐστι</span> <span class='ocrx_word' id='word_1_34' title='bbox 1118 777 1317 842; x_wconf 83' lang='grc' dir='ltr'>κύκλος</span> <span class='ocrx_word' id='word_1_35' title='bbox 1343 780 1457 842; x_wconf 65' lang='lat' dir='ltr'><strong>tuo;</strong></span> <span class='ocrx_word' id='word_1_36' title='bbox 1487 779 1584 831; x_wconf 70' lang='lat' dir='ltr'><strong>xui.</strong></span> <span class='ocrx_word' id='word_1_37' title='bbox 1613 778 1957 850; x_wconf 80' lang='grc' dir='ltr'>παράλληλος</span> 
     </span>
    </p>
   </div>
   <div class='ocr_carea' id='block_1_8' title="bbox 378 869 1956 945">
    <p class='ocr_par' dir='ltr' id='par_1_8' title="bbox 378 869 1956 945">
     <span class='ocr_line' id='line_1_8' title="bbox 378 869 1956 945; baseline -0.003 -19"><span class='ocrx_word' id='word_1_38' title='bbox 378 872 460 945; x_wconf 81' lang='grc' dir='ltr'>τῷ</span> <span class='ocrx_word' id='word_1_39' title='bbox 491 870 756 944; x_wconf 82' lang='grc' dir='ltr'>ἀρκτικῷ,</span> <span class='ocrx_word' id='word_1_40' title='bbox 789 871 882 925; x_wconf 88' lang='grc' dir='ltr'><strong>καί</strong></span> <span class='ocrx_word' id='word_1_41' title='bbox 913 871 1287 943; x_wconf 82' lang='grc' dir='ltr'><strong>ἐφαπτόμενος</strong></span> <span class='ocrx_word' id='word_1_42' title='bbox 1321 871 1414 924; x_wconf 77' lang='grc' dir='ltr'><strong>τοῦ</strong></span> <span class='ocrx_word' id='word_1_43' title='bbox 1442 871 1716 943; x_wconf 75' lang='grc' dir='ltr'><strong>ὁρίζοντος</strong></span> <span class='ocrx_word' id='word_1_44' title='bbox 1747 869 1866 924; x_wconf 84' lang='grc' dir='ltr'>καθ’</span> <span class='ocrx_word' id='word_1_45' title='bbox 1897 869 1956 923; x_wconf 82' lang='grc' dir='ltr'><strong>ἓν</strong></span> 
     </span>
    </p>
   </div>
   <div class='ocr_carea' id='block_1_9' title="bbox 382 956 1957 1037">
    <p class='ocr_par' dir='ltr' id='par_1_9' title="bbox 382 956 1957 1037">
     <span class='ocr_line' id='line_1_9' title="bbox 382 956 1957 1037; baseline -0.003 -18"><span class='ocrx_word' id='word_1_46' title='bbox 382 969 628 1037; x_wconf 86' lang='grc' dir='ltr'>σημεῖον,</span> <span class='ocrx_word' id='word_1_47' title='bbox 659 965 756 1018; x_wconf 80' lang='grc' dir='ltr'>καὶ</span> <span class='ocrx_word' id='word_1_48' title='bbox 799 965 917 1028; x_wconf 86' lang='grc' dir='ltr'><strong>ὅλος</strong></span> <span class='ocrx_word' id='word_1_49' title='bbox 951 963 1057 1017; x_wconf 84' lang='grc' dir='ltr'>ὑπὸ</span> <span class='ocrx_word' id='word_1_50' title='bbox 1088 965 1189 1035; x_wconf 82' lang='grc' dir='ltr'><strong>γῆν</strong></span> <span class='ocrx_word' id='word_1_51' title='bbox 1219 963 1739 1034; x_wconf 78' lang='grc' dir='ltr'>ἀπολαμϐανόμενος</span> <span class='ocrx_word' id='word_1_52' title='bbox 1759 979 1773 992; x_wconf 67' lang='grc' dir='ltr'><strong>θ</strong></span> <span class='ocrx_word' id='word_1_53' title='bbox 1814 964 1872 1015; x_wconf 82' lang='grc' dir='ltr'><strong>ὲν</strong></span> <span class='ocrx_word' id='word_1_54' title='bbox 1911 956 1957 1031; x_wconf 83' lang='grc' dir='ltr'><strong>ᾧ</strong></span> 
     </span>
    </p>
   </div>
   <div class='ocr_carea' id='block_1_10' title="bbox 379 1056 1956 1130">
    <p class='ocr_par' dir='ltr' id='par_1_10' title="bbox 379 1056 1956 1130">
     <span class='ocr_line' id='line_1_10' title="bbox 379 1056 1956 1130; baseline -0.001 -20"><span class='ocrx_word' id='word_1_55' title='bbox 379 1060 449 1112; x_wconf 85' lang='grc' dir='ltr'><strong>τὰ</strong></span> <span class='ocrx_word' id='word_1_56' title='bbox 495 1059 723 1130; x_wconf 88' lang='grc' dir='ltr'>κείμενα</span> <span class='ocrx_word' id='word_1_57' title='bbox 785 1057 893 1111; x_wconf 83' lang='grc' dir='ltr'>τῶν</span> <span class='ocrx_word' id='word_1_58' title='bbox 937 1057 1151 1129; x_wconf 82' lang='grc' dir='ltr'><strong>ἄστρων</strong></span> <span class='ocrx_word' id='word_1_59' title='bbox 1217 1057 1304 1112; x_wconf 79' lang='grc' dir='ltr'><strong>διὰ</strong></span> <span class='ocrx_word' id='word_1_60' title='bbox 1371 1057 1571 1120; x_wconf 83' lang='grc' dir='ltr'>παντὸς</span> <span class='ocrx_word' id='word_1_61' title='bbox 1625 1058 1760 1127; x_wconf 88' lang='grc' dir='ltr'>ἡμῖν</span> <span class='ocrx_word' id='word_1_62' title='bbox 1809 1056 1956 1108; x_wconf 76' lang='grc' dir='ltr'>ἔστιν</span> 
     </span>
    </p>
   </div>
   <div class='ocr_carea' id='block_1_11' title="bbox 378 1131 784 1220">
    <p class='ocr_par' dir='ltr' id='par_1_11' title="bbox 378 1131 784 1220">
     <span class='ocr_line' id='line_1_11' title="bbox 378 1131 784 1220; baseline 0.005 -20"><span class='ocrx_word' id='word_1_63' title='bbox 378 1147 607 1220; x_wconf 81' lang='grc' dir='ltr'><strong>ἀόρατοι.</strong></span> <span class='ocrx_word' id='word_1_64' title='bbox 677 1131 784 1149; x_wconf 37' lang='grc' dir='ltr'><strong><em>Ἀ</em></strong></span> 
     </span>
    </p>
   </div>
   <div class='ocr_carea' id='block_1_12' title="bbox 460 1236 1954 1316">
    <p class='ocr_par' dir='ltr' id='par_1_12' title="bbox 460 1236 1954 1316">
     <span class='ocr_line' id='line_1_12' title="bbox 460 1236 1954 1316; baseline -0.001 -24"><span class='ocrx_word' id='word_1_65' title='bbox 460 1240 571 1292; x_wconf 85' lang='grc' dir='ltr'><strong>Γῶν</strong></span> <span class='ocrx_word' id='word_1_66' title='bbox 597 1239 653 1292; x_wconf 81' lang='grc' dir='ltr'>δὲ</span> <span class='ocrx_word' id='word_1_67' title='bbox 687 1238 1099 1316; x_wconf 77' lang='grc' dir='ltr'>προειρημένων</span> <span class='ocrx_word' id='word_1_68' title='bbox 1125 1237 1234 1310; x_wconf 76' lang='grc'><strong>(16)</strong></span> <span class='ocrx_word' id='word_1_69' title='bbox 1265 1237 1423 1291; x_wconf 82' lang='grc' dir='ltr'>πέντε</span> <span class='ocrx_word' id='word_1_70' title='bbox 1453 1236 1665 1290; x_wconf 86' lang='grc' dir='ltr'>κύκλων</span> <span class='ocrx_word' id='word_1_71' title='bbox 1701 1236 1954 1308; x_wconf 88' lang='grc' dir='ltr'>μέγιστος</span> 
     </span>
    </p>
   </div>
   <div class='ocr_carea' id='block_1_13' title="bbox 381 1323 1952 1400">
    <p class='ocr_par' dir='ltr' id='par_1_13' title="bbox 381 1323 1952 1400">
     <span class='ocr_line' id='line_1_13' title="bbox 381 1323 1952 1400; baseline -0.004 -17"><span class='ocrx_word' id='word_1_72' title='bbox 381 1328 480 1400; x_wconf 83' lang='grc' dir='ltr'><strong>μὲν</strong></span> <span class='ocrx_word' id='word_1_73' title='bbox 510 1331 539 1382; x_wconf 88' lang='grc' dir='ltr'>ὁ</span> <span class='ocrx_word' id='word_1_74' title='bbox 565 1327 892 1400; x_wconf 66' lang='grc' dir='ltr'>ἰσημερινός</span> <span class='ocrx_word' id='word_1_75' title='bbox 913 1326 1041 1398; x_wconf 81' lang='grc' dir='ltr'>ἑξῆς</span> <span class='ocrx_word' id='word_1_76' title='bbox 1069 1326 1125 1378; x_wconf 84' lang='grc' dir='ltr'><strong>δὲ</strong></span> <span class='ocrx_word' id='word_1_77' title='bbox 1150 1328 1264 1389; x_wconf 86' lang='grc' dir='ltr'>τοῖς</span> <span class='ocrx_word' id='word_1_78' title='bbox 1291 1323 1578 1395; x_wconf 87' lang='grc' dir='ltr'>μεγέθεσιν</span> <span class='ocrx_word' id='word_1_79' title='bbox 1602 1325 1652 1376; x_wconf 86' lang='grc' dir='ltr'><strong>οἱ</strong></span> <span class='ocrx_word' id='word_1_80' title='bbox 1679 1323 1952 1395; x_wconf 86' lang='grc' dir='ltr'>τροπικοί·</span> 
     </span>
    </p>
   </div>
   <div class='ocr_carea' id='block_1_14' title="bbox 378 1413 1951 1488">
    <p class='ocr_par' dir='ltr' id='par_1_14' title="bbox 378 1413 1951 1488">
     <span class='ocr_line' id='line_1_14' title="bbox 378 1413 1951 1488; baseline -0.003 -17"><span class='ocrx_word' id='word_1_81' title='bbox 378 1418 646 1488; x_wconf 74' lang='grc' dir='ltr'>ἐλάχιστοι</span> <span class='ocrx_word' id='word_1_82' title='bbox 684 1417 741 1470; x_wconf 83' lang='grc' dir='ltr'><strong>δὲ</strong></span> <span class='ocrx_word' id='word_1_83' title='bbox 773 1417 847 1480; x_wconf 85' lang='grc' dir='ltr'>ὡς</span> <span class='ocrx_word' id='word_1_84' title='bbox 884 1415 1021 1487; x_wconf 85' lang='grc' dir='ltr'>πρὸς</span> <span class='ocrx_word' id='word_1_85' title='bbox 1061 1415 1334 1486; x_wconf 77' lang='grc' dir='ltr'><strong>ἡμετέραν</strong></span> <span class='ocrx_word' id='word_1_86' title='bbox 1363 1415 1574 1485; x_wconf 80' lang='grc' dir='ltr'>οἴκησιν</span> <span class='ocrx_word' id='word_1_87' title='bbox 1601 1413 1650 1465; x_wconf 90' lang='grc' dir='ltr'>οἰ</span> <span class='ocrx_word' id='word_1_88' title='bbox 1680 1413 1951 1484; x_wconf 88' lang='grc' dir='ltr'>ἀρκτικοί.</span> 
     </span>
    </p>
   </div>
   <div class='ocr_carea' id='block_1_15' title="bbox 447 1505 1955 1576">
    <p class='ocr_par' dir='ltr' id='par_1_15' title="bbox 447 1505 1955 1576">
     <span class='ocr_line' id='line_1_15' title="bbox 447 1505 1955 1576; baseline -0.005 -12"><span class='ocrx_word' id='word_1_89' title='bbox 447 1512 681 1575; x_wconf 79' lang='grc' dir='ltr'>Τούτους</span> <span class='ocrx_word' id='word_1_90' title='bbox 723 1511 780 1564; x_wconf 85' lang='grc' dir='ltr'>δὲ</span> <span class='ocrx_word' id='word_1_91' title='bbox 814 1509 938 1572; x_wconf 80' lang='grc' dir='ltr'>τοὺς</span> <span class='ocrx_word' id='word_1_92' title='bbox 981 1508 1213 1572; x_wconf 78' lang='grc' dir='ltr'><strong>κύκλους</strong></span> <span class='ocrx_word' id='word_1_93' title='bbox 1248 1507 1329 1559; x_wconf 86' lang='grc' dir='ltr'><strong>δεῖ</strong></span> <span class='ocrx_word' id='word_1_94' title='bbox 1356 1508 1496 1560; x_wconf 88' lang='grc' dir='ltr'>νοεῖν</span> <span class='ocrx_word' id='word_1_95' title='bbox 1527 1505 1784 1568; x_wconf 81' lang='grc' dir='ltr'>ἀπλατεῖς</span> <span class='ocrx_word' id='word_1_96' title='bbox 1812 1505 1955 1576; x_wconf 85' lang='grc' dir='ltr'>λόγῳ</span> 
     </span>
    </p>
   </div>
   <div class='ocr_carea' id='block_1_16' title="bbox 379 1597 1952 1675">
    <p class='ocr_par' dir='ltr' id='par_1_16' title="bbox 379 1597 1952 1675">
     <span class='ocr_line' id='line_1_16' title="bbox 379 1597 1952 1675; baseline -0.003 -18"><span class='ocrx_word' id='word_1_97' title='bbox 379 1604 706 1675; x_wconf 76' lang='grc' dir='ltr'>θεωρητοὺς,</span> <span class='ocrx_word' id='word_1_98' title='bbox 742 1603 806 1655; x_wconf 82' lang='grc' dir='ltr'>ὲκ</span> <span class='ocrx_word' id='word_1_99' title='bbox 836 1603 933 1673; x_wconf 75' lang='grc' dir='ltr'>τῆς</span> <span class='ocrx_word' id='word_1_100' title='bbox 954 1601 1060 1654; x_wconf 85' lang='grc' dir='ltr'><strong>τῶν</strong></span> <span class='ocrx_word' id='word_1_101' title='bbox 1093 1601 1305 1670; x_wconf 83' lang='grc' dir='ltr'>ἄστρων</span> <span class='ocrx_word' id='word_1_102' title='bbox 1336 1597 1556 1664; x_wconf 82' lang='grc' dir='ltr'><strong>θέσεως,</strong></span> <span class='ocrx_word' id='word_1_103' title='bbox 1587 1599 1681 1651; x_wconf 77' lang='grc' dir='ltr'><strong>καὶ</strong></span> <span class='ocrx_word' id='word_1_104' title='bbox 1709 1597 1811 1668; x_wconf 82' lang='grc' dir='ltr'>τῆς</span> <span class='ocrx_word' id='word_1_105' title='bbox 1845 1597 1952 1653; x_wconf 86' lang='grc' dir='ltr'>τῶν</span> 
     </span>
    </p>
   </div>
   <div class='ocr_carea' id='block_1_17' title="bbox 375 1690 1956 1768">
    <p class='ocr_par' dir='ltr' id='par_1_17' title="bbox 375 1690 1956 1768">
     <span class='ocr_line' id='line_1_17' title="bbox 375 1690 1956 1768; baseline -0.006 -18"><span class='ocrx_word' id='word_1_106' title='bbox 375 1697 644 1768; x_wconf 85' lang='grc' dir='ltr'>διόπτρων</span> <span class='ocrx_word' id='word_1_107' title='bbox 673 1695 924 1766; x_wconf 80' lang='grc' dir='ltr'><strong>Θεωρίας,</strong></span> <span class='ocrx_word' id='word_1_108' title='bbox 966 1693 1060 1746; x_wconf 78' lang='grc' dir='ltr'><strong>καὶ</strong></span> <span class='ocrx_word' id='word_1_109' title='bbox 1088 1694 1185 1764; x_wconf 80' lang='grc' dir='ltr'><strong>τῆς</strong></span> <span class='ocrx_word' id='word_1_110' title='bbox 1217 1691 1492 1763; x_wconf 75' lang='grc' dir='ltr'>ἡμετέρας</span> <span class='ocrx_word' id='word_1_111' title='bbox 1517 1692 1758 1754; x_wconf 75' lang='grc' dir='ltr'><strong>ἐπινοίας</strong></span> <span class='ocrx_word' id='word_1_112' title='bbox 1776 1690 1956 1744; x_wconf 86' lang='grc' dir='ltr'>διατυ-</span> 
     </span>
    </p>
   </div>
   <div class='ocr_carea' id='block_1_18' title="bbox 374 1782 1954 1857">
    <p class='ocr_par' dir='ltr' id='par_1_18' title="bbox 374 1782 1954 1857">
     <span class='ocr_line' id='line_1_18' title="bbox 374 1782 1954 1857; baseline -0.003 -16"><span class='ocrx_word' id='word_1_113' title='bbox 374 1787 699 1857; x_wconf 79' lang='grc' dir='ltr'>πουμένους.</span> <span class='ocrx_word' id='word_1_114' title='bbox 717 1785 894 1849; x_wconf 82' lang='grc' dir='ltr'>Μόνος</span> <span class='ocrx_word' id='word_1_115' title='bbox 920 1786 1029 1857; x_wconf 87' lang='grc' dir='ltr'>γὰρ</span> <span class='ocrx_word' id='word_1_116' title='bbox 1057 1787 1114 1838; x_wconf 76' lang='grc' dir='ltr'>ὲν</span> <span class='ocrx_word' id='word_1_117' title='bbox 1143 1783 1220 1855; x_wconf 79' lang='grc' dir='ltr'><strong>τῷ</strong></span> <span class='ocrx_word' id='word_1_118' title='bbox 1245 1786 1436 1857; x_wconf 83' lang='grc' dir='ltr'>κόσμῳ</span> <span class='ocrx_word' id='word_1_119' title='bbox 1464 1784 1661 1848; x_wconf 86' lang='grc' dir='ltr'>κύκλος</span> <span class='ocrx_word' id='word_1_120' title='bbox 1681 1784 1798 1836; x_wconf 77' lang='grc' dir='ltr'>ἐστὶ</span> <span class='ocrx_word' id='word_1_121' title='bbox 1821 1782 1954 1836; x_wconf 85' lang='grc' dir='ltr'>θεω-</span> 
     </span>
    </p>
   </div>
   <div class='ocr_carea' id='block_1_19' title="bbox 2065 599 3630 672">
    <p class='ocr_par' dir='ltr' id='par_1_19' title="bbox 2065 599 3630 672">
     <span class='ocr_line' id='line_1_19' title="bbox 2065 599 3630 672; baseline -0.003 -13"><span class='ocrx_word' id='word_1_122' title='bbox 2065 620 2263 660; x_wconf 82' lang='lat' dir='ltr'><strong>rursus</strong></span> <span class='ocrx_word' id='word_1_123' title='bbox 2314 603 2402 658; x_wconf 79' lang='lat' dir='ltr'><strong>ad-</strong></span> <span class='ocrx_word' id='word_1_124' title='bbox 2437 604 2717 672; x_wconf 88' lang='lat' dir='ltr'><strong>oppositas</strong></span> <span class='ocrx_word' id='word_1_125' title='bbox 2782 600 2973 656; x_wconf 83' lang='lat' dir='ltr'><strong>mundi</strong></span> <span class='ocrx_word' id='word_1_126' title='bbox 3023 607 3205 670; x_wconf 88' lang='lat' dir='ltr'><strong>partes</strong></span> <span class='ocrx_word' id='word_1_127' title='bbox 3254 599 3630 666; x_wconf 71' lang='lat' dir='ltr'><strong>convertitur,</strong></span> 
     </span>
    </p>
   </div>
   <div class='ocr_carea' id='block_1_20' title="bbox 2057 691 3300 765">
    <p class='ocr_par' dir='ltr' id='par_1_20' title="bbox 2057 691 3300 765">
     <span class='ocr_line' id='line_1_20' title="bbox 2057 691 3300 765; baseline -0.006 -15"><span class='ocrx_word' id='word_1_128' title='bbox 2057 696 2289 765; x_wconf 88' lang='lat' dir='ltr'><strong>ideoque</strong></span> <span class='ocrx_word' id='word_1_129' title='bbox 2319 696 2501 750; x_wconf 91' lang='lat' dir='ltr'><strong>dictus</strong></span> <span class='ocrx_word' id='word_1_130' title='bbox 2525 701 2611 750; x_wconf 88' lang='lat' dir='ltr'><strong>est</strong></span> <span class='ocrx_word' id='word_1_131' title='bbox 2649 694 2738 749; x_wconf 84' lang='lat' dir='ltr'><strong>nic</strong></span> <span class='ocrx_word' id='word_1_132' title='bbox 2763 692 3005 748; x_wconf 86' lang='lat' dir='ltr'><strong>circulus</strong></span> <span class='ocrx_word' id='word_1_133' title='bbox 3035 691 3300 761; x_wconf 89' lang='lat' dir='ltr'><strong>tropicus.</strong></span> 
     </span>
    </p>
   </div>
   <div class='ocr_carea' id='block_1_21' title="bbox 2125 781 3630 854">
    <p class='ocr_par' dir='ltr' id='par_1_21' title="bbox 2125 781 3630 854">
     <span class='ocr_line' id='line_1_21' title="bbox 2125 781 3630 854; baseline -0.001 -14"><span class='ocrx_word' id='word_1_134' title='bbox 2125 786 2481 841; x_wconf 86' lang='lat' dir='ltr'><strong>Anlarcticus</strong></span> <span class='ocrx_word' id='word_1_135' title='bbox 2525 785 2767 840; x_wconf 84' lang='lat' dir='ltr'><strong>circulus</strong></span> <span class='ocrx_word' id='word_1_136' title='bbox 2818 794 2902 840; x_wconf 88' lang='lat' dir='ltr'><strong>est</strong></span> <span class='ocrx_word' id='word_1_137' title='bbox 2951 785 3178 854; x_wconf 62' lang='lat' dir='ltr'><strong>aqualis</strong></span> <span class='ocrx_word' id='word_1_138' title='bbox 3225 791 3280 838; x_wconf 89' lang='lat' dir='ltr'><strong>et</strong></span> <span class='ocrx_word' id='word_1_139' title='bbox 3333 781 3630 852; x_wconf 86' lang='lat' dir='ltr'><strong>parallelus</strong></span> 
     </span>
    </p>
   </div>
   <div class='ocr_carea' id='block_1_22' title="bbox 2056 875 3628 947">
    <p class='ocr_par' dir='ltr' id='par_1_22' title="bbox 2056 875 3628 947">
     <span class='ocr_line' id='line_1_22' title="bbox 2056 875 3628 947; baseline -0.001 -15"><span class='ocrx_word' id='word_1_140' title='bbox 2056 877 2264 932; x_wconf 89' lang='lat' dir='ltr'><strong>circulo</strong></span> <span class='ocrx_word' id='word_1_141' title='bbox 2297 877 2524 940; x_wconf 89' lang='lat' dir='ltr'><strong>arctico,</strong></span> <span class='ocrx_word' id='word_1_142' title='bbox 2563 885 2618 931; x_wconf 91' lang='lat' dir='ltr'><strong>et</strong></span> <span class='ocrx_word' id='word_1_143' title='bbox 2647 875 2920 946; x_wconf 83' lang='lat' dir='ltr'><strong>attingens</strong></span> <span class='ocrx_word' id='word_1_144' title='bbox 2958 875 3296 930; x_wconf 76' lang='lat' dir='ltr'><strong>horizontem</strong></span> <span class='ocrx_word' id='word_1_145' title='bbox 3323 876 3628 947; x_wconf 89' lang='lat' dir='ltr'><strong>in.puncto,</strong></span> 
     </span>
    </p>
   </div>
   <div class='ocr_carea' id='block_1_23' title="bbox 2056 967 3630 1039">
    <p class='ocr_par' dir='ltr' id='par_1_23' title="bbox 2056 967 3630 1039">
     <span class='ocr_line' id='line_1_23' title="bbox 2056 967 3630 1039; baseline 0.001 -17"><span class='ocrx_word' id='word_1_146' title='bbox 2056 976 2315 1039; x_wconf 89' lang='lat' dir='ltr'><strong>totusque</strong></span> <span class='ocrx_word' id='word_1_147' title='bbox 2355 967 2500 1022; x_wconf 82' lang='lat' dir='ltr'><strong>infra</strong></span> <span class='ocrx_word' id='word_1_148' title='bbox 2549 975 2753 1022; x_wconf 84' lang='lat' dir='ltr'><strong>terram</strong></span> <span class='ocrx_word' id='word_1_149' title='bbox 2806 967 3161 1036; x_wconf 74' lang='lat' dir='ltr'><strong>desumptus;</strong></span> <span class='ocrx_word' id='word_1_150' title='bbox 3207 968 3265 1024; x_wconf 90' lang='lat' dir='ltr'><strong>in</strong></span> <span class='ocrx_word' id='word_1_151' title='bbox 3312 983 3422 1038; x_wconf 89' lang='lat' dir='ltr'><strong>quo</strong></span> <span class='ocrx_word' id='word_1_152' title='bbox 3450 969 3630 1038; x_wconf 84' lang='lat' dir='ltr'><strong>posita</strong></span> 
     </span>
    </p>
   </div>
   <div class='ocr_carea' id='block_1_24' title="bbox 2056 1057 3154 1129">
    <p class='ocr_par' dir='ltr' id='par_1_24' title="bbox 2056 1057 3154 1129">
     <span class='ocr_line' id='line_1_24' title="bbox 2056 1057 3154 1129; baseline 0.001 -17"><span class='ocrx_word' id='word_1_153' title='bbox 2056 1065 2206 1114; x_wconf 88' lang='lat' dir='ltr'><strong>astra</strong></span> <span class='ocrx_word' id='word_1_154' title='bbox 2234 1074 2454 1129; x_wconf 86' lang='lat' dir='ltr'><strong>semper</strong></span> <span class='ocrx_word' id='word_1_155' title='bbox 2483 1057 2645 1113; x_wconf 88' lang='lat' dir='ltr'><strong>nobis</strong></span> <span class='ocrx_word' id='word_1_156' title='bbox 2679 1065 2811 1113; x_wconf 84' lang='lat' dir='ltr'><strong>sunt</strong></span> <span class='ocrx_word' id='word_1_157' title='bbox 2835 1057 3154 1113; x_wconf 82' lang='lat' dir='ltr'><strong>invisibilia.</strong></span> 
     </span>
    </p>
   </div>
   <div class='ocr_carea' id='block_1_25' title="bbox 2125 1211 3631 1283">
    <p class='ocr_par' dir='ltr' id='par_1_25' title="bbox 2125 1211 3631 1283">
     <span class='ocr_line' id='line_1_25' title="bbox 2125 1211 3631 1283; baseline 0.001 -16"><span class='ocrx_word' id='word_1_158' title='bbox 2125 1213 2274 1267; x_wconf 86' lang='lat' dir='ltr'><strong>Inter</strong></span> <span class='ocrx_word' id='word_1_159' title='bbox 2317 1211 2559 1268; x_wconf 87' lang='lat' dir='ltr'><strong>circulos</strong></span> <span class='ocrx_word' id='word_1_160' title='bbox 2609 1212 2901 1283; x_wconf 68' lang='lat' dir='ltr'><strong>praedictos</strong></span> <span class='ocrx_word' id='word_1_161' title='bbox 2934 1211 3210 1269; x_wconf 83' lang='lat' dir='ltr'><strong>maximus</strong></span> <span class='ocrx_word' id='word_1_162' title='bbox 3256 1219 3340 1269; x_wconf 89' lang='lat' dir='ltr'><strong>est</strong></span> <span class='ocrx_word' id='word_1_163' title='bbox 3384 1213 3631 1283; x_wconf 71' lang='lat' dir='ltr'><strong>aequino-</strong></span> 
     </span>
    </p>
   </div>
   <div class='ocr_carea' id='block_1_26' title="bbox 2055 1303 3630 1374">
    <p class='ocr_par' dir='ltr' id='par_1_26' title="bbox 2055 1303 3630 1374">
     <span class='ocr_line' id='line_1_26' title="bbox 2055 1303 3630 1374; baseline 0 -15"><span class='ocrx_word' id='word_1_164' title='bbox 2055 1305 2272 1371; x_wconf 85' lang='lat' dir='ltr'><strong>ctialis;</strong></span> <span class='ocrx_word' id='word_1_165' title='bbox 2311 1304 2547 1374; x_wconf 79' lang='lat' dir='ltr'><strong>proximi</strong></span> <span class='ocrx_word' id='word_1_166' title='bbox 2573 1303 2756 1374; x_wconf 81' lang='lat' dir='ltr'><strong>quoad</strong></span> <span class='ocrx_word' id='word_1_167' title='bbox 2793 1304 3196 1374; x_wconf 79' lang='lat' dir='ltr'><strong>magnitudines</strong></span> <span class='ocrx_word' id='word_1_168' title='bbox 3240 1312 3369 1360; x_wconf 91' lang='lat' dir='ltr'><strong>sunt</strong></span> <span class='ocrx_word' id='word_1_169' title='bbox 3395 1303 3630 1374; x_wconf 78' lang='lat' dir='ltr'><strong>tropici&#39;</strong></span> 
     </span>
    </p>
   </div>
   <div class='ocr_carea' id='block_1_27' title="bbox 2055 1394 3602 1466">
    <p class='ocr_par' dir='ltr' id='par_1_27' title="bbox 2055 1394 3602 1466">
     <span class='ocr_line' id='line_1_27' title="bbox 2055 1394 3602 1466; baseline -0.001 -15"><span class='ocrx_word' id='word_1_170' title='bbox 2055 1397 2268 1451; x_wconf 87' lang='lat' dir='ltr'><strong>minimi</strong></span> <span class='ocrx_word' id='word_1_171' title='bbox 2291 1411 2444 1462; x_wconf 83' lang='lat' dir='ltr'><strong>vero,</strong></span> <span class='ocrx_word' id='word_1_172' title='bbox 2473 1394 2656 1466; x_wconf 87' lang='lat' dir='ltr'><strong>quoad</strong></span> <span class='ocrx_word' id='word_1_173' title='bbox 2686 1405 2934 1451; x_wconf 90' lang='lat' dir='ltr'><strong>nostram</strong></span> <span class='ocrx_word' id='word_1_174' title='bbox 2960 1396 3378 1460; x_wconf 87' lang='lat' dir='ltr'><strong>habitationem,</strong></span> <span class='ocrx_word' id='word_1_175' title='bbox 3411 1396 3602 1450; x_wconf 88' lang='lat' dir='ltr'><strong>arctici</strong></span> 
     </span>
    </p>
   </div>
   <div class='ocr_carea' id='block_1_28' title="bbox 2125 1488 3604 1560">
    <p class='ocr_par' dir='ltr' id='par_1_28' title="bbox 2125 1488 3604 1560">
     <span class='ocr_line' id='line_1_28' title="bbox 2125 1488 3604 1560; baseline 0.001 -18"><span class='ocrx_word' id='word_1_176' title='bbox 2125 1488 2237 1545; x_wconf 83' lang='lat' dir='ltr'><strong>Hos</strong></span> <span class='ocrx_word' id='word_1_177' title='bbox 2267 1498 2448 1544; x_wconf 91' lang='lat' dir='ltr'><strong>autem</strong></span> <span class='ocrx_word' id='word_1_178' title='bbox 2483 1489 2742 1552; x_wconf 89' lang='lat' dir='ltr'><strong>circulos,</strong></span> <span class='ocrx_word' id='word_1_179' title='bbox 2771 1504 2897 1544; x_wconf 91' lang='lat' dir='ltr'><strong>cum</strong></span> <span class='ocrx_word' id='word_1_180' title='bbox 2937 1490 3048 1544; x_wconf 89' lang='lat' dir='ltr'><strong>sint</strong></span> <span class='ocrx_word' id='word_1_181' title='bbox 3082 1490 3390 1545; x_wconf 86' lang='lat' dir='ltr'><strong>latitudinis</strong></span> <span class='ocrx_word' id='word_1_182' title='bbox 3437 1506 3604 1560; x_wconf 82' lang='lat' dir='ltr'><strong>exper</strong></span> 
     </span>
    </p>
   </div>
   <div class='ocr_carea' id='block_1_29' title="bbox 2053 1581 3624 1652">
    <p class='ocr_par' dir='ltr' id='par_1_29' title="bbox 2053 1581 3624 1652">
     <span class='ocr_line' id='line_1_29' title="bbox 2053 1581 3624 1652; baseline 0.002 -19"><span class='ocrx_word' id='word_1_183' title='bbox 2053 1586 2159 1645; x_wconf 88' lang='lat' dir='ltr'><strong>tes,</strong></span> <span class='ocrx_word' id='word_1_184' title='bbox 2183 1588 2236 1634; x_wconf 92' lang='lat' dir='ltr'><strong>et</strong></span> <span class='ocrx_word' id='word_1_185' title='bbox 2264 1581 2478 1636; x_wconf 86' lang='lat' dir='ltr'><strong>ratione</strong></span> <span class='ocrx_word' id='word_1_186' title='bbox 2504 1582 2857 1652; x_wconf 88' lang='lat' dir='ltr'><strong>spectabiles,</strong></span> <span class='ocrx_word' id='word_1_187' title='bbox 2903 1590 3085 1637; x_wconf 89' lang='lat' dir='ltr'><strong>mente</strong></span> <span class='ocrx_word' id='word_1_188' title='bbox 3115 1590 3328 1652; x_wconf 86' lang='lat' dir='ltr'><strong>oportet</strong></span> <span class='ocrx_word' id='word_1_189' title='bbox 3355 1581 3624 1652; x_wconf 82' lang='lat' dir='ltr'><strong>cogitare,</strong></span> 
     </span>
    </p>
   </div>
   <div class='ocr_carea' id='block_1_30' title="bbox 2054 1671 3604 1744">
    <p class='ocr_par' dir='ltr' id='par_1_30' title="bbox 2054 1671 3604 1744">
     <span class='ocr_line' id='line_1_30' title="bbox 2054 1671 3604 1744; baseline 0.002 -20"><span class='ocrx_word' id='word_1_190' title='bbox 2054 1671 2147 1741; x_wconf 91' lang='lat' dir='ltr'><strong>qui</strong></span> <span class='ocrx_word' id='word_1_191' title='bbox 2175 1686 2238 1725; x_wconf 86' lang='lat' dir='ltr'><strong>ex</strong></span> <span class='ocrx_word' id='word_1_192' title='bbox 2270 1679 2545 1727; x_wconf 88' lang='lat' dir='ltr'><strong>astrorum</strong></span> <span class='ocrx_word' id='word_1_193' title='bbox 2572 1674 2753 1744; x_wconf 91' lang='lat' dir='ltr'><strong>positu</strong></span> <span class='ocrx_word' id='word_1_194' title='bbox 2779 1680 2833 1728; x_wconf 89' lang='lat' dir='ltr'><strong>et</strong></span> <span class='ocrx_word' id='word_1_195' title='bbox 2867 1674 3206 1744; x_wconf 88' lang='lat' dir='ltr'><strong>di0ptrorum</strong></span> <span class='ocrx_word' id='word_1_196' title='bbox 3232 1674 3604 1743; x_wconf 87' lang='lat' dir='ltr'><strong>speculatione</strong></span> 
     </span>
    </p>
   </div>
   <div class='ocr_carea' id='block_1_31' title="bbox 2054 1765 3622 1840">
    <p class='ocr_par' dir='ltr' id='par_1_31' title="bbox 2054 1765 3622 1840">
     <span class='ocr_line' id='line_1_31' title="bbox 2054 1765 3622 1840; baseline -0.003 -16"><span class='ocrx_word' id='word_1_197' title='bbox 2054 1778 2108 1824; x_wconf 92' lang='lat' dir='ltr'><strong>et</strong></span> <span class='ocrx_word' id='word_1_198' title='bbox 2135 1778 2326 1826; x_wconf 89' lang='lat' dir='ltr'><strong>nostra</strong></span> <span class='ocrx_word' id='word_1_199' title='bbox 2358 1770 2691 1840; x_wconf 77' lang='lat' dir='ltr'><strong>cogitatione</strong></span> <span class='ocrx_word' id='word_1_200' title='bbox 2735 1768 3144 1823; x_wconf 89' lang='lat' dir='ltr'><strong>describuntur.</strong></span> <span class='ocrx_word' id='word_1_201' title='bbox 3184 1765 3348 1820; x_wconf 92' lang='lat' dir='ltr'><strong>Solus</strong></span> <span class='ocrx_word' id='word_1_202' title='bbox 3391 1766 3536 1820; x_wconf 87' lang='lat' dir='ltr'><strong>enim</strong></span> <span class='ocrx_word' id='word_1_203' title='bbox 3570 1767 3622 1820; x_wconf 88' lang='lat' dir='ltr'><strong>in</strong></span> 
     </span>
    </p>
   </div>
   <div class='ocr_carea' id='block_1_32' title="bbox 377 1858 1945 1949">
    <p class='ocr_par' dir='ltr' id='par_1_32' title="bbox 377 1868 1945 1949">
     <span class='ocr_line' id='line_1_32' title="bbox 377 1868 1945 1949; baseline -0.007 -19"><span class='ocrx_word' id='word_1_204' title='bbox 377 1875 538 1949; x_wconf 84' lang='grc' dir='ltr'>ρητὸς</span> <span class='ocrx_word' id='word_1_205' title='bbox 571 1878 599 1929; x_wconf 98' lang='lat'>6</span> <span class='ocrx_word' id='word_1_206' title='bbox 633 1873 728 1928; x_wconf 80' lang='grc' dir='ltr'>τοῦ</span> <span class='ocrx_word' id='word_1_207' title='bbox 756 1873 1054 1944; x_wconf 75' lang='grc' dir='ltr'>γάλακτοςο</span> <span class='ocrx_word' id='word_1_208' title='bbox 1085 1873 1134 1926; x_wconf 94' lang='grc' dir='ltr'><strong>οἰ</strong></span> <span class='ocrx_word' id='word_1_209' title='bbox 1161 1872 1218 1926; x_wconf 81' lang='grc' dir='ltr'>δὲ</span> <span class='ocrx_word' id='word_1_210' title='bbox 1240 1871 1428 1925; x_wconf 76' lang='grc' dir='ltr'>’λοιποὶ</span> <span class='ocrx_word' id='word_1_211' title='bbox 1448 1871 1592 1942; x_wconf 86' lang='grc' dir='ltr'>λόγῳ</span> <span class='ocrx_word' id='word_1_212' title='bbox 1615 1870 1722 1923; x_wconf 76' lang='grc' dir='ltr'>εἰσί</span> <span class='ocrx_word' id='word_1_213' title='bbox 1745 1868 1945 1940; x_wconf 88' lang='grc' dir='ltr'>θεωρη-</span> 
     </span>
    </p>
   </div>
   <div class='ocr_carea' id='block_1_33' title="bbox 2047 1858 3597 1949">
    <p class='ocr_par' dir='ltr' id='par_1_33' title="bbox 2054 1859 3597 1930">
     <span class='ocr_line' id='line_1_33' title="bbox 2054 1859 3597 1930; baseline -0.002 -16"><span class='ocrx_word' id='word_1_214' title='bbox 2054 1863 2256 1917; x_wconf 90' lang='lat' dir='ltr'><strong>mundo</strong></span> <span class='ocrx_word' id='word_1_215' title='bbox 2281 1863 2516 1918; x_wconf 82' lang='lat' dir='ltr'><strong>visibilis</strong></span> <span class='ocrx_word' id='word_1_216' title='bbox 2548 1869 2634 1918; x_wconf 87' lang='lat' dir='ltr'><strong>est</strong></span> <span class='ocrx_word' id='word_1_217' title='bbox 2663 1861 2906 1915; x_wconf 89' lang='lat' dir='ltr'><strong>circulus</strong></span> <span class='ocrx_word' id='word_1_218' title='bbox 2933 1859 3021 1914; x_wconf 86' lang='lat' dir='ltr'><strong>via</strong></span> <span class='ocrx_word' id='word_1_219' title='bbox 3056 1860 3266 1928; x_wconf 86' lang='lat' dir='ltr'><strong>lactea;</strong></span> <span class='ocrx_word' id='word_1_220' title='bbox 3308 1859 3504 1930; x_wconf 89' lang='lat' dir='ltr'><strong>reliqui</strong></span> <span class='ocrx_word' id='word_1_221' title='bbox 3535 1874 3597 1912; x_wconf 90' lang='lat' dir='ltr'><strong>ra</strong></span> 
     </span>
    </p>
   </div>
   <div class='ocr_carea' id='block_1_34' title="bbox 373 1971 476 2026">
    <p class='ocr_par' dir='ltr' id='par_1_34' title="bbox 373 1971 476 2026">
     <span class='ocr_line' id='line_1_34' title="bbox 373 1971 476 2026; baseline -0.019 0"><span class='ocrx_word' id='word_1_222' title='bbox 373 1971 476 2026; x_wconf 85' lang='grc' dir='ltr'>τοί.</span> 
     </span>
    </p>
   </div>
   <div class='ocr_carea' id='block_1_35' title="bbox 445 2053 1952 2133">
    <p class='ocr_par' dir='ltr' id='par_1_35' title="bbox 445 2053 1952 2133">
     <span class='ocr_line' id='line_1_35' title="bbox 445 2053 1952 2133; baseline -0.007 -16"><span class='ocrx_word' id='word_1_223' title='bbox 445 2063 614 2116; x_wconf 80' lang='grc' dir='ltr'>Πέντε</span> <span class='ocrx_word' id='word_1_224' title='bbox 675 2062 732 2116; x_wconf 80' lang='grc' dir='ltr'>δὲ</span> <span class='ocrx_word' id='word_1_225' title='bbox 779 2061 1114 2133; x_wconf 89' lang='grc' dir='ltr'>παράλληλοι</span> <span class='ocrx_word' id='word_1_226' title='bbox 1163 2059 1322 2130; x_wconf 90' lang='grc' dir='ltr'>μόνον</span> <span class='ocrx_word' id='word_1_227' title='bbox 1371 2056 1814 2128; x_wconf 85' lang='grc' dir='ltr'>καταγράφονται</span> <span class='ocrx_word' id='word_1_228' title='bbox 1855 2053 1952 2107; x_wconf 88' lang='grc' dir='ltr'>κύ-</span> 
     </span>
    </p>
   </div>
   <div class='ocr_carea' id='block_1_36' title="bbox 375 2142 1950 2224">
    <p class='ocr_par' dir='ltr' id='par_1_36' title="bbox 375 2142 1950 2224">
     <span class='ocr_line' id='line_1_36' title="bbox 375 2142 1950 2224; baseline -0.007 -18"><span class='ocrx_word' id='word_1_229' title='bbox 375 2153 493 2206; x_wconf 89' lang='grc' dir='ltr'>κλοι</span> <span class='ocrx_word' id='word_1_230' title='bbox 525 2155 606 2215; x_wconf 84' lang='grc' dir='ltr'><strong>εἰς</strong></span> <span class='ocrx_word' id='word_1_231' title='bbox 630 2153 728 2224; x_wconf 75' lang='grc' dir='ltr'>τὴν</span> <span class='ocrx_word' id='word_1_232' title='bbox 760 2154 1015 2223; x_wconf 80' lang='grc' dir='ltr'>σφαῖραν,</span> <span class='ocrx_word' id='word_1_233' title='bbox 1044 2151 1104 2203; x_wconf 85' lang='grc' dir='ltr'>ού</span> <span class='ocrx_word' id='word_1_234' title='bbox 1134 2149 1223 2203; x_wconf 85' lang='grc' dir='ltr'>διὰ</span> <span class='ocrx_word' id='word_1_235' title='bbox 1247 2150 1309 2202; x_wconf 83' lang='grc' dir='ltr'>τὸ</span> <span class='ocrx_word' id='word_1_236' title='bbox 1339 2149 1496 2219; x_wconf 90' lang='grc' dir='ltr'>μόνον</span> <span class='ocrx_word' id='word_1_237' title='bbox 1537 2147 1757 2208; x_wconf 84' lang='grc' dir='ltr'>τούτους</span> <span class='ocrx_word' id='word_1_238' title='bbox 1789 2146 1846 2196; x_wconf 81' lang='grc' dir='ltr'>ἐν</span> <span class='ocrx_word' id='word_1_239' title='bbox 1872 2142 1950 2214; x_wconf 82' lang='grc' dir='ltr'><strong>τῷ</strong></span> 
     </span>
    </p>
   </div>
   <div class='ocr_carea' id='block_1_37' title="bbox 374 2237 1950 2317">
    <p class='ocr_par' dir='ltr' id='par_1_37' title="bbox 374 2237 1950 2317">
     <span class='ocr_line' id='line_1_37' title="bbox 374 2237 1950 2317; baseline -0.007 -17"><span class='ocrx_word' id='word_1_240' title='bbox 374 2245 565 2316; x_wconf 80' lang='grc' dir='ltr'>κόσμῳ</span> <span class='ocrx_word' id='word_1_241' title='bbox 597 2245 971 2317; x_wconf 81' lang='grc' dir='ltr'>παραλλήλους</span> <span class='ocrx_word' id='word_1_242' title='bbox 994 2241 1152 2297; x_wconf 76' lang='grc' dir='ltr'>εἰναι.</span> <span class='ocrx_word' id='word_1_243' title='bbox 1191 2243 1248 2294; x_wconf 84' lang='grc' dir='ltr'>Ὀ</span> <span class='ocrx_word' id='word_1_244' title='bbox 1267 2241 1376 2311; x_wconf 79' lang='grc' dir='ltr'>γὰρ</span> <span class='ocrx_word' id='word_1_245' title='bbox 1395 2240 1545 2311; x_wconf 67' lang='grc' dir='ltr'>ἥλιος</span> <span class='ocrx_word' id='word_1_246' title='bbox 1567 2237 1688 2292; x_wconf 84' lang='grc' dir='ltr'>καθ’</span> <span class='ocrx_word' id='word_1_247' title='bbox 1715 2237 1950 2306; x_wconf 79' lang='grc' dir='ltr'>ἑκάστην</span> 
     </span>
    </p>
   </div>
   <div class='ocr_carea' id='block_1_38' title="bbox 373 2330 1950 2410">
    <p class='ocr_par' dir='ltr' id='par_1_38' title="bbox 373 2330 1950 2410">
     <span class='ocr_line' id='line_1_38' title="bbox 373 2330 1950 2410; baseline -0.007 -18"><span class='ocrx_word' id='word_1_248' title='bbox 373 2339 584 2410; x_wconf 69' lang='grc' dir='ltr'>ἡμέραν</span> <span class='ocrx_word' id='word_1_249' title='bbox 623 2338 698 2400; x_wconf 87' lang='grc' dir='ltr'>ὠς</span> <span class='ocrx_word' id='word_1_250' title='bbox 737 2337 874 2408; x_wconf 81' lang='grc' dir='ltr'>πρὸς</span> <span class='ocrx_word' id='word_1_251' title='bbox 919 2336 1170 2407; x_wconf 80' lang='grc' dir='ltr'>αἴσθησιν</span> <span class='ocrx_word' id='word_1_252' title='bbox 1195 2333 1393 2387; x_wconf 86' lang='grc' dir='ltr'>κύκλον</span> <span class='ocrx_word' id='word_1_253' title='bbox 1421 2330 1764 2404; x_wconf 78' lang='grc' dir='ltr'>παράλληλον</span> <span class='ocrx_word' id='word_1_254' title='bbox 1793 2345 1950 2399; x_wconf 87' lang='grc' dir='ltr'>περι-</span> 
     </span>
    </p>
   </div>
   <div class='ocr_carea' id='block_1_39' title="bbox 375 2421 1948 2501">
    <p class='ocr_par' dir='ltr' id='par_1_39' title="bbox 375 2421 1948 2501">
     <span class='ocr_line' id='line_1_39' title="bbox 375 2421 1948 2501; baseline -0.006 -19"><span class='ocrx_word' id='word_1_255' title='bbox 375 2430 663 2501; x_wconf 85' lang='grc' dir='ltr'>στρέφεται</span> <span class='ocrx_word' id='word_1_256' title='bbox 708 2428 787 2499; x_wconf 82' lang='grc' dir='ltr'>τῷ</span> <span class='ocrx_word' id='word_1_257' title='bbox 836 2426 1135 2498; x_wconf 84' lang='grc' dir='ltr'><strong>ἰσημερινῷ</strong></span> <span class='ocrx_word' id='word_1_258' title='bbox 1185 2425 1327 2479; x_wconf 77' lang='grc' dir='ltr'>κατὰ</span> <span class='ocrx_word' id='word_1_259' title='bbox 1369 2425 1468 2494; x_wconf 81' lang='grc' dir='ltr'><strong>τὴν</strong></span> <span class='ocrx_word' id='word_1_260' title='bbox 1498 2423 1591 2476; x_wconf 75' lang='grc' dir='ltr'>ἐπὶ</span> <span class='ocrx_word' id='word_1_261' title='bbox 1617 2421 1711 2476; x_wconf 77' lang='grc' dir='ltr'><strong>τοῦ</strong></span> <span class='ocrx_word' id='word_1_262' title='bbox 1743 2422 1948 2491; x_wconf 85' lang='grc' dir='ltr'>κόσμου</span> 
     </span>
    </p>
   </div>
   <div class='ocr_carea' id='block_1_40' title="bbox 371 2513 1950 2592">
    <p class='ocr_par' dir='ltr' id='par_1_40' title="bbox 371 2513 1950 2592">
     <span class='ocr_line' id='line_1_40' title="bbox 371 2513 1950 2592; baseline -0.006 -18"><span class='ocrx_word' id='word_1_263' title='bbox 371 2521 668 2592; x_wconf 83' lang='grc' dir='ltr'>γενομένην</span> <span class='ocrx_word' id='word_1_264' title='bbox 696 2520 1066 2591; x_wconf 80' lang='grc' dir='ltr'>περιστροφὴν</span> <span class='ocrx_word' id='word_1_265' title='bbox 1086 2535 1098 2546; x_wconf 90' lang='grc'><strong>·</strong></span> <span class='ocrx_word' id='word_1_266' title='bbox 1136 2516 1275 2569; x_wconf 84' lang='grc' dir='ltr'>ὥστε</span> <span class='ocrx_word' id='word_1_267' title='bbox 1310 2514 1510 2585; x_wconf 82' lang='grc' dir='ltr'>μεταξὺ</span> <span class='ocrx_word' id='word_1_268' title='bbox 1539 2513 1648 2566; x_wconf 83' lang='grc' dir='ltr'>τῶν</span> <span class='ocrx_word' id='word_1_269' title='bbox 1677 2513 1950 2584; x_wconf 81' lang='grc' dir='ltr'>τροπικῶν</span> 
     </span>
    </p>
   </div>
   <div class='ocr_carea' id='block_1_41' title="bbox 373 2604 1951 2684">
    <p class='ocr_par' dir='ltr' id='par_1_41' title="bbox 373 2604 1951 2684">
     <span class='ocr_line' id='line_1_41' title="bbox 373 2604 1951 2684; baseline -0.005 -18"><span class='ocrx_word' id='word_1_270' title='bbox 373 2612 586 2667; x_wconf 88' lang='grc' dir='ltr'>κύκλων</span> <span class='ocrx_word' id='word_1_271' title='bbox 619 2610 703 2684; x_wconf 87' lang='grc' dir='ltr'>ρπ⁸</span> <span class='ocrx_word' id='word_1_272' title='bbox 734 2612 814 2674; x_wconf 80' lang='grc' dir='ltr'><strong>δὶς</strong></span> <span class='ocrx_word' id='word_1_273' title='bbox 842 2609 1076 2672; x_wconf 87' lang='grc' dir='ltr'>κύκλους</span> <span class='ocrx_word' id='word_1_274' title='bbox 1119 2606 1498 2680; x_wconf 80' lang='grc' dir='ltr'>παραλλήλους</span> <span class='ocrx_word' id='word_1_275' title='bbox 1521 2604 1828 2677; x_wconf 80' lang='grc' dir='ltr'>γράφεσθαι</span> <span class='ocrx_word' id='word_1_276' title='bbox 1847 2604 1951 2658; x_wconf 85' lang='grc' dir='ltr'>ὑπὸ</span> 
     </span>
    </p>
   </div>
   <div class='ocr_carea' id='block_1_42' title="bbox 369 2696 1950 2775">
    <p class='ocr_par' dir='ltr' id='par_1_42' title="bbox 369 2696 1950 2775">
     <span class='ocr_line' id='line_1_42' title="bbox 369 2696 1950 2775; baseline -0.005 -17"><span class='ocrx_word' id='word_1_277' title='bbox 369 2703 464 2758; x_wconf 81' lang='grc' dir='ltr'><strong>τοῦ</strong></span> <span class='ocrx_word' id='word_1_278' title='bbox 504 2703 654 2775; x_wconf 79' lang='grc' dir='ltr'>ἡλίου</span> <span class='ocrx_word' id='word_1_279' title='bbox 675 2719 689 2734; x_wconf 80' lang='grc' dir='ltr'><strong>ο</strong></span> <span class='ocrx_word' id='word_1_280' title='bbox 719 2701 977 2756; x_wconf 79' lang='grc' dir='ltr'>τοσαῦται</span> <span class='ocrx_word' id='word_1_281' title='bbox 1003 2700 1113 2774; x_wconf 86' lang='grc' dir='ltr'>γὰρ</span> <span class='ocrx_word' id='word_1_282' title='bbox 1137 2699 1343 2772; x_wconf 80' lang='grc' dir='ltr'>ἡμέραι</span> <span class='ocrx_word' id='word_1_283' title='bbox 1371 2698 1508 2752; x_wconf 65' lang='grc' dir='ltr'>εἰσιν</span> <span class='ocrx_word' id='word_1_284' title='bbox 1532 2699 1586 2752; x_wconf 88' lang='grc' dir='ltr'>αἱ</span> <span class='ocrx_word' id='word_1_285' title='bbox 1615 2696 1814 2768; x_wconf 79' lang='grc' dir='ltr'>μεταξὺ</span> <span class='ocrx_word' id='word_1_286' title='bbox 1843 2696 1950 2750; x_wconf 85' lang='grc' dir='ltr'><strong>τῶν</strong></span> 
     </span>
    </p>
   </div>
   <div class='ocr_carea' id='block_1_43' title="bbox 368 2795 606 2866">
    <p class='ocr_par' dir='ltr' id='par_1_43' title="bbox 368 2795 606 2866">
     <span class='ocr_line' id='line_1_43' title="bbox 368 2795 606 2866; baseline 0 -18"><span class='ocrx_word' id='word_1_287' title='bbox 368 2795 606 2866; x_wconf 79' lang='grc' dir='ltr'>τροπῶν.</span> 
     </span>
    </p>
   </div>
   <div class='ocr_carea' id='block_1_44' title="bbox 439 2877 1950 2958">
    <p class='ocr_par' dir='ltr' id='par_1_44' title="bbox 439 2877 1950 2958">
     <span class='ocr_line' id='line_1_44' title="bbox 439 2877 1950 2958; baseline -0.007 -18"><span class='ocrx_word' id='word_1_288' title='bbox 439 2887 699 2958; x_wconf 83' lang='grc' dir='ltr'>Φέρονται</span> <span class='ocrx_word' id='word_1_289' title='bbox 748 2885 806 2939; x_wconf 85' lang='grc' dir='ltr'><strong>δὲ</strong></span> <span class='ocrx_word' id='word_1_290' title='bbox 845 2885 942 2938; x_wconf 72' lang='grc' dir='ltr'><strong>καὶ</strong></span> <span class='ocrx_word' id='word_1_291' title='bbox 993 2885 1192 2948; x_wconf 85' lang='grc' dir='ltr'>πάντες</span> <span class='ocrx_word' id='word_1_292' title='bbox 1215 2883 1265 2936; x_wconf 87' lang='grc' dir='ltr'>οἱ</span> <span class='ocrx_word' id='word_1_293' title='bbox 1291 2881 1522 2953; x_wconf 77' lang='grc' dir='ltr'>ἀστέρες</span> <span class='ocrx_word' id='word_1_294' title='bbox 1552 2881 1645 2933; x_wconf 78' lang='grc' dir='ltr'>ἐπὶ</span> <span class='ocrx_word' id='word_1_295' title='bbox 1672 2877 1950 2951; x_wconf 87' lang='grc' dir='ltr'>παραλλή-</span> 
     </span>
    </p>
   </div>
   <div class='ocr_carea' id='block_1_45' title="bbox 342 2970 1948 3047">
    <p class='ocr_par' dir='ltr' id='par_1_45' title="bbox 342 2970 1948 3047">
     <span class='ocr_line' id='line_1_45' title="bbox 342 2970 1948 3047; baseline -0.006 -16"><span class='ocrx_word' id='word_1_296' title='bbox 342 2976 478 3047; x_wconf 35' lang='grc' dir='ltr'>,λων</span> <span class='ocrx_word' id='word_1_297' title='bbox 511 2977 726 3030; x_wconf 82' lang='grc' dir='ltr'>κύκλων</span> <span class='ocrx_word' id='word_1_298' title='bbox 764 2975 882 3029; x_wconf 83' lang='grc' dir='ltr'>καθ’</span> <span class='ocrx_word' id='word_1_299' title='bbox 915 2976 1148 3045; x_wconf 78' lang='grc' dir='ltr'>ἑκάστην</span> <span class='ocrx_word' id='word_1_300' title='bbox 1172 2973 1407 3045; x_wconf 87' lang='grc' dir='ltr'>ἡμέραν.</span> <span class='ocrx_word' id='word_1_301' title='bbox 1454 2970 1948 3041; x_wconf 82' lang='grc' dir='ltr'>Συγκαταγράφον-</span> 
     </span>
    </p>
   </div>
   <div class='ocr_carea' id='block_1_46' title="bbox 369 3060 1951 3138">
    <p class='ocr_par' dir='ltr' id='par_1_46' title="bbox 369 3060 1951 3138">
     <span class='ocr_line' id='line_1_46' title="bbox 369 3060 1951 3138; baseline -0.006 -14"><span class='ocrx_word' id='word_1_302' title='bbox 369 3088 459 3125; x_wconf 82' lang='grc' dir='ltr'><strong>ται</strong></span> <span class='ocrx_word' id='word_1_303' title='bbox 482 3071 539 3123; x_wconf 83' lang='grc' dir='ltr'>δὲ</span> <span class='ocrx_word' id='word_1_304' title='bbox 563 3064 711 3124; x_wconf 76' lang='grc' dir='ltr'>οὗτοι</span> <span class='ocrx_word' id='word_1_305' title='bbox 743 3071 942 3129; x_wconf 86' lang='grc' dir='ltr'>πάντες</span> <span class='ocrx_word' id='word_1_306' title='bbox 968 3069 1046 3130; x_wconf 86' lang='grc' dir='ltr'><strong>εἰς</strong></span> <span class='ocrx_word' id='word_1_307' title='bbox 1071 3067 1168 3138; x_wconf 87' lang='grc' dir='ltr'>τὴν</span> <span class='ocrx_word' id='word_1_308' title='bbox 1191 3069 1446 3137; x_wconf 87' lang='grc' dir='ltr'>σφαῖραν,</span> <span class='ocrx_word' id='word_1_309' title='bbox 1481 3064 1568 3117; x_wconf 79' lang='grc' dir='ltr'>διὰ</span> <span class='ocrx_word' id='word_1_310' title='bbox 1599 3064 1660 3116; x_wconf 81' lang='grc' dir='ltr'>τὸ</span> <span class='ocrx_word' id='word_1_311' title='bbox 1689 3062 1825 3133; x_wconf 81' lang='grc' dir='ltr'>πρὸς</span> <span class='ocrx_word' id='word_1_312' title='bbox 1850 3060 1951 3131; x_wconf 78' lang='grc' dir='ltr'>μὲν</span> 
     </span>
    </p>
   </div>
   <div class='ocr_carea' id='block_1_47' title="bbox 368 3151 1948 3227">
    <p class='ocr_par' dir='ltr' id='par_1_47' title="bbox 368 3151 1948 3227">
     <span class='ocr_line' id='line_1_47' title="bbox 368 3151 1948 3227; baseline -0.004 -17"><span class='ocrx_word' id='word_1_313' title='bbox 368 3157 534 3220; x_wconf 74' lang='grc' dir='ltr'>ἄλλας</span> <span class='ocrx_word' id='word_1_314' title='bbox 564 3156 942 3227; x_wconf 80' lang='grc' dir='ltr'>πραγματείας</span> <span class='ocrx_word' id='word_1_315' title='bbox 963 3155 1072 3208; x_wconf 85' lang='grc' dir='ltr'><strong>τῶν</strong></span> <span class='ocrx_word' id='word_1_316' title='bbox 1097 3158 1155 3208; x_wconf 82' lang='grc' dir='ltr'>ἐν</span> <span class='ocrx_word' id='word_1_317' title='bbox 1178 3157 1245 3226; x_wconf 80' lang='grc' dir='ltr'>τῇ</span> <span class='ocrx_word' id='word_1_318' title='bbox 1267 3152 1592 3225; x_wconf 80' lang='grc' dir='ltr'>ἀστρολογίᾳ</span> <span class='ocrx_word' id='word_1_319' title='bbox 1614 3151 1785 3205; x_wconf 83' lang='grc' dir='ltr'>πολλὰ</span> <span class='ocrx_word' id='word_1_320' title='bbox 1809 3169 1871 3204; x_wconf 88' lang='grc' dir='ltr'><strong>συ</strong></span> <span class='ocrx_word' id='word_1_321' title='bbox 1881 3170 1948 3222; x_wconf 90' lang='grc' dir='ltr'>μ-</span> 
     </span>
    </p>
   </div>
   <div class='ocr_carea' id='block_1_48' title="bbox 368 3242 1946 3316">
    <p class='ocr_par' dir='ltr' id='par_1_48' title="bbox 368 3242 1946 3316">
     <span class='ocr_line' id='line_1_48' title="bbox 368 3242 1946 3316; baseline -0.002 -18"><span class='ocrx_word' id='word_1_322' title='bbox 368 3245 659 3300; x_wconf 80' lang='grc' dir='ltr'>όάλλεσθαι</span> <span class='ocrx_word' id='word_1_323' title='bbox 678 3264 690 3276; x_wconf 94' lang='grc'><strong>·</strong></span> <span class='ocrx_word' id='word_1_324' title='bbox 722 3246 842 3299; x_wconf 84' lang='grc' dir='ltr'>οὐδὲ</span> <span class='ocrx_word' id='word_1_325' title='bbox 870 3246 977 3315; x_wconf 82' lang='grc' dir='ltr'>γὰρ</span> <span class='ocrx_word' id='word_1_326' title='bbox 1000 3243 1492 3316; x_wconf 81' lang='grc' dir='ltr'>καταστερισθῆναι</span> <span class='ocrx_word' id='word_1_327' title='bbox 1519 3242 1742 3297; x_wconf 80' lang='grc' dir='ltr'>δυνατὸν</span> <span class='ocrx_word' id='word_1_328' title='bbox 1764 3242 1946 3306; x_wconf 81' lang='grc' dir='ltr'>καλῶς</span> 
     </span>
    </p>
   </div>
   <div class='ocr_carea' id='block_1_49' title="bbox 366 3333 1944 3407">
    <p class='ocr_par' dir='ltr' id='par_1_49' title="bbox 366 3333 1944 3407">
     <span class='ocr_line' id='line_1_49' title="bbox 366 3333 1944 3407; baseline -0.001 -20"><span class='ocrx_word' id='word_1_329' title='bbox 366 3335 467 3405; x_wconf 82' lang='grc' dir='ltr'>τὴν</span> <span class='ocrx_word' id='word_1_330' title='bbox 493 3337 725 3407; x_wconf 88' lang='grc' dir='ltr'>σφαῖραν</span> <span class='ocrx_word' id='word_1_331' title='bbox 749 3336 876 3390; x_wconf 82' lang='grc' dir='ltr'>ἄνευ</span> <span class='ocrx_word' id='word_1_332' title='bbox 911 3335 1127 3389; x_wconf 86' lang='grc' dir='ltr'>πάντων</span> <span class='ocrx_word' id='word_1_333' title='bbox 1164 3336 1272 3388; x_wconf 84' lang='grc' dir='ltr'>τῶν</span> <span class='ocrx_word' id='word_1_334' title='bbox 1316 3334 1674 3406; x_wconf 87' lang='grc' dir='ltr'>παραλλήλων</span> <span class='ocrx_word' id='word_1_335' title='bbox 1708 3333 1944 3399; x_wconf 87' lang='grc' dir='ltr'>κύκλων,</span> 
     </span>
    </p>
   </div>
   <div class='ocr_carea' id='block_1_50' title="bbox 367 3425 1946 3499">
    <p class='ocr_par' dir='ltr' id='par_1_50' title="bbox 367 3425 1946 3499">
     <span class='ocr_line' id='line_1_50' title="bbox 367 3425 1946 3499; baseline 0 -20"><span class='ocrx_word' id='word_1_336' title='bbox 367 3425 489 3481; x_wconf 71' lang='grc' dir='ltr'>οὐδὲ</span> <span class='ocrx_word' id='word_1_337' title='bbox 516 3427 585 3480; x_wconf 79' lang='grc' dir='ltr'>τὰ</span> <span class='ocrx_word' id='word_1_338' title='bbox 617 3426 819 3498; x_wconf 80' lang='grc' dir='ltr'>μεγέθη</span> <span class='ocrx_word' id='word_1_339' title='bbox 848 3427 956 3480; x_wconf 84' lang='grc' dir='ltr'><strong>τῶν</strong></span> <span class='ocrx_word' id='word_1_340' title='bbox 978 3428 1187 3482; x_wconf 85' lang='grc' dir='ltr'>νυκτῶν</span> <span class='ocrx_word' id='word_1_341' title='bbox 1212 3428 1306 3482; x_wconf 77' lang='grc' dir='ltr'><strong>καὶ</strong></span> <span class='ocrx_word' id='word_1_342' title='bbox 1325 3428 1433 3481; x_wconf 85' lang='grc' dir='ltr'>τῶν</span> <span class='ocrx_word' id='word_1_343' title='bbox 1454 3427 1674 3499; x_wconf 81' lang='grc' dir='ltr'>ἡμερῶν</span> <span class='ocrx_word' id='word_1_344' title='bbox 1703 3427 1946 3499; x_wconf 79' lang='grc' dir='ltr'>ἀκριϐῶς</span> 
     </span>
    </p>
   </div>
   <div class='ocr_carea' id='block_1_51' title="bbox 366 3515 1947 3590">
    <p class='ocr_par' dir='ltr' id='par_1_51' title="bbox 366 3515 1947 3590">
     <span class='ocr_line' id='line_1_51' title="bbox 366 3515 1947 3590; baseline -0.002 -19"><span class='ocrx_word' id='word_1_345' title='bbox 366 3517 658 3590; x_wconf 74' lang='grc' dir='ltr'>εὑρεθῆναι</span> <span class='ocrx_word' id='word_1_346' title='bbox 719 3517 844 3571; x_wconf 86' lang='grc' dir='ltr'>ἄνευ</span> <span class='ocrx_word' id='word_1_347' title='bbox 900 3516 1009 3570; x_wconf 79' lang='grc' dir='ltr'>τῶν</span> <span class='ocrx_word' id='word_1_348' title='bbox 1061 3518 1475 3588; x_wconf 84' lang='grc' dir='ltr'>προειρημένων</span> <span class='ocrx_word' id='word_1_349' title='bbox 1521 3517 1766 3571; x_wconf 62' lang='grc' dir='ltr'>κύκλων</span> <span class='ocrx_word' id='word_1_350' title='bbox 1810 3515 1947 3587; x_wconf 77' lang='grc' dir='ltr'>πρὸς</span> 
     </span>
    </p>
   </div>
   <div class='ocr_carea' id='block_1_52' title="bbox 370 3607 1947 3681">
    <p class='ocr_par' dir='ltr' id='par_1_52' title="bbox 370 3607 1947 3681">
     <span class='ocr_line' id='line_1_52' title="bbox 370 3607 1947 3681; baseline 0.001 -21"><span class='ocrx_word' id='word_1_351' title='bbox 370 3607 620 3680; x_wconf 78' lang='grc' dir='ltr'>μέντοιγε</span> <span class='ocrx_word' id='word_1_352' title='bbox 663 3609 761 3680; x_wconf 81' lang='grc' dir='ltr'><strong>τὴν</strong></span> <span class='ocrx_word' id='word_1_353' title='bbox 805 3609 1031 3680; x_wconf 81' lang='grc' dir='ltr'>πρώτην</span> <span class='ocrx_word' id='word_1_354' title='bbox 1077 3611 1385 3681; x_wconf 82' lang='grc' dir='ltr'>εἰσαγωγὴν</span> <span class='ocrx_word' id='word_1_355' title='bbox 1435 3611 1534 3681; x_wconf 80' lang='grc' dir='ltr'>τῆς</span> <span class='ocrx_word' id='word_1_356' title='bbox 1589 3609 1947 3681; x_wconf 81' lang='grc' dir='ltr'>ἀστρολογίας</span> 
     </span>
    </p>
   </div>
   <div class='ocr_carea' id='block_1_53' title="bbox 366 3700 1946 3774">
    <p class='ocr_par' dir='ltr' id='par_1_53' title="bbox 366 3700 1946 3774">
     <span class='ocr_line' id='line_1_53' title="bbox 366 3700 1946 3774; baseline -0.001 -20"><span class='ocrx_word' id='word_1_357' title='bbox 366 3701 516 3755; x_wconf 77' lang='grc' dir='ltr'>οὐδὲν</span> <span class='ocrx_word' id='word_1_358' title='bbox 547 3700 896 3774; x_wconf 80' lang='grc' dir='ltr'>ἀποτέλεσμα</span> <span class='ocrx_word' id='word_1_359' title='bbox 929 3702 1381 3773; x_wconf 84' lang='grc' dir='ltr'>προσφερόμενοι,</span> <span class='ocrx_word' id='word_1_360' title='bbox 1412 3702 1473 3754; x_wconf 80' lang='grc' dir='ltr'>ού</span> <span class='ocrx_word' id='word_1_361' title='bbox 1500 3702 1946 3773; x_wconf 85' lang='grc' dir='ltr'>καταγράφονται</span> 
     </span>
    </p>
   </div>
   <div class='ocr_carea' id='block_1_54' title="bbox 368 3793 1948 3866">
    <p class='ocr_par' dir='ltr' id='par_1_54' title="bbox 368 3793 1948 3866">
     <span class='ocr_line' id='line_1_54' title="bbox 368 3793 1948 3866; baseline 0.001 -21"><span class='ocrx_word' id='word_1_362' title='bbox 368 3793 428 3846; x_wconf 82' lang='grc' dir='ltr'><strong>ὲν</strong></span> <span class='ocrx_word' id='word_1_363' title='bbox 452 3795 516 3863; x_wconf 80' lang='grc' dir='ltr'>τῇ</span> <span class='ocrx_word' id='word_1_364' title='bbox 551 3794 773 3865; x_wconf 82' lang='grc' dir='ltr'>σφαίρᾳ.</span> <span class='ocrx_word' id='word_1_365' title='bbox 804 3794 866 3848; x_wconf 88' lang='grc' dir='ltr'>Οί</span> <span class='ocrx_word' id='word_1_366' title='bbox 891 3794 949 3847; x_wconf 82' lang='grc' dir='ltr'>δὲ</span> <span class='ocrx_word' id='word_1_367' title='bbox 981 3794 1143 3846; x_wconf 86' lang='grc' dir='ltr'>πέντε</span> <span class='ocrx_word' id='word_1_368' title='bbox 1173 3793 1506 3866; x_wconf 86' lang='grc' dir='ltr'>παράλληλοι</span> <span class='ocrx_word' id='word_1_369' title='bbox 1534 3793 1746 3859; x_wconf 87' lang='grc' dir='ltr'>κύκλοι,</span> <span class='ocrx_word' id='word_1_370' title='bbox 1772 3793 1860 3847; x_wconf 83' lang='grc' dir='ltr'>διὰ</span> <span class='ocrx_word' id='word_1_371' title='bbox 1885 3794 1948 3847; x_wconf 84' lang='grc' dir='ltr'>τὸ</span> 
     </span>
    </p>
   </div>
   <div class='ocr_carea' id='block_1_55' title="bbox 365 3885 1947 3959">
    <p class='ocr_par' dir='ltr' id='par_1_55' title="bbox 365 3885 1947 3959">
     <span class='ocr_line' id='line_1_55' title="bbox 365 3885 1947 3959; baseline 0.001 -21"><span class='ocrx_word' id='word_1_372' title='bbox 365 3885 784 3956; x_wconf 82' lang='grc' dir='ltr'>ἀποτελέσματά</span> <span class='ocrx_word' id='word_1_373' title='bbox 804 3903 926 3939; x_wconf 89' lang='grc' dir='ltr'>τινα</span> <span class='ocrx_word' id='word_1_374' title='bbox 955 3886 1361 3957; x_wconf 85' lang='grc' dir='ltr'>προσφέρεσθαι</span> <span class='ocrx_word' id='word_1_375' title='bbox 1381 3887 1712 3959; x_wconf 86' lang='grc' dir='ltr'>διωρισμένα</span> <span class='ocrx_word' id='word_1_376' title='bbox 1741 3888 1820 3950; x_wconf 87' lang='grc' dir='ltr'>εἰς</span> <span class='ocrx_word' id='word_1_377' title='bbox 1846 3887 1947 3957; x_wconf 82' lang='grc' dir='ltr'>τὴν</span> 
     </span>
    </p>
   </div>
   <div class='ocr_carea' id='block_1_56' title="bbox 369 3976 1948 4050">
    <p class='ocr_par' dir='ltr' id='par_1_56' title="bbox 369 3976 1948 4050">
     <span class='ocr_line' id='line_1_56' title="bbox 369 3976 1948 4050; baseline 0 -20"><span class='ocrx_word' id='word_1_378' title='bbox 369 3976 592 4048; x_wconf 82' lang='grc' dir='ltr'>πρώτην</span> <span class='ocrx_word' id='word_1_379' title='bbox 607 3977 911 4048; x_wconf 81' lang='grc' dir='ltr'>εἰσαγωγὴν</span> <span class='ocrx_word' id='word_1_380' title='bbox 925 3978 1022 4048; x_wconf 79' lang='grc' dir='ltr'>τῆς</span> <span class='ocrx_word' id='word_1_381' title='bbox 1038 3978 1413 4050; x_wconf 82' lang='grc' dir='ltr'>ἀστρολογίας,</span> <span class='ocrx_word' id='word_1_382' title='bbox 1428 3978 1851 4049; x_wconf 82' lang='grc' dir='ltr'>κατεγράφησαν</span> <span class='ocrx_word' id='word_1_383' title='bbox 1867 3978 1948 4041; x_wconf 91' lang='grc' dir='ltr'>εἰς</span> 
     </span>
    </p>
   </div>
   <div class='ocr_carea' id='block_1_57' title="bbox 367 4067 1947 4141">
    <p class='ocr_par' dir='ltr' id='par_1_57' title="bbox 367 4067 1947 4141">
     <span class='ocr_line' id='line_1_57' title="bbox 367 4067 1947 4141; baseline 0.001 -20"><span class='ocrx_word' id='word_1_384' title='bbox 367 4067 466 4140; x_wconf 83' lang='grc' dir='ltr'><strong>τὴν</strong></span> <span class='ocrx_word' id='word_1_385' title='bbox 498 4073 751 4140; x_wconf 87' lang='grc' dir='ltr'>σφαῖραν.</span> <span class='ocrx_word' id='word_1_386' title='bbox 769 4070 826 4122; x_wconf 85' lang='grc' dir='ltr'>Ὀ</span> <span class='ocrx_word' id='word_1_387' title='bbox 857 4070 952 4140; x_wconf 81' lang='grc' dir='ltr'><strong>μὲν</strong></span> <span class='ocrx_word' id='word_1_388' title='bbox 978 4069 1085 4140; x_wconf 81' lang='grc' dir='ltr'><strong>γὰρ</strong></span> <span class='ocrx_word' id='word_1_389' title='bbox 1103 4071 1360 4141; x_wconf 85' lang='grc' dir='ltr'>ἀρκτικὸς</span> <span class='ocrx_word' id='word_1_390' title='bbox 1388 4069 1584 4133; x_wconf 88' lang='grc' dir='ltr'>κύκλος</span> <span class='ocrx_word' id='word_1_391' title='bbox 1603 4068 1852 4140; x_wconf 78' lang='grc' dir='ltr'>ἀφορίζει</span> <span class='ocrx_word' id='word_1_392' title='bbox 1876 4069 1947 4122; x_wconf 83' lang='grc' dir='ltr'>τὰ</span> 
     </span>
    </p>
   </div>
   <div class='ocr_carea' id='block_1_58' title="bbox 367 4159 1945 4232">
    <p class='ocr_par' dir='ltr' id='par_1_58' title="bbox 367 4159 1945 4232">
     <span class='ocr_line' id='line_1_58' title="bbox 367 4159 1945 4232; baseline 0 -19"><span class='ocrx_word' id='word_1_393' title='bbox 367 4161 456 4213; x_wconf 75' lang='grc' dir='ltr'>ἀεὶ</span> <span class='ocrx_word' id='word_1_394' title='bbox 489 4160 836 4232; x_wconf 83' lang='grc' dir='ltr'>θεωρούμενα</span> <span class='ocrx_word' id='word_1_395' title='bbox 882 4161 990 4214; x_wconf 83' lang='grc' dir='ltr'><strong>τῶν</strong></span> <span class='ocrx_word' id='word_1_396' title='bbox 1027 4160 1241 4231; x_wconf 83' lang='grc' dir='ltr'>ἄστρων</span> <span class='ocrx_word' id='word_1_397' title='bbox 1262 4177 1274 4190; x_wconf 92' lang='grc'><strong>·</strong></span> <span class='ocrx_word' id='word_1_398' title='bbox 1308 4162 1337 4214; x_wconf 90' lang='grc' dir='ltr'>ὁ</span> <span class='ocrx_word' id='word_1_399' title='bbox 1363 4160 1419 4212; x_wconf 84' lang='grc' dir='ltr'>δὲ</span> <span class='ocrx_word' id='word_1_400' title='bbox 1447 4159 1655 4231; x_wconf 86' lang='grc' dir='ltr'>θερινὸς</span> <span class='ocrx_word' id='word_1_401' title='bbox 1686 4160 1945 4230; x_wconf 69' lang='grc' dir='ltr'>τροπικός</span> 
     </span>
    </p>
   </div>
   <div class='ocr_carea' id='block_1_59' title="bbox 369 4247 1944 4320">
    <p class='ocr_par' dir='ltr' id='par_1_59' title="bbox 369 4247 1944 4320">
     <span class='ocr_line' id='line_1_59' title="bbox 369 4247 1944 4320; baseline -0.001 -18"><span class='ocrx_word' id='word_1_402' title='bbox 369 4249 565 4312; x_wconf 89' lang='grc' dir='ltr'>κύκλος</span> <span class='ocrx_word' id='word_1_403' title='bbox 596 4249 693 4319; x_wconf 85' lang='grc' dir='ltr'>τὴν</span> <span class='ocrx_word' id='word_1_404' title='bbox 720 4249 927 4320; x_wconf 72' lang='grc' dir='ltr'>τροπὴν</span> <span class='ocrx_word' id='word_1_405' title='bbox 955 4248 1216 4319; x_wconf 86' lang='grc' dir='ltr'>περιέχει,</span> <span class='ocrx_word' id='word_1_406' title='bbox 1241 4249 1334 4302; x_wconf 77' lang='grc' dir='ltr'><strong>καὶ</strong></span> <span class='ocrx_word' id='word_1_407' title='bbox 1382 4248 1552 4319; x_wconf 85' lang='grc' dir='ltr'>πέρας</span> <span class='ocrx_word' id='word_1_408' title='bbox 1585 4248 1701 4301; x_wconf 75' lang='grc' dir='ltr'>ἐστὶ</span> <span class='ocrx_word' id='word_1_409' title='bbox 1729 4250 1825 4320; x_wconf 84' lang='grc' dir='ltr'><strong>τῆς</strong></span> <span class='ocrx_word' id='word_1_410' title='bbox 1851 4247 1944 4301; x_wconf 78' lang='grc' dir='ltr'>τοῦ</span> 
     </span>
    </p>
   </div>
   <div class='ocr_carea' id='block_1_60' title="bbox 366 4338 1945 4412">
    <p class='ocr_par' dir='ltr' id='par_1_60' title="bbox 366 4338 1945 4412">
     <span class='ocr_line' id='line_1_60' title="bbox 366 4338 1945 4412; baseline -0.002 -19"><span class='ocrx_word' id='word_1_411' title='bbox 366 4340 518 4412; x_wconf 79' lang='grc' dir='ltr'>ἡλίου</span> <span class='ocrx_word' id='word_1_412' title='bbox 555 4339 688 4411; x_wconf 82' lang='grc' dir='ltr'>πρὸς</span> <span class='ocrx_word' id='word_1_413' title='bbox 726 4340 924 4411; x_wconf 84' lang='grc' dir='ltr'>ἄρκτον</span> <span class='ocrx_word' id='word_1_414' title='bbox 955 4341 1303 4410; x_wconf 79' lang='grc' dir='ltr'>μεταόάσεως</span> <span class='ocrx_word' id='word_1_415' title='bbox 1324 4356 1335 4368; x_wconf 93' lang='grc'><strong>·</strong></span> <span class='ocrx_word' id='word_1_416' title='bbox 1368 4339 1397 4391; x_wconf 90' lang='lat'>6</span> <span class='ocrx_word' id='word_1_417' title='bbox 1422 4339 1477 4392; x_wconf 84' lang='grc' dir='ltr'>δὲ</span> <span class='ocrx_word' id='word_1_418' title='bbox 1508 4338 1819 4410; x_wconf 72' lang='grc' dir='ltr'>ἰσημερινός</span> <span class='ocrx_word' id='word_1_419' title='bbox 1847 4338 1945 4392; x_wconf 87' lang='grc' dir='ltr'>κύ-</span> 
     </span>
    </p>
   </div>
   <div class='ocr_carea' id='block_1_61' title="bbox 368 4428 1944 4500">
    <p class='ocr_par' dir='ltr' id='par_1_61' title="bbox 368 4428 1944 4500">
     <span class='ocr_line' id='line_1_61' title="bbox 368 4428 1944 4500; baseline -0.002 -16"><span class='ocrx_word' id='word_1_420' title='bbox 368 4429 494 4493; x_wconf 72' lang='grc' dir='ltr'>κλος</span> <span class='ocrx_word' id='word_1_421' title='bbox 521 4428 620 4492; x_wconf 87' lang='grc' dir='ltr'><strong>τάς</strong></span> <span class='ocrx_word' id='word_1_422' title='bbox 653 4429 941 4500; x_wconf 72' lang='grc' dir='ltr'>ἰσημερίας</span> <span class='ocrx_word' id='word_1_423' title='bbox 969 4429 1242 4500; x_wconf 83' lang='grc' dir='ltr'>περιέχει·</span> <span class='ocrx_word' id='word_1_424' title='bbox 1278 4430 1306 4480; x_wconf 93' lang='lat'>6</span> <span class='ocrx_word' id='word_1_425' title='bbox 1333 4428 1389 4480; x_wconf 86' lang='grc' dir='ltr'>δὲ</span> <span class='ocrx_word' id='word_1_426' title='bbox 1425 4429 1732 4500; x_wconf 84' lang='grc' dir='ltr'>χειμερινὸς</span> <span class='ocrx_word' id='word_1_427' title='bbox 1763 4445 1944 4500; x_wconf 86' lang='grc' dir='ltr'>τροπι-</span> 
     </span>
    </p>
   </div>
   <div class='ocr_carea' id='block_1_62' title="bbox 2052 1953 3584 2025">
    <p class='ocr_par' dir='ltr' id='par_1_62' title="bbox 2052 1953 3584 2025">
     <span class='ocr_line' id='line_1_62' title="bbox 2052 1953 3584 2025; baseline 0.003 -19"><span class='ocrx_word' id='word_1_428' title='bbox 2052 1953 2200 2008; x_wconf 86' lang='lat' dir='ltr'><strong>tione</strong></span> <span class='ocrx_word' id='word_1_429' title='bbox 2224 1961 2350 2008; x_wconf 89' lang='lat' dir='ltr'><strong>sunt</strong></span> <span class='ocrx_word' id='word_1_430' title='bbox 2376 1955 2726 2024; x_wconf 86' lang='lat' dir='ltr'><strong>spectabiles.</strong></span> <span class='ocrx_word' id='word_1_431' title='bbox 3581 2021 3584 2025; x_wconf 91' lang='lat'><strong>_</strong></span> 
     </span>
    </p>
   </div>
   <div class='ocr_carea' id='block_1_63' title="bbox 2120 2042 3625 2113">
    <p class='ocr_par' dir='ltr' id='par_1_63' title="bbox 2120 2042 3625 2113">
     <span class='ocr_line' id='line_1_63' title="bbox 2120 2042 3625 2113; baseline -0.001 -15"><span class='ocrx_word' id='word_1_432' title='bbox 2120 2043 2329 2098; x_wconf 86' lang='lat' dir='ltr'><strong>Circuli</strong></span> <span class='ocrx_word' id='word_1_433' title='bbox 2367 2059 2498 2099; x_wconf 89' lang='lat' dir='ltr'><strong>vero</strong></span> <span class='ocrx_word' id='word_1_434' title='bbox 2523 2043 2770 2113; x_wconf 88' lang='lat' dir='ltr'><strong>paralleli</strong></span> <span class='ocrx_word' id='word_1_435' title='bbox 2802 2051 3017 2098; x_wconf 90' lang='lat' dir='ltr'><strong>tantum</strong></span> <span class='ocrx_word' id='word_1_436' title='bbox 3049 2043 3290 2112; x_wconf 57' lang='lat' dir='ltr'><strong>quinq’is.</strong></span> <span class='ocrx_word' id='word_1_437' title='bbox 3323 2042 3380 2098; x_wconf 90' lang='lat' dir='ltr'><strong>in</strong></span> <span class='ocrx_word' id='word_1_438' title='bbox 3413 2043 3625 2112; x_wconf 65' lang='lat' dir='ltr'><strong>sphaera</strong></span> 
     </span>
    </p>
   </div>
   <div class='ocr_carea' id='block_1_64' title="bbox 2052 2135 3624 2208">
    <p class='ocr_par' dir='ltr' id='par_1_64' title="bbox 2052 2135 3624 2208">
     <span class='ocr_line' id='line_1_64' title="bbox 2052 2135 3624 2208; baseline 0.001 -17"><span class='ocrx_word' id='word_1_439' title='bbox 2052 2135 2480 2203; x_wconf 89' lang='lat' dir='ltr'><strong>describuntur,</strong></span> <span class='ocrx_word' id='word_1_440' title='bbox 2532 2137 2679 2207; x_wconf 91' lang='lat' dir='ltr'><strong>quod</strong></span> <span class='ocrx_word' id='word_1_441' title='bbox 2732 2153 2842 2192; x_wconf 89' lang='lat' dir='ltr'><strong>non</strong></span> <span class='ocrx_word' id='word_1_442' title='bbox 2893 2146 3182 2208; x_wconf 80' lang='lat' dir='ltr'><strong>propterea</strong></span> <span class='ocrx_word' id='word_1_443' title='bbox 3235 2135 3291 2192; x_wconf 85' lang='lat' dir='ltr'><strong>ﬁt</strong></span> <span class='ocrx_word' id='word_1_444' title='bbox 3353 2139 3511 2207; x_wconf 90' lang='lat' dir='ltr'><strong>quasi</strong></span> <span class='ocrx_word' id='word_1_445' title='bbox 3569 2138 3624 2193; x_wconf 90' lang='lat' dir='ltr'><strong>in</strong></span> 
     </span>
    </p>
   </div>
   <div class='ocr_carea' id='block_1_65' title="bbox 2050 2229 3628 2301">
    <p class='ocr_par' dir='ltr' id='par_1_65' title="bbox 2050 2229 3628 2301">
     <span class='ocr_line' id='line_1_65' title="bbox 2050 2229 3628 2301; baseline 0.001 -19"><span class='ocrx_word' id='word_1_446' title='bbox 2050 2229 2256 2282; x_wconf 91' lang='lat' dir='ltr'><strong>mundo</strong></span> <span class='ocrx_word' id='word_1_447' title='bbox 2284 2236 2497 2283; x_wconf 88' lang='lat' dir='ltr'><strong>tantum</strong></span> <span class='ocrx_word' id='word_1_448' title='bbox 2539 2229 2593 2282; x_wconf 90' lang='lat' dir='ltr'><strong>bi</strong></span> <span class='ocrx_word' id='word_1_449' title='bbox 2624 2237 2811 2284; x_wconf 88' lang='lat' dir='ltr'><strong>essent</strong></span> <span class='ocrx_word' id='word_1_450' title='bbox 2854 2231 3124 2300; x_wconf 84' lang='lat' dir='ltr'><strong>paralleli.</strong></span> <span class='ocrx_word' id='word_1_451' title='bbox 3164 2229 3299 2284; x_wconf 85' lang='lat' dir='ltr'><strong>Nam</strong></span> <span class='ocrx_word' id='word_1_452' title='bbox 3333 2232 3412 2286; x_wconf 89' lang='lat' dir='ltr'><strong>sol</strong></span> <span class='ocrx_word' id='word_1_453' title='bbox 3450 2232 3628 2301; x_wconf 83' lang='lat' dir='ltr'><strong>quoti-</strong></span> 
     </span>
    </p>
   </div>
   <div class='ocr_carea' id='block_1_66' title="bbox 2051 2321 3624 2396">
    <p class='ocr_par' dir='ltr' id='par_1_66' title="bbox 2051 2321 3624 2396">
     <span class='ocr_line' id='line_1_66' title="bbox 2051 2321 3624 2396; baseline 0.004 -22"><span class='ocrx_word' id='word_1_454' title='bbox 2051 2321 2160 2383; x_wconf 89' lang='lat' dir='ltr'><strong>die,</strong></span> <span class='ocrx_word' id='word_1_455' title='bbox 2194 2324 2374 2392; x_wconf 86' lang='lat' dir='ltr'><strong>quoad</strong></span> <span class='ocrx_word' id='word_1_456' title='bbox 2420 2339 2668 2385; x_wconf 89' lang='lat' dir='ltr'><strong>sensum,</strong></span> <span class='ocrx_word' id='word_1_457' title='bbox 2701 2323 2967 2378; x_wconf 88' lang='lat' dir='ltr'><strong>describit</strong></span> <span class='ocrx_word' id='word_1_458' title='bbox 3003 2324 3271 2379; x_wconf 88' lang='lat' dir='ltr'><strong>circulum</strong></span> <span class='ocrx_word' id='word_1_459' title='bbox 3301 2327 3624 2396; x_wconf 80' lang='lat' dir='ltr'><strong>parallelum</strong></span> 
     </span>
    </p>
   </div>
   <div class='ocr_carea' id='block_1_67' title="bbox 2050 2413 3624 2483">
    <p class='ocr_par' dir='ltr' id='par_1_67' title="bbox 2050 2413 3624 2483">
     <span class='ocr_line' id='line_1_67' title="bbox 2050 2413 3624 2483; baseline 0.003 -17"><span class='ocrx_word' id='word_1_460' title='bbox 2050 2413 2421 2483; x_wconf 73' lang='lat' dir='ltr'><strong>aequinoctiali</strong></span> <span class='ocrx_word' id='word_1_461' title='bbox 2471 2414 2774 2469; x_wconf 87' lang='lat' dir='ltr'><strong>secundum</strong></span> <span class='ocrx_word' id='word_1_462' title='bbox 2822 2415 3013 2470; x_wconf 90' lang='lat' dir='ltr'><strong>mundi</strong></span> <span class='ocrx_word' id='word_1_463' title='bbox 3049 2415 3483 2471; x_wconf 89' lang='lat' dir='ltr'><strong>revolutionem:</strong></span> <span class='ocrx_word' id='word_1_464' title='bbox 3517 2418 3624 2471; x_wconf 83' lang='lat' dir='ltr'><strong>ita-</strong></span> 
     </span>
    </p>
   </div>
   <div class='ocr_carea' id='block_1_68' title="bbox 2050 2505 3628 2576">
    <p class='ocr_par' dir='ltr' id='par_1_68' title="bbox 2050 2505 3628 2576">
     <span class='ocr_line' id='line_1_68' title="bbox 2050 2505 3628 2576; baseline 0.004 -18"><span class='ocrx_word' id='word_1_465' title='bbox 2050 2521 2156 2574; x_wconf 89' lang='lat' dir='ltr'><strong>que</strong></span> <span class='ocrx_word' id='word_1_466' title='bbox 2185 2505 2328 2559; x_wconf 91' lang='lat' dir='ltr'><strong>inter</strong></span> <span class='ocrx_word' id='word_1_467' title='bbox 2359 2506 2600 2575; x_wconf 88' lang='lat' dir='ltr'><strong>tropicos</strong></span> <span class='ocrx_word' id='word_1_468' title='bbox 2639 2507 2878 2561; x_wconf 87' lang='lat' dir='ltr'><strong>circulos</strong></span> <span class='ocrx_word' id='word_1_469' title='bbox 2903 2509 3148 2576; x_wconf 81' lang='lat' dir='ltr'><strong>paralleli</strong></span> <span class='ocrx_word' id='word_1_470' title='bbox 3178 2510 3370 2564; x_wconf 89' lang='lat' dir='ltr'><strong>circuli</strong></span> <span class='ocrx_word' id='word_1_471' title='bbox 3413 2510 3496 2564; x_wconf 90' lang='lat' dir='ltr'><strong>bis</strong></span> <span class='ocrx_word' id='word_1_472' title='bbox 3523 2510 3628 2564; x_wconf 72' lang='lat'><strong>180</strong></span> 
     </span>
    </p>
   </div>
   <div class='ocr_carea' id='block_1_69' title="bbox 2051 2583 3624 2667">
    <p class='ocr_par' dir='ltr' id='par_1_69' title="bbox 2051 2583 3624 2667">
     <span class='ocr_line' id='line_1_69' title="bbox 2051 2583 3624 2667; baseline 0.003 -17"><span class='ocrx_word' id='word_1_473' title='bbox 2051 2611 2082 2650; x_wconf 93' lang='lat' dir='ltr'><strong>a</strong></span> <span class='ocrx_word' id='word_1_474' title='bbox 2112 2597 2227 2652; x_wconf 86' lang='lat' dir='ltr'><strong>sole</strong></span> <span class='ocrx_word' id='word_1_475' title='bbox 2257 2583 2677 2667; x_wconf 64' lang='lat' dir='ltr'><strong>describuntur;</strong></span> <span class='ocrx_word' id='word_1_476' title='bbox 2707 2606 2789 2653; x_wconf 88' lang='lat' dir='ltr'><strong>tot</strong></span> <span class='ocrx_word' id='word_1_477' title='bbox 2827 2601 2974 2654; x_wconf 91' lang='lat' dir='ltr'><strong>enim</strong></span> <span class='ocrx_word' id='word_1_478' title='bbox 3001 2599 3122 2655; x_wconf 88' lang='lat' dir='ltr'><strong>dies</strong></span> <span class='ocrx_word' id='word_1_479' title='bbox 3156 2607 3285 2655; x_wconf 89' lang='lat' dir='ltr'><strong>sunt</strong></span> <span class='ocrx_word' id='word_1_480' title='bbox 3323 2601 3466 2656; x_wconf 91' lang='lat' dir='ltr'><strong>inter</strong></span> <span class='ocrx_word' id='word_1_481' title='bbox 3486 2616 3624 2654; x_wconf 86' lang='lat' dir='ltr'><strong>con-</strong></span> 
     </span>
    </p>
   </div>
   <div class='ocr_carea' id='block_1_70' title="bbox 2049 2703 2355 2744">
    <p class='ocr_par' dir='ltr' id='par_1_70' title="bbox 2049 2703 2355 2744">
     <span class='ocr_line' id='line_1_70' title="bbox 2049 2703 2355 2744; baseline 0.007 -2"><span class='ocrx_word' id='word_1_482' title='bbox 2049 2703 2355 2744; x_wconf 72' lang='lat' dir='ltr'><strong>VCI‘SIODCS.</strong></span> 
     </span>
    </p>
   </div>
   <div class='ocr_carea' id='block_1_71' title="bbox 2117 2865 3625 2938">
    <p class='ocr_par' dir='ltr' id='par_1_71' title="bbox 2117 2865 3625 2938">
     <span class='ocr_line' id='line_1_71' title="bbox 2117 2865 3625 2938; baseline 0.003 -18"><span class='ocrx_word' id='word_1_483' title='bbox 2117 2865 2395 2924; x_wconf 91' lang='lat' dir='ltr'><strong>Feruntur</strong></span> <span class='ocrx_word' id='word_1_484' title='bbox 2420 2868 2584 2923; x_wconf 90' lang='lat' dir='ltr'><strong>etiam</strong></span> <span class='ocrx_word' id='word_1_485' title='bbox 2623 2883 2815 2924; x_wconf 89' lang='lat' dir='ltr'><strong>omnes</strong></span> <span class='ocrx_word' id='word_1_486' title='bbox 2842 2869 3011 2924; x_wconf 75' lang='lat' dir='ltr'><strong>stella:</strong></span> <span class='ocrx_word' id='word_1_487' title='bbox 3045 2868 3100 2923; x_wconf 91' lang='lat' dir='ltr'><strong>in</strong></span> <span class='ocrx_word' id='word_1_488' title='bbox 3132 2868 3356 2924; x_wconf 89' lang='lat' dir='ltr'><strong>circulis</strong></span> <span class='ocrx_word' id='word_1_489' title='bbox 3389 2868 3625 2938; x_wconf 85' lang='lat' dir='ltr'><strong>paralle-</strong></span> 
     </span>
    </p>
   </div>
   <div class='ocr_carea' id='block_1_72' title="bbox 2048 2957 3625 3032">
    <p class='ocr_par' dir='ltr' id='par_1_72' title="bbox 2048 2957 3625 3032">
     <span class='ocr_line' id='line_1_72' title="bbox 2048 2957 3625 3032; baseline 0.002 -20"><span class='ocrx_word' id='word_1_490' title='bbox 2048 2957 2118 3014; x_wconf 86' lang='lat' dir='ltr'><strong>lis</strong></span> <span class='ocrx_word' id='word_1_491' title='bbox 2151 2959 2412 3029; x_wconf 90' lang='lat' dir='ltr'><strong>quotidie.</strong></span> <span class='ocrx_word' id='word_1_492' title='bbox 2446 2959 2833 3015; x_wconf 82' lang='lat' dir='ltr'><strong>Verumtamen</strong></span> <span class='ocrx_word' id='word_1_493' title='bbox 2869 2976 2977 3015; x_wconf 88' lang='lat' dir='ltr'><strong>non</strong></span> <span class='ocrx_word' id='word_1_494' title='bbox 3010 2976 3199 3016; x_wconf 89' lang='lat' dir='ltr'><strong>omnes</strong></span> <span class='ocrx_word' id='word_1_495' title='bbox 3229 2962 3419 3015; x_wconf 88' lang='lat' dir='ltr'><strong>circuli</strong></span> <span class='ocrx_word' id='word_1_496' title='bbox 3444 2965 3625 3032; x_wconf 80' lang='lat' dir='ltr'><strong>paral-</strong></span> 
     </span>
    </p>
   </div>
   <div class='ocr_carea' id='block_1_73' title="bbox 2048 3050 3622 3123">
    <p class='ocr_par' dir='ltr' id='par_1_73' title="bbox 2048 3050 3622 3123">
     <span class='ocr_line' id='line_1_73' title="bbox 2048 3050 3622 3123; baseline 0.002 -18"><span class='ocrx_word' id='word_1_497' title='bbox 2048 3050 2139 3106; x_wconf 89' lang='lat' dir='ltr'><strong>ieli</strong></span> <span class='ocrx_word' id='word_1_498' title='bbox 2161 3051 2217 3105; x_wconf 92' lang='lat' dir='ltr'><strong>in</strong></span> <span class='ocrx_word' id='word_1_499' title='bbox 2257 3051 2468 3121; x_wconf 68' lang='lat' dir='ltr'><strong>sphaera</strong></span> <span class='ocrx_word' id='word_1_500' title='bbox 2498 3051 2908 3118; x_wconf 89' lang='lat' dir='ltr'><strong>describuntur,</strong></span> <span class='ocrx_word' id='word_1_501' title='bbox 2933 3051 3097 3122; x_wconf 90' lang='lat' dir='ltr'><strong>idque</strong></span> <span class='ocrx_word' id='word_1_502' title='bbox 3132 3062 3436 3122; x_wconf 86' lang='lat' dir='ltr'><strong>propterea,</strong></span> <span class='ocrx_word' id='word_1_503' title='bbox 3475 3054 3622 3123; x_wconf 89' lang='lat' dir='ltr'><strong>quod</strong></span> 
     </span>
    </p>
   </div>
   <div class='ocr_carea' id='block_1_74' title="bbox 2048 3141 3624 3212">
    <p class='ocr_par' dir='ltr' id='par_1_74' title="bbox 2048 3141 3624 3212">
     <span class='ocr_line' id='line_1_74' title="bbox 2048 3141 3624 3212; baseline 0.003 -18"><span class='ocrx_word' id='word_1_504' title='bbox 2048 3141 2116 3195; x_wconf 88' lang='lat' dir='ltr'><strong>ad</strong></span> <span class='ocrx_word' id='word_1_505' title='bbox 2163 3142 2300 3197; x_wconf 89' lang='lat' dir='ltr'><strong>alios</strong></span> <span class='ocrx_word' id='word_1_506' title='bbox 2351 3142 2569 3212; x_wconf 86' lang='lat' dir='ltr'><strong>quidem</strong></span> <span class='ocrx_word' id='word_1_507' title='bbox 2616 3152 2886 3202; x_wconf 79' lang='lat' dir='ltr'><strong>tractatus</strong></span> <span class='ocrx_word' id='word_1_508' title='bbox 2943 3143 3344 3198; x_wconf 84' lang='lat' dir='ltr'><strong>astronomicos</strong></span> <span class='ocrx_word' id='word_1_509' title='bbox 3391 3145 3624 3198; x_wconf 87' lang='lat' dir='ltr'><strong>multum</strong></span> 
     </span>
    </p>
   </div>
   <div class='ocr_carea' id='block_1_75' title="bbox 2050 3233 3625 3305">
    <p class='ocr_par' dir='ltr' id='par_1_75' title="bbox 2050 3233 3625 3305">
     <span class='ocr_line' id='line_1_75' title="bbox 2050 3233 3625 3305; baseline 0.004 -20"><span class='ocrx_word' id='word_1_510' title='bbox 2050 3233 2380 3299; x_wconf 88' lang='lat' dir='ltr'><strong>conducant,</strong></span> <span class='ocrx_word' id='word_1_511' title='bbox 2405 3249 2513 3288; x_wconf 91' lang='lat' dir='ltr'><strong>non</strong></span> <span class='ocrx_word' id='word_1_512' title='bbox 2547 3235 2694 3288; x_wconf 90' lang='lat' dir='ltr'><strong>enim</strong></span> <span class='ocrx_word' id='word_1_513' title='bbox 2719 3235 2980 3305; x_wconf 84' lang='lat' dir='ltr'><strong>possibile</strong></span> <span class='ocrx_word' id='word_1_514' title='bbox 2999 3245 3161 3299; x_wconf 79' lang='lat' dir='ltr'><strong>esset,</strong></span> <span class='ocrx_word' id='word_1_515' title='bbox 3190 3237 3374 3292; x_wconf 82' lang='lat' dir='ltr'><strong>stellas</strong></span> <span class='ocrx_word' id='word_1_516' title='bbox 3399 3245 3544 3292; x_wconf 79' lang='lat' dir='ltr'><strong>recte</strong></span> <span class='ocrx_word' id='word_1_517' title='bbox 3567 3238 3625 3292; x_wconf 91' lang='lat' dir='ltr'><strong>in</strong></span> 
     </span>
    </p>
   </div>
   <div class='ocr_carea' id='block_1_76' title="bbox 2048 3323 3624 3394">
    <p class='ocr_par' dir='ltr' id='par_1_76' title="bbox 2048 3323 3624 3394">
     <span class='ocr_line' id='line_1_76' title="bbox 2048 3323 3624 3394; baseline 0.007 -20"><span class='ocrx_word' id='word_1_518' title='bbox 2048 3323 2265 3394; x_wconf 80' lang='lat' dir='ltr'><strong>globum</strong></span> <span class='ocrx_word' id='word_1_519' title='bbox 2301 3325 2641 3381; x_wconf 87' lang='lat' dir='ltr'><strong>materialem</strong></span> <span class='ocrx_word' id='word_1_520' title='bbox 2686 3327 2896 3382; x_wconf 77' lang='lat' dir='ltr'><strong>referre</strong></span> <span class='ocrx_word' id='word_1_521' title='bbox 2942 3327 3063 3382; x_wconf 89' lang='lat' dir='ltr'><strong>sine</strong></span> <span class='ocrx_word' id='word_1_522' title='bbox 3094 3329 3352 3384; x_wconf 88' lang='lat' dir='ltr'><strong>omnibus</strong></span> <span class='ocrx_word' id='word_1_523' title='bbox 3399 3329 3624 3385; x_wconf 83' lang='lat' dir='ltr'><strong>circulis</strong></span> 
     </span>
    </p>
   </div>
   <div class='ocr_carea' id='block_1_77' title="bbox 2047 3416 3623 3489">
    <p class='ocr_par' dir='ltr' id='par_1_77' title="bbox 2047 3416 3623 3489">
     <span class='ocr_line' id='line_1_77' title="bbox 2047 3416 3623 3489; baseline 0.006 -21"><span class='ocrx_word' id='word_1_524' title='bbox 2047 3416 2323 3486; x_wconf 89' lang='lat' dir='ltr'><strong>parallelis</strong></span> <span class='ocrx_word' id='word_1_525' title='bbox 2351 3436 2363 3470; x_wconf 95' lang='lat'>:</span> <span class='ocrx_word' id='word_1_526' title='bbox 2394 3432 2571 3486; x_wconf 90' lang='lat' dir='ltr'><strong>neque</strong></span> <span class='ocrx_word' id='word_1_527' title='bbox 2609 3419 3012 3489; x_wconf 81' lang='lat' dir='ltr'><strong>magnitudines</strong></span> <span class='ocrx_word' id='word_1_528' title='bbox 3048 3420 3261 3475; x_wconf 88' lang='lat' dir='ltr'><strong>dierum</strong></span> <span class='ocrx_word' id='word_1_529' title='bbox 3287 3431 3341 3476; x_wconf 91' lang='lat' dir='ltr'><strong>et</strong></span> <span class='ocrx_word' id='word_1_530' title='bbox 3376 3424 3623 3477; x_wconf 80' lang='lat' dir='ltr'><strong>noctium</strong></span> 
     </span>
    </p>
   </div>
   <div class='ocr_carea' id='block_1_78' title="bbox 2048 3508 3622 3582">
    <p class='ocr_par' dir='ltr' id='par_1_78' title="bbox 2048 3508 3622 3582">
     <span class='ocr_line' id='line_1_78' title="bbox 2048 3508 3622 3582; baseline 0.008 -24"><span class='ocrx_word' id='word_1_531' title='bbox 2048 3514 2306 3562; x_wconf 86' lang='lat' dir='ltr'><strong>accurate</strong></span> <span class='ocrx_word' id='word_1_532' title='bbox 2339 3508 2575 3562; x_wconf 87' lang='lat' dir='ltr'><strong>inveniri</strong></span> <span class='ocrx_word' id='word_1_533' title='bbox 2606 3510 2726 3564; x_wconf 90' lang='lat' dir='ltr'><strong>sine</strong></span> <span class='ocrx_word' id='word_1_534' title='bbox 2753 3511 3029 3580; x_wconf 63' lang='lat' dir='ltr'><strong>praedictis</strong></span> <span class='ocrx_word' id='word_1_535' title='bbox 3057 3512 3281 3567; x_wconf 86' lang='lat' dir='ltr'><strong>circulis</strong></span> <span class='ocrx_word' id='word_1_536' title='bbox 3305 3515 3622 3582; x_wconf 84' lang='lat' dir='ltr'><strong>parallelis;</strong></span> 
     </span>
    </p>
   </div>
   <div class='ocr_carea' id='block_1_79' title="bbox 2049 3599 3625 3672">
    <p class='ocr_par' dir='ltr' id='par_1_79' title="bbox 2049 3599 3625 3672">
     <span class='ocr_line' id='line_1_79' title="bbox 2049 3599 3625 3672; baseline 0.004 -18"><span class='ocrx_word' id='word_1_537' title='bbox 2049 3599 2166 3665; x_wconf 89' lang='lat' dir='ltr'><strong>sed,</strong></span> <span class='ocrx_word' id='word_1_538' title='bbox 2199 3615 2322 3654; x_wconf 92' lang='lat' dir='ltr'><strong>cum</strong></span> <span class='ocrx_word' id='word_1_539' title='bbox 2341 3601 2408 3654; x_wconf 87' lang='lat' dir='ltr'><strong>ad</strong></span> <span class='ocrx_word' id='word_1_540' title='bbox 2432 3601 2664 3672; x_wconf 88' lang='lat' dir='ltr'><strong>primam</strong></span> <span class='ocrx_word' id='word_1_541' title='bbox 2686 3603 3037 3658; x_wconf 60' lang='lat' dir='ltr'><strong>astronomia:</strong></span> <span class='ocrx_word' id='word_1_542' title='bbox 3069 3605 3468 3660; x_wconf 88' lang='lat' dir='ltr'><strong>institutionem</strong></span> <span class='ocrx_word' id='word_1_543' title='bbox 3501 3607 3625 3660; x_wconf 87' lang='lat' dir='ltr'><strong>nul-</strong></span> 
     </span>
    </p>
   </div>
   <div class='ocr_carea' id='block_1_80' title="bbox 2047 3691 3621 3761">
    <p class='ocr_par' dir='ltr' id='par_1_80' title="bbox 2047 3691 3621 3761">
     <span class='ocr_line' id='line_1_80' title="bbox 2047 3691 3621 3761; baseline 0.004 -15"><span class='ocrx_word' id='word_1_544' title='bbox 2047 3691 2159 3746; x_wconf 91' lang='lat' dir='ltr'><strong>lum</strong></span> <span class='ocrx_word' id='word_1_545' title='bbox 2200 3693 2628 3748; x_wconf 87' lang='lat' dir='ltr'><strong>emolumentum</strong></span> <span class='ocrx_word' id='word_1_546' title='bbox 2678 3693 2928 3761; x_wconf 73' lang='lat' dir='ltr'><strong>afferant,</strong></span> <span class='ocrx_word' id='word_1_547' title='bbox 2982 3711 3092 3751; x_wconf 87' lang='lat' dir='ltr'><strong>non</strong></span> <span class='ocrx_word' id='word_1_548' title='bbox 3137 3697 3621 3754; x_wconf 77' lang='lat' dir='ltr'><strong>describunturin</strong></span> 
     </span>
    </p>
   </div>
   <div class='ocr_carea' id='block_1_81' title="bbox 2048 3785 3620 3861">
    <p class='ocr_par' dir='ltr' id='par_1_81' title="bbox 2048 3785 3620 3861">
     <span class='ocr_line' id='line_1_81' title="bbox 2048 3785 3620 3861; baseline 0.005 -20"><span class='ocrx_word' id='word_1_549' title='bbox 2048 3785 2261 3856; x_wconf 62' lang='lat' dir='ltr'><strong>Sphmra</strong></span> <span class='ocrx_word' id='word_1_550' title='bbox 2285 3804 2298 3840; x_wconf 93' lang='lat'>:</span> <span class='ocrx_word' id='word_1_551' title='bbox 2321 3793 2377 3840; x_wconf 91' lang='lat' dir='ltr'><strong>at</strong></span> <span class='ocrx_word' id='word_1_552' title='bbox 2406 3788 2648 3858; x_wconf 89' lang='lat' dir='ltr'><strong>quinque</strong></span> <span class='ocrx_word' id='word_1_553' title='bbox 2677 3789 2920 3859; x_wconf 87' lang='lat' dir='ltr'><strong>paralleli</strong></span> <span class='ocrx_word' id='word_1_554' title='bbox 2961 3789 3175 3854; x_wconf 91' lang='lat' dir='ltr'><strong>circuli,</strong></span> <span class='ocrx_word' id='word_1_555' title='bbox 3202 3806 3269 3846; x_wconf 90' lang='lat' dir='ltr'><strong>co</strong></span> <span class='ocrx_word' id='word_1_556' title='bbox 3298 3791 3442 3861; x_wconf 90' lang='lat' dir='ltr'><strong>quod</strong></span> <span class='ocrx_word' id='word_1_557' title='bbox 3467 3798 3620 3850; x_wconf 86' lang='lat' dir='ltr'><strong>certa</strong></span> 
     </span>
    </p>
   </div>
   <div class='ocr_carea' id='block_1_82' title="bbox 2048 3878 3596 3951">
    <p class='ocr_par' dir='ltr' id='par_1_82' title="bbox 2048 3878 3596 3951">
     <span class='ocr_line' id='line_1_82' title="bbox 2048 3878 3596 3951; baseline 0.005 -20"><span class='ocrx_word' id='word_1_558' title='bbox 2048 3878 2295 3949; x_wconf 78' lang='lat' dir='ltr'><strong>quaedam</strong></span> <span class='ocrx_word' id='word_1_559' title='bbox 2330 3879 2699 3935; x_wconf 90' lang='lat' dir='ltr'><strong>emolumenta</strong></span> <span class='ocrx_word' id='word_1_560' title='bbox 2729 3881 2795 3935; x_wconf 90' lang='lat' dir='ltr'><strong>ad</strong></span> <span class='ocrx_word' id='word_1_561' title='bbox 2829 3881 3061 3951; x_wconf 87' lang='lat' dir='ltr'><strong>primam</strong></span> <span class='ocrx_word' id='word_1_562' title='bbox 3087 3884 3436 3938; x_wconf 75' lang='lat' dir='ltr'><strong>astronomia:</strong></span> <span class='ocrx_word' id='word_1_563' title='bbox 3466 3884 3596 3939; x_wconf 90' lang='lat' dir='ltr'><strong>insti</strong></span> 
     </span>
    </p>
   </div>
   <div class='ocr_carea' id='block_1_83' title="bbox 2047 3969 3620 4042">
    <p class='ocr_par' dir='ltr' id='par_1_83' title="bbox 2047 3969 3620 4042">
     <span class='ocr_line' id='line_1_83' title="bbox 2047 3969 3620 4042; baseline 0.004 -20"><span class='ocrx_word' id='word_1_564' title='bbox 2047 3969 2312 4025; x_wconf 90' lang='lat' dir='ltr'><strong>tutionem</strong></span> <span class='ocrx_word' id='word_1_565' title='bbox 2343 3969 2592 4035; x_wconf 71' lang='lat' dir='ltr'><strong>aderant,</strong></span> <span class='ocrx_word' id='word_1_566' title='bbox 2626 3969 2683 4024; x_wconf 90' lang='lat' dir='ltr'><strong>in</strong></span> <span class='ocrx_word' id='word_1_567' title='bbox 2717 3970 2928 4040; x_wconf 73' lang='lat' dir='ltr'><strong>sphaera</strong></span> <span class='ocrx_word' id='word_1_568' title='bbox 2958 3979 3086 4027; x_wconf 91' lang='lat' dir='ltr'><strong>sunt</strong></span> <span class='ocrx_word' id='word_1_569' title='bbox 3114 3971 3396 4042; x_wconf 88' lang='lat' dir='ltr'><strong>descripti.</strong></span> <span class='ocrx_word' id='word_1_570' title='bbox 3437 3973 3620 4029; x_wconf 80' lang='lat' dir='ltr'><strong>Arcti-</strong></span> 
     </span>
    </p>
   </div>
   <div class='ocr_carea' id='block_1_84' title="bbox 2047 4061 3617 4133">
    <p class='ocr_par' dir='ltr' id='par_1_84' title="bbox 2047 4061 3617 4133">
     <span class='ocr_line' id='line_1_84' title="bbox 2047 4061 3617 4133; baseline 0.003 -18"><span class='ocrx_word' id='word_1_571' title='bbox 2047 4075 2146 4116; x_wconf 88' lang='lat' dir='ltr'><strong>cus</strong></span> <span class='ocrx_word' id='word_1_572' title='bbox 2189 4061 2335 4116; x_wconf 88' lang='lat' dir='ltr'><strong>enim</strong></span> <span class='ocrx_word' id='word_1_573' title='bbox 2366 4061 2608 4115; x_wconf 88' lang='lat' dir='ltr'><strong>circulus</strong></span> <span class='ocrx_word' id='word_1_574' title='bbox 2639 4068 2790 4115; x_wconf 85' lang='lat' dir='ltr'><strong>astra</strong></span> <span class='ocrx_word' id='word_1_575' title='bbox 2836 4077 3052 4132; x_wconf 90' lang='lat' dir='ltr'><strong>semper</strong></span> <span class='ocrx_word' id='word_1_576' title='bbox 3087 4065 3404 4133; x_wconf 87' lang='lat' dir='ltr'><strong>apparentia</strong></span> <span class='ocrx_word' id='word_1_577' title='bbox 3432 4064 3617 4120; x_wconf 86' lang='lat' dir='ltr'><strong>deter-</strong></span> 
     </span>
    </p>
   </div>
   <div class='ocr_carea' id='block_1_85' title="bbox 2047 4152 3619 4223">
    <p class='ocr_par' dir='ltr' id='par_1_85' title="bbox 2047 4152 3619 4223">
     <span class='ocr_line' id='line_1_85' title="bbox 2047 4152 3619 4223; baseline 0.005 -18"><span class='ocrx_word' id='word_1_578' title='bbox 2047 4153 2256 4218; x_wconf 84' lang='lat' dir='ltr'><strong>minat;</strong></span> <span class='ocrx_word' id='word_1_579' title='bbox 2291 4152 2514 4207; x_wconf 74' lang='lat' dir='ltr'><strong>azstivus</strong></span> <span class='ocrx_word' id='word_1_580' title='bbox 2546 4153 2793 4223; x_wconf 89' lang='lat' dir='ltr'><strong>tropicus</strong></span> <span class='ocrx_word' id='word_1_581' title='bbox 2825 4154 3070 4210; x_wconf 91' lang='lat' dir='ltr'><strong>circulus</strong></span> <span class='ocrx_word' id='word_1_582' title='bbox 3100 4156 3345 4211; x_wconf 84' lang='lat' dir='ltr'><strong>aestivam</strong></span> <span class='ocrx_word' id='word_1_583' title='bbox 3388 4172 3619 4213; x_wconf 80' lang='lat' dir='ltr'><strong>conver-</strong></span> 
     </span>
    </p>
   </div>
   <div class='ocr_carea' id='block_1_86' title="bbox 2047 4245 3618 4310">
    <p class='ocr_par' dir='ltr' id='par_1_86' title="bbox 2047 4245 3618 4310">
     <span class='ocr_line' id='line_1_86' title="bbox 2047 4245 3618 4310; baseline 0.004 -10"><span class='ocrx_word' id='word_1_584' title='bbox 2047 4245 2256 4300; x_wconf 86' lang='lat' dir='ltr'><strong>sionem</strong></span> <span class='ocrx_word' id='word_1_585' title='bbox 2287 4247 2549 4310; x_wconf 87' lang='lat' dir='ltr'><strong>continet,</strong></span> <span class='ocrx_word' id='word_1_586' title='bbox 2575 4253 2629 4302; x_wconf 91' lang='lat' dir='ltr'><strong>et</strong></span> <span class='ocrx_word' id='word_1_587' title='bbox 2658 4248 2816 4302; x_wconf 89' lang='lat' dir='ltr'><strong>limes</strong></span> <span class='ocrx_word' id='word_1_588' title='bbox 2841 4256 2925 4302; x_wconf 88' lang='lat' dir='ltr'><strong>est</strong></span> <span class='ocrx_word' id='word_1_589' title='bbox 2967 4248 3233 4302; x_wconf 91' lang='lat' dir='ltr'><strong>transitus</strong></span> <span class='ocrx_word' id='word_1_590' title='bbox 3259 4250 3392 4304; x_wconf 84' lang='lat' dir='ltr'><strong>solis</strong></span> <span class='ocrx_word' id='word_1_591' title='bbox 3422 4265 3618 4306; x_wconf 79' lang='lat' dir='ltr'><strong>versus</strong></span> 
     </span>
    </p>
   </div>
   <div class='ocr_carea' id='block_1_87' title="bbox 2047 4335 3618 4411">
    <p class='ocr_par' dir='ltr' id='par_1_87' title="bbox 2047 4335 3618 4411">
     <span class='ocr_line' id='line_1_87' title="bbox 2047 4335 3618 4411; baseline 0.004 -21"><span class='ocrx_word' id='word_1_592' title='bbox 2047 4335 2470 4406; x_wconf 85' lang='lat' dir='ltr'><strong>septentrionem</strong></span> <span class='ocrx_word' id='word_1_593' title='bbox 2492 4355 2507 4402; x_wconf 88' lang='lat'><strong>;</strong></span> <span class='ocrx_word' id='word_1_594' title='bbox 2531 4338 2930 4406; x_wconf 65' lang='lat' dir='ltr'><strong>aequinoctialis</strong></span> <span class='ocrx_word' id='word_1_595' title='bbox 2957 4339 3196 4394; x_wconf 89' lang='lat' dir='ltr'><strong>circulus</strong></span> <span class='ocrx_word' id='word_1_596' title='bbox 3219 4348 3420 4409; x_wconf 85' lang='lat' dir='ltr'><strong>puncta</strong></span> <span class='ocrx_word' id='word_1_597' title='bbox 3447 4343 3618 4411; x_wconf 60' lang='grc' dir='ltr'><strong>3³ηυί-</strong></span> 
     </span>
    </p>
   </div>
   <div class='ocr_carea' id='block_1_88' title="bbox 2045 4427 3616 4497">
    <p class='ocr_par' dir='ltr' id='par_1_88' title="bbox 2045 4427 3616 4497">
     <span class='ocr_line' id='line_1_88' title="bbox 2045 4427 3616 4497; baseline 0.002 -15"><span class='ocrx_word' id='word_1_598' title='bbox 2045 4427 2302 4482; x_wconf 88' lang='lat' dir='ltr'><strong>noctialia</strong></span> <span class='ocrx_word' id='word_1_599' title='bbox 2329 4427 2608 4494; x_wconf 89' lang='lat' dir='ltr'><strong>continet;</strong></span> <span class='ocrx_word' id='word_1_600' title='bbox 2650 4427 2913 4495; x_wconf 86' lang='lat' dir='ltr'><strong>hibernus</strong></span> <span class='ocrx_word' id='word_1_601' title='bbox 2943 4428 3191 4497; x_wconf 90' lang='lat' dir='ltr'><strong>tropicus</strong></span> <span class='ocrx_word' id='word_1_602' title='bbox 3222 4431 3466 4486; x_wconf 87' lang='lat' dir='ltr'><strong>circulus</strong></span> <span class='ocrx_word' id='word_1_603' title='bbox 3507 4441 3616 4486; x_wconf 82' lang='lat' dir='ltr'><strong>ter-</strong></span> 
     </span>
    </p>
   </div>
   <div class='ocr_carea' id='block_1_89' title="bbox 368 4518 1945 4593">
    <p class='ocr_par' dir='ltr' id='par_1_89' title="bbox 368 4521 1938 4593">
     <span class='ocr_line' id='line_1_89' title="bbox 368 4521 1938 4593; baseline 0 -19"><span class='ocrx_word' id='word_1_604' title='bbox 368 4521 464 4586; x_wconf 86' lang='grc' dir='ltr'><strong>κὸς</strong></span> <span class='ocrx_word' id='word_1_605' title='bbox 492 4521 687 4585; x_wconf 87' lang='grc' dir='ltr'>κύκλος</span> <span class='ocrx_word' id='word_1_606' title='bbox 712 4523 892 4592; x_wconf 86' lang='grc' dir='ltr'>τέρμα</span> <span class='ocrx_word' id='word_1_607' title='bbox 918 4521 1033 4574; x_wconf 77' lang='grc' dir='ltr'>ἐστὶ</span> <span class='ocrx_word' id='word_1_608' title='bbox 1061 4525 1160 4592; x_wconf 83' lang='grc' dir='ltr'>τῆς</span> <span class='ocrx_word' id='word_1_609' title='bbox 1183 4523 1318 4593; x_wconf 83' lang='grc' dir='ltr'>πρὸς</span> <span class='ocrx_word' id='word_1_610' title='bbox 1342 4521 1685 4592; x_wconf 79' lang='grc' dir='ltr'>μεσημϐρίαν</span> <span class='ocrx_word' id='word_1_611' title='bbox 1714 4521 1938 4593; x_wconf 85' lang='grc' dir='ltr'>προόδου</span> 
     </span>
    </p>
   </div>
   <div class='ocr_carea' id='block_1_90' title="bbox 2047 4518 3617 4593">
    <p class='ocr_par' dir='ltr' id='par_1_90' title="bbox 2047 4518 3617 4588">
     <span class='ocr_line' id='line_1_90' title="bbox 2047 4518 3617 4588; baseline 0.005 -18"><span class='ocrx_word' id='word_1_612' title='bbox 2047 4518 2228 4571; x_wconf 89' lang='lat' dir='ltr'><strong>minus</strong></span> <span class='ocrx_word' id='word_1_613' title='bbox 2277 4530 2362 4573; x_wconf 90' lang='lat' dir='ltr'><strong>est</strong></span> <span class='ocrx_word' id='word_1_614' title='bbox 2406 4533 2732 4588; x_wconf 86' lang='lat' dir='ltr'><strong>progressus</strong></span> <span class='ocrx_word' id='word_1_615' title='bbox 2781 4519 2914 4574; x_wconf 86' lang='lat' dir='ltr'><strong>solis</strong></span> <span class='ocrx_word' id='word_1_616' title='bbox 2961 4535 3157 4574; x_wconf 85' lang='lat' dir='ltr'><strong>versus</strong></span> <span class='ocrx_word' id='word_1_617' title='bbox 3199 4521 3520 4586; x_wconf 90' lang='lat' dir='ltr'><strong>meridiem,</strong></span> <span class='ocrx_word' id='word_1_618' title='bbox 3560 4531 3617 4578; x_wconf 87' lang='lat' dir='ltr'><strong>et</strong></span> 
     </span>
    </p>
   </div>
   <div class='ocr_carea' id='block_1_91' title="bbox 367 4612 1943 4684">
    <p class='ocr_par' dir='ltr' id='par_1_91' title="bbox 367 4612 1943 4684">
     <span class='ocr_line' id='line_1_91' title="bbox 367 4612 1943 4684; baseline -0.001 -18"><span class='ocrx_word' id='word_1_619' title='bbox 367 4613 462 4666; x_wconf 77' lang='grc' dir='ltr'>ἐπὶ</span> <span class='ocrx_word' id='word_1_620' title='bbox 506 4613 660 4684; x_wconf 81' lang='grc' dir='ltr'>ἡλίῳ,</span> <span class='ocrx_word' id='word_1_621' title='bbox 695 4615 788 4668; x_wconf 80' lang='grc' dir='ltr'><strong>καὶ</strong></span> <span class='ocrx_word' id='word_1_622' title='bbox 828 4613 926 4684; x_wconf 81' lang='grc' dir='ltr'><strong>τὴν</strong></span> <span class='ocrx_word' id='word_1_623' title='bbox 956 4613 1269 4683; x_wconf 78' lang='grc' dir='ltr'>χειμερινὴν</span> <span class='ocrx_word' id='word_1_624' title='bbox 1295 4613 1500 4684; x_wconf 80' lang='grc' dir='ltr'>τροπὴν</span> <span class='ocrx_word' id='word_1_625' title='bbox 1536 4612 1798 4684; x_wconf 87' lang='grc' dir='ltr'>περιέχει·</span> <span class='ocrx_word' id='word_1_626' title='bbox 1833 4615 1861 4666; x_wconf 92' lang='lat'><strong>6</strong></span> <span class='ocrx_word' id='word_1_627' title='bbox 1885 4613 1943 4665; x_wconf 86' lang='grc' dir='ltr'>δὲ</span> 
     </span>
    </p>
   </div>
   <div class='ocr_carea' id='block_1_92' title="bbox 370 4702 1943 4775">
    <p class='ocr_par' dir='ltr' id='par_1_92' title="bbox 370 4702 1943 4775">
     <span class='ocr_line' id='line_1_92' title="bbox 370 4702 1943 4775; baseline -0.001 -17"><span class='ocrx_word' id='word_1_628' title='bbox 370 4705 728 4775; x_wconf 82' lang='grc' dir='ltr'>ἀνταρκτικὸς</span> <span class='ocrx_word' id='word_1_629' title='bbox 764 4703 960 4767; x_wconf 87' lang='grc' dir='ltr'>κύκλος</span> <span class='ocrx_word' id='word_1_630' title='bbox 987 4704 1055 4756; x_wconf 73' lang='grc' dir='ltr'>τὰ</span> <span class='ocrx_word' id='word_1_631' title='bbox 1083 4703 1158 4773; x_wconf 85' lang='grc' dir='ltr'>μὴ</span> <span class='ocrx_word' id='word_1_632' title='bbox 1187 4703 1537 4775; x_wconf 87' lang='grc' dir='ltr'>θεωρούμενα</span> <span class='ocrx_word' id='word_1_633' title='bbox 1572 4702 1679 4756; x_wconf 83' lang='grc' dir='ltr'><strong>τῶν</strong></span> <span class='ocrx_word' id='word_1_634' title='bbox 1727 4704 1943 4774; x_wconf 75' lang='grc' dir='ltr'>ἄστρων</span> 
     </span>
    </p>
   </div>
   <div class='ocr_carea' id='block_1_93' title="bbox 367 4790 1942 4866">
    <p class='ocr_par' dir='ltr' id='par_1_93' title="bbox 367 4790 1942 4866">
     <span class='ocr_line' id='line_1_93' title="bbox 367 4790 1942 4866; baseline -0.002 -16"><span class='ocrx_word' id='word_1_635' title='bbox 367 4795 638 4866; x_wconf 80' lang='grc' dir='ltr'>ἀφορίζει.</span> <span class='ocrx_word' id='word_1_636' title='bbox 692 4797 947 4865; x_wconf 80' lang='grc' dir='ltr'>Ἔχοντες</span> <span class='ocrx_word' id='word_1_637' title='bbox 996 4790 1088 4848; x_wconf 80' lang='grc' dir='ltr'>οὖν</span> <span class='ocrx_word' id='word_1_638' title='bbox 1128 4795 1397 4863; x_wconf 78' lang='grc' dir='ltr'>κεφάλαια</span> <span class='ocrx_word' id='word_1_639' title='bbox 1437 4796 1529 4846; x_wconf 83' lang='grc' dir='ltr'><strong>καὶ</strong></span> <span class='ocrx_word' id='word_1_640' title='bbox 1566 4793 1942 4864; x_wconf 84' lang='grc' dir='ltr'>ἀποτελέσμα-</span> 
     </span>
    </p>
   </div>
   <div class='ocr_carea' id='block_1_94' title="bbox 367 4883 1942 4956">
    <p class='ocr_par' dir='ltr' id='par_1_94' title="bbox 367 4883 1942 4956">
     <span class='ocr_line' id='line_1_94' title="bbox 367 4883 1942 4956; baseline -0.001 -18"><span class='ocrx_word' id='word_1_641' title='bbox 367 4902 439 4938; x_wconf 88' lang='grc' dir='ltr'><strong>τα</strong></span> <span class='ocrx_word' id='word_1_642' title='bbox 489 4885 771 4956; x_wconf 71' lang='grc' dir='ltr'>ὼρισμένα</span> <span class='ocrx_word' id='word_1_643' title='bbox 816 4884 954 4956; x_wconf 85' lang='grc' dir='ltr'>πρὸς</span> <span class='ocrx_word' id='word_1_644' title='bbox 1011 4884 1108 4955; x_wconf 84' lang='grc' dir='ltr'><strong>τὴν</strong></span> <span class='ocrx_word' id='word_1_645' title='bbox 1162 4885 1469 4955; x_wconf 80' lang='grc' dir='ltr'>εἰσαγωγὴν</span> <span class='ocrx_word' id='word_1_646' title='bbox 1542 4885 1640 4954; x_wconf 80' lang='grc' dir='ltr'><strong>τῆς</strong></span> <span class='ocrx_word' id='word_1_647' title='bbox 1689 4883 1942 4954; x_wconf 87' lang='grc' dir='ltr'>ἀστρολο-</span> 
     </span>
    </p>
   </div>
   <div class='ocr_carea' id='block_1_95' title="bbox 368 4975 1752 5047">
    <p class='ocr_par' dir='ltr' id='par_1_95' title="bbox 368 4975 1752 5047">
     <span class='ocr_line' id='line_1_95' title="bbox 368 4975 1752 5047; baseline 0.001 -19"><span class='ocrx_word' id='word_1_648' title='bbox 368 4976 515 5044; x_wconf 89' lang='grc' dir='ltr'>γίας,</span> <span class='ocrx_word' id='word_1_649' title='bbox 540 4977 776 5045; x_wconf 81' lang='grc' dir='ltr'>εὐλόγως</span> <span class='ocrx_word' id='word_1_650' title='bbox 806 4977 1232 5047; x_wconf 81' lang='grc' dir='ltr'>κατεγράφησαν</span> <span class='ocrx_word' id='word_1_651' title='bbox 1264 4978 1343 5039; x_wconf 89' lang='grc' dir='ltr'><strong>εἰς</strong></span> <span class='ocrx_word' id='word_1_652' title='bbox 1368 4975 1466 5046; x_wconf 71' lang='grc' dir='ltr'><strong>τὴν</strong></span> <span class='ocrx_word' id='word_1_653' title='bbox 1498 4979 1752 5045; x_wconf 87' lang='grc' dir='ltr'>σφαῖραν.</span> 
     </span>
    </p>
   </div>
   <div class='ocr_carea' id='block_1_96' title="bbox 440 5055 1940 5138">
    <p class='ocr_par' dir='ltr' id='par_1_96' title="bbox 440 5055 1940 5138">
     <span class='ocr_line' id='line_1_96' title="bbox 440 5055 1940 5138; baseline 0 -19"><span class='ocrx_word' id='word_1_654' title='bbox 440 5066 563 5120; x_wconf 83' lang='grc' dir='ltr'><strong>Τῶν</strong></span> <span class='ocrx_word' id='word_1_655' title='bbox 593 5067 649 5120; x_wconf 83' lang='grc' dir='ltr'>δὲ</span> <span class='ocrx_word' id='word_1_656' title='bbox 681 5067 1093 5138; x_wconf 88' lang='grc' dir='ltr'>προειρημένων</span> <span class='ocrx_word' id='word_1_657' title='bbox 1140 5067 1298 5120; x_wconf 84' lang='grc' dir='ltr'>πέντε</span> <span class='ocrx_word' id='word_1_658' title='bbox 1335 5055 1695 5137; x_wconf 79' lang='grc' dir='ltr'>παραλλήλων</span> <span class='ocrx_word' id='word_1_659' title='bbox 1726 5066 1940 5119; x_wconf 88' lang='grc' dir='ltr'>κύκλων</span> 
     </span>
    </p>
   </div>
   <div class='ocr_carea' id='block_1_97' title="bbox 368 5155 1937 5231">
    <p class='ocr_par' dir='ltr' id='par_1_97' title="bbox 368 5155 1937 5231">
     <span class='ocr_line' id='line_1_97' title="bbox 368 5155 1937 5231; baseline -0.004 -17"><span class='ocrx_word' id='word_1_660' title='bbox 368 5161 400 5214; x_wconf 90' lang='lat'>6</span> <span class='ocrx_word' id='word_1_661' title='bbox 426 5160 526 5231; x_wconf 79' lang='grc' dir='ltr'>μὲν</span> <span class='ocrx_word' id='word_1_662' title='bbox 548 5159 803 5231; x_wconf 84' lang='grc' dir='ltr'>ἀρκτικὸς</span> <span class='ocrx_word' id='word_1_663' title='bbox 823 5157 1019 5221; x_wconf 88' lang='grc' dir='ltr'>κύκλος</span> <span class='ocrx_word' id='word_1_664' title='bbox 1040 5158 1158 5222; x_wconf 83' lang='grc' dir='ltr'>ὅλος</span> <span class='ocrx_word' id='word_1_665' title='bbox 1179 5158 1320 5230; x_wconf 83' lang='grc' dir='ltr'>ὑπὲρ</span> <span class='ocrx_word' id='word_1_666' title='bbox 1345 5160 1446 5230; x_wconf 81' lang='grc' dir='ltr'>γῆν</span> <span class='ocrx_word' id='word_1_667' title='bbox 1475 5155 1937 5228; x_wconf 76' lang='grc' dir='ltr'>ἀπολαμϐάνεται,</span> 
     </span>
    </p>
   </div>
   <div class='ocr_carea' id='block_1_98' title="bbox 441 5311 1936 5383">
    <p class='ocr_par' dir='ltr' id='par_1_98' title="bbox 441 5311 1936 5383">
     <span class='ocr_line' id='line_1_98' title="bbox 441 5311 1936 5383; baseline 0.001 -19"><span class='ocrx_word' id='word_1_668' title='bbox 441 5311 552 5381; x_wconf 81' lang='lat' dir='ltr'><strong>(l6)</strong></span> <span class='ocrx_word' id='word_1_669' title='bbox 611 5311 734 5368; x_wconf 83' lang='grc' dir='ltr'><strong>Τῶν</strong></span> <span class='ocrx_word' id='word_1_670' title='bbox 797 5312 865 5366; x_wconf 78' lang='grc' dir='ltr'>δὲ</span> <span class='ocrx_word' id='word_1_671' title='bbox 917 5313 1378 5383; x_wconf 80' lang='grc' dir='ltr'>προειρημένων.</span> <span class='ocrx_word' id='word_1_672' title='bbox 1439 5312 1830 5367; x_wconf 86' lang='lat' dir='ltr'><strong>Parallelorum</strong></span> <span class='ocrx_word' id='word_1_673' title='bbox 1883 5311 1936 5366; x_wconf 91' lang='lat' dir='ltr'><strong>in</strong></span> 
     </span>
    </p>
   </div>
   <div class='ocr_carea' id='block_1_99' title="bbox 370 5383 1940 5451">
    <p class='ocr_par' dir='ltr' id='par_1_99' title="bbox 370 5383 1940 5451">
     <span class='ocr_line' id='line_1_99' title="bbox 370 5383 1940 5451; baseline 0.001 -16"><span class='ocrx_word' id='word_1_674' title='bbox 370 5385 582 5451; x_wconf 74' lang='lat' dir='ltr'><strong>sphaera</strong></span> <span class='ocrx_word' id='word_1_675' title='bbox 611 5383 882 5438; x_wconf 83' lang='lat' dir='ltr'><strong>maximus</strong></span> <span class='ocrx_word' id='word_1_676' title='bbox 910 5392 993 5438; x_wconf 90' lang='lat' dir='ltr'><strong>est</strong></span> <span class='ocrx_word' id='word_1_677' title='bbox 1022 5385 1451 5451; x_wconf 74' lang='lat' dir='ltr'><strong>aequinoctialis;</strong></span> <span class='ocrx_word' id='word_1_678' title='bbox 1481 5394 1798 5438; x_wconf 69' lang='lat' dir='ltr'><strong>cancrorum</strong></span> <span class='ocrx_word' id='word_1_679' title='bbox 1831 5397 1940 5451; x_wconf 90' lang='lat' dir='ltr'><strong>quo</strong></span> 
     </span>
    </p>
   </div>
   <div class='ocr_carea' id='block_1_100' title="bbox 370 5451 1933 5523">
    <p class='ocr_par' dir='ltr' id='par_1_100' title="bbox 370 5451 1933 5523">
     <span class='ocr_line' id='line_1_100' title="bbox 370 5451 1933 5523; baseline 0.001 -18"><span class='ocrx_word' id='word_1_680' title='bbox 370 5455 602 5522; x_wconf 90' lang='lat' dir='ltr'><strong>quisque</strong></span> <span class='ocrx_word' id='word_1_681' title='bbox 627 5453 840 5523; x_wconf 77' lang='lat' dir='ltr'><strong>longius</strong></span> <span class='ocrx_word' id='word_1_682' title='bbox 874 5455 941 5507; x_wconf 90' lang='lat' dir='ltr'><strong>ab</strong></span> <span class='ocrx_word' id='word_1_683' title='bbox 965 5454 1057 5508; x_wconf 91' lang='lat' dir='ltr'><strong>illo</strong></span> <span class='ocrx_word' id='word_1_684' title='bbox 1080 5453 1303 5512; x_wconf 81' lang='lat' dir='ltr'><strong>recedit.</strong></span> <span class='ocrx_word' id='word_1_685' title='bbox 1334 5469 1400 5508; x_wconf 93' lang='lat' dir='ltr'><strong>co</strong></span> <span class='ocrx_word' id='word_1_686' title='bbox 1429 5462 1512 5508; x_wconf 91' lang='lat' dir='ltr'><strong>est</strong></span> <span class='ocrx_word' id='word_1_687' title='bbox 1543 5455 1742 5507; x_wconf 90' lang='lat' dir='ltr'><strong>minor.</strong></span> <span class='ocrx_word' id='word_1_688' title='bbox 1775 5451 1933 5507; x_wconf 78' lang='lat' dir='ltr'><strong>Ratio</strong></span> 
     </span>
    </p>
   </div>
   <div class='ocr_carea' id='block_1_101' title="bbox 371 5523 1934 5592">
    <p class='ocr_par' dir='ltr' id='par_1_101' title="bbox 371 5523 1934 5592">
     <span class='ocr_line' id='line_1_101' title="bbox 371 5523 1934 5592; baseline 0.001 -18"><span class='ocrx_word' id='word_1_689' title='bbox 371 5537 523 5584; x_wconf 84' lang='lat' dir='ltr'><strong>vero,</strong></span> <span class='ocrx_word' id='word_1_690' title='bbox 563 5538 724 5592; x_wconf 91' lang='lat' dir='ltr'><strong>quam</strong></span> <span class='ocrx_word' id='word_1_691' title='bbox 760 5523 960 5578; x_wconf 86' lang='lat' dir='ltr'><strong>habent</strong></span> <span class='ocrx_word' id='word_1_692' title='bbox 990 5525 1228 5579; x_wconf 87' lang='lat' dir='ltr'><strong>minores</strong></span> <span class='ocrx_word' id='word_1_693' title='bbox 1252 5523 1319 5577; x_wconf 86' lang='lat' dir='ltr'><strong>ad</strong></span> <span class='ocrx_word' id='word_1_694' title='bbox 1349 5525 1664 5588; x_wconf 83' lang='lat' dir='ltr'><strong>maximum,</strong></span> <span class='ocrx_word' id='word_1_695' title='bbox 1705 5524 1934 5592; x_wconf 80' lang='lat' dir='ltr'><strong>investi-</strong></span> 
     </span>
    </p>
   </div>
   <div class='ocr_carea' id='block_1_102' title="bbox 370 5590 1928 5666">
    <p class='ocr_par' dir='ltr' id='par_1_102' title="bbox 370 5590 1928 5666">
     <span class='ocr_line' id='line_1_102' title="bbox 370 5590 1928 5666; baseline 0 -20"><span class='ocrx_word' id='word_1_696' title='bbox 370 5601 530 5660; x_wconf 75' lang='lat' dir='ltr'><strong>gatur</strong></span> <span class='ocrx_word' id='word_1_697' title='bbox 555 5590 621 5648; x_wconf 80' lang='lat' dir='ltr'><strong>ea</strong></span> <span class='ocrx_word' id='word_1_698' title='bbox 661 5593 948 5666; x_wconf 65' lang='lat' dir='ltr'><strong>methodo,_</strong></span> <span class='ocrx_word' id='word_1_699' title='bbox 964 5609 1126 5662; x_wconf 89' lang='lat' dir='ltr'><strong>quam</strong></span> <span class='ocrx_word' id='word_1_700' title='bbox 1171 5595 1448 5662; x_wconf 81' lang='lat' dir='ltr'><strong>attigimus</strong></span> <span class='ocrx_word' id='word_1_701' title='bbox 1480 5593 1623 5666; x_wconf 71' lang='lat' dir='ltr'><strong>libro</strong></span> <span class='ocrx_word' id='word_1_702' title='bbox 1645 5590 1928 5666; x_wconf 80' lang='lat' dir='ltr'><strong>vn._Nam,</strong></span> 
     </span>
    </p>
   </div>
   <div class='ocr_carea' id='block_1_103' title="bbox 373 5662 1935 5732">
    <p class='ocr_par' dir='ltr' id='par_1_103' title="bbox 373 5662 1935 5732">
     <span class='ocr_line' id='line_1_103' title="bbox 373 5662 1935 5732; baseline 0.002 -19"><span class='ocrx_word' id='word_1_703' title='bbox 373 5673 430 5714; x_wconf 91' lang='lat' dir='ltr'><strong>ut</strong></span> <span class='ocrx_word' id='word_1_704' title='bbox 455 5673 540 5716; x_wconf 87' lang='lat' dir='ltr'><strong>est</strong></span> <span class='ocrx_word' id='word_1_705' title='bbox 578 5662 766 5732; x_wconf 81' lang='lat' dir='ltr'><strong>radius</strong></span> <span class='ocrx_word' id='word_1_706' title='bbox 799 5663 865 5717; x_wconf 89' lang='lat' dir='ltr'><strong>ad</strong></span> <span class='ocrx_word' id='word_1_707' title='bbox 908 5662 1088 5718; x_wconf 63' lang='lat' dir='ltr'><strong>Silium</strong></span> <span class='ocrx_word' id='word_1_708' title='bbox 1111 5664 1491 5732; x_wconf 85' lang='lat' dir='ltr'><strong>complementi</strong></span> <span class='ocrx_word' id='word_1_709' title='bbox 1533 5663 1804 5717; x_wconf 67' lang='lat' dir='ltr'><strong>dist/amne</strong></span> <span class='ocrx_word' id='word_1_710' title='bbox 1838 5679 1935 5732; x_wconf 88' lang='lat' dir='ltr'><strong>pa-</strong></span> 
     </span>
    </p>
   </div>
   <div class='ocr_carea' id='block_1_104' title="bbox 369 5731 1929 5802">
    <p class='ocr_par' dir='ltr' id='par_1_104' title="bbox 369 5731 1929 5802">
     <span class='ocr_line' id='line_1_104' title="bbox 369 5731 1929 5802; baseline 0.004 -20"><span class='ocrx_word' id='word_1_711' title='bbox 369 5732 542 5802; x_wconf 59' lang='lat' dir='ltr'><strong>ralleli</strong></span> <span class='ocrx_word' id='word_1_712' title='bbox 569 5731 894 5797; x_wconf 88' lang='lat' dir='ltr'><strong>cujuslibet,</strong></span> <span class='ocrx_word' id='word_1_713' title='bbox 930 5735 1004 5786; x_wconf 85' lang='lat' dir='ltr'><strong>ita</strong></span> <span class='ocrx_word' id='word_1_714' title='bbox 1044 5731 1440 5801; x_wconf 69' lang='lat' dir='ltr'><strong>aequinoctialis</strong></span> <span class='ocrx_word' id='word_1_715' title='bbox 1472 5732 1540 5786; x_wconf 87' lang='lat' dir='ltr'><strong>ad</strong></span> <span class='ocrx_word' id='word_1_716' title='bbox 1585 5731 1929 5802; x_wconf 74' lang='lat' dir='ltr'><strong>pan-alleluia.</strong></span> 
     </span>
    </p>
   </div>
   <div class='ocr_carea' id='block_1_105' title="bbox 369 5797 1932 5874">
    <p class='ocr_par' dir='ltr' id='par_1_105' title="bbox 369 5797 1932 5874">
     <span class='ocr_line' id='line_1_105' title="bbox 369 5797 1932 5874; baseline 0.001 -19"><span class='ocrx_word' id='word_1_717' title='bbox 369 5797 500 5856; x_wconf 89' lang='lat' dir='ltr'><strong>Esto</strong></span> <span class='ocrx_word' id='word_1_718' title='bbox 529 5804 770 5864; x_wconf 86' lang='lat' dir='ltr'><strong>tropicus</strong></span> <span class='ocrx_word' id='word_1_719' title='bbox 797 5807 1014 5861; x_wconf 75' lang='lat' dir='ltr'><strong>aestivus</strong></span> <span class='ocrx_word' id='word_1_720' title='bbox 1035 5797 1294 5868; x_wconf 76' lang='lat' dir='ltr'><strong>gradibus</strong></span> <span class='ocrx_word' id='word_1_721' title='bbox 1319 5803 1387 5856; x_wconf 71' lang='lat' dir='ltr'><strong>2t</strong></span> <span class='ocrx_word' id='word_1_722' title='bbox 1413 5797 1621 5860; x_wconf 72' lang='lat' dir='ltr'><strong>distans</strong></span> <span class='ocrx_word' id='word_1_723' title='bbox 1648 5806 1714 5860; x_wconf 81' lang='lat' dir='ltr'><strong>ab</strong></span> <span class='ocrx_word' id='word_1_724' title='bbox 1747 5819 1932 5874; x_wconf 73' lang='lat' dir='ltr'><strong>aequa-</strong></span> 
     </span>
    </p>
   </div>
   <div class='ocr_carea' id='block_1_106' title="bbox 2044 4609 3618 4676">
    <p class='ocr_par' dir='ltr' id='par_1_106' title="bbox 2044 4609 3618 4676">
     <span class='ocr_line' id='line_1_106' title="bbox 2044 4609 3618 4676; baseline 0.004 -13"><span class='ocrx_word' id='word_1_725' title='bbox 2044 4609 2327 4664; x_wconf 85' lang='lat' dir='ltr'><strong>hibernam</strong></span> <span class='ocrx_word' id='word_1_726' title='bbox 2353 4611 2772 4666; x_wconf 86' lang='lat' dir='ltr'><strong>conversionem</strong></span> <span class='ocrx_word' id='word_1_727' title='bbox 2815 4612 3098 4676; x_wconf 84' lang='lat' dir='ltr'><strong>continet;</strong></span> <span class='ocrx_word' id='word_1_728' title='bbox 3135 4615 3472 4670; x_wconf 89' lang='lat' dir='ltr'><strong>antarcticus</strong></span> <span class='ocrx_word' id='word_1_729' title='bbox 3502 4616 3618 4670; x_wconf 86' lang='lat' dir='ltr'><strong>cir-</strong></span> 
     </span>
    </p>
   </div>
   <div class='ocr_carea' id='block_1_107' title="bbox 2043 4703 3616 4778">
    <p class='ocr_par' dir='ltr' id='par_1_107' title="bbox 2043 4703 3616 4778">
     <span class='ocr_line' id='line_1_107' title="bbox 2043 4703 3616 4778; baseline 0.004 -22"><span class='ocrx_word' id='word_1_730' title='bbox 2043 4703 2200 4756; x_wconf 90' lang='lat' dir='ltr'><strong>culus</strong></span> <span class='ocrx_word' id='word_1_731' title='bbox 2236 4710 2386 4756; x_wconf 88' lang='lat' dir='ltr'><strong>ast-ra</strong></span> <span class='ocrx_word' id='word_1_732' title='bbox 2418 4717 2527 4757; x_wconf 91' lang='lat' dir='ltr'><strong>non</strong></span> <span class='ocrx_word' id='word_1_733' title='bbox 2564 4703 2882 4772; x_wconf 84' lang='lat' dir='ltr'><strong>apparentia</strong></span> <span class='ocrx_word' id='word_1_734' title='bbox 2927 4704 3276 4759; x_wconf 91' lang='lat' dir='ltr'><strong>determinat.</strong></span> <span class='ocrx_word' id='word_1_735' title='bbox 3329 4706 3466 4762; x_wconf 90' lang='lat' dir='ltr'><strong>Cum</strong></span> <span class='ocrx_word' id='word_1_736' title='bbox 3509 4708 3616 4778; x_wconf 80' lang='lat' dir='ltr'><strong>igi-</strong></span> 
     </span>
    </p>
   </div>
   <div class='ocr_carea' id='block_1_108' title="bbox 2042 4793 3615 4864">
    <p class='ocr_par' dir='ltr' id='par_1_108' title="bbox 2042 4793 3615 4864">
     <span class='ocr_line' id='line_1_108' title="bbox 2042 4793 3615 4864; baseline 0.003 -16"><span class='ocrx_word' id='word_1_737' title='bbox 2042 4801 2133 4848; x_wconf 92' lang='lat' dir='ltr'><strong>tur</strong></span> <span class='ocrx_word' id='word_1_738' title='bbox 2164 4793 2400 4848; x_wconf 91' lang='lat' dir='ltr'><strong>habeant</strong></span> <span class='ocrx_word' id='word_1_739' title='bbox 2423 4801 2573 4848; x_wconf 86' lang='lat' dir='ltr'><strong>certa</strong></span> <span class='ocrx_word' id='word_1_740' title='bbox 2603 4794 2782 4864; x_wconf 89' lang='lat' dir='ltr'><strong>capita</strong></span> <span class='ocrx_word' id='word_1_741' title='bbox 2810 4802 2862 4849; x_wconf 91' lang='lat' dir='ltr'><strong>et</strong></span> <span class='ocrx_word' id='word_1_742' title='bbox 2889 4796 3256 4852; x_wconf 79' lang='lat' dir='ltr'><strong>emolumenta</strong></span> <span class='ocrx_word' id='word_1_743' title='bbox 3285 4797 3353 4852; x_wconf 86' lang='lat' dir='ltr'><strong>ad</strong></span> <span class='ocrx_word' id='word_1_744' title='bbox 3385 4797 3615 4852; x_wconf 77' lang='lat' dir='ltr'><strong>institu~</strong></span> 
     </span>
    </p>
   </div>
   <div class='ocr_carea' id='block_1_109' title="bbox 2041 4885 3616 4959">
    <p class='ocr_par' dir='ltr' id='par_1_109' title="bbox 2041 4885 3616 4959">
     <span class='ocr_line' id='line_1_109' title="bbox 2041 4885 3616 4959; baseline 0.003 -21"><span class='ocrx_word' id='word_1_745' title='bbox 2041 4885 2244 4939; x_wconf 90' lang='lat' dir='ltr'><strong>tionem</strong></span> <span class='ocrx_word' id='word_1_746' title='bbox 2271 4885 2637 4950; x_wconf 65' lang='lat' dir='ltr'><strong>astronomiae,</strong></span> <span class='ocrx_word' id='word_1_747' title='bbox 2663 4901 2773 4941; x_wconf 90' lang='lat' dir='ltr'><strong>non</strong></span> <span class='ocrx_word' id='word_1_748' title='bbox 2801 4885 2919 4942; x_wconf 92' lang='lat' dir='ltr'><strong>sine</strong></span> <span class='ocrx_word' id='word_1_749' title='bbox 2948 4887 3162 4943; x_wconf 86' lang='lat' dir='ltr'><strong>ratione</strong></span> <span class='ocrx_word' id='word_1_750' title='bbox 3193 4887 3456 4959; x_wconf 89' lang='lat' dir='ltr'><strong>descripti</strong></span> <span class='ocrx_word' id='word_1_751' title='bbox 3486 4897 3616 4944; x_wconf 91' lang='lat' dir='ltr'><strong>sunt</strong></span> 
     </span>
    </p>
   </div>
   <div class='ocr_carea' id='block_1_110' title="bbox 2041 4976 2350 5045">
    <p class='ocr_par' dir='ltr' id='par_1_110' title="bbox 2041 4976 2350 5045">
     <span class='ocr_line' id='line_1_110' title="bbox 2041 4976 2350 5045; baseline 0.006 -15"><span class='ocrx_word' id='word_1_752' title='bbox 2041 4977 2094 5030; x_wconf 92' lang='lat' dir='ltr'><strong>in</strong></span> <span class='ocrx_word' id='word_1_753' title='bbox 2117 4976 2350 5045; x_wconf 61' lang='lat' dir='ltr'><strong>sphwra.</strong></span> 
     </span>
    </p>
   </div>
   <div class='ocr_carea' id='block_1_111' title="bbox 2111 5068 3614 5138">
    <p class='ocr_par' dir='ltr' id='par_1_111' title="bbox 2111 5068 3614 5138">
     <span class='ocr_line' id='line_1_111' title="bbox 2111 5068 3614 5138; baseline 0.001 -17"><span class='ocrx_word' id='word_1_754' title='bbox 2111 5068 2258 5122; x_wconf 90' lang='lat' dir='ltr'><strong>lnter</strong></span> <span class='ocrx_word' id='word_1_755' title='bbox 2284 5069 2528 5138; x_wconf 92' lang='lat' dir='ltr'><strong>quinque</strong></span> <span class='ocrx_word' id='word_1_756' title='bbox 2579 5068 2869 5138; x_wconf 74' lang='lat' dir='ltr'><strong>przedictos</strong></span> <span class='ocrx_word' id='word_1_757' title='bbox 2903 5069 3196 5138; x_wconf 89' lang='lat' dir='ltr'><strong>parallelos</strong></span> <span class='ocrx_word' id='word_1_758' title='bbox 3225 5071 3486 5134; x_wconf 83' lang='lat' dir='ltr'><strong>circulos,</strong></span> <span class='ocrx_word' id='word_1_759' title='bbox 3523 5084 3614 5123; x_wconf 87' lang='lat' dir='ltr'><strong>ar-</strong></span> 
     </span>
    </p>
   </div>
   <div class='ocr_carea' id='block_1_112' title="bbox 2041 5162 3608 5234">
    <p class='ocr_par' dir='ltr' id='par_1_112' title="bbox 2041 5162 3608 5234">
     <span class='ocr_line' id='line_1_112' title="bbox 2041 5162 3608 5234; baseline 0.003 -18"><span class='ocrx_word' id='word_1_760' title='bbox 2041 5162 2218 5217; x_wconf 89' lang='lat' dir='ltr'><strong>cticus</strong></span> <span class='ocrx_word' id='word_1_761' title='bbox 2244 5163 2488 5218; x_wconf 90' lang='lat' dir='ltr'><strong>circulus</strong></span> <span class='ocrx_word' id='word_1_762' title='bbox 2527 5169 2678 5218; x_wconf 91' lang='lat' dir='ltr'><strong>totus</strong></span> <span class='ocrx_word' id='word_1_763' title='bbox 2709 5178 2876 5234; x_wconf 90' lang='lat' dir='ltr'><strong>supra</strong></span> <span class='ocrx_word' id='word_1_764' title='bbox 2906 5163 3248 5218; x_wconf 85' lang='lat' dir='ltr'><strong>horizontem</strong></span> <span class='ocrx_word' id='word_1_765' title='bbox 3278 5164 3608 5221; x_wconf 89' lang='lat' dir='ltr'><strong>desumitur.</strong></span> 
     </span>
    </p>
   </div>
   <div class='ocr_carea' id='block_1_113' title="bbox 2041 5311 3609 5385">
    <p class='ocr_par' dir='ltr' id='par_1_113' title="bbox 2041 5311 3609 5385">
     <span class='ocr_line' id='line_1_113' title="bbox 2041 5311 3609 5385; baseline 0.003 -19"><span class='ocrx_word' id='word_1_766' title='bbox 2041 5319 2196 5385; x_wconf 81' lang='lat' dir='ltr'><strong>tore;</strong></span> <span class='ocrx_word' id='word_1_767' title='bbox 2234 5313 2690 5385; x_wconf 68' lang='lat' dir='ltr'><strong>complementum</strong></span> <span class='ocrx_word' id='word_1_768' title='bbox 2728 5313 2999 5369; x_wconf 68' lang='lat' dir='ltr'><strong>distantia:</strong></span> <span class='ocrx_word' id='word_1_769' title='bbox 3024 5321 3108 5370; x_wconf 84' lang='lat' dir='ltr'><strong>est</strong></span> <span class='ocrx_word' id='word_1_770' title='bbox 3136 5314 3290 5385; x_wconf 86' lang='lat' dir='ltr'><strong>grad.</strong></span> <span class='ocrx_word' id='word_1_771' title='bbox 3325 5313 3414 5377; x_wconf 81' lang='lat'><strong>66,</strong></span> <span class='ocrx_word' id='word_1_772' title='bbox 3453 5311 3609 5385; x_wconf 84' lang='lat' dir='ltr'><strong>cuius</strong></span> 
     </span>
    </p>
   </div>
   <div class='ocr_carea' id='block_1_114' title="bbox 2041 5381 3608 5455">
    <p class='ocr_par' dir='ltr' id='par_1_114' title="bbox 2041 5381 3608 5455">
     <span class='ocr_line' id='line_1_114' title="bbox 2041 5381 3608 5455; baseline 0.002 -17"><span class='ocrx_word' id='word_1_773' title='bbox 2041 5381 2196 5455; x_wconf 83' lang='lat' dir='ltr'><strong>sinus</strong></span> <span class='ocrx_word' id='word_1_774' title='bbox 2235 5381 2429 5455; x_wconf 70' lang='lat'><strong>91555.</strong></span> <span class='ocrx_word' id='word_1_775' title='bbox 2470 5383 2638 5452; x_wconf 86' lang='lat' dir='ltr'><strong>Igitur</strong></span> <span class='ocrx_word' id='word_1_776' title='bbox 2673 5399 2734 5438; x_wconf 91' lang='lat' dir='ltr'><strong>ea</strong></span> <span class='ocrx_word' id='word_1_777' title='bbox 2781 5381 3175 5455; x_wconf 58' lang='lat' dir='ltr'><strong>proportioes&#39;t</strong></span> <span class='ocrx_word' id='word_1_778' title='bbox 3207 5384 3608 5455; x_wconf 61' lang='lat' dir='ltr'><strong>aequinoctialis</strong></span> 
     </span>
    </p>
   </div>
   <div class='ocr_carea' id='block_1_115' title="bbox 2041 5453 3609 5521">
    <p class='ocr_par' dir='ltr' id='par_1_115' title="bbox 2041 5453 3609 5521">
     <span class='ocr_line' id='line_1_115' title="bbox 2041 5453 3609 5521; baseline 0.002 -16"><span class='ocrx_word' id='word_1_779' title='bbox 2041 5453 2107 5505; x_wconf 94' lang='lat' dir='ltr'><strong>ad</strong></span> <span class='ocrx_word' id='word_1_780' title='bbox 2135 5453 2427 5521; x_wconf 88' lang='lat' dir='ltr'><strong>tr0picum,</strong></span> <span class='ocrx_word' id='word_1_781' title='bbox 2467 5469 2588 5518; x_wconf 70' lang='lat' dir='ltr'><strong>quae</strong></span> <span class='ocrx_word' id='word_1_782' title='bbox 2618 5461 2701 5507; x_wconf 92' lang='lat' dir='ltr'><strong>est</strong></span> <span class='ocrx_word' id='word_1_783' title='bbox 2724 5454 2938 5509; x_wconf 80' lang='grc'><strong>100000</strong></span> <span class='ocrx_word' id='word_1_784' title='bbox 2965 5456 3033 5508; x_wconf 85' lang='lat' dir='ltr'><strong>ad</strong></span> <span class='ocrx_word' id='word_1_785' title='bbox 3063 5453 3399 5516; x_wconf 41' lang='lat' dir='ltr'><strong>91555,_hoc</strong></span> <span class='ocrx_word' id='word_1_786' title='bbox 3427 5461 3512 5508; x_wconf 90' lang='lat' dir='ltr'><strong>est</strong></span> <span class='ocrx_word' id='word_1_787' title='bbox 3541 5455 3609 5508; x_wconf 77' lang='lat' dir='ltr'><strong>l0</strong></span> 
     </span>
    </p>
   </div>
   <div class='ocr_carea' id='block_1_116' title="bbox 2041 5521 3610 5604">
    <p class='ocr_par' dir='ltr' id='par_1_116' title="bbox 2041 5521 3610 5604">
     <span class='ocr_line' id='line_1_116' title="bbox 2041 5521 3610 5604; baseline 0.001 -28"><span class='ocrx_word' id='word_1_788' title='bbox 2041 5521 2107 5576; x_wconf 88' lang='lat' dir='ltr'><strong>ad</strong></span> <span class='ocrx_word' id='word_1_789' title='bbox 2136 5524 2168 5576; x_wconf 91' lang='lat'>9</span> <span class='ocrx_word' id='word_1_790' title='bbox 2199 5522 2568 5604; x_wconf 34' lang='lat' dir='ltr'><strong>‘circitcr._.l‘ta</strong></span> <span class='ocrx_word' id='word_1_791' title='bbox 2605 5524 2847 5604; x_wconf 71' lang='lat' dir='ltr'><strong>circulus</strong></span> <span class='ocrx_word' id='word_1_792' title='bbox 2883 5524 3309 5604; x_wconf 14' lang='lat' dir='ltr'><strong>arcticuashdrati</strong></span> <span class='ocrx_word' id='word_1_793' title='bbox 3345 5523 3512 5604; x_wconf 61' lang='lat' dir='ltr'><strong>distut</strong></span> <span class='ocrx_word' id='word_1_794' title='bbox 3540 5522 3610 5577; x_wconf 88' lang='lat' dir='ltr'><strong>ab</strong></span> 
     </span>
    </p>
   </div>
   <div class='ocr_carea' id='block_1_117' title="bbox 2038 5593 3614 5734">
    <p class='ocr_par' dir='ltr' id='par_1_117' title="bbox 2038 5593 3614 5734">
     <span class='ocr_line' id='line_1_117' title="bbox 2039 5593 3609 5664; baseline 0.001 -19"><span class='ocrx_word' id='word_1_795' title='bbox 2039 5599 2316 5662; x_wconf 70' lang='lat' dir='ltr'><strong>azquatore</strong></span> <span class='ocrx_word' id='word_1_796' title='bbox 2343 5593 2606 5660; x_wconf 80' lang='lat' dir='ltr'><strong>gradibus</strong></span> <span class='ocrx_word' id='word_1_797' title='bbox 2633 5593 2724 5658; x_wconf 72' lang='lat'><strong>49,</strong></span> <span class='ocrx_word' id='word_1_798' title='bbox 2758 5609 2788 5647; x_wconf 88' lang='lat' dir='ltr'><strong>a</strong></span> <span class='ocrx_word' id='word_1_799' title='bbox 2816 5595 2966 5664; x_wconf 89' lang='lat' dir='ltr'><strong>polo,</strong></span> <span class='ocrx_word' id='word_1_800' title='bbox 2999 5595 3091 5648; x_wconf 68' lang='lat' dir='ltr'><strong>«H.</strong></span> <span class='ocrx_word' id='word_1_801' title='bbox 3134 5593 3300 5648; x_wconf 91' lang='lat' dir='ltr'><strong>Sinus</strong></span> <span class='ocrx_word' id='word_1_802' title='bbox 3339 5593 3609 5663; x_wconf 81' lang='lat' dir='ltr'><strong>graduum</strong></span> 
     </span>
     <span class='ocr_line' id='line_1_118' title="bbox 2038 5662 3614 5734; baseline 0.002 -18"><span class='ocrx_word' id='word_1_803' title='bbox 2038 5664 2102 5734; x_wconf 60' lang='lat' dir='ltr'><strong>ll</strong></span> <span class='ocrx_word' id='word_1_804' title='bbox 2143 5673 2226 5734; x_wconf 82' lang='lat' dir='ltr'><strong>est</strong></span> <span class='ocrx_word' id='word_1_805' title='bbox 2267 5662 2459 5717; x_wconf 68' lang='grc'><strong>75471.</strong></span> <span class='ocrx_word' id='word_1_806' title='bbox 2505 5663 2738 5718; x_wconf 84' lang='lat' dir='ltr'><strong>Proinde</strong></span> <span class='ocrx_word' id='word_1_807' title='bbox 2780 5667 2852 5717; x_wconf 81' lang='lat' dir='ltr'><strong>ita</strong></span> <span class='ocrx_word' id='word_1_808' title='bbox 2897 5680 2957 5720; x_wconf 80' lang='lat' dir='ltr'><strong>se</strong></span> <span class='ocrx_word' id='word_1_809' title='bbox 3003 5665 3164 5718; x_wconf 84' lang='lat' dir='ltr'><strong>habet</strong></span> <span class='ocrx_word' id='word_1_810' title='bbox 3210 5663 3614 5734; x_wconf 62' lang='lat' dir='ltr'><strong>aequinoctialis</strong></span> 
     </span>
    </p>
   </div>
   <div class='ocr_carea' id='block_1_118' title="bbox 2039 5733 3614 5799">
    <p class='ocr_par' dir='ltr' id='par_1_118' title="bbox 2039 5733 3614 5799">
     <span class='ocr_line' id='line_1_119' title="bbox 2039 5733 3614 5799; baseline 0.003 -14"><span class='ocrx_word' id='word_1_811' title='bbox 2039 5733 2106 5785; x_wconf 91' lang='lat' dir='ltr'><strong>ad</strong></span> <span class='ocrx_word' id='word_1_812' title='bbox 2141 5733 2406 5786; x_wconf 88' lang='lat' dir='ltr'><strong>circulum</strong></span> <span class='ocrx_word' id='word_1_813' title='bbox 2453 5734 2596 5786; x_wconf 89' lang='lat' dir='ltr'><strong>hunc</strong></span> <span class='ocrx_word' id='word_1_814' title='bbox 2635 5734 2899 5789; x_wconf 84' lang='lat' dir='ltr'><strong>arcticum</strong></span> <span class='ocrx_word' id='word_1_815' title='bbox 2936 5735 3016 5788; x_wconf 91' lang='lat' dir='ltr'><strong>uti</strong></span> <span class='ocrx_word' id='word_1_816' title='bbox 3061 5733 3289 5789; x_wconf 79' lang='grc'><strong>100000</strong></span> <span class='ocrx_word' id='word_1_817' title='bbox 3305 5733 3370 5787; x_wconf 86' lang='lat' dir='ltr'><strong>ad</strong></span> <span class='ocrx_word' id='word_1_818' title='bbox 3401 5733 3614 5799; x_wconf 64' lang='lat'><strong>75671;</strong></span> 
     </span>
    </p>
   </div>
   <div class='ocr_carea' id='block_1_119' title="bbox 2039 5804 3430 5875">
    <p class='ocr_par' dir='ltr' id='par_1_119' title="bbox 2039 5804 3430 5875">
     <span class='ocr_line' id='line_1_120' title="bbox 2039 5804 3430 5875; baseline 0.001 -19"><span class='ocrx_word' id='word_1_819' title='bbox 2039 5818 2159 5874; x_wconf 65' lang='lat' dir='ltr'><strong>quae</strong></span> <span class='ocrx_word' id='word_1_820' title='bbox 2182 5804 2462 5874; x_wconf 83' lang='lat' dir='ltr'><strong>proportio</strong></span> <span class='ocrx_word' id='word_1_821' title='bbox 2488 5805 2597 5859; x_wconf 73' lang='lat' dir='ltr'><strong>fere</strong></span> <span class='ocrx_word' id='word_1_822' title='bbox 2626 5813 2711 5860; x_wconf 84' lang='lat' dir='ltr'><strong>est</strong></span> <span class='ocrx_word' id='word_1_823' title='bbox 2735 5805 3106 5875; x_wconf 81' lang='lat' dir='ltr'><strong>scsquitertia,</strong></span> <span class='ocrx_word' id='word_1_824' title='bbox 3133 5814 3193 5860; x_wconf 90' lang='lat' dir='ltr'><strong>ut</strong></span> <span class='ocrx_word' id='word_1_825' title='bbox 3215 5804 3246 5860; x_wconf 71' lang='grc'><strong>4</strong></span> <span class='ocrx_word' id='word_1_826' title='bbox 3281 5805 3348 5861; x_wconf 81' lang='lat' dir='ltr'><strong>ad</strong></span> <span class='ocrx_word' id='word_1_827' title='bbox 3378 5804 3430 5861; x_wconf 76' lang='grc' dir='ltr'>ὃ.</span> 
     </span>
    </p>
   </div>
  </div>
