4116 6400
496 371 602 426 775

1492 365 1579 421 AD
1618 363 1888 422 EUSEBll
1920 360 2317 420 CHRONICON
2357 358 2723 419 APPENDIX.

3655 360 3762 416 776

495 490 748 549 Estivus
780 490 1026 562 tropicus
1064 490 1305 547 circulus
1342 488 1399 543 in
1428 487 1570 544 duas
1606 496 1792 559 partes
1820 488 2064 558 inaequa-

2185 483 2275 538 ἰδὲ
2304 482 2514 555 θερινὸς
2538 478 2799 553 τροπικὸς
2846 477 3048 541 κύκλος
3088 476 3169 541 εἰς
3192 475 3287 531 δύο
3316 493 3460 548 μερη
3486 476 3645 531 άνισα
3674 479 3765 532 τέο

498 586 577 639 les
608 590 827 638 secatur
867 582 937 637 ab
956 582 1262 643 horizonte,
1291 588 1345 635 et
1385 588 1729 650 segmentum
1767 579 1949 649 majus
1977 593 2077 634 su-

495 690 592 748 pra
636 685 840 728 terram
888 673 1215 738 desumitur,
1256 671 1440 726 minus
1489 685 1621 726 vero
1661 668 1804 724 infra
1841 677 2072 726 terram.

497 770 569 823 At
600 783 705 822 non
739 783 835 838 per
864 781 1053 820 omnes
1077 766 1327 835 regiones
1359 774 1413 818 et
1459 763 1625 817 urbes
1670 763 1862 817 eodem
1913 761 2077 817 modo

493 862 719 918 aestivus
742 860 986 930 tropicus
1013 857 1257 912 circulus
1283 863 1504 911 secatur
1535 856 1604 910 ab
1635 855 1943 922 horizonte,
1975 855 2074 909 sed

492 954 649 1025 juxta
673 953 951 1006 climatum
977 950 1330 1007 diversitates
1351 949 1631 1005 diversum
1659 956 2075 1021 segmentorum

494 1061 781 1100 excessum
818 1044 1090 1115 contingit
1126 1044 1369 1110 evenire,
1413 1052 1578 1114 atque
1622 1044 1690 1099 iis
1724 1042 1946 1113 quidem
1981 1042 2075 1113 qui

497 1136 670 1204 magis
703 1136 807 1205 10
831 1150 995 1204 quam
1038 1149 1156 1197 uos,
1202 1149 1395 1190 versus
1443 1135 1868 1204 septentrionem
1916 1133 2077 1187 babi-

497 1235 634 1290 tant,
668 1226 722 1280 in
759 1235 1037 1296 segmenta
1067 1226 1239 1298 magis
1264 1226 1549 1296 inaequalia
1578 1226 1645 1280 ah
1674 1226 1956 1280 horizonte
1989 1239 2077 1280 se-

495 1318 609 1372 cari
643 1320 916 1388 tropicum
946 1319 1199 1373 aestivum
1239 1318 1490 1388 contigit.
1521 1316 1584 1370 Et
1622 1318 1836 1372 tandem
1868 1325 1955 1373 est
1989 1333 2077 1372 re-

495 1410 585 1478 gio
616 1410 889 1480 quaedam,
928 1410 982 1464 in
1021 1424 1127 1479 qua
1158 1416 1308 1463 totus
1347 1410 1571 1463 azstivus
1603 1408 1850 1479 tropicus
1893 1409 2077 1464 circu-

494 1502 583 1556 lus
614 1503 671 1555 ﬁt
699 1518 864 1573 supra
899 1510 1124 1556 terram.
1156 1500 1229 1555 lis
1258 1514 1391 1554 vero
1424 1500 1520 1571 qui
1551 1502 1723 1570 magis
1753 1514 1916 1570 quam
1948 1514 2071 1565 nos,

493 1609 691 1650 versus
715 1594 999 1649 meridiem
1024 1594 1297 1658 habitant,
1326 1593 1383 1646 in
1412 1599 1692 1663 segmenta
1730 1593 1912 1646 minus
1946 1592 2075 1645 ina:-

495 1687 679 1758 qualia
709 1687 932 1742 mstivus
956 1685 1204 1756 tropicus
1226 1685 1469 1739 circulus
1493 1684 1560 1738 ab
1584 1684 1869 1739 horizonte
1892 1691 2075 1739 sectus

496 1786 599 1834 est.
632 1777 697 1831 Et
719 1777 940 1832 tandem
974 1787 1058 1832 est
1082 1776 1232 1846 regio
1273 1775 1520 1846 quzedam
1559 1790 1754 1830 versus
1794 1773 2073 1830 meridiem

496 1871 659 1927 nobis
690 1871 817 1935 sita,
844 1871 901 1924 in
940 1884 1050 1940 qua
1093 1868 1378 1938 aequaliter
1410 1867 1673 1923 dividitur
1701 1868 1926 1923 aestivus
1957 1875 2075 1920 tro-

2181 595 2371 650 μνεται
2410 576 2515 631 ὑπὸ
2560 574 2653 629 τοῦ
2678 572 2981 646 ὁρίζοντος,
3012 571 3107 626 καὶ
3139 570 3200 625 τὸ
3228 570 3328 643 μὲν
3360 569 3542 642 μεῖζον
3566 571 3767 644 τμῆμα

2179 674 2318 746 ὑπὲρ
2363 673 2466 743 γῆν
2522 668 2986 741 ἀπολαμϐάνεται,
3017 668 3079 722 τδ
3103 668 3160 722 δὲ
3188 667 3491 733 ἔλασσονίτ,
3522 668 3628 721 ὑπὸ
3663 668 3766 740 τὴν

2176 763 2301 833 γῆν.
2340 763 2414 816 Οὐ
2463 760 2606 815 κατά
2646 762 2827 814 πᾶσαν
2867 759 2925 813 δὲ
2952 758 3138 831 χώραν
3181 759 3275 812 καί
3314 758 3468 812 πόλιν
3508 758 3710 828 ὁμοίως
3734 760 3765 812 ὁ

2176 855 2386 925 θερινὸς
2412 854 2670 926 τροπικὸς
2703 853 2903 917 κύκλος
2927 853 3191 922 τέμνεται
3217 851 3323 904 ὑπὸ
3342 848 3437 903 τοῦ
3471 850 3761 921 ὁρίζοντος,

2177 947 2316 1002 ἀλλά
2351 947 2502 1019 παρὰ
2531 945 2629 1010 τὰς
2656 945 2766 998 τῶν
2804 944 3086 1015 κλιμάτων
3111 942 3469 1014 παραλλαγὰς
3507 943 3768 1015 διάφορον

2177 1041 2277 1112 τὴν
2299 1039 2405 1093 τῶν
2433 1038 2735 1109 τμημάτων
2766 1035 3039 1108 ὑπεροχὴν
3068 1034 3354 1106 συμϐαίνει
3380 1034 3645 1103 γίνεσθαι·
3671 1034 3769 1089 καὶ

2174 1135 2290 1196 τοῖς
2323 1131 2418 1203 μὲν
2441 1131 2579 1202 πρὸς
2612 1129 2813 1200 ἄρκτον
2850 1128 3049 1200 μᾶλλον
3082 1126 3238 1198 ἡμῶν
3263 1126 3505 1180 οἰκοῦσιν
3552 1128 3631 1190 εἰς
3672 1127 3768 1179 ἀν-

2179 1227 2428 1298 ισαὶτερα
2454 1226 2596 1297 μέρη
2633 1224 2924 1296 συμϐαίνει
2953 1223 3246 1295 τέμνεσθαι
3276 1222 3369 1276 τὸν
3402 1221 3615 1294 θερινὸν
3658 1223 3767 1277 ὑπὸ

2175 1318 2269 1371 τοῦ
2296 1316 2591 1389 ὁρίζοντος.
2624 1316 2736 1369 Καὶ
2769 1314 2945 1387 πέρας
2970 1315 3087 1368 ἐστὶ
3118 1314 3273 1386 χώρα
3307 1331 3412 1378 τις,
3445 1307 3561 1389 ἐςνῇ
3590 1313 3710 1378 ὅλος
3737 1316 3768 1368 ὁ

2177 1410 2387 1482 θερινὸς
2439 1408 2700 1481 τροπικδς
2742 1407 2942 1471 κύκλος
2988 1407 3129 1478 ὑπὲρ
3151 1406 3257 1478 γῆν
3284 1407 3512 1476 γίνεται.
3546 1408 3670 1469 Τοῖς
3710 1406 3769 1460 δὲ

2178 1503 2313 1575 πρὸς
2352 1500 2698 1573 μεσημϐρίαν
2729 1499 2930 1572 μᾶλλον
2961 1498 3199 1553 οἰκοῦσιν
3232 1499 3410 1570 ἡμῶν,
3443 1501 3522 1564 εἰς
3555 1498 3767 1554 ἀνισαί-

2176 1611 2309 1666 τερα
2333 1594 2379 1626 ¹⁸
2411 1593 2554 1665 μέρη
2575 1594 2604 1645 ὁ
2624 1591 2834 1661 θερινὸς
2871 1591 3130 1663 τροπικὸς
3171 1590 3370 1654 κύκλος
3397 1591 3503 1645 ὑπὸ
3534 1591 3628 1645 τοῦ
3654 1591 3770 1663 ὁρί-

2178 1684 2361 1749 ζοντος
2387 1671 2674 1756 τέτμηται.
2709 1683 2821 1737 Καὶ
2846 1683 3020 1754 πέρας
3052 1684 3169 1736 ἐστὶ
3198 1682 3350 1754 χώρα
3384 1701 3467 1747 τις
3500 1684 3638 1755 πρὸς
3666 1700 3768 1754 με-

2179 1776 2456 1849 σημϐρίαν
2483 1778 2614 1848 ἡμῖν
2643 1777 2893 1847 κειμένη,
2932 1777 2988 1828 ὲν
3103 1775 3466 1846 διχοτομεῖται
3494 1778 3524 1830 ὁ
3555 1775 3766 1849 θερινὸς

2107 1850 2151 1904 Β
2177 1867 2435 1939 τροπικὸς
2465 1866 2663 1930 κύκλος
2696 1867 2803 1921 ὑπὸ
2850 1865 2945 1918 τοῦ
2986 1865 3277 1937 ὁρίζοντος·
3313 1866 3547 1919 ἐνταῦθα
3582 1867 3639 1920 δὲ
3674 1867 3765 1920 τέ-

495 1965 653 2034 picus
683 1963 928 2018 circulus
962 1963 1031 2017 al)
1061 1962 1352 2016 horizonte
1381 1980 1392 2014 :
1422 1960 1478 2015 in
1505 1961 1610 2015 hoc
1651 1967 1834 2015 autem
1861 1960 2080 2014 climate

2185 1976 2372 2030 μνεται
2401 1957 2593 2021 οὓτως,
2616 1957 2777 2022 ὥστε,
2796 1956 2889 2011 τοῦ
2917 1958 3037 2010 ὅλου
3066 1957 3263 2011 κύκλου
3285 1959 3662 2030 διαιρουμένου
3687 1961 3768 2023 εἰς

499 2063 720 2112 secatur
762 2057 861 2121 ita,
907 2064 967 2110 ut
1000 2069 1125 2107 cum
1172 2060 1324 2107 totus
1357 2052 1598 2107 circulus
1636 2053 1689 2106 in
1729 2060 1854 2105 octo
1894 2057 2080 2122 partes

2185 2059 2229 2124 η’
2259 2052 2421 2123 μέρη,
2452 2051 2612 2104 πέντε
2657 2051 2754 2121 μὲν
2786 2052 3049 2122 τμήματα
3090 2050 3229 2121 ὑπὲρ
3257 2050 3360 2121 γῆν
3389 2050 3771 2121 ἀπολαμϐάνε-

497 2150 736 2220 aequales
771 2147 984 2203 divisus
1027 2152 1133 2210 est,
1167 2143 1235 2199 de
1271 2144 1358 2199 his
1406 2146 1653 2216 quinque
1686 2152 1871 2213 partes
1914 2156 2081 2214 supra

2185 2143 2326 2208 σθαι,
2357 2143 2483 2215 τρία
2514 2143 2571 2197 δὲ
2603 2143 2709 2197 ὑπὸ
2737 2143 2861 2214 γῆν.
2893 2145 3039 2216 Πρὸς
3063 2145 3120 2197 δὲ
3150 2143 3308 2198 τοῦτο
3334 2145 3394 2198 τὸ
3432 2144 3598 2217 κλίμα
3623 2145 3773 2200 δοκεῖ

498 2242 839 2296 horizontem
885 2240 1267 2304 desumantur,
1302 2246 1416 2294 tres
1467 2251 1597 2291 vero
1646 2236 1791 2290 infra
1830 2235 2083 2291 horizon-

498 2341 628 2386 tem.
669 2331 751 2385 Ad
783 2331 886 2385 hoc
928 2332 1091 2384 clima
1123 2330 1340 2386 videtur
1384 2328 1549 2385 etiam
1574 2327 1777 2382 Aratus
1809 2342 2081 2398 apparen-

500 2425 698 2478 tiarum
759 2430 1050 2476 tractatum
1109 2421 1509 2491 composuisse.
1569 2418 1705 2474 Nam
1756 2420 1826 2475 de
1887 2419 2079 2475 ως»ιὶνο

499 2516 711 2586 tropico
740 2515 948 2570 circulo
978 2513 1276 2577 disserens,
1319 2514 1401 2569 sic
1438 2512 1652 2582 inquit:

500 2625 617 2700 [jac
647 2627 877 2681 maxime
906 2628 960 2681 in
980 2637 1093 2700 octo
1118 2627 1344 2700 (equam
1377 2637 1553 2700 partes
1580 2627 1768 2692 diviso,

501 2696 705 2750 Earum
744 2699 968 2770 quinque
1010 2696 1317 2752 meridiana:
1368 2699 1652 2838 volvuntzfr
1679 2713 1771 2766 per
1805 2712 2078 2764 supremas

1626 2776 1802 2835 partes
1835 2778 2007 2831 terrm,

1619 2783 1802 2838 partes
1835 2783 2007 2838 reri-re,

502 2838 631 2894 Tres
674 2854 793 2893 vero
840 2838 895 2892 in
933 2837 1299 2908 hemisphwria
1343 2838 1459 2908 sub,
1499 2837 1912 2893 ιετι-αεωειαιὶε
1958 2837 2079 2890 huic

1445 2907 1591 2981 [sunt
1624 2910 2007 2964 conversiones.

574 3041 654 3098 Ex
677 3043 777 3096 hac
797 3041 1068 3097 divisione
1103 3041 1375 3112 sequitur,
1402 3040 1787 3111 longissimum
1815 3039 1960 3095 diem
1986 3039 2087 3094 ho-

500 3152 685 3192 rarum
719 3135 1187 3206 azquinoctialium
1216 3134 1335 3188 ﬁeri
1370 3133 1459 3197 15,
1497 3141 1717 3187 noctem
1757 3146 1890 3187 vero
1919 3131 2084 3186 hora.

2180 2235 2274 2288 κα¹ι
2335 2236 2363 2288 ὁ
2410 2237 2647 2306 ’Ἄρατος
2701 2236 3084 2306 συντεταχέναι
3135 2237 3235 2308 τὴν
3281 2237 3391 2291 τῶν
3431 2240 3771 2309 φαινομένων

2181 2327 2586 2397 πραγματείαν.
2614 2327 2749 2399 Πσρὶ
2774 2327 2884 2398 γάρ
2912 2328 3006 2382 τοῦ
3037 2328 3250 2401 θερινοῦ
3280 2330 3543 2402 τροπικοῦ
3570 2332 3770 2386 κύκλου

2177 2419 2561 2492 διαλεγόμενός
2594 2438 2759 2493 φησιν
2787 2421 2961 2485 οὕτως

2188 2624 2298 2679 Τοῦ
2326 2622 2443 2692 μὲν
2473 2623 2624 2677 ὅσον
2655 2639 2720 2677 τε
2742 2623 3012 2693 μάλιστα
3052 2621 3126 2675 δι’
3168 2620 3321 2676 ὀκτὼ
3351 2620 3771 2692 μετρηθέντος,

2181 2694 2369 2748 Πέντε
2400 2694 2519 2764 μὲν
2556 2692 3047 2762 ἐνδιαστρέφεται
3075 2693 3205 2747 καθ’
3244 2693 3547 2761 ὑπέρτατα
3575 2695 3771 2762 γαίης,

2188 2828 2264 2883 Τὰ
2311 2828 2445 2897 τρία
2492 2826 2546 2881 δ’
2589 2827 2660 2881 ἐν
2697 2825 2925 2896 περάτῃ
2950 2843 2964 2857 ’
3021 2827 3236 2897 asperat
3278 2826 3348 2881 δὲ
3389 2830 3445 2882 οἱ
3486 2828 3775 2972 ὲνῖρρπαι

3588 2917 3619 2953 ε
3642 2918 3769 2954 σιν.

3588 2917 3769 2954 εισιν.

2267 3033 2362 3086 Ἐκ
2388 3032 2444 3086 δὲ
2470 3032 2674 3103 ταύτης
2698 3033 2798 3105 τῆς
2823 3032 3139 3101 διαιρέσεως
3157 3034 3460 3104 ἀκολουθεῖ,
3490 3037 3588 3108 τὴν
3621 3039 3776 3109 μεγί-

2186 3141 2319 3195 στην
2362 3125 2578 3197 ἡμέραν
2614 3124 2773 3195 ὡρῶν
2816 3125 3148 3197 ἰσημερινῶν
3181 3129 3429 3196 γίνεσθαι
3474 3136 3555 3197 ιε’,
3590 3132 3687 3203 τὴν
3714 3132 3773 3185 δὲ

499 3245 621 3284 rum
668 3227 1133 3299 aequinoctialium
1164 3226 1218 3281 9.
1245 3223 1306 3280 In
1334 3225 1620 3281 horizonte
1648 3222 1828 3280 Rhodi
1856 3226 2081 3280 aestivus

2185 3213 2354 3267 νύκτα
2375 3214 2533 3286 ὡρῶν
2563 3214 2894 3286 ἰσημερινῶν
2912 3215 2977 3269 θ’.
2996 3217 3085 3272 Ἐν
3109 3218 3166 3270 δὲ
3193 3218 3271 3291 τῷ
3296 3219 3438 3273 κατά
3464 3221 3644 3274 Ῥόδον
3661 3222 3773 3293 (17)

500 3321 749 3390 tropicus
785 3319 1028 3375 circulus
1060 3318 1133 3372 ab
1176 3317 1464 3372 horizonte
1507 3319 1588 3373 sic
1621 3325 1707 3373 est
1748 3318 1981 3382 divisus,
2022 3324 2083 3371 ut

501 3429 627 3466 rum
659 3420 804 3467 totus
845 3411 1090 3466 circulus
1139 3409 1193 3463 in
1222 3409 1293 3463 48
1324 3418 1508 3480 partes
1545 3408 1845 3474 dividatur,
1892 3422 2082 3463 earum

500 3505 571 3560 29
611 3520 775 3575 supra
804 3505 1141 3558 horizontem
1171 3501 1553 3565 desumautur,
1589 3500 1814 3569 reliquae
1857 3512 1988 3554 vero
2016 3497 2083 3552 19

504 3591 646 3647 infra
687 3602 912 3647 terram.
964 3590 1044 3644 Ex
1078 3590 1181 3645 hac
1224 3589 1495 3646 divisione
1538 3589 1789 3660 sequitur
1828 3588 2087 3659 longissio

504 3699 653 3738 mum
681 3685 823 3739 diem
847 3684 902 3737 in
937 3679 1285 3746 Rhodojicri
1314 3682 1578 3737 horarum
1614 3681 2084 3751 aequinoctialium

506 3777 713 3848 141/2,
738 3784 949 3832 noctem
964 3788 1095 3832 vero
1122 3775 1381 3830 horarum
1415 3773 1888 3846 aequinoctialium
1905 3772 1939 3829 9
1959 3772 2084 3844 1/2.

575 3951 996 4022 Equinoctialis
1025 3951 1268 4008 circulus
1299 3966 1400 4023 per
1425 3958 1594 4007 totam
1638 3960 1842 4008 terram
1870 3952 2088 4007 habita-

505 4045 668 4100 hilem
710 4045 995 4114 aequaliter
1022 4052 1245 4101 secatur
1283 4046 1354 4101 ab
1394 4045 1703 4111 horizonte,
1738 4055 1799 4100 ut
1836 4047 2087 4101 semicir-

506 4136 666 4191 culus
708 4152 873 4205 supra
912 4144 1111 4191 terram
1151 4137 1496 4203 desumatur,
1540 4138 1926 4194 semicirculus
1957 4153 2086 4195 vero

506 4228 648 4282 infra
711 4222 912 4282 terram
943 4247 956 4283 :
985 4229 1056 4284 ob
1111 4243 1277 4300 quam
1330 4243 1556 4285 causam
1601 4231 1671 4285 ah
1718 4231 1823 4286 hoc
1877 4231 2088 4288 circulo

505 4321 835 4390 aequinoctia
875 4318 1033 4375 ﬁunt.

580 4414 851 4471 lliberuus
880 4414 1128 4486 tropicus
1165 4414 1410 4472 circulus
1442 4416 1511 4472 ab
1555 4415 1845 4474 horizonte
1880 4419 1961 4474 sic
2001 4434 2092 4475 se-

507 4520 684 4573 catur,
716 4513 776 4561 ut
802 4507 987 4564 minus
1017 4517 1360 4579 segmentum
1393 4507 1460 4565 sit
1500 4526 1668 4582 supra
1695 4521 1897 4568 terram
1931 4531 1944 4568 :
1971 4529 2091 4569 ma-

2188 3308 2422 3378 ὁρίζοντι
2444 3308 2470 3360 ὁ
2496 3306 2709 3377 θερινὸς
2730 3309 2990 3379 τροπικὸς
3018 3310 3218 3376 κύκλος
3254 3313 3359 3366 ὑπὸ
3387 3313 3480 3367 τοῦ
3501 3315 3776 3386 ὁρίζοντος

2189 3398 2452 3468 τέτμηται
2481 3397 2676 3463 οὕτως,
2718 3399 2889 3467 ὥστε,
2916 3400 3013 3455 τοῦ
3049 3404 3173 3458 ὅλου
3215 3404 3415 3459 κύκλου
3445 3407 3775 3479 διῃρημένου

2192 3492 2270 3553 εἰς
2299 3490 2439 3561 μέρη
2472 3488 2583 3562 μη’,
2618 3490 2685 3544 τὰ
2720 3493 2821 3562 μὲν
2854 3493 2937 3547 κθ¹
2962 3497 3227 3567 τμήματα
3252 3498 3393 3571 ὑπὲρ
3414 3500 3503 3553 τὸν
3531 3501 3777 3572 ὁρίζοντα

2191 3581 2691 3652 ἀπολαμϐάνεσθαι,
2728 3584 2796 3637 τά
2823 3585 2880 3639 δὲ
2915 3586 2979 3640 ιθ¹
3006 3589 3112 3642 ὑπὸ
3134 3590 3257 3661 γῆν.
3301 3591 3396 3645 Ἐκ
3423 3582 3479 3645 δὲ
3505 3591 3606 3663 τῆς
3636 3594 3775 3647 διαι-

2194 3676 2397 3748 ρέσεως
2441 3677 2647 3751 ταύτης
2694 3680 2978 3735 ἀκολουθεί
3014 3682 3111 3751 τὴν
3145 3683 3414 3754 μεγίστην
3461 3684 3679 3757 ἡμέραν
3720 3688 3778 3739 ὲν

2203 3768 2370 3841 Ῥόδῳ
2403 3770 2651 3839 γίνεσθαι
2680 3773 2840 3844 ὡρῶν
2879 3774 3210 3846 ἰσημερινῶν
3242 3776 3362 3841 ιδς”
3397 3775 3497 3848 τὴν
3520 3776 3577 3830 δὲ
3607 3776 3776 3832 νύκτα

2193 3859 2353 3931 ὡρῶν
2386 3863 2473 3934 ἰση
2482 3863 2721 3935 μερινῶν
2749 3864 2873 3929 θς”.
3390 3939 3395 3943 _

2274 3953 2334 4008 '0
2366 3953 2424 4007 δὲ
2458 3955 2775 4031 ἰσημερινδς
2799 3956 2999 4022 κύκλος
3027 3959 3149 4013 καθ’
3171 3960 3299 4033 ὅλην
3326 3962 3425 4033 τὴν
3452 3964 3779 4034 οἰκουμένην

2192 4045 2557 4117 διχοτομεῖται
2585 4047 2692 4101 ὑπὸ
2714 4048 2809 4101 τοῦ
2838 4049 3130 4121 ὁρίζοντος,
3158 4052 3299 4106 ὥστε
3324 4054 3648 4125 ἡμικύκλιον
3680 4057 3778 4127 μὲν

2196 4138 2336 4210 ὑπὲρ
2369 4137 2474 4208 γῆν
2519 4139 3023 4211 ἀπολαμϐάνεσθαι,
3061 4143 3386 4214 ἡμικύκλιον
3413 4145 3469 4200 δὲ
3504 4148 3609 4201 ὑπὸ
3640 4148 3776 4219 γῆνο

2194 4229 2262 4282 δι’
2286 4229 2353 4300 ἣν
2385 4230 2563 4285 αἰτίαν
2593 4230 2699 4284 ὑπὸ
2725 4231 2818 4285 τοῦ
2858 4232 3057 4286 κύκλου
3108 4234 3296 4289 τούτου
3320 4239 3374 4290 αἰ
3431 4238 3711 4311 ἰσημερίαι
3737 4241 3777 4273 ¹⁹

2196 4319 2457 4385 γίνονται.

2281 4415 2339 4471 Ὀ
2365 4415 2422 4468 δὲ
2447 4418 2758 4488 χειμερινὸς
2788 4420 3049 4491 τροπικὸς
3084 4420 3284 4485 κύκλος
3318 4423 3424 4476 ὑπὸ
3448 4423 3540 4477 τοῦ
3581 4424 3785 4497 ὁρίζον-

2197 4523 2289 4571 τος
2307 4509 2565 4579 τέμνεται
2587 4509 2780 4577 οὒτως,
2804 4510 2945 4565 ὥστε
2965 4513 3026 4565 τὸ
3055 4513 3154 4582 μὲν
3172 4512 3400 4568 ἔλασσον
3422 4517 3615 4587 τμῆμα
3643 4519 3783 4590 ὑπὲρ

505 4597 598 4667 jus
642 4613 773 4653 vero
817 4597 963 4652 infra
1015 4607 1241 4654 terram.
1293 4600 1640 4672 lmequalitas
1682 4612 2082 4674 segmentorum

2197 4599 2302 4669 γῆν
2347 4599 2613 4679 γίνεσθαι,
2643 4603 2702 4655 τὸ
2733 4602 2790 4655 δὲ
2823 4603 3006 4674 μεῖζον
3033 4604 3137 4657 ὑπὸ
3169 4605 3291 4676 γῆν.
3340 4605 3401 4659 Ἦ
3439 4607 3496 4661 δὲ
3530 4609 3782 4680 ἀνισότης

508 4688 756 4743 eamdem
779 4688 944 4744 habet
972 4686 1354 4746 diversitatem
1383 4692 1440 4746 in
1461 4691 1717 4747 omnibus
1749 4692 2089 4759 climatibus,

512 4795 634 4849 quae
670 4779 830 4835 (iebat
858 4781 1024 4836 etiam
1067 4783 1121 4836 in
1142 4782 1333 4838 aestivo
1359 4783 1574 4854 tropico
1602 4784 1833 4840 circulo.
1864 4786 2095 4857 Semper

512 4869 656 4921 enim
679 4869 891 4922 alterna
917 4877 1199 4939 segmenta
1222 4871 1562 4941 tropicorum
1585 4872 1919 4929 circulorum
1948 4874 2093 4931 inter

510 4973 575 5014 se
628 4967 756 5013 sunt
802 4960 1055 5029 aequalia.
1111 4958 1194 5015 0b
1246 4975 1411 5030 quam
1455 4975 1684 5016 causam
1733 4962 2091 5034 longissimus

515 5048 635 5104 dies
690 5050 915 5121 aequalis
971 5059 1055 5104 est
1110 5050 1444 5122 longissimae
1501 5053 1673 5108 nocti.
1743 5053 2096 5113 Antarcticus

518 5140 760 5196 circulus
799 5149 948 5196 totus
973 5141 1118 5195 infra
1157 5142 1500 5199 horizontem
1538 5145 1871 5202 occultatur.

593 5317 669 5372 Ex
730 5318 973 5390 quinque
1033 5321 1311 5390 praedictis
1366 5322 1647 5393 parallelis
1686 5323 1950 5393 circulis,
2002 5327 2099 5382 alii

610 5472 755 5547 "37p.
790 5476 1090 5548 ἐλάχιστον.
1169 5478 1213 5511 ⁸⁸
1231 5478 1283 5549 Ι.
1321 5479 1482 5535 ἰσαίτ.

602 5632 704 5705 (Ιῖ)
750 5636 845 5688 Ἐν
879 5634 948 5688 δὲ
976 5633 1056 5699 τῷ
1094 5634 1505 5705 κατὰῬόδον.
1543 5635 1682 5691 Cum
1733 5637 1806 5692 sit
1851 5637 2099 5692 maxima

526 5702 643 5757 dies
675 5702 777 5759 {sub
807 5704 1308 5774 parallelo-Rhodio
1333 5705 1593 5759 horarum
1636 5706 1704 5760 14
1739 5715 1798 5764 ct
1829 5706 2096 5768 dimidiae,

528 5784 579 5826 et
610 5788 714 5826 nox
748 5775 968 5828 minima
995 5775 1253 5830 horarum
1276 5775 1309 5831 9
1337 5784 1392 5831 et
1417 5774 1677 5837 dimidiae.
1709 5777 1948 5835 maxima
1979 5777 2099 5833 dies

1582 5480 1624 5513 ¹⁹
1659 5498 1749 5551 γρ.
1789 5483 2121 5554 ἰσημριναί.

2201 4693 2307 4747 τῶν
2334 4694 2638 4764 τμημάτων
2665 4692 2762 4765 τὴν
2795 4694 2964 4767 αὐτὴν
2989 4695 3342 4767 παραλλαγὴν
3374 4697 3487 4768 ἔχει
3522 4700 3614 4752 ἐπὶ
3643 4701 3781 4754 πάν-

2197 4799 2307 4838 των
2336 4783 2445 4837 τῶν
2472 4784 2774 4856 κλιμάτων,
2797 4786 2920 4856 ἥτις
2941 4787 3150 4855 ἐγίνετο
3178 4788 3272 4840 καὶ
3322 4788 3416 4840 ἐπὶ
3452 4787 3546 4842 τοῦ
3571 4789 3783 4861 θερινοῦ

2199 4875 2467 4946 τροπικοῦ
2515 4876 2739 4932 κύκλου.
2777 4876 2877 4930 Διά
2911 4878 3113 4942 παντὸς
3148 4877 3256 4949 γάρ
3289 4877 3358 4933 τὰ
3386 4880 3612 4946 ὲναλλάξ
3642 4885 3778 4954 τμή.

2202 4982 2349 5036 ματα
2379 4967 2488 5022 τῶν
2510 4969 2790 5043 τροπικῶν
2816 4969 3031 5025 κύκλων
3068 4970 3156 5024 ἰσα
3177 4971 3428 5043 ἀλλήλοις
3459 4975 3595 5029 ἐστί.
3622 4978 3698 5029 Δι’
3719 4979 3778 5050 ἢει

2202 5058 2382 5113 αἰτίαν
2412 5062 2447 5131 ἡ
2481 5062 2712 5132 μεγίστη
2754 5060 2938 5133 ἡμέρα
2968 5062 3055 5135 ἴση
3100 5063 3217 5116 ἐστί
3243 5067 3310 5135 τῇ
3343 5066 3575 5139 μεγίστῃ
3608 5068 3781 5121 νυκτί.

2214 5147 2273 5200 '0
2301 5148 2357 5201 δὲ
2377 5149 2734 5222 ἀνταρκτικὸς
2762 5150 2959 5217 κύκλος
2984 5152 3103 5216 ὅλος
3128 5153 3233 5207 ὑπὸ
3260 5154 3353 5209 τὸν
3383 5154 3633 5227 ὁρίζοντα
3654 5157 3789 5229 κρύ-

2205 5255 2422 5295 πτεται.

2278 5331 2399 5387 Τῶν
2432 5334 2490 5389 δὲ
2526 5338 2940 5411 προειρημένων
2975 5326 3137 5395 πέντε
3165 5340 3523 5412 παραλλωιων
3549 5339 3785 5405 κύκλων,

2199 5639 2519 5768 31331³ιῖῆὲ
2562 5640 2791 5700 totidem
2841 5642 3005 5701 habet
3047 5644 3155 5712 29,
3211 5654 3355 5727 (ιιιοι
3395 5645 3622 5720 minima
3676 5656 3792 5700 nox
