4124 6400
332 441 440 499 ΤΙἸ

1359 442 1596 500 GEMINI
1634 441 2008 499 ELEMENTA
2062 440 2564 499 ASTRONOMIE.

3490 451 3592 505 ΠΒ

327 562 490 619 τινῶν
529 561 627 635 μὲν
661 561 732 618 τά
758 559 963 633 μεγέθη
992 560 1112 616 καθ’
1154 560 1282 634 ὅλην
1309 562 1407 635 τὴν
1439 563 1768 636 οἰκουμένην
1794 563 1905 618 δια-

2017 578 2151 619 suas
2183 562 2588 634 magnitudines
2617 577 2714 633 per
2751 571 2923 619 totam
2959 571 3164 621 terram
3199 563 3437 621 retinent
3468 581 3592 622 eas-

331 654 480 726 μένει
512 655 580 709 τὰ
608 654 780 720 αὐτὰ,
814 654 976 709 τινῶν
994 654 1051 709 δὲ
1073 653 1145 708 τὰ
1166 655 1305 708 αύτά
1341 653 1545 726 μεγέθη
1581 654 1912 726 μεταπίπτει

326 744 480 816 παρά
493 744 559 798 τὰ
582 744 838 815 κλίματα,
859 744 953 797 καλ⁵
974 740 1055 808 οἷς
1074 743 1174 815 μὲν
1189 744 1451 815 μείζονες,
1464 741 1544 809 οἷς
1558 745 1614 798 δὲ
1627 744 1913 809 ἐλάσσονες

325 835 376 887 οἰ
398 834 585 889 κύκλοι
603 835 862 903 γίνονται.
895 837 956 889 Oi
988 836 1086 907 μὲν
1104 837 1211 909 γὰρ
1234 836 1503 908 τροπικοὶ,
1530 838 1672 889 καὶὸ
1709 838 1901 908 ἰσημε-

333 926 476 997 ρινὸς
516 926 637 981 καθ’
681 926 807 998 ὃλην
841 926 940 999 τὴν
982 929 1307 1000 οἰκουμένην
1343 927 1446 981 ἴσοι
1478 929 1584 981 εἰσί
1605 931 1715 992 τοῖς
1748 929 1908 999 μεγέ-

294 1057 299 1063 ς
330 1018 510 1073 Θεσινο
554 1020 601 1073 οἰ
642 1019 695 1074 δὲ
726 1020 974 1090 ἀρκτικοί
1013 1019 1202 1074 κύκλοι
1242 1021 1638 1092 μεταπίπτουσι
1666 1021 1809 1075 κατά
1843 1021 1914 1076 τά

331 1111 569 1184 μεγέθηο
600 1112 693 1167 καὶ
717 1106 798 1176 οἷς
825 1112 924 1182 μὲν
949 1110 1212 1184 μείζονες.
1242 1107 1324 1176 οἷς
1351 1113 1407 1166 δὲ
1430 1113 1712 1175 ἐλάττονες
1740 1113 1915 1182 γίνον-

326 1219 438 1258 ται.
469 1203 594 1265 Τοῖς
629 1203 726 1274 μὲν
756 1201 864 1274 γὰρ
898 1203 1034 1274 πρὸς
1061 1204 1260 1275 ἄρκτον
1308 1203 1517 1257 οἰκοῦσι
1560 1204 1807 1275 μείζονες
1854 1206 1904 1258 οἱ

327 1294 578 1367 ἁρκτικοὶ
600 1293 788 1348 κύκλοι
809 1293 1070 1361 γίνονται⁶
1084 1293 1178 1347 τοῦ
1199 1293 1307 1365 γάρ
1324 1293 1487 1348 πόλου
1509 1296 1910 1366 μετεωρότερον

327 1386 672 1458 φαινομένου,
709 1385 924 1458 ἀνάγκη
958 1387 1053 1439 καὶ
1088 1386 1180 1440 τὸν
1243 1386 1502 1458 ἀρκτικὸν
1554 1386 1774 1454 κύκλον,
1810 1389 1910 1456 ἑφ-

327 1481 631 1551 απτόμενον
660 1477 754 1532 τοῦ
803 1478 1097 1551 ὁρίζοντος,
1136 1479 1487 1551 μείζονα,ἀεί
1521 1480 1720 1549 μᾶλλον
1764 1480 1913 1549 γίνε-

328 1570 482 1625 σθαι·
514 1573 627 1635 τοῖς
658 1570 716 1623 δέ
746 1588 827 1624 τοι
857 1571 995 1643 πρὸς
1023 1570 1223 1643 ἄρκτον
1236 1573 1283 1603 ¹⁰
1309 1571 1517 1626 οἰκοῦσι
1546 1572 1755 1642 γίνεταί
1778 1591 1910 1628 ποτε

326 1666 356 1717 ὁ
389 1662 598 1737 θερινὸς
639 1663 899 1736 τροπικὸς
932 1662 1131 1728 κύκλος
1168 1665 1428 1736 ἀρκτικός
1449 1684 1462 1696 ο
1495 1664 1635 1721 ὥστε
1668 1667 1792 1730 τοὺς
1816 1665 1910 1720 δύο

328 1754 562 1818 κύκλους
598 1756 910 1826 ἐφαρμόσαι
948 1754 1217 1826 ἀλλήλοις,
1262 1755 1354 1809 τὸν
1403 1755 1614 1828 θερινὸν
1648 1757 1909 1828 τροπικὸν

327 1847 547 1909 κύκλον,
580 1846 796 1900 καὶτὸν
849 1846 1130 1918 ἀρκτικὸν,
1171 1847 1266 1900 καὶ
1318 1845 1445 1917 μίαν
1496 1846 1682 1901 λαϐεῖν
1730 1846 1905 1912 τάξιν.

2017 655 2161 721 dem,
2211 655 2304 709 alii
2343 655 2562 710 easdem
2608 656 3014 727 magnitudines
3047 668 3261 714 mutant
3282 658 3442 729 juxta
3487 661 3592 715 cli-

2017 757 2183 813 tnata,
2214 758 2268 803 et
2304 749 2427 805 aliis
2467 749 2602 806 locis
2646 751 2905 821 majores,
2950 752 3071 806 aliis
3110 754 3352 808 minores
3387 752 3594 809 hi'cir-

2016 842 2126 895 culi
2167 840 2324 897 ﬁunt.
2372 842 2590 913 Tr0pici
2635 843 2778 898 enim
2845 852 2899 899 et
2936 846 3340 915 :equinoctialis
3379 863 3476 918 per
3510 859 3594 903 to-

2015 940 2125 987 tam
2151 942 2354 989 terram
2395 937 2863 1007 magnitudinibus
2909 947 3132 994 manent
3169 941 3356 996 iidem.
3390 942 3463 996 At
3502 957 3592 997 ar-

2014 1027 2142 1082 ctici
2173 1028 2367 1083 circuli
2389 1038 2673 1085 mutantur
2698 1032 3197 1102 magnitudinibus,
3226 1040 3281 1089 et
3305 1034 3430 1090 aliis
3452 1034 3593 1091 locis

2014 1120 2278 1190 majores,
2315 1123 2438 1177 aliis
2468 1124 2709 1180 minores
2745 1124 2900 1178 ﬁunt.
2940 1125 3011 1181 lis
3049 1126 3192 1181 enim
3265 1126 3359 1197 qui
3399 1142 3595 1183 versus

2015 1212 2444 1284 septentrionem
2486 1216 2758 1280 habitant,
2802 1217 3041 1286 majores
3082 1217 3219 1272 ﬁunt
3245 1221 3440 1275 arctici
3481 1223 3595 1275 cir-

2015 1305 2162 1359 culi:
2193 1320 2318 1360 cum
2358 1306 2504 1361 enim
2544 1306 2704 1377 polus
2735 1307 2900 1362 altius
2930 1308 3174 1364 elevatus
3210 1318 3455 1379 apparet,
3497 1327 3597 1367 ne-

2014 1411 2170 1452 cesse
2196 1406 2280 1454 est
2307 1399 2471 1453 etiam
2512 1400 2776 1455 arcticum
2804 1400 3094 1466 circulum,
3125 1402 3219 1471 qui
3253 1402 3594 1459 horizontem

2014 1487 2254 1559 attingit,
2295 1494 2523 1560 semper
2562 1491 2826 1561 majorem
2879 1491 3036 1558 ﬁeri;
3078 1492 3280 1548 alicubi
3354 1509 3487 1550 vero
3524 1495 3594 1549 iis

2013 1579 2107 1650 qui
2131 1595 2324 1636 versus
2356 1582 2784 1651 septentrionem
2817 1583 3088 1649 habitant,
3121 1584 3169 1640 is
3198 1586 3463 1651 circulus,
3494 1588 3591 1659 qui

2013 1677 2098 1724 εει
2126 1670 2348 1727 aestivus
2382 1671 2652 1742 tr0picus,
2684 1672 2740 1726 ﬁt
2767 1673 2932 1728 etiam
2964 1674 3229 1741 arcticus,
3263 1675 3339 1730 ita
3384 1683 3446 1731 ut
3479 1679 3593 1732 duo

2014 1760 2209 1816 circuli
2265 1763 2370 1818 sibi
2437 1762 2670 1818 invicem
2719 1772 3061 1835 congruant,
3118 1781 3316 1837 nempe
3365 1766 3592 1824 aestivus

2015 1853 2261 1924 tr0picus
2300 1856 2566 1921 circulus,
2600 1864 2655 1912 et
2696 1859 2956 1923 arcticus,
2992 1874 3274 1930 unumque
3313 1861 3594 1931 accipiant

326 1939 472 2011 Πρὸς
511 1938 569 1992 δὲ
601 1938 729 2002 τοὺς
760 1917 1199 2010 ἀρκτικωτέρους
1224 1937 1422 2002 τόπους
1450 1939 1545 1992 καί⁸
1569 1938 1663 1993 τοῦ
1694 1937 1905 2012 θερινοῦ

2013 1945 2200 2000 situm.
2228 1944 2299 2000 At
2324 1962 2520 2003 versus
2552 1947 2671 2003 loca
2701 1948 2876 2019 magis
2900 1917 3348 2020 septentrionalia
3378 1917 3593 2018 ,τίεέιίιό

325 2030 586 2106 τροπικοῦ
618 2031 819 2087 κύκλου
851 2030 1096 2104 μείζονες
1132 2033 1181 2086 οἰ
1215 2033 1466 2104 ιίιρκτικοί¹
1502 2033 1766 2102 γίνονται.

395 2124 576 2196 Πέρας
600 2123 659 2176 δέ
686 2124 801 2177 ἐστι
829 2141 914 2188 τις
944 2122 1096 2195 χώρα
1120 2123 1259 2197 πρὸς
1287 2123 1489 2196 ἄρκτον
1512 2125 1762 2196 κειμένη,
1787 2125 1846 2179 ὲν

321 2219 353 2272 ὁ
397 2217 495 2287 μὲν
528 2216 688 2281 πόλος
738 2214 881 2270 κατά
922 2216 1169 2289 κορυφὴν
1223 2216 1461 2286 γίνεται·
1491 2219 1521 2270 ὁ
1554 2217 1611 2271 δὲ
1650 2218 1911 2290 ἀρκτικὸς

322 2309 524 2373 κύκλος
559 2309 657 2381 τὴν
685 2308 779 2363 τοῦ
818 2309 1090 2381 ὁρίζοντος
1115 2310 1301 2381 ἐπέχει
1333 2308 1507 2376 Ιιάξιν,
1541 2310 1637 2364 καὶ
1667 2311 1912 2383 ἐφαρμό-

323 2400 409 2467 ζει
449 2401 596 2473 αὐτῷ
624 2401 767 2455 κατά
796 2399 894 2472 τὴν
926 2399 1262 2472 ἐπιστροφὴν
1303 2401 1397 2454 τοῦ
1443 2400 1670 2472 κόσμου,
1706 2401 1801 2454 καὶ
1851 2400 1912 2453 τὸ

322 2491 457 2546 αὐτὸ
513 2490 741 2562 μέγεθος
791 2490 1055 2562 λαμϐάνει
1106 2488 1186 2561 τῷ
1231 2490 1565 2563 ἰσημερινῷ’
1599 2489 1740 2544 ὥστε
1784 2489 1909 2553 τοὺς

321 2585 472 2655 τρεῖς
497 2582 750 2646 κύκλους,
774 2581 865 2636 τὸν
891 2581 1173 2653 ἀρκτικὸν,
1209 2581 1305 2634 καὶ
1328 2580 1419 2635 τὸν
1451 2580 1785 2653 ἰσημερινὸν,
1816 2580 1909 2634 καὶ

319 2676 413 2730 τὸν
434 2676 681 2747 ὁρίζοντα
706 2676 805 2746 τὴν
831 2674 999 2746 αὐτὴν
1031 2672 1187 2740 τάξιν
1220 2675 1314 2727 καὶ
1337 2673 1485 2729 Θέσιν
1514 2674 1831 2744 λαμϐάνειντ

392 2766 562 2821 Πάλιν
608 2766 666 2820 δὲ
695 2768 806 2828 τοῖς
839 2764 975 2835 πρὸς
1019 2762 1366 2836 μεσημϐρίαν
1409 2762 1568 2835 ήμῶν
1597 2762 1832 2817 οἰκοῦσιν
1858 2763 1909 2815 οἰ

324 2859 423 2932 μὲν
450 2858 601 2912 πόλοι
622 2856 994 2928 ταπεινότεροι
1024 2855 1267 2924 γίνονται
1288 2872 1301 2886 ·
1338 2856 1389 2909 οἰ
1429 2855 1486 2908 δὲ
1531 2856 1780 2927 ἀρκτικοὶ
1810 2854 1908 2908 κύ-

322 2952 442 3006 κλοι
473 2950 775 3012 ἐλάσσονες.
800 2949 911 3002 Καὶ
953 2949 1129 3020 πέρας
1158 2947 1275 3001 ἔστι
1319 2946 1472 3021 χώρα
1513 2964 1596 3013 τις
1634 2946 1771 3020 πρὸς
1809 2964 1907 3018 με·

320 3044 601 3117 σημὸρίαν
646 3042 805 3114 ήμῶν
847 3041 1097 3113 κειμένη·
1129 3041 1267 3113 αὐτὴ
1297 3041 1356 3095 δέ
1396 3043 1545 3095 ἐστιν
1577 3043 1610 3113 ὴ
1641 3041 1909 3111 λεγομένη

321 3134 429 3188 ὑπὸ
457 3135 549 3187 τὸν
590 3131 928 3205 ἰσημερινὸν,
964 3132 1022 3186 ὲν
1133 3131 1185 3184 οἰ
1219 3130 1317 3201 μὲν
1352 3130 1506 3184 πόλοι
1534 3131 1627 3185 ἐπὶ
1665 3131 1760 3185 τοῦ
1792 3132 1908 3204 ὁρίο

2013 2036 2229 2106 tropico
2257 2036 2490 2102 circulo,
2523 2039 2688 2093 etiam
2712 2039 2949 2109 majores
2982 2040 3120 2095 ﬁunt
3148 2041 3342 2097 circuli
3373 2044 3589 2102 arctici.

2085 2127 2330 2185 Tandem
2357 2136 2442 2183 est
2468 2130 2625 2185 locus
2664 2130 2889 2201 quidam
2927 2146 3126 2188 versus
3161 2135 3590 2204 septentrionem

2011 2216 2172 2281 situs,
2214 2216 2271 2271 in
2300 2232 2410 2287 quo
2443 2218 2604 2288 polus
2632 2218 2690 2273 ﬁt
2717 2221 3026 2289 verticalis;
3053 2223 3292 2280 arcticus
3319 2240 3448 2280 vero
3477 2226 3588 2280 cir-

2011 2310 2170 2383 culus
2221 2309 2528 2366 horizontis
2574 2312 2753 2367 locum
2803 2322 3059 2384 occupat,
3117 2315 3278 2386 eique
3334 2321 3591 2390 congruit

2012 2400 2310 2457 secundum
2344 2401 2536 2476 mundi
2569 2403 3007 2471 conversionem,
3056 2413 3112 2460 et
3153 2406 3401 2462 eamdem
3441 2410 3590 2464 acci-

2009 2494 2090 2565 pit
2135 2496 2572 2567 magnitudinem
2619 2511 2746 2552 cum
2791 2499 3189 2570 aequinoctiali,
3244 2505 3321 2557 ita
3368 2511 3429 2558 ut
3472 2516 3589 2561 tres

2011 2587 2228 2651 circuli,
2281 2589 2544 2654 arcticus,
2606 2591 3008 2660 aequinoctialis
3055 2598 3110 2649 et
3153 2593 3385 2651 horizon
3432 2612 3588 2652 eum—

2010 2679 2133 2735 dem
2164 2681 2328 2735 situm
2358 2689 2413 2736 et
2447 2682 2685 2752 positum
2722 2684 3014 2754 accipiant.

2084 2770 2300 2827 Rursus
2342 2771 2410 2828 iis
2457 2772 2550 2844 qui
2597 2787 2627 2826 a
2674 2774 2834 2830 nobis
2877 2791 3070 2832 versus
3115 2776 3397 2834 meridiem
3438 2779 3591 2835 habi-

2011 2872 2150 2932 tant,
2180 2865 2289 2936 poli
2318 2864 2455 2920 ﬁunt
2484 2865 2826 2932 humiliores,
2867 2868 3060 2922 arctici
3088 2884 3219 2924 vero
3252 2870 3447 2925 circuli
3485 2872 3590 2926 mi-

2010 2972 2194 3013 nores.
2229 2956 2297 3011 Et
2333 2958 2552 3014 tandem
2577 2957 2731 3029 regio
2754 2968 2838 3014 est
2860 2961 3110 3030 quaedam
3144 2977 3175 3016 a
3209 2962 3370 3018 nobis
3395 2978 3593 3019 versus

2010 3051 2293 3111 meridiem
2327 3052 2463 3118 sita,
2480 3066 2547 3107 ea
2578 3058 2663 3108 est
2728 3068 2849 3122 quae
2888 3052 3240 3112 dicituresse
3278 3056 3381 3111 sub
3415 3058 3593 3128 aequi-

2011 3142 2260 3208 noctiali,
2300 3143 2358 3198 in
2404 3158 2514 3217 qua
2552 3143 2662 3214 poli
2706 3144 2764 3199 in
2802 3144 3098 3201 .horizonle
3148 3148 3588 3213 constituuntur,

321 3227 506 3292 ζοντος
538 3225 797 3294 γίνονται,
828 3225 877 3276 οἰ
905 3223 964 3277 δὲ
996 3222 1250 3295 ἀρκτικοὶ
1281 3219 1469 3275 κύκλοι
1503 3221 1730 3275 καθόλου
1754 3222 1905 3277 ἀναι-

2011 3236 2203 3291 arctici
2237 3251 2367 3292 vero
2394 3237 2588 3293 circuli
2611 3252 2840 3308 prorsus
2866 3245 2995 3295 sunt
3016 3239 3215 3296 sublati
3253 3260 3266 3295 :
3299 3240 3375 3297 ita
3406 3250 3466 3297 ut
3492 3259 3593 3312 pro

321 3318 565 3391 ροῦνται·
594 3315 737 3370 ὥστε
783 3315 906 3370 ἀντί
948 3313 1058 3368 τῶν
1096 3313 1261 3368 πέντε
1298 3312 1660 3385 παραλλήλων
1692 3312 1906 3367 κύκλων

317 3414 469 3483 τρεῖς
516 3408 890 3481 παραλλήλους
934 3404 1201 3477 γίνεσθαι,
1229 3405 1355 3487 τούς
1383 3422 1443 3458 τε
1491 3406 1782 3478 τροπικοὺς
1813 3405 1908 3459 καὶ

317 3504 413 3556 τὸν
439 3500 769 3573 ἰσημερινόν.
804 3497 903 3552 Διὰ
941 3497 1051 3569 γὰρ
1075 3496 1143 3550 τὰ
1169 3495 1544 3569 προειρημένα
1571 3496 1668 3566 ούχ
1704 3496 1908 3567 ὑπολη-

322 3596 487 3651 πτέον
538 3592 841 3655 καθολικῶς
870 3589 1118 3661 γίνεσθαι
1158 3591 1285 3653 τοὺς
1326 3589 1486 3642 πέντε
1530 3588 1906 3659 παραλλήλους

319 3688 573 3749 κύκλους,
606 3684 716 3739 ἀλλ’
743 3684 820 3748 ὼς
864 3681 1001 3754 πρὸς
1044 3682 1143 3753 τὴν
1171 3679 1445 3752 ἡμετέραν
1489 3679 1813 3749 οἰκουμένην
1845 3678 1907 3732 τὸ

318 3779 523 3851 πλῆθος
571 3776 751 3832 αὐτῶν
789 3773 1088 3829 ἐκκεῖσθαι.
1125 3773 1248 3826 Εἰσί
1281 3772 1391 3843 γάρ
1440 3788 1585 3835 τινες
1613 3771 1903 3842 ὁρίζοντες,

321 3872 382 3923 ἐν
412 3863 494 3933 οἷς
524 3871 673 3942 τρεῖς
717 3867 876 3939 μόνον
909 3864 1245 3938 παράλληλοι
1275 3864 1536 3933 γίνονται.

393 3961 517 4015 Εἰσί
536 3960 596 4014 δὲ
617 3961 859 4030 οἰκήσεις
889 3959 1004 4027 (18)
1048 3956 1142 4011 ἐπὶ
1167 3956 1268 4027 τῆς
1308 3954 1434 4025 γῆς,
1465 3947 1540 4007 ὧν
1572 3952 1761 4024 πρώτη
1804 3953 1907 4024 μὲν

316 4050 553 4123 οἴκησις,
586 4049 669 4118 ἐφ’
700 4042 768 4121 ἦς
789 4050 818 4101 6
844 4046 1054 4118 θερινὸς
1082 4045 1345 4119 τροπικὸς
1380 4043 1578 4108 κύκλος
1609 4043 1906 4112 ἐφάπτεται

319 4140 414 4196 τοῦ
473 4140 780 4211 ὁρίζοντος,
809 4140 903 4193 καὶ
950 4137 1048 4210 τὴν
1084 4135 1179 4191 τοῦ
1229 4135 1493 4209 ἀρκτικοῦ
1533 4135 1731 4189 κύκλου
1755 4134 1908 4201 τάξιν

209 4284 215 4293 ,
317 4230 590 4304 λαμῦάνει
611 4249 625 4263 ο
660 4230 889 4303 δευτέρα
932 4229 999 4283 δὲ
1049 4228 1264 4303 οῖκησις
1308 4230 1342 4301 ἡ
1375 4228 1640 4300 λεγομένη
1670 4226 1777 4281 ὑπὸ
1814 4227 1905 4280 τὸν

319 4324 507 4379 πόλον·
543 4323 703 4397 τρίτη
748 4322 807 4377 δέ
847 4322 995 4376 ἐστιν
1033 4321 1265 4394 οῖκησις,
1297 4321 1437 4392 ὑπὲρ
1472 4314 1540 4392 ἦς
1572 4319 1770 4392 μικρὸν
1807 4318 1908 4390 ἒμ-

319 4416 559 4491 προσθεν
602 4416 927 4489 εἰρήκαμεν,
963 4414 1058 4469 καὶ
1100 4411 1614 4487 προσαγορευομένη
1660 4411 1765 4465 ὑπὸ
1815 4411 1905 4464 τὸν

320 4508 658 4581 ἰσημερινόν.

2010 3327 2255 3397 quinque
2282 3326 2509 3383 circulis
2548 3328 2825 3399 parallelis
2855 3336 3069 3384 tantum
3098 3337 3213 3387 tres
3251 3331 3383 3386 ﬁant
3407 3336 3594 3404 paral-

2009 3419 2123 3486 leli,
2153 3434 2353 3490 nempe
2378 3419 2488 3475 duo
2518 3421 2741 3491 tropici,
2766 3428 2821 3476 et
2843 3421 3266 3492 mquinoctialis.
3299 3423 3419 3479 Non
3441 3427 3590 3482 enim

2009 3511 2437 3567 existimandum
2462 3519 2567 3577 est,
2608 3520 2833 3583 propter
2863 3527 2931 3569 ea
2986 3529 3108 3585 quae
3139 3515 3397 3584 praedicta
3437 3527 3591 3581 sunt,

2010 3604 2400 3660 univcrsaliter
2440 3606 2685 3676 quinque
2718 3621 2842 3665 esse
2867 3607 3158 3678 parallelos
3192 3608 3452 3676 circulos,
3492 3612 3589 3666 sed

2009 3705 2263 3769 respectu
2291 3705 2496 3753 nostris
2532 3696 2893 3754 habitationis
2943 3700 3351 3755 multitudinem
3396 3716 3588 3757 eorum

2007 3805 2132 3846 esse
2168 3788 2496 3860 expositam.
2548 3788 2689 3845 Sunt
2722 3791 2869 3845 enim
2903 3790 3129 3860 quidam
3168 3791 3505 3859 horizontes,
3539 3797 3590 3849 in

2008 3883 2212 3956 quibus
2237 3890 2454 3939 tantum
2484 3892 2596 3938 tres
2624 3893 2754 3939 sunt
2788 3885 2984 3939 circuli
3012 3885 3280 3955 paralleli.

2081 3975 2224 4031 Sunt
2251 3982 2434 4031 autem
2462 3976 2520 4031 in
2554 3983 2703 4031 terra
2736 3975 3123 4043 habitationes,
3154 3994 3388 4049 quarum
3414 3981 3619 4054 prima

2007 4074 2113 4131 est,
2140 4068 2196 4122 in
2230 4068 2328 4138 ιι
2361 4082 2470 4138 qua
2529 4067 2753 4123 aestivus
2795 4069 3042 4139 tr0picus
3090 4071 3333 4127 circulus
3373 4074 3596 4143 attingit

2008 4158 2373 4227 horizontem,
2428 4165 2485 4215 et
2533 4158 2700 4214 situm
2744 4160 2936 4214 arctici
2977 4160 3174 4215 circuli
3223 4161 3461 4233 accipit;
3504 4183 3595 4220 se-

2008 4251 2188 4307 cunda
2220 4260 2307 4308 est
2352 4251 2643 4318 habitatio,
2685 4267 2808 4322 quin
2841 4252 3044 4307 dicitur
3096 4268 3222 4309 esse
3276 4255 3381 4311 sub
3423 4257 3595 4327 polo;

2008 4346 2171 4403 tertia
2208 4352 2295 4402 est
2338 4345 2626 4410 habitatio,
2676 4345 2745 4401 de
2775 4360 2884 4417 qua
2931 4346 3096 4415 paulo
3143 4354 3272 4401 ante
3317 4346 3591 4409 diximus.

2009 4455 2131 4510 qua:
2157 4438 2362 4494 dicitur
2388 4454 2513 4495 esse
2544 4440 2651 4496 sub
2673 4438 3067 4510 aequinoctiali.

392 4568 558 4655 ίδθεν
589 4600 699 4654 οὐδ’
723 4601 759 4675 ἡ
792 4597 942 4667 τάξις
960 4597 1070 4652 τῶν
1094 4598 1254 4652 πέντε
1290 4568 1649 4670 παραλλήλων
1683 4594 1897 4648 κύκλων

2074 4592 2232 4650 Unde
2256 4608 2328 4649 ne
2354 4592 2494 4650 ordo
2512 4593 2730 4665 quidem
2756 4592 3002 4666 quinque
3032 4596 3418 4666 parallelorum
3446 4596 3592 4655 idem

316 4695 353 4765 ἡ
384 4693 524 4766 αὑτὴ
554 4693 705 4765 παρά
729 4692 893 4746 πᾶσιν
917 4693 1064 4745 ἐστιν
1083 4707 1096 4720 ·
1132 4690 1246 4745 ἀλλ’
1280 4691 1339 4744 ὲν
1376 4688 1472 4761 μὲν
1506 4690 1572 4761 τῇ
1596 4686 1719 4741 καθ’
1752 4689 1900 4759 ἡμᾶς

316 4783 613 4855 οἰκουμένῃ
648 4781 861 4854 πρῶτος
912 4779 1015 4852 μὲν
1055 4779 1378 4850 ὀνομάζεται
1403 4780 1433 4832 6
1461 4778 1743 4851 ἀρκτικὸς,
1778 4778 1900 4832 δεύ-

317 4891 473 4948 τερος
503 4874 561 4929 δὲ
589 4876 619 4929 6
655 4872 864 4946 θερινὸς
893 4870 1174 4944 τροπικὸς,
1198 4871 1380 4942 τρίτος
1408 4871 1466 4924 δὲ
1497 4873 1527 4925 ὁ
1561 4870 1896 4943 ἰσημερινὸς,

319 4967 576 5041 τέταρτος
611 4965 670 5020 δὲ
717 4966 746 5018 6
792 4964 1103 5035 χειμερινὸς
1150 4961 1430 5034 τροπικὸς,
1476 4961 1729 5032 πέμπτος
1774 4962 1832 5019 δὲ
1870 4963 1900 5018 6

315 5060 699 5135 ἀνταρκτικός.

387 5155 513 5218 Τοῖς
542 5152 598 5206 δὲ
628 5149 763 5223 πρὸς
792 5149 994 5222 ἄρκτον
1022 5146 1221 5221 μᾶλλον
1258 5144 1415 5216 ἡμῶν
1440 5144 1648 5201 οἰκοῦσι
1681 5145 1893 5215 γίνεται

315 5262 450 5300 ποτε
482 5241 696 5315 πρῶτος
736 5241 835 5313 μὲν
863 5241 893 5293 6
926 5239 1138 5312 θερινὸς
1171 5237 1431 5310 τροπικὸς
1465 5235 1682 5302 κύκλοςι
1713 5236 1898 5290 δεύτε-

316 5353 411 5409 ρος
432 5335 490 5390 δὲ
521 5338 552 5390 ὁ
578 5333 861 5406 ἀρκτικὸς,
887 5332 1069 5404 τρίτος
1098 5329 1157 5384 δὲ
1183 5330 1213 5383 ὁ
1260 5328 1595 5401 ἰσημερινὸς.
1638 5330 1895 5401 τέταρτος

402 5492 449 5525 ³ο
473 5510 566 5560 πρ.
602 5489 974 5561 μεσημϐρίαν.

388 5610 434 5680 tl
447 5608 501 5678 8)
533 5607 679 5683 Elui
700 5605 770 5659 δὲ
798 5608 1088 5675 οἰκήσεις.
1119 5601 1353 5683 ΤνῑριεκΔ
1382 5600 1645 5683 habitatio
1677 5608 1782 5683 est,
1830 5601 1891 5683 in

314 5673 424 5749 qua
459 5673 841 5749 parallelorum
873 5673 1135 5749 uulnerus
1165 5673 1450 5749 minuitur.
1485 5673 1666 5727 Prima
1697 5680 1801 5734 est,
1831 5673 1889 5749 i_n

314 5743 423 5819 qua
459 5743 627 5820 'polus
654 5748 936 5820 attollitur_
966 5747 1228 5820 gradibus
1263 5744 1490 5799 totidem
1519 5749 1670 5820 quot.
1698 5758 1727 5796 a
1762 5743 1888 5811 polo

317 5813 563 5890 t'ropicus
586 5819 751 5873 distat
777 5835 790 5872 :
830 5813 1184 5890 unde'arctici
1220 5818 1396 5870 instar
1421 5813 1800 5890 estutropicus,
1829 5821 1886 5890 et

315 5883 502 5946 verlex
526 5891 633 5945 loci
675 5891 799 5958 polo
830 5887 1039 5941 zodiaci
1070 5887 1292 5951 subest,
1322 5900 1388 5943 ac
1418 5883 1678 5942 zodiacus
1712 5885 1885 5940 semel

636 5981 909 6041 Ρλτιιοι..
957 5978 1075 6041 Gn.
1122 5977 1299 6039 XIX.

2007 4695 2093 4743 est
2119 4687 2265 4757 apud
2296 4701 2487 4743 omnes
2508 4729 2524 4753 ,
2557 4687 2654 4743 sed
2691 4687 2749 4742 in
2774 4697 2964 4744 nostra
2994 4688 3334 4746 habitatione
3371 4692 3588 4767 primus

2006 4780 2324 4835 nominatur
2376 4779 2625 4834 circulus
2673 4778 2951 4846 arcticus,
3030 4782 3309 4839 secundus
3362 4785 3591 4840 aestivus

2005 4872 2290 4941 tr0picus,
2348 4871 2544 4927 tertius
2579 4870 3001 4941 aequinoctialis,
3038 4880 3271 4941 quartus
3326 4874 3590 4931 bibemus

2004 4961 2276 5032 tr0picus.
2299 4963 2525 5018 uuintus
2557 4963 2915 5019 antarmicus.

2074 5145 2148 5200 iis
2165 5159 2293 5200 vero
2310 5145 2403 5215 qui
2432 5145 2607 5216 magis
2631 5143 2883 5198 habitant
2911 5161 3105 5202 versus
3133 5145 3583 5217 septentrionem,

2004 5252 2167 5308 quam
2202 5252 2324 5305 nos,
2356 5237 2415 5292 ﬁt
2465 5238 2763 5307 aliquando
2816 5237 3029 5309 primus
3059 5239 3286 5294 :estivus
3335 5240 3585 5309 tr0picus

2004 5331 2267 5396 circulus,
2299 5330 2574 5387 secundus
2599 5332 2842 5388 arcticus
2863 5370 2880 5397 ,
2915 5335 3113 5389 tertius
3140 5332 3542 5403 aequinoctialis
3567 5371 3584 5395 ,

1995 5603 2052 5658 in
2095 5603 2185 5659 die
2218 5602 2522 5659 horizontis
2569 5603 2746 5660 instar
2789 5602 2972 5658 habet.
3023 5601 3277 5659 Secunda
3319 5602 3589 5665 habitatio

1993 5683 2079 5729 est
2103 5676 2192 5729 tibi
2229 5684 2413 5730 vertex
2442 5682 2530 5730 est
2564 5675 2752 5731 mundi
2783 5678 2965 5744 polus.
3002 5675 3136 5729 Nam
3171 5675 3247 5728 ibi
3289 5676 3473 5732 nullus
3499 5691 3591 5734 est.

1992 5745 2543 5872 circuitusarcticus,
2577 5746 2659 5803 uti
2710 5760 2813 5803 nec
2853 5745 2909 5801 in
2944 5748 3133 5813 tertia,
3163 5760 3294 5816 quas
3337 5748 3591 5817 subiacet

1991 5832 2148 5888 aequa
2175 5833 2282 5874 οτι.

3270 5973 3352 6035 εδ
