4116 6400
542 456 647 510 779

1562 409 1655 499 An
1692 443 1964 501 EUSEBll
1992 443 2392 502 cuncmcou
2435 440 2807 497 APPENDIX.

3692 435 3804 494 τεο

542 580 771 643 quartus
817 572 1189 631 antarcticus,
1242 570 1465 633 quintus
1524 560 1786 617 hibernus
1847 562 2114 633 tropicus.

2223 560 2276 615 δὲ
2304 563 2332 614 6
2365 555 3009 632 ἀνταρκτικὸς,πέμπτος
3034 554 3090 608 δὲ
3119 552 3148 607 6
3187 545 3494 626 χειμερινὸς
3516 554 3797 626 τροπικός.

543 661 699 734 Apud
726 674 864 732 quos
900 659 1044 714 enim
1067 655 1308 712 arcticus
1337 655 1579 710 circulus
1626 653 1683 708 (lt
1729 653 1906 724 major
1931 655 2121 711 aestivo

543 754 754 825 tropico
775 791 792 818 ,
847 764 1074 806 necesse
1107 755 1192 803 est
1231 745 1373 816 apud
1400 761 1496 802 eos
1533 745 1850 817 praedictum
1882 761 2006 802 esse
2030 761 2121 801 or-

542 847 725 902 dinem
758 843 1113 898 circulorum.

614 935 875 992 Similiter
901 949 1076 1004 neque
1109 931 1254 987 vires
1304 929 1549 1002 quinque
1605 928 1987 999 parallelorum
2021 927 2123 983 cir-

540 1031 788 1086 culorum
845 1026 988 1097 apud
1031 1040 1222 1080 omnes
1275 1038 1370 1078 eos
1433 1023 1527 1093 qui
1572 1022 1628 1076 in
1673 1029 1822 1076 terra
1871 1020 2123 1076 habitant

541 1127 669 1175 sunt
701 1119 924 1174 eaedem.
956 1115 1091 1172 Nam
1129 1116 1222 1188 qui
1259 1114 1400 1186 apud
1431 1130 1532 1170 nos
1565 1121 1651 1170 est
1683 1115 1908 1170 aestivus
1943 1114 2118 1184 tropi-

539 1229 638 1270 cus
669 1213 934 1274 circulus,
971 1210 1016 1266 is
1064 1209 1418 1279 antipodibus
1456 1207 1517 1262 ﬁt
1556 1207 1820 1265 hibernus
1873 1207 2120 1278 tropicus

539 1307 816 1372 circulus;
845 1304 936 1375 qui
962 1318 1090 1359 vero
1115 1303 1255 1375 apud
1289 1303 1412 1358 illos
1450 1309 1535 1357 est
1564 1302 1789 1358 aestivus
1831 1302 2076 1373 tropicus
2099 1340 2114 1366 ,

541 1399 588 1454 is
610 1398 753 1468 apud
791 1412 893 1453 nos
935 1395 993 1450 ﬁt
1027 1396 1287 1450 hibernus
1319 1395 1585 1466 tr0picus.

609 1489 680 1545 lis
720 1505 848 1546 vero
909 1488 1004 1560 qui
1065 1487 1169 1543 sub
1210 1487 1578 1559 aequinoctiali
1615 1485 1898 1551 habitant,
1940 1485 2117 1556 quoad

541 1583 874 1654 potentiam,
935 1590 1046 1636 tres
1091 1581 1283 1635 circuli
1321 1587 1448 1635 sunt
1495 1579 1669 1635 astivi
1703 1579 1939 1650 tropici;
1989 1586 2118 1634 sunt

539 1675 685 1730 enim
714 1674 968 1729 collocati
998 1673 1102 1730 sub
1126 1674 1246 1743 ipso
1273 1671 1510 1726 transitu
1562 1671 1697 1728 solis
1733 1689 1745 1725 :
1795 1672 1891 1726 sed
1935 1670 2118 1741 quoad

539 1767 874 1824 circulorum
913 1766 1056 1821 inter
1091 1781 1151 1822 se
1182 1765 1575 1830 diversitatem,
1617 1764 1673 1819 lit
1730 1765 1841 1821 illis
1892 1766 2117 1821 aestivus

540 1859 785 1929 tropicus
815 1857 1056 1914 circulus
1101 1857 1148 1912 is
1201 1857 1293 1927 qui
1346 1857 1504 1912 nobis
1537 1866 1623 1912 est
1671 1857 2116 1927 aequinoctialis;

540 1951 751 2006 hiberni
784 1966 912 2006 vero
954 1950 988 2004 ii
1037 1949 1129 2020 qui
1190 1949 1351 2004 nobis
1414 1956 1545 2003 sunt
1591 1949 1701 2003 duo
1749 1950 1968 2020 tropici.
2013 1948 2109 2005 See
2152 1963 2192 2021 Β

539 2041 779 2098 cundum
808 2049 1061 2096 naturam
1110 2042 1295 2106 enim,
1347 2048 1401 2096 et
1433 2041 1816 2095 universaliter
1872 2041 1928 2094 in
1967 2041 2116 2096 omni

543 2133 876 2190 habitatione
901 2131 1124 2188 aestivus
1169 2131 1416 2202 tropicus
1456 2130 1726 2187 dicendus
1764 2142 1883 2187 erat
1916 2132 1984 2197 is,
2021 2131 2116 2203 qui

542 2230 825 2299 proximus
853 2234 938 2282 est
972 2225 1335 2280 habitationi:
1363 2239 1526 2295 quam
1562 2225 1632 2280 ob
1665 2239 1889 2280 causam
1914 2224 1981 2280 iis
2025 2225 2118 2296 qui

544 2320 647 2377 sub
666 2318 1035 2390 aequinoctiali
1066 2317 1322 2372 habitant
1365 2317 1588 2372 restivus
1606 2318 1852 2387 tr0picus
1876 2317 2119 2373 circulus

543 2413 601 2468 ﬁt
633 2414 680 2468 is
714 2412 808 2483 qui
846 2411 1007 2467 nobis
1039 2419 1123 2468 est
1150 2411 1573 2481 aequinoctialis.
1605 2408 1764 2470 Tunc
1799 2410 1946 2466 enim
2008 2412 2119 2467 illis

539 2505 622 2561 sol
679 2505 738 2559 ﬁt
770 2504 1065 2560 verticalis.
1103 2502 1539 2573 quuinoctiales
1584 2519 1714 2557 vero
1743 2504 1938 2558 circuli
1975 2503 2119 2574 apud

539 2613 633 2654 eos
666 2597 804 2652 ﬁunt
830 2612 1020 2652 omnes
1051 2595 1313 2666 paralleli.
1347 2595 1763 2664 IEqninoctium
1793 2599 1940 2651 enim
1974 2611 2121 2653 sem-

538 2707 637 2761 per
678 2698 762 2746 est
808 2690 951 2761 apud
1003 2690 1144 2744 illos.
1181 2688 1384 2744 Omnes
1433 2689 1578 2744 enim
1621 2689 1866 2761 paralleli
1923 2691 2118 2746 circuli

538 2783 824 2854 aequaliter
850 2783 920 2837 ab
945 2783 1228 2837 horizonte
1268 2789 1549 2838 secantur.

608 2869 793 2941 Neque
827 2870 913 2926 his
952 2871 1175 2926 circulis
1227 2886 1257 2923 a
1289 2886 1349 2926 se
1395 2871 1628 2927 invicem
1655 2871 1858 2928 eaedem
1906 2887 2121 2943 perma-

539 2970 673 3017 nent
713 2962 989 3016 distantiae
1018 2977 1114 3030 per
1140 2970 1308 3016 totam
1339 2968 1544 3016 terram
1596 2961 1974 3018 habitabilem.
2011 2962 2119 3019 Sed

540 3054 610 3108 ad
647 3053 1074 3123 descriptionem
1121 3055 1458 3126 spbzerarum
1491 3055 1832 3111 meridianus
1865 3057 1946 3111 sic
1975 3057 2120 3112 divi-

541 3149 692 3202 ditur
714 3145 883 3202 :Toto
913 3148 1060 3202 enim
1093 3148 1400 3204 meridiano
1435 3148 1740 3204 secundum
1770 3149 2120 3205 latitudinem

540 3237 716 3292 diviso
752 3236 809 3290 in
849 3243 1032 3307 partes
1071 3236 1182 3304 60;
1235 3239 1478 3294 arcticus
1539 3254 1569 3292 a
1614 3239 1739 3309 polo
1787 3241 2121 3296 describitur

2223 654 2361 722 Παρ’
2389 648 2470 716 οἷς
2502 651 2612 724 γὰρ
2643 653 2671 705 6
2697 648 2954 721 ἀρκτικὸς
2987 647 3185 712 κύκλος
3227 645 3428 719 μείζων
3455 645 3661 714 γίνεται
3702 645 3801 701 τοῦ

2223 745 2436 820 Θερινοῦ
2468 742 2756 818 τροπικοῦ,
2793 742 3008 812 ἀνάγκη
3055 741 3158 812 τὴν
3205 739 3609 812 προειρημένην
3645 741 3802 808 τάξιν

2223 839 2508 910 ὑπάρχειν.

2302 929 2534 1000 Ὁμοίως
2570 927 2627 980 δὲ
2655 925 2775 979 οὐδὲ
2807 924 3064 994 δυνάμεις
3093 923 3203 978 τῶν
3249 921 3411 976 πέντε
3438 921 3804 994 παραλλήλων

2222 1024 2435 1079 κύκλων
2462 1020 2614 1093 παρά
2650 1023 2791 1074 πᾶσι
2820 1022 2932 1083 τοῖς
2960 1018 3052 1072 ἐπὶ
3081 1015 3181 1085 τῆς
3210 1015 3314 1086 γῆς
3345 1014 3586 1068 οἰκοῦσιν
3617 1014 3675 1066 αἰ
3706 1013 3807 1066 αύ-

2219 1118 2309 1171 ταί
2344 1119 2500 1170 εἰσιν.
2567 1116 2624 1168 '0
2673 1113 2782 1183 γὰρ
2829 1112 2959 1183 παρ’
2993 1112 3123 1181 ἡμῖν
3161 1107 3373 1180 θερινὸς
3412 1106 3674 1178 τροπικὸς
3705 1104 3808 1158 κύ-

2220 1209 2346 1274 κλος
2384 1210 2498 1271 τοῖς
2529 1206 2779 1260 ἀντίποσι
2809 1201 3119 1275 χειμερινὸς
3160 1199 3421 1272 τροπικὸς
3450 1199 3655 1268 γίνεται
3701 1195 3805 1251 κύ-

2221 1301 2374 1365 κλοςο
2407 1301 2435 1353 6
2467 1299 2524 1353 δὲ
2557 1300 2686 1369 παρ’
2713 1297 2939 1360 ἐκείνοις
2967 1292 3176 1365 Θερινὸς
3215 1291 3472 1363 τροπικὸς
3501 1289 3632 1362 παρ’
3671 1290 3808 1360 ἡμῖν

2219 1394 2425 1463 γίνεται
2457 1389 2763 1462 χειμερινὸς
2801 1385 3083 1459 τροπικός.

2290 1486 2415 1547 Τοῖς
2442 1484 2500 1536 δὲ
2524 1483 2629 1536 ὑπὸ
2651 1482 2744 1534 τὸν
2778 1477 3091 1550 ἰσημερινὸν
3118 1475 3328 1531 οἰκοῦσι
3351 1477 3419 1546 τῇ
3449 1473 3550 1546 μὲν
3574 1468 3810 1543 δῦνάμει

2218 1580 2268 1633 οἰ
2316 1580 2465 1650 τρεῖς
2515 1575 2704 1630 κύκλοι
2757 1572 2960 1643 θερινοί
3010 1573 3117 1625 εἰσι
3161 1568 3450 1640 τροπικοί·
3489 1567 3580 1620 ὑπ’
3631 1565 3808 1636 αὐτὴν

2219 1671 2326 1744 γὰρ
2355 1670 2453 1742 τὴν
2497 1667 2730 1737 πάροδον
2760 1664 2855 1720 τοῦ
2899 1663 3051 1735 ἡλίου
3084 1664 3293 1716 κεῖνται
3311 1677 3327 1691 ο
3349 1662 3425 1731 τῇ
3449 1658 3506 1711 δὲ
3545 1655 3682 1729 πρὸς
3707 1656 3809 1710 άλ-

2219 1761 2412 1832 λήλους
2441 1759 2764 1831 παραλλαγῇ
2798 1757 2995 1827 γένοιτ’
3045 1755 3110 1810 ἂν
3143 1753 3354 1829 βερινὸς
3401 1751 3503 1823 μὲν
3542 1749 3806 1821 τροπικὸς

2221 1855 2419 1917 κύκλος
2447 1856 2475 1907 6
2505 1853 2635 1923 παρ’
2665 1853 2798 1922 ἡμῖν
2837 1847 3150 1920 ἰσημερινός
3171 1863 3185 1876 ·
3221 1842 3524 1916 χειμερινοὶ
3549 1842 3606 1896 δὲ
3630 1842 3682 1894 οἰ
3708 1841 3808 1894 δύο

2218 1944 2489 2017 τροπικοί.
2525 1942 2688 1996 Φύσει
2722 1939 2830 2012 γὰρ
2855 1939 3052 2009 λέγοιτ’
3086 1938 3151 1992 ἂν
3199 1936 3294 1991 καὶ
3333 1932 3636 1995 καθολικῶς
3668 1931 3808 2004 πρὸς

2220 2035 2438 2090 ἅπασαν
2494 2034 2596 2104 τὴν
2647 2029 2974 2101 οἰκουμένην
3029 2027 3239 2100 θερινὸς
3289 2024 3551 2098 τροπικὸς
3605 2022 3809 2084 κύκλος

2219 2129 2484 2201 ὑπάρχειν
2528 2129 2556 2180 6
2600 2125 2832 2194 ἔγγιστα
2865 2122 2964 2193 τῆς
2992 2122 3259 2192 οἰκήσεως
3305 2117 3567 2188 ὑπάρχων
3591 2132 3605 2146 ·
3638 2114 3705 2169 δι’
3737 2114 3813 2184 ἣν

2218 2222 2398 2276 αἰτίαν
2445 2222 2559 2283 τοῖς
2611 2217 2716 2271 ὑπὸ
2765 2214 2858 2269 τὸν
2909 2213 3222 2286 ἰσημερινὸν
3261 2209 3506 2265 οἰκοῦσιν
3530 2209 3560 2260 6
3593 2207 3810 2280 θερινὸς

2218 2311 2479 2385 τροπικὸς
2524 2308 2726 2374 κύκλος
2790 2309 2998 2378 γίνεται
3052 2306 3080 2357 6
3131 2302 3466 2376 ἰσημερινός.
3512 2299 3646 2353 Τότε
3696 2298 3810 2370 γὰρ

2219 2405 2402 2466 αὐτοῖς
2446 2401 2587 2455 κατά
2640 2401 2884 2473 κορυφὴν
2923 2397 3134 2467 γίνεται
3178 2398 3208 2450 6
3255 2394 3426 2466 ἥλιος.
3477 2389 3811 2463 Ἰσημερινοὶ

2219 2496 2274 2550 δὲ
2307 2494 2496 2548 κύκλοι
2544 2493 2784 2564 γίνονται
2820 2491 2951 2562 παρ’
2986 2491 3169 2553 αὐτοῖς
3200 2489 3401 2550 πάντες
3431 2487 3481 2539 οἰ
3523 2484 3809 2558 παράλλη-

2218 2587 2319 2641 λοι.
2361 2585 2642 2658 Ἰσημερία
2699 2585 2807 2656 γὰρ
2852 2583 2941 2636 διὰ
2995 2581 3194 2644 παντός
3244 2582 3360 2633 ἐστι
3419 2580 3549 2650 παρ’
3601 2571 3810 2638 αὐτοῖς.

2221 2678 2427 2740 Πάντες
2456 2676 2567 2748 γὰρ
2587 2677 2634 2729 οἱ
2668 2673 3008 2747 παράλληλοι
3039 2672 3228 2727 κύκλοι
3255 2669 3669 2743 διχοτομοῦνται
3701 2669 3813 2724 ὑπὸ

2218 2770 2313 2824 τοῦ
2343 2768 2638 2840 ὁρίζοντος.

2293 2861 2428 2914 Οὐδὲ
2473 2861 2530 2914 αἱ
2579 2861 2888 2923 διαστάσεις
2934 2858 2992 2912 δὲ
3039 2857 3150 2928 (19)
3184 2859 3240 2911 αἰ
3283 2859 3377 2912 ἀπ’
3418 2857 3666 2929 ἀλλήλων
3693 2859 3812 2924 τοῖς

2222 2953 2440 3016 κύκλοις
2486 2955 2543 3007 αἰ
2574 2953 2736 3006 αὐταὶ
2763 2953 3077 3025 διαμένουσι
3111 2951 3232 3006 καθ’
3265 2952 3393 3025 ὃλην
3428 2953 3527 3024 τὴν
3557 2954 3811 3025 οἰκουμέ-

2220 3061 2351 3116 νην·
2388 3043 2526 3098 ἀλλά
2573 3045 2708 3114 πρὸς
2735 3045 2836 3115 τὴν
2864 3045 3227 3117 καταγραφὴν
3261 3044 3371 3099 τῶν
3401 3044 3651 3116 σφαιρῶν
3679 3047 3749 3113 ²¹,
3781 3049 3812 3100 6

2227 3135 2600 3208 μεσημϐρινὸς
2650 3135 2940 3208 διαιρεῖται
2989 3136 3184 3201 οὕτως’
3247 3135 3353 3191 Τοῦ
3411 3137 3555 3192 κατά
3608 3137 3813 3201 πλάτος

2225 3229 2424 3291 παντὸς
2449 3227 2824 3300 μεσημϐρινοῦ
2851 3227 3052 3282 κύκλου
3073 3228 3454 3300 διαιρουμένου
3478 3231 3560 3296 εἰς
3587 3230 3728 3302 μέρη
3746 3229 3811 3297 ξ’,

540 3326 750 3381 distans
777 3325 1094 3396 hujusmodi
1123 3327 1376 3396 partibus
1410 3325 1443 3381 6
1468 3344 1483 3394 ;
1523 3329 1749 3383 aestivus
1773 3330 2022 3399 tropicus
2050 3329 2122 3385 ab

2224 3319 2252 3371 6
2297 3319 2556 3390 ἀρκτικὸς
2613 3320 2721 3372 ἀπὸ
2775 3319 2870 3373 τοῦ
2909 3320 3072 3374 πόλου
3125 3321 3540 3392 καταγράφεται
3591 3323 3812 3394 ἀπέχων

537 3417 747 3472 ἰιιέιίεο
815 3415 1150 3472 describitur
1203 3417 1420 3474 distans
1474 3419 1539 3484 5;
1599 3419 2000 3490 aequinoctialis
2051 3421 2122 3476 ab

2225 3409 2494 3481 ἑξηκοστά
2532 3410 2625 3477 ἓξο
2658 3412 2686 3464 6
2715 3411 2772 3465 δὲ
2811 3411 3018 3483 Θερινὸς
3047 3412 3308 3484 τροπικὸς
3344 3414 3452 3467 ἀπὸ
3492 3413 3586 3467 τοῦ
3621 3415 3814 3487 ἀρκτι-

544 3513 775 3578 utroque
827 3507 1040 3578 tropico
1082 3505 1150 3573 6;
1201 3508 1463 3564 hibernus
1495 3511 1742 3581 tropicus
1777 3513 2022 3567 circulus
2053 3514 2122 3568 ab

2226 3501 2325 3555 κοῦ
2356 3503 2626 3572 γράφεται
2654 3503 2874 3573 ἀπέχων
2921 3503 3188 3574 ἑξηκοστά
3229 3511 3304 3556 ε’·
3346 3507 3375 3558 6
3405 3505 3462 3558 δὲ
3498 3506 3814 3578 ἰσημερινδς

544 3600 851 3653 antarctico
877 3598 1214 3654 describitur
1246 3593 1458 3656 distans
1491 3602 1563 3668 5;
1619 3605 1962 3661 antarcticus
1993 3619 2121 3661 vero

544 3705 578 3744 a
605 3690 726 3761 polo
754 3691 967 3746 distans
994 3688 1311 3760 hujusmodi
1338 3691 1590 3758 partibus
1620 3692 1676 3749 6.

617 3952 688 4005 At
719 3965 829 4006 non
858 3967 954 4022 per
981 3967 1174 4008 omnes
1210 3953 1460 4024 regiones
1507 3963 1562 4010 et
1613 3954 1779 4012 urbes
1823 3956 1881 4012 hi
1929 3958 2125 4015 circuli

633 4094 678 4126 ”
707 4111 797 4164 τρ.
828 4092 1211 4165 περιφερειῶν.

621 4210 738 4295 (l9)
773 4211 1018 4295 ορδξαι
1051 4212 1402 4295 διαστάσεις
1433 4215 1520 4295 δέ.
1559 4214 1694 4270 Mira
1729 4217 2112 4295 et_scr_‘iptori_s

553 4282 750 4352 hujus,
790 4289 844 4337 et
874 4282 1108 4337 aliorum
1155 4285 1449 4339 multorum
1488 4286 1850 4341 inconstantia
1896 4282 1954 4342 iri
1989 4289 2115 4344 εωΙί

559 4353 756 4427 positu,
786 4359 841 4407 et
871 4353 1262 4427 οἰκήσει-«ξετερι
1298 4357 1551 4411 linienda.
1584 4356 1795 4427 Saepius
1825 4359 1970 4412 enim
2004 4359 2117 4412 Ma-

556 4423 899 4499 cedonicum,
936 4423 1050 4479 sive
1080 4424 1365 4490 Arateum,
1393 4427 1553 4499 clima
1587 4423 1711 4482 cum
1738 4425 1961 4499 Rhodio
1995 4444 2118 4499 per-

558 4493 811 4556 miscent,
851 4503 906 4548 et
963 4509 1086 4549 cum
1129 4504 1361 4564 utroque
1398 4495 1668 4560 Graecum,
1705 4497 1820 4552 sive
1855 4493 2114 4553 Attic’um.

558 4563 754 4618 Noster
793 4564 952 4618 paulo
977 4576 1104 4618 ante
1128 4567 1532 4618 sianilicaverat
1561 4585 1616 4618 ι).
1643 4568 1732 4618 10.
1762 4568 1859 4618 ibi.
1883 4570 1977 4618 ubi
2007 4579 2114 4618 tum

605 4572 754 4619 οςιει·

557 4634 804 4705 degebat,
827 4635 1032 4706 attolli
1064 4634 1246 4705 polum
1284 4637 1546 4706 gradibus
1561 4634 1673 4704 ⁷41,
1711 4634 1813 4693 hoc
1853 4647 1937 4694 est
1975 4640 2121 4694 diem

557 4720 680 4779 esse
700 4705 990 4779 maximam
1025 4705 1400 4779 horarum’iti.
1429 4706 1572 4779 idem
1603 4717 1778 4764 tamen
1801 4723 1923 4779 pag.
1959 4709 1995 4764 8
2016 4710 2124 4764 cir-

561 4775 741 4848 culum
763 4775 1027 4829 arctieum
1061 4777 1224 4843 talem
1252 4779 1299 4831 ei
1335 4778 1544 4848 regioni
1572 4778 1784 4842 tribuit,
1814 4775 1907 4848 qu'i
1932 4779 2126 4838 Attica:

561 4844 891 4917 graeciaeque
938 4855 1238 4916 congruat,
1290 4855 1350 4901 ut
1394 4844 1561 4917 supra
1604 4844 2120 4904 demonstravimus.

563 4912 677 4990 Hoc
697 4912 831 4990 vero
869 4915 991 4970 loco
1029 4912 1145 4990 rem
1185 4912 1504 4990 imprudens
1550 4919 1622 4990 ad
1658 4917 1998 4990 Rhodiacum
2030 4936 2125 4990 pa-

563 4985 808 5039 rallelum
841 4988 1154 5060 transtulit.
1198 4985 1479 5060 Circnlum
1514 4989 1724 5060 antiqui
1758 4991 1814 5043 in
1842 4985 2124 5060 sexaginta

563 5063 746 5128 partes
785 5055 1028 5111 tribucre
1078 5058 1345 5123 solebant,
1375 5075 1482 5128 qua
1527 5055 1736 5114 ratione
1778 5055 2125 5116 semicirculo

565 5125 786 5195 triginta
803 5128 1205 5197 competebant.
1221 5129 1299 5182 Ad
1323 5125 1469 5183 hunc
1494 5131 1714 5185 modum
1741 5130 2127 5188 Eratosthenes

563 5197 766 5267 aliique
807 5197 1092 5252 intervalla
1141 5201 1524 5268 parallelorum
1559 5202 1792 5256 dimensi
1831 5210 1980 5265 sunt,
2009 5203 2124 5258 sive

563 5281 627 5340 ea
666 5283 760 5338 per
783 5275 962 5340 partes
993 5284 1315 5338 sexagenas,
1357 5272 1471 5325 sive
1501 5286 1596 5340 per
1629 5271 2124 5338 stadiasmos,con-

563 5336 1027 5412 ciperent._llo_c_e
1057 5336 1327 5394 Strabone
1352 5336 1530 5412 lib.Jl_,
1550 5342 1945 5404 AchilleTalio,
1971 5336 2121 5412 'Isag.

564 5408 743 5482 capite
786 5408 873 5475 59,
898 5408 1131 5482 aliisque
1177 5417 1411 5482 constat.
1442 5410 1517 5464 Ex
1546 5413 1832 5466 intervallo
1863 5415 2007 5482 quod
2038 5408 2124 5469 hic

564 5478 828 5554 geminus
861 5479 1125 5554 assignat,
1176 5481 1448 5554 colligitur
1477 5482 1688 5554 ἕξαρμα
1726 5483 1832 5552 poli
1856 5478 2124 5554 graduum

697 5547 1260 5622 Es_t_enim_’numerus
1357 5547 1742 5620 decima'pars'
1762 5547 2122 5622 sexagenarii,

565 5619 709 5672 sicut
751 5618 820 5672 '56
868 5619 1080 5674 decima
1123 5636 1250 5689 pars
1301 5621 1422 5674 560.
1475 5618 1656 5688 Quare
1708 5638 1832 5677 cum
1884 5618 2124 5679 circulus

567 5689 826 5764 arcticqs,
853 5691 1011 5758 cujus
1033 5691 1436 5764 semidianieter
1465 5703 1548 5747 est
1581 5694 1811 5748 altitudo
1842 5696 1970 5764 poli,
1999 5710 2125 5764 par-

567 5758 715 5830 tibus
747 5758 781 5812 6
807 5775 837 5812 a
867 5765 993 5830 polo
1019 5762 1214 5824 distet,
1249 5763 1556 5826 cujusmodi
1589 5771 1736 5818 totus
1784 5758 2022 5819 circulus
2055 5767 2126 5821 60

567 5828 830 5905 continet,
859 5828 1048 5905 eadem
1084 5831 1334 5905 altitudo
1357 5835 1592 5905 partium
1624 5833 1693 5888 50'
1713 5834 1846 5905 erit,
1877 5836 2122 5905 qualium

567 5897 810 5956 circulus
826 5908 911 5958 est
936 5900 1060 5960 360.
1080 5900 1172 5958 Sic
1194 5897 1516 5960 duodecima
1545 5918 1674 5976 pars
1701 5902 1770 5961 60
1798 5897 1925 5961 sunt
1944 5906 2013 5961 5:
2037 5908 2118 5962 uti

792 4541 952 4633 ῥαῐιίο
962 4541 1104 4639 ξιᾙῶ
1128 4541 2122 4639 ξιξῆῧᾶὲέιγὲὶῖι“ιὶζ“ἰοζ’ἱῦίξᾙῦῖῖιὶῖπὶ
2151 4541 2198 4596 ι)

2226 3595 2320 3663 ἀφ’
2348 3594 2606 3666 ἑκατέρου
2636 3595 2744 3649 τῶν
2763 3595 3043 3668 τροπικῶν
3072 3595 3342 3668 ἑξηκοστά
3367 3597 3407 3651 δ’
3430 3615 3444 3628 ·
3481 3601 3509 3652 6
3535 3600 3594 3653 δὲ
3623 3618 3813 3672 χειμε-

2233 3687 2376 3758 ρινὸς
2405 3687 2664 3758 τροπικὸς
2693 3687 2893 3752 κύκλος
2919 3688 3027 3743 ἀπὸ
3055 3689 3150 3742 τοῦ
3192 3689 3556 3762 ἀνταρκτικοῦ
3589 3693 3817 3763 ἀπέχων

2233 3775 2500 3847 ἑξηκοστά
2523 3783 2562 3829 ε’
2580 3793 2594 3806 ·
2625 3779 2654 3830 6
2685 3777 2742 3831 δὲ
2769 3779 3130 3852 ἀνταρκτικὸς
3157 3779 3373 3834 ἀπὸτοῦ
3402 3781 3565 3836 πόλου
3592 3784 3818 3854 ἀπέχων

2233 3869 2502 3941 ἑξηκοστά
2539 3879 2615 3937 ς’.

2303 3962 2379 4016 Οὐ
2427 3963 2571 4017 κατὰ
2617 3966 2798 4020 πᾶσαν
2845 3965 2904 4020 δὲ
2952 3965 3137 4038 χώραν
3185 3967 3281 4020 καὶ
3313 3967 3468 4020 πόλιν
3495 3967 3597 4032 τάς
3644 3969 3820 4033 αὑτὰς

2220 4235 2357 4295 pars
2404 4221 2731 4295 duodecima
2770 4224 2980 4295 numeri
3013 4223 3119 4279 360
3173 4232 3304 4280 sunt
3353 4224 3463 4291 50;
3518 4240 3691 4295 quare
3743 4229 3816 4283 ab

2222 4291 2431 4366 arctico
2449 4294 2726 4366 _paralleli
2778 4293 2982 4349 Rhodii
3031 4296 3101 4350 ad
3151 4297 3500 4366 solstitialem
3536 4291 3816 4366 trapicum

2223 4360 2426 4435 gradus
2449 4360 2537 4435 Si).
2573 4371 2756 4435 partes
2779 4366 3150 4435 sexagenariae
3182 4365 3240 4432 5,
3273 4373 3328 4420 et
3355 4366 3437 4420 sic
3482 4366 3540 4421 in
3572 4360 3812 4422 caeteris.

2224 4431 2449 4504 Eadem
2481 4431 2798 4490 distributio
2843 4431 2986 4504 apud
3033 4435 3305 4492 Achillem
3358 4435 3579 4490 Tatium
3628 4446 3816 4492 exsuat

2225 4502 2395 4556 citato
2440 4502 2583 4565 loco,
2633 4505 2726 4558 ubi
2765 4502 2980 4559 numeri
3018 4506 3264 4561 mendosi
3303 4515 3466 4570 sunt,
3498 4517 3557 4562 et
3605 4521 3677 4562 ex
3711 4509 3819 4564 hac

2226 4573 2436 4627 ratione
2459 4574 2660 4644 corrigi
2683 4575 2904 4647 debent.
2935 4575 3179 4647 Hyginus
3199 4593 3418 4647 quoque
3441 4578 3534 4632 lib.
3565 4593 3581 4632 ι
3623 4579 3816 4632 Αειτοο

2227 4659 2369 4717 πριιι.
2418 4652 2580 4717 po_et.,
2609 4643 3133 4717 eamdemadliihet.
3171 4643 3412 4717 Apparet
3462 4657 3816 4704 astronomos

2226 4711 2440 4788 ἐξαρμα
2469 4712 2815 4788 Rhodiacum
2848 4716 3081 4770 libenter
3124 4717 3191 4770 ad
3223 4711 3543 4788 'e'xemplum
3585 4733 3649 4774 ac
3688 4733 3820 4788 spe-

2225 4784 2406 4858 cimen
2437 4785 2840 4858 assumpsisse,
2871 4795 3095 4858 prepter
3141 4784 3594 4844 commoditatem
3639 4784 3813 4858 parti-

2227 4854 2459 4926 tionum,
2488 4862 2544 4909 et
2572 4854 2897 4926 ἀναλογιῶν,
2941 4854 3063 4926 qua:
3103 4858 3161 4912 in
3191 4858 3533 4914 duodenario
3577 4854 3816 4915 numero

2227 4925 2613 4980 instituuntur.
2661 4924 2759 4980 Est
2800 4924 3250 4983 enim—numerus
3294 4929 3364 4983 36
3413 4929 3812 4984 duodenarius.

2229 4994 2372 5068 Sane
2416 4995 2742 5068 Ptolemreus
2768 4997 2930 5068 libro
2969 5013 3006 5050 ιι
3038 5013 3102 5052 eo
3147 5000 3412 5068 parallelo
3455 5001 3813 5068 potissimum

2227 5066 2422 5139 utitur.
2455 5065 2530 5118 Ea
2554 5081 2644 5139 res
2677 5067 2805 5120 fecit
2843 5075 2899 5120 ut
2962 5069 3054 5121 alii
3085 5065 3181 5139 per
3225 5065 3656 5138 imprudentiam
3689 5085 3817 5138 quae

2226 5135 2374 5205 illius
2398 5136 2618 5205 propria
2642 5145 2769 5190 sunt
2791 5139 3008 5194 caeteris
3025 5135 3281 5194 omnibus
3303 5135 3812 5196 accommodarent.

2225 5204 2309 5277 Ac
2331 5204 2595 5261 Geminus
2637 5208 2801 5277 paulo
2843 5209 2986 5262 intra
3029 5217 3216 5264 monet
3246 5209 3487 5265 circulos
3529 5225 3723 5265 omnes
3757 5212 3816 5263 in

2225 5276 2461 5346 vulgatis
2485 5276 2716 5345 spinet-is
2746 5279 2886 5347 exigi
2917 5279 2984 5333 ad
3017 5279 3361 5333 horizontem
3393 5279 3640 5343 Graeciae,
3667 5281 3816 5347 quod

2227 5361 2296 5420 ne
2327 5349 2442 5420 ipse
2474 5347 2694 5420 quidem
2732 5357 2986 5420 accurate
3022 5352 3218 5404 tenuit.
3249 5348 3385 5404 Nam
3422 5351 3641 5420 έξαρμα
3663 5347 3817 5405 Gne-

2226 5417 2357 5489 cige,
2410 5417 2514 5470 hoc
2547 5427 2637 5489 est
2669 5418 2863 5472 Atticze
2907 5420 3176 5489 graduum
3220 5428 3304 5475 est
3341 5417 3574 5475 circiter"
3607 5420 3698 5482 57,
3754 5431 3816 5474 ut

2227 5484 2575 5559 Hipparchus
2609 5487 2767 5542 docet
2795 5490 2890 5544 lib.
2911 5484 2950 5542 ῖ.
2979 5488 3178 5544 Verum
3208 5493 3338 5559 quia
3371 5492 3596 5546 Rhodus
3625 5490 3816 5545 Graeca

2227 5557 2427 5632 civitas.
2460 5566 2565 5621 est,
2593 5567 2647 5632 et
2686 5574 2812 5632 pars
2847 5561 3032 5628 aliqua
3065 5557 3287 5616 Graecia:
3309 5604 3324 5627 ,
3364 5574 3420 5615 ut
3442 5561 3816 5632 Peloponnesi

2227 5628 2652 5701 pleraque,_s_ub
2694 5629 2884 5683 eodem
2911 5634 3034 5701 _sita
3059 5640 3142 5684 est
3170 5633 3435 5701 parallelo
3465 5650 3480 5685 :
3517 5628 3641 5686 idco
3669 5634 3816 5684 hunc

2227 5704 2412 5768 ipsum
2437 5699 2536 5752 toti
2578 5699 2864 5768 imputavit
2896 5699 3137 5756 Gi'tecize.
3171 5699 3412 5757 Frustra
3447 5703 3652 5766 Procli,
3703 5703 3816 5754 iniu

2227 5782 2357 5822 vero
2389 5767 2602 5823 Gemini
2633 5767 3059 5825 inconstantiam
3096 5773 3260 5826 istam
3286 5790 3354 5828 ex
3383 5773 3818 5828 reﬂat-tionibus

2229 5839 2525 5915 conciliare
2585 5839 2807 5894 student
2853 5842 3054 5915 eruditi
3093 5845 3496 5902 mathematici.
3533 5841 3675 5899 Vera
3727 5853 3818 5915 est

2229 5909 2376 5964 illius
2397 5910 2550 5979 origo
2578 5925 2745 5978 quam
2773 5912 2947 5976 attigi.
