4124 6400
297 411 384 466 ηιι
1372 409 1611 466 GEMINI
1652 412 2021 468 ELEMENTA
2060 412 2563 470 ASTRONOMIIE.

3453 409 3558 464 78‘2

295 526 599 593 διαστάσεις
654 526 866 598 ἔχουσιν
907 525 1002 580 ἀπ’
1039 525 1282 597 ἀλλήλων
1312 530 1360 581 οἰ
1397 529 1620 582 κύκλοιο
1675 529 1788 584 ἀλλ’
1822 531 1871 584 ot

1991 546 2077 586 ias
2107 531 2311 585 habent
2337 544 2369 584 a
2407 545 2467 585 se
2523 527 2755 583 invicem
2812 526 3108 583 distantias
3139 545 3152 581 :
3198 525 3396 596 tropici
3429 541 3559 579 vero

297 622 399 692 μὲν
435 621 686 692 τροπικοὶ
729 618 918 674 κύκλοι
964 620 1072 673 ἀπὸ
1111 617 1204 672 τοῦ
1245 620 1560 692 ἰσημερινοῦ
1593 621 1734 676 κατά
1767 625 1874 676 πᾶν

295 713 531 784 ἓγκλιμα
553 711 652 784 τὴν
677 711 844 783 αὐτὴν
877 711 1175 765 ἀπόστασιν
1205 711 1414 782 ἔχουσιν
1434 729 1449 743 °
1477 714 1526 766 οί
1550 713 1608 766 δὲ
1628 718 1877 786 τροπικο¹ι

297 803 484 856 κύκλοι
515 803 624 858 ἀπὸ
673 803 782 856 τῶν
813 803 1091 875 ἀρκτικῶν
1128 803 1189 856 ού
1219 805 1318 874 τὴν
1354 805 1523 875 αὐτὴν
1551 805 1733 876 έχουσι
1759 806 1878 861 διά-

295 912 486 949 στασιν
536 895 676 948 κατά
721 896 930 958 πάντας
971 896 1099 959 τοὺς
1149 895 1462 968 ὁρίζοντας,
1505 897 1622 951 ἀλλ’
1671 900 1720 952 ot
1779 900 1877 970 μὲν

296 985 540 1050 ἔλασσον,
569 987 619 1039 οἱ
646 987 704 1040 δὲ
743 987 906 1040 πλέον
945 987 1310 1060 διεστήκασιν.

376 1080 610 1151 Ὁμοίως
641 1079 698 1132 δὲ
732 1079 854 1132 οὐδὲ
881 1081 931 1131 οἱ
976 1080 1230 1151 ἀρκτικοῖ⁵
1258 1081 1366 1134 ἀπὸ
1409 1080 1517 1134 τῶν
1558 1081 1738 1137 πόλων
1780 1084 1879 1156 τὴν

297 1170 422 1244 ἴσην
455 1173 757 1226 ἀπόστασιν
805 1170 988 1242 ἔχουσι
1031 1172 1174 1226 κατά
1224 1174 1333 1226 πᾶν
1380 1171 1646 1245 ἐγκλιμα·
1683 1175 1798 1230 ἀλλ’
1830 1177 1880 1229 οί

302 1263 404 1334 μὲν
431 1263 715 1328 ἐλάσσονα,
741 1265 792 1316 οί
826 1263 882 1316 δὲ
908 1262 1148 1319 πλείονα.
1182 1264 1644 1335 Καταγράφονται
1695 1265 1881 1337 μέντοι

299 1371 364 1425 γε
389 1356 559 1408 πᾶσαι
588 1356 644 1409 αἱ
674 1353 1019 1426 περιφέρειαι
1048 1353 1185 1426 πρὸς
1217 1354 1310 1408 τὸν
1343 1357 1402 1409 ὲν
1427 1359 1493 1427 τῇ
1538 1355 1746 1412 Ἐλλάδι
1769 1358 1883 1429 ὁρί-

299 1447 483 1512 ζοντα.

371 1536 472 1590 Διά
498 1535 607 1589 τῶν
655 1535 836 1588 πόλων
863 1535 918 1589 δέ
966 1537 1074 1589 είσι
1117 1537 1328 1599 κύκλοι,
1356 1540 1404 1592 οἱ
1444 1539 1549 1592 ὑπό
1580 1557 1742 1594 τινων
1787 1541 1882 1594 κό-

300 1629 478 1702 λουροι
523 1628 1072 1703 προσαγορευόμενοι,
1123 1625 1205 1696 οἷς
1240 1632 1592 1704 συμϐέϐηκεν
1637 1635 1732 1687 ἐπὶ
1773 1634 1883 1688 τῶν

303 1721 449 1774 ίδίων
483 1721 848 1793 περιφερειῶν
882 1723 928 1752 ⁸⁸
951 1723 1076 1786 τοὺς
1118 1722 1213 1776 τοῦ
1255 1723 1461 1795 κόσμου
1491 1725 1686 1790 πόλους
1714 1725 1880 1797 ἔχειν.

300 1815 567 1886 Κόλουροι
614 1815 671 1869 δὲ
729 1813 1042 1887 κέκληνται,
1092 1816 1182 1870 διὰ
1222 1819 1284 1871 τὸ
1343 1817 1484 1891 μέρη
1529 1819 1661 1874 mar
1703 1819 1884 1874 αὐτῶν

1977 623 2172 678 circuli
2202 622 2270 677 ab
2297 619 2672 692 aequinoctiali
2732 622 2785 673 in
2835 619 2987 674 omni
3037 618 3258 673 climate
3309 617 3556 674 eamdem

1979 716 2181 771 habent
2223 714 2573 782 distantiam;
2618 712 2714 768 sed
2741 713 2935 784 tropici
2967 711 3158 767 circuli
3214 710 3283 766 ab
3334 711 3559 767 arcticis

1978 825 2086 863 non
2109 810 2354 862 eamdem
2385 807 2584 862 habent
2599 806 2916 861 distantiam
2942 805 2997 859 in
3015 803 3272 861 omnibus
3295 802 3556 860 horizon-

1980 897 2146 960 tihus,
2184 896 2280 953 sed
2309 896 2402 951 alii
2436 895 2638 962 minus,
2673 895 2766 950 alii
2793 895 2918 964 plus
2951 894 3180 950 distant.

2052 1073 2319 1129 Similiter
2345 1088 2524 1144 neque
2564 1071 2753 1128 arctici
2795 1087 2830 1126 a
2873 1072 3015 1144 polis
3041 1071 3305 1144 aequalem
3355 1071 3560 1130 habent

1981 1170 2299 1225 distantiam
2327 1170 2381 1224 in
2411 1169 2562 1224 omni
2592 1168 2848 1235 climate,
2900 1168 2996 1226 sed
3027 1167 3121 1222 alii
3145 1167 3436 1233 minorem,
3465 1166 3561 1222 alii

1983 1261 2268 1331 majorem.
2303 1260 2701 1318 Describuntur
2723 1268 2908 1318 tamen
2939 1275 3131 1317 omnes
3165 1257 3561 1316 circumferen-

1983 1354 2074 1409 tiae
2107 1352 2174 1408 ad
2197 1353 2538 1410 horizontem
2581 1353 2824 1410 Graeciae.

2054 1537 2160 1592 Per
2186 1538 2340 1609 polos
2369 1537 2520 1592 ducti
2552 1535 2747 1592 circuli
2782 1543 2912 1592 sunt
2940 1537 2979 1592 ii
3027 1536 3119 1608 qui
3162 1552 3194 1591 a
3234 1535 3562 1608 quibusdam

1984 1639 2251 1687 vocantur
2277 1630 2470 1693 coluri,
2517 1629 2719 1700 quibus
2773 1628 3037 1700 contingit
3084 1627 3139 1682 iu
3170 1626 3409 1698 propriis
3454 1626 3564 1682 cir-

1985 1722 2362 1778 cuml’ercntiis
2388 1723 2576 1777 mundi
2611 1722 2766 1792 polos
2803 1721 3026 1776 habere.
3055 1718 3337 1776 Vocantur
3382 1728 3564 1776 autem

1987 1815 2185 1879 coluri,
2220 1831 2284 1870 eo
2310 1815 2455 1886 quod
2499 1830 2686 1870 eorum
2715 1821 2900 1884 partes
2947 1815 3141 1885 aliqua:
3169 1814 3282 1871 sint
3311 1813 3564 1869 invisibi-

301 1905 592 1978 ἀθεώρητα
635 1906 900 1977 γίνεσθαι.
951 1909 1014 1962 Ol
1055 1908 1151 1980 μὲν
1183 1909 1291 1981 γὰρ
1323 1909 1500 1964 λοιποὶ¹
1531 1912 1718 1966 κύκλοι
1745 1917 1886 1967 κατά

1991 1908 2086 1964 les.
2130 1907 2344 1978 lleliqui
2368 1907 2512 1962 enim
2537 1907 2735 1962 circuli
2762 1906 2863 1961 toti
2893 1914 3215 1992 spectantur
3261 1904 3564 1964 secundum

300 2001 400 2074 τὴν
427 2001 797 2074 περιστροφὴν
828 2001 922 2055 τοῦ
964 2001 1171 2074 κόσμου
1204 2003 1315 2056 ὅλοι
1358 2002 1708 2076 Θεωροῦνται.
1765 2005 1886 2060 Τῶν

300 2093 359 2149 δὲ
387 2093 662 2166 κολούρων
692 2093 908 2148 κύκλων
955 2093 1096 2166 μέρη
1137 2095 1262 2148 τινά
1299 2095 1447 2148 ἐστιν
1480 2095 1788 2169 ἀθεώρητα,
1819 2100 1888 2154 τὰ

302 2187 412 2240 ὑπὸ
433 2186 529 2240 τοῦ
561 2185 923 2259 ἀνταρκτικοῦ
959 2187 1064 2240 ὑπὸ
1095 2187 1187 2241 τὸν
1221 2188 1473 2259 ὁρίζοντα
1503 2190 1886 2262 ἀπολαμϐανὸ-

308 2296 468 2350 μενα.
495 2279 803 2351 Γράφονται
833 2278 890 2331 δὲ
921 2273 1068 2332 οὗτοι
1109 2279 1161 2332 οί
1200 2278 1289 2334 διά
1319 2279 1429 2334 τῶν
1460 2280 1638 2335 πόλων
1665 2282 1752 2336 διὰ
1778 2282 1886 2336 τῶν

302 2370 580 2444 τροπικῶν
613 2371 708 2424 καὶ⁹
751 2368 1082 2442 ίσημερινῶν
1127 2370 1391 2443 σημείων,
1425 2372 1520 2426 καὶ
1565 2374 1647 2436 είς
1675 2372 1716 2426 δ’
1745 2375 1887 2446 μέρη

307 2460 400 2516 [σα
421 2461 690 2533 διαιροῦσι
724 2461 817 2515 τὸν
845 2460 933 2514 διὰ
967 2460 1148 2534 μέσων
1171 2461 1281 2516 τῶν
1311 2461 1518 2528 ζωδίων
1547 2463 1766 2522 κύκλον.

375 2550 542 2618 Λοξὸς
582 2551 640 2605 δέ
686 2551 802 2605 ἐστι
831 2551 1030 2617 κύκλος
1056 2554 1087 2608 6
1108 2551 1219 2607 τῶν
1268 2551 1334 2624 ιβ’
1377 2553 1583 2620 ζωδίων
1602 2571 1616 2586 ο
1645 2556 1808 2621 αὐτὸς
1831 2556 1887 2612 δὲ

306 2645 374 2696 ὲκ
401 2648 448 2712 γ’
497 2641 712 2696 κύκλων
746 2642 1106 2714 παραλλήλων
1161 2643 1526 2717 συνέστηκεν·
1567 2638 1643 2699 ὧν
1687 2646 1738 2698 oi
1789 2647 1888 2718 μὲν

307 2735 370 2789 τὸ
403 2734 603 2798 πλάτος
630 2735 912 2807 ἀφορίζειν
946 2735 1194 2804 λέγονται
1225 2736 1321 2790 τοῦ
1351 2737 1618 2802 ζωδιακοῦ
1651 2739 1850 2794 κύκλου
1869 2758 1884 2772 ο

304 2829 336 2881 6
395 2827 452 2882 δί
506 2827 595 2882 διὰ
650 2828 830 2900 μέσων
877 2827 986 2882 τῶν
1038 2827 1244 2893 ζωδίων
1291 2829 1554 2884 καλεῖται.
1605 2823 1775 2896 Οὗτος
1831 2833 1888 2886 δὲ

307 2921 608 2991 ἐφάπτεται
631 2920 726 2975 δύο
747 2919 962 2974 κύκλων
999 2921 1132 2975 ῐσων
1161 2937 1220 2975 τε
1247 2921 1342 2976 καὶ
1369 2921 1729 2994 παραλλήλων
1747 2940 1760 2954 ’
1793 2923 1888 2978 τοῦ

312 3013 412 3086 μὲν
449 3009 664 3084 Θερινοῦ
701 3009 964 3083 τροπικοῦ
996 3009 1137 3064 κατά
1168 3010 1266 3081 τὴν
1293 3009 1386 3064 τοῦ
1421 3010 1700 3082 Καρκίνου
1736 3010 1888 3082 πρώ-

308 3121 408 3174 την
452 3107 670 3175 μοῖραν,
702 3103 795 3156 τοῦ
848 3103 904 3156 δὲ
947 3104 1261 3178 χειμερινοῦ
1307 3102 1571 3175 τροπικοῦ
1602 3103 1744 3158 κατὰ
1789 3104 1890 3174 τὴν

310 3195 405 3249 τοῦ
446 3195 727 3266 Δίγόκερω
777 3195 1000 3267 πρώτην
1056 3199 1282 3268 μοῖραν·
1331 3195 1423 3250 τὸν
1469 3196 1527 3249 δὲ
1578 3197 1890 3268 ἰσημερινὸν

1988 1999 2177 2055 mundi
2230 1999 2685 2067 conversionem;
2745 2007 2802 2053 at
2860 1999 3176 2055 colurorum
3231 1998 3564 2055 circulorum

1989 2101 2172 2165 partes
2205 2093 2401 2164 aliquae
2429 2099 2560 2149 sunt
2592 2091 2915 2156 invisibiles,
2951 2105 3031 2147 eat
3057 2090 3312 2147 videlicet
3351 2105 3475 2162 qua;
3498 2090 3568 2144 ab

1987 2186 2291 2241 antarctico
2319 2185 2423 2242 sub
2461 2184 2746 2240 horizonte
2794 2183 3185 2240 desumuntur.
3239 2181 3569 2239 Scribuntur

1988 2285 2170 2334 autem
2196 2277 2274 2342 hi,
2300 2277 2392 2348 qui
2421 2292 2520 2348 per
2547 2276 2703 2347 polos
2732 2282 2863 2333 sunt
2891 2274 3064 2340 ducti,
3095 2291 3193 2348 per
3221 2282 3425 2347 puncta
3453 2275 3568 2332 sol-

1989 2376 2213 2430 stitialia
2236 2383 2290 2431 et
2311 2373 2736 2446 mquinoctialia,
2757 2379 2815 2428 et
2840 2371 2896 2427 in
2922 2377 3162 2445 quatuor
3184 2379 3368 2442 partes
3395 2383 3574 2442 aequa.

1989 2465 2069 2521 les
2095 2465 2342 2521 dividunt
2367 2465 2698 2537 eclipticam.

2063 2559 2167 2629 12
2201 2558 2470 2629 Obliquus
2500 2564 2681 2613 autem
2707 2565 2792 2617 est
2813 2557 3056 2616 circulus
3083 2557 3132 2614 is
3155 2557 3249 2629 qui
3279 2553 3568 2613 duodecim

1989 2658 2074 2704 est
2103 2653 2404 2721 signorum.
2445 2649 2543 2706 Hic
2577 2665 2706 2707 vero
2731 2667 2800 2707 ex
2834 2651 3016 2706 tribus
3039 2649 3266 2706 circulis
3297 2648 3573 2720 parallelis

1990 2745 2327 2816 compositus
2362 2753 2486 2810 est,
2539 2759 2778 2816 quorum
2838 2743 2894 2798 hi
2943 2741 3167 2814 quidem
3225 2739 3571 2796 latitudinem

1991 2838 2201 2894 zodiaci
2227 2839 2422 2894 circuli
2453 2839 2820 2896 determinare
2862 2837 3162 2905 dicuntur;
3193 2837 3300 2893 iste
3325 2849 3459 2890 vero
3488 2835 3576 2888 di-

1991 2932 2137 2986 citur
2157 2932 2401 2988 circulus
2429 2947 2528 3004 per
2565 2931 2746 2987 media
2781 2931 2957 3004 signa.
3019 2929 3120 2986 Hic
3168 2928 3387 3001 attingit
3433 2927 3577 2988 duos

1991 3023 2230 3079 circulos
2292 3039 2417 3080 cum
2474 3024 2715 3096 aequales
2748 3064 2764 3089 ,
2831 3033 2946 3078 tum
2996 3021 3290 3095 parallelos
3319 3041 3336 3076 :
3377 3035 3574 3090 nempe

1990 3118 2242 3172 aestivum
2288 3115 2564 3188 tropicum
2626 3131 2725 3188 per
2771 3115 2970 3172 Cancri
3024 3115 3258 3188 primam
3317 3121 3571 3187 partem;

1995 3211 2281 3266 hibernum
2326 3224 2456 3264 vero
2504 3209 2778 3280 tropicum
2825 3224 2924 3280 per
2944 3207 3281 3278 'Capricorni
3339 3207 3571 3278 primam

309 3286 432 3358 δίχα
455 3287 644 3358 τέμνει
676 3285 817 3340 κατά
845 3285 943 3357 τὴν
969 3287 1062 3341 τοῦ
1090 3287 1262 3359 Κριοῦ
1295 3285 1518 3358 πρώτην
1551 3290 1764 3358 μοῖραν,
1799 3290 1888 3342 καὶ

1998 3311 2243 3373 partem;
2283 3302 2717 3373 aequinoctialem
2747 3311 2928 3355 autem
2950 3299 3236 3372 aequaliter
3256 3299 3451 3355 dividit
3476 3313 3575 3370 per

311 3379 456 3432 κατὰ
493 3380 592 3449 τὴν
624 3377 719 3431 τοῦ
763 3376 938 3446 Ζυγοῦ
969 3377 1195 3450 πρώτην
1231 3380 1444 3451 μοῖραν.
1497 3379 1571 3431 Τὸ
1598 3377 1656 3432 δὲ
1692 3379 1894 3445 πλάτος

309 3471 427 3524 ἐστὶ
459 3471 550 3525 τοῦ
578 3469 845 3536 ζωδιακοῦ
883 3469 1082 3524 κύκλου
1125 3470 1328 3542 μοιρῶν
1373 3470 1460 3541 ιβ’.
1504 3469 1671 3537 Λοξὸς
1704 3471 1761 3525 δὲ
1796 3472 1891 3526 κέ-

312 3562 507 3636 κληται
531 3564 559 3615 ὁ
587 3561 848 3627 ζωδιακὸς
876 3561 1094 3628 κύκλος,
1117 3561 1207 3617 διὰ
1235 3561 1297 3615 τὸ
1322 3561 1490 3629 λοξῶς
1516 3561 1736 3634 τέμνειν
1767 3563 1893 3626 τοὺς

315 3654 694 3726 παραλλήλους
722 3653 976 3718 κύκλους.

383 3768 620 3840 Ὂρὶζων
652 3768 711 3822 δέ
743 3769 860 3822 ἐστι
903 3767 1100 3832 κύκλος
1128 3770 1157 3822 ὁ
1183 3767 1430 3840 διορίζων
1457 3769 1588 3839 ἡμῖν
1614 3768 1677 3821 τὸ
1706 3785 1765 3822 τε
1793 3784 1894 3838 φα-

311 3859 469 3933 νερὸν
503 3859 598 3913 καὶ
635 3859 696 3913 τὸ
738 3860 939 3930 ἀφανὲς
983 3860 1146 3932 μέρος
1184 3859 1277 3913 τοῦ
1315 3861 1542 3932 κόσμου,
1570 3861 1665 3914 καὶ
1691 3860 1896 3930 διχοτο-

316 3945 437 4018 μῶν
467 3945 566 4016 τὴν
599 3947 728 4017 ὃλην
765 3950 1000 4017 σφαῖραν
1045 3947 1139 4000 τοῦ
1171 3948 1412 4019 κόσμου·
1451 3948 1592 4002 ὥστε
1629 3949 1897 4021 ἡμισφαί-

318 4053 432 4107 ριον
473 4037 573 4106 μὲν
613 4037 755 4110 ὑπὲρ
816 4037 922 4108 γῆν
981 4038 1498 4110 ἀπολαμϐάνεσθαι,
1539 4041 1896 4112 ἡμισφαίριον

313 4127 371 4180 δὲ
427 4128 534 4181 ὑπὸ
580 4128 705 4198 γῆν.
759 4129 879 4182 Εἰσὶ
931 4130 988 4182 δὲ
1022 4131 1072 4182 οί
1095 4130 1368 4202 ὁρίζοντες
1409 4131 1524 4197 δύο,
1571 4129 1651 4198 εἷς
1712 4134 1810 4204 μὲν
1866 4135 1897 4186 ὁ

313 4217 594 4289 αἰσθητὸς,
630 4218 817 4292 ἔτερος
848 4219 905 4272 δὲ
931 4223 961 4274 6
985 4220 1126 4293 λόγῳ
1171 4221 1464 4295 Θεωρητός.
1498 4222 1766 4295 Αίσθητὸς
1797 4227 1896 4295 μὲν

312 4305 406 4364 οὖν
429 4313 575 4364 ἐστιν
589 4311 785 4384 ὁρίζων
805 4315 833 4366 6
854 4312 960 4366 ὑπὸ
989 4314 1088 4386 τῆς
1112 4315 1386 4386 ἡμετέρας
1418 4315 1595 4386 ὅψεως
1625 4334 1894 4389 περιγρα-

315 4401 548 4475 φόμενος
573 4405 713 4459 κατά
735 4406 825 4460 τὸν
853 4407 1334 4479 ἀποτερματισμὸν
1348 4409 1448 4481 τῆς
1476 4409 1817 4480 ὁράσεως,ὂς
1835 4411 1896 4462 ού

318 4498 542 4568 μείζονα
554 4499 654 4569 τὴν
671 4499 958 4572 διάμετρον
981 4499 1095 4571 ἔχει
1120 4501 1348 4556 σταδίων
1370 4502 1413 4572 β’
1434 4519 1447 4532 ·
1467 4503 1496 4556 ὁ
1523 4502 1582 4556 δὲ
1601 4503 1748 4575 λόγῳ
1763 4503 1898 4558 θεωο

319 4590 479 4660 ρητδς
505 4589 703 4662 ὁρίζων
735 4593 882 4646 ἐστὶν
906 4596 935 4647 6
954 4595 1113 4666 μέχρι
1130 4595 1228 4666 τῆς
1249 4594 1358 4647 τῶν
1376 4594 1632 4650 ἀπλανῶν
1651 4596 1896 4668 ἀστέρων

1996 3394 2204 3451 Arietis
2261 3395 2493 3465 primam
2549 3401 2802 3465 partem,
2857 3401 2913 3450 et
2961 3409 3060 3464 per
3111 3392 3291 3448 Librae
3339 3391 3572 3462 primam

1995 3495 2224 3557 partem.
2273 3485 2528 3541 Latitudo
2557 3487 2767 3542 zodiaci
2807 3493 2894 3542 est
2937 3484 3175 3556 partium
3228 3483 3313 3539 l2.
3366 3482 3578 3538 Dicitur

1997 3577 2256 3632 zodiacus
2284 3577 2527 3632 circulus
2565 3577 2843 3649 obliquus,
2884 3591 2950 3631 eo
2979 3575 3127 3646 quod
3159 3575 3380 3646 oblique
3425 3582 3579 3631 secat

1997 3667 2234 3721 circulos
2257 3667 2564 3737 parallelos.

2071 3758 2308 3815 Horizon
2329 3769 2415 3816 est
2441 3759 2681 3815 circulus
2712 3760 2805 3830 qui
2827 3759 2984 3816 nobis
3014 3758 3300 3830 distinguit
3327 3766 3383 3815 et
3406 3773 3544 3830 appa
3572 3793 3576 3798 -

2000 3860 2210 3907 rentem
2238 3863 2292 3907 et
2314 3867 2422 3906 non
2450 3859 2799 3922 apparentem
2830 3860 3038 3922 partem
3070 3851 3281 3916 mundi,
3313 3859 3369 3906 et
3393 3866 3578 3922 equa-

1999 3945 2124 3999 liter
2147 3943 2339 3999 dividit
2382 3950 2553 3998 totam
2608 3945 2876 4015 sphaeram
2927 3943 3140 4010 mundi,
3177 3945 3252 3999 ita
3293 3950 3356 3999 ut
3405 3944 3580 3998 herni-

1998 4036 2292 4108 sphrerium
2324 4051 2492 4106 supra
2523 4043 2726 4092 terram
2753 4037 3099 4101 desumatur,
3129 4035 3578 4107 hemisphaerium

1998 4144 2128 4184 vero
2157 4128 2300 4183 infra
2329 4135 2553 4183 terram.
2580 4127 2722 4183 Sunt
2741 4137 2922 4184 autem
2950 4129 3267 4184 horizontes
3284 4127 3416 4193 duo,
3434 4143 3578 4184 unus

1998 4221 2095 4292 qui
2123 4228 2210 4276 est
2238 4221 2532 4285 sensibilis,
2568 4222 2705 4277 alter
2728 4222 2821 4292 qui
2852 4222 3065 4277 ratione
3091 4223 3412 4292 percipitur.
3441 4220 3578 4277 Sen-

1999 4313 2177 4369 sibilis
2202 4313 2430 4368 horizon
2457 4320 2543 4368 est
2571 4313 2665 4383 qui
2691 4327 2722 4367 a
2762 4319 2954 4369 nostro
2975 4313 3098 4368 visu
3125 4313 3460 4368 describitur
3489 4328 3578 4369 se-

1999 4403 2241 4459 cundum
2285 4404 2795 4460 determinationem
2851 4403 3038 4470 visus,
3105 4403 3199 4474 qui
3260 4419 3372 4459 non
3417 4403 3584 4464 habet

1999 4497 2262 4565 majorem
2313 4497 2639 4552 diametrum
2677 4493 2868 4550 stadiis
2893 4494 3036 4550 2000
3063 4512 3077 4560 ς
3108 4501 3164 4548 at
3197 4495 3445 4562 horizon,
3486 4495 3579 4563 qui

2001 4591 2212 4646 ratione
2242 4589 2540 4660 percipitur
2565 4627 2579 4651 ,
2611 4588 2860 4659 pervenit
2893 4588 2961 4642 ad
2981 4587 3254 4658 sphaeram
3294 4587 3578 4643 stellarum

317 4681 554 4754 σφαίρας
597 4682 822 4755 διήκων,
864 4686 960 4739 καὶ
1003 4685 1301 4756 διχοτομῶν
1346 4686 1438 4740 τὸν
1490 4686 1611 4740 ὅλον
1667 4687 1888 4758 κόσμον.

1998 4685 2250 4745 lixarum,
2272 4689 2328 4738 et
2357 4689 2531 4736 totum
2563 4681 2824 4736 mundum
2848 4680 3132 4750 aequaliter
3153 4678 3366 4734 dividit.

384 4773 462 4826 Ού
491 4772 633 4827 κατὰ
659 4776 841 4829 πᾶσαν
870 4776 928 4830 δὲ
957 4777 1130 4841 πόλιν,
1155 4779 1250 4832 καὶ
1287 4776 1472 4850 χώραν
1501 4781 1531 4832 ὁ
1559 4779 1721 4842 αὑτός
1749 4781 1898 4833 ἐστιν

311 4862 544 4935 ὁρίζων·
589 4864 727 4920 ἀλλά
770 4867 909 4938 πρὸς
954 4868 1055 4938 μὲν
1099 4868 1199 4940 τὴν
1247 4868 1502 4939 αἴσθησιν
1556 4869 1744 4940 σχεδὸν
1801 4872 1898 4925 ἐπὶ

315 4953 558 5018 σταδίους
605 4961 651 5009 υ⁹
685 4959 715 5012 6
758 4957 921 5021 αὐτὸς
960 4957 1157 5030 ὁρίζων
1193 4959 1458 5030 διαμένει,
1502 4958 1644 5014 ὥστε
1680 4961 1775 5014 καὶ
1830 4960 1899 5014 τὰ

314 5045 520 5118 μεγέθη
551 5046 661 5101 τῶν
711 5049 952 5121 ἡμερῶν,
999 5051 1094 5104 καὶ
1131 5049 1190 5102 τὸ
1236 5050 1428 5122 κλίμα,
1463 5053 1557 5106 καὶ
1591 5053 1660 5106 τά
1717 5053 1898 5108 πάντα

311 5137 613 5208 φαινόμενα
637 5139 708 5194 τὰ
736 5140 876 5196 αὐτὰ
901 5139 1200 5211 διαμένειν.

382 5227 648 5283 Πλειόνων
685 5231 741 5284 δὲ
782 5232 1011 5286 σταδίων
1043 5234 1342 5304 γινομένων
1374 5236 1516 5290 κατὰ
1546 5236 1644 5308 τὴν
1675 5238 1894 5310 παραλ-

309 5321 483 5394 λαγὴν
527 5324 627 5394 τῆς
677 5327 964 5395 οἰκήσεως,
1013 5325 1198 5398 ἕτερος
1243 5326 1441 5398 ὁρίζων
1495 5329 1702 5398 γίνεται
1755 5331 1891 5401 (20),

310 5414 456 5467 κατά
483 5415 545 5468 τὸ
591 5416 761 5487 κλίμα
803 5418 1096 5490 διαφέρων,
1129 5420 1223 5473 καὶ
1256 5422 1433 5474 πάντα
1477 5422 1547 5477 τὰ
1587 5425 1890 5494 φαινόμενα

379 5573 435 5652 ”_
457 5589 546 5642 γρ.
581 5574 944 5645 ήμικυκλίων.

381 5723 493 5801 (20)
525 5729 764 5799 Ἕτερος
790 5730 997 5803 ὁρίζων
1036 5734 1278 5804 ﬁxerat.
1303 5729 1378 5784 lta
1410 5731 1466 5785 in
1495 5729 1872 5804 editis_et_An-

308 5797 529 5873 glicano
553 5797 751 5873 codice
775 5797 840 5858 ac
875 5797 1081 5860 nostro.
1119 5803 1426 5873 Perperamf
1446 5805 1630 5873 itaque
1659 5799 1871 5873 salma-

309 5883 426 5924 sius
456 5869 635 5939 (Plin.
668 5870 882 5941 Exerc.,
915 5891 969 5946 p.
1000 5874 1100 5946 66]
1136 5869 1207 5945 D)
1227 5869 1514 5938 emendat,
1543 5869 1643 5926 καὶ
1667 5869 1727 5924 τὸ
1755 5870 1871 5924 κλί-

2068 4775 2189 4831 Non
2215 4781 2302 4832 est
2326 4783 2508 4829 autem
2539 4773 2681 4828 idem
2725 4773 2954 4828 horizon
2985 4787 3082 4843 per
3106 4786 3298 4827 omnes
3331 4771 3498 4827 urbes
3525 4781 3580 4826 et

1999 4866 2274 4938 regiones,
2303 4865 2401 4923 sed
2430 4865 2612 4938 quoad
2640 4876 2862 4921 sensum
2886 4862 2998 4920 fere
3018 4864 3072 4918 in
3094 4863 3289 4919 stadiis
3308 4863 3578 4918 too-Mem

2002 4960 2229 5015 horizon
2255 4968 2562 5031 permanet,
2585 4960 2658 5013 ita
2702 4966 2761 5012 ut
2803 4965 2859 5014 et
2889 4955 3293 5028 magnitudines
3341 4955 3578 5015 dierum,

2001 5060 2054 5107 et
2079 5053 2261 5119 clima,
2298 5062 2352 5107 et
2381 5066 2575 5108 omnes
2604 5050 2936 5122 apparentia
2961 5047 3163 5106 eaedem
3199 5056 3576 5118 permaneant.

2071 5232 2210 5289 Cum
2241 5246 2372 5289 vero
2395 5230 2552 5303 plura
2579 5229 2785 5286 fuerint
2822 5227 3000 5285 stadia
3025 5227 3185 5299 juxta
3207 5227 3580 5284 diversitatem

2003 5324 2380 5390 habitationis,
2413 5323 2557 5380 alius
2588 5321 2648 5376 ﬁt
2681 5321 2934 5385 horizon,
2966 5321 3188 5377 climate
3215 5317 3494 5383 differens,
3524 5319 3607 5374 et“

2000 5435 2191 5490 omnes
2231 5415 2566 5489 apparentia:
2590 5422 2896 5471 mutantur.
2927 5411 3320 5469 Verumtamen
3362 5422 3578 5484 oportet

1983 5749 2070 5806 μα.
2101 5731 2381 5806 διαφέρον,
2414 5735 2562 5806 quod
2613 5733 2748 5806 etsi‘
2772 5731 2964 5788 eodem
2995 5732 3266 5795 recurrit,
3308 5739 3501 5806 tamen
3513 5736 3572 5806 et

1981 5803 2217 5872 vulgatae
2248 5802 2470 5862 lectioni
2505 5803 2789 5862 sententia
2832 5809 3052 5859 constat
3089 5811 3142 5859 et
3188 5813 3393 5859 temere
3423 5802 3570 5858 solli-

1979 5874 2140 5928 citari
2173 5890 2285 5931 nou
2322 5877 2430 5936 del:
