4116 6400
499 348 608 406 783
1555 338 1649 393 AD
1685 332 1957 391 EUSEBII
1973 326 2395 395 .CHRONICON
2440 325 2811 383 APPENDIX.
3226 395 3235 403 ι
3665 322 3797 381 πει

500 467 875 522 diversitatem
896 458 1279 525 habitationis,
1304 473 1427 529 qua:
1459 456 1564 513 {00
1608 454 1785 512 stadia
1821 458 2080 525 superat,

2190 448 2532 522 μεταπίπτει.
2569 449 2661 499 Δεῖ
2697 445 2940 517 μέντοιγε
2990 443 3091 515 τὴν
3135 442 3489 540 τεαραλλαγὴν
3549 460 3652 517 της
3691 447 3789 499 οξ..

502 556 677 628 accipi
733 552 1035 612 secundum
1086 566 1369 607 accessum
1418 549 1487 605 ad
1543 547 1973 620 septentrionem
2030 552 2086 602 et

2190 543 2398 613 κήσεως
2429 538 2526 610 τὴν
2575 537 2717 607 ὑπὲρ
2756 543 2801 588 υ¹
2837 533 3026 590 στάδια
3071 533 3443 607 λαμϐάνεσθαι
3479 536 3628 590 κατὰ
3667 533 3785 606 τὴν

504 627 807 706 meridiem.
847 644 983 701 Nam
1019 645 1086 700 iis
1108 645 1208 715 qui
1235 643 1483 698 habitam
1537 642 1642 697 sub
1678 640 1871 697 eodem
1903 638 2087 709 paral-

2190 634 2322 706 πρὸς
2368 633 2573 703 ἄρκτον
2614 631 2707 683 καὶ
2747 628 2883 699 πρὸς
2933 627 3282 715 μεσημϐρίαν
3336 627 3589 699 πάροδον.
3644 628 3781 690 Tot;

504 742 633 805 lelo,
669 747 724 796 et
770 739 960 795 decem
1015 736 1258 793 millibus
1309 734 1614 791 stadiorum
1665 748 1697 787 a
1743 748 1803 788 se
1852 731 2085 785 invicem

2190 722 2288 794 μὲν
2315 721 2423 793 γὰρ
2452 721 2544 773 ἐπὶ
2570 718 2665 771 τοῦ
2704 717 2869 771 αὑτοῦ
2898 714 3247 788 παραλλήλου
3270 715 3498 779 οἰκοῦσι,
3530 716 3630 770 καὶ
3657 715 3780 768 ἀπὸ

504 832 734 897 distant,
757 829 1009 884 diversus
1030 825 1252 897 quidem
1280 834 1368 881 est
1396 824 1651 887 horizon,
1684 821 1780 877 sed
1809 823 1972 877 clima
2001 827 2087 877 est

458 922 461 925 ’
505 923 672 987 idem,
696 934 1001 991 omnesque
1030 918 1366 990 apparentia
1409 924 1540 973 sunt
1571 915 1798 973 similes.
1831 913 1900 968 At
1929 913 2084 985 prin-

503 1011 669 1083 cipia,
700 1018 755 1066 et
781 1013 919 1066 ﬁnes
958 1009 1173 1065 dierum
1204 1023 1316 1063 non
1366 1007 1530 1064 simul
1574 1007 1833 1062 omnibus
1886 1012 2083 1071 erunt,

505 1110 599 1180 qui
621 1109 675 1162 in
704 1106 895 1161 eodem
926 1104 1190 1176 parallelo
1217 1103 1487 1161 habitant.
1515 1092 1830 1158 Secundum
1855 1100 2085 1156 rationis

504 1211 683 1257 autem
704 1207 957 1255 exactum
985 1198 1279 1269 judicium,
1308 1198 1494 1255 statim
1524 1212 1651 1253 cum
1682 1197 1743 1251 iit
1786 1196 1869 1251 vel
1917 1193 2086 1249 mini-

504 1306 629 1347 mus
656 1304 913 1346 accessus
944 1304 1136 1345 versus
1189 1304 1572 1361 quamcunque
1615 1288 1803 1343 mundi
1852 1297 2083 1358 partem,

505 1394 747 1443 mutatur
775 1393 830 1442 et
859 1385 1109 1453 horizon,
1134 1392 1189 1441 et
1210 1385 1392 1449 clima,
1421 1399 1724 1455 omnesque
1749 1382 2086 1454 apparentia:

508 1487 636 1538 sunt
667 1480 917 1538 diversae.

574 1660 695 1719 Non
729 1660 1059 1719 describitur
1092 1668 1274 1718 autem
1320 1658 1551 1714 horizon
1580 1658 1635 1713 in
1677 1658 1906 1729 sphaeris
1957 1671 2087 1728 pro-

507 1765 626 1831 pter
652 1759 817 1816 talem
847 1773 1108 1821 causam,
1160 1754 1309 1827 quod
1363 1753 1558 1824 reliqui
1616 1751 1809 1808 circuli
1862 1765 2081 1816 omnes,

506 1864 632 1905 cum
659 1849 900 1906 mundus
931 1850 1001 1904 ab
1029 1855 1157 1903 ortu
1183 1846 1241 1901 in
1282 1859 1540 1902 occasum
1574 1843 1767 1909 fertur,
1796 1856 1905 1897 una
1951 1856 2085 1897 con-

505 1945 793 1995 vertantur
821 1947 876 1995 et
905 1938 1010 2008 ipsi
1033 1952 1159 1993 cum
1188 1945 1338 1990 motu
1373 1934 1583 1990 mundi.
1619 1934 1687 1987 At
1715 1932 1942 1987 horizon
1982 1946 2084 1985 na-

508 2040 630 2086 tura
662 2038 750 2088 est
782 2029 1103 2097 immobilis,
1129 2043 1454 2099 semperque
1491 2027 1743 2083 eumdem
1783 2035 1964 2083 servat
2012 2025 2087 2081 si-

507 2138 643 2180 tum.
675 2122 732 2179 Si
759 2123 926 2196 igitur
947 2122 1260 2179 horizontes
1288 2121 1732 2178 describerentur
1755 2120 1808 2174 in
1835 2120 2085 2191 sphaeris,

507 2214 738 2285 spharis
767 2212 955 2278 motis,
987 2213 1332 2284 contingeret
1363 2219 1417 2267 et
1446 2212 1790 2266 horizontem
1839 2210 2043 2266 moveri
2070 2254 2084 2275 ,

506 2314 562 2359 et
590 2304 707 2361 fieri
731 2304 1046 2360 verticalem
1071 2324 1084 2359 :
1121 2304 1267 2375 quod
1300 2318 1412 2359 non
1450 2311 1535 2359 est
1564 2303 1942 2374 cogitandum.
1970 2310 2086 2358 est-

507 2411 614 2468 que
643 2397 880 2453 alienum
915 2412 947 2452 a
975 2396 1228 2453 doctrina
1266 2395 1552 2466 sphaerica.
1601 2385 1752 2449 Situs
1780 2403 1963 2450 tamen
1990 2394 2088 2449 ho-

509 2488 737 2546 rizontis
757 2503 826 2546 ex
858 2489 1201 2561 receptaculo
1236 2488 1461 2559 sphaera:
1492 2487 1837 2560 intelligitur.

580 2747 915 2806 Meridianus
944 2756 1030 2806 est
1058 2749 1322 2820 circulus,
1362 2752 1457 2823 qui
1491 2767 1587 2823 per
1613 2752 1806 2807 mundi
1836 2754 1993 2824 polos
2034 2761 2091 2809 et

508 2856 605 2914 per
633 2851 893 2913 punctum
918 2844 1182 2901 verticale
1213 2844 1563 2913 describitur,
1589 2846 1659 2901 ad
1688 2862 1849 2917 quem
1887 2848 1979 2901 ubi
2007 2847 2089 2901 sol

507 2935 774 3007 pervenit,
797 2934 1118 2992 medietates
1143 2934 1378 3004 dierum,
1406 2945 1461 2993 et
1491 2939 1812 2996 medictates
1842 2938 2088 2995 noctium

506 3022 689 3079 efficit.
716 3022 813 3081 Est
845 3032 900 3081 et
934 3025 1025 3081 hic
1052 3027 1294 3084 circulus
1334 3028 1630 3089 immobilis
1667 3029 1722 3084 in
1753 3031 1994 3096 mundo,
2034 3038 2090 3086 et

504 3115 759 3173 eumdem
786 3116 967 3172 locum
997 3118 1198 3173 retinet
1237 3119 1294 3174 in
1337 3128 1451 3174 tota
1482 3120 1672 3176 mundi
1705 3122 2085 3178 conversione.

505 3203 695 3281 Reque
733 3208 823 3263 hic
850 3209 1091 3266 circulus
1129 3211 1462 3267 describitur
1506 3212 1566 3268 in
1605 3212 1837 3285 sphaeris
1865 3214 2090 3271 stellife-

507 3302 609 3367 ris,
637 3315 705 3356 eo
735 3300 883 3373 quod
911 3308 967 3358 et
1017 3302 1316 3362 immobilis
1357 3306 1464 3372 sit,
1492 3322 1594 3363 nec
1619 3307 1788 3362 ullam
1838 3308 2091 3363 admittat

507 3393 888 3450 mutationem.

576 3661 699 3718 Non
718 3668 805 3718 est
837 3669 1018 3717 autem
1046 3675 1144 3732 per
1173 3674 1365 3717 omnes
1394 3660 1646 3733 regiones
1670 3668 1726 3717 et
1756 3662 1920 3719 urbes
1943 3660 2090 3718 idem

508 3753 848 3809 meridianus
876 3770 890 3807 :
923 3752 1020 3809 sed
1044 3751 1225 3824 quoad
1248 3767 1493 3819 sensum,
1523 3753 1639 3810 fere
1665 3753 1734 3808 ad
1766 3753 1942 3809 stadia
1962 3753 2088 3821 300,

508 3844 652 3901 idem
677 3852 959 3916 permanet
997 3843 1375 3901 meridianus:
1426 3845 1609 3917 quoad
1663 3847 1896 3902 rationis
1944 3846 2094 3919 judi-

509 3936 681 4002 clum,
712 3935 898 3992 statim
929 3951 1056 3992 cum
1095 3935 1156 3991 ﬁt
1189 3937 1713 4009 quantuluscunque
1761 3953 2091 4011 progressus

508 4030 596 4085 vel
624 4042 821 4084 versus
852 4029 1142 4093 orientem,
1167 4028 1254 4084 vel
1288 4044 1484 4086 versus
1516 4045 1777 4086 occasum
1798 4071 1814 4095 ,
1863 4022 2004 4088 alius
2031 4030 2091 4085 lit

512 4121 870 4179 meridianus.
939 4121 1075 4176 Nam
1135 4119 1439 4178 secundum
1492 4137 1845 4195 progressum
1898 4140 2092 4182 versus

511 4214 964 4286 septentrionem,
984 4223 1040 4269 et
1063 4228 1256 4270 versus
1284 4213 1589 4277 meridiem,
1613 4216 1830 4272 etiamsi
1862 4217 2092 4273 interce-

508 4310 642 4365 dant
674 4307 978 4364 stadiorum
1005 4307 1195 4362 decem
1247 4307 1451 4376 millia,
1502 4315 1684 4363 tamen
1717 4307 1860 4363 idem
1908 4318 2092 4365 manet

510 4401 893 4458 meridianus:
937 4398 1240 4456 secundum
1292 4415 1647 4472 progressum
1678 4416 1808 4456 vero
1851 4401 1921 4457 ab
1967 4410 2094 4457 ortu

2189 815 2395 886 μυρίων
2427 811 2653 866 σταδίων
2682 810 3040 882 ὑπάρχουσιν,
3073 810 3103 862 6
3134 807 3234 880 μὲν
3262 807 3460 879 ὁρίζων
3506 809 3626 861 ἐστὶ
3651 808 3781 862 διὰ·

2187 923 2370 976 φορος,
2399 905 2461 957 τὸ
2486 904 2542 957 δὲ
2574 902 2745 973 κλίμα
2778 902 2837 955 τὸ
2865 900 3016 966 αὐτὸ,
3044 900 3137 954 καὶ
3170 900 3347 953 πάντα
3371 900 3440 954 τὰ
3468 901 3779 971 φαινόμενα

2187 999 2559 1071 παραπλήσια.
2594 996 2660 1049 At
2710 995 2959 1066 μέντοιγε
2996 994 3163 1065 ἀρχαὶ
3209 994 3303 1047 καὶ
3346 994 3594 1046 τελευταὶ
3658 993 3778 1047 τῶν

2187 1090 2408 1164 ἡμερῶν
2440 1090 2539 1160 οὐχ
2567 1089 2685 1158 ἅμα
2731 1089 2897 1141 πᾶσιν
2929 1086 3146 1140 ἔσονται
3192 1088 3303 1149 τοῖς
3336 1086 3426 1137 ἐπὶ
3455 1084 3551 1138 τοῦ
3600 1084 3778 1138 αὐτοῦ

2178 1182 2530 1257 παραλλήλου
2576 1179 2818 1235 οἰκοῦσι·
2874 1177 3018 1233 κατὰ
3065 1177 3122 1231 δὲ
3174 1177 3273 1249 τὴν
3318 1177 3455 1249 πρὸς
3492 1178 3584 1231 τὸν
3611 1177 3778 1257 λόγον

2175 1253 2472 1352 ’ᾁκρίϐειαν
2534 1274 2651 1345 ἆμα
2710 1270 2790 1344 τῷ
2850 1269 3169 1342 στιγμιαίαν
3224 1270 3456 1342 πάροδον
3514 1253 3779 1339 γενέσθαι

2187 1366 2308 1421 καθ’
2342 1363 2621 1419 ὁποιονοῦν
2656 1363 2820 1435 μέρος
2847 1362 2941 1415 τοῦ
2989 1360 3219 1432 κόσμου,
3252 1359 3582 1432 μεταπίπτει
3614 1360 3713 1413 καὶ
3744 1362 3781 1412 6

2185 1458 2403 1531 ὁρίζων,
2450 1457 2543 1512 καὶ
2587 1456 2650 1510 τὸ
2693 1455 2951 1527 ἐγκλιμα,
2988 1454 3083 1508 καὶ
3129 1454 3307 1508 πάντα
3353 1454 3422 1508 τὰ
3470 1454 3781 1524 φαινόμενα

2185 1552 2437 1622 διάφορα.

2258 1645 2332 1698 Οὐ
2365 1641 2775 1712 καταγράφεται
2821 1640 2879 1694 δὲ
2923 1641 2952 1694 6
2984 1640 3182 1712 ὁρίζων
3227 1640 3284 1694 ὲν
3331 1642 3454 1703 ταῖς
3509 1639 3784 1711 σφαίραις

2188 1738 2255 1792 δι’
2291 1736 2469 1791 αίτίαν
2500 1733 2777 1805 τοιαύτην,
2807 1733 2888 1787 ὅτι
2914 1735 2964 1787 oi
3001 1733 3099 1803 μὲν
3128 1732 3304 1785 λοιποὶ
3331 1731 3518 1785 κύκλοι
3544 1732 3780 1795 πάντες,

2187 1826 2487 1901 φερομένου
2521 1824 2614 1878 τοῦ
2651 1823 2857 1895 κόσμου
2897 1824 2992 1877 ἀπ’
3025 1823 3302 1878 ἀνατολῶν
3333 1823 3428 1876 ἐπὶ
3460 1823 3559 1895 τὴν
3592 1821 3780 1886 δύσιν,

2189 1919 2754 1991 συμπεριστρέφονται
2793 1917 2889 1971 καὶ
2941 1915 3097 1969 αὐτοὶ
3142 1914 3261 1986 ἅμα
3313 1916 3382 1985 τῇ
3431 1913 3525 1967 τοῦ
3562 1914 3781 1985 κόσμου

2187 2012 2427 2083 κινήσει·
2463 2012 2492 2063 6
2522 2010 2579 2064 δὲ
2609 2010 2807 2082 ὁρίζων
2837 2011 2955 2063 ἐστὶ
3001 2007 3162 2077 φύσει
3210 2008 3490 2079 ἀκίνητος,
3525 2007 3625 2079 τὴν
3669 2008 3781 2061 αύ-

2186 2103 2284 2176 τὴν
2307 2102 2459 2167 τάξιν
2495 2102 2870 2173 διαφυλάττων
2897 2100 2987 2155 διὰ
3015 2100 3236 2164 παντός.
3269 2100 3330 2153 El
3365 2095 3458 2153 οὖν
3503 2099 3784 2169 κατεγρά-

2189 2212 2351 2265 φοντο
2384 2196 2433 2247 οί
2480 2192 2757 2266 ὁρίζοντες
2812 2197 2871 2248 ὲν
2918 2195 3039 2257 ταῖς
3077 2192 3333 2264 σφαίραις
3390 2191 3787 2262 στρεφομένων

2189 2287 2389 2354 αὐτῶν,
2444 2286 2751 2341 συνέϐαινεν
2798 2285 2864 2340 ἂν
2908 2285 2999 2339 τὸν
3047 2284 3298 2355 ὁρίζοντα
3339 2283 3624 2347 κινεῖσθαι,
3677 2280 3783 2336 καὶ

2189 2381 2332 2436 κατὰ
2360 2380 2605 2454 κορυφὴν
2647 2378 2895 2449 γίνεσθαι
2915 2394 2929 2408 ·
2958 2378 3097 2448 ὅπερ
3126 2377 3273 2428 ἐστὶν
3299 2373 3633 2443 ἀδιανόητον,
3680 2375 3786 2426 καὶ

2189 2475 2466 2547 ἀλλότριον
2516 2472 2612 2526 τοῦ
2659 2470 2949 2544 σφαιρικοῦ
3000 2470 3183 2538 λόγου.
3244 2467 3382 2521 Ὑπὸ
3429 2466 3528 2538 μέν
3575 2483 3640 2535 γε
3671 2464 3782 2535 τῆς

2192 2567 2565 2637 σφαιροθήκης
2621 2565 2731 2636 (21)
2794 2567 2829 2634 ἡ
2893 2562 2988 2616 τοῦ
3062 2559 3337 2633 ὁρίζοντος
3397 2558 3546 2623 Θέσις
3608 2575 3782 2611 κατα⁹

2189 2662 2410 2713 νοεῖται.

2259 2750 2648 2824 Μεσημϐρινὸς
2679 2750 2736 2804 δέ
2763 2752 2880 2804 ἐστι
2909 2748 3109 2815 κύκλος
3134 2749 3164 2802 6
3195 2747 3283 2801 διὰ
3313 2746 3422 2800 τῶν
3441 2743 3536 2799 τοῦ
3564 2745 3781 2816 κόσμου

2191 2844 2368 2899 πόλων
2410 2845 2632 2899 καὶτοῦ
2684 2844 2825 2898 κατὰ
2863 2843 3108 2916 κορυφὴν
3159 2840 3388 2912 σημείου
3427 2837 3780 2910 γραφόμενος

2193 2935 2474 3010 [κύκλος’]
2531 2938 2616 3006 ἐφ’
2661 2930 2723 2991 οῦ
2773 2936 3064 3007 γενόμενος
3111 2935 3140 2987 6
3182 2934 3333 3005 ἥλιος
3363 2931 3433 2984 τὰ
3470 2930 3612 3002 μέσα
3662 2926 3778 2980 τῶν

2191 3029 2413 3101 ἡμερῶν
2438 3028 2531 3083 καὶ
2563 3028 2631 3082 τὰ
2663 3028 2804 3101 μέσα
2841 3028 2950 3081 τῶν
2984 3025 3197 3080 νυκτῶν
3238 3026 3490 3078 ποιεῖται.
3524 3022 3635 3075 Καὶ
3680 3014 3778 3074 οὗ·

2189 3141 2282 3188 τος
2327 3123 2385 3177 δέ
2430 3125 2579 3176 ἐστιν
2631 3123 2660 3175 6
2717 3120 2917 3183 κύκλος
2967 3120 3226 3189 ἀκίνητος
3289 3118 3349 3170 ὲν
3415 3114 3495 3186 τῷ
3560 3113 3775 3185 κόσμῳ,

2191 3215 2286 3269 καὶ
2333 3213 2432 3286 τὴν
2478 3212 2648 3285 αὐτὴν
2701 3211 2853 3277 τάξιν
2883 3209 3259 3280 διαφυλάσσων
3304 3209 3361 3260 ὲν
3412 3206 3508 3277 ὅλῃ
3557 3206 3624 3276 τῇ
3678 3203 3778 3257 τοῦ

2189 3308 2394 3378 κόσμου
2445 3308 2801 3377 περιστροφῇ.
2854 3305 2928 3357 Οὐ
2983 3302 3397 3374 καταγράφεται
3441 3298 3497 3352 δὲ
3532 3297 3653 3350 οὐδὲ
3685 3287 3779 3348 οὗ·

2189 3415 2280 3463 τος
2304 3400 2333 3451 6
2358 3397 2556 3462 κύκλος
2586 3401 2644 3450 ὲν
2668 3399 2788 3461 ταῖς
2815 3396 3343 3469 κατηστερισμέναις
3378 3393 3657 3464 σφαίραις.
3687 3389 3779 3443 διὰ

2189 3491 2252 3545 τὸ
2275 3491 2371 3545 καὶ
2402 3490 2660 3560 ἀκίνητος
2685 3484 2849 3555 εἶναι,
2884 3490 2980 3543 καὶ
3008 3487 3276 3561 μηδεμίαν
3306 3482 3650 3556 ἐπιδέχεσθαι
3687 3500 3782 3554 με·-

2192 3582 2493 3637 τάπτωσιν.
3260 3625 3270 3633 .

2262 3675 2337 3728 Οὐ
2370 3672 2514 3729 κατὰ
2546 3674 2727 3729 πᾶσαν
2761 3673 2819 3727 δὲ
2846 3670 3031 3745 χώραν
3062 3672 3159 3727 καὶ
3203 3670 3357 3725 πόλιν
3403 3671 3432 3724 6
3465 3669 3629 3733 αὑτός
3660 3670 3779 3721 ἐστι

2196 3761 2597 3837 μεσημϐρινός·
2640 3762 2776 3817 ἀλλὰ
2821 3763 2957 3834 πρὸς
3003 3762 3101 3834 μὲν
3151 3761 3250 3828 τὴν
3299 3758 3551 3832 αἴσθησιν
3595 3757 3783 3828 σχεδὸν

2192 3856 2286 3908 ἐστὶ
2314 3854 2559 3916 σταδίους
2589 3859 2634 3906 τ’
2662 3855 2691 3906 ὁ
2724 3852 2885 3916 αὐτὸς
2920 3850 3295 3924 μεσημϐρινὸς
3327 3849 3569 3921 διαμένει
3589 3865 3603 3878 ’
3641 3847 3780 3918 πρὸς

2190 3947 2248 4002 δὲ
2274 3946 2372 4019 τὴν
2415 3947 2473 4000 ὲν
2514 3945 2592 4017 τῷ
2618 3946 2762 4016 λόγῳ
2791 3945 3097 4017 ἀκρίϐειαν,
3129 3945 3245 4014 ἅμα
3275 3942 3352 4014 τῷ
3388 3943 3488 4016 τὴν
3510 3941 3782 4013 τυχοῦσαν

2192 4038 2439 4108 γίνεσθαι
2486 4037 2719 4110 πάροδον
2759 4036 2794 4109 ἢ
2844 4037 2983 4108 πρὸς
3026 4035 3290 4108 ἀνατολὴν
3332 4037 3365 4107 ἢ
3417 4034 3554 4107 πρὸς
3604 4034 3779 4096 δύσιν,

2193 4129 2379 4202 ἕτερος
2429 4129 2636 4198 γίνεται
2691 4126 3081 4200 μεσημϐρινός.
3133 4127 3291 4181 Κατὰ
3353 4126 3453 4197 μὲν
3524 4125 3633 4197 γὰρ
3680 4123 3781 4195 τὴν

2194 4230 2331 4302 πρὸς
2367 4227 2570 4301 ἄρκτον
2601 4226 2859 4298 καὶπρὸς
2891 4224 3240 4297 μεσημϐρίαν
3271 4222 3526 4295 πάροδον,
3551 4222 3647 4275 καὶ
3687 4222 3786 4276 ἐὰν

2198 4316 2402 4393 μεταξὺ
2442 4317 2625 4391 μύριοι
2657 4319 2862 4372 στάδιοι
2896 4317 3224 4389 ὑπάρχουσι,
3247 4317 3276 4369 6
3301 4315 3465 4379 αὐτὸς
3499 4316 3651 4386 μένει
3682 4332 3784 4385 με-

2198 4409 2495 4483 σημϐρινός
2517 4426 2532 4441 σ
2570 4409 2712 4464 κατὰ
2761 4409 2821 4463 δὲ
2865 4407 2965 4480 τὴν
3009 4407 3107 4461 ἀπ’
3137 4405 3401 4478 ἀνατολῆς
3445 4406 3582 4479 πρὸς
3630 4405 3785 4460 δύσιν

464 4516 471 4522 η
508 4510 702 4553 versus
722 4508 979 4552 occasum
994 4491 1315 4549 dili’erentiaa
1333 4493 1607 4550 exsistunt
1632 4493 2086 4550 meridianorum.

2196 4503 2430 4576 πάροδον
2462 4502 2718 4574 διαφοραὶ
2752 4499 3164 4573 μεσημϐρινῶν.

473 4597 491 4643 τ
577 4588 848 4660 Obliquus
868 4587 1034 4644 etiam
1057 4594 1143 4644 est
1174 4587 1420 4643 circulus
1450 4588 1550 4643 via:
1578 4586 1785 4644 lactem.
1819 4586 1921 4642 Hic
1945 4588 2090 4643 enim

510 4683 754 4739 circulus
795 4679 991 4753 majori
1032 4678 1325 4736 latitudine
1351 4680 1668 4751 obliquatus
1697 4688 1802 4744 est,
1835 4696 2000 4752 quam
2032 4688 2094 4735 ut

510 4777 656 4832 inter
684 4778 925 4846 tropicos
955 4774 1327 4837 contineatur,
1354 4782 1411 4829 et
1432 4775 1773 4844 compositus
1794 4784 1970 4832 estex
2013 4786 2095 4833 te-

511 4868 722 4923 nuitate
754 4867 1060 4923 nebulosa:
1093 4866 1246 4922 solus
1290 4866 1456 4922 etiam
1517 4866 1607 4921 hic
1658 4867 1718 4922 in
1778 4869 1985 4924 mundo
2010 4877 2094 4925 est

511 4961 869 5030 conspicuus.
902 4957 1037 5030 Ejus
1084 4958 1320 5015 latitudo
1349 4973 1460 5015 non
1500 4965 1586 5016 est
1630 4958 1890 5016 distincta
1920 5002 1936 5025 ,
1993 4962 2088 5017 sed

510 5051 815 5109 secundum
844 5051 982 5108 alias
1030 5060 1216 5122 partes
1256 5050 1349 5106 hic
1398 5051 1640 5108 circulus
1671 5061 1756 5109 est
1786 5052 1972 5118 latior,
2000 5070 2091 5109 se-

510 5142 752 5200 cundum
785 5143 923 5199 alias
963 5143 1267 5215 angustior.
1301 5142 1385 5199 0b
1420 5157 1586 5214 quam
1614 5158 1841 5200 causam
1871 5146 1926 5199 in
1966 5130 2091 5216 pln-

510 5235 669 5295 rimis
720 5236 952 5307 spheeris
998 5250 1070 5291 ne
1103 5235 1439 5293 describitur
1469 5236 1690 5308 quidem
1743 5237 1844 5292 via:
1904 5236 2125 5293 lacteae'

511 5328 775 5386 circulus.
810 5326 910 5384 Est
939 5335 995 5385 et
1035 5329 1127 5384 hic
1157 5344 1305 5386 unus
1332 5330 1695 5385 maximorum
1730 5331 2090 5403 circulorum.

513 5417 731 5473 Maximi
764 5417 913 5475 enim
957 5418 1015 5473 in
1056 5417 1287 5489 spharris
1336 5419 1596 5475 dicuntur
1634 5420 1829 5475 circuli
1877 5421 1956 5475 illi
2001 5422 2094 5493 qui

514 5510 658 5566 idem
714 5525 842 5566 cum
890 5511 1107 5583 sphaera
1148 5511 1356 5567 habent
1396 5523 1668 5569 centrum.
1723 5512 1865 5569 Sunt
1906 5522 2091 5571 autem

581 5666 630 5698 ⁸³
658 5683 748 5738 γρ.
789 5667 852 5721 οὐ
888 5664 1238 5739 κεχώρισται.

2264 4595 2431 4662 Δοξὸς
2451 4593 2509 4647 δέ
2537 4596 2653 4649 εστι
2670 4593 2869 4657 κύκλος
2889 4593 2984 4648 καὶ
3001 4596 3030 4648 6
3046 4592 3143 4647 τοῦ
3168 4591 3456 4661 γάλακτος.
3482 4583 3650 4653 Οὗτος
3685 4589 3785 4660 μὲν

2199 4686 2400 4759 μείζων
2421 4686 2611 4742 πλάτει
2642 4685 2934 4752 λελόξωται
2963 4685 3072 4739 τῶν
3101 4684 3377 4759 τροπικῶν
3420 4680 3658 4745 κύκλων,
3690 4698 3785 4734 συ-

2194 4776 2423 4849 νέστηκε
2450 4777 2508 4830 δὲ
2541 4780 2606 4830 ὲκ
2639 4776 3044 4850 βραχυμερείας
3071 4774 3471 4847 νεφελοειδοῦςο
3504 4774 3601 4828 καί
3637 4774 3787 4828 ἐστιν

2195 4871 2255 4924 ὲν
2284 4870 2363 4942 τῷ
2404 4869 2597 4943 κόσμῳ
2632 4870 2791 4943 μόνος
2843 4870 3144 4944 θεωρητός.
3189 4868 3306 4941 Οὐχ
3349 4868 3582 4941 ὥρισται
3634 4866 3682 4899 ’³
3726 4866 3784 4919 δὲ

2198 4963 2364 5018 αὐτοῦ
2396 4966 2458 5018 τδ
2493 4963 2717 5028 πλάτος,
2745 4962 2882 5017 ἀλλὰ
2923 4962 3063 5017 κατὰ
3108 4962 3206 5033 μέν
3238 4980 3362 5016 τινα
3414 4961 3556 5033 μέρη
3580 4959 3789 5014 πλατύο

2194 5056 2354 5128 τερός
2386 5058 2523 5119 ἐστι,
2556 5057 2694 5111 κατὰ
2713 5057 2769 5111 δέ
2789 5074 2911 5110 τινα
2933 5055 3265 5129 στενότερος.
3287 5054 3366 5107 Δι’
3397 5055 3587 5125 ἥντινα
3608 5053 3787 5107 αἰτίαν

2196 5150 2255 5201 ὲν
2296 5151 2417 5212 ταῖς
2448 5148 2729 5213 πλείσταις
2755 5149 3015 5221 σφαίραις
3034 5148 3158 5201 οὐδὲ
3188 5145 3601 5218 καταγράφεται
3628 5145 3657 5196 ὁ
3691 5141 3787 5196 τοῦ

2194 5238 2465 5308 γάλακτος
2481 5240 2700 5306 κύκλος.
2724 5241 2951 5312 Ἔστιδὲ
2972 5242 3066 5296 καὶ
3085 5234 3239 5304 οὗτος
3254 5239 3362 5294 τῶν
3399 5237 3672 5308 μεγίστων
3700 5234 3793 5287 κύο

2196 5332 2360 5387 γλων·
2372 5334 2618 5404 μέγιστοι
2631 5333 2739 5404 γὰρ
2752 5336 2809 5387 ἐν
2828 5333 3081 5405 σφαίραις
3099 5332 3347 5401 λέγονται
3362 5329 3549 5385 κύκλοι
3562 5330 3612 5381 οἱ
3628 5327 3688 5380 τὸ
3698 5327 3792 5379 αύ-

2198 5425 2262 5479 τὺ
2279 5426 2506 5499 κέντρον
2537 5428 2749 5499 ἔχοντες
2788 5431 2845 5499 τῇ
2866 5427 3092 5498 σφαίρᾳ.
3114 5426 3234 5480 Εἰσὶ
3252 5425 3308 5478 δὲ
3335 5423 3582 5496 μέγιστοι
3599 5419 3788 5474 κύκλοι

2199 5518 2370 5575 ἑπτά·
2411 5519 2745 5604 ίσημερινδς,
2787 5518 3073 5588 ζωδιακὸς,
3122 5517 3217 5573 καὶ
3259 5519 3289 5571 ὁ
3330 5515 3420 5572 διὰ
3456 5515 3639 5588 μέσων
3679 5509 3788 5570 τῶν

586 5783 696 5855 (‘2!)
759 5783 894 5840 ’Υκὸ
939 5783 1059 5856 μέν
1090 5800 1179 5855 -τσ
1230 5783 1342 5855 τῆς
1384 5784 1817 5857 σφαφοθήκης.
1872 5785 2003 5859 Leg.
2061 5787 2194 5848 ἀπό.
