4116 6400
285 398 399 455 785
1393 398 1634 455 GEMINI
1674 399 2045 456 ELEMENTA
2084 403 2583 464 ASTRONOMIIE.
3457 411 3562 469 786

285 515 519 582 ζωδίων,
555 517 605 570 oi
647 516 737 570 διὰ
780 515 888 571 τῶν
940 517 1134 582 πόλων,
1160 519 1188 571 6
1233 517 1351 571 καθ’
1385 518 1622 590 ἑκάστην
1667 520 1862 586 οίκησιγ

1985 523 2208 578 maximi
2243 524 2438 579 circuli
2472 531 2684 595 septem
2715 543 2728 579 :
2783 523 3214 596 aequinoctialis,
3272 523 3560 593 zodiacus,

283 609 559 678 διορίζων,
586 609 615 660 6
650 608 1038 680 μεσημϐρινὸς,
1057 611 1085 662 6
1111 610 1206 664 τοῦ
1231 611 1519 680 γάλακτος.

1987 621 2042 670 ει
2073 616 2315 672 circulus
2352 632 2447 687 per
2494 613 2817 672 medietates
2864 616 3188 688 signorum;
3239 617 3433 673 circuli
3469 633 3564 687 per

287 701 483 770 pulos,
514 699 752 754 circulus
783 701 873 770 qui
913 701 968 754 iu
1015 702 1164 756 omni
1217 701 1555 759 habitatione
1611 702 1714 775 13
1777 704 1948 759 visam
1985 705 2177 761 mundi
2221 713 2435 778 partem
2486 722 2517 760 a
2565 723 2677 764 non
2727 708 2843 764 visa
2882 716 3133 780 separat,
3187 710 3568 774 meridianus.

284 803 347 850 et
375 794 622 851 circulus
651 795 754 850 via:
781 797 988 851 laetere.

821 917 1218 973 ΚΕΦᾹΛΑΙΟΝ
1262 920 1337 975 Ε’.

680 1032 821 1100 Περὶ
854 1032 1078 1104 ’ἡμέρας
1109 1033 1209 1088 καὶ
1239 1036 1480 1102 νυκτός.

2616 919 2844 978 CAPUT
2896 921 2957 976 Υ.

2559 1033 2638 1091 De
2675 1035 2759 1090 die
2793 1044 2844 1090 et
2881 1045 3060 1124 nocte:

372 1146 585 1218 Ἡμέρα
616 1147 834 1216 λέγεται
861 1149 1051 1220 διχῶς·
1087 1149 1206 1204 καθ’
1240 1151 1336 1205 ’ἐνα
1377 1151 1476 1223 μὲν
1509 1169 1706 1224 τρόπον
1746 1152 1862 1224 χρό-

2050 1150 2178 1206 Dies
2223 1150 2429 1206 dicitur
2460 1147 2934 1222 dupliciter,‘uno
2965 1153 3127 1208 modo
3159 1161 3375 1224 tempus
3427 1155 3563 1212 illud

285 1255 380 1299 νος
410 1240 438 1291 6
467 1238 574 1291 ἀπὸ
601 1240 864 1313 ἀνατολῆς
893 1241 1044 1312 ἡλίου
1076 1242 1246 1314 μέχρι.
1270 1242 1473 1308 δύσεως
1493 1262 1505 1271 ·
1538 1243 1658 1297 καθ’
1689 1245 1862 1314 ἕτερον

1979 1241 2122 1313 quod
2167 1249 2250 1298 est
2283 1243 2352 1298 ab
2384 1251 2507 1297 ortu
2542 1243 2674 1299 solis
2706 1259 2879 1315 usque
2927 1245 2995 1300 ad
3037 1259 3296 1301 occasum
3331 1267 3344 1302 :
3388 1245 3563 1304 altero

283 1331 345 1383 δὲ
374 1331 574 1403 τρόπον
605 1333 788 1404 ἡμέρα
835 1334 1052 1404 λέγεται
1081 1338 1270 1407 χρόνος
1298 1341 1326 1391 6
1366 1339 1455 1406 ἀφ’
1483 1337 1633 1409 ἡλίου
1677 1339 1862 1392 ἀνατο-

1979 1333 2162 1401 modo,
2197 1333 2316 1391 dies
2340 1335 2547 1390 dicitur
2597 1346 2816 1407 tempus
2857 1337 3002 1407 quod
3044 1344 3131 1392 est
3172 1337 3242 1393 ab
3273 1345 3395 1392 ortu
3425 1339 3562 1400 solis
3639 1327 3642 1330 ’

285 1421 389 1494 λῆς
426 1423 618 1495 μέχρις
665 1425 820 1497 ἡλίου
863 1425 1020 1493 αὖθις
1073 1430 1358 1502 ἀνατολῆς.
1407 1432 1560 1485 Ἔστι
1591 1431 1647 1484 δὲ
1691 1431 1862 1502 ἡμέρα

1978 1443 2153 1498 usque
2195 1427 2261 1480 ad
2302 1428 2613 1498 proximum
2655 1440 2835 1484 ortum
2879 1431 3032 1484 solis.
3081 1428 3178 1486 Est
3224 1438 3405 1486 autem
3443 1429 3562 1487 dies

287 1515 433 1568 κατὰ
460 1517 553 1571 τὸν
597 1517 848 1591 δεύτερον
893 1523 1091 1593 τρόπον
1129 1524 1222 1577 τοῦ
1261 1523 1465 1596 κόσμου
1510 1525 1862 1597 περιστροφή,

1971 1521 2130 1591 juxta
2165 1519 2465 1576 secundum
2514 1520 2734 1575 modum
2781 1523 3071 1578 conversio
3118 1521 3332 1588 mundi,
3369 1531 3424 1579 et
3468 1541 3560 1580 or-

286 1608 384 1661 καὶ
413 1609 511 1680 τῆς
537 1613 892 1686 περιφερείας
923 1613 1253 1688 [ἀνατολῆς],
1288 1617 1352 1688 ἢν
1379 1620 1406 1671 6
1436 1617 1586 1688 ἥλιος
1614 1615 1862 1688 μεταϐαί-

1979 1619 2069 1666 tus
2103 1611 2223 1681 ejus
2252 1625 2414 1667 arcus
2448 1626 2611 1681 quem
2667 1611 2748 1666 sol
2780 1618 3032 1684 peragrat
3080 1609 3209 1666 dum
3245 1611 3302 1665 in
3331 1626 3565 1668 conver-

287 1716 370 1753 νει
411 1701 743 1768 ὑπεναντίως
795 1705 1111 1777 κινούμενος
1143 1707 1222 1778 τῷ
1270 1709 1461 1781 κόσμῳ
1503 1712 1560 1764 ἐν
1602 1712 1666 1782 τῇ
1714 1726 1862 1781 περι-

1979 1703 2136 1759 sione
2174 1703 2366 1757 mundi
2404 1711 2656 1763 movetur
2693 1711 2887 1758 contra
2931 1704 3215 1758 mundum.
3264 1703 3438 1771 Quam
3489 1706 3562 1760 ob

289 1799 498 1868 στροφῇ
527 1798 620 1852 τοῦ
644 1799 870 1871 κόσμου.
903 1803 980 1855 Δι’
1007 1805 1074 1875 ἣν
1097 1805 1277 1859 αἰτίαν
1301 1805 1410 1858 οὐδ’
1435 1804 1550 1858 ἐστι
1571 1805 1633 1857 τὸ
1668 1820 1862 1873 συναμ-

1977 1807 2199 1848 causam
2231 1809 2409 1863 neque
2443 1795 2811 1864 compositum
2858 1795 2994 1849 illud
3053 1804 3268 1866 tempus
3297 1812 3365 1852 ex
3397 1805 3562 1853 nocte

287 1883 538 1956 φότερον,
571 1887 668 1952 νὺξ
703 1889 797 1942 καὶ
829 1891 1011 1963 ἡμέρα
1045 1893 1136 1945 ἐπὶ
1163 1895 1223 1947 τὸ
1252 1894 1383 1948 αὐτὸ
1423 1894 1511 1965 ἴση
1543 1895 1693 1966 πάσῃ
1721 1899 1862 1951 νυκτῖ

1976 1894 2029 1940 ει
2083 1885 2170 1940 die
2218 1885 2383 1939 simul
2437 1886 2696 1955 sumptis,
2743 1887 2954 1957 aequale
3005 1894 3090 1942 est
3119 1888 3270 1941 omni
3319 1888 3470 1943 nocti
3501 1897 3558 1945 ει

286 1978 383 2031 καὶ
408 1978 590 2051 ἡμέρᾳ
613 1997 626 2011 ο
663 1981 798 2035 ἀλλὰ
833 1985 969 2054 πρὸς
1003 1985 1102 2056 μὲν
1135 1985 1232 2058 τὴν
1275 1986 1526 2058 αἴσθησιν
1555 1987 1651 2046 ίσα,
1676 1989 1745 2042 τὰ
1778 2007 1862 2060 με·

1975 1977 2123 2044 diei;
2169 1978 2262 2031 sed
2293 1976 2473 2048 quoad
2521 1993 2742 2034 sensum
2776 1979 3181 2049 magnitudines
3215 1987 3344 2034 sunt
3376 1995 3563 2051 aequa-

286 2069 423 2142 γέθη
458 2071 607 2124 ἐστί’·
640 2073 774 2144 πρὸς
803 2075 860 2128 δὲ
891 2076 990 2148 τὴν
1022 2079 1079 2130 ὲν
1107 2079 1185 2150 τῷ
1216 2079 1360 2150 λόγῳ
1391 2079 1678 2152 ἀκρίϐειαν
1703 2082 1862 2153 μικρά

1974 2068 2084 2132 les,
2129 2069 2305 2139 quoad
2349 2069 2583 2124 rationis
2622 2071 2890 2139 judicium
2943 2086 3110 2142 parva
3143 2071 3393 2143 quaedam
3435 2080 3558 2140 est,

285 2175 374 2224 τις
398 2162 492 2215 καὶ
527 2163 923 2238 ἀνεπαίσθητος
961 2169 994 2239 ἡ
1034 2170 1379 2242 παραλλαγή.
1414 2173 1482 2224 Αἱ
1513 2171 1613 2244 μὲν
1644 2173 1750 2246 γὰρ
1778 2173 1862 2227 τοῦ

1974 2168 2140 2231 atque
2182 2161 2522 2216 insensibilis
2555 2161 2870 2217 diversitas.
2918 2161 3105 2216 Mundi
3137 2164 3282 2218 enim
3328 2179 3562 2220 conver-

287 2253 506 2324 κόσμου
529 2261 889 2330 περιστροφαὶ
916 2262 1178 2334 ίσόχρονοί
1207 2265 1343 2318 εἰσιν
1365 2282 1378 2295 °
1412 2267 1468 2319 αἱ
1497 2266 1554 2319 δὲ
1585 2265 1693 2320 τῶν
1715 2284 1872 2339 περι-

287 2349 524 2419 φερειῶν
575 2351 849 2418 ἀνατολαὶ,
886 2353 952 2417 ἃς
982 2358 1011 2408 6
1037 2356 1188 2425 ἦλιος
1241 2357 1553 2428 μεταϐαίνει
1592 2361 1649 2412 ἐν
1686 2362 1752 2430 τῇ
1776 2359 1870 2414 τοῦ

286 2438 494 2508 κόσμου
516 2446 874 2514 περιστροφῇ,
895 2442 994 2496 οῦκ
1019 2447 1154 2498 εἰσιν
1184 2446 1467 2518 ίσόχρονοι.
1493 2447 1568 2500 Δι’
1603 2447 1670 2518 ἢν
1693 2448 1870 2501 αἰτίαν

284 2532 388 2583 οὐκ
418 2530 533 2584 ἔστι
566 2535 975 2607 συναμφότερον
1011 2538 1159 2590 πᾶσα
1193 2537 1288 2604 νὺξ
1327 2537 1422 2592 καὶ
1455 2539 1637 2610 ἡμέρα
1667 2557 1872 2610 συναμ-

287 2621 523 2692 φοτέρῳ,
559 2625 707 2696 πάσῃ
733 2626 890 2680 νυκτὶ
919 2628 1012 2681 καὶ
1039 2629 1223 2700 ἡμέρᾳ
1249 2629 1358 2702 ἴση.

358 2807 513 2861 Κατὰ
543 2807 600 2861 δὲ
627 2809 719 2862 τὸν
762 2809 1012 2882 δεύτερον
1036 2813 1248 2886 ’τρόπον
1276 2814 1374 2884 τῆς
1407 2814 1723 2886 διαιρέσεως
1761 2815 1869 2868 τῶν

285 2899 528 2970 ἡμερῶν,
575 2901 665 2954 τὸν
696 2901 796 2972 μὲν
826 2903 972 2974 μῆνα
996 2883 1224 2975 λέγομεν
1253 2883 1392 2959 εἶναι
1431 2883 1654 2978 ἡμερῶν
1677 2907 1740 2971 λ’,
1776 2906 1868 2958 τὸν

283 2991 340 3045 δὲ
364 2993 608 3046 ἐνιαυτὸν
633 2993 853 3066 ἡμερῶν
870 2995 959 3060 τξέ
987 2996 1137 3066 a'/6'°
1155 2996 1270 3050 ἔστι
1294 2997 1350 3052 δὲ
1373 2997 1433 3050 τὸ
1463 2999 1884 3071 συναμφότερον»

283 3083 400 3149 νὺξ,
434 3087 526 3138 καὶ
556 3086 736 3157 ἡμέρα
769 3088 959 3158 χρόνος
985 3089 1142 3160 ὡρῶν
1178 3090 1510 3162 ίσημερινῶν
1540 3091 1637 3153 κδ’,
1672 3094 1864 3162 ἰσημε-

285 3177 408 3248 ρινὴ
446 3177 502 3230 δὲ
533 3177 650 3249 ὥρα
681 3179 740 3232 τὸ
769 3181 933 3252 α’[κδ’
974 3182 1138 3253 μέρος
1166 3182 1261 3236 τοῦ
1295 3184 1486 3256 χρόνου
1513 3183 1621 3238 τοῦ.
1643 3201 1867 3254 συναγοο

286 3268 450 3337 μένου
481 3271 545 3322 ἐκ
575 3270 768 3334 νυκτὸς
801 3273 894 3326 καὶ
923 3272 1153 3344 ἡμέρας.

355 3360 431 3412 Οὐ
455 3359 596 3412 κατὰ
620 3362 800 3414 πᾶσαν
822 3361 879 3415 δὲ
903 3361 1086 3432 χώραν
1115 3364 1208 3416 καὶ
1231 3363 1384 3417 πόλιν
1407 3364 1476 3418 τὰ
1497 3365 1636 3419 αὐτὰ
1658 3365 1863 3438 μεγέθη

281 3452 390 3504 τῶν
431 3451 652 3524 ἡμερῶν
704 3454 882 3506 ἐστιν·
920 3453 1053 3508 ἀλλὰ
1091 3458 1203 3519 τοῖς
1243 3456 1510 3528 μὲνπρὸς
1541 3458 1742 3528 ἄρκτον
1783 3458 1863 3510 ol-

282 3544 441 3599 κοῦσι
479 3545 723 3616 μείζονες
775 3548 870 3602 καὶ
910 3547 1116 3620 ἡμέραι
1169 3549 1428 3617 γίνονται,
1467 3552 1579 3614 τοῖς
1613 3549 1670 3604 δὲ
1729 3549 1878 3622 πρὸς

285 3639 634 3710 μεσημϐρίαν
667 3640 975 3704 ἐλάσσονες.

359 3731 512 3784 Ἐστι
537 3730 594 3784 δὲ
621 3732 679 3783 ὲν
713 3731 875 3802 Ῥόδῳ
903 3733 1002 3803 μὲν
1036 3734 1069 3803 ἡ
1100 3731 1328 3804 μεγίστη
1363 3733 1546 3804 ἡμέρα
1583 3732 1742 3806 ὡρῶν
1788 3734 1866 3788 ίσ-

282 3823 558 3893 ημερινῶν
595 3822 654 3876 ιδ’
667 3822 800 3894 α’ίβ’
819 3842 831 3853 ·
859 3823 989 3896 περὶ
1021 3823 1078 3877 δὲ
1120 3823 1336 3896 Ῥώμην
1362 3827 1395 3895 ἡ
1427 3826 1658 3896 μεγίστη
1681 3825 1864 3898 ἡμέρα

280 3914 441 3986 ὡρῶν
470 3916 802 3988 ίσημερινῶν
838 3923 898 3970 ιε’
917 3934 931 3946 ·
963 3919 1074 3981 τοῖς
1102 3917 1146 3970 δ’
1173 3917 1250 3970 ἔτι
1277 3917 1633 3989 βορειοτέροις
1657 3919 1863 3972 οἰκοῦσι

279 4007 380 4079 τῆς
411 4010 774 4081 Προποντίδος
806 4009 1036 4082 μεγίστη
1061 4011 1242 4081 ἡμέρα
1266 4009 1472 4078 γίνεται
1500 4011 1658 4082 ὡρῶν
1680 4012 1864 4084 ἰσημε-

283 4097 445 4169 ρινῶν
479 4104 556 4164 ις’
575 4116 588 4129 ’
627 4101 722 4152 καὶ
756 4099 837 4153 ἔτι
869 4103 980 4164 τοῖς
1011 4100 1366 4172 βορειοτέροις
1395 4099 1460 4165 ιζ’
1486 4103 1580 4156 καὶ
1611 4108 1677 4173 ιη’
1705 4101 1862 4174 ὡρῶν

278 4192 312 4259 ἡ
353 4190 582 4263 μεγίστη
614 4191 798 4264 ἡμέρα
819 4191 1049 4260 γίνεται.

363 4371 486 4424 Ἐπὶ
509 4372 565 4424 δὲ
597 4372 724 4436 τοὺς
749 4371 946 4436 τόπους
979 4371 1092 4444 (22)
1118 4374 1338 4438 τούτους
1365 4373 1624 4428 δοκεῖκαὶ
1647 4374 1861 4439 Πυθέας

276 4463 306 4512 6
339 4463 740 4535 Μασσαλιώτης
763 4467 1036 4536 παρεῖναι.
1067 4466 1204 4537 Φησὶ
1233 4468 1362 4536 γοῦν
1398 4471 1456 4521 ὲν
1479 4472 1591 4532 τοῖς
1618 4468 1858 4540 περὶτοῦ

1974 2253 2158 2308 siones
2190 2252 2332 2308 inter
2374 2269 2434 2309 se
2471 2254 2811 2324 temporibus
2849 2262 2979 2309 sunt
3011 2256 3251 2326 aequales
3281 2276 3294 2311 :
3325 2257 3421 2312 sed
3466 2273 3558 2312 ar-

1973 2361 2137 2400 cuum
2164 2345 2538 2410 ascensiones,
2570 2361 2709 2416 quos
2733 2346 2815 2401 sol
2853 2342 3072 2401 c‘onllcit
3102 2348 3158 2401 in
3201 2349 3393 2403 mundi
3425 2363 3561 2406 con-

1969 2437 2241 2502 versione,
2295 2454 2403 2493 non
2436 2446 2568 2493 sunt
2604 2439 2945 2510 temporibus
2971 2441 3232 2510 aequales.
3264 2441 3440 2508 Quam
3486 2444 3560 2499 ob

1971 2545 2196 2585 causam
2232 2545 2342 2584 non
2379 2537 2464 2585 est
2506 2531 2874 2601 compositum
2904 2530 3038 2586 illud
3086 2540 3327 2604 tempus,
3361 2549 3560 2606 nempe

1970 2621 2151 2677 omnis
2210 2637 2320 2676 nox
2364 2629 2419 2677 et
2455 2621 2596 2688 dies,
2625 2621 2932 2692 composito
2953 2623 3031 2677 illi
3059 2624 3315 2694 tempori,
3347 2623 3558 2681 scilicet

1969 2714 2119 2769 omni
2148 2713 2295 2768 nocti
2329 2721 2383 2768 et
2411 2714 2540 2780 diei,
2574 2714 2804 2785 aequale.

2042 2803 2359 2860 Secundum
2415 2806 2651 2861 alterum
2697 2805 2920 2860 modum
2967 2804 3264 2862 divisionis
3313 2804 3554 2875 dierum,

1970 2913 2212 2954 mensem
2243 2898 2482 2954 dicimus
2515 2913 2639 2953 esse
2663 2896 2876 2953 dierum
2910 2899 3002 2965 '50,
3036 2912 3242 2952 annum
3275 2913 3407 2953 vero
3433 2898 3554 2954 die-

1968 3005 2088 3044 rum
2127 2990 2380 3061 5651/4;
2412 2999 2497 3046 est
2513 2997 2694 3046 autem
2717 2998 2933 3062 tempus
2951 3006 3017 3046 ex
3034 2999 3215 3056 nocte,
3229 2999 3284 3048 et
3303 2992 3390 3047 die
3411 3006 3556 3047 com-

1968 3084 2206 3154 positum
2242 3084 2500 3139 horarum
2532 3083 2996 3154 aequinoctialium
3026 3084 3120 3152 24,
3156 3085 3554 3154 aequinoctialis

1969 3183 2150 3230 autem
2175 3175 2308 3232 hora
2321 3183 2409 3232 est
2435 3175 2572 3231 l/26
2620 3176 3039 3248 parstemporis
3053 3176 3341 3247 compositi
3357 3193 3423 3234 ex
3449 3193 3554 3233 no-

1969 3278 2056 3324 cte
2085 3277 2139 3324 et
2173 3270 2281 3325 die.
2392 3258 2394 3260 ’

2038 3362 2159 3418 Non
2217 3372 2347 3420 sunt
2377 3371 2560 3420 autem
2608 3377 2708 3434 per
2755 3377 2950 3418 omnes
2982 3361 3240 3437 regiones
3279 3370 3336 3418 et
3386 3363 3553 3419 urbes

1967 3455 2169 3512 eaedem
2223 3455 2633 3526 magnitudines
2664 3455 2902 3520 dierum,
2940 3454 3039 3510 sed
3093 3454 3163 3510 iis
3204 3455 3298 3525 qui
3357 3470 3566 3513 versus

1967 3547 2398 3617 septentrionem
2436 3547 2690 3602 habitant
2728 3546 2965 3616 majores
2993 3545 3132 3600 ﬁunt
3160 3556 3215 3602 et
3245 3546 3388 3612 dies,
3445 3547 3551 3603 mi-

1965 3657 2131 3696 nores
2163 3655 2294 3696 vero
2327 3640 2396 3696 iis
2424 3641 2518 3711 qui
2551 3655 2749 3696 versus
2781 3639 3065 3694 meridiem
3101 3639 3371 3696 habitant.

2037 3731 2133 3788 Est
2178 3739 2359 3788 autem
2400 3732 2456 3786 in
2507 3729 2703 3786 Rhodo
2754 3730 3077 3801 longissima
3128 3731 3248 3786 dies
3287 3731 3550 3787 horarum

1964 3824 2428 3894 aequinoctialium
2456 3822 2522 3879 M
2553 3821 2695 3893 l/2;
2734 3822 2884 3876 circa
2942 3821 3173 3876 Romam
3226 3821 3551 3894 leugissima

1965 3916 2084 3972 dies
2114 3915 2377 3971 horarum
2408 3913 2873 3986 aequinoctialium
2907 3913 3011 3980 15;
3069 3914 3137 3971 iis
3170 3930 3302 3971 vero
3330 3916 3424 3986 qui
3451 3915 3552 3970 ba-

1965 4009 2142 4064 hitant
2198 4007 2600 4078 aliquantulum
2653 4006 2794 4061 ultra
2835 4004 3170 4078 PnOpontida
3207 4022 3400 4064 versus
3444 4008 3549 4063 ho-

1963 4115 2134 4163 ream,
2169 4097 2488 4169 longissima
2529 4097 2648 4152 dies
2697 4099 2750 4151 lit
2794 4096 3052 4151 horarum
3086 4090 3546 4169 aequinoctialium

1964 4192 2053 4256 16,
2084 4199 2139 4246 ει
2190 4191 2371 4246 adhuc
2402 4190 2578 4261 magis
2626 4189 2942 4246 borealibus
2976 4189 3042 4243 17
3087 4197 3140 4245 ει
3169 4189 3236 4246 18
3286 4189 3548 4246 horarum

1963 4284 2282 4355 longissima
2315 4283 2372 4337 ﬁt
2405 4283 2545 4338 dies.

2033 4375 2117 4429 Ad
2148 4375 2269 4430 loca
2311 4375 2428 4429 haec
2459 4374 2680 4429 videtur
2706 4373 2871 4428 etiam
2903 4370 3138 4444 Pytbeas
3181 4371 3547 4430 Massiliensis

1964 4467 2289 4522 accessisse.
2350 4465 2533 4536 lnquit
2575 4465 2741 4536 igitur
2776 4464 3021 4520 inlibris
3064 4465 3181 4521 suis
3208 4464 3278 4521 de
3325 4463 3547 4522 Oceano

291 4553 546 4608 Ὠκεανοῦ
581 4559 1169 4630 πεπραγματευμένοις
1203 4560 1370 4631 αὐτῷ,
1399 4561 1481 4614 ὅτι
1501 4579 1519 4612 ι
1557 4561 1858 4618 Ἐδείκνυον

1963 4560 2187 4630 scriptis
2220 4561 2335 4615 sic:
2376 4577 2394 4610 ι
2434 4557 2818 4614 Monstrabant
2845 4557 3005 4612 nobis
3032 4557 3288 4621 barbari,
3322 4558 3415 4613 ubi
3460 4560 3546 4614 sol

274 4650 410 4718 ⁴ἡμῖν
443 4650 492 4701 οί
521 4648 806 4720 βάρϐαροι,
833 4652 966 4705 ὅπου
1007 4653 1036 4705 6
1063 4652 1212 4723 ἦλιος
1254 4655 1534 4725 κοιμᾶται.
1571 4655 1857 4710 Συνὲϐαινε

275 4738 387 4810 γὰρ
419 4741 548 4811 περὶ
577 4739 800 4805 τούτους
825 4742 949 4805 τοὺς
981 4743 1176 4807 τόπους
1201 4742 1299 4815 τὴν
1336 4743 1434 4816 μὲν
1465 4743 1636 4798 νύκτα
1671 4761 1862 4800 παντε-

275 4829 383 4894 λῶς
420 4832 623 4904 μικρὰν
665 4833 932 4902 γίνεσθαι,
990 4834 1148 4906 ὡρῶν
1189 4830 1271 4898 οἷς
1307 4835 1406 4906 μὲν
1441 4835 1508 4906 β’,
1557 4829 1639 4900 οἷς
1690 4836 1746 4890 δὲ
1778 4845 1855 4907 γ’·

274 4921 416 4975 ὥστε
448 4925 586 4994 μετὰ
629 4923 726 4995 τὴν
753 4925 927 4988 δύσιν,
967 4926 1162 4996 μικροῦ
1209 4926 1599 4996 διαλείμματος
1631 4927 1858 4998 γενομέ-

274 5029 388 5076 νου,
423 5015 808 5069 ὲπανατέλλειν
855 5015 1056 5080 εὐθέως
1085 5016 1174 5069 τὸν
1221 5017 1392 5087 ἥλιον.
1430 5035 1449 5068 ι
1483 5017 1708 5088 Κράτης
1740 5017 1796 5070 δὲ
1827 5020 1856 5072 ό

271 5107 658 5178 γραμματικός
676 5109 785 5180 (25)
806 5125 936 5179 φησι
965 5108 1071 5161 τῶν
1101 5108 1282 5162 τόπων
1317 5107 1522 5162 τούτων
1549 5109 1645 5164 καὶ
1671 5109 1852 5182 Ὅμη-

273 5211 369 5266 ρον
404 5197 772 5268 μνημονεῦσαι
803 5200 859 5252 ἐν
885 5193 966 5262 οἷς
1005 5215 1167 5270 φησιν
1207 5198 1525 5264 Ὀδυσσεύς·

344 5351 455 5426 (22)
507 5352 635 5426 Ἐπὶ
666 5352 735 5426 δὲ
764 5355 905 5420 τοὺς
929 5357 1170 5422 τόπους.
1204 5355 1323 5410 Non
1352 5370 1415 5410 ea
1450 5355 1675 5426 praecise
1705 5355 1846 5420 loca,

272 5421 365 5475 ubi
401 5423 638 5476 maxima
662 5423 779 5478 dies
811 5428 869 5478 lit
917 5421 1174 5479 horarum
1210 5426 1295 5488 l7,
1326 5427 1408 5480 vel
1442 5421 1526 5481 l8.
1575 5426 1678 5481 Sed
1711 5428 1850 5480 ulte-

270 5493 432 5545 rioris
454 5509 532 5546 ea:
566 5509 804 5562 quoque,
840 5497 932 5550 ubi
969 5504 1053 5548 cst
1084 5498 1340 5550 horarum
1371 5496 1433 5550 21
1485 5507 1538 5551 ει
1567 5497 1658 5560 22,
1691 5505 1750 5550 ιιι
1780 5513 1849 5552 ex

270 5565 646 5638 sequentibus
671 5575 932 5638 apparet;
961 5567 1108 5636 quod
1154 5567 1208 5620 in
1248 5568 1550 5623 elevatione
1581 5568 1852 5638 graduum

269 5632 482 5705 65,66,
514 5649 576 5687 ac
617 5632 875 5705 deinceps
905 5632 1106 5691 evenit.

342 5703 453 5776 (25)
488 5705 724 5776 Κράτης
769 5703 836 5760 δὲ
867 5711 899 5761 ό
947 5708 1364 5776 γραμματικός.
1415 5707 1734 5762 Eustathius
1783 5705 1852 5762 ad

269 5772 466 5842 Odyss.
499 5773 564 5848 K_,
605 5792 796 5848 versus
825 5772 1290 5846 illos'cx’ponens,
1322 5772 1415 5848 qui
1443 5794 1473 5834 a
1505 5777 1734 5832 Gemino
1775 5779 1854 5834 ci-

267 5851 474 5912 tantur,
501 5846 575 5901 ait
599 5846 871 5904 Cratetem
905 5849 1050 5905 illius
1073 5846 1541 5920 interpretationis
1571 5857 1850 5906 auctorem

1963 4653 2209 4708 cubaret.
2270 4649 2568 4706 Eveniebat
2615 4648 2760 4703 enim
2811 4647 2958 4702 circa
3000 4647 3116 4702 haec
3170 4649 3288 4704 loca
3327 4658 3544 4704 noctem

1963 4744 2182 4816 quidem
2215 4743 2371 4798 valde
2406 4756 2628 4813 parvam
2662 4739 2798 4804 ﬁeri,
2836 4739 2921 4794 bis
2946 4740 3167 4810 quidem
3196 4741 3454 4794 horarum
3485 4739 3542 4803 2,

1962 4838 2072 4893 illis
2099 4851 2228 4892 vero
2253 4837 2308 4900 5,
2333 4844 2394 4889 ut
2423 4841 2547 4906 post
2574 4848 2854 4900 occasum,
2878 4848 3046 4905 parvo
3069 4831 3356 4886 intervallo
3385 4831 3548 4888 inter-

1963 4927 2168 4999 posito,
2204 4925 2392 4982 statim
2425 4924 2505 4980 sol
2536 4931 2727 4994 postea
2755 4923 3017 4978 oriretur.
3060 4941 3079 4974 ›
3123 4921 3316 4978 Crates
3361 4935 3546 4992 gram-

1962 5022 2196 5076 maticus
2223 5019 2400 5090 inquit
2425 5019 2620 5072 horum
2646 5018 2891 5070 locorum
2912 5017 3075 5072 etiam
3102 5014 3398 5071 Homerum
3431 5027 3546 5069 me-

1959 5111 2186 5166 minisse
2216 5110 2272 5164 in
2304 5109 2392 5165 his
2420 5124 2542 5180 quae
2572 5108 2800 5178 Ulysses
2833 5105 2968 5162 dicit
2993 5126 3005 5162 :

1957 5356 2257 5418 exstitisse,
2288 5370 2410 5425 quae
2439 5352 2759 5425 Homericos
2793 5368 2986 5425 versus
3020 5350 3538 5425 ad__exqu_isitiorem

1957 5437 2010 5482 et
2046 5421 2485 5481 mathematicam
2533 5423 2802 5494 rationem
2847 5424 3035 5494 exigit.
3072 5422 3205 5494 Nam
3237 5421 3540 5494 simplicior

1953 5497 2186 5552 istorum
2219 5495 2491 5551 sententia
2525 5493 2782 5557 traditur,
2838 5491 3004 5548 noctu
3033 5503 3086 5546 et
3122 5491 3358 5546 interdiu
3389 5495 3537 5562 pari-

1955 5575 2039 5622 ter
2071 5583 2290 5636 operam
2319 5566 2538 5619 dedisse
2566 5566 2800 5636 pastioni
2831 5562 3252 5636 Lacstrygonas_;_
3285 5576 3349 5615 ac
3374 5571 3538 5636 nocte

1955 5632 2173 5707 quidem
2212 5637 2400 5707 boves.
2462 5636 2535 5689 ob
2569 5632 2835 5707 asilorum
2885 5643 2956 5707 et
2984 5632 3255 5705 ejusmodi
3299 5633 3536 5707 pestium

1956 5703 2192 5772 metum;
2233 5706 2300 5760 de.
2334 5707 2422 5761 die
2453 5720 2606 5766 vero,
2637 5705 2781 5760 villis
2809 5703 3026 5759 munita
3057 5717 3252 5774 pecora
3296 5703 3537 5774 pavisse.

1956 5777 2129 5831 Porro
2155 5776 2440 5840 κελεύθους
2475 5776 2682 5846 ἦματος
2719 5776 2814 5846 κιρ.
2858 5773 3070 5842 νυκτός,
3122 5773 3318 5828 diurna
3353 5782 3406 5846 et
3436 5791 3540 5846 ino-

1959 5859 2148 5904 cturna
2191 5863 2391 5917 pascua
2419 5844 2625 5903 vocari.
2659 5844 2738 5902 lta
2765 5845 3108 5916 Eustathius,
3141 5859 3265 5917 quae
3302 5845 3550 5919 quidem
