4124 6400
405 319 504 376 789

1392 324 1628 380 GEMINI
1667 324 2044 380 ELEMENTA
2085 323 2588 382 ASTRONOML‘E.

3553 322 3656 381 790

399 434 635 503 γίνεται·
698 435 862 508 ἑτέρα
905 437 962 492 δὲ
1004 439 1285 512 τρίμηνος,
1317 443 1373 494 ὲν
1405 437 1440 516 ᾖ
1477 444 1584 496 ἀπὸ
1629 441 1723 498 τοῦ
1768 443 1979 516 θερινοῦ

2086 442 2383 499 trimestris
2437 441 2578 505 dies,
2615 441 2673 496 in
2703 453 2812 512 qua
2859 437 2928 494 ab
2956 437 3146 494 aestivo
3171 436 3384 508 tropico
3413 437 3479 492 ad
3510 438 3658 492 hori-

399 526 660 598 τροπικοῦ
684 529 776 582 ἐπὶ
812 529 905 583 τὸν
934 530 1184 604 ὁρίζοντα
1212 536 1453 606 καταντᾷ
1473 551 1487 566 ⁶
1513 537 1606 589 κα)⁵
1647 537 1826 592 πάντα
1850 535 1974 590 τοῦ-

395 638 489 675 τον
519 621 610 676 τὸν
640 622 830 694 χρόνον
863 624 1008 680 κατά
1038 627 1164 690 τοὺς
1195 627 1338 700 ὑπὲρ
1365 630 1469 700 γῆν
1500 629 1732 695 κύκλους
1763 632 1974 705 παραλ-

397 711 595 784 λήλους
624 714 998 786 ὲνεχθήσεται.
1050 719 1199 773 Ἐπεὶ
1225 720 1283 774 δὲ
1316 721 1601 792 συμϐαίνει
1633 724 1734 794 τὴν
1762 724 1976 796 οἴκησιν

397 804 601 877 ταύτην
627 807 686 861 ὲν
715 808 858 882 μέσῃ
907 813 971 882 τῇ
1005 811 1389 886 κατεψυγμένη
1425 814 1520 868 καὶ
1558 815 1800 888 ἀοικήτῳ
1831 815 1977 890 ζώνῃ

399 895 686 970 ὑπάρχειν,
719 898 934 969 ἀνάγκη
963 899 1052 954 διά
1088 903 1288 967 παντὸς
1313 905 1500 972 νέφεσι
1533 905 1976 976 κατέχεσθαι-τὸν

399 988 584 1055 τόπον,
623 992 718 1044 καὶ
760 992 853 1046 ἐπὶ
895 993 1028 1048 πολὺ
1077 986 1240 1066 βάθος
1281 996 1441 1068 ἀέρος
1481 1000 1866 1071 συνεστηκέναι
1907 1002 1977 1055 τά

399 1080 557 1152 νέφη,
577 1083 671 1136 καὶ
695 1083 770 1154 μὴ
791 1083 1048 1138 δύνασθαι
1069 1086 1167 1150 τὰς
1189 1086 1283 1140 τοῦ
1305 1088 1457 1159 ἡλίου
1473 1089 1647 1159 αὑγάς
1668 1092 1978 1147 διακόπτειν

397 1171 468 1228 τὰ
507 1173 674 1245 νέφηο
721 1174 862 1229 ὥστε
910 1176 1146 1245 εὐλόγως
1189 1179 1359 1233 νύκτα
1393 1182 1439 1213 ⁸⁸
1471 1181 1559 1235 διὰ
1593 1183 1792 1248 παντὸς
1839 1179 1977 1238 εἶναι

397 1264 528 1334 παρ’
557 1264 742 1328 αὐτοῖς
771 1265 980 1330 σκότος.
1014 1267 1184 1322 Ὅταν
1209 1270 1307 1340 μὲν
1334 1270 1444 1343 γὰρ
1470 1272 1614 1344 ὑπὲρ
1638 1273 1741 1343 γῆν
1757 1273 1979 1348 ὑπάρχῃ

395 1358 426 1408 6
452 1356 626 1426 ήλιος,
667 1358 858 1424 σκότος
885 1361 1004 1414 ἐστὶ
1029 1363 1158 1434 παρ’
1181 1363 1364 1427 αὑτοῖς
1389 1363 1478 1418 διὰ
1501 1365 1600 1436 τὴν
1633 1366 1978 1438 παχυμερίαν

400 1449 509 1504 τιῖιν
539 1451 718 1520 νεφῶν
739 1470 754 1485 ο
784 1453 911 1507 ὅταν
938 1453 995 1507 δὲ
1025 1453 1130 1506 ὑπὸ
1173 1455 1262 1508 τὸν
1285 1455 1538 1528 ὁρίζοντα
1572 1460 1602 1511 6
1631 1458 1783 1526 ἥλιος
1810 1456 1866 1534 ᾖ,
1891 1459 1979 1513 διὰ

399 1541 501 1614 τὴν
521 1544 754 1615 φυσικὴν
781 1545 1028 1617 ἀνάγκην
1056 1548 1151 1615 νύξ
1180 1549 1295 1601 ὲστι
1329 1551 1459 1620 παρ’
1491 1550 1670 1615 αὑτοῖς
1693 1568 1705 1581 ·
1730 1550 1870 1605 ὥστε
1890 1551 1979 1605 διὰ

402 1635 605 1699 παντὸς
654 1635 957 1705 ἀφώτιστον
995 1639 1176 1694 αὑτῶν
1227 1637 1364 1694 εἶναι
1407 1641 1506 1712 τὴν
1539 1641 1773 1713 οἴκησιν.
1808 1642 1979 1696 Τοῦτο

397 1719 514 1789 οὖν,
550 1727 704 1797 φησί,
732 1725 794 1781 τὸ
821 1727 1109 1799 λεγόμενόν
1139 1731 1286 1784 ἐστιν
1312 1731 1418 1785 ὑπὸ
1443 1732 1535 1786 τοῦ
1573 1733 1798 1806 ποιητοῦ
1818 1751 1835 1768 ο

1139 1843 1282 1898 οὺδέ
1314 1847 1447 1898 ποτ’
1476 1847 1700 1912 αὐτοὺς

555 1909 777 1932 ’"11_-,
823 1911 1043 1932 “#111,.--
1076 1914 1140 1932 ι..
1175 1913 1229 1932 (οι
1479 1918 1491 1932 ι
1585 1918 1596 1932 ο

566 1909 782 1977 Ἠέλιος
811 1911 1046 1981 φαέθων
1064 1913 1433 1983 ἐπιδέρκεται
1459 1909 1836 1972 ἀκτίνεσσιν.

469 2023 532 2076 El
566 2023 664 2095 μὲν
707 2018 800 2078 οὖν
849 2023 1020 2078 ταῦτα
1064 2024 1378 2098 ἐνθυμεῖται
1407 2030 1436 2081 6
1482 2029 1749 2102 Ὅμηρος,
1797 2029 1983 2102 ἕτερος

399 2112 540 2167 ἔστω
593 2113 776 2182 λόγος’
807 2115 890 2168 ὅτι
931 2113 988 2168 δέ
1022 2116 1128 2169 εἰσι
1161 2117 1314 2169 τόποι
1344 2117 1509 2182 τινὲς,
1554 2117 1655 2188 τῆς
1683 2118 1788 2189 γῆς
1826 2136 1984 2188 σφαι-

401 2204 638 2276 ροειδοῦς
661 2207 1030 2278 ὑπαρχούσης,
1051 2206 1264 2278 ἔχοντες
1282 2207 1352 2262 τὰ
1375 2209 1748 2282 προειρημένα
1774 2210 1980 2283 μεγέθη

395 2296 507 2350 τῶν
535 2297 760 2370 ἡμερῶν
781 2298 916 2371 πρὸς
943 2297 1168 2370 ἄλληλα,
1191 2299 1349 2369 δῆλον
1378 2301 1472 2354 ἀπ’
1500 2301 1673 2372 αὐτῆς
1698 2302 1800 2374 τῆς
1825 2303 1984 2371 σφαί-

399 2405 520 2461 ρας.
555 2390 693 2455 Τοὺς
733 2390 980 2461 μέντοιγε
1023 2391 1223 2456 τόπους
1255 2391 1478 2458 τούτους
1507 2394 1799 2466 ἀοικήτους
1842 2392 1982 2450 εἶναι

399 2480 684 2552 συμϐαίνει
711 2481 802 2536 διὰ
843 2481 940 2553 τὴν
977 2482 1070 2536 τοῦ
1103 2484 1310 2555 ψύχους
1349 2484 1681 2557 ὑπερϐολήν.
1717 2486 1806 2539 Ἐν
1838 2486 1980 2558 μέσῃ

396 2572 506 2642 γὰρ
536 2574 744 2626 κεῖνται
775 2575 841 2644 τῇ
870 2575 1259 2649 κατεψυγμένη
1290 2575 1454 2648 ζώνῃ.

484 2661 770 2720 Ἀνάπαλιν
795 2663 852 2716 δὲ
877 2667 992 2728 τοῖς
1015 2664 1152 2734 πρὸς
1183 2665 1534 2737 μεσημϐρίαν
1565 2665 1805 2720 οἰκοῦσιν
1833 2665 1984 2721 ἐλάσ-

398 2770 548 2819 σονες
575 2755 663 2809 ἀεὶ
695 2756 918 2829 μᾶλλον,
953 2758 1048 2812 καί⁵
1084 2757 1372 2822 ἐλάσσονες
1405 2760 1460 2812 αἰ
1481 2759 1684 2832 ἡμέραι
1704 2761 1978 2829 γίνονται·

397 2847 528 2919 παρ’
555 2834 636 2912 οἷς
667 2849 766 2921 μὲν
799 2850 862 2903 ιδ’
895 2849 1054 2922 ὡρῶν
1090 2849 1422 2922 ἰσημερινῶν
1451 2851 1484 2922 ἡ
1526 2850 1759 2923 μεγίστη
1798 2851 1983 2924 ἡμέρα

397 2941 633 3010 γίνεται,
670 2943 802 3014 παρ’
831 2937 914 3006 οἷς
934 2942 992 2996 δὲ
1023 2949 1090 3012 ιγ’
1115 2944 1182 2996 ’⁷.

469 3034 647 3107 Πέρας
685 3034 744 3090 δέ
772 3037 889 3088 ἐστι
917 3035 1069 3108 χώρα
1104 3052 1188 3100 τις
1223 3035 1360 3108 πρὸς
1389 3035 1740 3107 μεσημϐρίαν
1780 3035 1980 3108 μᾶλλον

2083 539 2300 589 zontem
2350 530 2655 588 descendit.
2715 530 2894 601 Atque
2936 528 3086 584 omni
3115 527 3220 582 hoc
3270 533 3514 596 tempore
3558 541 3656 597 per

2081 625 2322 684 circulos
2365 625 2682 696 parallelos,
2723 621 2820 694 qui
2861 629 2991 678 sunt
3039 634 3206 690 supra
3248 629 3473 682 terram,
3517 617 3659 673 fere—

2081 728 2191 775 tur.
2237 719 2377 775 Cum
2425 733 2558 774 vero
2611 716 2895 787 contingat
2949 715 3092 770 hanc
3146 711 3542 768 habitationem
3600 710 3658 766 in

2083 811 2261 867 media
2307 809 2506 882 frigida
2563 817 2727 880 atque
2780 805 3121 862 inbabitabili
3168 818 3306 860 zona
3356 818 3501 868 esse,
3559 819 3658 859 ne-

2082 917 2238 958 cesse
2285 908 2370 960 est
2425 916 2644 972 semper
2687 899 2906 956 nebulis
2945 897 3206 968 occupari
3247 897 3453 960 locum,
3500 901 3555 950 et
3599 895 3658 949 in

2081 1007 2280 1064 magna
2309 991 2453 1048 aeris
2480 991 2856 1064 profunditate
2883 990 3118 1046 nebulas
3148 988 3478 1045 constitutas
3508 1002 3655 1052 esse,

2082 1099 2184 1140 nec
2209 1099 2371 1156 posse
2403 1085 2536 1140 solis
2569 1083 2755 1141 radios
2793 1083 3023 1140 nebulas
3057 1083 3180 1139 illas
3203 1081 3474 1153 dissipare
3506 1102 3520 1136 :
3555 1081 3659 1136 ita-

2082 1193 2189 1248 que
2239 1187 2668 1234 consentaneum
2721 1185 2806 1234 est
2853 1191 3074 1248 semper
3130 1175 3275 1246 apud
3325 1175 3476 1244 ipsos
3535 1187 3660 1228 esse

2081 1267 2261 1323 noctis
2319 1267 2594 1323 tenebras.
2660 1264 2797 1322 Cum
2853 1265 3001 1322 enim
3036 1281 3204 1336 supra
3253 1272 3456 1320 terram
3494 1261 3659 1320 fuerit

2084 1360 2188 1424 sol,
2242 1359 2482 1416 tenebrae
2534 1370 2664 1416 sunt
2713 1358 2857 1430 apud
2907 1359 3056 1430 ipsos
3081 1365 3306 1430 propter
3346 1357 3659 1414 crassitiem

2083 1450 2444 1516 nebularum;
2471 1464 2599 1504 cum
2651 1464 2780 1506 vero
2811 1447 2952 1505 inira
2981 1448 3323 1504 horizontem
3357 1447 3438 1504 sol
3470 1445 3656 1515 fuerit,

2083 1551 2303 1612 propter
2335 1541 2642 1598 naturalem
2680 1541 3064 1598 necessitatem
3091 1555 3198 1596 nox
3229 1547 3316 1598 est
3342 1540 3488 1612 apud
3519 1553 3656 1596 eos:

2085 1634 2160 1688 ita
2184 1639 2244 1687 ut
2275 1648 2492 1702 semper
2523 1647 2716 1690 eorum
2743 1632 3014 1689 habitatio
3038 1633 3248 1689 lumine
3289 1640 3498 1692 careat.
3543 1633 3659 1690 Hoc

2085 1726 2272 1797 igitur,
2306 1724 2504 1797 inquit,
2534 1735 2619 1782 est
2661 1724 2796 1781 illud
2825 1725 2970 1798 quod
3001 1740 3034 1780 a
3071 1733 3232 1797 poeta
3257 1726 3481 1782 dicitur:

2537 1858 2699 1911 neque
2726 1857 2962 1912 unquam
2999 1857 3088 1896 eos

2439 1911 2535 1968 Sol
2581 1913 2857 1968 splendens
2894 1913 3084 1968 aspicit
3117 1910 3259 1965 radii

2483 1913 2535 1968 οί
2581 1910 2857 1984 splendens
2894 1913 3084 1982 aspicit
3117 1910 3305 1965 radiis.

2154 2023 2237 2079 An
2269 2024 2438 2094 igitur
2464 2023 2581 2079 haec
2621 2025 2821 2095 cegitet
2867 2022 3159 2087 Homerus,
3219 2021 3326 2076 alia
3370 2027 3490 2076 esto
3535 2034 3660 2075 ora-

2082 2115 2197 2183 tio;
2249 2114 2396 2186 quod
2424 2121 2604 2170 autem
2641 2115 2753 2170 sint
2787 2115 2906 2169 loca
2936 2113 3209 2185 quaedam,
3245 2126 3371 2166 cum
3407 2121 3550 2164 terra
3585 2109 3660 2166 sit

2083 2207 2332 2278 globosa,
2387 2221 2511 2277 qua:
2553 2205 2846 2278 praedictas
2895 2202 3300 2277 magnitudines
3327 2201 3541 2257 dierum
3582 2201 3662 2255 in-

2084 2306 2169 2354 ter
2225 2313 2286 2354 se
2318 2299 2576 2364 habeant,
2622 2296 2972 2354 manifestum
3031 2303 3118 2352 est
3158 2311 3227 2351 ex
3281 2295 3401 2366 ipsa
3435 2293 3662 2364 sphaera:

2084 2391 2276 2462 ﬁgura.
2321 2389 2469 2447 Loca
2508 2399 2659 2446 certe
2705 2391 2820 2445 haec
2859 2389 3242 2446 iubabitabilia
3289 2403 3416 2444 esse
3440 2388 3661 2442 contin-

2081 2484 2161 2555 git
2217 2490 2442 2554 propter
2478 2481 2703 2555 frigoris
2733 2498 3044 2540 excessum.
3081 2481 3222 2538 Sunt
3269 2481 3415 2537 enim
3453 2481 3555 2535 sita
3605 2480 3660 2534 in

2083 2578 2263 2634 media
2302 2591 2442 2634 zona
2491 2576 2710 2648 frigida.

2151 2671 2358 2727 Contra
2397 2684 2530 2726 vero
2565 2669 2635 2724 iis
2669 2669 2764 2740 qui
2810 2683 3004 2723 versus
3056 2665 3342 2722 meridiem
3389 2663 3661 2730 habitant,

2083 2764 2325 2820 minores
2358 2779 2574 2835 semper
2599 2769 2654 2819 et
2681 2762 2860 2817 adhuc
2887 2762 3129 2816 minores
3159 2759 3293 2814 ﬁunt
3323 2759 3472 2824 dies;
3516 2756 3660 2828 apud

2081 2859 2220 2915 alios
2246 2859 2466 2930 quidem
2493 2857 2814 2930 longissima
2840 2855 2960 2912 dies
2987 2863 3074 2912 est
3105 2855 3365 2910 horarum
3417 2852 3661 2923 aequino-

2081 2951 2331 3007 ctialium
2365 2951 2454 3016 14,
2485 2950 2632 3023 apud
2662 2949 2800 3005 alios
2828 2949 2916 3005 15.

2154 3039 2401 3097 Tandem
2457 3047 2541 3096 est
2573 3039 2723 3110 regio
2761 3039 3009 3110 qumdam
3049 3035 3226 3107 magis
3262 3035 3423 3090 nobis
3465 3050 3662 3090 versus

396 3124 553 3197 ήμῶν
592 3125 844 3198 κειμένη,
886 3126 1153 3199 λεγομένη
1197 3126 1301 3180 ὑπὸ
1332 3127 1425 3180 τὸν
1463 3127 1809 3199 ἰσημερινόνο
1847 3130 1905 3181 ὲν

2085 3133 2369 3189 meridiem
2404 3133 2536 3198 sita,
2569 3148 2693 3203 qua:
2731 3131 2934 3187 dicitur
2975 3146 3098 3185 esse
3137 3129 3242 3184 sub
3270 3127 3657 3198 aequinoctiali,

394 3220 444 3271 οἰ
481 3217 580 3288 μὲν
615 3219 768 3273 πόλοι
811 3220 904 3274 ἐπὶ
932 3219 1024 3274 τοῦ
1070 3221 1342 3292 ὁρίζοντος
1381 3221 1704 3274 πίπτουσιν·
1748 3220 1882 3292 ὀρθὴ
1922 3221 1979 3274 δὲ

2085 3223 2141 3278 in
2178 3237 2286 3294 qua
2317 3222 2427 3293 poli
2459 3223 2648 3277 mundi
2687 3221 2746 3277 in
2789 3221 3077 3276 horizonte
3103 3227 3406 3290 ponuntur,
3445 3218 3661 3289 sphaera

397 3307 718 3364 καθίσταται
760 3312 794 3382 ή
826 3310 922 3364 τοῦ
954 3313 1164 3384 κόσμου
1215 3316 1442 3386 σφαῖρα.
1483 3311 1900 3384 Διχοτομοῦνται
1926 3313 1983 3367 δὲ

373 3399 602 3474 ’πάντες
633 3403 684 3456 οἰ
718 3401 1051 3474 παράλληλοι
1080 3403 1268 3458 κύκλοι
1298 3407 1344 3459 οἱ
1379 3406 1718 3477 γραφόμενοι
1751 3405 1855 3458 ὑπὸ
1885 3404 1981 3457 τοῦ

394 3493 547 3566 ήλίου
593 3494 733 3549 κατά
764 3495 809 3526 ⁸⁸
840 3495 940 3567 τὴν
982 3495 1077 3550 τοῦ
1108 3496 1318 3568 κόσμου
1363 3498 1657 3569 γινομένην
1688 3514 1983 3570 περιστρο-

396 3587 522 3657 φήν.
549 3589 627 3642 Δι’
653 3587 720 3661 ἢν
745 3587 925 3644 αἰτίαν
953 3589 1214 3662 ἰσημερία
1240 3590 1332 3644 διὰ
1355 3591 1556 3656 παντός
1583 3591 1700 3645 ἐστι
1727 3593 1857 3663 παρ’
1889 3591 1984 3645 αὐ-

392 3683 525 3746 τοῖς.
580 3681 657 3736 Οὐ
701 3681 812 3754 γὰρ
849 3683 978 3754 παρ’
1009 3683 1175 3754 ἄλλην
1222 3684 1344 3738 τινὰ
1411 3685 1589 3740 αἰτίαν
1633 3687 1666 3758 ἡ
1727 3685 1982 3757 ἀνισότης

392 3771 602 3840 γίνεται
648 3771 758 3827 τῶν
794 3774 1038 3846 ἡμερῶν,
1067 3774 1202 3830 ἀλλά
1232 3776 1384 3848 παρὰ
1416 3777 1478 3830 τὸ
1514 3775 1726 3849 έξαρμα
1756 3775 1852 3831 τοῦ
1883 3777 1982 3830 πό·-

392 3860 519 3915 λου·
559 3862 589 3916 ὃ
617 3862 682 3935 δὴ
718 3862 965 3918 καλεῖται
999 3863 1237 3936 ἔγκλιμα
1267 3865 1362 3920 τοῦ
1410 3865 1638 3936 κόσμου.
1688 3866 1983 3939 Συμϐαίνει

393 3953 502 4026 γὰρ
521 3953 612 4008 διὰ
635 3954 729 4009 τὸν
757 3955 1134 4028 μετεωρισμδν
1155 3956 1250 4010 τοῦ
1282 3957 1447 4012 πόλου
1481 3958 1590 4014 τῶν
1623 3957 1721 4029 μὲν
1747 3958 1856 4012 ἀπὸ
1886 3958 1980 4012 τοῦ

393 4047 713 4120 ἰσημερινοῦ
748 4048 909 4120 μέχρι
947 4049 1043 4104 τοῦ
1076 4049 1291 4121 θερινοῢ
1325 4051 1588 4122 τροπικοῦ
1624 4051 1983 4123 γραφομένων

391 4136 608 4191 κύκλων
657 4139 879 4208 μείζονα
924 4141 1027 4210 μὲν
1057 4141 1324 4211 τμήματα
1375 4141 1516 4214 ὑπὲρ
1557 4142 1662 4211 γῆν
1710 4142 1980 4211 γίνεσθαι,

392 4228 653 4284 ἐλάττονα
679 4229 738 4282 δὲ
770 4231 876 4284 ὑπὸ
904 4231 1038 4301 τῆν’
1064 4233 1174 4286 τῶν
1198 4232 1256 4286 δὲ
1279 4233 1388 4287 ἀπὸ
1411 4233 1505 4286 τοῦ
1535 4234 1849 4306 ἰσημερινοῦ
1884 4234 1982 4306 μέ-

391 4337 484 4392 χρι
530 4320 626 4374 τοῦ
674 4322 986 4395 χειμερινοῦ
1037 4322 1298 4396 τροπικοῦ
1343 4324 1709 4397 γραφομένων
1765 4324 1984 4379 κύκλων

392 4412 651 4468 ἐλάττονα
697 4414 795 4485 μὲν
835 4416 1101 4486 τμήματα
1133 4413 1276 4488 ὑπὲρ
1302 4416 1408 4486 γῆν
1450 4415 1720 4485 γίνεσθαι,
1759 4417 1984 4489 μείζονα

2084 3323 2267 3372 autem
2299 3314 2489 3370 mundi
2523 3321 2670 3370 recta
2717 3313 3077 3370 constituitur
3117 3333 3129 3368 :
3164 3314 3448 3384 a'qualitcr
3480 3321 3661 3366 autem

2083 3414 2344 3465 secantur
2386 3420 2580 3461 omnes
2616 3405 2864 3476 paralleli
2900 3405 3116 3470 circuli,
3153 3404 3246 3476 qui
3277 3403 3663 3459 describuntur

2082 3513 2113 3553 a
2138 3500 2252 3555 sole
2280 3498 2583 3555 secundum
2605 3497 2982 3571 quotidianam
3012 3499 3201 3553 mundi
3225 3497 3660 3553 conversionem.

2082 3588 2259 3656 Quam
2297 3589 2370 3646 ob
2413 3605 2638 3646 causam
2689 3589 2832 3662 apud
2873 3605 2970 3646 eos
3011 3605 3230 3661 semper
3287 3596 3372 3644 est
3419 3588 3664 3659 aequino-

2082 3683 2274 3738 ctium.
2335 3681 2457 3738 Non
2502 3682 2649 3738 enim
2682 3690 2908 3755 propter
2962 3682 3125 3736 aliam
3182 3681 3476 3754 quamdam
3531 3695 3666 3736 cau-

2084 3788 2202 3830 sam
2254 3774 2477 3831 exsistit
2538 3773 2752 3832 dierum
2819 3772 3197 3844 inaequalitas,
3260 3773 3368 3828 nisi
3439 3779 3665 3844 propter

2083 3866 2194 3937 poli
2254 3865 2680 3933 exaltationem,
2728 3882 2851 3938 qua:
2901 3865 3092 3921 mundi
3139 3873 3370 3921 vocatur
3433 3865 3665 3919 inclina-

2083 3959 2187 4013 tio.
2263 3957 2458 4014 Evenit
2528 3957 2674 4015 enim
2753 3965 2980 4028 propter
3048 3954 3160 4029 poli
3237 3956 3660 4017 exaltationem,

2081 4065 2272 4107 eorum
2313 4051 2649 4107 circulorum
2712 4051 2806 4121 qui
2857 4049 2924 4104 ab
2964 4049 3332 4121 aequinoctiali
3377 4062 3551 4120 usque
3593 4047 3663 4102 ad

2081 4142 2330 4197 aestivum
2353 4143 2623 4212 tropicum
2650 4140 3058 4206 describuntur,
3089 4141 3299 4211 majora
3325 4139 3542 4212 quidem
3571 4153 3664 4194 su-

2083 4249 2180 4305 pra
2219 4241 2428 4290 terram
2475 4249 2597 4290 esse
2644 4243 2951 4306 segmenta,
3012 4234 3225 4288 minora
3283 4242 3463 4288 autem
3517 4230 3662 4286 intra

2084 4334 2286 4382 terram
2319 4345 2332 4380 :
2369 4342 2560 4383 eorum
2590 4342 2744 4391 vero,
2771 4327 2867 4397 qui
2905 4326 2973 4381 ab
2992 4326 3359 4396 aequinoctiali
3385 4327 3451 4379 ad
3482 4325 3665 4381 hiber-

2083 4435 2214 4474 num
2247 4419 2519 4490 tropicum
2571 4418 2979 4485 describuntur,
3015 4420 3228 4472 minora
3273 4426 3549 4488 segmenta
3581 4416 3664 4472 in-

388 4506 448 4561 es
476 4506 581 4561 ὑπὸ
616 4508 741 4579 γῆν.
774 4507 945 4562 Ὅπου
986 4507 1043 4562 δὲ
1072 4511 1119 4562 οἰ
1151 4508 1303 4562 πόλοι
1337 4509 1430 4562 ἐπὶ
1459 4496 1565 4563 ’τοῦ
1595 4509 1868 4582 ὁρίζοντος
1892 4511 1979 4564 πί-

2086 4509 2167 4564 fra
2201 4519 2405 4566 terram
2455 4510 2592 4576 ﬁeri,
2641 4510 2852 4582 majora
2886 4525 3018 4566 vero
3069 4525 3232 4580 supra
3275 4516 3502 4566 terram.
3559 4507 3663 4564 Ubi

397 4616 635 4666 πτουσιν,
663 4599 1058 4674 ἀναιρουμένου
1083 4599 1178 4654 τοῦ
1203 4600 1374 4654 αἰτίου
1399 4602 1500 4674 τῆς
1524 4602 1845 4674 ἀνισότητος
1872 4603 1980 4656 τῶν

395 4691 423 4763 ἢ
433 4691 616 4764 μερῶν
635 4691 814 4763 (τοῦτο
839 4693 898 4746 δὲ
926 4689 994 4765 ἦν
1023 4692 1086 4747 τὸ
1117 4692 1397 4764 ἔγκλιμα),
1431 4692 1668 4763 εὐλόγως
1694 4692 1980 4766 συμϐαίνει

396 4784 687 4858 ἰσημερίαν
711 4781 851 4839 εἶναι
875 4785 965 4840 διὰ
995 4787 1195 4850 παντὸς
1230 4788 1359 4858 παρ’
1391 4786 1600 4851 αὐτοῖς.
1634 4787 1851 4851 Πάντας
1883 4787 1980 4858 μὲν

394 4877 501 4949 γάρ
533 4877 659 4941 τοὺς
701 4875 934 4942 κύκλους
970 4878 999 4931 6
1025 4877 1174 4948 ἥλιος
1203 4879 1493 4949 ἰσοχρόνως
1531 4879 1978 4950 περιστρέφεται,

393 4973 643 5036 καὶτοὺς
684 4972 955 5044 μείζονας,
990 4973 1086 5025 καί⁸
1126 4972 1251 5037 τοὺς
1281 4973 1598 5037 ἐλάσσονας,
1621 4971 1710 5026 διὰ
1746 4972 1808 5025 τό
1850 4971 1980 5043 περί

391 5079 514 5116 τινα
547 5063 776 5134 μένοντα
808 5065 1028 5135 σημεῖα,
1046 5065 1174 5128 τοὺς
1187 5063 1402 5129 πόλους,
1421 5065 1668 5134 γίνεσθαι
1697 5063 1794 5136 τὴν
1827 5082 1980 5138 περι-

395 5155 633 5227 στροφὴν
653 5154 747 5208 τοῦ
765 5155 989 5226 κόσμου.
1013 5156 1174 5208 ’Ὥστε
1195 5155 1268 5228 μὴ
1280 5156 1430 5228 παρά
1450 5156 1519 5211 τά
1539 5156 1741 5228 μεγέθη
1757 5156 1866 5211 τῶν
1881 5157 1978 5211 κύ-

391 5247 557 5310 κλων,
579 5245 716 5300 ἀλλά
733 5246 883 5319 παρά
896 5247 995 5319 τὴν
1011 5247 1300 5319 ἀνισότητα
1320 5249 1428 5302 τῶν
1451 5266 1563 5320 τμη
1571 5249 1776 5320 μάτων,
1794 5243 1868 5304 ὧν
1885 5251 1979 5320 φέ-

397 5354 550 5409 ρεται
565 5340 593 5392 6
603 5337 752 5410 ἥλιος
768 5339 872 5392 ὑπὸ
883 5339 1009 5409 γῆν,
1027 5341 1121 5393 καὶ
1143 5340 1284 5412 ὑπὲρ
1298 5340 1425 5413 γῆν,
1439 5341 1537 5412 τὴν
1554 5341 1843 5412 ἀνισότητα
1873 5342 1982 5395 τῶν

394 5427 615 5501 ἡμερῶν
625 5429 888 5500 γίνεσθαι.
904 5431 966 5483 Αἰ
983 5430 1229 5502 μέντοιγε
1247 5431 1616 5504 παραυξήσεις
1627 5433 1737 5486 τῶν
1755 5433 1978 5505 ἡμερῶν

395 5519 488 5572 καὶ
518 5518 626 5572 τῶν
657 5519 868 5574 νυκτῶν
900 5520 1002 5573 οὑκ
1033 5522 1172 5574 εἰσὶν
1202 5523 1262 5574 ὲν
1295 5522 1429 5574 πᾶσι
1461 5524 1575 5586 τοῖς
1604 5521 1817 5587 ζωδίοις
1841 5523 1975 5589 ἴσαι,

393 5608 530 5664 ἀλλά
563 5609 691 5682 περὶ
737 5609 838 5681 μὲν
874 5611 943 5666 τά
979 5611 1212 5684 τροπικά
1256 5615 1455 5684 σημεῖα
1478 5615 1671 5686 μικραὶ
1698 5615 1976 5683 παντελῶς

472 5769 517 5800 ’⁸
558 5787 644 5840 π).
681 5769 896 5834 νυκτός.
1008 5772 1050 5804 ’⁷
1086 5785 1174 5835 79.
1209 5775 1305 5836 ις’.
1387 5770 1429 5802 ’⁸
1461 5787 1550 5840 γρ,
1585 5772 1751 5846 mea,

2079 4618 2210 4658 vero
2237 4605 2347 4675 poli
2381 4603 2572 4660 mundi
2599 4604 2654 4658 in
2688 4603 2972 4660 horizonte
2996 4604 3204 4674 jacent,
3235 4617 3400 4658 causa
3423 4602 3664 4672 inaequa-

2079 4693 2251 4750 litatis
2296 4694 2511 4749 dierum
2558 4693 2796 4760 sublata,
2840 4710 2963 4766 quae
3003 4701 3087 4749 est
3122 4693 3404 4748 inclinatio
3447 4692 3660 4756 mundi.

2077 4785 2259 4840 evenit
2293 4792 2352 4840 ut
2410 4785 2798 4856 aequinoctium
2844 4784 2986 4856 apud
3029 4800 3124 4840 eos
3153 4785 3224 4840 sit
3255 4798 3496 4854 semper.
3532 4780 3665 4838 0m-

2078 4892 2176 4932 ncs
2209 4877 2357 4931 enim
2392 4877 2630 4932 circulos
2659 4875 2949 4947 parallelos
2984 4877 3067 4932 sol
3109 4873 3414 4946 aequalibus
3450 4880 3664 4943 tempo-

2079 4967 2233 5024 ribus
2277 4975 2554 5040 peragrat,
2591 4983 2716 5024 cum
2763 4969 3019 5038 majores,
3055 4975 3168 5023 tum
3223 4966 3485 5028 minores,
3537 4979 3662 5035 pro-

2085 5069 2270 5129 pterea
2302 5061 2450 5130 quod
2480 5061 2630 5140 circa
2667 5061 2770 5116 lixa
2799 5070 3003 5132 puncta
3040 5076 3235 5132 nempe
3262 5060 3418 5130 polos
3445 5058 3657 5122 mundi,

2086 5153 2180 5207 ﬁat
2209 5153 2498 5209 conversio
2532 5155 2744 5209 mundi.
2778 5152 2966 5225 Itaque
2998 5169 3107 5208 non
3141 5163 3364 5226 pr0pter
3387 5151 3661 5222 magnitu-

2081 5247 2238 5302 dines
2281 5246 2639 5314 circulorum,
2695 5246 2791 5303 sed
2833 5255 3058 5319 propter
3090 5246 3513 5317 inaequalitatem
3571 5258 3660 5299 se-

2080 5347 2446 5412 gmentorum,
2505 5342 2563 5395 in
2623 5340 2824 5412 quibus
2883 5342 2968 5396 sol
3032 5340 3199 5396 fertur
3248 5338 3391 5394 infra
3433 5345 3656 5401 terram,

2076 5437 2132 5486 et
2196 5445 2364 5501 supra
2440 5441 2679 5497 terram,
2741 5433 2798 5488 lit
2859 5433 3199 5503 inaequalitas
3253 5431 3486 5486 dierum.
3564 5427 3657 5483 ln-

2076 5533 2355 5581 crementa
2438 5541 2570 5582 vero
2637 5526 2848 5583 dierum
2915 5533 2969 5582 et
3038 5527 3279 5580 noctium
3347 5539 3457 5578 nou
3530 5527 3660 5577 sunt

2076 5617 2134 5674 in
2199 5617 2458 5675 omnibus
2523 5618 2696 5690 signis
2754 5619 3022 5692 aequalia,
3092 5617 3186 5675 sed
3251 5617 3396 5672 circa
3451 5613 3659 5684 trepica
