4116 6400
416 223 502 278 191
530 234 535 239 ‘
1402 235 1495 290 AD
1534 233 1807 292 EUSEBII
1839 231 2237 292 CHRONICON
2275 234 2648 293 APPENDIX.

3565 228 3673 287 τοι

414 341 610 405 puncta
663 339 891 396 omnino
938 349 1067 398 sunt
1116 359 1285 416 par-va
1369 355 1533 418 atque
1605 347 1989 405 insensibilia:

2094 349 2187 403 καὶ
2216 350 2612 423 ἀνεπαίσθητοι
2637 359 2881 419 γίνονται
2901 364 2916 379 ο
2944 345 3086 401 ὥστε
3128 343 3322 417 σχεδὸν
3341 344 3429 417 ἐφ’
3454 342 3672 416 ἡμέρας

414 427 512 499 15
544 428 622 483 ita
651 438 712 485 ut
740 431 855 487 fere
899 449 1073 506 usque
1104 438 1172 492 ad
1225 437 1346 495 dies
1392 440 1751 513 quadraginta
1793 440 1985 496 eadem

413 521 730 592 magnitudo
780 524 991 582 dierum
1044 538 1101 584 et
1155 531 1401 586 noctium
1466 541 1803 603 permaneat.
1845 531 1985 587 Nam

413 622 461 667 at
512 617 803 682 accedens,
854 628 909 675 et
958 637 1153 680 rursus
1206 623 1496 682 discedens
1522 628 1607 683 sol
1666 642 1699 682 a
1758 626 1987 697 tropicis

413 708 647 773 punctis,
686 708 859 765 efficit
904 710 1253 772 insensibiles
1288 716 1599 772 secundum.
1638 717 1988 773 latitudinem

413 809 691 866 accessus,
718 808 777 855 ut
809 805 1200 862 convenienter
1224 823 1401 879 usque
1427 808 1495 864 ad
1525 809 1842 880 praedictam
1866 810 1987 865 die-

413 904 528 943 rum
554 893 982 961 multitudinem,
1012 900 1193 969 quoad
1230 916 1476 968 sensum,
1509 903 1644 959 solis
1676 918 1830 956 mora
1874 902 1985 956 ﬁat.

412 980 581 1047 Quam
614 985 686 1040 ob
718 1002 940 1044 causam
971 997 1025 1045 et
1058 993 1281 1047 maximi
1307 1002 1500 1059 aestus,
1533 1002 1592 1050 et
1626 996 1863 1049 maxima
1890 994 1990 1049 fri-

412 1088 540 1139 gora
587 1087 709 1145 post
748 1081 1142 1139 conversiones
1183 1083 1341 1141 fiunt.
1402 1084 1540 1141 Cum
1592 1086 1739 1142 enim
1786 1087 1874 1142 bis
1920 1087 1989 1141 ad

412 1167 658 1223 eumdem
706 1170 886 1227 locum
943 1176 1172 1231 accedat
1213 1178 1497 1245 continue,
1544 1189 1600 1237 et
1635 1180 1989 1236 insensibiles

382 1258 574 1315 .faciat
615 1278 895 1332 accessus,
934 1275 988 1324 et
1015 1284 1294 1341 recessus,
1329 1276 1721 1331 convenienter
1767 1286 1989 1346 propter

412 1369 615 1409 moram
633 1358 815 1414 inuno
844 1361 967 1416 loco
983 1378 1130 1419 nunc
1157 1373 1413 1431 aestuum,
1439 1384 1586 1424 nunc
1610 1367 1833 1441 frigoris
1865 1369 1992 1424 effi-

413 1447 486 1499 cit
515 1446 878 1509 intensionem
898 1453 1034 1510 :hoc
1057 1464 1239 1517 autem
1261 1458 1425 1513 etiam
1442 1475 1508 1514 ex
1527 1461 1894 1531 gnomonibus
1907 1469 1991 1516 est

413 1539 782 1599 manifestum.
831 1543 967 1599 Nam
1007 1547 1327 1604 extremitas
1371 1550 1581 1605 umbra:
1618 1551 1676 1605 in
1719 1564 1991 1622 gnomone

412 1628 523 1684 fere
550 1631 620 1686 ad
646 1632 765 1688 dies
786 1635 1149 1707 quadraginta
1172 1647 1457 1709 permanet
1480 1641 1534 1696 in
1559 1641 1789 1713 tropicis
1804 1642 1985 1697 lineis.

2090 446 2142 510 μ’
2187 439 2297 511 (25)
2323 440 2385 494 τὺ
2411 440 2546 495 αὐτὸ
2584 437 2815 511 μέγεθος
2857 436 2965 491 τῶν
3007 435 3230 509 ἡμερῶν
3275 433 3371 490 καὶ
3417 434 3532 487 τῶν
3576 452 3673 489 νυ-

2090 530 2231 586 κτῶν
2262 531 2557 604 διαμένειν.
2587 530 3105 604 Προσπορευόμενός
3128 545 3186 582 τε
3216 527 3355 599 γὰρ,
3393 528 3488 582 καί
3509 526 3672 581 πάλιν

2087 624 2389 695 ἀποχωρῶν
2402 624 2511 679 ἀπὸ
2521 622 2796 697 τροπικῶν
2805 639 2872 693 ση
2881 620 3064 693 μείων,
3084 620 3313 692 ἀδήλους
3327 621 3559 673 ποιεῖται
3570 618 3675 683 τὰς

2091 716 2235 771 κατά
2273 716 2474 780 πλάτος
2497 716 2765 790 παρόδους
2784 732 2798 747 ο
2824 714 2966 769 ὥστε
2995 713 3234 782 εὐλόγως
3264 714 3358 766 ἐπὶ
3391 711 3457 765 τὸ
3479 727 3676 781 προει-

2090 809 2326 881 ρημένον
2351 809 2556 882 πλῆθος
2583 809 2690 863 τῶν
2731 807 2952 881 ἡμερῶν
2997 804 3263 877 ἐπιμονὴν
3303 803 3381 868 ὡς
3410 802 3547 874 πρὸς
3579 799 3675 855 αἴ-

2091 901 2282 973 σθησιν
2342 904 2470 975 περὶ¹
2522 902 2616 956 τὸν
2666 901 2829 955 τόπον
2876 897 3121 969 γίνεσθαι
3170 895 3249 968 τῷ
3304 894 3460 966 ἡλίῳ.
3492 894 3570 945 Δι’
3602 890 3676 963 ἢν

2089 995 2268 1049 αἰτίαν
2297 995 2393 1049 καὶ
2414 994 2484 1049 τὰ
2509 995 2741 1066 μέγιστα
2761 991 3019 1063 καύματα
3046 987 3232 1043 καὶτὰ
3262 986 3495 1058 μέγιστα
3522 983 3675 1055 ψύχη

2089 1089 2230 1143 κατά
2262 1089 2361 1152 τὰς
2408 1087 2617 1161 τροπὰς
2662 1086 2872 1156 γίνεται
2909 1081 3042 1155 (26).
3081 1083 3173 1145 Δὶς
3228 1080 3338 1151 γὰρ
3380 1079 3543 1142 αὐτὸς
3580 1078 3677 1130 τὸν

2089 1177 2249 1231 αὐτὸν
2288 1177 2429 1232 κατά
2463 1177 2526 1230 τὸ
2576 1174 2797 1244 συνεχὲς
2841 1171 3300 1243 ἐπιπορευόμενος
3344 1167 3528 1232 τόπον,
3578 1166 3678 1219 καὶ

2090 1268 2190 1333 τὰς
2221 1268 2539 1341 προσόδους,
2570 1268 2665 1322 καὶ
2691 1267 2791 1330 τὰς
2826 1263 3204 1335 ἀποχωρήσεις
3238 1259 3449 1331 ἀδήλως
3484 1257 3677 1311 ποιού-

2093 1379 2271 1434 μενος,
2303 1362 2542 1430 εὐλόγως
2573 1363 2639 1415 ἐκ
2666 1359 2768 1430 τῆς
2813 1358 2949 1431 πρὸς
2981 1356 3076 1409 ἕνα
3100 1353 3263 1407 τόπον
3289 1351 3557 1424 ἐπιμονῆς
3581 1350 3677 1403 ὁτὲ

2094 1455 2191 1525 μὲν
2239 1452 2350 1506 τῶν
2399 1452 2721 1524 καυμάτων,
2769 1450 2860 1504 ότέ
2917 1449 2974 1503 δὲ
3021 1446 3116 1501 τοῦ
3167 1445 3373 1516 ψύχους
3424 1443 3675 1496 ἐπίτασιν

2091 1550 2346 1602 ποιεῖται.
2373 1544 2645 1618 Πρόδηλον
2673 1543 2729 1597 δὲ
2764 1541 2922 1597 τοῦτο
2955 1540 3052 1594 καί⁵
3088 1540 3153 1592 ἐκ
3191 1537 3299 1611 τῶν
3340 1535 3674 1607 ὡρολογίων.

2092 1638 2166 1691 Τὸ
2196 1636 2307 1709 γὰρ
2353 1636 2522 1708 ἀκρον
2571 1634 2674 1706 τῆς
2709 1633 2805 1687 τοῦ
2839 1630 3119 1702 γνώμονας
3162 1630 3321 1691 σκιᾶς
3363 1626 3547 1698 σχεδὸν
3586 1627 3674 1694 ἐφ’

412 1719 518 1777 Sed
547 1723 694 1779 circa
718 1733 1011 1798 utrumque
1022 1729 1412 1799 aequinoctium
1429 1748 1626 1804 magna
1649 1733 1987 1790 incrementa

2093 1704 2302 1801 ἡμέρας
2322 1730 2391 1800 ”μ’
2423 1704 2672 1799 ἐπιμένει
2704 1729 2823 1790 ταῖς
2855 1724 3144 1797 τροπικαῖς
3190 1722 3495 1792 γραμμαῖς.
3537 1718 3678 1790 Περὶ

411 1812 619 1868 dierum
655 1815 817 1884 fiunt,
849 1825 911 1872 ut
942 1834 1182 1890 sequens
1213 1822 1339 1879 dies
1362 1838 1393 1877 a
1427 1824 1771 1893 praecedente
1805 1824 1985 1880 sensi—

411 1904 593 1961 liiliter
625 1908 816 1964 variet.
849 1908 1025 1977 Quam
1046 1911 1117 1966 ob
1136 1927 1364 1969 causam
1394 1916 1451 1969 in
1477 1915 1778 1987 horologiis
1809 1924 1989 1972 extre—

411 1994 574 2052 mitas
592 1999 863 2056 umbraein
883 2016 1153 2071 gnomone
1164 2005 1610 2077 abaequinoctiali
1623 2008 1833 2063 circulo
1849 2023 1990 2078 quo-

410 2084 543 2142 tidie
557 2091 1345 2152 sensibiles'ellicitdistantias.
1367 2095 1658 2152 Est‘autem
1684 2098 1990 2167 causalinae-

411 2179 688 2249 qualitatis
725 2191 781 2240 et
805 2185 1132 2244 incrementi
1168 2188 1387 2245 dierum
1433 2190 1731 2261 obliquitas
1775 2192 1988 2247 zodiaci

410 2267 627 2325 circuli.
644 2271 875 2345 Attingit
892 2276 1038 2331 enim
1058 2278 1301 2349 tropicos
1329 2278 1589 2345 circulos,
1610 2279 1747 2334 etad
1763 2282 1987 2335 multam

410 2359 811 2431 longitudinem
864 2376 1157 2426 contactus
1188 2385 1313 2429 sese
1344 2372 1591 2427 extendit
1624 2392 1636 2427 :
1665 2381 1725 2427 ut
1754 2374 1810 2427 in
1856 2374 1991 2427 mul-

409 2452 483 2506 tis
514 2451 652 2511 locis
683 2469 849 2525 parva
874 2457 949 2512 sit
978 2458 1243 2515 distantia
1290 2475 1322 2515 a
1364 2460 1574 2516 circulo
1608 2462 1841 2533 tropico.
1909 2462 1991 2517 Ex

409 2544 514 2601 hoc
541 2548 707 2603 etiam
746 2552 998 2623 sequitur
1027 2554 1108 2626 [ut
1142 2555 1373 2610 mutatio
1417 2566 1832 2627 segmentorum
1891 2574 1987 2613 su-

408 2654 508 2709 pra
537 2648 763 2717 terram,
796 2644 851 2699 in
894 2645 1098 2716 quibus
1129 2647 1212 2702 sol
1243 2646 1441 2714 fertur,
1489 2662 1655 2719 parva
1703 2658 1871 2721 atque
1905 2651 1993 2705 in-

408 2733 842 2804 sensibilis'llat,
873 2738 929 2793 in
958 2739 1171 2794 circulo
1198 2748 1381 2796 autem
1408 2741 1785 2812 aquinoctiali
1814 2744 1873 2797 lit
1903 2758 1991 2799 se-

407 2827 523 2879 ctio
573 2827 787 2883 zodiaci
832 2829 1027 2886 circuli
1081 2839 1137 2888 et
1180 2833 1585 2904 aquinoctialis
1620 2854 1632 2888 :
1670 2849 1701 2888 a
1747 2836 1992 2890 sectione

408 2919 698 2976 inclinatio
718 2937 917 2980 versus
950 2928 1244 2996 utramque
1295 2933 1508 2997 partem
1545 2942 1801 2998 magnam
1843 2927 1990 2982 acci-

2087 1821 2143 1874 δὲ
2173 1819 2270 1884 τὰς
2316 1819 2606 1893 ἰσημερίας
2644 1817 2911 1888 ἑκατέρας
2944 1813 3179 1887 μεγάλαι
3214 1813 3273 1866 αί
3301 1808 3679 1885 πραυξὴσεις

2088 1909 2195 1964 τῶν
2224 1910 2443 1982 ἡμερῶν
2486 1909 2726 1979 γίνονται
2748 1924 2761 1938 ο
2807 1906 2949 1959 ὥστε
3007 1905 3107 1976 τὴν
3158 1902 3420 1974 ἐχομένην
3463 1901 3679 1973 ἡμέραν

2088 2001 2189 2072 τῆς
2234 2002 2653 2075 προηγουμένης
2701 1998 2976 2071 αἰσθητῶς
3024 1995 3449 2070 παραλλάσσειν.
3484 1994 3562 2047 Δι’
3608 1993 3679 2064 ἡν

2089 2095 2268 2149 αἰτίαν
2296 2099 2354 2150 ἐν
2390 2097 2503 2159 τοῖς
2532 2092 2842 2166 ὼρολογίοις
2868 2091 2930 2145 τὸ
2958 2091 3126 2162 ἄκρον
3152 2089 3255 2160 τῆς
3281 2087 3375 2143 τοῦ
3398 2088 3678 2160 γνώμονας

2092 2194 2250 2256 σκιᾶς
2274 2190 2383 2245 ἀπὺ
2401 2188 2493 2243 τοῦ
2525 2185 2840 2259 ἰσημερινοῦ
2868 2184 3071 2239 κύκλου
3102 2182 3363 2255 αἰσθητὰς
3393 2181 3515 2235 καθ’
3537 2179 3676 2253 ἡμέ-

2094 2304 2191 2359 ραν
2224 2284 2321 2348 ea;
2358 2282 2687 2345 ἀποστάσεις
2712 2282 2961 2334 ποιεῖται.
2999 2277 3160 2331 Αἰτία
3195 2276 3253 2329 δέ
3295 2277 3411 2330 ἐστι
3451 2275 3551 2345 τῆς
3579 2274 3680 2328 ἀν·-

2094 2376 2335 2447 ισότητος
2362 2374 2457 2428 κίι
2478 2372 2577 2443 τῆς
2595 2370 2760 2442 τῶνηὴ
2769 2367 2948 2440 μερῶν
2977 2363 3373 2439 παραυξήσεως
3400 2365 3434 2435 ἡ
3455 2362 3681 2434 λοξότης

2048 2496 2049 2501 η
2091 2468 2185 2523 τοῦ
2225 2462 2489 2532 ζωδιακοῦ
2527 2462 2749 2516 κύκλου.
2783 2458 2910 2513 Τῶν
2957 2457 3056 2530 μὲν
3103 2456 3214 2528 γὰρ
3263 2453 3540 2527 τροπικῶν
3580 2451 3680 2505 κύ-

2091 2560 2234 2615 κλων
2262 2558 2584 2629 ἐφάπτεται,
2615 2552 2712 2609 καὶ
2753 2551 2849 2604 ἐπί⁸
2895 2549 3029 2603 πολὺ
3078 2548 3254 2621 μῆκος
3279 2546 3390 2618 (27)
3427 2547 3461 2618 ἡ
3494 2543 3679 2617 ἐπαφὴ

2089 2648 2378 2705 διατείνει·
2413 2645 2554 2699 ὥστε
2590 2645 2646 2698 ἐν
2683 2640 2864 2713 πολλῷ
2896 2640 3046 2710 τόπῳ
3091 2638 3292 2711 μικρὰν
3327 2638 3437 2691 ἀπὸ
3461 2634 3556 2689 τοῦ
3586 2633 3678 2687 θε-

2096 2739 2243 2813 ρινοῦ
2271 2734 2536 2810 τροπικοῦ
2578 2733 2677 2805 τὴν
2719 2731 3022 2788 ἀπόστασιν
3062 2726 3330 2798 γίνεσθαι.
3374 2723 3680 2779 Ἀκολουθεὶ

2091 2810 2148 2887 δὲ
2178 2830 2356 2900 τούτῳ
2390 2828 2485 2883 καὶ
2533 2826 2633 2898 τὴν
2667 2821 3023 2897 παραλλαγὴν
3068 2819 3178 2873 τῶν
3228 2818 3556 2890 τμημάτων,
3605 2810 3681 2869 ὧν

2094 2927 2235 2998 ὑπὲρ
2270 2924 2371 2996 γῆν
2402 2923 2629 2994 φέρεται
2658 2921 2686 2973 ὁ
2718 2918 2871 2989 ἦλιος
2894 2959 2912 2984 ,
2937 2914 3139 2987 μικρὰν
3166 2912 3261 2968 καὶ
3285 2911 3682 2981 ἀνεπαίσθητον

407 3012 489 3081 pit
511 3012 581 3067 ab
606 3014 979 3084 aequinoctiali
1008 3016 1352 3073 distantiam.
1389 3016 1472 3072 Ex.
1504 3019 1608 3073 hoc
1638 3018 1888 3089 sequitur
1930 3024 1992 3073 ut

2094 3018 2361 3090 γίνεσθαι.
2393 3016 2514 3070 Ἐπί
2536 3016 2593 3070 δὲ
2617 3013 2711 3069 τοῦ
2737 3007 3274 3083 ίσημερινοῦ-κύκλου
3302 3006 3444 3080 τομὴ
3470 3007 3684 3077 γίνεται

407 3101 575 3155 etiam
605 3116 805 3174 magna
829 3103 1044 3160 dierum
1078 3104 1174 3160 fiat
1209 3106 1461 3173 mutatio,
1490 3114 1715 3178 propter
1743 3124 1995 3180 segmen-

409 3201 593 3248 torum
621 3209 934 3261 excessum,
989 3196 1048 3252 in
1074 3199 1275 3269 quibus
1305 3198 1390 3256 sol
1441 3197 1617 3254 fertur
1649 3215 1816 3271 supra
1854 3201 1997 3256 hori-

411 3293 653 3342 zontem.
685 3286 916 3359 Propter
948 3288 1093 3345 hanc
1133 3298 1316 3345 autem
1363 3304 1587 3347 causam
1631 3292 1777 3346 circa
1825 3292 1997 3362 tropi-

411 3391 515 3433 cos
567 3378 806 3435 circulos
846 3395 1015 3451 parva
1055 3389 1221 3453 atque
1264 3383 1609 3439 insensibilia
1655 3385 1994 3440 incrementa

411 3468 633 3523 dierum
675 3476 731 3525 et
774 3471 1019 3527 noctium
1065 3472 1450 3543 perficiuntur,
1484 3480 1539 3528 et
1599 3471 1714 3530 fere
1745 3474 1995 3531 eamdem

412 3561 776 3619 mutationem
795 3562 1016 3626 ,babeut
1048 3563 1390 3620 incrementa
1416 3581 1430 3618 :
1460 3572 1522 3620 ut
1552 3564 1814 3622 diurnum
1845 3566 1995 3620 circa

411 3653 804 3722 aequinoctium
850 3655 1249 3711 incrementum
1312 3654 1427 3711 fere
1483 3656 1750 3727 nonagies
1781 3656 1853 3710 sit
1879 3672 1997 3712 ma-

408 3744 503 3814 jus
531 3744 732 3801 diurno
793 3745 943 3819 circa
995 3745 1389 3803 conversiones
1455 3748 1817 3803 incremento.
1884 3748 1993 3805 Ea—

412 3833 540 3890 dem
572 3841 655 3890 est
678 3836 818 3890 ratio
843 3843 897 3890 et
928 3836 983 3890 in
1006 3836 1223 3891 diurnis
1269 3844 1326 3891 et
1364 3838 1422 3891 in
1475 3837 1798 3893 menstruis.
1846 3836 1999 3896 Semn

413 3941 512 3996 per
534 3927 681 3980 enim
705 3934 971 3996 quantum
998 3925 1119 3982 dies
1142 3935 1397 3998 augetur,
1438 3933 1650 3981 tantum
1688 3927 1855 3984 etiam
1880 3943 1997 3987 nox

416 4018 707 4074 minuitur.
738 4017 903 4073 Fiunt
932 4017 1079 4073 enim
1110 4018 1230 4075 dies
1252 4019 1512 4074 noctibus
1543 4019 1780 4089 majores
1808 4020 1866 4074 in
1898 4035 1995 4076 sex

416 4111 614 4181 signis,
637 4109 844 4177 Ariete,
874 4109 1080 4175 Tauro,
1114 4110 1384 4176 Geminis,
1427 4109 1667 4176 Cancro,
1704 4110 1907 4178 Leone,
1940 4120 1996 4167 et

418 4200 666 4273 Virgine,
709 4202 804 4273 qui
844 4203 1227 4260 semicirculus
1272 4203 1484 4260 zodiaci
1531 4219 1562 4258 a
1615 4205 1794 4275 prima
1841 4212 1995 4275 parte

413 4287 619 4345 Arietis
649 4304 825 4359 usque
854 4289 923 4344 ad
972 4289 1311 4345 tricesimam
1360 4303 1571 4362 partem
1624 4290 1995 4364 VirginiSjest

2094 3110 2189 3166 τοῦ
2227 3107 2494 3175 ζωδιακοῦ
2528 3106 2731 3160 κύκλου
2765 3106 2902 3177 πρὸς
2948 3105 3041 3160 τὸν
3093 3101 3440 3174 ἰσημερινόν·
3481 3099 3591 3153 ἀπὸ
3622 3098 3683 3152 δὲ

2094 3201 2194 3272 τῆς
2213 3201 2386 3271 τομῆς
2418 3196 2661 3266 ἔγκλισις
2689 3196 2774 3267 ἐφ’
2805 3195 3050 3268 ἑκάτερα
3079 3192 3322 3266 μεγάλην
3345 3188 3614 3261 λαμϐάνει
3634 3188 3681 3220 ⁸⁵

2096 3292 2375 3346 διάστασιν
2412 3288 2521 3342 ἀπὸ
2574 3286 2667 3341 τοῦ
2723 3284 3061 3360 ἰσημερινοῦ’
3096 3281 3382 3339 ἀκολουθεῖ
3420 3280 3479 3334 δὲ
3507 3278 3683 3350 τούτῳ

2097 3382 2190 3436 καὶ
2214 3376 2569 3452 παραλλαγὴν
2612 3376 2721 3431 τῶν
2760 3376 2986 3449 ἡμερῶν
3030 3374 3273 3448 μεγάλην
3306 3371 3551 3443 γίνεσθαι
3593 3370 3686 3425 διὰ

2095 3470 2194 3541 τὴν
2229 3469 2337 3525 τῶν
2382 3470 2688 3542 τμημάτων
2724 3469 3020 3540 ὑπεροχὴν,
3069 3459 3145 3520 ὧν
3183 3466 3413 3539 φέρεται
3459 3464 3490 3518 ό
3533 3463 3685 3534 ἡλιος

2096 3561 2239 3634 ὑπὲρ
2263 3562 2387 3634 γῆν.
2429 3562 2528 3617 Διά
2556 3561 2612 3615 δὲ
2662 3561 2762 3633 τὴν
2807 3561 2987 3615 αἰτίαν
3028 3558 3233 3631 ταύτην
3267 3559 3397 3630 περὶ
3436 3555 3536 3628 μὲν
3560 3573 3685 3628 τροο

2096 3656 2290 3717 πικοὺς
2323 3652 2557 3717 κύκλους
2590 3653 2784 3725 μικραὶ
2817 3653 2911 3706 καὶ
2942 3650 3329 3723 ἀνεπαίσθητοι
3362 3651 3421 3703 αἰ
3469 3666 3684 3719 παραυ-

2097 3746 2283 3818 ξήσεις
2309 3745 2418 3799 τῶν
2450 3745 2675 3817 ἡμερῶν
2717 3744 2812 3798 καὶ
2858 3743 2967 3798 τῶν
3022 3741 3232 3797 νυκτῶν
3287 3741 3684 3805 ἐπιτελοῦνται,

2095 3839 2190 3895 καὶ
2225 3837 2409 3910 σχεδὸν
2432 3836 2533 3910 τὴν
2568 3837 2738 3908 αὐτὴν
2763 3835 3119 3907 παραλλαγὴν
3154 3834 3368 3907 ἔχουσιν
3389 3836 3445 3888 αἱ
3467 3850 3684 3905 παραυ-

2097 3930 2319 4004 ξήσεις·
2357 3930 2499 3985 ὥστε
2549 3930 2649 4001 τὴν
2707 3928 3015 4002 ἡμερησίαν
3064 3929 3194 4000 περὶ
3245 3927 3344 4000 τὴν
3394 3929 3684 4000 ἰσημερίαν

2096 4021 2438 4094 παραύξησιν
2512 4020 2697 4091 σχεδὸν
2773 4019 3326 4093 ἐνενηκονταπλάσιον
3386 4015 3529 4073 εἶναι
3583 4020 3684 4091 τῆς

2095 4112 2405 4186 ἡμερησίας
2456 4115 2585 4185 περὶ
2628 4112 2840 4184 τροπὰς
2883 4113 3298 4185 παραυξήσεως.
3339 4110 3401 4167 ’0
3433 4112 3490 4166 δὲ
3522 4111 3686 4175 αὐτὸς

2094 4207 2252 4276 λόγος
2306 4206 2400 4260 καὶ
2462 4205 2557 4261 ἐπὶ
2603 4204 2714 4259 τῶν
2760 4206 3081 4278 ἡμερησίων
3129 4205 3223 4259 καί
3274 4204 3369 4257 ἐπὶ
3416 4202 3525 4258 τῶν
3576 4221 3684 4275 μη-

2095 4296 2283 4351 νιαίων
2317 4297 2381 4351 ³⁸.
2417 4296 2530 4350 Ἀεὶ
2572 4295 2681 4367 γὰρ
2704 4296 2828 4349 ὅσον
2854 4298 2888 4368 ἡ
2913 4296 3094 4367 ἡμέρα
3125 4294 3443 4377 παραύξειιη
3465 4293 3687 4347 τοσοῦτο

415 4380 674 4437 borealis.
708 4380 927 4439 Rursus
950 4391 1141 4440 noctes
1163 4385 1358 4441 diebus
1389 4392 1518 4440 sunt
1549 4385 1784 4455 majores
1815 4388 1873 4441 in
1907 4403 1993 4443 re-

2099 4388 2194 4440 καὶ
2218 4389 2251 4458 ἡ
2283 4385 2381 4452 νὺξ
2409 4385 2674 4458 μειοῦται.
2709 4387 2953 4441 Γίνονται
2980 4386 3089 4464 γὰρ
3117 4385 3362 4457 μείζονες
3397 4387 3453 4439 αἰ
3480 4384 3685 4456 ἡμέραι

414 4473 580 4544 liquis
603 4474 799 4545 signis,
832 4474 1019 4543 Libra,
1053 4476 1304 4548 Scorpio,
1340 4476 1656 4548 Sagittario,
1701 4479 1993 4550 Capricor-

412 4582 510 4634 no,
546 4565 791 4640 Aquario
838 4577 894 4624 et
935 4565 1211 4638 Piscibus,
1249 4571 1343 4642 qui
1374 4585 1572 4626 rursus
1613 4570 1999 4629 semicirculus.

485 4724 533 4757 ”
570 4744 661 4798 γρ.
695 4726 1099 4798 λαμϐάνουσαν.
1153 4727 1202 4759 ³⁸
1233 4728 1275 4797 f.
1312 4727 1595 4798 νυχιαίων.

483 4885 597 4956 (25)
637 4884 818 4956 Ὥστε
869 4883 1102 4956 σχεδόν
1139 4882 1584 4956 ἐφῗήμέγκιςμα
1643 4881 1889 4955 Scaliger
1942 4884 2000 4941 in

413 4953 670 5011 Notis'ad
702 4953 989 5010 librum’nt
1027 4953 1252 5020 Manilii,
1283 4956 1446 5009 verba
1475 4954 1566 5008 illa
1590 4962 1763 5024 poeta:
1799 4953 1817 5011 Ξ

524 5042 745 5117 Statque
776 5063 879 5100 uno
900 5059 1095 5100 natura
1129 5046 1266 5113 loco,
1296 5028 1616 5116 paulumque
1638 5048 1895 5116 quiescit;

415 5140 484 5194 ad
529 5154 593 5195 ea
643 5139 832 5202 refert,
869 5154 992 5204 quae
1045 5138 1150 5193 huc
1200 5139 1322 5193 loco
1350 5136 1613 5193 Geminus
1657 5138 1726 5194 de
1764 5138 2001 5195 solstitio

2097 4480 2206 4534 τῶν
2238 4480 2446 4536 νυκτῶν
2477 4483 2535 4535 ἐν
2584 4478 2644 4545 ἓξ
2669 4479 2900 4546 ζωδίοις,
2927 4459 3101 4553 Χριῷ,
3145 4480 3365 4552 Ταύρῳ,
3408 4477 3684 4549 Διδύμοις,

2099 4574 2386 4646 Καρκίνῳ,
2425 4573 2638 4641 Λέοντι,
2674 4572 2971 4647 Παρθένῳ⁸
3014 4573 3151 4647 ὅπερ
3209 4569 3535 4644 ἡμικύκλιον
3587 4567 3683 4623 τοῦ

2103 4885 2255 5010 lvelut
2302 4885 2556 4957 generale
2590 4884 2865 4956 quoddam
2903 4897 3115 4943 naturae
3165 4887 3440 4958 iustitium
3488 4886 3686 4942 indici-

2126 4972 2229 5010 ur:

2126 4972 2193 5011 lll‘
2214 4974 2229 5011 ε

2115 5051 2259 5118 [unc
2282 5048 2413 5117 riget
2437 5048 2606 5103 omnis
2638 5065 2782 5118 ager,
2798 5048 3039 5104 clausum
3068 5066 3233 5112 mare,
3252 5048 3465 5105 condita
3480 5058 3683 5104 castra.

2112 5116 2227 5172 Nec
2265 5116 2493 5172 tolerant
2526 5116 2724 5173 medius
2759 5120 2949 5175 hiemes
2978 5120 3249 5175 horrentia
3277 5136 3435 5175 saxa.

414 5211 683 5281 proximis
736 5188 1020 5265 mensibus
1073 5210 1599 5281 narrat,nimirtnn
1645 5225 1712 5263 τι,
1782 5209 1993 5281 circite!

2110 5188 2334 5259 Statque
2368 5206 2471 5243 uno
2500 5199 2693 5244 natura
2719 5191 2851 5252 ioco,
2884 5192 3201 5263 paulumque
3221 5192 3458 5262 quiescit.

415 5280 536 5337 dies
574 5296 713 5352 pene
763 5280 1129 5352 itnmotumin
1173 5280 1384 5352 tropico
1433 5280 1640 5352 circulo
1694 5280 2001 5335 consistere

415 5349 591 5408 solcni
622 5352 697 5415 ὼς
724 5350 861 5422 πρὸς
885 5350 1154 5419 αἴσθησιν.
1185 5349 1291 5404 Sed
1316 5350 1634 5422 alienumid
1659 5359 1743 5405 est
1763 5366 1792 5402 a
1819 5358 2001 5422 mente

416 5422 642 5486 Manilii,
670 5420 780 5492 qui
801 5422 868 5476 de
897 5422 1127 5475 hiberno
1159 5430 1401 5489 tempore
1431 5420 1694 5492 loquitur,
1728 5436 1824 5489 per
1851 5420 2001 5490 quod

416 5493 588 5550 maria
620 5491 987 5556 clauduntur;
1026 5504 1125 5545 nec
1168 5506 1275 5545 non
1308 5498 1451 5544 terra
1485 5491 1600 5558 ipsa
1639 5492 1822 5545 minus
1855 5494 2000 5545 ultro

416 5562 664 5631 citroque
702 5562 1138 5617 commeantibus
1170 5571 1337 5630 patet.
1364 5560 1526 5614 Certe
1546 5569 1771 5630 propter
1804 5560 2018 5616 hiemis

416 5632 828 5688 inclementiam
869 5634 1028 5686 tectis
1065 5646 1188 5686 sese
1234 5632 1516 5686 continent
1568 5631 1837 5695 homines,
1883 5639 1937 5684 et
1966 5646 1997 5684 a

419 5704 578 5761 bellis
625 5703 937 5769 abstinent;
992 5718 1056 5758 ac
1101 5701 1203 5759 sub
1240 5701 1473 5774 pellibus
1508 5700 1768 5787 hiemant
1804 5719 1820 5761 :
1871 5702 1995 5759 ideo

2180 5280 2291 5405 (2&6)
2324 5281 2488 5335 Κατὰ
2533 5280 2640 5349 τὰς
2668 5283 2890 5351 τροπὰς
2930 5283 3174 5354 γίνεται.
3225 5281 3539 5355 Legendum
3601 5288 3686 5337 est

2180 5369 2209 5403 τ
2254 5391 2267 5405 .
3211 5378 3217 5389 ι

2325 5424 2435 5478 Καὶ
2468 5424 2567 5478 ἐπὶ
2608 5423 2765 5478 πολὺ
2784 5422 3000 5495 μῆκος.
3044 5378 3251 5495 Nempe
3302 5424 3379 5487 ὡς
3422 5422 3560 5494 πρὸς
3597 5421 3686 5475 αἴ·
3732 5486 3738 5491 _

2105 5492 2319 5563 σθησιν,
2361 5503 2421 5548 ut
2452 5495 2615 5565 paulo
2645 5492 2968 5550 aute'dixit.
2990 5496 3108 5549 Alio
3154 5492 3202 5548 ui
3237 5495 3291 5548 in
3323 5510 3432 5547 uno
3469 5492 3683 5547 tantum

2105 5573 2308 5622 Dunctn
2345 5566 2406 5618 tit
2441 5572 2734 5622 contactus
2781 5566 2893 5622 ille.
2932 5563 3070 5622 Vide
3108 5512 3479 5622 ginnarchum
3514 5562 3609 5619 lib.
3640 5557 3681 5622 ί.

2098 5566 2406 5691 £32:th
2441 5562 2734 5623 contactus
2781 5566 2893 5622 ille.
2932 5563 3070 5623 Vide
3108 5562 3479 5638 Hipparchum
3514 5562 3609 5619 lib.
3640 5562 3681 5629 i,
