4116 6400
386 331 488 389 793

1423 329 1666 386 GEMINI
1706 328 2081 384 ELEMENTA
2108 329 2620 389 'ASTRONOMIE.

3550 327 3664 388 ’196

386 444 651 513 ζωδιακοῦ
683 445 884 501 κύκλου
928 447 1036 501 ἀπὸ
1084 465 1311 520 πρωτης
1361 447 1554 520 μοίρας
1587 445 1759 523 Κριοῦ
1811 445 1976 517 μέχρι

2088 446 2290 503 zodiaci
2325 463 2353 501 a
2380 449 2558 520 prima
2582 456 2737 520 parte
2763 447 2941 504 Librae
2972 462 3147 520 usque
3186 446 3255 502 ad
3285 445 3526 504 Piscium
3559 457 3663 504 tri-

389 536 668 609 Ηαρθένου
723 538 920 609 μοίρας
943 537 987 591 λ’
1035 536 1242 609 βόρειόν
1281 541 1418 594 ἐστι.
1468 537 1636 592 Πάλιν
1675 538 1731 590 al
1781 535 1976 600 νύκτες

395 629 493 684 τῶν
530 629 753 701 ἡμερῶν
786 630 1031 701 μείζονες
1080 632 1174 685 ἐπὶ
1222 634 1337 696 τοῖς
1379 628 1832 701 ἀπολειπομένοις
1871 627 1977 693 ζω-

387 721 538 785 δίοις,
569 720 748 793 Ζυγῷ,
773 722 1044 795 Σκορπίῳ,
1074 722 1298 797 Τοξότῃ,
1326 723 1632 793 Αίγόκερῳ,
1680 718 1972 791 ’Υδροχόεζὴ

397 813 664 886 Ἰχθύσιν·
699 816 836 888 ὅπερ
885 816 1047 871 πάλιν
1093 817 1419 890 ἡμικύκλιον
1465 816 1560 871 τοῦ
1583 812 1848 880 ζωδιακοῦ
1882 812 1979 868 κύ-

2079 538 2345 593 cesimam
2394 548 2605 611 partem
2643 541 2904 595 australis
2939 549 3044 596 est.
3089 541 3492 596 incrementum
3528 556 3661 596 vero

2076 628 2291 686 dierum
2342 631 2403 687 ﬁt
2435 647 2465 687 a
2493 633 2668 705 prima
2693 641 2847 703 parte
2865 632 3188 704 Capricorni
3215 630 3283 687 ad
3305 629 3661 686 Geminorum

2075 723 2414 780 tricesimam
2476 732 2729 797 partem:
2764 726 2911 798 quod
2955 725 3243 782 dimidium
3309 731 3396 780 est
3449 722 3663 779 zodiaci

2075 816 2289 872 circuli.

389 876 516 960 κλου
546 906 654 961 ἀπὸ
681 876 856 976 Ζυγοῦ
899 876 1147 980 πρώτης.
1191 910 1387 982 μοίρας
1432 876 1628 981 μέχρις
1684 904 1903 977 ’ἰχθύων
1952 905 2149 978 μοίρας
2186 907 2229 961 λ’
2268 910 2442 965 νότιόν
2486 912 2624 965 ἐστι.
2666 910 3019 983 Παραύξησις
3056 907 3113 964 $6
3147 876 3383 983 ’ἡμέρων
3450 907 3670 978 γίνεται

389 1005 495 1057 ἀπ’)
541 1002 765 1076 πρώτης
835 1005 1031 1078 μοίρας
1062 1007 1343 1081 Αίγὸκερω
1393 1007 1555 1080 μέχρι
1582 1004 1829 1077 Διδύμων
1875 1002 2069 1075 μοίρας
2106 1008 2464 1103 τριακοστῆς·
2506 1009 2643 1081 ὅπερ
2693 1009 2839 1063 ἐστὶν
2879 1008 3205 1082 ἡμικύκλιον
3243 1007 3337 1062 τοῦ
3391 1004 3669 1071 ζωδιακοῦ.

389 1095 613 1151 κύκλου.

473 1189 605 1242 Ἀπὸ
636 1188 693 1242 δὲ
721 1189 820 1259 τῆς
866 1190 1076 1262 τροπῆς
1113 1192 1428 1263 χειμερινῆς
1457 1191 1617 1263 μέχρι
1641 1190 1851 1262 τροπῆς
1889 1188 1975 1242 θε-

2151 1184 2237 1239 Ab
2292 1185 2518 1241 hiberna
2552 1187 2915 1243 conversione
2974 1203 3148 1259 usque
3193 1187 3261 1243 ad
3300 1189 3545 1244 mstivam
3600 1190 3665 1246 iit

390 1280 545 1353 ρινῆς
574 1280 918 1353 παραύξησις
977 1281 1202 1353 ἡμερῶν
1248 1281 1476 1350 γίνεται.
1524 1280 1872 1353 Παραύξησις
1917 1280 1975 1334 δὲ

2088 1274 2297 1331 dierum
2355 1279 2800 1345 incrementum,
2849 1280 2943 1336 sed
2984 1282 3227 1335 noctium
3261 1281 3669 1339 incrementum

391 1371 601 1426 νυκτῶν
630 1373 837 1441 γίνεται
868 1375 975 1427 ἀπὸ
1010 1374 1284 1447 Καρκίνου
1326 1373 1549 1447 πρώτης
1591 1373 1782 1444 μοίρας
1814 1372 1976 1444 μέχρι

2088 1365 2141 1423 [it
2196 1384 2226 1422 a
2256 1368 2451 1424 Cancri
2475 1370 2651 1440 prima
2681 1380 2835 1442 parte
2864 1387 3040 1442 usque
3077 1371 3143 1425 ad
3182 1371 3461 1443 Sagittarii
3494 1375 3669 1429 trice-

389 1465 619 1529 Τοξότου
650 1466 844 1538 μοίρας
881 1465 945 1532 λ’,
990 1467 1301 1539 ὃπερδὲστὶν
1338 1466 1661 1538 ἡμικύκλιον
1695 1467 1853 1521 πάλιν
1880 1468 1973 1522 τοῦ

2088 1458 2278 1513 simam
2319 1468 2551 1531 partem,
2585 1462 2679 1531 qui
2709 1477 2903 1517 rursus
2929 1462 3313 1516 semicirculus
3345 1471 3430 1518 est
3453 1463 3668 1519 zodiaci

390 1557 656 1622 ζωδιακοῦ
691 1558 891 1613 κύκλου
930 1559 1038 1613 ἀπὸ
1068 1558 1276 1630 τροπῆς
1318 1558 1536 1631 θερινῆς
1579 1560 1741 1632 μέχρι
1765 1560 1975 1632 τροπῆς

393 1653 728 1724 χειμερινῆς.

460 1742 616 1806 Τινὲς
656 1744 754 1815 μὲν
786 1740 881 1799 οὖν
932 1744 1290 1817 διελάμϐανον
1336 1746 1597 1819 μεγίστας
1630 1747 1845 1819 ἡμέρας
1886 1747 1973 1815 γί-

393 1833 578 1888 νεσθαι
612 1835 670 1887 ἐν
698 1836 993 1908 Καρκίνῳο
1034 1839 1269 1911 ἐπείπερ
1301 1841 1356 1893 αἱ
1387 1839 1595 1913 θεριναὶ
1638 1841 1897 1911 τροπικαὶ
1922 1842 1978 1893 ὲν

392 1926 471 1997 τῷ
497 1929 879 2001 προειρημένῳ
908 1930 1084 2003 ζωδίῳ
1117 1931 1389 2000 γίνονται·
1423 1932 1683 2004 μεγίστας
1708 1933 1763 1985 δὲ
1780 1931 1979 1996 νύκτας

393 2018 533 2075 εἶναι
560 2023 617 2075 ἐν
649 2022 950 2097 Αίγόκερῳ,
978 2024 1099 2077 ἐπεὶ
1127 2026 1183 2078 ai
1205 2026 1512 2096 χειμεριναὶ
1533 2024 1733 2095 τροπαὶ
1752 2023 1982 2091 ἐνΑἰγὸ-

393 2129 541 2183 κερῳ
568 2113 808 2181 γίνονται
826 2131 839 2143 ·
871 2115 1247 2187 παραπλήσιόν
1276 2132 1329 2168 τι
1370 2115 1651 2180 ποιοῦντες
1667 2104 1983 2185 ’ἁμάρτημα

392 2202 473 2274 τῷ
495 2204 589 2257 ἐπὶ
613 2204 721 2258 τῶν
749 2205 1042 2275 συζυγιῶν.
1070 2207 1133 2260 Εἰ
1158 2208 1255 2278 μὲν
1284 2205 1392 2278 γὰρ
1413 2209 1468 2260 ὲν
1487 2206 1627 2270 ὅλοις
1645 2209 1756 2269 τοῖς
1771 2205 1981 2270 ζωδίοις

394 2297 637 2365 ἐγίνοντο
655 2299 876 2370 τροπαὶ,
909 2294 978 2370 ἦν
1010 2298 1076 2352 ἂν
1111 2299 1309 2371 ἀληθὲς
1339 2298 1400 2353 τὸ
1434 2299 1857 2371 προειρημένονο
1887 2297 1982 2352 νῦν

394 2388 451 2440 δὲ
482 2388 553 2442 τά
593 2390 692 2460 μὲν
736 2390 977 2462 τροπικὰ
1016 2394 1221 2463 σημεῖα
1258 2390 1400 2462 λόγῳ
1444 2391 1696 2462 θεωρητά
1737 2392 1889 2443 ἐστι’
1922 2390 1984 2443 τὸ

393 2478 456 2533 δὲ
487 2480 608 2533 ὅλον
637 2479 825 2545 ξὼδιον
850 2482 911 2535 τὸ
932 2481 1027 2535 τοῦ
1058 2482 1335 2554 Καρκίνου
1369 2483 1466 2555 τὴν
1491 2482 1659 2554 αὐτὴν
1684 2484 1983 2537 ἀπόστασιν

395 2571 508 2643 ἔχει
537 2573 647 2626 ἀπὸ
679 2573 772 2627 τοῦ
796 2574 1010 2645 θερινοῦ
1031 2576 1291 2647 τροπικοῦ
1325 2577 1554 2648 σημείου
1577 2580 1691 2640 τοῖς
1708 2577 1980 2647 Διδύμοις,

397 2667 494 2720 καὶ
524 2668 630 2721 ὑπὸ
656 2668 766 2721 τῶν
809 2668 990 2722 αὐτῶν
1031 2670 1396 2742 παραλλήλων
1443 2670 1983 2741 ὲμπεριλαμὸάνεται

396 2758 635 2824 κύκλων,
667 2762 760 2814 καὶ
792 2764 857 2816 ἐκ
883 2762 977 2816 τοῦ
1009 2762 1174 2817 αὐτοῦ
1206 2763 1373 2816 τόπου
1404 2762 1504 2833 τὴν
1525 2762 1787 2833 ἀνατολὴν
1817 2765 1985 2816 ποιεῖ-

395 2869 508 2917 ται,
529 2853 625 2906 καὶ⁸
645 2855 726 2918 είς
759 2855 850 2907 τὸν
879 2855 1043 2908 αὐτὸν
1082 2854 1243 2909 τόπον
1268 2856 1366 2927 τὴν
1403 2854 1576 2908 δύσιν.
1607 2855 1730 2908 Εἰσὶ
1761 2853 1871 2927 γὰρ
1894 2855 1985 2908 ἀλ-

396 2942 580 3016 λήλοις
636 2946 778 3001 κατὰ
831 2947 1112 3016 συζυγίαν.
1158 2947 1250 2999 Διὸ
1300 2946 1364 3017 δὴ
1410 2946 1601 3000 καὶτὰ
1646 2946 1850 3018 μεγέθη
1874 2947 1984 3001 τῶν

396 3038 621 3109 ἡμερῶν
673 3039 769 3092 καὶ
825 3039 935 3093 τῶν
964 3037 1174 3093 νυκτῶν
1207 3041 1299 3093 ῖσα
1344 3040 1491 3092 ἐστὶν
1530 3037 1863 3110 ὲνκΔιδύμοις
1890 3041 1986 3094 καὶ

398 3130 679 3202 Καρκίνῳ.
717 3132 826 3185 Καὶ
861 3131 970 3203 γὰρ
1005 3134 1062 3186 ὲν
1091 3134 1203 3197 τοῖς
1240 3130 1553 3204 ὡρολογίοις
1596 3132 1658 3186 τὸ
1686 3132 1854 3205 ἄκρον
1885 3132 1986 3203 τῆς

396 3222 493 3276 τοῦ
523 3222 800 3293 γνώμονος
852 3225 1010 3288 σκιᾶς
1039 3223 1139 3289 τὰς
1190 3223 1359 3289 αὑτὰς
1404 3225 1607 3295 γράφει
1636 3222 1901 3296 γραμμὰς
1928 3226 1987 3279 ὲν

398 3314 512 3377 τοῖς
554 3315 975 3386 προειρημένοις
1012 3314 1245 3379 ζῳδίοις.
1302 3315 1360 3369 Ὀ
1391 3314 1449 3369 δὲ
1498 3314 1661 3377 αὐτὸς
1708 3315 1865 3384 λόγος
1892 3316 1987 3371 καὶ

398 3406 493 3459 ἐπὶ
524 3404 634 3458 τῶν
668 3405 995 3479 χειμερινῶν
1026 3407 1267 3478 τροπῶν..
1316 3407 1449 3461 Οὐδὲ
1486 3408 1595 3477 γὰρ
1632 3409 1718 3460 ἐπ’
1763 3407 1987 3461 ἐκείνων

400 3499 738 3571 ὑποληπτέον
770 3502 827 3553 ὲν
862 3500 970 3572 ὅλῳ
1013 3500 1094 3572 τῷ
1139 3501 1423 3573 Αίγόκερῳ
1484 3501 1747 3573 μεγίστας
1788 3501 1985 3564 νύκτας

401 3593 679 3663 γίνεσθαι·
717 3584 923 3648 ἀλλ”ἕν
959 3612 1011 3648 τι
1046 3597 1276 3667 σημεῖον
1311 3595 1454 3666 λόγῳ
1485 3595 1780 3668 θεωρητὸν,
1815 3593 1844 3647 ὃ
1875 3611 1989 3647 κοι-

401 3685 490 3741 νόν
512 3689 659 3740 ἐστιν
687 3686 971 3759 Αίγόκερω
996 3689 1089 3742 καὶ
1114 3686 1206 3741 τοῦ
1242 3687 1492 3753 Τοξότου,
1514 3688 1613 3758 τὴν
1646 3686 1817 3759 αὐτὴν
1848 3687 1986 3740 ἁπό-

404 3792 595 3832 στασιν
627 3778 740 3849 ἔχει
788 3779 895 3833 ἀπὸ
943 3780 1039 3832 τοῦ
1081 3780 1342 3852 τροπικοῦ
1383 3780 1693 3852 χειμερινοῦ
1736 3780 1985 3851 σημείου,

401 3871 497 3925 καὶ
533 3871 638 3925 ὑπὸ
678 3872 788 3925 τῶν
828 3871 1007 3926 αὐτῶν
1050 3872 1411 3945 παραλλήλων
1448 3872 1988 3944 ὲμπεριλαμϐάνεται

402 3961 640 4028 κύκλων,
676 3966 772 4018 καὶ
795 3963 941 4019 ἐστιν
972 3964 1221 4035 ἀλλήλοις
1252 3965 1394 4019 κατά
1424 3964 1686 4034 συζυγίαν
1706 3983 1720 3996 ·
1751 3965 1872 4019 ὅθεν
1896 3967 1988 4020 καὶ

403 4056 472 4110 τά
500 4056 704 4129 μεγέθη
739 4056 847 4110 τῶν
870 4056 1095 4130 ἡμερῶν
1128 4057 1221 4111 καὶ
1248 4057 1458 4112 νυκτῶν
1488 4058 1578 4111 ίσα
1618 4058 1767 4111 ἐστὶν
1793 4060 1850 4113 ὲν
1888 4059 1999 4113 Το-.

402 4147 534 4222 ξότῃ
586 4150 682 4202 καὶ
735 4149 1041 4220 Αίγόκερῳ.
1091 4147 1337 4202 Καθόλου
1379 4148 1435 4201 δὲ
1488 4149 1591 4203 ὅσα
1635 4148 1744 4202 τῶν
1784 4149 1989 4215 ζωδίων

403 4241 546 4296 κατά
587 4241 845 4311 συζυγίαν
891 4240 1142 4314 ἀλλήλοις
1180 4241 1450 4313 ὑπάρχει,
1494 4241 1665 4295 ταῦτα
1711 4240 1781 4295 τὰ
1825 4240 1991 4306 (eam

407 4333 527 4398 ῐσας
554 4333 767 4406 ἡμέρας
809 4334 904 4387 καὶ
933 4333 1134 4397 νύκτας
1162 4334 1427 4405 περιέχει.
1463 4335 1717 4387 Ἔσονται
1756 4329 1850 4387 οὖν
1879 4333 1988 4387 ίσαι

403 4426 610 4497 ἡμέραι
638 4427 696 4479 ὲν
721 4425 972 4496 Διδύμοις
1003 4426 1097 4479 καὶ
1119 4425 1399 4497 Καρκίνῳ,
1422 4424 1621 4497 Ταύρῳ
1653 4424 1748 4478 καὶ
1774 4425 1986 4489 Λέοντι,

2092 1549 2163 1605 ab
2190 1551 2379 1607 aestiva
2409 1553 2771 1610 conversione
2804 1567 2979 1624 usque
3006 1553 3075 1608 ad
3111 1553 3420 1613 hibernam.

2153 1765 2413 1822 Nonnulli
2448 1768 2616 1838 igitur
2648 1778 2976 1840 putaverunt
3009 1769 3358 1840 longissimas
3392 1769 3512 1825 dies
3546 1769 3666 1826 fieri

2083 1859 2138 1912 in
2172 1857 2386 1914 Cancro
2429 1879 2442 1913 :
2485 1861 2756 1931 siquidem
2792 1864 2992 1916 aestivae
3020 1864 3411 1917 conversiones
3439 1863 3495 1916 in
3516 1862 3667 1917 dicto

2084 1952 2243 2023 signo
2272 1951 2403 2006 ﬁant
2436 1971 2453 2008 :
2488 1964 2680 2011 noctes
2722 1970 2851 2010 vero
2901 1956 3167 2011 maximas
3212 1956 3324 2010 ﬁeri
3380 1956 3434 2009 in
3475 1954 3668 2026 Capri-

2083 2057 2273 2105 corno,
2319 2057 2443 2096 cum
2492 2043 2729 2099 hiberntc
2774 2045 3164 2101 conversiones
3202 2043 3333 2097 ﬁant
3355 2043 3411 2097 in
3471 2042 3668 2115 Capri-

2084 2150 2277 2189 corno.
2314 2134 2433 2201 Qua
2493 2136 2547 2190 in
2598 2152 2657 2191 re
2706 2137 2886 2191 simile
2940 2137 3290 2192 committunt
3334 2144 3576 2191 erratum
3616 2136 3670 2191 ei

2087 2225 2234 2294 quod
2266 2227 2623 2281 committunt
2657 2227 2713 2281 in
2760 2228 3003 2300 syzigiis.
3039 2228 3099 2283 Si
3141 2229 3285 2283 enim
3330 2227 3385 2282 in
3425 2228 3556 2283 totis
3594 2228 3672 2284 si-

2086 2318 2209 2387 gnis
2252 2318 2444 2374 tierent
2470 2319 2888 2385 conversiones,
2922 2330 3071 2375 esset
3102 2335 3290 2375 verum
3325 2320 3472 2390 quod
3509 2318 3672 2374 modo

2084 2408 2289 2463 dictum
2335 2416 2423 2464 est
2454 2424 2468 2461 :
2504 2416 2561 2462 at
2599 2425 2746 2465 nunc
2775 2421 2977 2482 puncta
3026 2411 3236 2482 tr0pica
3284 2412 3496 2466 ratione
3543 2419 3674 2467 sunt

2084 2500 2566 2570 contemplabilia;
2599 2509 2770 2555 totum
2795 2518 2925 2557 vero
2952 2503 3165 2573 signum
3190 2502 3389 2557 Cancri
3422 2503 3671 2558 eamdem

2085 2592 2404 2648 distantiam
2442 2592 2604 2645 habet
2643 2593 2713 2647 ab
2764 2594 2955 2647 aestivo
3003 2594 3212 2663 tropico
3256 2601 3461 2664 puncto
3504 2608 3671 2663 quam

2084 2683 2320 2749 Gemini,
2351 2693 2405 2740 et
2434 2685 2502 2739 ab
2526 2684 2717 2740 iisdem
2752 2685 3028 2756 parallelis
3064 2686 3288 2743 circulis
3312 2686 3674 2755 comprehcn-

2086 2774 2271 2843 ditur;
2305 2784 2359 2829 et
2388 2793 2454 2832 ex
2479 2778 2668 2832 eodem
2705 2778 2826 2832 loco
2853 2785 3032 2832 ortum
3062 2777 3214 2842 facit,
3243 2788 3296 2833 et
3330 2779 3383 2833 in
3415 2776 3671 2832 eumdem

2086 2870 2266 2923 locum
2322 2870 2453 2924 facit
2491 2858 2771 2925 occasum.
2811 2869 2952 2925 Sunt
2996 2872 3145 2926 enim
3198 2871 3312 2926 haec
3357 2871 3513 2941 signa
3566 2870 3674 2927 sibi

2087 2958 2321 3015 invicem
2362 2961 2664 3016 secundum
2700 2961 3001 3033 syzygiam,
3042 2976 3140 3017 seu
3183 2961 3700 3027 combinationem.,

2087 3052 2452 3121 Quamobrem
2509 3056 2671 3110 etiam
2722 3054 3127 3124 magnitudines
3191 3053 3403 3109 dierum
3458 3062 3514 3108 et
3573 3069 3673 3109 no-

2093 3145 2264 3198 ctium
2294 3146 2536 3216 aequales
2569 3154 2697 3200 sunt
2728 3146 2782 3199 in
2816 3143 3063 3201 Geminis
3097 3152 3150 3201 et
3176 3145 3411 3202 Cancro.
3457 3143 3672 3200 Etenim

2091 3237 2147 3292 in
2174 3237 2473 3308 horologiis
2503 3238 2821 3293 extremitas
2848 3236 3053 3291 umbrae
3070 3236 3124 3290 in
3157 3251 3428 3306 gnomone
3451 3235 3673 3291 easdem

2090 3329 2264 3386 lineas
2294 3330 2560 3387 describit
2591 3330 2646 3385 in
2676 3329 2840 3385 dictis
2890 3329 3084 3400 signis.
3144 3328 3348 3383 Eadem
3400 3335 3486 3384 est
3530 3328 3675 3384 ratio

2090 3420 2253 3475 etiam
2285 3421 2339 3475 iu
2374 3420 2624 3476 hibernis
2656 3420 3135 3477 conversionibus.
3189 3419 3377 3488 Neque
3419 3421 3565 3476 enim
3614 3421 3673 3474 in

2091 3511 2201 3567 illis
2231 3512 2532 3583 putandum
2556 3524 2641 3569 est
2668 3514 2724 3568 in
2770 3522 2883 3568 toto
2937 3512 3276 3584 Capricorno
3320 3512 3674 3583 longissimas

2092 3604 2209 3659 ﬁeri
2243 3614 2478 3662 noctes:
2513 3606 2608 3662 sed
2661 3622 2830 3660 unum
2882 3605 3101 3677 aliquod
3149 3613 3411 3675 punctum
3460 3605 3676 3660 ratione

2092 3697 2512 3769 intelligendum
2555 3706 2972 3755 commune'est
3012 3698 3353 3769 Capricorno
3399 3705 3454 3753 et
3493 3695 3675 3768 Sagit-

2089 3791 2232 3844 tario
2268 3809 2282 3847 :
2316 3798 2492 3845 totum
2517 3806 2647 3847 vero
2695 3793 2912 3863 signum
2957 3791 3304 3862 Capricorni,
3349 3798 3405 3847 et
3456 3793 3675 3862 signum

2093 3882 2375 3955 Sagittarii
2429 3884 2675 3940 eamdem
2727 3886 2931 3940 habent
2986 3884 3306 3940 distantiam
3356 3884 3423 3938 ab
3445 3884 3676 3939 hiberno

2091 3978 2300 4048 tropico
2326 3987 2550 4048 puncto,
2576 3986 2630 4033 et
2660 3980 2729 4033 ab
2749 3978 2941 4035 iisdem
2970 3979 3246 4049 parallelis
3276 3977 3502 4033 circulis
3531 3991 3676 4032 com-

2091 4068 2527 4138 prehenduntur,
2554 4068 2770 4138 sibique
2807 4069 3039 4122 invicem
3068 4075 3196 4123 sunt
3244 4066 3549 4123 secundum
3571 4067 3676 4139 ιθ

2093 4162 2391 4234 syzysziam,
2420 4178 2517 4217 seu
2552 4161 3038 4216 combinationem.
3065 4159 3220 4215 Unde
3258 4160 3424 4215 etiam
3466 4160 3675 4231 magni-

2094 4255 2313 4309 tudines
2352 4255 2562 4310 dierum
2595 4262 2652 4309 et
2680 4254 2923 4308 noctium
2965 4253 3207 4322 aequalcs
3240 4260 3370 4307 sunt
3406 4252 3460 4306 in
3486 4250 3685 4321 Sagit—'

2093 4346 2237 4400 tario
2263 4353 2317 4401 ct
2349 4346 2709 4416 Capricorno.
2757 4345 3162 4401 Universaliter
3193 4352 3399 4410 autem,
3448 4359 3570 4413 qua:
3595 4343 3675 4397 si-

2092 4450 2195 4505 gna
2228 4437 2370 4489 inter
2412 4452 2472 4491 se
2530 4443 2658 4489 sunt
2711 4433 3010 4489 secundum
3055 4434 3355 4505 syzygiam,
3408 4448 3471 4487 ea
3518 4433 3674 4502 signa

403 4517 561 4589 Κριῷ
593 4518 687 4572 καὶ¹
713 4517 996 4590 Παρθένῳ,
1038 4517 1235 4589 ’ἰχθύσι
1258 4518 1354 4571 καὶ
1382 4517 1559 4589 Ζυγῷ,
1601 4517 1872 4591 Ὑδροχόῳ
1896 4518 1985 4571 καὶ

2094 4529 2334 4598 :cqualcs
2374 4528 2578 4583 habent
2604 4528 2723 4582 dies
2746 4535 2800 4581 et
2820 4535 3031 4581 noctes.
3055 4525 3230 4580 Erunt
3252 4525 3416 4596 igitur
3433 4526 3674 4594 aequales

404 4609 680 4685 Σκορπίῳ,
710 4611 993 4683 Δίγόκερῳ
1022 4611 1118 4664 καὶ
1140 4610 1365 4683 Τοξότῃ.

475 4870 584 4926 Τοῦ
616 4871 674 4926 δὲ
703 4872 908 4944 κόσμου
948 4873 1321 4945 σφαιροειδοῦς
1368 4872 1724 4946 ὑπάρχοντος,
1768 4873 1862 4927 καὶ
1905 4891 1990 4926 κι-

404 4964 666 5037 νουμένου
706 4964 880 5038 φορὰν
932 4965 1219 5035 ἐγκύκλιον
1250 4967 1343 5020 ἀπ’
1395 4964 1660 5034 ἀνατολῆς
1688 4965 1781 5018 ἐπὶ
1816 4964 1987 5029 δύσιν,

408 5056 696 5128 συμϐαίνει
733 5056 948 5111 ᾶπαντα
972 5056 1040 5111 τὰ
1098 5059 1192 5112 ἐπὶ
1240 5058 1342 5128 τῆς
1394 5056 1628 5129 σφαίρας
1666 5058 1866 5127 σημεῖα
1898 5057 1992 5109 ἐπὶ

297 5138 303 5147 ’
404 5148 768 5221 παραλλήλων
803 5149 1018 5203 κύκλων
1062 5149 1343 5222 φέρεσθαι.
1387 5148 1478 5213 Ἐξ
1526 5142 1586 5201 οὗ
1619 5149 1869 5221 φανερὸν,
1908 5150 1991 5203 ὅτι

406 5244 503 5295 καὶ
531 5241 731 5306 πάντες
762 5242 812 5294 οἱ
850 5242 1078 5313 ἀστέρες
1124 5243 1217 5295 ἐπὶ
1253 5240 1610 5313 παραλλήλων
1640 5240 1855 5294 κύκλων
1890 5240 1991 5311 τὴν

406 5332 623 5407 κίνησιν
654 5333 957 5389 ποιοῦνται.
984 5333 1088 5388 Διᾶ
1105 5333 1261 5387 τοῦτο
1287 5334 1345 5387 δὲ
1370 5336 1463 5387 καὶ
1494 5334 1558 5388 ἐκ
1592 5334 1684 5387 τοῦ
1706 5332 1869 5387 αὑτοῦ
1902 5334 1993 5387 τό-

407 5442 512 5481 που
550 5426 750 5491 πάντες
774 5428 823 5481 οἱ
851 5426 1108 5490 ἀπλανεῖς
1136 5426 1363 5496 ἀστέρες
1392 5425 1762 5489 ἀνατέλλουσι,
1788 5428 1883 5480 καὶ
1911 5427 1991 5489 είς

407 5523 500 5576 τὸν
528 5523 692 5577 αὐτὸν
724 5523 888 5577 τόπον
915 5521 1195 5577 δύνουσιψ
1227 5520 1429 5590 ὁμοίως
1458 5519 1515 5572 δὲ
1562 5520 1657 5573 καὶ
1697 5520 1747 5572 oi
1785 5518 1992 5589 παράλ-

406 5614 557 5685 ληλοι
600 5614 791 5668 κύκλοι
833 5617 898 5666 ἐκ
935 5613 1029 5667 τοῦ
1072 5612 1236 5666 αὐτοῦ
1276 5612 1442 5665 τόπου
1487 5610 1855 5680 ἀνατέλλουσι,
1897 5611 1992 5666 καὶ

408 5708 491 5771 είς
520 5706 613 5761 τὸν
639 5707 800 5761 αὐτὸν
822 5708 984 5760 τόπον
1016 5705 1282 5759 δύνουσιν.

490 5796 553 5854 Ὀ
579 5798 639 5853 δὲ
674 5797 783 5854 τῶν
811 5797 1015 5863 ζωδίων
1050 5797 1269 5865 κύκλος,
1309 5794 1461 5863 λοξὸς
1492 5794 1568 5853 ὢν
1601 5796 1666 5869 τῇ
1702 5794 1838 5866 πρὸς
1867 5797 1990 5861 τοὺς

2090 4618 2210 4674 dies
2244 4620 2297 4671 in
2319 4618 2565 4673 Geminis
2594 4626 2647 4672 et
2697 4617 2932 4680 Cancro,
2972 4617 3027 4671 in
3063 4616 3247 4671 Tauro
3281 4621 3337 4670 et
3373 4613 3571 4679 Leone,
3616 4614 3674 4669 iu

2092 4707 2274 4763 Arietc
2305 4718 2359 4763 et
2388 4705 2637 4777 Virgine,
2665 4705 2719 4760 iu
2753 4704 3007 4761 Piscibus
3035 4713 3090 4761 et
3118 4704 3300 4769 Libra,
3338 4705 3397 4759 in
3423 4704 3672 4774 Aquario

2090 4810 2146 4858 et
2176 4800 2426 4872 Scorpio,
2469 4801 2526 4855 in
2555 4801 2900 4872 Capricorno
2924 4806 2979 4853 et
3005 4796 3321 4867 Sagittario.

2162 4895 2299 4950 Cum
2341 4903 2522 4949 autem
2548 4895 2785 4949 mundus
2825 4895 2896 4949 sit
2919 4892 3246 4962 sphaericus,
3294 4900 3348 4946 et
3393 4897 3676 4946 moveatur

2092 4993 2246 5040 motu
2279 4986 2540 5041 circulari
2571 4985 2640 5040 ab
2661 4994 2787 5040 ortu
2811 4984 2878 5039 ad
2894 4970 3179 5047 occasum,
3210 4981 3391 5038 evenit
3414 4990 3473 5037 ut
3489 4984 3675 5038 omnia

2093 5084 2295 5149 puncta
2351 5078 2407 5132 in
2451 5076 2665 5146 sphaera
2706 5077 2761 5132 in
2820 5076 3097 5147 parallelis
3134 5074 3360 5131 circulis
3407 5074 3671 5133 ferantur.

2093 5169 2170 5224 Ex
2200 5185 2311 5239 quo
2357 5168 2731 5231 manifestum,
2775 5168 2922 5238 quod
2965 5168 3129 5222 etiam
3173 5181 3364 5221 omnes
3402 5167 3572 5222 stellae
3617 5168 3671 5222 in

2091 5263 2367 5333 parallclis
2395 5261 2623 5317 circulis
2656 5250 2865 5315 unitum
2892 5258 3116 5315 faciant.
3136 5258 3309 5326 Quam
3344 5260 3414 5314 ob
3448 5272 3671 5314 causam

2090 5355 2254 5410 etiam
2277 5352 2468 5407 eodem
2491 5366 2556 5405 ex
2597 5351 2717 5404 loco
2749 5366 2941 5405 omnes
2969 5350 3139 5405 stellae
3168 5348 3287 5404 lixae
3314 5350 3588 5412 oriuntur,
3621 5358 3674 5405 et

2092 5447 2148 5501 iu
2181 5443 2432 5499 eumdem
2465 5443 2643 5497 locum
2670 5442 2927 5497 occidunt
2961 5463 2973 5497 :
3013 5441 3267 5497 similiter
3289 5451 3466 5496 autem
3490 5451 3543 5496 et
3573 5457 3673 5511 pa-

2095 5538 2276 5595 ralleli
2309 5536 2505 5591 circuli
2533 5551 2597 5590 ex
2630 5536 2826 5592 eodem
2855 5537 2976 5592 loco
3012 5537 3288 5604 oriuntur,
3333 5544 3390 5592 et
3426 5535 3482 5590 in
3521 5551 3666 5591 eum-

2092 5633 2214 5689 dem
2240 5632 2421 5687 locum
2453 5627 2732 5685 occidunt.

2171 5790 2241 5846 At
2267 5786 2555 5855 zodiacus,
2590 5801 2714 5844 cum
2748 5787 2819 5845 sit
2852 5785 3110 5860 obliquus
3143 5786 3251 5844 situ
3274 5791 3339 5842 ad
3362 5785 3672 5858 parallelos,
