4116 6400
416 367 523 419 7'35

1422 366 1516 419 All
1556 363 1833 420 EUSEBll
1874 361 2275 421 CHRONICON
2319 359 2685 420 APPENDIX.

3598 360 3701 418 796

415 493 526 533 non
557 477 720 531 habet
748 491 940 532 omnes
983 483 1172 547 partes
1212 493 1278 532 ex
1333 477 1527 532 eodem
1579 477 1702 531 loco
1736 477 1999 542 orientes,

2118 476 2484 550 παραλλήλους
2500 475 2666 541 θέσει,
2683 477 2744 528 ού
2769 475 2942 529 πάντα
2958 473 3070 546 ἔχει
3090 475 3158 528 τά
3181 474 3322 546 μέρη
3343 475 3408 527 te
3423 473 3518 527 τοῦ
3535 473 3700 530 αὑτοῦ

413 586 518 627 nec
570 571 626 626 in
666 569 920 626 eumdem
991 569 1173 623 locum
1247 569 1561 624 occidentes
1598 587 1611 623 :
1649 567 2004 636 quamobrem

415 677 592 732 neque
611 659 903 716 duodecim
933 660 1085 730 signa
1107 674 1174 714 ex
1199 658 1393 714 eodem
1435 659 1559 714 loco
1588 659 1868 724 oriuntur,
1911 674 2008 712 ne-

413 770 521 825 que
543 753 597 808 in
624 752 874 808 eumdem
908 751 1088 804 locum
1123 750 1407 805 occidunt.
1447 749 1583 804 Nam
1616 751 1670 805 in
1721 750 2007 804 latitudine

413 845 676 901 zodiacus
706 842 952 897 circulus
983 849 1142 896 ortus
1171 848 1226 895 et
1249 855 1484 895 occasus
1516 838 1708 894 efficit.
1755 838 1850 892 Est
1905 853 2006 892 au-

414 946 524 992 tem
555 935 793 990 latitudo
836 941 995 990 ortus
1028 935 1150 1004 ejus
1181 934 1569 990 semicirculus
1597 949 1628 986 a
1654 933 1830 1004 prima
1854 940 2009 1003 parte

412 1025 614 1082 Cancri
649 1028 884 1091 oriente,
914 1041 1090 1096 usque
1134 1025 1201 1080 ad
1249 1026 1481 1096 primam
1525 1024 1846 1097 Capricorni
1890 1040 2010 1096 par-

413 1129 524 1176 tem
557 1121 968 1178 ascendentem.
1020 1118 1240 1186 Quanta
1289 1120 1439 1174 enim
1489 1127 1574 1174 est
1619 1120 1675 1173 in
1722 1118 2010 1174 horizoute

413 1213 626 1268 zodiaci
661 1212 974 1276 circulatio,
1011 1227 1132 1282 qua:
1177 1219 1264 1265 est
1317 1211 1460 1264 inter
1495 1209 1595 1265 hos
1639 1210 1780 1276 dies,
1819 1216 2010 1265 tantus

414 1313 501 1359 est
536 1304 840 1360 secundum
896 1303 1244 1358 latitudinem
1291 1317 1620 1374 progressus
1677 1302 1903 1357 zodiaco
1953 1304 2008 1357 in

416 1397 726 1452 horizonte.
759 1394 856 1451 His
878 1410 1124 1468 congrua
1152 1397 1318 1450 etiam
1348 1395 1554 1449 Aratus
1583 1393 1850 1460 ostendit,
1882 1409 2008 1449 cum

417 1489 500 1544 sic
523 1488 702 1559 inquit
734 1507 747 1543 :
1219 1472 1224 1478 ’

451 1698 522 1773 4t
560 1693 644 1747 hic
696 1702 904 1773 tantum
934 1709 1127 1773 aquam
1163 1690 1363 1773 Oceani
1402 1693 1619 1773 transit,

455 1765 729 1831 Quantum
764 1781 796 1816 a
824 1762 1158 1830 Capricorno
1185 1764 1386 1816 oriente
1410 1764 1640 1817 maxime

2107 569 2272 622 τόπου
2305 567 2684 631 ἀνατέλλοντα,
2705 569 2800 621 καὶ
2830 570 2910 631 εἰς
2943 567 3034 620 τὸν
3061 566 3223 620 αὐτὸν
3251 565 3413 620 τόπον
3439 563 3665 619 δύνοντα
3682 583 3698 598 σ

2107 660 2174 714 δι’
2202 661 2270 732 ἥν
2297 661 2476 715 αἰτίαν
2509 661 2631 714 οὐδὲ
2673 659 2746 713 τά
2789 659 2856 730 ιβ’
2885 659 3050 724 ζὼδια
3087 660 3152 712 ὲκ
3197 656 3294 711 τοῦ
3339 656 3502 711 αὐτοῦ
3536 657 3700 712 τόπου

2108 751 2412 816 ἀνατέλλει,
2435 755 2530 806 καὶ
2564 754 2643 816 είς
2664 752 2756 806 τὸν
2794 752 2955 808 αὑτὸν
2982 752 3147 806 τόπον
3179 750 3345 804 δύνει.
3390 751 3478 803 Ἐν
3505 749 3702 805 πλάτει

2107 843 2218 916 γάρ
2243 846 2271 898 6
2295 841 2558 908 ζωδιακὸς
2589 843 2789 909 κύκλος
2819 844 2920 907 τὰς
2954 842 3219 906 ἀνατολὰς
3251 843 3345 896 καὶ
3379 841 3478 906 τὰς
3519 841 3701 907 δύσεις

2111 939 2364 990 ποιεῖται.
2397 937 2554 990 Ἔστι
2578 936 2637 989 δὲ
2674 936 2735 990 τὸ
2785 935 2986 1000 πλάτος
3026 935 3191 988 αὑτοῦ
3225 935 3323 1006 τῆς
3347 935 3610 1006 ἀνατολῆς
3637 936 3700 990 τὸ

2109 1029 2217 1083 ἀπὸ
2243 1029 2335 1082 τοῦ
2362 1029 2641 1102 Καρκίνου
2675 1027 2900 1102 πρώτης
2945 1030 3140 1101 μοίρας
3179 1027 3576 1098 ἀνατελλούσης
3605 1028 3700 1100 μέ-

2109 1139 2230 1194 χρις
2247 1122 2531 1196 Αιγόκερω
2564 1122 2786 1195 πρώτης
2822 1119 3014 1193 μοίρας
3041 1120 3471 1192 ἀναφερομένης.
3507 1119 3698 1190 Ἦλίκη

2108 1214 2219 1285 γάρ
2252 1215 2397 1267 ἐστιν
2431 1213 2543 1286 (28)
2572 1215 2604 1285 ἡ
2649 1212 2852 1284 μεταξὺ
2883 1196 2994 1267 τών
3040 1212 3264 1284 ⁴ἡμερῶν
3304 1211 3508 1266 τούτων
3543 1229 3699 1283 περι-

2111 1303 2254 1376 φορά
2289 1304 2480 1358 τούτου
2517 1305 2611 1358 ἐπὶ
2651 1304 2746 1358 τοῦ
2791 1303 3085 1375 ὁρίζοντος,
3132 1302 3434 1375 τηλικαύτη
3487 1303 3636 1356 ἐστὶν
3663 1305 3697 1375 ἡ

2111 1398 2254 1453 κατά
2278 1397 2477 1460 πλάτος
2503 1396 2736 1470 πάροδος
2779 1397 2871 1450 ἐπὶ
2904 1396 2997 1450 τοῦ
3037 1397 3310 1468 ὁρίζοντος
3343 1397 3420 1468 τῷ
3450 1396 3701 1470 ζωδιακῷ

2111 1489 2315 1562 κύκλῳ.
2345 1489 2570 1553 Τούτοις
2593 1489 2649 1543 δὲ
2683 1487 2986 1561 συμφώνως
3019 1489 3113 1542 καὶ
3144 1491 3173 1542 ὀ
3198 1489 3432 1560 ’Ἄρατος
3459 1489 3699 1559 ἀποφαί-

2111 1601 2264 1639 νεται
2286 1583 2460 1654 λέγων
2488 1582 2662 1647 οὕτως
2681 1599 2694 1614 ο

2112 1697 2311 1766 Αὐτὰρ
2357 1697 2444 1765 ὅγ’
2491 1694 2789 1750 Ὠκεανοῖο
2841 1695 3030 1750 τόσον
3071 1696 3490 1766 παραμείϐεται
3526 1693 3700 1764 ὕδωρ,

2117 1765 2352 1822 Ὀσσον
2395 1766 2879 1835 ἀπἈὶγοκερῆος
2921 1765 3346 1835 ἀνερχομένοιο
3377 1765 3646 1835 μάλιστα

454 1835 536 1892 Ad
564 1833 830 1890 Cancrum
854 1836 1110 1888 orientem
1152 1834 1379 1886 volvitur
1408 1849 1426 1906 ξ
1453 1842 1717 1906 quantum
1746 1832 1976 1906 undique

2118 1839 2415 1906 Καρκίνον
2439 1840 2525 1902 εἱς
2563 1832 2813 1891 ἀνιόντα
2837 1832 3185 1891 κυλίνδεται
3203 1854 3216 1867 ο
3247 1832 3443 1890 ὅσσον
3467 1833 3702 1906 ἁπάντη

457 1907 645 1963 Oriens
677 1907 930 1971 continet,
954 1914 1158 1957 tantum
1179 1913 1319 1957 certe
1338 1903 1541 1973 quidem
1557 1903 1686 1956 alibi
1706 1905 1967 1960 occidens.

489 2019 547 2073 In
569 2018 656 2074 his
689 2017 833 2073 enim
872 2016 1199 2071 determinat
1251 2030 1604 2086 progressum
1651 2015 1862 2071 zodiaci
1896 2016 2005 2070 cir-

417 2108 742 2180 culi,quem
787 2106 914 2161 facit
961 2103 1266 2160 secundum
1315 2105 1662 2159 latitudinem
1708 2106 1764 2160 in
1801 2117 1925 2159 ortu
1951 2112 2006 2160 et

417 2217 623 2258 occasu
656 2220 669 2257 :
703 2201 869 2270 idque
899 2205 1272 2268 congruenter
1304 2197 1708 2253 mathematicis
1745 2205 1799 2252 et
1830 2212 2001 2268 appa-

419 2295 630 2349 rentiaa.
670 2294 821 2347 Talis
851 2307 978 2346 cum
1023 2281 1416 2347 sit'inclinatio
1457 2289 1689 2354 zodiaci,
1735 2289 2007 2360 contingit

417 2391 583 2446 etiam
638 2387 1100 2449 dodecatemoria,
1170 2383 1277 2440 etsi
1335 2383 1712 2454 magnitudine
1772 2384 2004 2454 aequalia

418 2489 569 2548 sunt,
599 2489 782 2536 tamen
813 2479 1178 2549 inaequalibus
1228 2476 1569 2546 temporibus
1616 2482 1772 2531 ortus
1821 2482 1876 2530 et
1913 2489 2007 2530 oc-

417 2587 582 2631 casus
624 2572 824 2628 facere.
878 2570 1009 2636 Quae
1037 2571 1182 2624 enim
1239 2583 1364 2623 cum
1427 2569 1686 2624 zodiacus
1725 2567 1782 2620 ﬁt
1825 2575 2008 2623 rectus

418 2674 600 2722 ortum
625 2663 856 2727 faciunt,
890 2663 980 2716 illa
1015 2664 1172 2729 signa
1194 2661 1250 2715 in
1282 2662 1523 2715 maximo
1555 2670 1798 2731 tempore
1821 2669 2004 2715 ortum

417 2764 475 2816 et
503 2771 763 2812 occasum
800 2756 1033 2810 faciunt.
1068 2752 1236 2808 Recta
1270 2753 1416 2808 enim
1449 2752 1515 2807 ad
1541 2752 1878 2807 horizontem
1919 2766 2012 2806 ca-

419 2851 578 2916 dunt,
606 2856 666 2904 ut
695 2846 998 2904 secundum
1024 2845 1455 2916 unumquodque
1475 2853 1738 2916 punctum
1783 2843 1876 2898 fiat
1907 2858 2002 2899 or-

421 2948 515 2997 tus
575 2939 740 3011 signi,
795 2947 960 3009 atque
1015 2937 1140 2992 ideo
1181 2951 1437 3006 magnum
1486 2943 1701 3007 tempus
1751 2946 1905 2990 ortus
1956 2942 2013 2990 et

421 3049 653 3090 occasus
674 3037 1052 3087 consumatur.
1075 3029 1207 3097 Quae
1236 3044 1364 3084 vero
1386 3043 1511 3084 cum
1538 3027 1796 3082 zodiacus
1825 3026 1893 3080 ad
1911 3025 2011 3081 ho-

422 3126 691 3184 rizontem
731 3121 790 3176 llt
831 3121 1090 3190 obliquus
1127 3127 1308 3174 ortum
1366 3116 1612 3182 faciunt,
1667 3115 1758 3171 illa
1798 3116 2011 3170 minore

2119 1905 2448 1966 Ἀντέλλων
2476 1906 2700 1977 ἐπέχει,
2729 1909 2960 1961 τόσσον
2997 1925 3066 1977 γε
3091 1907 3211 1977 μὲν
3237 1906 3454 1961 ἄλλοθι
3481 1905 3702 1960 δύνων.

2188 2021 2276 2073 Ἐν
2303 2019 2412 2090 γὰρ
2433 2019 2642 2082 τούτοις
2668 2017 2764 2090 τὴν
2804 2017 3038 2089 πάροδον
3081 2017 3333 2088 ἀφορίζει
3365 2016 3461 2071 τοῦ
3505 2016 3703 2082 ζωδια-

2107 2113 2204 2168 κοῦ
2238 2112 2460 2176 κύκλου,
2487 2115 2554 2184 ἣν
2598 2115 2833 2164 ποιεῖται
2864 2109 3006 2163 κατὰ
3052 2109 3256 2175 πλάτος
3305 2111 3398 2164 ἐπὶ
3431 2111 3527 2181 τῆς
3568 2111 3702 2164 ἀνα-

2107 2206 2266 2276 τολῆς
2300 2205 2394 2258 καὶ
2439 2204 2541 2274 τῆς
2580 2202 2788 2265 δύσεως
2815 2201 3123 2272 συμφώνως
3153 2205 3266 2266 τοῖς
3297 2202 3705 2273 μαθηματικοῖς

2109 2299 2203 2352 ml.
2236 2296 2314 2368 τῷ
2346 2295 2674 2367 φαινομένῳ.
2705 2293 2972 2366 Τοιαύτης
2997 2295 3055 2348 δὲ
3079 2295 3181 2364 τῆς
3205 2293 3705 2368 ἐγκλίσεως-ὑπαρ-

2109 2366 2310 2460 χούσης
2338 2366 2433 2441 τοῦ
2468 2387 2740 2452 ζωδιακοῦ
2784 2385 3333 2458 κύκλου,.συμ6αίνει
3377 2386 3472 2439 καὶ
3504 2366 3572 2440 τὰ
3603 2387 3704 2438 δω-

2109 2477 2484 2549 δεκατημόρια
2517 2478 2606 2531 ῐσα
2635 2476 2767 2530 ὄντα
2790 2477 2933 2531 κατά
2964 2477 3026 2530 τὸ
3045 2476 3288 2548 ’μέγεθος
3331 2475 3539 2539 ἀνίσοις
3575 2477 3704 2548 χρόα

2111 2588 2221 2634 νοις
2247 2570 2346 2634 τὰς
2367 2568 2634 2633 ἀνατολὰς
2659 2570 2756 2623 κα)⁸
2777 2569 2876 2634 τὰς
2900 2569 3081 2634 δύσεις
3109 2567 3400 2623 ποιεῖσθαι.
3431 2569 3572 2623 Ὅσα
3607 2569 3706 2639 μὲν

2111 2659 2222 2732 γὰρ
2273 2660 2436 2732 ὀρθοῦ
2481 2661 2806 2734 γιγνομένου
2859 2661 2953 2717 τοῦ
3012 2659 3278 2727 ζωδιακοῦ
3326 2659 3565 2722 κύκλου.
3607 2658 3706 2730 τὴν

2111 2753 2374 2826 ἀνατολὴν
2404 2758 2660 2820 ποιεῖται,
2687 2757 2872 2810 ἐκεῖνα
2893 2754 2964 2808 τά
2984 2753 3151 2820 ζώδια
3171 2755 3229 2806 ὲν
3254 2752 3493 2824 πλείστῳ
3517 2752 3558 2784 ³¹
3579 2752 3706 2824 χρό-

2111 2863 2188 2917 νῳ
2211 2847 2313 2918 τὴν
2346 2847 2612 2920 ἀνατολὴν
2650 2850 2747 2902 καὶ
2786 2849 2886 2919 τὴν
2911 2846 3066 2901 δύσιν
3094 2847 3353 2899 ποιεῖται.
3403 2843 3568 2915 Ὀρθά
3595 2844 3706 2915 γὰρ

2114 2937 2268 3010 παρά
2293 2938 2386 2993 τὸν
2417 2940 2670 3011 ὁρίζοντα
2718 2939 3093 3012 παραπίπτει·
3124 2937 3267 2992 ὥστε
3312 2935 3436 2991 καθ’
3470 2934 3528 2988 ἓν
3570 2935 3705 2988 ἕκα-

2117 3047 2241 3084 στον
2260 3033 2484 3103 σημεῖον
2510 3031 2603 3085 τοῦ
2628 3031 2819 3097 ζωδίου
2839 3031 2938 3103 τὴν
2959 3029 3224 3102 ἀνατολὴν
3243 3027 3488 3099 γίνεσθαι
3507 3043 3520 3058 ο
3545 3026 3633 3080 διὰ
3647 3026 3705 3078 δὲ

2115 3123 2274 3178 τοῦτο
2293 3124 2459 3179 πολὺν
2483 3124 2672 3196 χρόνον
2688 3123 3072 3179 ἀναλίσκεσθαι
3100 3123 3198 3194 τῆς
3214 3121 3477 3192 ἀνατολῆς
3498 3119 3592 3174 καὶ
3604 3116 3705 3186 τῆς

423 3228 669 3289 tempore
697 3216 974 3270 oriuntur.
1027 3211 1165 3267 Nam
1203 3211 1369 3268 etiam
1404 3210 1562 3282 signa
1599 3209 1821 3280 obliqua
1869 3208 2008 3263 inci-

2118 3215 2346 3281 δύσεωςο
2385 3217 2486 3270 ὅσα
2519 3217 2576 3270 δὲ
2598 3216 2829 3285 πλαγίου
2872 3215 3158 3287 γινομένου
3190 3214 3285 3268 τοῦ
3303 3210 3570 3278 ζωδιακοῦ
3602 3209 3703 3265 κύ-

423 3313 562 3369 dunt
585 3311 639 3366 in
672 3308 1036 3370 horizontem,
1063 3313 1123 3360 ut
1151 3303 1452 3362 secundum
1488 3303 1690 3358 multas
1718 3302 1856 3357 alias
1889 3313 2009 3373 par-

423 3411 511 3461 tes
536 3402 699 3460 simul
717 3409 901 3456 ortum
936 3399 1162 3464 faciant,
1193 3405 1357 3466 atque
1388 3395 1512 3451 ideo
1546 3395 1788 3450 velocem
1825 3401 2007 3448 ortum

423 3493 709 3564 contingat
735 3492 873 3548 ﬁeri.
909 3487 1067 3545 Unde
1091 3488 1256 3546 etiam
1286 3486 1420 3542 illud
1475 3484 1623 3557 quod
1679 3483 1826 3556 apud
1868 3485 2008 3538 Ara-

425 3595 542 3643 tum
574 3585 813 3648 dicitur,
857 3583 1124 3654 quaeritur
1157 3577 1432 3650 quomodo
1464 3584 1518 3632 et
1562 3577 1619 3632 in
1671 3576 2008 3648 longissimis

426 3679 710 3742 noctibus,
740 3684 795 3733 et
823 3676 880 3731 in
911 3673 1274 3736 brevissimis,
1307 3687 1402 3727 sex
1429 3672 1586 3742 signa
1623 3670 1906 3733 oriantur,
1953 3677 2010 3726 et

429 3788 526 3830 sex
553 3771 841 3833 occidant,
880 3783 1006 3823 cum
1045 3767 1289 3822 noctium
1340 3763 1635 3820 diversitas
1671 3762 1743 3818 sit
1786 3775 2002 3833 magna.

432 3865 572 3922 Dicit
592 3875 774 3919 autem
805 3862 887 3917 sic
918 3862 1122 3947 Aratus
1154 3879 1167 3915 :

2113 3307 2278 3370 κλου,
2333 3309 2469 3379 πρὸς
2515 3309 2608 3363 τὸν
2662 3307 2913 3381 ὁρίζοντα
2965 3308 3066 3380 τὴν
3115 3306 3383 3377 ἀνατολὴν
3436 3306 3702 3366 ποιεῖται,

2115 3403 2302 3458 ἐκεῖνα
2335 3402 2393 3457 ἑν
2425 3402 2667 3458 ἐλάττονι
2699 3403 2877 3476 χρόνῳ
2904 3401 3331 3473 ἐπαναφέρεται.
3360 3397 3574 3466 Πλάγια
3599 3394 3708 3466 γὰρ

2111 3494 2459 3568 παραπίπτει
2495 3495 2593 3550 καὶ
2633 3495 2703 3550 τὰ
2739 3495 2907 3561 ζώδια
2952 3493 3091 3567 πρὸς
3119 3493 3211 3546 τὸν
3250 3489 3499 3562 ὁρίζοντα
3523 3503 3537 3518 ⁸
3565 3487 3708 3542 ὥστε

2111 3587 2234 3642 κατ’
2264 3586 2400 3642 ἀλλα
2431 3585 2604 3640 πολλά
2637 3587 2778 3658 μέρη
2809 3586 2927 3656 ἅμα
2969 3586 3070 3657 τὴν
3109 3582 3374 3653 ἀνατολὴν
3413 3577 3703 3633 ποιεῖσθαι.

2111 3677 2211 3731 Διά
2240 3677 2298 3731 δὲ
2339 3677 2502 3733 τοῦτο
2547 3679 2643 3732 καὶ
2702 3680 2927 3749 ταχεῖαν
2967 3676 3067 3749 τὴν
3116 3672 3380 3745 ἀνατολὴν
3421 3667 3708 3742 συμϐαίνει

2112 3768 2378 3837 γίνεσθαι.
2410 3768 2575 3823 Ὅθεν
2619 3767 2714 3824 καὶ
2753 3768 2814 3823 τὺ
2856 3769 2986 3841 παρ’
3031 3767 3244 3838 Ἀράτῳ
3293 3765 3582 3835 λεγόμενον
3610 3761 3710 3831 ζη-

2112 3861 2306 3922 τεῖται,
2352 3859 2469 3922 πῶς
2512 3859 2607 3914 καὶ
2653 3860 2712 3912 ἐν
2758 3863 2879 3924 ταῖς
2931 3859 3306 3932 μακροτάταις
3361 3853 3481 3920 νυξὶ
3523 3851 3620 3907 καὶ
3652 3851 3710 3903 ἐν

429 3959 549 4021 ταῖς
617 3955 984 4028 βραχυτάταις
1037 3953 1098 4019 ἓξ
1135 3952 1587 4024 δωδεκατημόρια
1629 3949 1930 4016 ἀνατέλλει,
1966 3953 2060 4006 καὶ
2122 3953 2184 4020 ἒξ
2229 3955 2411 4021 δύνει,
2472 3956 2573 4029 τῆς
2623 3955 2980 4028 παραλλαγῆς
3035 3955 3145 4010 τῶν
3198 3951 3408 4009 νυκτῶν
3470 3947 3710 4023 μεγάλης

430 4052 802 4126 ὑπαρχούσης.
863 4050 930 4106 Ἦ
980 4050 1089 4124 γὰρ
1149 4051 1380 4123 μεγίστη
1434 4047 1531 4116 νὺξ
1594 4049 1693 4119 τῆς
1741 4046 2029 4121 ἐλαχίστης
2085 4051 2343 4124 ὑπερέχει
2410 4051 2561 4126 ὥρας
2616 4051 2934 4124 ίσημερινάς
2996 4050 3084 4116 ιζ’.
3156 4050 3320 4120 Λέγει
3361 4047 3420 4102 δὲ
3477 4044 3715 4116 Ἄρατος

428 4143 604 4208 οὕτως
621 4159 634 4174 ⁸

1083 4260 1318 4315 ..μοιηηὶ
1343 4260 1397 4313 in
1432 4268 1603 4312 nocte.

473 4330 579 4386 Sex
601 4347 807 4400 semper
833 4331 1086 4386 occidunt
1117 4330 1447 4384 duodecima!
1474 4339 1653 4397 partes
1678 4327 1871 4383 circuli

476 4401 713 4458 Totidem
741 4403 990 4457 oriuntur
1021 4419 1039 4456 ε
1076 4403 1130 4457 in
1156 4411 1362 4456 tantam
1388 4400 1771 4472 longitudinem
1793 4401 1987 4468 qumvis

511 4562 554 4594 "
591 4579 684 4633 πρ.
721 4560 952 4614 πλείονι.

2127 4299 2141 4311 .
2224 4295 2238 4310 .
2320 4294 2335 4310 .
2417 4294 2430 4308 .
2512 4292 2525 4304 .
2607 4292 2620 4305 .
2697 4250 2868 4320 πάσῃ
2896 4250 2966 4304 δὲ
2989 4247 3287 4305 ἐπὶνυκτὶ
3325 4245 3438 4316 (29)

2128 4324 2240 4390 Ἐξ
2259 4323 2349 4380 ἀεὶ
2377 4323 2633 4378 δύνουσι
2672 4321 3046 4388 δυωδεκάδες
3071 4321 3343 4390 κύκλοιο3

2130 4383 2353 4451 mima:
2371 4395 2423 4449 δ’
2447 4393 2841 4450 ἀντέλλουσι·
2867 4383 3054 4447 τόσον
3073 4391 3126 4444 δ’
3151 4389 3252 4444 ἐπὶ
3268 4386 3466 4459 μῆκος
3486 4383 3713 4451 ἑκάστη

515 4668 627 4741 (28)
669 4670 880 4741 Ἥλικη
925 4667 1038 4740 γάρ
1073 4667 1266 4721 ἐστιν.
1318 4664 1648 4741 Horizontis
1683 4679 1872 4741 arcum
1913 4661 2014 4741 ‘de«

2126 4663 2239 4738 net.
2271 4653 2388 4708 Hoc
2409 4654 2555 4741 enim
2581 4650 2809 4741 circulis
2844 4651 3101 4741 omnibus
3148 4646 3404 4741 maximis
3433 4649 3712 4741 convenit,

440 4731 651 4802 scribit,
694 4740 787 4810 qui
839 4731 1293 4810 inlér'punctum
1334 4737 1568 4790 ortivum
1609 4731 1928 4810 Capricorni
1956 4747 2020 4786 ac

439 4811 636 4868 Cancri
686 4806 1046 4881 interceptus
1079 4817 1182 4881 est.
1215 4806 1404 4881 Itaque
1449 4807 1722 4876 περιφορά
1763 4806 1918 4881 idern
1939 4811 2023 4881 est

439 4883 588 4954 quod
615 4874 962 4955 περιφέρεια.
995 4879 1100 4955 sed
1129 4894 1235 4933 vox
1256 4874 1448 4955 τούτου
1460 4874 1845 4955 _eitputigenda
1870 4874 2024 4955 vide-

445 4944 557 5015 t'ur,
592 4944 700 5022 pro'
725 4944 833 5023 qua
874 4951 1157 5023 incodice
1193 4949 1361 5004 veteri
1393 4944 1814 5023 τοῦτοίίθᾳίιῇυτ,
1851 4944 2024 5023 nihilo

445 5015 758 5092 sincerius:
785 5021 893 5076 Sed
926 5022 1089 5092 Arati
1113 5034 1324 5079 versus,
1348 5019 1440 5087 qui
1472 5018 1540 5092 ab
1580 5017 1811 5092 Gemino
1843 5015 2026 5069 decla-

445 5088 662 5158 rantur,
715 5091 1095 5148 obscurissimi
1149 5099 1308 5155 sunt;
1355 5097 1414 5143 ut
1462 5088 1643 5141 minus
1695 5089 1955 5158 miremur
2000 5099 2030 5158 a

447 5153 694 5224 Theone.
720 5165 836 5218 sive
859 5163 1190 5218 scholiorum
1216 5153 1551 5220 miscella,et
1574 5159 1643 5212 ab
1660 5158 1864 5211 Avieno
1889 5153 2032 5209 haud

448 5236 584 5291 satis
621 5235 925 5289 intellectos
962 5231 1152 5287 fuisse.
1200 5230 1292 5285 Sic
1343 5231 1486 5286 enim
1530 5230 1828 5298 explicant,
1873 5224 2033 5298 quasi

447 5305 555 5360 hoc
586 5309 786 5359 Aratus
829 5304 931 5358 sibi
984 5303 1141 5368 velit;
1174 5301 1516 5355 tantumdem
1567 5296 1636 5354 cit
1687 5300 1780 5352 illo
1826 5296 2034 5350 circulo

449 5391 618 5446 supra
672 5383 871 5429 terram
906 5374 976 5429 ab
1021 5374 1231 5427 oriente
1281 5371 1622 5446 Capricorno
1659 5371 1726 5423 ad
1768 5371 2032 5446 orientem

453 5439 637 5515 paiere
677 5447 975 5508 Cancrum,
1001 5451 1264 5515 quantum
1314 5439 1418 5515 sr_ib
1446 5450 1589 5496 terra
1637 5449 1720 5494 est
1762 5457 1790 5515 ιι
1821 5439 2037 5515 Cancro

453 5509 520 5571 tu
543 5517 958 5586 Capricornum.
990 5509 1068 5569 lta
1095 5513 1306 5568 Theon.
1338 5511 1536 5568 Festus
1559 5521 1738 5566 autem
1761 5509 2034 5563 Avienus:

530 5628 632 5699 Ille
667 5640 839 5685 autem
876 5629 1074 5699 Oceani
1110 5638 1318 5699 tantum
1347 5625 1699 5699 descenditin
1730 5640 1928 5699 (equor,

531 5698 801 5767 Quantum
831 5695 1117 5760 a'cazruleo
1150 5698 1318 5753 distat
1348 5700 1555 5752 Cancro
1583 5695 1966 5764 Capricornus.

459 5791 590 5856 Quae
622 5794 890 5849 sementia
929 5791 1216 5865 nugatoria
1252 5800 1357 5859 est,
1406 5806 1580 5863 neque
1621 5789 1689 5844 ad
1729 5805 1844 5846 rem
1874 5787 2039 5860 perti-

2126 4726 2219 4797 qui
2250 4725 2530 4794 aequaliter
2559 4723 2628 4778 ab
2655 4721 3289 4797 horizonte'dividuntur.
3325 4719 3440 4797 lino
3469 4718 3718 4797 in‘sphae-

2129 4787 2190 4851 ra
2232 4787 2381 4851 recta
2407 4808 2699 4848 commune
2733 4792 2785 4846 id
2804 4799 2885 4846 est
2909 4789 3183 4860 parallelis
3219 4787 3493 4860 omnibus.
3514 4788 3715 4860 Aratus

2129 4875 2308 4922 autem
2323 4865 2599 4934 peculiare
2611 4862 2821 4934 aliquid
2844 4857 3068 4934 zoiliaco
3082 4859 3291 4934 circulo
3310 4857 3558 4911 versibus
3581 4859 3717 4934 iisce

2130 4927 2451 5006 complexus
2473 4945 2576 4990 est.
2607 4932 2685 4988 Ne
2711 4927 2908 4997 multa,
2928 4932 3108 5006 ὅσσον,
3127 4937 3180 4984 et
3195 4931 3389 5006 τόσσον
3414 4927 3715 5006 secundum

2132 4997 2500 5068 latitudinem,
2534 5013 2595 5059 ut
2622 5011 2842 5063 vocant.
2876 5003 3129 5063 ortivam,
3163 5002 3277 5054 sive
3313 4997 3456 5052 κατά
3489 4998 3712 5063 πλάτος,

2136 5094 2245 5133 non
2273 5078 2415 5131 κατὰ
2454 5077 2628 5148 μῆκος
2660 5075 3069 5148 intelligendum
3105 5081 3210 5134 est,
3250 5077 3310 5148 ut
3349 5069 3506 5122 docet
3533 5069 3714 5148 Centi-

2130 5153 2260 5203 'nus.
2313 5140 2588 5215 Quantum
2624 5147 2697 5199 ait
2749 5140 3096 5198 intervallum
3129 5156 3213 5215 est
3258 5140 3712 5215 internpunctum

2137 5208 2462 5280 horizo'ntis,
2496 5234 2524 5272 a
2555 5232 2664 5285 quo
2694 5215 3066 5284 Capricornus
3095 5212 3376 5285 ori_tur,__et
3407 5209 3538 5285 illud
3570 5208 3716 5285 unde

2137 5290 2348 5344 Cancer
2373 5278 2623 5344 exortum
2667 5278 2832 5349 l‘acii,
2866 5295 3071 5338 tantam
3107 5281 3318 5336 oriendi
3358 5278 3716 5333 occidendive

2139 5360 2478 5414 latitudinem
2508 5359 2670 5412 habet
2693 5357 2986 5418 zodiacus,
3020 5370 3084 5408 ac
3121 5361 3330 5408 tantum
3355 5351 3616 5420 spatium,
3649 5349 3718 5402 ab

2139 5428 2379 5494 Oceano,
2409 5429 2458 5482 id
2488 5438 2573 5483 est
2612 5428 2897 5482 horizonte
2926 5425 3182 5480 attollens
3227 5437 3369 5484 sese.
3392 5419 3718 5490 complecti-

2143 5510 2251 5560 tur.
2285 5501 2645 5568 similiterque
2674 5498 2950 5552 occidens.

2217 5572 2328 5643 (29)
2368 5569 2539 5638 Πάσῃ
2560 5559 2633 5624 δὲ
2657 5569 2756 5622 ἐπὶ
2778 5568 2971 5643 νυκτί.
3003 5563 3057 5643 S_i
3082 5563 3439 5643 Soliuianum.
3452 5559 3722 5643 exercita-

2143 5629 2324 5698 toreni
2356 5629 2654 5703 auscultes,
2694 5637 2972 5708 vapulabit
3010 5636 3233 5699 Aratus,
3278 5633 3384 5708 qui
3411 5629 3720 5708 δυωδεκᾴδα

2145 5714 2287 5770 dixit
2326 5728 2426 5782 pro
2481 5700 2806 5782 duodecima
2852 5716 3038 5778 parte.
3080 5721 3204 5782 cum
3257 5700 3722 5782 sitduodenarius

2148 5768 2264 5856 ipse
2299 5768 2466 5839 totus.
2501 5782 2635 5838 Nam
2669 5768 3051 5836 Casaubonum
3078 5775 3379 5848 redarguit,
3406 5771 3551 5844 quod
3579 5768 3725 5842 apud
