4124 6400
481 332 578 384 797

1526 339 1768 396 GEMINI
1803 341 2178 398 ELEMENTA
2213 341 2709 402 ASTRONOMIE.

3648 346 3755 404 Ἰθὸ

477 445 609 530 ζνζιξξ
635 447 749 530 αἰεί
781 449 1161 530 tertii-uarat,
1195 452 1348 530 ῥἰγοςν⁸
1371 453 1451 530 .τέ
1478 469 1599 530 περί
1621 454 1812 530 ἥμισυ
1841 458 2065 530 κύκλοι

2194 457 2320 514 Nox
2349 476 2550 530 semper
2593 471 2670 516 est
2705 470 2944 522 extensa,
2965 471 3219 528 quantum
3250 460 3498 516 medietas
3529 461 3720 516 circuli

491 507 856 588 Ἀβχομένης
882 520 1002 574 ἀπὸ
1030 507 1250 589 νυκτὸς
1288 507 1754 594 ἀείρεταιτὺψιὲθι

564 634 874 706 Ἀπορεῖται
896 635 982 708 δὴ,
1012 636 1130 701 πῶς
1150 639 1244 693 καὶ
1267 641 1326 693 ὲν
1344 642 1466 704 ταῖς
1493 641 1865 712 μακροτάταις
1892 644 1988 697 καὶ
2012 644 2070 698 ὲν

478 726 598 790 ταῖς
655 725 1025 798 βραχυτάταις
1078 728 1229 794 νυξὶν
1275 730 1598 802 ἡμικύκλιον
1649 735 1745 790 τού
1799 736 2067 802 ζωδιακοῦ

479 816 680 871 κύκλου
715 820 810 872 καὶ
859 819 1160 887 ἀνατέλλει,
1208 822 1306 877 καὶ
1354 823 1522 880 δύνει.
1565 826 1781 882 Γίνεται
1822 827 1878 882 δὲ
1912 827 2070 882 τοῦτο

478 909 568 962 διὰ
591 908 689 982 τὴν
724 909 970 980 ἔγκλισιν
1001 911 1097 966 τοῦ
1144 911 1414 978 ζωδιακοῦ
1449 917 1672 974 κύκλου.
1706 920 1807 974 Διά
1834 920 1944 993 γὰρ
1971 922 2070 994 τὴν

480 999 740 1073 λοξότητα
766 1005 824 1058 ἐν
854 1004 1062 1068 ἀνίσοις
1103 1007 1316 1078 χρόνοις
1344 1009 1646 1076 ἀνατέλλει,
1691 1013 1787 1065 καὶ
1828 1011 1972 1065 δύνει
1999 1013 2068 1067 τὰ

478 1095 574 1148 τοῦ
605 1095 870 1160 ζωδιακοῦ
906 1097 1156 1173 [κύκλου]
1189 1103 1512 1173 ἡμικύκλια.
1537 1105 1938 1159 Ταπεινοτάτου
1965 1106 2067 1178 μὲν

478 1187 587 1260 γὰρ
611 1188 763 1252 ὄντος
787 1191 883 1245 τοῦ
934 1193 1200 1257 ζωδιακού
1249 1193 1449 1250 κύκλου
1497 1197 1635 1268 πρὸς
1673 1196 1764 1251 τὸν
1792 1198 2065 1272 ὁρίζοντα,

477 1281 617 1352 ὅπερ
656 1283 1174 1358 γίνεταιενΔίγόκερω
1208 1286 1432 1359 πρώτης
1465 1289 1659 1360 μοίρας
1701 1289 2067 1361 μεσουρανού-

480 1389 603 1444 σης,
634 1378 855 1446 ταχεῖαν
890 1380 1102 1431 ποεῖται
1127 1379 1228 1448 τὴν
1258 1379 1523 1453 ἀνατολὴν
1548 1380 1609 1432 τὸ
1643 1379 1968 1452 ἡμικύκλιον
2004 1379 2066 1432 τὸ

476 1466 585 1520 ἀπὸ
608 1465 701 1519 τοῦ
721 1467 891 1540 Κριοῦ
919 1469 1139 1541 πρώτης
1163 1469 1356 1542 μοίρας
1377 1470 1537 1542 μέχρι
1558 1471 1838 1542 Παρθένου
1870 1472 2064 1542 μοίρας

480 1555 542 1609 λ’.
579 1557 815 1623 Πλάγιον
843 1559 953 1630 γὰρ
981 1559 1322 1632 παραπίπτει
1350 1561 1503 1633 παρά
1541 1561 1633 1614 τὸν
1661 1562 1930 1634 ὁρίζοντα,
1969 1563 2065 1616 καὶ

481 1649 652 1704 πολλά
690 1651 831 1724 μέρη
865 1651 982 1723 ἅμα
1013 1655 1112 1726 τὴν
1142 1653 1405 1725 ἀνατολὴν
1435 1657 1690 1709 ποιεῖται.
1739 1654 2059 1727 Ὀρθοτάτου

477 1743 534 1796 δὲ
559 1743 711 1807 ὄντος
734 1743 828 1798 τοῦ
859 1744 1125 1810 ζωδιακοῦ
1144 1744 1366 1808 κύκλου,
1387 1746 1526 1819 ὅπερ
1552 1746 1760 1816 γίνεται
1781 1748 2057 1819 Καρκίνου

411 1871 413 1873 ι
476 1834 701 1908 πρώτης
753 1837 950 1909 μοίρας
1012 1837 1452 1910 μεσουρανούσης
1477 1817 1503 1902 ,-
1539 1842 1764 1910 ταχεῖαν
1827 1817 2057 1893 ποιεῖται
2089 1817 2130 1872 Β

474 1928 573 2001 τὴν
609 1928 874 2002 ἀνατολὴν
897 1929 958 1983 τὸ
981 1931 1304 2003 ἡμικύκλιον
1333 1932 1396 1985 τὸ
1438 1931 1547 1985 ἀπὸ
1573 1931 1669 1985 τοῦ
1709 1931 1882 2002 Ζυγού
1917 1931 2061 2003 πρώ-

473 2038 575 2092 της
609 2021 804 2092 μοίρας
833 2023 1027 2096 μέχρις
1066 2023 1286 2096 Ἰχθύων
1319 2023 1511 2095 μοίρας
1536 2025 1582 2077 λ’
1601 2041 1615 2054 ι
1649 2023 1771 2077 ὅθεν
1797 2025 1855 2076 ὲν
1882 2022 2059 2093 πολλῷ

473 2113 650 2185 χρόνῳ
677 2113 775 2186 τὴν
808 2115 1085 2185 ἀναφορὰν
1128 2118 1380 2170 ποιεῖται.
1429 2115 1682 2185 Εύλόγως
1731 2111 1822 2169 οὖν
1870 2117 1962 2168 καὶ
2002 2118 2058 2167 ἐν

472 2209 594 2270 ταῖς
622 2210 959 2279 χειμεριναῖς
987 2207 1106 2273 νυξὶ
1134 2208 1230 2262 καὶ
1270 2209 1328 2262 ὲν
1372 2211 1492 2272 ταῖς
1533 2207 1772 2281 θεριναῖς
1801 2207 1862 2274 ἓξ
1890 2207 2056 2273 ζώδια

473 2299 778 2366 ἀνατέλλει,
813 2301 907 2354 καὶ
947 2299 1007 2366 ’ἐξ
1048 2300 1216 2366 ξώδια
1256 2301 1415 2355 δύνει.
1476 2301 1540 2354 Oi
1594 2301 1702 2374 γὰρ
1751 2301 2060 2354 ἀνατολικοὶ

474 2393 676 2464 χρόνοι,
720 2391 830 2446 τῶν
872 2393 1077 2458 ζωδίων
1114 2393 1245 2447 ίσων
1284 2392 1456 2447 ὄντων
1505 2391 1647 2446 κατά
1699 2393 1760 2445 τὸ
1808 2391 2057 2464 μέγεθος,

474 2485 646 2539 ἄνισοι
682 2483 921 2552 γίνονται
951 2481 1094 2538 κατά
1119 2483 1246 2546 τοὺς
1279 2483 1527 2554 χρόνους.
1565 2482 1675 2536 Καὶ
1719 2485 1777 2535 ὲν
1813 2482 1911 2552 μὲν
1939 2485 2061 2546 ταῖς

472 2579 810 2650 χειμεριναίς
836 2574 955 2641 νυξὶ
981 2575 1050 2629 τὰ
1084 2575 1434 2646 πολυχρόνιον
1477 2574 1772 2644 ποιούμενα
1801 2572 1895 2644 τὴν
1923 2573 2058 2626 ἀνα-

472 2669 633 2741 τολὴν
658 2666 1018 2739 ἀναφέρεται·
1046 2668 1104 2720 ἐν
1144 2665 1202 2719 δὲ
1225 2668 1347 2729 ταῖς
1398 2664 1637 2736 θεριναῖς
1685 2662 1806 2729 νυξὶ
1852 2662 1924 2717 τὰ
1962 2680 2060 2718 τα-

473 2765 624 2833 χεῖαν
657 2761 958 2832 ποιούμενα
986 2761 1086 2832 τὴν
1119 2758 1385 2830 ἀνατολὴν
1425 2758 1729 2813 ἀνατέλλει.

545 2854 609 2908 Οἱ
646 2854 746 2926 μὲν
784 2849 877 2907 οὖν
907 2853 1122 2924 ἀρχαῖοι
1163 2849 1416 2922 καθάπερ
1454 2851 1546 2904 ὲπὶ
1576 2850 1686 2903 τῶν
1721 2847 1865 2902 κατὰ
1894 2846 2062 2912 συζυ-

474 2945 601 3016 γίαν
634 2946 841 3012 ζωδίων
873 2945 1148 3016 ἠγνόησαν
1169 2982 1185 3008 ,
1217 2941 1392 3006 οὕτως
1438 2942 1534 2996 καὶ
1579 2942 1638 2995 ὲν
1669 2943 1780 3005 τοῖς
1816 2939 2064 2995 ἀνατολι-

477 3043 594 3104 κοῖς
619 3039 831 3111 χρόνοις
862 3038 971 3092 τῶν
997 3037 1202 3104 ζωδίων
1226 3036 1548 3108 διήμαρτον.
1593 3035 2062 3108 Ὑποστησάμενοι

2241 531 2286 583 Δ
2313 542 2458 585 nocte
2485 533 2762 597 incipiente
2789 531 3050 585 attollitur
3075 547 3236 600 supra
3265 542 3482 587 terram.

2247 643 2541 701 Dubitatur
2576 646 2691 716 jam
2723 645 3002 717 quomodo
3037 647 3204 702 etiam
3237 646 3292 700 in
3329 646 3668 718 longissimis
3694 657 3752 703 et

2171 738 2228 793 in
2252 739 2596 794 brevissimis
2617 739 2872 795 noctibus
2895 738 3284 796 semicirculus
3306 741 3515 796 zodiaci
3536 750 3590 795 et
3607 740 3755 795 oria-

2169 839 2261 884 tur
2298 836 2354 884 et
2381 830 2618 885 occidat.
2666 828 2754 885 Fit
2789 838 2972 886 autem
3004 832 3131 900 ,hoc
3175 840 3397 902 pr0pter
3443 831 3754 887 inclinatio-

2167 939 2295 978 nem
2324 922 2557 978 zodiaci.
2587 921 2724 977 Nam
2754 931 2975 994 propter
3005 923 3402 994 obliquitatem,
3436 925 3490 978 in
3542 931 3755 994 tempo-

2171 1015 2327 1072 ribus
2373 1016 2735 1086 inaaqualibus
2757 1017 3010 1071 oriuntur
3038 1025 3092 1071 et
3118 1017 3378 1072 occidunt
3410 1016 3619 1072 zodiaci
3665 1033 3755 1072 se-

2167 1107 2460 1163 micirculi.
2491 1106 2627 1161 Nam
2677 1122 2801 1162 cum
2828 1107 3088 1162 zodiacus
3123 1107 3226 1177 17
3263 1108 3502 1163 circulus
3529 1120 3613 1162 est
3647 1107 3753 1161 hn-

2169 1199 2436 1255 millimus
2469 1199 2534 1254 ad
2558 1199 2924 1274 horizontem,
2976 1199 3120 1271 quod
3157 1202 3221 1254 ιιι
3258 1214 3380 1254 cum
3429 1200 3752 1270 Capricorni

2168 1290 2345 1361 prima
2372 1306 2500 1362 pars
2535 1289 2770 1345 medium
2811 1290 2935 1344 caali
2981 1297 3148 1354 tenet,
3200 1295 3440 1343 velocem
3487 1289 3618 1345 facit
3662 1307 3756 1345 or-

2164 1391 2281 1436 tum
2315 1383 2694 1438 semicirculus
2751 1382 2845 1453 qui
2889 1389 2975 1437 est
3016 1382 3086 1435 ah
3127 1380 3330 1436 Arietis
3369 1381 3544 1451 prima
3596 1391 3754 1451 parte

2165 1488 2341 1543 usque
2362 1471 2431 1526 ad
2453 1471 2692 1542 Virginis
2723 1479 2931 1543 partem
2962 1471 3316 1527 tricesimam.
3353 1471 3488 1526 Nam
3531 1472 3754 1543 oblique

2165 1566 2312 1620 cadit
2353 1565 2420 1619 ad
2456 1565 2817 1632 horizontem,
2872 1572 2928 1620 et
2969 1565 3024 1618 in
3068 1565 3256 1620 multis
3301 1565 3546 1636 partibus
3589 1565 3754 1620 simul

2163 1670 2343 1715 ortum
2375 1659 2525 1716 facit.
2567 1659 2703 1714 Cum
2758 1675 2888 1714 vero
2946 1659 3205 1714 zodiacus
3251 1667 3337 1714 est
3376 1657 3752 1724 rectissimus,

2161 1751 2308 1822 quod
2344 1751 2421 1816 lit,
2443 1767 2566 1806 cum
2595 1751 2769 1819 prima
2802 1765 2930 1820 pars
2961 1748 3158 1804 Cancri
3211 1749 3450 1804 medium
3497 1749 3622 1802 (ιιι)ιὶ
3665 1756 3752 1803 tc-

2164 1852 2278 1911 uet,
2307 1844 2550 1899 velocem
2573 1842 2704 1897 facit
2725 1852 2910 1898 ortum
2941 1851 2994 1898 et
3014 1843 3395 1896 semicirculus
3453 1842 3546 1911 qui
3593 1850 3678 1897 est
3721 1855 3752 1893 ιι

2163 1934 2342 1990 Librae
2388 1935 2563 2006 prima
2603 1941 2758 2005 parte
2790 1949 2962 2003 usque
3011 1933 3076 1988 ad
3121 1931 3361 1988 Piscium
3402 1942 3611 1996 partem
3656 1932 3752 1985 tri-

2161 2027 2418 2082 cesimam
2449 2044 2462 2080 :
2494 2026 2641 2081 unde
2679 2025 2734 2079 in
2757 2025 2916 2094 longo
2937 2032 3182 2094 tempore
3205 2033 3384 2078 ortum
3419 2024 3568 2079 facit.
3608 2022 3756 2078 Con-

2160 2117 2446 2172 venieuter
2474 2115 2640 2185 igitur
2667 2125 2720 2169 et
2757 2115 2808 2169 in
2842 2113 3088 2168 hibernis
3111 2113 3388 2177 noctibus,
3425 2121 3479 2168 et
3522 2113 3576 2166 in
3606 2112 3755 2166 testi-

2161 2208 2264 2272 vis,
2310 2223 2406 2263 sex
2432 2207 2588 2280 signa
2621 2208 2895 2273 oriuntur,
2919 2213 2973 2261 et
2995 2221 3088 2260 sex
3133 2206 3289 2276 signa
3311 2206 3589 2260 occidunt.
3616 2203 3752 2258 Nam

2160 2302 2336 2356 ortiva
2386 2308 2668 2372 tempora,
2725 2301 2828 2356 etsi
2894 2300 3051 2370 signa
3093 2299 3272 2369 quoad
3327 2298 3754 2370 n'taguitudineut

2163 2402 2291 2448 sunt
2319 2395 2570 2464 mqualia,
2625 2393 2763 2447 ﬁunt
2805 2393 3092 2464 inaequalia
3139 2391 3442 2449 secundum
3484 2398 3754 2458 tempora.

2163 2486 2229 2540 Et
2250 2488 2472 2556 quidem
2492 2489 2547 2542 in
2587 2487 2834 2542 hibernis
2876 2488 3134 2542 noctibus
3180 2502 3244 2541 ea
3295 2487 3453 2556 signa
3501 2486 3756 2539 oriuntur

2162 2593 2283 2648 qua:
2319 2577 2536 2631 tardum
2569 2577 2776 2632 faciunt
2804 2587 2984 2632 ortum
3012 2595 3026 2645 ;
3074 2577 3130 2630 in
3159 2576 3365 2631 aestivis
3404 2578 3659 2633 noctibus
3689 2591 3756 2632 ea

2163 2667 2416 2720 oriuntur
2445 2666 2599 2737 signa
2619 2681 2740 2736 quae
2765 2667 3004 2722 velocem
3039 2666 3249 2721 faciunt
3285 2676 3490 2723 ortum.

2236 2863 2460 2919 Veteres
2489 2861 2687 2934 igitur,
2725 2863 3185 2936 quemadmodum
3235 2879 3346 2919 non
3389 2871 3538 2920 recte
3591 2865 3754 2919 intel-

2164 2954 2415 3011 lexerunt
2463 2956 2618 3026 signa
2655 2945 3074 3019 combinatoria,
3109 2956 3192 3011 sic
3239 2957 3403 3010 etiam
3448 2957 3504 3010 in
3559 2957 3755 3012 ortivis

2164 3045 2506 3118 temporibus
2535 3047 2818 3116 signorum
2857 3053 3198 3102 erraverunt.
3234 3046 3371 3102 Cum
3408 3048 3555 3101 enim
3608 3063 3752 3118 pra:-

475 3131 585 3203 γὰρ
612 3130 902 3204 ὀρθότατον
939 3125 1079 3184 εἶναι
1111 3129 1203 3182 τὸν
1245 3127 1507 3192 ζωδιακὸν
1535 3127 1756 3193 κύκλον,
1783 3128 2061 3200 Καρκίνου

2168 3136 2594 3220 supposuissent
2619 3137 2904 3192 zodiacum
2934 3138 3200 3192 circulum
3232 3145 3348 3192 tum
3377 3137 3750 3193 rectissin‘nnn

478 3223 703 3296 πρώτης
743 3223 936 3295 μοίρας
983 3222 1424 3296 μεσουρανούσης
1446 3239 1461 3255 ο
1517 3223 1638 3277 ἐπεὶ
1687 3221 1831 3277 κατά
1879 3222 2067 3276 τοῦτον

474 3316 567 3372 τὸν
615 3317 804 3388 καιρὸν
849 3315 1127 3370 ἀνατέλλει
1170 3316 1268 3388 μὲν
1318 3316 1530 3386 Ζυγὸς,
1563 3315 1710 3369 δύνει
1750 3314 1808 3368 δὲ
1854 3315 2025 3386 Κριός
2050 3332 2065 3347 ο

478 3407 830 3480 ἀπεφήναντο
854 3409 913 3462 ὲν
944 3407 1183 3478 πλείστῳ
1212 3407 1310 3478 μὲν
1343 3407 1522 3480 χρόνῳ
1540 3407 1850 3462 ἀνατέλλειν
1873 3407 2066 3477 Ζυγδν,

475 3502 536 3555 ὲν
567 3499 808 3572 πλείστῳ
851 3499 908 3553 δὲ
941 3498 1117 3570 χρόνῳ
1149 3497 1327 3552 δύνειν
1369 3499 1563 3570 Κριόν.
1604 3498 1774 3553 Πάλιν
1816 3499 1938 3552 ἐπεὶ
1968 3515 2069 3552 τα-

481 3592 794 3658 πεινότατος
825 3592 1037 3663 γίνεται
1070 3592 1099 3644 ὁ
1129 3591 1239 3646 τῶν
1271 3591 1478 3656 ζωδίων
1519 3590 1742 3656 κύκλος,
1787 3592 2071 3661 Αίγόκερω

482 3682 706 3756 πρώτης
747 3683 943 3756 μοίρας
979 3683 1457 3756 μεσουρανούσης,
1494 3683 1636 3738 κατά
1667 3683 1857 3737 τοῦτον
1889 3683 2070 3737 δὲ.τὸν

477 3775 671 3848 καιρὸν
703 3775 987 3830 ἀνατέλλει
1022 3776 1122 3847 μὲν
1153 3777 1347 3848 Κριὸς,
1375 3775 1519 3831 δύνει
1545 3775 1603 3829 δὲ
1630 3775 1802 3844 Ζυγός
1825 3791 1838 3803 ·
1866 3776 2072 3846 ἀπεφή-

476 3883 635 3921 ναντο
678 3867 779 3938 μὲν
822 3867 1056 3940 τάχιστα
1102 3868 1417 3923 ἀνατέλλειν
1460 3868 1662 3940 Κριὸν,
1699 3867 1966 3940 ἐλαχίστῳ
2012 3869 2068 3922 δὲ

479 3960 662 4031 χρόνῳ
679 3959 858 4013 δύνειν
881 3959 1074 4030 Ζυγόν.
1100 3959 1272 4014 Πάλιν
1302 3960 1426 4014 ἐπεὶ
1456 3959 1629 4032 μέσην
1661 3959 1904 4028 ἔγκλισιν
1932 3959 2071 4032 λαμ-

481 4052 634 4108 ϐάνει
655 4054 684 4107 ὁ
713 4053 823 4107 τῶν
851 4052 1058 4118 ζωδίων
1087 4051 1288 4116 κύκλος
1311 4052 1451 4124 πρὸς
1482 4051 1574 4107 τὸν
1601 4051 1873 4124 ὁρίζοντα,
1896 4051 2068 4125 Κριοῦ

480 4145 706 4218 πρώτης
750 4144 942 4217 μοίρας
989 4143 1467 4218 μεσουρανούσης,
1505 4145 1602 4199 καὶ
1634 4143 1809 4212 Ζυγοῦ
1844 4143 2068 4216 πρώτης

485 4238 679 4312 μοίρας
712 4237 1180 4311 μεσουρανούσης·
1205 4237 1484 4292 ἀνατέλλει
1514 4236 1613 4309 μὲν
1641 4237 1944 4308 Καρκίνος,
1974 4235 2068 4290 δύ-

479 4347 561 4384 νει
595 4330 653 4384 se
686 4329 1028 4404 Αίγόκερως·
1067 4327 1209 4382 ὥστε
1247 4330 1412 4400 μέσον
1443 4328 1635 4401 χρόνον
1673 4329 1774 4400 τῆς
1807 4327 2068 4399 ἀνατολῆς

479 4418 624 4492 ἔχειν
653 4420 952 4492 Καρκίνον,
984 4421 1080 4474 καὶ
1117 4420 1281 4492 μέσον
1313 4421 1505 4493 χρόνον
1539 4422 1639 4493 τῆς
1667 4420 1873 4485 δύσεως
1904 4422 2066 4490 Αἰγό-

2167 3243 2311 3293 esse,
2347 3242 2470 3282 cum
2503 3225 2703 3282 Cancri
2747 3225 2924 3297 prima
2966 3243 3096 3298 pars
3135 3227 3372 3281 medium
3411 3227 3537 3282 coeli
3585 3235 3756 3282 tene—

2169 3328 2288 3388 ret;
2329 3333 2566 3389 cumque
2619 3319 2722 3373 hoc
2775 3325 3020 3390 tempore
3052 3319 3262 3374 oriatur
3289 3318 3490 3384 Libra,
3535 3319 3755 3376 occidat

2167 3404 2365 3461 Aries:
2399 3405 2528 3461 inde
2581 3413 2893 3462 statuerunt
2954 3407 3276 3477 longissimo
3319 3417 3567 3480 tempore
3615 3411 3750 3466 oriri

2168 3495 2411 3562 Libram,
2445 3503 2499 3552 et
2531 3496 2854 3568 longissimo
2905 3503 3150 3568 tempore
3193 3499 3449 3556 occidere
3486 3501 3750 3556 Arietem.

2171 3585 2388 3644 Rursus
2409 3603 2534 3643 cum
2564 3588 2906 3644 humillimus
2941 3589 3034 3644 liat
3062 3590 3346 3656 zodiacus,
3377 3593 3554 3661 prima
3601 3603 3756 3664 parte

2169 3681 2494 3753 Capricorni
2525 3689 2743 3737 tenente
2775 3681 3015 3737 medium
3057 3684 3211 3749 coeli,
3242 3693 3297 3739 et
3351 3684 3456 3739 hoc
3503 3692 3752 3756 tempore

2170 3775 2384 3828 oriatur
2410 3773 2591 3838 Aries,
2624 3773 2790 3828 Libra
2824 3774 3041 3829 occidat
3072 3793 3086 3829 :
3123 3783 3435 3832 statuerunt
3462 3778 3750 3833 celerrime

2171 3867 2308 3921 oriri
2347 3866 2613 3933 Arietem,
2659 3877 2714 3922 et
2745 3868 3035 3923 celerrimo
3066 3875 3313 3940 tempore
3367 3871 3619 3925 occidere
3661 3869 3755 3924 Li-

2171 3959 2352 4013 bram.
2383 3955 2599 4012 Rursus
2636 3973 2759 4012 cum
2789 3959 3022 4013 mediam
3047 3959 3456 4015 inclinationem
3495 3962 3755 4016 zodiacus

2171 4056 2288 4102 tum
2316 4047 2384 4102 ad
2419 4048 2759 4102 horizontem
2790 4049 3040 4120 accipiat,
3077 4065 3202 4104 cum
3239 4052 3413 4120 prima
3439 4067 3566 4122 pars
3597 4053 3756 4108 Arie~

2173 4143 2244 4197 tis
2269 4141 2510 4214 medium
2543 4140 2666 4196 creli
2698 4152 2951 4211 occupat,
2982 4150 3035 4196 et
3065 4140 3244 4196 Libra:
3266 4157 3394 4213 pars
3419 4143 3594 4214 prima
3638 4159 3753 4199 me-

2177 4233 2330 4287 dium
2364 4231 2489 4286 caeli
2522 4237 2692 4293 tenet,
2722 4231 2937 4284 oriatur
2965 4241 3146 4285 autem
3194 4229 3406 4286 Cancer
3435 4240 3490 4286 et
3539 4233 3754 4288 occidat

2175 4324 2554 4394 Capricornus
2595 4341 2610 4377 :
2648 4329 2961 4376 statuerunt
3014 4323 3198 4393 igitur,
3250 4323 3489 4378 medium
3537 4331 3755 4394 tempus

2175 4423 2332 4470 ortus
2360 4415 2561 4470 habere
2590 4415 2884 4478 Cancrum,
2915 4423 2968 4469 et
3001 4415 3238 4469 medium
3269 4425 3482 4487 tempus
3519 4431 3753 4473 occasus

478 4529 676 4585 κερωνο
705 4513 867 4566 πάλιν
887 4512 943 4566 δὲ
965 4511 1160 4585 Χηλῶν
1182 4514 1648 4586 μεσουρανουσῶν,
1680 4513 1842 4584 μέσον
1870 4515 2063 4584 χρόνον

2168 4509 2602 4579 Capricornum;
2637 4523 2829 4563 rursus
2861 4505 3044 4561 Chelis
3078 4508 3315 4562 medium
3366 4508 3487 4564 (ια)Ιί
3519 4510 3758 4564 tenenti-

479 4605 577 4678 τῆς
604 4605 871 4677 ἀνατολῆς
905 4605 1014 4672 ἕξει
1037 4607 1373 4681 Αίγόκερως,
1408 4609 1502 4662 καὶ
1548 4606 1710 4679 μέσον
1737 4607 1837 4678 τῆς
1869 4607 2070 4672 δύσεως

479 4700 672 4772 χρόνον
699 4699 994 4771 Καρκίνος.
1046 4700 1111 4753 'H
1143 4699 1200 4753 δὲ
1228 4701 1462 4772 τοσαύτη
1497 4699 1712 4764 ἔκθεσις
1743 4700 1850 4754 τῶν
1878 4701 2071 4756 ἀνατο-

478 4788 646 4843 λικῶν
685 4791 896 4862 χρόνων
948 4790 1101 4862 παρά
1142 4794 1255 4855 τοῖς
1303 4791 1552 4863 ἀρχαίοις
1597 4793 1714 4845 ἐστὶ
1770 4792 2071 4865 διημαρτη-

482 4881 640 4954 μένη.
685 4881 840 4936 Ἐπεὶ
878 4882 987 4954 γὰρ
1023 4883 1245 4954 Δίδυμοι
1291 4884 1386 4936 καὶ
1431 4884 1707 4955 Καρκίνος
1754 4885 1853 4956 τὴν
1901 4885 2070 4956 αὐτὴν

479 4970 723 5042 ἔγκλισιν
776 4971 991 5043 ἔχουσιν
1042 4973 1100 5024 ἐν
1142 4971 1220 5042 τῷ
1266 4969 1514 5041 ζωδιακῷ
1565 4970 1750 5040 κύκλῳ
1796 4970 1931 5042 πρὸς
1979 4969 2070 5024 τὸν

479 5060 762 5136 ὁρίζοντα,
795 5065 889 5117 καὶ
919 5063 1019 5133 τὴν
1054 5063 1226 5134 αὐτὴν
1258 5063 1559 5117 ἀπόστασιν
1589 5063 1696 5115 ἀπὸ
1725 5060 1819 5115 τού
1855 5060 2068 5130 θερινοῦ

485 5212 813 5268 Strabonem
840 5214 933 5270 lib.
969 5231 1032 5280 ll,
1062 5215 1426 5286 ὲξηκοντάδας
1450 5230 1550 5284 pro
1582 5215 1688 5268 alia
1716 5229 1850 5269 voce
1871 5214 2064 5284 depra-

483 5294 609 5337 vata
644 5286 859 5356 restitui
904 5287 1127 5356 jubens,
1170 5289 1542 5356 sexagesimus
1584 5286 2070 5356 partesiinlerpre-

485 5364 633 5409 tatus
659 5356 748 5409 sit.
777 5354 888 5410 Hoc
908 5354 1039 5410 vero
1069 5354 1368 5411 Salmasius
1391 5357 1533 5427 (pag.
1562 5355 1687 5427 664)
1713 5355 1861 5427 _ideo
1885 5371 2070 5424 repre-

487 5427 696 5496 hendit,
733 5427 878 5495 quod
919 5441 982 5479 ea
1017 5429 1243 5482 notione
1283 5425 1631 5482 scribendum
1671 5425 2065 5496 ἑξηκοστάδας,

487 5497 532 5548 si
565 5495 785 5566 quidem
814 5496 1129 5568 έξηκοντάς,
1159 5498 1354 5566 inquit,
1381 5505 1467 5552 est
1514 5497 1926 5568 sexagenarius,
1958 5513 2066 5550 non

487 5581 616 5634 pars
645 5567 1020 5636 sexagesima;
1052 5575 1192 5624 sicut
1221 5567 1384 5630 δεκάς
1418 5583 1526 5621 non
1557 5567 1765 5621 decima
1790 5581 1936 5635 pars,
1973 5568 2068 5622 sed

488 5637 734 5691 decuria.
769 5637 1082 5691 Secundum
1127 5638 1230 5692 hoc
1265 5637 1680 5707 grammaticum
1721 5637 2070 5692 interdictum

486 5707 859 5761 vadimonium
912 5709 1082 5762 Arato
1127 5709 1372 5775 dicetur;
1407 5723 1508 5762 nec
1549 5722 1806 5762 recusare
1843 5708 2065 5775 poterit,

486 5778 622 5836 cuin
658 5777 726 5834 ad
746 5777 988 5835 tribunal
1027 5776 1280 5835 Salmasii
1312 5794 1439 5835 reus
1468 5779 1687 5845 citetur,
1727 5778 1873 5849 quod
1904 5776 2067 5832 δωδε-

2173 4600 2296 4665 bus,
2321 4599 2560 4655 medium
2605 4608 2820 4669 tempus
2849 4609 3003 4654 ortus
3033 4598 3253 4654 habebit
3279 4597 3669 4669 Capricornus,
3699 4612 3754 4656 et

2171 4691 2413 4745 medium
2473 4699 2690 4762 tempus
2737 4706 2971 4747 occasus
3004 4692 3234 4747 Cancer.
3279 4692 3429 4748 Talis
3481 4693 3754 4762 expositio

2172 4781 2476 4836 ortivorum
2517 4789 2822 4851 temporum
2869 4781 3013 4852 apud
3062 4793 3273 4838 veteres
3316 4781 3450 4838 falsa
3478 4792 3583 4838 est.
3615 4782 3754 4837 Cum

2173 4876 2318 4928 enim
2354 4873 2566 4929 Gemini
2604 4880 2659 4928 et
2690 4872 2902 4928 Cancer
2939 4875 3188 4929 eamdem
3248 4875 3484 4930 habeant
3519 4875 3755 4929 inclina-

2171 4967 2377 5020 tionem
2433 4965 2486 5019 in
2516 4965 2744 5020 zodiaco
2772 4965 2840 5019 ad
2889 4965 3249 5032 horizontem,
3281 4967 3638 5037 eamdemque
3666 4967 3719 5022 di
3739 4997 3753 5008 -

2177 5059 2438 5114 stantiam
2467 5058 2535 5114 ab
2552 5059 2739 5113 aestivo
2765 5059 2976 5129 tropico
3005 5059 3182 5130 signo,
3217 5067 3270 5115 et
3299 5059 3513 5116 dierum
3545 5062 3756 5132 magni-

2172 5212 2341 5276 κάδοις
2372 5213 2658 5284 scripserit
2694 5230 2794 5283 pro
2832 5215 3226 5279 δωδεκατάδας.
3271 5213 3344 5271 Ut
3383 5216 3527 5270 enim
3568 5217 3638 5268 ab
3665 5231 3752 5277 eo,

2172 5285 2330 5358 quod
2375 5293 2458 5358 est
2490 5283 2816 5358 ίέξηκοστός,
2848 5284 3072 5358 deﬂecti
3105 5288 3214 5358 vult
3255 5287 3353 5358 τὴν
3398 5285 3754 5358 ἑξηκοστάδα,

2172 5355 2252 5410 sic
2283 5356 2352 5427 ab
2376 5353 2740 5427 ﬁexato¢,_vel
2765 5355 3067 5427 δωδέκατος
3099 5353 3334 5411 formare
3362 5353 3632 5427 Oportebit
3669 5356 3754 5409 δε-

2171 5425 2441 5498 κατάδας,
2494 5427 2578 5498 vel
2630 5425 3024 5498 δωδεκατόῶας.
3083 5429 3263 5498 Apage
3327 5425 3427 5482 has
3476 5427 3750 5498 ineptias:

2170 5496 2330 5570 τούτο
2377 5496 2797 5570 νομοθετοῦντός
2840 5499 2956 5570 εστι
2997 5496 3434 5570 τοῖςξόνόμασιν,
3475 5497 3574 5549 οὐκ
3621 5497 3754 5570 ἀληέ

2173 5564 2534 5639 θεύοντος,ὐι
2567 5582 2691 5621 cum
2721 5567 3066 5623 Nazianzeno
3110 5564 3323 5639 loquar.
3357 5568 3638 5622 Postremo
3668 5564 3753 5621 vel

2176 5635 2374 5689 Strabo
2425 5637 2543 5708 ipse
2595 5639 2928 5696 correctoris
2979 5635 3250 5694 licentiam
3300 5641 3563 5702 refrenat,
3613 5639 3754 5708 apud

2174 5722 2334 5779 quem
2387 5707 2578 5779 paucis
2625 5715 2749 5779 post
2791 5709 2880 5762 illa
2920 5709 3190 5778 versibus,
3237 5709 3347 5766 τῶν
3386 5707 3757 5779 ὲξηκοντάδων

2177 5776 2499 5833 vocabulum
2535 5777 2748 5848 legitur.
