4116 6400
329 343 433 399 799
1343 343 1435 398 AD
1477 337 1743 396 EUSEBII
1796 329 2192 391 CHRONICON
2230 327 2594 385 APPENDIX.
3487 324 3593 381 ιω

324 458 551 513 tudines
571 456 905 527 aequales,et
926 458 1144 514 Canem
1174 459 1448 515 mediante
1480 460 1536 513 in
1563 459 1724 522 coelo,
1760 458 1908 512 oria-
1936 476 1949 509 Α

1962 458 1982 507 ι
2009 447 2270 520 τροπικοῢ
2299 446 2529 519 σημείου
2548 485 2563 509 ,
2598 444 2692 499 καὶ
2722 442 2793 497 τὰ
2824 441 3031 513 μεγέθη
3077 440 3185 495 τῶν
3213 437 3434 512 ήμερῶν
3465 441 3587 494 lca.

324 560 416 603 tur
439 548 599 613 Libra
628 569 641 604 :
676 551 732 605 in
763 551 1111 624 temporibus
1134 553 1436 624 mqualibus
1468 555 1722 609 oriuntur
1748 552 1909 623 Virgo

2011 541 2106 593 καὶ
2138 539 2384 611 Διδύμων
2417 538 2516 610 μὲν
2550 532 3022 609 μεσουρανούντων
3060 531 3339 586 ἀνατέλλει
3379 530 3591 602 Παρθέο

323 649 379 697 et
406 641 590 699 Libra.
885 623 890 624 γ
1203 623 1213 624 7
2010 650 2100 697 νος
2117 650 2132 664 ·
2163 632 2441 705 Καρκίνου
2468 631 2527 684 δὲ
2563 626 3045 702 μεσουρανοῦντος,
3072 623 3353 679 ἀνατέλλει
3386 623 3587 693 Ζυγόςο

2010 728 2070 779 ὲν
2100 724 2200 795 ῐσῳ
2228 725 2408 797 χρόνῳ
2429 722 2779 780 ἀνατέλλουσι
2813 719 3087 790 Παρθένος
3113 718 3209 772 καὶ
3239 716 3432 786 Ζυγός.

396 822 646 899 Cumque
696 829 1048 887 rectissimus
1102 828 1196 884 flat
1244 828 1542 897 zodiacus,
1582 829 1827 886 Geminis
1854 839 1909 887 et

2081 820 2194 873 Καὶ
2234 818 2357 872 ἐπεὶ
2385 817 2673 891 ὀρθότατος
2702 816 2913 885 γίνεται
2942 815 2972 867 6
2997 812 3105 867 τῶν
3135 809 3340 876 ζωδίων
3370 807 3587 874 κύκλος,

326 915 545 972 Cancro
597 918 832 974 medium
869 920 993 974 caeli
1036 921 1386 986 tenentibus,
1421 922 1742 993 longissimo
1769 931 1908 977 tem-

2009 911 2247 983 Διδύμου
2273 911 2367 965 καὶ
2406 910 2685 983 Καρκίνου
2732 905 3231 980 μεσουρανοῦντων,
3266 905 3325 958 ὲν
3353 903 3590 974 πλείστῳ

328 1023 463 1080 pore
491 1012 747 1065 oriuntur
773 1010 940 1084 Virgo
961 1019 1014 1067 et
1040 1012 1227 1082 Libra,
1246 1025 1301 1069 et
1326 1029 1438 1069 non
1471 1022 1683 1069 tantum
1700 1013 1902 1079 Chelae,

2013 1005 2190 1076 χρόνῳ
2223 1003 2569 1058 ἀνατέλλουσι
2595 1001 2867 1074 Παρθένος
2898 1000 2990 1053 καὶ
3013 997 3204 1066 Ζυγδς,
3229 999 3323 1051 καὶ
3342 997 3402 1050 οὐ
3432 995 3589 1067 μόνον

330 1107 389 1153 ιιι
422 1107 634 1156 veteres
665 1103 1057 1173 epinahanlur.

2011 1098 2070 1150 αἱ
2105 1096 2303 1168 Χηλαὶ,
2332 1096 2584 1170 καθάπερ
2616 1097 2664 1149 οἱ
2690 1095 2907 1165 ἀρχαῖοι
2927 1092 3303 1163 διελάμϐανον.

395 1190 613 1248 Rursus
648 1209 772 1249 cum
808 1195 1139 1267 Sagittarius
1168 1206 1221 1252 et
1250 1197 1622 1269 Capricornus
1657 1201 1904 1256 eamdem

2080 1190 2251 1245 Πάλιν
2284 1188 2341 1241 δὲ
2381 1186 2504 1240 ἐπεὶ
2533 1185 2768 1257 Τοξότης
2810 1184 2905 1238 καὶ
2933 1183 3248 1256 Αἰγόκερως
3282 1182 3380 1255 τὴν
3422 1181 3589 1255 αὐτὴν

327 1284 564 1340 habeant
605 1288 671 1343 ad
722 1288 1061 1345 horizontem
1118 1292 1564 1359 inclinationem,
1615 1301 1671 1349 et
1728 1293 1909 1365 Sagit-

2010 1283 2252 1352 ἐγκλισιν
2285 1281 2467 1351 ἔχουσι
2505 1278 2643 1351 πρὸς
2677 1277 2768 1331 τὸν
2795 1274 3044 1347 ὁρίζοντα
3064 1316 3079 1341 ,
3106 1274 3200 1328 καὶ
3230 1274 3456 1340 Τοξότσυ
3491 1290 3589 1344 με·-

325 1378 739 1434 ιιιι·ἰοίηθι1ἰιιηι
765 1383 890 1435 ςωιὶ
925 1392 1146 1439 tenente
1170 1387 1421 1440 oriantur
1450 1385 1661 1453 Pisces,
1693 1386 1910 1441 occidat

2012 1373 2433 1447 σουρανοῠντος,
2476 1369 2856 1425 ἀνατέλλουσιν
2895 1366 3100 1438 ’ἰχθύες
3124 1408 3140 1434 ,
3173 1366 3319 1421 δύνει
3355 1366 3412 1419 δὲ
3439 1365 3583 1453 Παρ-

326 1465 532 1538 Virgo:
569 1470 910 1540 Capricorno
950 1475 1192 1529 medium
1228 1476 1354 1530 ρωιὶ
1402 1487 1729 1547 occupante,
1757 1477 1908 1530 oria-

2010 1446 2163 1531 θένος
2185 1482 2200 1497 ο
2240 1465 2523 1536 Αἰγόκερω
2560 1463 2617 1516 δὲ
2648 1459 3111 1534 μεσουρανοῦντος
3131 1499 3147 1525 ,
3180 1459 3455 1514 ἀνατέλλει
3491 1446 3591 1531 μὲν

326 1569 420 1613 tur
469 1561 648 1627 Aries,
699 1565 916 1620 occidat
949 1566 1136 1633 Libra,
1173 1569 1376 1638 ﬁatque
1415 1569 1759 1624 humillimus
1815 1583 1909 1624 zo-

2008 1558 2200 1629 Κριὸς,
2235 1556 2381 1610 δύνει
2423 1555 2481 1608 δὲ
2527 1556 2699 1623 Ζυγὸς
2722 1593 2736 1617 ,
2765 1554 2859 1607 καὶ
2898 1552 3108 1620 γίνεται
3146 1552 3532 1616 ταπεινότατος
3560 1553 3591 1605 6

324 1651 543 1714 diacus,
575 1667 700 1707 cum
754 1653 1089 1724 Sagittarius
1141 1666 1195 1713 et
1242 1658 1615 1727 Capricornus
1669 1660 1723 1712 in
1765 1660 1905 1714 caelo

2008 1650 2118 1705 τῶν
2163 1648 2368 1715 ζωδίων
2401 1646 2630 1712 κύκλος,
2672 1646 2898 1714 Τοξότου
2946 1648 3041 1701 καὶ
3078 1646 3363 1719 Αίγόκερω
3394 1663 3593 1717 μεσου-

328 1742 572 1799 mediaut
608 1762 623 1797 :
677 1747 733 1801 in
792 1747 1121 1805 brevissimo
1150 1758 1400 1822 tempore
1450 1752 1709 1807 occidunt
1738 1751 1906 1823 Virgo
1942 1806 1953 1823 ε

1968 1806 1982 1823 .
2017 1743 2321 1814 ρανούντων
2338 1759 2350 1773 '
2380 1745 2438 1796 ἐν
2466 1741 2734 1812 ἐλαχίστῳ
2756 1741 2933 1813 χρόνῳ
2963 1740 3176 1795 δύνουσι
3199 1741 3472 1812 Παρθένος
3498 1741 3593 1795 καὶ

323 1831 587 1890 ctLihra.
1268 1805 1395 1822 Iw-
1759 1805 1802 1806 ἡ
1840 1805 1948 1864 οῗ]

579 1873 587 1890 .
1583 1805 2204 1906 νυΒὶυγός.

396 1922 613 1983 Rursus
650 1946 778 1987 vero
810 1946 934 1986 cum
959 1931 1210 1990 Piscibus
1243 1936 1480 1991 medium
1512 1936 1640 1991 caeli
1671 1937 1906 1991 tenenti-

2084 1929 2254 1983 Πάλιν
2301 1928 2356 1981 δὲ
2404 1928 2527 1981 ἐπεὶ
2568 1927 2787 1999 Ἰχθύων
2829 1927 3311 1999 μεσουρανούντων
3366 1928 3591 1982 ἀνατέλ-

324 2016 430 2073 bus
471 2022 723 2076 oriantur
752 2023 1007 2079 Gemini:
1044 2029 1230 2083 Ariete
1282 2029 1519 2083 medium
1567 2030 1691 2084 coeli
1743 2044 1907 2083 occu-

2012 2021 2165 2075 λουσι
2217 2021 2441 2093 Δίδυμοι
2469 2064 2483 2089 ,
2551 2020 2723 2092 Κριοῦ
2792 2020 3255 2092 μεσουρανοῦντος
3316 2019 3592 2075 ἀνατέλὶει

324 2117 493 2178 pante
541 2115 755 2169 oriatur
803 2116 1017 2173 Cancer
1050 2138 1063 2173 :
1097 2120 1349 2176 Piscibus
1380 2137 1510 2176 vero
1536 2130 1588 2177 et
1621 2122 1806 2176 Aricte
1850 2121 1907 2175 in

2013 2115 2287 2186 Καρκίνος
2315 2155 2329 2176 ,
2377 2112 2595 2184 Ἰχθύων
2637 2114 2695 2167 δὲ
2736 2115 2830 2168 καὶ
2875 2113 3046 2186 Κριοῦ
3091 2112 3606 2186 μεσουρανούνιιτων,Δ

323 2204 469 2260 οωΙο
519 2208 912 2277 mediantibus,
967 2212 1201 2267 mediam
1252 2214 1660 2270 inclinationem
1711 2214 1908 2269 haheat

2017 2207 2189 2278 μέσην
2219 2207 2461 2274 ἔγκλισιν
2495 2207 2609 2278 ἔχει
2642 2208 2671 2260 6
2711 2207 2975 2272 ζωδιακὸς
3002 2208 3234 2272 κύκλος·
3272 2208 3434 2280 μέσον
3482 2209 3593 2279 ἀρα

324 2296 588 2355 zodiacus
624 2319 636 2354 :
674 2303 910 2357 medium
965 2306 1133 2375 igitur
1170 2315 1388 2378 tempus
1423 2317 1577 2364 ortus
1621 2310 1906 2363 continent

2013 2299 2202 2370 Χρόνον
2226 2300 2324 2369 τῆς
2352 2299 2617 2369 ἀνατολῆς
2646 2299 2960 2369 περιέχουσι
2987 2299 3208 2370 Δίδυμοι
3248 2300 3342 2354 καὶ
3383 2297 3606 2370 Καρκίέ»

324 2382 543 2441 Gemini
584 2397 637 2444 et
668 2390 899 2460 Cancer,
937 2393 1270 2468 Sagittarius
1295 2414 1426 2454 vero
1460 2410 1514 2455 ct
1538 2400 1908 2473 Capricornus

1550 2400 1908 2473 Capricornus
2014 2409 2124 2458 νος,
2149 2392 2356 2457 δύσεως
2384 2392 2441 2446 δὲ
2472 2390 2707 2462 Τοξότης
2732 2393 2827 2446 καὶ¹
2843 2391 3175 2463 Αίγόκερως.

323 2493 577 2535 occasus.
2650 2531 2657 2537 -

399 2569 667 2629 Similiter
722 2592 869 2643 cum,
905 2578 1130 2651 Virgine
1157 2594 1211 2637 et
1245 2581 1432 2639 Chelis
1483 2583 1722 2639 medium
1777 2583 1906 2639 coeli

2094 2574 2331 2646 Ὁμοίως
2351 2574 2409 2628 δὲ
2441 2575 2562 2628 ἐπεὶ
2583 2572 2861 2645 Παρθένου
2887 2574 2981 2627 καλ¹
3006 2572 3199 2646 Χηλῶν
3229 2589 3597 2647 μεσουρανου-

324 2667 664 2731 tenentibus,
690 2672 925 2725 mediam
957 2674 1375 2731 inclinationem
1410 2676 1670 2732 zodiacus
1705 2676 1907 2732 habere

2016 2670 2125 2724 σῶν
2148 2670 2321 2742 μέσην
2353 2669 2593 2738 ἔγκλισιν
2623 2669 2765 2741 ἔχειν
2788 2668 3002 2739 λέγεται
3030 2671 3058 2723 6
3084 2668 3347 2734 ζωδιακὸς
3373 2668 3599 2735 κύκλος,

324 2759 567 2824 dicatur,
597 2769 653 2815 et
685 2760 912 2833 Virgine
969 2767 1208 2821 medium
1256 2769 1379 2822 coeli
1421 2779 1663 2831 tenente,
1695 2770 1908 2823 oriatur

2014 2762 2108 2816 καὶ
2124 2761 2400 2834 Παρθένου
2429 2760 2890 2834 μεσουρανούσης,
2909 2759 3187 2815 ἀνατέλλει
3217 2760 3315 2832 μὲν
3334 2760 3588 2834 Τοξότης,

327 2851 683 2925 Sagittarius,
717 2856 975 2920 occidant
1006 2857 1221 2914 Gemini
1244 2877 1258 2925 ;
1279 2860 1464 2916 Chelis
1490 2878 1620 2917 vero
1640 2863 1763 2918 coeli
1793 2878 1909 2918 meo

2012 2856 2229 2910 δύνουσι
2259 2856 2317 2909 δὲ
2363 2857 2583 2928 Δίδυμοι
2606 2873 2621 2887 ·
2658 2856 2853 2928 Χηλῶν
2885 2857 2941 2910 δὲ
2986 2857 3434 2929 μεσουρανουσῶν
3461 2857 3606 2911 ἀνα-⁴

326 2945 479 3001 dium
530 2950 932 3018 occupantibus
980 2951 1192 3005 oriatur
1238 2951 1651 3023 Capricornus,
1690 2955 1907 3010 occidat

2012 2950 2188 3004 τέλλει
2220 2949 2553 3022 Αίγόκερως,
2581 2948 2726 3014 δύνει
2758 2949 2815 3003 δὲ
2855 2949 3158 3022 Καρκίνος·
3198 2948 3363 3020 μέσον
3402 2948 3606 3020 χρόνοντ

253 3064 261 3073 ·
325 3036 562 3101 Cancer,
599 3041 836 3095 medium
899 3050 1113 3112 tempus
1159 3044 1438 3102 habebunt
1469 3057 1626 3102 ortus
1673 3046 1877 3117 Sagitta

2016 3042 2325 3115 περιέξουσι
2368 3042 2471 3112 τῆς
2517 3041 2780 3113 ἀνατολῆς
2830 3041 3064 3113 Τοξότης
3106 3040 3202 3095 καὶ
3257 3042 3607 3111 Αἰγόκερως,,

329 3131 448 3186 rius
476 3139 532 3187 et
560 3130 963 3203 Capricornus,
1000 3151 1236 3193 occasus
1269 3153 1399 3194 vero
1443 3136 1658 3194 Gemini
1681 3149 1737 3196 et
1765 3140 1954 3223 ϐου-ε(

1506 3140 1658 3194 ὲωίηἰ
1681 3149 1737 3196 et
1765 3140 1917 3211 Can-p
1937 3165 1982 3224 α
2014 3137 2112 3209 τῆς
2142 3136 2199 3190 δὲ
2225 3135 2433 3199 δύσεως
2460 3135 2684 3208 Δίδυμοι
2716 3135 2811 3189 xa‘t
2838 3134 3131 3208 Καρκίνος.

328 3236 442 3277 cer.

401 3312 480 3367 Ex
510 3314 596 3371 his
623 3316 978 3373 manifestum
1011 3326 1097 3375 cst
1120 3323 1264 3391 quod
1295 3337 1359 3377 ea
1391 3323 1543 3393 signa
1582 3338 1704 3394 quae~
1734 3338 1914 3394 mqua-

2094 3318 2190 3373 Ἐκ
2218 3319 2275 3373 δὲ
2306 3318 2509 3373 τούτων
2536 3319 2789 3391 φανερὸν,
2824 3319 2905 3372 ὅτι
2935 3317 3004 3372 τά
3034 3319 3147 3371 τσον
3188 3316 3461 3388 ἀπέχοντα
3484 3315 3600 3372 τῶν

329 3405 458 3462 liter
488 3422 518 3460 a
553 3410 773 3477 punctis
808 3412 1036 3481 tropicis
1066 3424 1122 3468 et
1171 3416 1650 3484 aequinoctialibus
1680 3415 1908 3483 distant,

2011 3410 2311 3484 τροπικῶν,
2342 3413 2438 3466 καὶ
2458 3411 2566 3464 τῶν
2593 3411 2924 3482 ίσημερινῶν
2948 3409 3186 3482 σημείων
3209 3410 3267 3462 ἐν
3294 3407 3394 3479 ἴσῳ
3419 3408 3595 3479 χρόνῳ

329 3500 630 3569 aequalibus
663 3504 1005 3571 temporibus
1030 3490 1287 3560 oriantur
1313 3513 1369 3560 et
1396 3508 1671 3574 occidant;
1710 3515 1909 3562 etcum

2013 3503 2329 3569 ἀνατέλλει,
2360 3504 2454 3557 καὶ
2503 3503 2690 3558 δύνεν
2741 3504 2837 3558 καὶ
2883 3503 3007 3557 ἐπεὶ
3056 3504 3114 3557 ἐν
3153 3501 3304 3574 πάσῃ
3341 3502 3498 3555 νυκτὶ⁸
3536 3500 3596 3565 ἓξ

332 3592 483 3645 omni
515 3600 675 3647 nocte
694 3608 790 3647 sex
828 3595 987 3664 signa
1014 3596 1266 3649 oriantur
1290 3596 1345 3650 in
1377 3596 1527 3652 horis
1554 3597 1641 3663 12,
1678 3604 1734 3651 et
1759 3596 1911 3652 omni

2014 3596 2183 3661 ζὼδια
2224 3595 2505 3650 ἀνατέλλει
2552 3598 2609 3649 ὲν
2649 3595 2818 3668 ὥραις
2854 3595 2942 3661 ιϐ’,
2978 3594 3229 3667 φανερὸν,
3269 3595 3353 3647 ὅτι
3398 3593 3495 3647 καὶ
3536 3593 3594 3645 ὲν

330 3683 421 3739 die
450 3700 545 3740 sex
577 3686 733 3756 signa
764 3689 1015 3741 oriantur
1044 3689 1098 3742 in
1135 3687 1288 3744 horis
1334 3687 1417 3753 l2,
1453 3689 1804 3744 manifestum
1828 3697 1913 3745 est

2015 3689 2199 3760 ἡμέρᾳ
2236 3688 2332 3742 καὶ
2371 3687 2526 3741 νυκτὶ
2563 3685 2629 3740 ι6⁸
2662 3685 2827 3752 ζὼδια
2870 3686 3149 3741 ἀνατέλλει
3190 3688 3248 3741 ὲν
3294 3684 3465 3758 ῶραις
3494 3684 3593 3747 κδ’,

331 3773 480 3844 quod
510 3783 564 3829 et
597 3777 653 3830 in
686 3778 775 3831 die
797 3787 850 3833 et
881 3779 938 3833 in
971 3790 1129 3834 nocte
1158 3779 1225 3833 12
1253 3781 1406 3851 signa
1443 3782 1695 3835 oriantur
1723 3782 1778 3835 in
1813 3781 1915 3836 ho-

2014 3780 2075 3833 τὸ
2102 3779 2159 3832 δὲ
2188 3779 2245 3832 ἒν
2289 3777 2477 3844 ζώδιον
2509 3778 2790 3833 ἀνατέλλει
2834 3779 2892 3832 ὲν
2937 3777 3087 3832 δυσὶν
3115 3777 3287 3850 ὥραις
3318 3776 3461 3831 κατὰ
3502 3776 3602 3832 τὸν

331 3870 412 3924 ris
436 3865 529 3934 94,
562 3875 617 3922 et
646 3884 812 3923 unum
866 3871 1083 3941 signum
1112 3872 1168 3926 iu
1209 3872 1244 3926 2
1274 3872 1427 3927 horis
1467 3872 1768 3927 secundum
1801 3888 1915 3929 me-

2019 3873 2184 3944 μέσον
2213 3872 2322 3927 τῶν
2347 3872 2621 3927 ἀνατολῶν
2650 3873 2862 3946 χρόνον.
2891 3872 3003 3927 Καὶ
3031 3871 3192 3927 πάλιν
3219 3872 3340 3924 ἐπεὶ
3361 3872 3419 3924 ὲν
3447 3872 3606 3944 ’πύκτῃ¹

333 3962 487 4017 dium
518 3970 740 4019 ortuu'n
775 3972 1011 4033 tempus.
1053 3963 1117 4019 Et
1151 3981 1344 4020 rursus
1387 3979 1513 4018 cum
1569 3964 1719 4018 omni
1752 3972 1916 4020 nocte

2015 3969 2173 4023 νυκτὶ
2206 3965 2266 4032 ἒξ
2312 3965 2477 4032 ζώδια
2511 3965 2655 4020 δύνει
2692 3968 2749 4020 ἐν
2788 3965 2958 4039 ὥραις
3004 3963 3092 4030 ιϐ’,
3130 3963 3364 4036 φανερὸν
3398 3966 3463 4017 ἐκ
3488 3962 3597 4016 τῶν

336 4070 431 4108 εει
455 4055 610 4124 signa
660 4056 915 4110 oriantur
947 4056 1000 4109 in
1038 4056 1188 4111 horis
1217 4056 1306 4120 12,
1346 4055 1700 4112 manifestum
1731 4067 1816 4112 est
1847 4072 1915 4112 ex

2016 4059 2196 4115 αὐτῶν
2218 4100 2233 4125 ,
2263 4060 2344 4112 ὅτι
2393 4058 2455 4113 τὸ
2485 4057 2543 4111 ἓν
2582 4056 2768 4124 ζώδιον
2810 4060 2868 4112 ὲν
2908 4057 3060 4112 δυσὶν
3101 4056 3273 4130 ὥραις
3305 4055 3473 4119 δύνει,
3501 4055 3597 4108 καὶ

334 4144 554 4211 iisdem,
585 4146 730 4215 quod
773 4164 942 4201 unum
987 4150 1203 4220 signum
1238 4150 1547 4206 intduabus
1582 4151 1733 4207 horis
1766 4150 1916 4205 occi-

2019 4154 2085 4207 ιϐ’
2113 4153 2278 4220 ζώδια
2307 4152 2587 4208 ἀνατέλλει
2630 4151 2726 4205 καὶ
2767 4151 2913 4205 δύνει
2948 4151 3007 4204 ὲν
3040 4149 3213 4222 ὥραις
3256 4149 3595 4221 ίσημεριναῖς

336 4237 452 4300 dat,
475 4248 528 4293 et
563 4238 630 4291 12
661 4240 816 4309 signa
847 4242 1119 4305 oriantur,
1140 4249 1194 4297 ct
1211 4242 1467 4296 occidant
1493 4244 1549 4297 in
1580 4242 1733 4299 horis
1752 4243 1918 4314 aequi-

2016 4246 2095 4301 κδ¹
2118 4266 2133 4278 ·
2171 4247 2267 4300 καὶ
2293 4247 2511 4301 πάντων
2542 4246 2651 4300 τῶν
2683 4244 2888 4310 ζωδίων
2915 4247 2943 4299 6
2978 4244 3383 4316 συναμφότερος
3406 4242 3596 4314 χρόνος

335 4329 666 4385 noctialibus
697 4330 800 4396 24,
836 4341 890 4386 et
920 4332 1164 4387 omnium
1201 4334 1480 4405 signorum
1513 4344 1727 4406 tempus
1758 4343 1915 4391 ortus

2017 4340 2116 4415 τῆς
2146 4340 2414 4411 ἀνατολῆς
2459 4341 2684 4412 καὶτῆς
2716 4337 2921 4404 δύσεὼς
2961 4342 3110 4393 ἐστιν
3154 4339 3268 4403 ἶσος
3309 4338 3468 4410 ὡρῶν
3515 4339 3597 4390 ίσ-

335 4431 390 4478 et
432 4439 687 4490 occasus,
744 4426 909 4481 simul
960 4435 1265 4497 sumptum,
1299 4427 1371 4483 sit
1413 4428 1626 4499 aequale
1680 4426 1912 4498 tempori

2015 4434 2296 4506 ημερινῶν
2344 4433 2454 4487 κδύ
2489 4433 2585 4487 καὶ
2635 4434 2736 4487 ὅσα
2792 4432 2890 4503 μὲν
2941 4430 3051 4485 τῶν
3091 4430 3295 4496 ζῳδίων
3328 4431 3386 4484 ὲν
3444 4428 3597 4483 πλεί-

336 4517 595 4571 horarum
655 4519 1116 4587 aequinoctialium
1140 4519 1230 4583 24,
1290 4528 1347 4575 et
1394 4520 1540 4591 quod
1574 4534 1912 4589 quaecunque
1945 4507 1961 4563 Ι

1977 4512 1989 4560 ⁵
2020 4546 2129 4599 στῳ
2154 4529 2331 4600 χρόνῳ
2360 4527 2658 4591 ἀνατέλλει,
2694 4528 2752 4580 ὲν
2785 4524 3053 4596 ἐλαχίστῳ
3084 4525 3260 4597 χρόνῳ
3291 4522 3472 4577 δύνει·
3498 4523 3602 4576 ὅσα

337 4610 494 4680 signa
530 4609 852 4681 longissimo
883 4619 1129 4682 tempore
1153 4612 1430 4676 oriuntur,
1470 4627 1535 4667 ea
1589 4612 1915 4668 brevissimo

2018 4620 2073 4674 δὲ
2099 4623 2158 4675 ὲν
2179 4621 2447 4693 ἐλαχίστῳ
2482 4620 2656 4693 χρόνῳ
2681 4618 3032 4691 ἀναφέρεται,
3057 4619 3114 4672 ὲν
3150 4617 3389 4688 πλείστῳ
3423 4614 3598 4689 χρόνῳ

334 4710 583 4773 tempore
623 4703 878 4758 occidant
919 4718 932 4757 τ
967 4720 1090 4776 quae
1118 4720 1247 4761 vero
1302 4705 1634 4760 brevissimo
1668 4712 1916 4775 tempore
2016 4713 2183 4768 δύνει,

335 4795 622 4861 oriuntur,
652 4811 716 4851 ea
746 4797 1069 4868 longissimo
1097 4809 1341 4868 tempore
1374 4799 1647 4853 occidant.

878 4933 985 5004 ιε
1013 4933 1243 4990 CAPUT
1292 4932 1384 4991 v1.
2296 4928 2299 4931 '

2296 4928 2299 4931 '
2544 4934 2939 4990 ΚΕΦΑΛΑΙΟΝ
2978 4932 3069 5001 (τ’.

938 5048 1016 5104 Dc
1053 5050 1341 5105 mensibus.

2611 5049 2749 5118 Περὶ
2777 5047 3007 5119 μηνῶν.

408 5187 613 5246 Mensis
642 5194 728 5244 est
774 5199 988 5259 tempus
1041 5203 1072 5243 a
1129 5187 1522 5257 conjunctione
1575 5186 1643 5242 ad
1692 5187 1921 5258 conjun-

2090 5188 2216 5259 Μήν
2244 5189 2361 5241 ἐστι
2394 5186 2586 5259 χρόνος
2616 5183 2728 5257 (50)
2766 5184 2874 5238 ἀπὸ
2917 5183 3137 5237 συνόδου
3168 5183 3260 5236 ἐπὶ
3299 5181 3534 5248 σύνοδον,
3562 5181 3597 5254 ἢ

339 5280 605 5343 ctionem,
640 5288 734 5334 aut
760 5295 790 5334 a
820 5279 1124 5350 plenilunio
1154 5279 1222 5334 ad
1262 5280 1645 5351 plenilunium.
1678 5278 1771 5335 Est
1818 5295 1919 5334 au-

2020 5276 2129 5330 ἀπὸ
2157 5275 2493 5347 πανσελήνου
2533 5275 2627 5328 ἐπὶ
2671 5273 3018 5344 πανσέληνον.
3070 5273 3224 5327 Ἐστι
3273 5273 3331 5327 δὲ
3383 5272 3600 5336 σύνοδος

336 5381 448 5427 tem
477 5372 826 5443 coniunctio,
852 5389 976 5428 cum
1005 5372 1057 5426 in
1083 5373 1274 5429 eadem
1325 5382 1480 5443 parte
1508 5374 1713 5429 fuerint
1746 5372 1825 5427 sol
1864 5383 1920 5428 et

2024 5366 2146 5438 μὲν,
2180 5367 2307 5420 ὅταν
2337 5367 2393 5420 ὲν
2425 5366 2492 5435 τῇ
2536 5364 2672 5435 αὐτῇ
2712 5362 2875 5435 μοίρᾳ
2921 5362 3145 5433 γένηται
3182 5364 3210 5414 6
3249 5360 3397 5431 ἥλιος
3438 5361 3533 5414 καὶ
3565 5361 3599 5429 ή

338 5465 469 5518 luna
510 5481 523 5516 :
557 5466 701 5537 quod
733 5465 789 5519 lit
809 5467 957 5522 circa
986 5466 1327 5521 tricesimum
1359 5464 1503 5519 diem
1539 5466 1701 5520 lunae.
1733 5463 1921 5520 Pleni-

2022 5457 2221 5530 σελήνη
2246 5476 2259 5489 ’
2288 5457 2431 5512 τοῦτ’
2466 5458 2581 5511 ἐστι
2610 5459 2738 5530 περὶ
2762 5457 2861 5527 τὴν
2886 5454 3153 5528 τριακάδα
3179 5453 3427 5526 σελήνης.
3457 5454 3601 5509 Παν-

339 5557 551 5629 lunium
596 5558 821 5626 dicitur,
857 5572 983 5613 cum
1046 5558 1178 5613 luna
1232 5557 1535 5613 secundum
1588 5558 1919 5614 diametrum

2024 5550 2248 5622 σέληνος
2285 5550 2343 5604 δὲ
2371 5549 2587 5620 λέγεται
2615 5588 2630 5614 ,
2658 5549 2787 5603 ὅταν
2823 5549 2857 5619 ή
2888 5547 3084 5620 σελήνη
3127 5546 3270 5600 κατά
3314 5545 3601 5617 διάμετρον

412 5732 682 5811 (30)M1j_r
704 5738 836 5811 ἐστι
863 5741 1102 5809 χρόνος.
1134 5739 1359 5811 Sextum
1383 5739 1489 5794 hoc
1511 5747 1676 5811 caput
1708 5737 1919 5811 Gemini
2026 5740 2037 5787 t

2026 5732 2201 5791 Graeci
2234 5742 2289 5811 _et
2341 5731 2504 5786 Attici
2557 5728 3036 5811 veterisuformam
3079 5725 3483 5811 explicandam.
3527 5724 3617 5780 Eo.

336 5797 515 5873 longe
551 5797 917 5866 utilissimum-
956 5797 1072 5879 est;
1102 5826 1166 5867 ac
1206 5797 1634 5880 pulcherrimum
1674 5809 1743 5866 ad
1793 5811 1920 5866 anni
2024 5822 2128 5864 nos
2166 5806 2470 5862 usisumus
2503 5802 2709 5873 passim
2738 5799 2830 5855 lib.
2866 5814 2882 5854 ι
2914 5806 2968 5853 et
2998 5813 3038 5852 ιι
3068 5797 3347 5855 Πεάοειν.
3377 5807 3534 5864 temp.
