4124 6400
430 420 529 474 801

1471 416 1710 476 GEMINI
1746 408 2122 471 ELEMENTA
2163 414 2660 473 ΛΒΤΒΟΝΟΜΙᾹΞ.

3591 418 3698 474 802

431 541 655 611 γένηται
679 537 756 608 τῷ
782 537 920 610 ἡλίῳ
940 551 959 571 ο
985 534 1144 591 τοῦτο
1169 536 1228 591 δέ
1253 538 1369 591 ἔστι
1398 539 1526 610 περὶ
1548 537 1646 610 τήν
1676 535 2013 609 διχομηνίαν.

2124 540 2417 608 opponitur
2446 539 2570 595 soli.
2605 536 2721 592 Hoc
2753 536 2812 592 ﬁt
2837 536 2986 592 circa
3020 537 3262 593 medium
3295 552 3564 592 mensem.
3601 537 3700 592 Est

434 623 592 680 Ἔστι
623 626 680 679 δὲ
705 628 954 698 μηνιαῖοζ
985 626 1174 697 χρόνος
1193 627 1351 699 (51)ἡ
1363 628 1544 699 item");
1571 628 1650 682 κθ¹
1685 628 1819 699 all/{6’
1851 625 2016 699 α’[λγ

429 720 559 777 ὲνδὲ
580 719 658 791 τῷ
683 720 920 792 μηνιαίῳ
936 719 1115 792 χρόνῳ
1139 721 1171 790 ἡ
1200 720 1397 792 σελήνη
1426 721 1810 793 διαπορεύεται
1838 723 1926 775 τόν
1959 740 2018 776 τε

427 813 536 864 τῶν
577 811 780 876 ζωδίων
827 812 1061 878 κύκλον,
1095 813 1190 867 καὶ
1231 813 1312 866 ἔτι
1356 813 1456 884 τὴν
1504 815 1861 886 περιφέρειαν
1895 815 1960 887 ἢν
1991 819 2020 870 6

427 903 580 973 ἦλιος
617 905 674 958 ἐν
702 903 780 974 τῷ
816 905 1050 977 μηνιαίῳ
1091 905 1269 976 χρόνῳ
1307 906 1386 969 είς
1413 904 1480 959 τὰ
1507 907 1748 976 ἑπόμενα
1778 907 1886 964 τῶν
1915 907 2020 972 ζω-

427 995 556 1048 δίων
588 995 924 1067 μεταϐαίνει.
957 996 1103 1068 Αὐτὴ
1142 997 1197 1050 δέ
1232 998 1378 1050 ἐστιν
1419 997 1494 1061 ὡς
1529 997 1755 1066 ἔγγιστα
1789 999 1978 1064 ζωδίου
2003 1018 2017 1031 ο

427 1087 568 1141 ὥστε
597 1089 654 1140 ἐν
681 1087 760 1158 τῷ
791 1088 1028 1160 μηνιαίῳ
1064 1088 1239 1160 χρόνῳ
1272 1089 1339 1157 ιγ’
1374 1088 1540 1153 ζώδισι
1573 1091 1648 1152 ὡς
1676 1090 1903 1160 ἔγγιστα
1937 1109 2021 1144 κι-

427 1181 637 1234 νεῖσθαι
685 1182 786 1252 τήν
837 1181 1082 1253 σελήνην.
1125 1183 1278 1234 Ἐστι
1325 1181 1383 1235 δὲ
1423 1183 1451 1234 6
1494 1183 1596 1252 μὲν
1635 1184 1868 1256 ἀκριϐής
1915 1202 2018 1255 μη-

427 1277 594 1337 νιαῖος
608 1274 817 1345 χρόνος,
831 1274 1084 1344 καθάπερ
1097 1273 1332 1346 εἴρηται,
1351 1273 1572 1345 ἡμερῶν
1584 1274 1664 1327 κθ¹
1684 1273 1772 1346 a'/
1775 1276 1817 1346 β’
1830 1277 1994 1346 α’[λγ’
2004 1292 2017 1306 ’

427 1366 478 1418 oi
495 1365 552 1418 δὲ
573 1367 710 1438 πρὸς
733 1367 833 1438 τὴν
861 1367 1143 1436 πολιτικὴν
1165 1368 1386 1437 ἀγωγὴν
1407 1368 1590 1438 ὁλοσχε
1601 1368 1752 1439 ρέστε
1763 1386 1852 1440 ρον
1881 1369 2019 1441 λαμ-

428 1453 716 1526 σαινόμενοι
737 1459 981 1529 μηνιαῖοι
999 1457 1180 1528 χρόνοι
1201 1458 1338 1511 εἰσὶν
1360 1458 1584 1531 ἡμερῶν
1611 1458 1676 1511 κθ
1703 1460 1858 1531 α’ίβν,
1878 1459 2018 1513 ὥστε

426 1549 518 1600 τὸν
551 1547 779 1620 ’δίμηνον
820 1550 1012 1620 χρόνον
1044 1548 1296 1618 γενέσθαι
1331 1550 1554 1622 ἡμερῶν
1594 1551 1690 1604 νϐ’.
1732 1552 1892 1606 Ὅθεν
1932 1553 2020 1606 διὰ

426 1639 629 1712 ταύτην
657 1640 757 1713 τὴν
789 1642 968 1695 αἰτίαν
992 1641 1042 1694 οἱ
1073 1640 1217 1695 κατὰ
1239 1641 1392 1695 πόλιν
1420 1643 1587 1713 μῆνες
1621 1644 1845 1711 ἐναλλὰξ
1867 1647 2022 1714 ἄγον·

427 1750 516 1786 ται
543 1733 775 1806 πλήρεις
804 1733 898 1787 καὶ
941 1733 1140 1786 κοῖλοι·
1181 1733 1268 1787 διὰ
1294 1733 1353 1786 τὸ
1383 1734 1484 1805 τὴν
1525 1734 1758 1807 σελήνην
1791 1735 2018 1808 δίμηνον

428 1825 652 1897 ἡμερῶν
684 1821 826 1879 εἶναι
854 1824 956 1880 νθ’.

511 1961 605 2014 Ἐκ
643 1961 700 2015 δὲ
738 1961 943 2015 τούτων
967 1963 1259 2033 συνάγεται
1285 1964 1314 2016 6
1347 1963 1490 2016 κατὰ
1515 1964 1744 2036 σελήνην
1773 1963 2016 2027 ἐνιαυτὸς

427 2052 652 2123 ἡμερῶν
693 2052 820 2106 τνδ’.
864 2054 990 2107 Ἐὰν
1025 2055 1133 2127 γὰρ
1165 2056 1264 2120 τὰς
1304 2055 1398 2109 τοῦ
1451 2057 1618 2128 μηνὸς
1665 2056 1879 2128 ἡμέρας
1919 2057 2018 2122 τὰς

431 2143 514 2198 κθ⁹
538 2145 672 2216 α’[β¹
700 2145 998 2211 δωδεκάκις
1029 2147 1618 2221 πολλαπλασιάσωμεν,
1651 2150 2020 2222 ἀποτελεσθή-

431 2253 615 2292 σονται
659 2237 864 2310 ἡμέραι
908 2241 964 2292 αἱ
1011 2239 1105 2292 τοῦ
1140 2242 1283 2296 κατὰ
1333 2242 1564 2314 σελήνην
1597 2243 1848 2295 ἐνιαυτοῦ
1891 2242 2015 2298 τνὸ’.

435 2329 629 2394 ¹’Λλλος
667 2330 776 2402 γάρ
801 2332 917 2383 ἐστι
947 2331 1069 2384 καθ’
1094 2331 1244 2401 ἥλιον
1275 2333 1542 2398 ἐνιαυτὸς,
1580 2335 1673 2387 καὶ
1696 2333 1853 2397 ἄλλος
1879 2335 2020 2388 κατὰ

430 2421 678 2494 σελήνην.
715 2423 775 2475 Ὀ
824 2423 922 2494 μὲν
954 2423 1061 2495 γὰρ
1102 2424 1194 2477 τοῦ
1239 2425 1388 2496 ἡλίου
1432 2425 1497 2478 ιϐ’
1529 2425 1735 2490 ζωδίων
1781 2426 1893 2497 ἔχει
1923 2444 2021 2479 πε-

432 2512 694 2586 ριδρομὴν
718 2513 812 2567 τοῦ
842 2514 1015 2586 ἡλίου·
1040 2517 1176 2588 ὅπερ
1206 2517 1342 2570 εἰσὶν
1377 2517 1580 2588 ἡμέραι
1601 2519 1706 2584 τξε’
1733 2519 1879 2588 α’[δ”
1912 2519 1940 2570 ὁ
1963 2517 2021 2571 δὲ

429 2606 530 2676 τῆς
564 2607 823 2678 σελήνης,
870 2607 936 2660 ιδ’
973 2608 1158 2679 μηνῶν
1213 2609 1460 2681 περιέχει
1504 2611 1694 2683 χρόνον
1726 2613 1826 2682 τῆς
1872 2612 2024 2682 σελή-

431 2715 550 2769 νης,
577 2701 715 2770 ὅπερ
761 2699 909 2752 ἐστὶν
958 2700 1164 2771 ἡμέραι
1211 2701 1346 2767 τνδ’,
1395 2702 1517 2755 ἐπεὶ
1567 2701 1691 2755 οὔτε
1732 2704 1760 2755 6
1810 2703 1916 2774 μὴν
1964 2702 2024 2767 ἐξ

430 2789 567 2842 ὅλων
599 2789 824 2862 ἡμερῶν
846 2790 1194 2861 συνέστηκεν,
1217 2791 1341 2846 οὔτε
1367 2793 1395 2845 6
1423 2793 1544 2847 καθ’
1574 2793 1728 2864 ἥλιον
1757 2795 2020 2858 ἐνιαυτός.

445 2881 720 2952 Ἐζητεῖτο
764 2877 856 2936 οὖν
888 2882 1080 2954 χρόνος
1127 2883 1233 2937 ὑπὸ
1273 2883 1383 2937 τῶν
1429 2884 1794 2957 ἀστρολόγων,
1830 2886 1890 2950 ὃς
1935 2904 2026 2939 πε-

435 2973 606 3045 ριέχει
654 2973 784 3038 ὅλας
830 2974 1080 3046 ἡμέρας,
1135 2976 1229 3029 καὶ
1274 2975 1428 3042 ὅλους
1472 2978 1680 3049 μῆνας,
1731 2979 1823 3031 καὶ
1871 2978 2024 3041 ὅλους

431 3061 737 3126 ἐνιαυτούς.

2123 638 2300 684 autem
2338 637 2679 685 menstruum
2712 637 2926 700 tempus
2950 630 3159 685 dierum
3183 629 3253 684 29
3289 629 3392 701 1/2
3432 629 3604 701 1/55;
3642 630 3699 683 in

2120 734 2402 776 menstruo
2435 733 2612 776 autem
2633 731 2876 791 tempore
2907 722 3030 777 luna
3063 731 3319 794 peragrat
3348 732 3402 777 et
3427 722 3698 776 circulum

2121 813 2427 868 zodiacum.
2453 822 2505 867 et
2524 823 2788 883 praeterea
2807 828 2929 867 eum
2958 828 3148 866 arcum
3186 829 3345 882 quem
3370 815 3449 867 sol
3473 813 3527 866 in
3555 829 3703 867 men-

2119 914 2276 958 struo
2311 912 2556 974 tempore
2613 905 2668 958 in
2704 907 3100 974 consequentia
3144 906 3300 974 signa
3339 906 3560 959 transit.
3600 904 3700 960 llic

2119 1011 2282 1050 arcus
2315 1007 2493 1051 autem
2526 997 2637 1050 fere
2689 1006 2774 1052 est
2805 999 2970 1051 unius
3017 997 3176 1068 signi.
3227 1000 3411 1066 Itaque
3442 999 3496 1052 in
3548 1015 3702 1053 men-

2119 1095 2274 1140 struo
2299 1095 2537 1156 tempore
2556 1087 2683 1140 luna
2698 1088 2808 1141 fere
2829 1089 2894 1142 15
2911 1088 3064 1157 signa
3087 1089 3376 1157 percurrit.
3403 1087 3500 1143 Est
3517 1097 3698 1143 autem

2118 1189 2369 1235 exactum
2402 1187 2742 1233 menstruum
2787 1187 3020 1249 tempus,
3050 1180 3192 1234 sicut
3219 1180 3423 1234 dictum
3452 1192 3556 1245 est,
3581 1182 3699 1236 die-

2119 1286 2242 1324 rum
2259 1270 2636 1342 ‘291/21/55,
2669 1287 2790 1342 quae
2808 1288 2933 1326 vero
2961 1281 3239 1326 menstrua
3260 1282 3502 1341 ιι-ειιιροτει
3527 1272 3592 1326 ad
3619 1273 3700 1326 ci-

2119 1365 2277 1418 vilem
2294 1380 2451 1418 usum
2471 1365 2652 1418 minus
2673 1374 2926 1420 accurate
2943 1375 3256 1428 sumuntur,
3271 1380 3331 1419 ea
3346 1375 3470 1419 sunt
3490 1366 3699 1420 dierum

2118 1456 2188 1511 29
2228 1457 2353 1529 i/2,
2393 1460 2467 1510 ita
2506 1466 2564 1511 ut
2613 1459 2871 1514 bimestrc
2931 1467 3148 1529 tempus
3199 1459 3292 1512 ﬁat
3335 1459 3545 1512 dierum
3583 1458 3698 1514 59:

2122 1553 2268 1605 unde
2302 1559 2524 1620 propter
2555 1551 2697 1606 banc
2726 1567 2950 1606 causam
2985 1553 3173 1608 civiles
3215 1568 3431 1607 menses
3462 1555 3703 1607 alterna-

2120 1645 2216 1697 tim
2266 1651 2505 1712 aguntur
2545 1645 2713 1712 pleni,
2746 1655 2799 1697 et
2841 1644 2961 1698 cavi
2996 1663 3008 1699 :
3041 1652 3332 1715 propterea
3379 1644 3528 1716 quod
3572 1645 3700 1699 luna

2120 1734 2401 1788 bimestris
2429 1734 2501 1788 sit
2525 1735 2736 1788 dierum
2769 1734 2858 1789 59.

2189 1957 2266 2013 Ex
2301 1958 2387 2014 his
2417 1967 2600 2014 autem
2619 1959 3118 2030 eolligiturlunaris
3133 1975 3310 2016 annus
3338 1960 3553 2017 dierum
3573 1959 3700 2017 554.

2121 2052 2177 2108 Si
2207 2055 2352 2108 enim
2382 2054 2546 2109 unius
2588 2054 2794 2108 mensis
2826 2054 2945 2108 dies
2978 2053 3172 2124 291/2
3196 2055 3488 2110 duodecies
3519 2056 3704 2109 multi-

2119 2147 2544 2216 plicaverioius,
2597 2146 2901 2200 ellicientur
2963 2146 3174 2200 lunaris
3225 2149 3353 2200 anni
3414 2145 3531 2202 dies
3573 2146 3702 2201 554.

2119 2239 2276 2293 Alius
2306 2239 2450 2294 enim
2488 2251 2573 2293 est
2609 2253 2784 2292 annus
2817 2239 3034 2304 solaris,
3070 2248 3122 2292 et
3160 2239 3301 2292 alius
3334 2253 3512 2292 annus
3549 2239 3706 2292 luna-

2119 2330 2217 2384 ris.
2244 2330 2453 2385 Solaris
2476 2331 2620 2385 enim
2655 2345 2832 2384 annus
2897 2332 3061 2383 habet
3100 2329 3391 2382 circuitum
3425 2330 3558 2384 solis
3607 2344 3706 2399 per

2121 2425 2189 2479 12
2219 2425 2394 2494 signa,
2429 2425 2522 2492 qui
2558 2422 2719 2476 habet
2741 2423 2857 2476 dies
2895 2422 2998 2479 565
3039 2421 3139 2494 ίίι
3167 2441 3180 2476 :
3213 2431 3266 2474 at
3299 2423 3506 2476 lunaris
3527 2437 3706 2477 annus

2123 2519 2374 2572 continet
2428 2523 2645 2584 tempus
2699 2515 2766 2567 12
2794 2516 3064 2569 mensium
3114 2515 3412 2578 lunarium,
3445 2517 3590 2584 quod
3619 2524 3705 2571 est

2121 2609 2331 2664 dierum
2372 2607 2497 2660 554.
2532 2605 2811 2674 Siquidem
2846 2621 2947 2660 nec
2979 2606 3184 2660 mensis
3210 2622 3272 2660 ex
3303 2606 3534 2676 integris
3561 2623 3706 2661 «:on-

2122 2711 2231 2757 stat
2284 2700 2499 2763 diebus,
2554 2714 2655 2752 nec
2683 2713 2862 2752 annus
2900 2699 3117 2754 solaris.
3155 2697 3513 2764 Quaerebatur
3537 2701 3705 2770 igitur

2125 2803 2341 2864 tempus
2371 2793 2440 2848 ab
2490 2793 2787 2862 astrologis
2835 2791 2981 2860 quod
3027 2791 3268 2860 integros
3306 2791 3442 2855 dies,
3469 2799 3525 2846 et
3558 2792 3702 2846 inte-

2123 2903 2251 2960 ει·οε
2277 2901 2514 2950 menses,
2549 2896 2602 2941 et
2625 2886 2865 2956 integros
2887 2898 3060 2938 annos
3086 2884 3416 2939 contineret.

504 3199 770 3272 Πρόθεσις
800 3199 909 3272 γὰρ
931 3195 1000 3273 ἡν
1022 3203 1136 3265 τοῖς
1163 3202 1412 3276 ἀρχαίοις
1438 3203 1548 3274 (52)
1573 3203 1698 3268 τοὺς
1721 3205 1821 3277 μὲν
1848 3206 2023 3277 μῆνας

2196 3199 2544 3270 Propositum
2587 3197 2734 3252 enim
2776 3195 2878 3248 fuit
2909 3193 3189 3248 veteribus
3233 3206 3452 3247 menses
3481 3188 3701 3261 quidem

431 3291 586 3359 ἄγειν
630 3290 776 3345 κατὰ
815 3292 1045 3365 σελήνην
1069 3333 1083 3359 ,
1113 3295 1239 3358 τοὺς
1275 3295 1331 3348 δὲ
1374 3297 1653 3360 ἐνιαυτοὺς
1695 3297 1818 3351 καθ’
1851 3298 2020 3368 ἥλιον.

430 3383 508 3436 Τὸ
535 3384 644 3456 γὰρ
673 3385 780 3438 ὑπὸ
804 3385 912 3439 τῶν
938 3385 1120 3457 νόμων
1150 3387 1245 3441 καὶ
1269 3388 1379 3443 τῶν
1407 3389 1674 3462 χρησμῶν
1714 3392 2026 3462 παραγγελ-

432 3474 660 3548 λόμενον
681 3517 696 3542 ,
720 3478 783 3532 16
814 3478 963 3533 Θύειν
1004 3479 1144 3534 κατὰ
1175 3481 1243 3550 γ’,
1271 3483 1436 3554 ἡγουν
1465 3483 1533 3536 τὰ
1565 3484 1797 3558 πάτρια,
1826 3486 2022 3557 μῆνας,

434 3569 669 3643 ἡμέρας,
705 3572 1014 3637 ἐνιαυτούς*
1059 3573 1221 3628 τοῦτο
1252 3575 1498 3630 διέλαϐον
1545 3577 1784 3642 ἅπαντες
1824 3581 1872 3632 οἱ
1903 3579 2029 3632 ’Έλ-

433 3661 594 3735 ληνες
638 3664 717 3736 τῷ
759 3666 886 3730 τοὺς
922 3665 1019 3736 μὲν
1066 3668 1344 3733 ἐνιαυτοὺς
1395 3670 1702 3741 συμφώνως
1749 3672 1901 3741 ἄγειν
1948 3673 2028 3746 τῷ

436 3756 594 3827 ἡλίῳ,
641 3756 740 3821 τὰς
776 3758 834 3812 δὲ
873 3759 1088 3831 ἡμέρας
1141 3760 1236 3815 καὶ
1283 3763 1409 3826 τοὺς
1459 3763 1634 3833 μῆνας
1683 3767 1748 3835 τῇ
1807 3766 2024 3841 σελήνῃ.

442 3851 598 3903 Ἔστι
624 3849 682 3903 δὲ
719 3850 779 3902 16
815 3851 913 3922 μὲν
944 3851 1066 3904 καθ’
1093 3853 1246 3922 ἥλιον
1289 3854 1444 3924 ἄγειν
1490 3858 1618 3920 τοὺς
1658 3858 1937 3922 ἐνιαυτοὺς
1967 3861 2030 3913 τὸ

439 3944 567 4014 περὶ
595 3943 695 4008 τὰς
731 3944 902 4008 αὑτὰς
939 3943 1086 4017 ὥρας
1111 3946 1204 4000 τοῦ
1235 3947 1480 4002 ἐνιαυτοῦ
1512 3949 1612 4013 τὰς
1639 3951 1811 4015 αὐτὰς
1839 3952 2030 4017 θυσίας

438 4039 552 4099 τοῖς
582 4036 724 4099 Θεοῖς
756 4036 1145 4102 ἐπιτελεῖσθαι,
1175 4041 1268 4094 καὶ
1308 4041 1408 4112 τὴν
1455 4041 1554 4113 μὲν
1591 4043 1812 4114 ἐαρινὴν
1839 4043 2029 4098 θυσίαν

437 4124 530 4179 διὰ
554 4127 756 4190 παντὸς
787 4127 931 4181 κατὰ
957 4127 1018 4182 16
1042 4127 1142 4198 ἔαρ
1168 4130 1536 4185 συντελεῖσθαι
1559 4173 1572 4198 ,
1598 4132 1697 4204 τὴν
1724 4134 1781 4188 δὲ
1812 4134 2030 4207 Θερινὴν

441 4219 582 4272 κατὰ
630 4218 692 4272 16
736 4217 918 4290 θέρος·
965 4221 1166 4292 ὁμοίως
1211 4222 1267 4274 δὲ
1309 4224 1402 4277 καὶ
1452 4227 1597 4278 κατὰ
1637 4226 1764 4289 τοὺς
1809 4226 2030 4292 λοιποὺς

441 4310 668 4382 καιροὺς
696 4309 790 4364 τοῦ
831 4311 984 4376 ἔτους
1026 4311 1127 4377 τὰς
1161 4313 1332 4378 αὑτὰς
1360 4315 1548 4379 θυσίας
1586 4317 1825 4371 πίπτειν.
1858 4318 2031 4372 Τοῦτο

442 4403 552 4474 γὰρ
582 4401 851 4457 ὑπέλαϐον
879 4406 1150 4477 προσηνὲς
1182 4405 1277 4460 καὶ
1310 4408 1703 4479 κεχαρισμένον
1736 4407 1874 4463 εἶναι
1915 4414 2030 4476 τοῖς

445 4493 605 4558 Θεοῖς.
632 4494 805 4549 Τοῦτο
849 4495 908 4550 δὲ
948 4497 1124 4562 ἄλλως
1161 4500 1263 4553 οὐκ
1308 4498 1376 4553 ἂν
1407 4500 1625 4556 δύναιτο
1658 4503 1933 4572 γενέσθαι,
1979 4508 2028 4560 εί

2128 3309 2290 3365 agere
2319 3289 2618 3346 secundum
2665 3289 2873 3352 lunam,
2913 3299 3087 3340 annos
3118 3298 3248 3339 vero
3275 3283 3574 3338 secundum
3609 3297 3704 3336 so-

2126 3387 2254 3441 lem.
2291 3383 2445 3451 Quod
2473 3383 2618 3438 enim
2669 3395 2698 3433 a
2740 3379 2952 3449 legibus
2981 3385 3036 3432 ct
3078 3377 3319 3430 oraculis
3355 3374 3707 3444 praecipieba-

2125 3484 2237 3540 tur,
2270 3483 2331 3529 ut
2361 3474 2736 3529 sacriﬁcarent
2787 3469 3092 3525 secundum
3139 3469 3286 3525 tria.
3321 3467 3573 3521 videlicet
3607 3480 3704 3536 pa-

2127 3570 2254 3633 tria,
2282 3582 2521 3628 menses,
2553 3565 2692 3626 dies,
2729 3578 2938 3628 annos;
2983 3561 3084 3615 hoc
3120 3560 3194 3613 ita
3242 3559 3504 3612 disnincte
3541 3557 3709 3611 facie-

2127 3663 2257 3716 bant
2285 3659 2528 3714 universi
2563 3656 2759 3720 Graeci,
2795 3663 2853 3708 ut
2878 3668 3053 3707 annos
3082 3658 3308 3722 agerent
3340 3657 3711 3720 congruenter

2128 3770 2250 3810 cum
2284 3751 2432 3816 sole;
2469 3751 2587 3805 dies
2619 3765 2772 3810 vero,
2817 3755 2872 3802 et
2916 3761 3133 3800 menses
3175 3760 3296 3798 cum
3347 3743 3497 3796 luna.
3537 3741 3710 3794 Porro

2131 3844 2432 3900 secundum
2482 3843 2653 3897 solem
2710 3855 2886 3894 annos
2941 3852 3104 3907 agere
3145 3844 3231 3890 est
3288 3838 3434 3889 circa
3485 3836 3708 3888 easdem

2129 3945 2484 4008 tempestates
2529 3935 2654 3987 anni
2691 3934 2881 3987 eadem
2916 3929 3188 3985 sacrificia
3229 3927 3337 3981 diis
3388 3926 3611 3996 perlici;
3653 3931 3712 3978 et

2128 4045 2357 4095 vernum
2413 4027 2741 4083 sacriﬁcium
2785 4039 3000 4093 semper
3029 4023 3083 4076 in
3131 4017 3706 4078 vere"consunnnari,

2129 4123 2379 4178 aestivum
2419 4128 2599 4174 autem
2633 4118 2688 4172 in
2717 4125 2906 4171 testate
2943 4134 2956 4169 :
2992 4114 3249 4169 similiter
3279 4121 3334 4166 et
3374 4111 3428 4165 in
3479 4110 3708 4178 reliquis

2131 4215 2258 4269 anni
2287 4213 2627 4282 temporibus
2656 4211 2846 4264 eadem
2867 4207 3139 4264 sacrilicia
3164 4205 3381 4259 cadere.
3419 4201 3534 4258 Hoc
3559 4202 3707 4258 enim

2129 4306 2392 4377 putabant
2420 4311 2704 4373 acceptum
2735 4310 2789 4355 et
2818 4310 3028 4370 gratum
3062 4313 3187 4353 esse
3222 4297 3350 4352 diis.
3377 4294 3493 4348 Hoc
3523 4301 3706 4348 autem

2132 4403 2290 4457 aliter
2317 4400 2435 4456 ﬁeri
2457 4414 2564 4454 non
2590 4402 2796 4468 posset,
2829 4395 2936 4448 nisi
2962 4392 3355 4447 conversiones
3388 4387 3710 4444 solsritiales

2131 4503 2185 4550 et
2211 4491 2540 4563 aequinoctia
2575 4489 2632 4542 in
2676 4485 2870 4540 iisdem
2910 4481 3122 4536 zodiaci
3159 4479 3296 4534 locis
3343 4477 3554 4532 ﬁerent.
3605 4471 3706 4528 Se-

447 4586 523 4658 μὴ
551 4588 608 4640 αἱ
637 4588 837 4660 τροπαὶ
861 4589 954 4643 καὶ
980 4592 1036 4644 αί
1074 4591 1358 4664 ἰσημερίαι
1390 4593 1520 4666 περὶ
1550 4570 1679 4659 τοὺς
1714 4596 1912 4661 αὐτοὺς
1936 4599 2023 4652 τό-

2129 4586 2370 4644 cundum
2408 4585 2594 4637 lunam
2643 4592 2774 4635 vero
2816 4577 2935 4632 dies
2988 4587 3150 4644 agere
3176 4581 3260 4627 est
3291 4570 3419 4630 tale,
3467 4576 3529 4622 ut
3575 4581 3709 4621 con-

444 4697 578 4743 πους
603 4680 893 4750 γίγνοιντο.
917 4682 992 4735 T6
1012 4683 1068 4737 δὲ
1087 4684 1230 4739 κατὰ
1262 4684 1491 4757 σελήνην
1511 4685 1665 4756 ἄγειν
1692 4687 1792 4752 τὰς
1814 4689 2030 4762 ἡμέρας

440 4771 681 4827 τοιοῦτόν
724 4775 874 4838 ἐστι,
907 4774 970 4828 16
1014 4775 1324 4841 ἀκολούθως
1356 4781 1469 4842 τοῖς
1509 4779 1610 4850 τῆς
1654 4779 1882 4852 σελήνης
1926 4800 2032 4851 φω-

441 4866 654 4934 τισμοῖς
680 4863 781 4926 τὰς
805 4865 1178 4937 προσηγορίας
1197 4865 1308 4921 τῶν
1335 4867 1560 4939 ἡμερῶν
1589 4869 1856 4939 γίνεσθαι.
1897 4871 2033 4925 Ἀπὸ

441 4953 550 5026 γὰρ
580 4954 688 5008 τῶν
710 4955 812 5028 τῆς
844 4953 1075 5026 σελήνης
1103 4957 1401 5029 φωτισμῶν
1432 4959 1489 5012 αἱ
1531 4961 1892 5033 προσηγορίαι
1921 4961 2031 5016 τῶν

440 5047 664 5120 ἡμερῶν
695 5048 1221 5120 κατωνομάσθησαν.

524 5185 612 5240 Ἑν
865 5185 976 5258 γὰρ
1019 5186 1203 5259 ἡμέρᾳ
1259 5187 1359 5243 νέα
1391 5191 1441 5260 ,ἡ
1504 5189 1700 5264 σελήνη
1755 5193 2025 5262 φαίνεται,

440 5275 584 5330 κατὰ
621 5276 947 5350 συναλοιφὴν
976 5277 1237 5350 νεομηνία
1266 5279 1311 5311 ⁸²
1340 5282 1755 5354 προσηγορεύθη
1777 5302 1791 5316 ·
1821 5287 1879 5338 ὲν
1904 5279 1938 5357 ᾖ
1970 5285 2028 5338 δὲ

512 5432 556 5464 ³²
587 5438 632 5502 I'.
663 5451 754 5486 νου
762 5452 948 5507 μηνια.

514 5591 624 5665 (3|)
663 5592 831 5646 Ἔστι
866 5591 934 5665 δὲ
957 5592 1236 5663 μηνιαῖος
1264 5597 1502 5665 χρόνος.
1536 5594 1650 5650 Non
1677 5602 1904 5652 exactus
1936 5596 2025 5652 bic

443 5660 652 5744 lunaris
702 5660 1326 5736 syztygiaa'modusest",
1377 5674 1436 5721 ut
1462 5660 1548 5721 ex
1598 5683 1721 5738 pag.
1762 5667 1828 5720 21
1886 5683 2022 5722 con-

441 5734 628 5871 Slalliigi
661 5804 952 5874 Πρόθεσις
980 5805 1093 5877 γὰρ
1119 5802 1202 5878 ﬁt
1235 5805 1361 5874 τοῖς
1385 5807 1674 5878 ἀρχαίοις.
1702 5804 1814 5878 Hic
1859 5806 2025 5861 mini-

445 5887 593 5927 mum
639 5889 841 5931 annum
897 5884 1124 5944 usurpat
1147 5876 1423 5933 Geminus
1462 5876 1576 5938 pro
1609 5876 1822 5940 maiori.
1861 5889 1912 5933 et
1959 5893 2027 5933 ex

2127 4689 2326 4753 gruant
2373 4692 2501 4731 cum
2555 4675 2702 4728 lunae
2759 4665 3262 4725 illuminationibus
3319 4660 3709 4753 appellationes

2127 4752 2364 4829 dierum.
2394 4768 2532 4824 Nam
2561 4783 2591 4822 a
2619 4767 2763 4820 lunae
2787 4758 3283 4817 illuminationibus
3312 4752 3709 4824 appellationes

2128 4868 2340 4923 dierum
2365 4869 2492 4920 sunt
2514 4857 2898 4917 denominata.

2199 5189 2260 5245 In
2283 5202 2390 5260 qua
2417 5186 2564 5242 enim
2596 5182 2686 5238 die
2707 5181 2837 5235 luna
2874 5177 3102 5247 apparet
3128 5181 3290 5230 nova,
3319 5179 3399 5260 ea
3418 5177 3516 5260 per
3540 5173 3699 5230 syna-

2131 5257 2374 5356 lmpben,
2410 5296 2508 5336 seu
2565 5260 3354 5345 compositionem,veop'qvia,
3391 5257 3444 5311 id
3478 5261 3582 5330 est,
3610 5266 3710 5305 no-

2126 5592 2378 5664 piuribus
2433 5585 2712 5664 conﬂato;
2748 5577 3057 5664 cuiusmodi
3094 5565 3706 5664 eratdoctaelteiSismep:

2129 5634 2712 5725 ﬁéé’dé’é'JeiEFi';Eii}.i'
2751 5634 2929 5725 an‘nus
2969 5644 3295 5725 C_leos_trati.
3337 5641 3420 5694 vel
3463 5634 3707 5725 Harpali:

2127 5707 2838 5794 veil-Metoiii‘s,-autw(ialippi
2870 5719 3139 5794 nominari
3169 5715 3549 5772 consueverat.
3583 5707 3710 5758 llaec

2129 5805 2214 5861 vel
2255 5804 2437 5874 pueris
2470 5801 2721 5872 ignorare
2751 5792 2871 5848 non
2894 5792 3039 5846 licet.
