4124 6400
466 399 573 458 803

1498 400 1588 453 ΑΙ)
1629 398 1901 455 EUSEBII
1945 395 2346 455 CHllONlCON
2389 396 2755 452 APPENDIX.

3624 401 3692 457 8ιί
3701 401 3728 458 Ι

477 516 743 569 vilunium
769 513 1101 584 appellatur;
1137 515 1192 566 in
1221 527 1327 585 qua
1347 527 1479 567 vero
1506 514 1594 568 die
1623 514 1921 569 secundam
1957 513 2026 569 l'a‘

2145 514 2330 585 ἡμέρα
2379 512 2476 584 τὴν
2512 513 2770 584 δευτέραν
2797 516 2960 582 φασιν
2995 515 3252 577 ποιεῖται,
3279 513 3540 586 δευτέραν
3571 531 3738 588 προαι-

474 607 552 660 cit
581 607 1000 678 apparitionem.
1032 621 1150 659 eam
1175 605 1472 660 secundam
1523 606 1706 660 lunam
1748 613 2045 674 vocarunt;

468 700 865 770 apparitionem
915 699 1078 757 lunze,
1106 712 1226 768 quae
1256 697 1402 750 circa
1448 697 1688 751 medium
1734 699 1939 753 mensis
1968 699 2045 762 (it,

467 791 540 844 ab
569 791 689 861 ipso
716 798 935 856 eventu,
959 789 1299 861 διχομηνίαν,
1325 789 1380 842 id
1403 798 1486 843 est
1515 790 1860 845 medietatem
1896 807 2050 844 men-

468 882 548 938 sis
574 883 949 942 nominarunt,
986 896 1051 935 ac
1100 882 1413 934 summatim
1442 896 1635 938 omnes
1680 883 1799 938 dies
1833 898 1863 937 a
1907 885 2048 938 luna

466 974 964 1031 illuminatiunibus
994 974 1443 1029 denominarunt.
1492 972 1650 1028 Unde
1679 977 1844 1030 etiam
1881 976 2046 1030 trice-

466 1069 660 1123 simam
688 1067 893 1121 mensis
923 1067 1089 1131 diem,
1109 1083 1231 1121 cum
1259 1067 1452 1120 ultima
1478 1068 1569 1130 sit,
1606 1068 1676 1122 ab
1709 1069 1828 1138 ipso
1849 1080 2044 1123 eventu

466 1161 710 1216 triacada
750 1169 1040 1215 vocarunt.
1080 1158 1176 1215 llis
1225 1167 1595 1214 consentanea
1639 1162 1803 1215 etiam
1847 1164 2046 1215 Aratus

463 1256 522 1311 in
583 1255 1044 1326 appellationibus
1098 1253 1310 1309 dierum
1373 1254 1736 1318 demonstrat,
1782 1269 1906 1308 cum
1963 1254 2044 1309 sic

463 1348 640 1419 inquit
669 1366 682 1402 :

463 1457 654 1531 {Venite
683 1460 846 1522 vides,
883 1478 1000 1516 cum
1024 1477 1187 1531 parva
1220 1456 1464 1531 cornibus
1501 1456 1627 1509 Imm

475 1529 686 1600 Yesperi
713 1527 1042 1600 apparuerit,
1067 1529 1350 1584 crescentis
1380 1527 1478 1579 duc
1499 1537 1531 1580 ’ί

462 1596 662 1654 Meritis
702 1596 967 1673 (signum)
1004 1602 1124 1655 inde
1168 1616 1284 1652 cum
1320 1600 1523 1667 primus
1551 1596 1802 1666 splendor
1833 1599 2038 1681 diﬂ‘un-

465 1739 534 1790 Ut
565 1737 808 1791 umbram
834 1739 1024 1801 faciat,
1045 1738 1212 1791 tendit
1242 1735 1313 1788 ad
1339 1747 1587 1806 quartum
1611 1738 1771 1793 diem.
1843 1669 2035 1741 [duum

462 1810 595 1864 Octo
630 1809 742 1864 dies
779 1811 833 1864 in
864 1809 1034 1864 medio
1065 1809 1189 1863 orbe
1226 1807 1442 1862 luminis
1475 1811 1802 1864 medietatem
1841 1813 2036 1877 mensis

1570 1879 1708 1952 [tota
1735 1880 1869 1948 facie
1899 1883 2030 1952 (55).
2069 1891 2112 1950 ιι

460 1945 675 2016 Semper
696 1959 872 2004 autem
901 1949 1008 2003 alio
1042 1958 1271 2019 tempore
1293 1951 1431 2004 alias
1460 1945 1659 2018 fron'tes
1694 1945 1962 2007 inclinans

461 2019 692 2085 Dixerit,
723 2030 886 2089 quota
910 2022 1104 2075 mensis
1132 2039 1330 2076 aurora
1360 2023 1827 2076 circumvotvatur.

460 2159 655 2229 19h
703 2159 788 2214 his
841 2159 986 2215 enim
1025 2159 1313 2230 perspicue
1354 2159 1535 2230 inquit
1572 2159 1640 2214 ab
1683 2159 2037 2215 illuminatio—

458 2251 622 2306 nibus
647 2251 790 2305 lunze
815 2251 1209 2320 appellationes
1237 2251 1451 2307 dierum
1478 2251 1861 2307 denominatas
1889 2269 2032 2310 esse.

459 2340 636 2410 Hujus
673 2342 819 2412 quod
846 2341 1146 2397 secundum
1197 2343 1380 2397 lunam
1415 2351 1672 2399 accurate
1703 2344 1821 2399 dies
1860 2342 2034 2400 Graci

460 2442 646 2504 agant,
702 2443 1081 2502 argumentum
1111 2441 1194 2489 est
1235 2434 1360 2499 hoc,
1406 2434 1554 2505 quod
1614 2435 1748 2491 solis
1799 2436 2034 2506 eclipses

458 2530 592 2580 liunt
624 2526 678 2578 in
713 2523 975 2591 triacade,
996 2525 1101 2579 hoc
1147 2531 1231 2580 est
1257 2525 1345 2580 die
1368 2524 1665 2580 tricesima.
1697 2522 1853 2579 Tunc
1887 2525 2032 2579 enim

455 2617 581 2673 luna
609 2617 962 2689 conjungitur
987 2632 1111 2672 cum
1147 2617 1282 2677 sole.
1311 2625 1366 2673 et
1387 2618 1442 2672 in
1472 2618 1663 2673 eodem
1698 2617 1867 2690 gradu
1899 2633 2034 2671 con-

452 2711 716 2767 stituitur.
754 2709 922 2764 Luna
952 2723 1080 2762 vero
1108 2709 1341 2779 eclipses
1403 2709 1726 2780 contingant
1773 2724 1837 2764 ea
1875 2717 2034 2765 nocte

454 2816 576 2872 que
601 2801 776 2855 tendit
809 2799 875 2854 ad
908 2797 1255 2852 medietatem
1286 2799 1513 2855 mensis.
1554 2799 1710 2854 Tunc
1755 2801 1902 2855 enim
1947 2816 2033 2854 se-

450 2891 689 2944 cundum
720 2889 1045 2944 diametrum
1072 2891 1199 2943 luna
1235 2888 1334 2944 soli
1363 2889 1692 2960 opponitur,
1736 2896 1790 2942 et
1840 2889 2033 2944 incidit

448 2982 502 3032 in
544 2978 792 3032 umbram
819 2986 998 3034 terrm.
1021 2978 1158 3034 Cum
1189 2979 1354 3050 igitur
1369 2987 1423 3034 et
1443 2979 1570 3034 anni
1592 2988 1844 3034 accurate
1861 2995 2032 3050 agen-

451 3077 542 3124 tur
571 3069 871 3125 secundum
907 3070 1113 3135 solem,
1147 3079 1203 3126 et
1231 3086 1450 3126 menses
1485 3081 1539 3125 et
1582 3071 1701 3127 dies
1727 3072 2029 3127 secundum

447 3162 630 3217 lunam
651 3203 666 3231 ,
713 3173 842 3218 tunc
869 3169 1064 3233 putant
1099 3162 1272 3217 [ἔτωεί
1312 3179 1373 3219 se
1398 3163 1698 3219 secundum
1725 3163 1906 3235 patria
1942 3179 2031 3219 sa-

2147 605 2454 677 ηγόρευσαν
2473 621 2485 634 ·
2517 605 2615 675 τὴν
2645 605 2702 657 δέ
2739 604 2880 658 κατὰ
2914 603 3076 674 μέσον
3102 602 3196 657 τοῦ
3226 604 3396 674 μηνὸς
3440 606 3736 677 γινομένην

2151 698 2312 766 φάσιν
2343 696 2440 767 τῆς
2476 696 2702 766 σελήνης
2736 695 2844 749 ἀπὸ
2864 695 3027 748 αὑτοῦ
3055 696 3146 749 τοῦ
3177 695 3566 766 συμϐαίνοντος
3589 697 3729 768 διχο-

2152 790 2351 861 μηνίαν
2375 789 2660 842 ἐκάλεσαν.
2700 790 2807 843 Καὶ
2833 788 3063 842 καθόλου
3090 789 3148 842 δέ
3181 789 3360 852 πάσας
3384 788 3485 853 τὰς
3519 790 3732 861 ἡμέρας

2148 884 2257 938 άπὸ
2274 884 2383 937 τῶν
2403 885 2502 955 τῆς
2532 884 2760 955 σελήνης
2783 882 3078 954 φωτισμῶν
3100 883 3552 955 προσωνόμασαν.
3569 883 3731 936 Ὅθεν

2148 977 2239 1030 καὶ
2261 978 2359 1048 τὴν
2388 976 2715 1047 τριακοστὴν
2741 976 2832 1030 τοῦ
2864 977 3031 1047 μηνὸς
3054 977 3268 1046 ἡμέραν
3305 977 3541 1047 ἐσχάτην
3565 971 3731 1030 οὖσαν

2146 1069 2254 1121 ἀπὸ
2277 1069 2442 1122 αὑτοῦ
2468 1069 2561 1121 τοῦ
2586 1069 2972 1138 ωμὸαίνοντος
2995 1070 3264 1140 τριακάδα
3288 1070 3572 1123 ἐκάλεσαν.
3601 1069 3732 1123 Τού-

2145 1179 2257 1225 τοις
2285 1162 2341 1216 δέ
2373 1162 2682 1226 ἀκολούθως
2721 1164 2816 1216 καὶ
2847 1164 2876 1216 ό
2912 1164 3146 1238 Ἄρατος
3178 1163 3271 1215 ἐπὶ
3311 1162 3421 1215 τῶν
3459 1178 3734 1233 προσηγο-

2149 1253 2280 1324 ριῶν
2312 1254 2420 1306 τῶν
2449 1253 2670 1326 ἡμερῶν
2698 1254 3080 1323 ἀποφαίνεται,
3106 1253 3280 1323 λέγων
3305 1252 3481 1317 οὕτως
3499 1271 3512 1282 ·

2149 1479 2271 1546 Οὐχ
2299 1477 2500 1544 ὁρὰας,
2537 1479 2711 1547 ὀλίγη
2733 1477 2850 1546 μὲν
2884 1477 3030 1529 ὅταν
3061 1475 3344 1543 κεράεσσι
3373 1474 3607 1543 σελήνη

2156 1548 2518 1615 Ἐσπερόιὶεν
2552 1552 2854 1616 φαίνηται,
2894 1549 3241 1615 ἀεξομένοιο
3273 1547 3547 1600 διδάσκει

2141 1620 2366 1687 Μηνὸς,
2393 1619 2492 1672 ὅτε
2519 1615 2721 1687 πρώτη
2750 1619 3146 1673 ἁποκίδναται
3173 1619 3429 1673 αὐτόθεν
3449 1615 3628 1686 αὐγὴ.

2139 1755 2380 1808 Ὀσσον
2407 1752 2743 1807 ἐπισκιάειν
2773 1754 2870 1805 ἐπὶ
2910 1753 3191 1820 τέτρατον
3212 1748 3369 1820 ἦμαρ
3397 1752 3594 1806 ἰοῦσα.

2154 1825 2328 1878 Ὀκτὼ
2347 1825 2397 1877 δ’
2417 1827 2487 1878 ἐν
2507 1825 2561 1877 δι
2567 1824 2741 1893 χάσει
2761 1843 2772 1854 ·
2799 1825 3093 1893 διχόμηνα
3110 1824 3178 1876 δὲ
3199 1823 3376 1876 παντὶ
3402 1822 3720 1891 προσώπῳ.

2139 1961 2259 2014 Mel
2286 1960 2337 2015 δ’
2367 1961 2629 2015 ἄλλοθεν
2657 1961 2820 2016 ἄλλα
2845 1962 3314 2026 παρακλίνουσα
3339 1961 3582 2028 μέτωπα

2135 2034 2303 2100 Ei“),
2331 2034 2628 2100 ὁποσταίη
2655 2034 2850 2101 μηνὸς
2883 2031 3292 2101 περιτέλλεται
3323 2032 3463 2099 ἠώς.

2150 2145 2240 2198 Ἐν
2267 2145 2376 2216 γάρ
2402 2144 2611 2208 τούτοις
2640 2144 2824 2215 σαφῶς
2851 2161 3015 2214 φησιν
3047 2144 3112 2196 ἐκ
3145 2143 3254 2197 τῶν
3284 2143 3582 2212 φωτισμῶν
3620 2143 3720 2212 τῆς

2140 2238 2369 2310 σελήνης
2413 2238 2511 2303 τὰς
2559 2239 2929 2309 προσηγορίας
2969 2238 3079 2290 τῶν
3130 2238 3353 2309 ἡμερῶν
3402 2237 3721 2308 κατωνομάο

2141 2329 2283 2383 σθαι.
2315 2329 2421 2383 Τοῦ
2462 2330 2517 2384 δὲ
2548 2329 2689 2383 κατὰ
2723 2329 2953 2399 σελήνην
2984 2328 3138 2397 ἄγειν
3171 2327 3417 2400 ἀκριϐῶς
3445 2326 3545 2392 τὰς
3587 2326 3724 2398 ἡμέο

2140 2438 2242 2493 ρας
2276 2421 2629 2493 παράδειγμά
2655 2422 2770 2474 ἐστι
2798 2420 2859 2473 τὸ
2880 2421 2979 2484 τὰς
3009 2420 3107 2491 μὲν
3128 2420 3222 2474 τοῦ
3261 2419 3417 2490 ἡλίου
3448 2419 3719 2490 ἐκλείψεις

2138 2513 2385 2581 γίνεσθαι
2412 2516 2478 2585 τῇ
2524 2513 2795 2584 τριακάδι.
2830 2513 2965 2566 Τότε
2998 2511 3107 2585 γὰρ
3136 2511 3408 2566 συνοδεύει
3438 2513 3473 2583 ἡ
3521 2512 3717 2583 σελήνη

2135 2606 2214 2677 τῷ
2245 2607 2398 2678 ἡλίῳ,
2435 2607 2528 2660 καὶ
2569 2607 2712 2660 κατὰ
2749 2605 2848 2678 τὴν
2888 2605 3057 2677 αὐτὴν
3097 2609 3291 2676 μοῖραν
3333 2606 3565 2673 γίνεται.
3611 2605 3720 2667 Τὰς

2135 2697 2192 2750 δέ
2215 2698 2316 2767 τῆς
2361 2697 2589 2770 σελὴνης
2629 2698 2900 2768 ἐκλείψεις
2928 2699 3084 2751 νυκτὶ
3125 2700 3190 2768 τῇ
3236 2695 3473 2768 φερούσῃ
3515 2699 3594 2760 εἰς
3621 2697 3721 2766 τὴν

2133 2790 2474 2861 διχομηνίαν.
2518 2791 2650 2844 Τότε
2683 2791 2792 2863 γὰρ
2821 2791 2964 2845 κατὰ
2995 2791 3288 2860 διάμετρον
3315 2790 3524 2858 γίνεται
3628 2805 3717 2840 σε·

2134 2883 2267 2954 λὴνη
2293 2883 2370 2954 τῷ
2391 2883 2546 2954 ἡλίῳ,
2582 2885 2675 2937 καὶ
2703 2884 2963 2955 ἐμπίπτει
2997 2885 3075 2946 εἰς
3104 2883 3165 2935 τὸ
3191 2881 3289 2951 τῆς
3322 2879 3426 2951 γῆς
3452 2879 3717 2950 σκίασμα.

2135 2978 2308 3029 Ὅταν
2357 2973 2451 3030 οὖν
2499 2977 2593 3030 καὶ
2637 2977 2688 3030 οῖ
2732 2976 2969 3030 ἐνιαυτοὶ
3012 2975 3257 3047 ἀκριϐῶς
3304 2975 3546 3042 ἄγωνται
3595 2974 3716 3026 καθ’

2131 3069 2302 3139 ἣλιον,
2344 3069 2437 3122 καὶ
2477 3070 2524 3121 oi
2575 3068 2764 3139 μῆνες,
2801 3069 2894 3121 καὶ
2935 3069 2991 3121 αἱ
3022 3068 3229 3139 ἡμέραι
3276 3066 3438 3121 κατά’
3463 3066 3714 3137 σελήνην,

2131 3163 2250 3215 τότε
2283 3160 2589 3232 νομίζουσιν
2627 3162 2676 3214 oi
2710 3161 2971 3232 ’Έλληνες
3007 3161 3150 3215 κατὰ
3185 3161 3255 3216 τὰ
3296 3162 3502 3233 πάτρια
3531 3161 3714 3215 θύειν·

447 3256 731 3322 criﬁcare;
765 3255 869 3310 hoc
907 3262 1088 3311 autem
1138 3263 1223 3312 est
1260 3255 1453 3312 iisdem
1501 3257 1842 3326 temporibus
1899 3263 2026 3311 anni

2130 3253 2288 3307 τοῦτο
2313 3253 2356 3306 δ’
2387 3254 2502 3306 ἐστὶ
2527 3252 2669 3306 κατὰ
2700 3254 2824 3316 τοὺς
2849 3253 3043 3317 αὐτοὺς
3081 3254 3307 3325 καιροὺς
3336 3253 3431 3308 τοῦ
3468 3253 3716 3307 ἐνιαυτοῦ

443 3349 632 3403 eadem
664 3347 931 3403 sacriﬁcia
969 3347 1075 3404 diis
1102 3363 1508 3404 consummare.
1562 3349 1742 3420 Atque
1787 3348 2027 3421 Egyptii

445 3439 666 3510 quidem
690 3440 1026 3495 contrariam
1062 3438 1268 3495 Graecis
1297 3448 1351 3496 et
1375 3441 1702 3495 sententiam
1732 3449 1786 3497 et
1827 3457 2029 3511 pr0po-

442 3531 609 3588 situm
634 3531 960 3586 habuerunt.
979 3529 1164 3602 Neque
1181 3533 1323 3587 enim
1342 3547 1516 3587 annos
1533 3540 1702 3602 agunt
1724 3533 2024 3588 secundum

442 3624 636 3685 solem.
657 3638 833 3694 neque
859 3638 1078 3679 menses
1099 3630 1154 3679 et
1175 3623 1295 3678 dies
1323 3623 1627 3678 secundum
1672 3624 1857 3678 lunam
1881 3665 1894 3684 .
1928 3626 2025 3680 sed

445 3715 666 3786 propria
701 3713 936 3785 quadam
973 3717 1183 3770 ratione
1223 3725 1349 3770 sunt
1381 3716 1486 3770 usi.
1521 3713 1727 3770 Volunt
1756 3717 1901 3772 enim
1926 3732 2021 3772 sa-

440 3807 646 3862 criﬁcia
669 3805 776 3862 diis
803 3806 918 3860 ﬁeri
942 3821 1051 3861 non
1083 3807 1386 3862 secundum
1427 3806 1568 3862 idem
1603 3814 1819 3878 tempus
1851 3809 2021 3876 anni;

442 3900 536 3955 sed
570 3915 632 3953 ea
663 3914 761 3969 per
809 3913 1001 3954 omnes
1029 3899 1157 3953 anni
1197 3899 1532 3969 quadrantes
1561 3899 1662 3966 ire,
1707 3906 1762 3953 et
1801 3899 1916 3954 ﬁeri
1955 3917 2018 3956 ex

441 3989 635 4044 aestivo
670 3987 810 4043 festo
835 3996 889 4043 ει
925 3986 1305 4052 hibernum,et
1333 3989 1668 4052 autumnale,
1686 3998 1739 4043 et
1768 4004 2016 4044 vernum.

441 4081 626 4149 Agunt
656 4083 802 4136 enim
859 4096 1062 4135 annum
1107 4081 1318 4136 dierum
1366 4080 1506 4143 565,
1549 4079 1838 4137 duodecim
1875 4082 2020 4137 enim

442 4187 661 4228 menses
686 4181 856 4242 agunt
887 4173 958 4229 30
1012 4173 1244 4237 dierum,
1275 4183 1328 4228 et
1360 4174 1605 4244 quinque
1648 4174 1768 4230 dies
1797 4182 2020 4244 epactas

444 4265 670 4319 addunt.
699 4264 804 4319 Sed
836 4263 1197 4335 quadrantem
1227 4265 1378 4320 illum
1401 4265 1506 4320 diei
1547 4281 1656 4322 non
1687 4266 2019 4321 intercalant

443 4365 665 4428 propter
692 4355 1004 4427 pmdictam
1047 4371 1308 4424 causam;
1347 4365 1406 4412 ut
1434 4358 1690 4415 videlicet
1739 4360 1847 4416 illis
1880 4360 2016 4418 festa

440 4449 762 4519 anticipent.
803 4447 937 4504 Nam
959 4449 1015 4504 in
1040 4459 1276 4519 quatuor
1307 4451 1468 4508 annis
1499 4467 1611 4508 uno
1652 4451 1741 4507 die
1773 4452 2015 4526 A‘ngptii

436 4540 698 4596 deﬁciunt
727 4558 757 4596 a
791 4543 928 4607 sole,
959 4542 1014 4596 in
1031 4541 1103 4596 ιο
1135 4543 1296 4598 annis
1321 4543 1510 4598 decem
1533 4542 1729 4600 diebus
1758 4543 2014 4600 deﬁcient

435 4640 660 4704 propter
689 4649 892 4688 annum
953 4634 1106 4690 solis.
1142 4633 1331 4705 itaque
1372 4635 1536 4690 etiam
1567 4636 1789 4691 totidem
1819 4635 2014 4692 diebus

436 4726 736 4796 anticipant
766 4725 925 4788 festa,
943 4734 1004 4780 ut
1028 4740 1097 4782 ne
1111 4727 1434 4798 contingant
1457 4726 1761 4782 secundum
1793 4728 2014 4784 eosdem

434 4818 770 4889 quadrantes
799 4818 951 4873 anni.
978 4819 1039 4874 In
1080 4819 1241 4874 annis
1273 4833 1404 4874 vero
1440 4817 1546 4874 120
1595 4828 1878 4876 menstrua
1908 4823 2015 4876 erit

435 4911 694 4977 varietas,
725 4909 1069 4982 respiciendo
1098 4926 1224 4968 cum
1249 4911 1314 4966 ad
1346 4926 1551 4968 annum
1579 4913 1714 4969 solis
1736 4953 1752 4978 ,
1791 4923 1905 4969 tum
1943 4915 2012 4969 ad

435 5003 564 5058 anni
587 5003 942 5073 quadrantes.
967 5002 1333 5070 Quamobrem
1365 5012 1609 5060 erratum
1659 5005 1814 5070 illud,
1861 5007 2008 5076 quod

434 5096 577 5168 apud
602 5094 822 5152 Graecos
861 5094 1265 5160 circumfertur,
1301 5111 1428 5151 cum
1476 5105 1703 5168 propter
1749 5099 2010 5168 temporis

431 5187 827 5260 longitudinem
873 5189 1262 5259 approbatione
1313 5189 1536 5260 dignum
1593 5190 1666 5246 sit
1715 5190 2010 5255 habitum,

430 5280 595 5334 etiam
625 5279 694 5334 ad
724 5289 912 5336 nostra
945 5294 1117 5350 usque
1146 5289 1389 5350 tempora
1435 5295 1535 5351 pro
1567 5297 1698 5337 vero
1738 5283 2008 5336 creditum

430 5369 552 5425 fuit.
576 5371 775 5426 Putant
799 5374 944 5428 enim
969 5373 1189 5443 plurimi
1234 5369 1549 5429 Graecorum
1578 5373 1635 5428 in
1681 5373 1880 5429 festum
1911 5372 2018 5428 lsi-

499 5525 545 5557 ”
578 5544 668 5597 γρ.
697 5534 828 5599 ρκεν.

499 5676 610 5755 (1’35)
647 5682 699 5738 Id
729 5685 1052 5755 estintegro
1082 5684 1214 5740 orbe
1239 5684 1447 5755 lucens:

2129 3346 2228 3410 τὰς
2253 3346 2420 3410 αὑτάς
2447 3345 2638 3409 θυσίας
2659 3347 2770 3408 τοῖς
2803 3345 2944 3408 θεοῖς
2974 3345 3360 3400 συντελεῖσθαι.
3388 3347 3452 3398 Ui
3483 3347 3583 3416 μὲν
3606 3346 3718 3416 γὰρ

2129 3438 2414 3506 Αἰγύπτιοι
2455 3437 2566 3505 (54)
2606 3436 2705 3506 τὴν
2739 3437 2986 3491 ἐναντίαν
3028 3436 3280 3507 διάληψιν
3320 3438 3416 3491 καὶ
3459 3437 3718 3510 πρόθεσιν

2127 3531 2393 3600 ἐσχήκασι
2439 3531 2552 3591 τοῖς
2599 3528 2875 3596 Ἕλλησιν.
2921 3527 3058 3581 υῦτε
3101 3528 3210 3600 γὰρ
3261 3530 3386 3592 τοὺς
3436 3530 3718 3592 ἐνιαυτοὺς

2126 3621 2188 3690 ἄγ
2201 3639 2321 3674 ουσι
2351 3619 2473 3674 καθ’
2503 3621 2676 3690 ἥλιον,
2705 3619 2830 3674 οὔτε
2863 3621 2993 3682 τοὺς
3035 3621 3211 3691 μῆνας
3240 3621 3334 3673 καὶ
3365 3619 3465 3684 τὰς
3502 3622 3716 3692 ἡμέρας

2126 3711 2268 3764 κατὰ
2296 3710 2394 3780 τὴν
2440 3711 2702 3780 σελήνην·
2750 3709 2864 3762 ἀλλ’
2900 3710 3005 3781 ἰδίᾳ
3033 3711 3139 3762 τινὶ
3182 3710 3480 3762 ὑποστάσει
3514 3728 3716 3782 κεχρη-

2129 3802 2278 3872 μένοι
2313 3801 2439 3856 εἰσί.
2482 3801 2772 3855 Βούλονται
2808 3801 2916 3873 γὰρ
2945 3801 3042 3865 τὰς
3079 3802 3270 3865 θυσίας
3302 3805 3413 3866 τοῖς
3464 3802 3604 3867 θεοῖς
3638 3807 3712 3875 μὴ

2125 3894 2268 3948 κατὰ
2297 3895 2388 3948 τὸν
2415 3894 2578 3948 αὑτὸν
2617 3894 2804 3965 καιρὸν
2843 3893 2936 3947 τοῦ
2977 3894 3224 3948 ἐνιαυτοῦ
3258 3895 3507 3964 γίνεσθαι
3529 3914 3542 3926 ·
3576 3896 3714 3950 ἀλλὰ

2122 3986 2211 4038 διὰ
2240 3986 2428 4039 πασῶν
2452 3984 2560 4038 τῶν
2582 3984 2676 4037 τοῦ
2703 3985 2948 4037 ἐνιαυτοῦ
2971 3984 3131 4057 ὡρῶν
3158 3985 3386 4039 διελθεῖν
3406 4003 3419 4016 °
3445 3988 3540 4040 καὶ
3567 3988 3713 4055 γίνε-

2124 4081 2249 4136 σθαι
2279 4081 2376 4153 τὴν
2403 4080 2620 4152 θερινὴν
2660 4081 2850 4152 ἐορτὴν
2876 4081 2972 4134 καὶ
3017 4084 3355 4155 χειμερινὴν,
3387 4084 3481 4137 καὶ
3525 4084 3709 4154 φθινο-

2122 4173 2402 4245 πωρινὴν,
2455 4173 2550 4227 καὶ
2597 4175 2840 4245 ἐαρινὴν.
2891 4175 3118 4242 Ἀγουσι
3166 4173 3276 4245 γάρ
3323 4173 3414 4227 τὸν
3466 4175 3710 4230 ἐνιαυτὸν

2122 4266 2344 4339 ἡμερῶν
2395 4267 2724 4339 τριακοσίων
2775 4265 3038 4338 ἐξήκοντα
3089 4267 3294 4320 πέντε·
3347 4267 3556 4322 δώδεκα
3599 4270 3710 4340 γὰρ

2123 4360 2301 4431 μῆνας
2346 4359 2540 4428 ἄγουσι
2589 4357 3090 4433 τριακονθημέρους
3143 4360 3237 4413 καὶ
3279 4360 3439 4414 πέντε
3493 4359 3709 4432 ἡμέρας

2119 4452 2406 4518 ἐπάγουσι.
2441 4450 2515 4504 Τὸ
2547 4449 2603 4503 δὲ
2632 4449 2757 4521 a’/8'
2789 4450 2889 4504 οὐκ
2916 4450 3184 4520 ἐπάγουσι
3205 4451 3294 4505 διὰ
3324 4452 3424 4523 τὴν
3451 4469 3710 4525 προειρη-

2125 4541 2290 4614 μένην
2340 4540 2518 4596 αἰτίαν
2541 4581 2555 4604 ,
2589 4541 2677 4594 ἵνα
2717 4542 2903 4604 αὐτοῖς
2938 4543 3374 4608 ἁναποδίζωνται
3410 4546 3465 4597 αἱ
3495 4544 3704 4615 ἑορταί.

2131 4635 2220 4687 Ἐν
2251 4632 2360 4704 γὰρ
2383 4635 2495 4696 τοῖς
2522 4631 2564 4685 δ’
2599 4631 2742 4685 ἔτεσι
2772 4633 2869 4704 μιᾷ
2891 4634 3076 4707 ἡμέρᾳ
3108 4634 3394 4707 ὑστεροῦσι
3431 4636 3580 4709 παρὰ
3615 4637 3708 4690 τὸν

2117 4725 2319 4796 ἡλιονο⁵
2345 4727 2402 4777 ἐν
2450 4723 2507 4777 δέ
2543 4726 2654 4787 τοῖς
2697 4730 2750 4796 μ’
2789 4724 2933 4778 ἔτεσι
2987 4731 3016 4778 ι’
3059 4726 3298 4799 ἡμέραις
3343 4728 3707 4800 ύστερὴσουσι

2117 4815 2270 4888 παρὰ
2319 4816 2410 4869 τὸν
2451 4813 2545 4868 τοῦ
2578 4815 2728 4885 ἡλίου
2761 4816 3008 4871 ἐνιαυτόν
3033 4835 3046 4848 ·
3088 4818 3230 4872 ὥστε
3263 4819 3356 4873 καὶ
3412 4821 3709 4886 τοσαύταις

2116 4909 2350 4981 ἡμέραις
2392 4905 2804 4972 ἀναποδίζουσιν
2833 4911 2888 4964 al
2918 4908 3122 4980 ἑορταὶ,
3164 4910 3302 4984 πρὸς
3341 4911 3403 4965 τὸ
3437 4913 3514 4983 μὴ
3561 4913 3710 4980 γίνε-

2115 5000 2240 5054 σθαι
2269 4999 2410 5054 κατὰ
2431 4999 2531 5065 τὰς
2555 4999 2727 5064 αὐτὰς
2767 4999 2918 5073 ὥρας
2943 4998 3038 5054 τοῦ
3071 5000 3341 5056 ἐνιαυτοῦ.
3377 5002 3466 5057 Ἐν
3505 5003 3562 5056 δὲ
3593 5006 3709 5067 τοῖς

2115 5099 2196 5167 ρκ’
2227 5093 2272 5126 ³³
2295 5093 2440 5147 ἔτεσι
2467 5095 2717 5164 μηνιαῖον
2744 5091 2896 5146 ἔσται
2931 5093 2994 5147 τὸ
3040 5093 3414 5165 παράλλαγμα
3447 5095 3542 5149 καὶ
3568 5094 3708 5166 πρὸς

2110 5186 2201 5240 τδν
2228 5185 2324 5240 τοῦ
2364 5185 2518 5258 ἡλίου
2549 5185 2814 5248 ἐνιαυτὸν,
2846 5185 2942 5239 καὶ
2991 5185 3129 5257 πρὸς
3170 5185 3271 5251 τὰς
3311 5186 3454 5240 κατὰ
3488 5187 3552 5240 τὸ
3583 5187 3707 5251 ἔτος

2116 5279 2286 5351 ὥρας.
2313 5279 2393 5332 Δι’
2423 5279 2488 5350 ἡν
2518 5278 2695 5332 αἰτίαν
2724 5279 2820 5332 καὶ
2847 5278 2909 5330 τὸ
2939 5278 3372 5350 περιφερόμενον
3396 5278 3707 5350 ἁμάρτημα

2118 5372 2272 5445 παρὰ
2308 5374 2418 5436 τοῖς
2463 5371 2721 5444 Ἕλλησιν
2761 5372 2826 5425 ἐκ
2873 5371 3083 5425 πολλῶν
3127 5371 3339 5444 χρόνων
3390 5372 3706 5444 παραδοχῆς

2105 5685 2342 5752 ptiacum
2379 5685 2448 5737 ita
2483 5685 2761 5739 contexuit
2784 5725 2798 5747 ,
2833 5693 2890 5738 ut
2939 5694 3134 5756 pra-tur
3179 5685 3298 5742 dios
3327 5700 3528 5741 cccnxv
3553 5683 3708 5742 horta

501 5751 614 5818 (54)
655 5757 718 5807 οι
755 5754 872 5822 μὲν
909 5751 1020 5824 reip
1049 5756 1376 5824 Αἰγύπτιοι.
1407 5752 1507 5808 Hic
1540 5753 1695 5808 locus
1727 5751 1996 5824 Soliniani

2130 5771 2197 5810 ex
2225 5757 2519 5824 quotannis
2551 5751 2944 5811 insererenturQ

429 5825 874 5878 columentatoris
901 5822 1139 5897 Castigat
1163 5839 1427 5892 errorem,
1464 5825 1558 5896 qui
1593 5840 1795 5880 annum
1829 5822 2000 5896 Egy-
