4124 6400
394 403 500 459 805

1449 396 1684 453 GEMINI
1727 396 2100 453 ELEMENTA
2140 396 2640 456 ASTRONOMIE.

3567 399 3676 458 306

397 519 700 591 ἠξιωμένον
727 517 891 589 μέχρι
912 515 1020 572 τῶν
1042 514 1159 568 καθ’
1192 514 1342 586 ἡμᾶς
1362 513 1570 585 χρόνων
1600 513 1976 567 πεπίστευται.

2088 514 2192 579 dis,
2227 515 2528 571 secundum
2556 513 2846 584 [Egyptios
2887 519 2942 568 et
2991 513 3297 569 secundum
3345 511 3674 570 Eudoxum.

409 609 882 681 Ὕπολαμὸἀνουσι
920 607 1031 681 γὰρ
1065 608 1115 661 οἱ
1143 606 1385 660 πλεῖστοι
1427 606 1539 678 (55)
1575 605 1681 658 τῶν
1714 606 1983 677 Ἑλλήνων

401 705 516 776 ἅμα
556 704 668 766 τοῖς
717 699 897 764 Ἰσίοις
929 700 1050 753 κατ’
1089 697 1422 766 Αἰγυπτίους
1456 697 1552 750 καὶ
1597 696 1716 749 κατ’
1757 694 1984 760 Εὔδοξον

396 793 537 850 εῖναι
575 791 892 864 χειμερινὰς
916 790 1154 864 τροπάς·
1191 791 1328 862 ὅπερ
1355 789 1472 843 ἐστὶ
1505 790 1822 842 παντάπασι
1851 787 1986 858 ψεῦ-

395 887 500 950 δος.
529 885 677 955 Μηνὶ
707 883 817 956 γὰρ
859 881 966 954 ὅλῳ
995 881 1368 954 παραλλάσσει
1411 881 1479 934 τὰ
1524 881 1664 934 Ἴσια
1708 879 1844 951 πρὸς
1886 878 1986 943 τὰς

397 977 711 1048 χειμερινὰς
743 976 975 1046 τροπάς.
1018 973 1222 1047 Ἐρρύη
1248 973 1307 1027 δὲ
1339 972 1400 1026 τὸ
1421 971 1725 1043 ἁμάρτημα
1743 970 1862 1024 αάπὸ
1886 972 1985 1042 τῆς

396 1067 802 1142 προειρημένης
849 1067 1066 1129 αἰτίας’
1115 1065 1222 1135 πρὸ
1263 1064 1372 1135 γὰρ
1422 1069 1502 1134 ρκ’
1539 1062 1676 1116 ἐτῶν
1721 1061 1984 1114 συνέπεσε

395 1161 515 1215 κατ’
540 1159 708 1222 αὐτὰς
742 1159 842 1223 τὰς
868 1157 1187 1230 χειμερινὰς
1209 1157 1418 1229 τροπὰς
1448 1154 1680 1225 ἄγεσθαι
1707 1154 1775 1207 τὰ
1806 1156 1980 1207 Ἵσια·

396 1252 454 1304 ὲν
484 1251 630 1305 ἔτεσι
667 1251 724 1304 δὲ
756 1251 1020 1321 τέσσαρσι
1069 1251 1200 1320 μιᾶς
1238 1247 1452 1320 ἡμέρας
1501 1246 1720 1316 ἐγένετο
1771 1245 1986 1317 παράλ-

397 1342 603 1412 λαγμα.
646 1341 816 1395 Τοῦτο
859 1338 951 1395 οὖν
999 1343 1099 1396 οὐκ
1138 1341 1405 1412 αἰσθητὴν
1455 1339 1583 1410 ἔσχε
1627 1338 1984 1410 παραλλαγὴν

397 1436 535 1506 πρὸς
565 1436 661 1500 τὰς
702 1437 820 1489 κατ’
851 1434 968 1499 ἔτος
1004 1434 1172 1507 ὥρας.
1212 1435 1299 1487 Ἐν
1339 1433 1484 1486 ἔτεσι
1525 1432 1581 1485 δὲ
1609 1439 1660 1503 μ’
1691 1433 1914 1504 ἡμερῶν
1953 1434 1983 1486 ι’

396 1527 612 1596 ἐγένετο
663 1526 1053 1599 παράλλαγμα.
1109 1526 1231 1579 Οὐδ’
1286 1525 1459 1589 οὕτως
1519 1525 1782 1597 αίσθητὴν
1846 1521 1985 1578 εἶναι

397 1618 678 1690 συμϐαίνει
709 1619 806 1691 τὴν
832 1617 1210 1689 παραλλαγήν.
1245 1617 1382 1670 Νυνὶ
1426 1615 1677 1687 μέντοιγε
1726 1615 1986 1687 μηνιαίας

394 1710 688 1781 γινομένης
717 1708 1076 1781 παραλλαγῆς
1106 1710 1163 1761 ὲν
1195 1706 1277 1779 ρκ’
1313 1707 1511 1773 ἔτεσιν,
1545 1705 1850 1778 ὑπερϐολὴν
1883 1706 1985 1759 οὐκ

397 1802 784 1856 ἀπολείπουσιν
839 1801 1065 1871 ἀγνοίας
1127 1803 1176 1854 οἱ
1237 1800 1697 1872 διαλαμϐάνοντες
1759 1801 1818 1853 ὲν
1873 1801 1986 1864 τοῖς

410 1893 587 1960 ’ἰσίοις
613 1897 732 1948 κατ’
758 1894 1107 1962 Αἰγυπτίους,
1143 1893 1236 1948 καὶ
1261 1894 1380 1946 κατ’
1414 1891 1640 1957 Εὔδοξον
1669 1891 1768 1955 τὰς
1801 1909 1984 1962 χειμε-

405 1987 556 2058 ρινάς
581 1986 786 2052 τροπὰς
814 1982 972 2041 εἶναι.
1003 1987 1120 2057 Μιᾷ
1148 1985 1245 2056 μὲν
1275 1984 1384 2055 γὰρ
1413 1983 1596 2055 ἡμέρᾳ
1617 1982 1650 2054 ἢ
1673 1981 1793 2036 δυσὶ
1818 1982 1986 2035 διενε-

397 2078 595 2149 χθῆναι
635 2078 980 2150 ἐνδεχόμενόν
1021 2079 1170 2130 ἐστι’
1223 2078 1471 2148 μηνιαῖον
1515 2075 1572 2128 δὲ
1617 2073 1987 2146 παράλλαγμα

397 2171 656 2225 ἀδύνατόν
703 2171 818 2223 ἐστι
845 2168 1047 2224 λαϐεῖν.
1081 2167 1192 2222 Καὶ
1219 2168 1328 2242 γὰρ
1364 2167 1433 2221 τὰ
1464 2165 1669 2239 μεγέθη
1712 2167 1822 2220 τῶν
1853 2169 1988 2238 ἡμε-

400 2261 511 2336 ρῶν
543 2261 785 2333 ἐλέγχειν
827 2261 1085 2328 δύναται,
1109 2259 1350 2332 μεγάλην
1397 2258 1590 2331 ἔχοντα
1631 2259 1988 2332 παραλλαγὴν

400 2356 536 2428 πρὸς
565 2353 664 2418 τὰς
691 2352 1010 2424 χειμερινὰς
1037 2352 1268 2424 τροπάς.
1307 2352 1416 2406 Καὶ
1458 2352 1515 2406 αἱ
1541 2351 1650 2406 τῶν
1679 2352 1988 2424 ὡρολογίων

398 2446 752 2518 καταγραφαὶ
782 2445 1041 2517 ὲκδήλους
1069 2443 1283 2498 ποιοῦσι
1320 2443 1420 2506 τὰς
1449 2445 1571 2498 κατ’
1607 2443 1862 2515 ἀλήθειαν
1899 2460 1987 2514 γι-

401 2535 634 2608 νομένας
678 2533 909 2605 τροπὰς,
952 2534 1048 2586 καὶ
1091 2533 1327 2601 μάλιστα
1377 2533 1507 2603 παρ’
1552 2533 1874 2601 Αἰγυπτίοις
1929 2533 1989 2586 ὲν

404 2627 782 2698 παρατηρήσει
823 2625 1160 2696 γενομένοις.
1219 2624 1380 2678 Ὅθεν
1424 2624 1494 2678 τὰ
1537 2626 1681 2678 Ἴσια
1723 2625 1990 2696 πρότερον

406 2715 504 2786 μὲν
529 2715 692 2786 ἦγετο
717 2716 762 2749 ³⁸
788 2716 928 2770 κατὰ
968 2715 1068 2778 τὰς
1107 2717 1424 2788 χειμερινὰς
1457 2717 1698 2786 τροπάςο
1735 2715 1830 2769 καὶ
1858 2715 1991 2787 πρό-

401 2821 558 2876 τερον
585 2805 630 2858 δ’
676 2804 757 2859 ἔτι
799 2805 957 2860 κατὰν
985 2806 1203 2878 θερινὰς
1247 2807 1486 2878 τροπάς·
1519 2807 1596 2870 ὼς
1638 2807 1730 2860 καὶ
1767 2808 1990 2878 Ἐρατο-

310 2973 313 2975 _
405 2895 599 2968 σθένης
628 2895 736 2968 (56)
766 2898 824 2950 ἐν
853 2897 932 2968 τῷ
967 2899 1108 2967 Περὶ
1144 2897 1256 2966 τῆς
1299 2897 1718 2966 ὀκταετηρίδος
1749 2899 1990 2970 ὑπομνή-

409 3006 538 3059 ματι
569 2990 931 3062 μνημονεύει·
970 2991 1067 3044 καὶ
1104 2989 1405 3062 ἀχθήσεται
1437 2991 1601 3045 πάλιν
1621 2990 1763 3045 κατὰ
1807 2991 1992 3060 φθινό-

407 3096 610 3152 πωρον,
643 3085 739 3136 καὶ
771 3083 916 3138 κατὰ
947 3083 1046 3147 τὰς
1082 3081 1302 3156 θερινὰς
1335 3083 1567 3154 τροπὰς,
1613 3084 1709 3138 καὶ
1746 3083 1890 3137 κατὰ
1928 3083 1990 3138 τὸ

2087 608 2345 663 hibernas
2380 607 2772 662 conversiones
2828 606 3091 660 incidere.
3145 604 3302 672 Quod
3355 604 3558 660 falsum
3587 621 3679 662 est

2085 702 2329 754 omnino.
2363 699 2551 755 Mense
2583 699 2728 753 enim
2775 706 2892 754 toto
2947 697 3150 752 festum
3198 697 3360 756 Isidis
3409 697 3680 754 distatab

2085 792 2331 848 hibernis
2359 790 2832 847 conversionibus.
2850 789 3031 845 Fluxit
3057 797 3240 844 autem
3271 797 3518 845 erratum
3541 789 3678 845 illud

2083 900 2149 939 ex
2189 899 2356 938 causa
2389 883 2679 952 praedicta;
2715 898 2843 936 nam
2899 890 3026 937 ante
3071 882 3172 938 120
3229 897 3407 938 annos
3447 884 3680 954 contigit

2087 983 2146 1030 ut
2202 974 2399 1030 festum
2435 973 2597 1030 Isidis
2639 974 2696 1028 in
2756 974 2888 1044 ipsis
2921 973 3172 1029 hibernis
3219 974 3680 1030 conversionibus

2087 1075 2342 1136 ageretur
2377 1086 2388 1120 :
2421 1067 2475 1120 in
2511 1067 2672 1121 annis
2702 1075 2882 1121 autem
2917 1072 3155 1135 quatuor
3186 1065 3350 1122 unius
3376 1065 3480 1122 diei
3512 1067 3680 1123 licbat

2085 1159 2337 1214 variatio.
2361 1157 2473 1214 lloc
2495 1159 2661 1228 igitur
2681 1174 2789 1212 non
2808 1157 2996 1212 habuit
3016 1158 3331 1214 sensibilem
3355 1160 3678 1235 varietatem

2087 1252 2154 1306 ad
2183 1252 2311 1306 anni
2336 1258 2712 1321 tempestates.
2733 1252 2791 1304 In
2817 1251 2976 1306 annis
3007 1258 3189 1305 autem
3215 1250 3286 1306 41)
3314 1249 3456 1306 facta
3476 1261 3560 1309 est
3581 1251 3679 1309 de-

2086 1355 2203 1395 cem
2229 1341 2439 1395 dierum
2462 1340 2710 1395 variatio.
2735 1338 2846 1395 Nec
2876 1339 2958 1394 sic
2982 1340 3200 1410 quidem
3233 1342 3411 1396 evenit
3436 1342 3678 1398 sensibi-

2088 1433 2189 1488 Iem
2216 1433 2326 1489 ﬁeri
2353 1434 2728 1489 mutationem.
2751 1432 2820 1487 At
2857 1450 3002 1488 nunc
3028 1450 3152 1489 cum
3178 1436 3232 1488 in
3263 1434 3422 1490 annis
3455 1433 3556 1489 120
3585 1433 3678 1488 ﬁat

2089 1533 2370 1579 menstrua
2408 1526 2670 1589 varietas,
2693 1541 2981 1581 excessum
3017 1527 3342 1597 ignorantiae
3366 1543 3474 1581 non
3509 1527 3678 1582 relin-

2086 1626 2262 1687 quunt
2278 1617 2314 1670 ii
2337 1617 2430 1687 qui
2450 1626 2642 1687 putant
2657 1619 2709 1672 in
2729 1619 2867 1674 festo
2885 1617 3064 1683 Isidis,
3083 1617 3679 1690 secundumEgyptios

2086 1717 2140 1764 et
2169 1711 2472 1766 secundum
2497 1710 2808 1772 Eudoxum,
2831 1711 3092 1767 hibernas
3119 1711 3232 1766 fieri
3261 1713 3677 1768 conversiones.

2087 1802 2209 1858 Uno
2227 1805 2373 1860 enim
2423 1804 2512 1860 die
2539 1812 2633 1858 aut
2660 1805 2878 1861 duobus
2905 1805 3202 1861 dissentire
3227 1805 3442 1876 aliquos
3471 1805 3578 1859 hac
3608 1805 3679 1860 de

2089 1909 2147 1948 re
2177 1893 2442 1964 possibile
2469 1902 2589 1961 est;
2645 1903 2700 1948 at
2751 1903 3092 1950 menstruam
3126 1896 3445 1952 varietatem
3479 1896 3678 1962 latere,

2089 1985 2425 2056 impossibile
2445 1993 2552 2042 est.
2584 1985 2801 2042 Etenim
2832 1986 3241 2058 magnitudines
3285 1987 3521 2050 dierum,
3549 2001 3676 2043 cum

2088 2076 2324 2133 habeant
2357 2093 2614 2149 magnam
2663 2078 3024 2133 mutationem
3059 2079 3113 2133 in
3157 2078 3406 2134 hibernis
3446 2093 3678 2135 conver-

2088 2170 2360 2237 sionibus,
2393 2185 2490 2225 eos
2557 2185 2788 2241 arguere
2832 2181 3086 2241 possunt.
3139 2169 3206 2224 Et
3266 2171 3676 2240 horologiorum
3761 2245 3770 2253 λ

2089 2260 2490 2331 descriptiones
2519 2258 2843 2316 manifestas
2861 2259 3066 2315 faciunt
3084 2275 3242 2316 veras
3259 2261 3676 2325 conversiones,

2088 2359 2144 2408 et
2172 2353 2408 2410 maxime
2435 2351 2581 2423 apud
2615 2349 3036 2424 [Egyptiosqui
3057 2367 3151 2408 eas
3181 2351 3500 2408 observant.
3521 2349 3681 2408 Unde

2089 2445 2287 2500 festum
2312 2443 2474 2501 Isidis
2507 2445 2663 2516 prius
2697 2446 2922 2516 quidem
2966 2445 3129 2501 ﬁebat
3161 2445 3219 2500 in
3264 2445 3513 2500 hibernis
3541 2459 3679 2500 con-

2087 2537 2472 2592 versionihus:
2505 2545 2560 2594 et
2598 2539 2779 2593 adhuc
2806 2539 2964 2608 prius
3015 2538 3070 2592 in
3105 2537 3316 2594 aestivis
3352 2537 3680 2592 conversio-

2088 2628 2293 2683 nibus:
2328 2628 2472 2683 sicut
2521 2638 2576 2684 et
2630 2626 3022 2684 Eratosthenes
3063 2629 3118 2682 in
3159 2627 3556 2682 commentario
3600 2624 3682 2681 Dc

2090 2719 2401 2774 octaeteride
2446 2718 2690 2774 meminit
2721 2737 2734 2772 :
2765 2727 2820 2773 et
2857 2726 3049 2788 agetur
3082 2719 3282 2774 iterum
3313 2719 3368 2772 in
3390 2729 3677 2782 autumno,

2089 2812 2219 2866 etin
2247 2811 2455 2866 aestivis
2489 2810 2948 2865 conversionibus
2970 2850 2984 2874 ,
3023 2815 3079 2865 et
3133 2808 3192 2864 in
3229 2823 3379 2874 vere,
3410 2817 3467 2864 ct
3504 2808 3562 2862 in
3591 2807 3681 2863 hic

2090 2903 2277 2958 bernis
2307 2902 2788 2958 conversionibus.
2831 2902 2892 2956 In
2940 2902 3099 2956 annis
3137 2906 3285 2956 enim
3334 2898 3476 2955 “60
3514 2915 3680 2956 omne

2091 2992 2292 3049 festum
2323 2993 2560 3048 transire
2592 2998 2810 3062 oportet
2862 3006 2960 3061 per
2991 3005 3187 3047 omnes
3229 2989 3359 3044 anni
3404 2988 3681 3060 quadran-

2090 3092 2204 3152 tes;
2238 3093 2293 3141 et
2328 3100 2524 3140 rursus
2564 3085 2780 3139 restitui
2816 3083 2886 3138 ad
2926 3083 3071 3138 idem
3129 3091 3343 3152 tempus
3379 3083 3535 3137 anni.
3571 3081 3682 3152 20

405 3169 525 3242 ἔαρ,
555 3173 648 3225 καὶ
675 3174 817 3227 κατὰ
840 3173 940 3236 τὰς
965 3175 1283 3246 χειμερινὰς
1305 3175 1535 3246 τροπάς.
1579 3177 1666 3229 Ἐν
1696 3175 1841 3230 ἔτεσι
1879 3178 1986 3251 γὰρ

2095 3177 2339 3250 Egyptii
2393 3178 2563 3247 igitur
2645 3176 2950 3232 secundum
3009 3175 3289 3246 propriam
3350 3174 3682 3248 hypothesin

405 3261 596 3331 χιλίοις
615 3265 984 3336 τετρακοσίοις
1005 3264 1268 3336 ἐξήκοντα
1296 3264 1511 3319 ἃπασαν
1541 3265 1734 3338 ἑορτὴν
1762 3268 1990 3323 διελθεῖν

406 3353 488 3406 δεῖ
529 3354 616 3408 διὰ
649 3356 840 3410 πασῶν
883 3355 992 3410 τῶν
1028 3355 1122 3410 τοῦ
1170 3356 1419 3411 ἐνιαυτοῦ
1468 3357 1650 3430 ὡρῶν,
1691 3360 1786 3414 καὶ
1830 3361 1990 3416 πάλιν

407 3444 922 3519 ἀποκατασταθῆναι
954 3449 1048 3502 ἐπὶ
1091 3448 1182 3501 τὸν
1225 3448 1386 3502 αὐτὸν
1435 3449 1626 3521 καιρὸν
1669 3450 1763 3504 τοῦ
1810 3450 1986 3516 ἔτους.

2095 3269 2363 3341 propositi
2388 3269 2547 3336 linis;
2575 3268 2752 3324 Graeci
2777 3283 2928 3334 vero,
2952 3281 3080 3322 cum
3103 3266 3438 3322 contrariam
3458 3277 3684 3322 senten—

2095 3362 2226 3415 tiam
2260 3361 2521 3428 habeant,
2565 3375 2740 3416 annos
2780 3368 2949 3430 agunt
2981 3359 3287 3414 secundum
3320 3359 3527 3421 solem,
3562 3357 3682 3411 dies

2093 3469 2246 3518 vero,
2275 3462 2330 3510 et
2355 3467 2576 3509 menses
2609 3451 2914 3508 secundum
2946 3451 3154 3505 lunam.

408 3535 473 3590 Οί
500 3537 598 3607 μὲν
623 3534 715 3594 οὖν
755 3539 1040 3608 Αἰγύπτιοι
1084 3539 1224 3593 κατὰ
1253 3541 1352 3612 τὴν
1389 3541 1527 3595 ίδίαν
1569 3541 1871 3597 ὑπόστασιν
1937 3543 2032 3599 τοῦ
2082 3545 2449 3618 προκειμένου
2493 3543 2704 3608 τέλους,
2748 3545 2799 3598 οἱ
2847 3543 2904 3597 δὲ
2950 3542 3234 3614 Ἕλληνες,
3283 3541 3383 3611 τὴν
3431 3539 3685 3594 ἐναντίαν

406 3630 632 3701 γνώμην
684 3629 897 3700 ἔχοντες
921 3671 937 3696 ,
990 3631 1120 3695 τοὺς
1178 3632 1276 3703 μὲν
1327 3635 1604 3699 ἐνιαυτοὺς
1657 3635 1778 3689 καθ’
1831 3634 1982 3706 ἥλιον
2018 3636 2232 3707 ἄγουσι,
2273 3641 2400 3704 τοὺς
2451 3639 2508 3694 δὲ
2554 3640 2730 3712 μῆνας
2761 3637 2856 3692 καὶ
2897 3635 2998 3700 τὰς
3047 3635 3263 3707 ἡμέρας
3330 3633 3475 3688 κατὰ
3522 3633 3682 3706 σελή-

407 3740 526 3794 νην.

478 3814 528 3848 ³⁸
555 3833 645 3884 γρ.
677 3815 912 3883 ἐγένετο.

480 3908 617 3980 (⁸55)
645 3904 1165 3980 Ύπολιψϐάνουσι
1205 3908 1316 3977 γὰρ
1343 3911 1399 3962 οἱ
1440 3909 1737 3964 πλεῖστοι.
1793 3909 1987 3968 Mirum

409 3979 499 4052 est
522 3979 792 4052 Achillem
829 3979 1060 4052 _Tatium
1096 3980 1368 4052 incudem
1405 3995 1592 4052 errore
1629 3983 1835 4036 versari
1863 3998 1986 4052 cap.

407 4051 480 4124 ’ἐξ
512 4048 727 4124 Isagog.
758 4048 859 4102 sub
886 4049 1069 4124 liuent.
1102 4047 1270 4118 Igitur
1295 4050 1440 4119 quod
1470 4051 1574 4104 Isia
1604 4051 1734 4124 olim
1781 4053 1835 4124 in
1864 4047 1990 4124 τρο-

411 4120 519 4183 ad;
563 4120 920 4184 incidissent,
956 4119 1010 4173 id
1043 4133 1168 4174 esse
1207 4128 1530 4188 perpetuum
1580 4119 1991 4177 arbitrabantur

414 4190 673 4260 imperiti.
709 4190 858 4255 Quos
898 4205 966 4243 ex
1008 4204 1074 4244 eo
1117 4189 1320 4243 refellit
1349 4189 1633 4257 Geminus,
1671 4192 1816 4260 quod
1864 4203 1990 4248 ante

413 4259 589 4316 annos
634 4273 762 4322 cxx,
815 4275 978 4330 quam
1029 4259 1512 4330 scribebat,rillud
1557 4259 1870 4324 accidisset,
1925 4277 1990 4317 ac

413 4331 639 4400 proinde
669 4329 912 4400 tempere
946 4344 1046 4384 suo
1080 4331 1313 4400 solidum
1341 4329 1454 4399 jam
1499 4346 1742 4400 mensem
1788 4332 1989 4386 festum

414 4399 556 4455 idem
590 4400 800 4473 τροπάς
822 4399 1442 4473 anteverteret._Sc_alig.
1477 4401 1570 4473 lib.
1606 4401 1752 4473 n_De
1779 4401 1985 4473 enimid.

415 4481 594 4542 temp.,
619 4469 798 4542 capite
818 4469 896 4542 De
910 4480 1162 4526 octaeter.
1190 4469 1424 4542 Eudoxi,
1439 4471 1622 4526 exhoc
1639 4471 1853 4528 Gemini
1868 4474 1990 4542 loco

412 4539 705 4611 colligebat
758 4539 1042 4595 Eudoxum
1094 4541 1476 4611 octaeteridem
1531 4557 1688 4597 suam
1750 4544 1820 4597 ab
1865 4540 1988 4600 Isiis

414 4610 757 4680 auspicatum
805 4626 950 4676 esse,
991 4611 1150 4680 quasi
1183 4612 1284 4666 hoc
1332 4610 1596 4666 Geminus
1626 4613 1872 4675 diceret,
1917 4615 1988 4668 ab

415 4689 562 4736 anno
593 4681 705 4742 illo,
756 4681 900 4735 unde
944 4681 1329 4736 octaeteridem
1385 4696 1541 4736 suam
1571 4682 1848 4737 inchoavit
1875 4681 1986 4737 Eu-

415 4750 614 4815 doxus,
649 4752 715 4806 ad
749 4761 963 4805 aetatem
989 4766 1146 4822 suam
1174 4766 1349 4806 annos
1375 4753 1592 4822 elapsos
1615 4768 1739 4808 esse
1765 4760 1987 4808 centum

414 4829 470 4895 et
501 4823 713 4895 viginti.
750 4823 918 4875 Porro
950 4836 1075 4895 cum
1110 4820 1391 4876 Eudoxum
1437 4820 1582 4895 anno
1615 4823 1776 4878 tertio
1807 4825 1986 4895 olym-

417 4891 594 4962 piadis
628 4907 724 4947 CIII
757 4891 1147 4963 octaeteridem
1187 4907 1359 4946 suam
1389 4893 1624 4962 cmpisse
1669 4901 1842 4963 putet,
1865 4891 1985 4948 Na-

416 4963 704 5018 bonassari
731 4975 1038 5033 CCCL!_t_XXll|
1059 4979 1074 5026 ;
1097 4962 1144 5013 si
1162 4963 1400 5033 adhunc
1417 4979 1590 5018 annos
1607 4962 1835 5033 adjicias
1855 4979 1983 5029 cxx,

416 5035 616 5088 conliet
662 5047 838 5087 annus
872 5030 1242 5102 Nabonassari
1275 5047 1383 5097 ntv,
1420 5048 1531 5102 quo
1567 5030 1842 5089 scribebat
1879 5033 1988 5090 Ge-

415 5106 616 5159 minus.
653 5103 732 5157 Ita
751 5104 856 5156 erit
882 5101 1192 5172 Hipparcho
1221 5101 1508 5158 vetustidr.
1541 5103 1622 5156 Ad
1647 5105 1788 5158 hanc
1827 5105 1987 5159 dubi-

417 5175 678 5242 tationem
727 5173 866 5226 nihil
896 5189 956 5228 se
986 5173 1131 5242 quod
1163 5173 1491 5241 respondeat
1533 5174 1733 5230 habere
1761 5173 1983 5230 fatetur.

418 5241 527 5299 Sed
559 5244 740 5297 nullus
771 5245 857 5296 hic.
878 5241 1317 5297 erat’haesitandi
1345 5245 1519 5298 locus.
1560 5243 1677 5299 Non
1710 5247 1856 5300 enim
1885 5245 1986 5301 Isia

417 5315 472 5368 in
503 5316 790 5384 ipsiusmet
832 5312 1073 5367 Eudoxei
1102 5314 1230 5366 anni
1261 5313 1422 5383 primi
1446 5315 1653 5382 τροπάς
1682 5316 1988 5371 incurrisse

417 5383 534 5440 vult
570 5383 836 5438 Geminus
868 5391 995 5436 ante
1026 5397 1340 5454 cxxrannos
1375 5399 1540 5454 quam
1575 5387 1862 5447 scriberet,
1897 5402 1988 5440 ve-

417 5470 538 5508 rum
591 5455 648 5508 in
695 5455 846 5526 illum
897 5455 1075 5526 ipsum
1118 5453 1287 5526 diem,
1323 5455 1376 5507 in
1396 5453 1570 5526 quem
1613 5455 1821 5526 τροπάς
1878 5455 1991 5509 Eu-

415 5526 592 5580 doxus
622 5523 933 5592 conjecerat
955 5543 966 5578 :
988 5525 1186 5593 cuique
1209 5523 1396 5578 allian
1423 5523 1783 5580 easdent'esse
1813 5535 1989 5594 poste-

415 5598 551 5666 ritas
581 5595 841 5664 deinceps
873 5596 1050 5666 omnis
1073 5595 1450 5666 existimabat,
1481 5597 1678 5649 solaris
1714 5599 1985 5666 anticipa-

413 5665 583 5720 tionis
630 5663 838 5736 ignara.
901 5664 1012 5720 {Vos
1068 5663 1352 5718 Eudoxum
1418 5667 1564 5719 circa
1623 5663 1986 5735 olympiad'em

415 5751 583 5790 xcvtn
637 5735 950 5791 Condidisse
993 5737 1380 5790 octaeteridctn
1439 5751 1594 5789 suam
1645 5737 1986 5792 ostendimus

415 5805 511 5860 lib.
541 5823 582 5862 ιι
613 5803 691 5860 De
730 5806 903 5862 doctr.
935 5815 1116 5875 temp.,
1153 5821 1273 5876 cap.
1301 5805 1355 5868 6,
1395 5815 1777 5876 quo_tempore
1803 5807 1988 5860 solsti-

415 5879 551 5932 tium
582 5878 870 5934 hibernum
918 5891 1108 5933 verum
1154 5875 1385 5933 cadebat
1412 5874 1473 5932 in
1503 5874 1815 5932 Decembris
1859 5892 1982 5942 xxv,

2098 3905 2337 3960 medium
2369 3905 2423 3960 in
2457 3919 2607 3960 xxvr.
2641 3903 2760 3957 Jam
2787 3901 2915 3968 Isia,
2945 3902 3014 3958 de
3045 3901 3247 3972 quibus
3281 3899 3545 3972 Geminus
3593 3903 3680 3960 Io-

2098 3979 2306 4046 quitur.
2338 3992 2401 4030 ca
2437 3991 2558 4030 esse
2592 3975 3018 4046 videnlur._quae
3054 3971 3123 4046 ab
3155 3987 3267 4027 xvu
3301 3972 3388 4026 die
3409 3971 3585 4046 Athyr
3609 3975 3680 4029 ad

2098 4042 2168 4100 xx
2204 4046 2426 4109 ﬁebant,
2469 4054 2528 4099 ut
2556 4046 2716 4100 testis
2746 4052 2831 4098 est
2869 4042 3196 4097 Plutarchus
3231 4051 3391 4095 tract.
3421 4042 3497 4096 De
3524 4042 3682 4100 'lside

2098 4127 2146 4171 et
2172 4116 2384 4172 Osiride
2415 4116 2559 4186 (pag.
2593 4115 2700 4170 566
2721 4115 2853 4169 edit.
2883 4112 3274 4186 Graec-Lat.)
3305 4112 3437 4166 Nam
3457 4128 3525 4186 ea
3558 4115 3683 4171 πένο

2100 4186 2255 4257 θιμα,
2303 4195 2358 4242 et
2410 4184 2659 4256 lugubria
2711 4186 2884 4240 fuisse
2915 4185 3144 4258 scribit;
3182 4192 3236 4239 et
3259 4184 3407 4258 inter
3442 4184 3679 4258 _illprutn

2097 4253 2294 4312 causas
2327 4253 2488 4311 hanc'
2512 4263 2780 4317 recenset,
2817 4256 2963 4326 quod
3001 4253 3303 4326 c_ontr_act_is
3349 4253 3544 4326 diebus
3581 4272 3682 4326 no-

2097 4337 2212 4382 ctes
2247 4330 2379 4380 liant
2422 4327 2716 4397 longiores.
2753 4322 3112 4397 At'Achilles
3144 4322 3336 4397 Tatius
3369 4325 3550 4397 capite
3581 4325 3676 4388 25.

2096 4397 2256 4452 docet
2301 4397 2373 4451 ob
2423 4393 2561 4451 hanc
2615 4394 2862 4451 eamdem
2882 4408 3116 4466 causam
3147 4393 3273 4466 Isia,
3307 4408 3431 4466 quae
3462 4396 3526 4466 in
3551 4411 3680 4466 τρο·ο

2097 4467 2206 4532 πάις
2238 4469 2506 4529 incidunt,
2553 4467 2622 4521 ab
2650 4465 2925 4536 Egyptiis
2966 4464 3233 4536 celebrari
3266 4463 3449 4536 solita.
3488 4463 3681 4536 Quare

2095 4540 2301 4608 nullum
2329 4539 2443 4608 jam
2470 4537 2697 4608 dubium
2708 4547 2839 4608 _est,
2876 4537 2945 4592 de
2967 4535 3178 4608 quibus
3212 4535 3337 4590 Isiis
3366 4535 3679 4608 intelligen-

2017 4597 2195 4663 Ddus
2230 4608 2302 4662 sit
2329 4597 2630 4664 'Geminus.
2680 4597 2838 4660 Hunc
2892 4597 3039 4661 enim
3092 4611 3306 4659 certum
3357 4611 3440 4658 est
3494 4597 3572 4660 de'
3606 4605 3680 4660 iis

2089 4693 2271 4748 agere,
2325 4693 2446 4748 quae
2495 4693 2608 4732 xvrt
2657 4678 2837 4748 Athyr,
2883 4676 3118 4748 inibant.
3157 4674 3388 4748 Athyr.
3425 4676 3673 4748 inquam,

2089 4745 2231 4820 vagi,
2266 4745 2376 4803 non
2412 4746 2709 4820 Juliani_et
2749 4745 2864 4820 lixi.
2900 4746 3022 4813 Quo
3050 4745 3232 4820 posito
3265 4745 3558 4820 l‘acileerit
3588 4747 3677 4798 in-

2089 4815 2358 4890 vestigare
2388 4819 2535 4890 quod
2567 4834 2597 4872 a
2619 4816 3098 4890 Geminotempus
3129 4817 3234 4890 hoc
3266 4815 3389 4890 loco
3419 4815 3681 4890 designe-

2091 4900 2196 4943 tur.
2234 4884 2488 4944 Nam’ut
2538 4905 2648 4943 xvu
2698 4887 2816 4958 dies
2845 4884 3021 4958 Athyr
3061 4887 3117 4941 in
3141 4884 3492 4958 _Decembris
3544 4884 3678 4941 xxvi

2089 4959 2318 5025 incidat,
2351 4973 2578 5015 necesse
2611 4967 2696 5014 est
2737 4953 3094 5013 Neomeniam
3141 4953 3339 5025 Thotir
3368 4956 3570 5010 cadere
3620 4959 3679 5011 in

2089 5023 2344 5086 Octobris
2375 5045 2451 5084 xl.
2499 5028 2558 5082 Id
2607 5029 2808 5083 accidit
2850 5028 3087 5096 primum
3119 5023 3676 5096 anno_Nabonassari

2089 5115 2222 5166 nLu,
2255 5108 2454 5171 quarto
2475 5100 2802 5170 Olympiadis
2829 5093 2991 5171 (ἔην,
3021 5095 3228 5166 periodi
3255 5093 3676 5171 Juliana:_45l7.

2089 5164 2244 5226 Adde
2274 5164 2447 5239 igitur
2474 5164 2650 5224 annos
2685 5171 2806 5230 I20,
2840 5164 3068 5223 exsistet
3099 5181 3278 5219 annus
3326 5165 3532 5239 periodi
3576 5164 3679 5220 Ju-

2090 5243 2246 5296 lianae
2275 5235 2438 5304 4657,
2473 5250 2702 5310 quartus
2732 5239 3059 5310 Olympiadis
3101 5251 3305 5310 ccxxv1
3336 5235 3677 5310 Urbis_con_-

2089 5312 2213 5368 dit-.e
2245 5304 2517 5366 DCLxxvn'.
2571 5309 2735 5364 Sullae
2772 5304 2956 5377 itaque
3000 5319 3246 5376 tempore
3274 5305 3460 5358 ﬂoruit
3491 5304 3679 5359 Gemi-

2089 5399 2194 5439 nus
2221 5396 2428 5437 noster.
2462 5381 2630 5436 lulib.
2665 5397 2700 5434 ιι
2735 5379 2812 5433 De
2833 5380 3076 5432 doctrina
3109 5388 3424 5445 temporum,
3462 5391 3583 5445 cap.
3615 5377 3674 5441 6,

2090 5470 2197 5506 non
2240 5454 2473 5506 multum
2518 5452 2824 5506 ablusimus
2871 5451 2940 5503 ab
2982 5449 3085 5501 hoc
3118 5448 3353 5500 calculo.
3408 5445 3515 5500 Sed
3546 5462 3675 5516 τρο-

2089 5524 2198 5586 πάς
2230 5523 2441 5578 Eudoxi
2475 5538 2542 5576 ex
2580 5521 2861 5576 communi
2889 5528 2944 5574 ct
2972 5517 3344 5588 Sealigeriana
3404 5520 3678 5588 sententia

2089 5594 2480 5648 constituimus
2526 5601 2725 5662 quarto
2767 5594 2853 5646 die
2903 5600 3028 5662 post
3078 5587 3405 5662 solstitium,
3459 5587 3530 5662 in_
3567 5602 3678 5662 xxx

2091 5663 2426 5729 Decembris,
2486 5658 2559 5716 ut
2596 5679 2665 5716 ex
2716 5658 3004 5732 hypothesi
3051 5658 3443 5732 et_cuncessis
3483 5658 3680 5713 abillo

2087 5736 2250 5790 rebus
2282 5735 2684 5804 argumentatio
2716 5729 2905 5786 noStra
2937 5729 3283 5804 procederet.

2159 5805 2271 5875 (56)
2333 5794 2426 5869 ’.ὃς
2470 5803 2571 5857 καὶ
2608 5794 3083 5875 -Ἔραξοσῇθένηᾳ
3135 5797 3313 5869 IIujus
3365 5797 3494 5854 libri
3541 5794 3683 5852 Era.

2090 5871 2362 5932 tosthenis
2395 5873 2647 5931 meminit
2677 5880 2731 5929 et
2763 5871 2975 5928 Tatius.
