4124 6400
471 397 575 453 διη

1500 399 1592 454 Αἰ)
1631 400 1900 460 Ευεειιιι
1931 402 2331 462 CBBONICON
2370 403 2733 461 APPENDIX.

3637 407 3744 460 ξ.οὸ

544 512 769 569 Veteres
788 513 955 584 igitur
975 512 1210 585 agebant
1231 528 1456 571 menses
1496 516 1568 571 50
1601 516 1854 587 dierum;
1893 536 2032 578 men-

2229 528 2291 580 Oi
2324 528 2423 597 μὶν
2449 521 2543 580 οῦν
2590 525 2806 596 ἀρχαῖοι
2859 524 2986 588 τοὺς
3021 523 3196 596 μῆνας
3237 521 3746 596 τριακονθημέρους

471 621 561 662 ses
591 614 772 662 autem
803 606 1158 661 intercalares
1207 614 1432 678 propter
1480 623 1685 665 annum
1733 612 1887 669 solis.
1914 612 2051 669 Cum

471 706 654 751 autem
690 713 784 768 per
814 698 1188 768 apparentiam
1230 701 1417 754 statim
1445 703 1648 758 veritas
1680 704 2054 776 deprehende-

471 798 643 851 retur,
695 805 762 844 eo
814 790 962 861 quod
995 790 1115 844 dies
1154 798 1213 845 et
1240 807 1458 849 menses
1494 809 1602 849 non
1659 799 2055 866 responderent

470 882 648 945 lunae,
684 884 812 935 anni
860 898 993 936 vero
1043 897 1151 936 non
1189 895 1555 953 congruerent
1585 902 1708 941 cum
1758 890 1896 954 sole,
1928 891 2054 945 hinc

466 972 784 1041 quaerebant
806 972 1112 1042 periodum,
1141 988 1263 1041 qua.
1281 973 1334 1026 in
1357 974 1519 1030 annis
1543 979 1899 1046 responderet
1924 981 2049 1045 soli,

468 1063 524 1116 in
564 1062 847 1116 mensibus
881 1077 1009 1117 vero
1032 1069 1086 1115 et
1135 1063 1333 1118 diebus
1377 1063 1541 1119 lunae.
1574 1066 1831 1124 Continet
1868 1079 2050 1125 autem

466 1154 632 1223 bujus
656 1154 864 1224 periodi
900 1162 1117 1226 tempus
1158 1156 1405 1225 integros
1436 1173 1675 1224 menses,
1708 1169 1762 1217 et
1809 1162 2052 1230 integros

464 1248 605 1314 dies,
639 1258 694 1302 et
737 1250 978 1321 integros
1006 1265 1202 1305 annos.
1236 1250 1477 1306 Primam
1527 1263 1709 1308 autem
1743 1258 2050 1310 constitue-

464 1351 591 1395 runt
625 1326 908 1411 periodum
943 1344 1317 1407 octaeteridis,
1358 1360 1482 1415 qua:
1539 1346 2049 1422 continegmenses

462 1434 681 1504 quidem
725 1434 814 1499 99,
861 1437 916 1493 in
970 1438 1172 1506 quibus
1225 1437 1586 1495 intercalares
1650 1455 1870 1493 menses
1919 1448 2050 1494 sunt

463 1535 600 1593 tres,
631 1528 748 1583 dies
778 1545 908 1584 vero
926 1529 1093 1591 299.2,
1134 1536 1189 1584 et
1227 1544 1402 1585 annos
1447 1538 1594 1585 octo.
1632 1530 2048 1586 Constituerunt

461 1627 640 1674 autem
671 1621 1004 1675 octaeterida
1033 1622 1135 1674 hoc
1185 1620 1346 1674 modo
1372 1621 1543 1677 :Cum
1572 1622 1717 1676 cnim
1750 1638 1928 1678 annus
1957 1638 2050 1678 so-

459 1711 593 1766 laris
617 1713 688 1765 sit
714 1713 924 1769 diermn
955 1713 1197 1782 5651/4,
1217 1729 1395 1769 annus
1430 1730 1558 1769 vero
1588 1715 1798 1770 lunaris
1832 1715 1901 1770 sit
1930 1713 2048 1771 die-

461 1816 585 1857 rum
615 1804 741 1866 554,
779 1812 1111 1874 acceperunt
1132 1820 1441 1869 excessum,
1473 1821 1584 1877 quo
1619 1807 1835 1863 excedit
1867 1822 2045 1863 annus

2158 617 2320 693 ἦγον
2348 620 2473 683 τοὺς
2509 618 2567 671 δὲ
2596 616 2926 688 ἐμϐολίμους
2967 618 3094 687 παρ’
3127 617 3388 670 ἐνιαυτόν.
3425 616 3644 687 Ταχέως
3686 617 3749 670 δὲ

2159 710 2268 764 ὑπὸ
2304 708 2400 761 τοῦ
2446 706 2773 778 φαινομένου
2806 706 3172 777 ἐλεγχομένης
3214 707 3313 774 τῆς
3355 706 3613 777 ἀληθείας
3655 706 3747 760 διά

2158 802 2220 855 τὸ
2263 800 2363 864 τὰς
2397 800 2609 871 ἡμέρας
2642 798 2737 852 καὶ
2784 798 2912 861 τοὺς
2967 796 3267 867 μῆναςψὴ
3316 799 3625 867 συμφωνεῖν
3671 799 3744 869 τῇ

2161 895 2380 968 σελήνη,
2402 896 2529 957 τοὺς
2553 894 2598 946 δ’
2629 893 2913 955 ἐνιαυτοὺς
2938 890 3013 962 μὴ
3039 893 3272 961 στοιχεῖν
3296 890 3376 960 τῷ
3397 890 3551 961 ἡλίῳ.
3579 890 3744 942 Ὅθεν

2158 987 2382 1058 ἐζήτουν
2412 986 2457 1018 ⁸⁸
2498 984 2767 1056 περίοδον,
2810 985 2931 1055 ἥτις
2974 982 3118 1037 κατά
3161 982 3260 1053 μὲν
3291 984 3418 1045 τοὺς
3462 985 3743 1045 ἐνιαυτοὺς

2157 1076 2235 1147 τῷ
2261 1077 2395 1146 ήλὶῳ
2440 1076 2817 1146 συμφωνήσει,
2864 1072 3008 1127 κατὰ
3040 1073 3097 1126 δὲ
3131 1074 3259 1135 τοὺς
3295 1072 3471 1142 μῆνας
3519 1070 3613 1125 καὶ
3638 1070 3741 1134 τὰς

2154 1167 2369 1236 ἡμέρας
2395 1169 2459 1237 τῇ
2491 1166 2707 1239 σελήνη.
2740 1166 2989 1237 Περιέχει
3012 1164 3069 1218 δὲ
3097 1166 3126 1218 ὁ
3148 1164 3250 1233 τῆς
3274 1164 3523 1234 περιόδου
3549 1165 3741 1235 χρόνος

2155 1255 2310 1318 ὅλους
2344 1255 2545 1325 μῆνας,
2578 1256 2671 1308 καὶ
2701 1255 2828 1319 ὅλας
2861 1256 3096 1327 ἡμέρας,
3127 1256 3221 1308 καὶ
3251 1255 3406 1318 ὅλους
3434 1255 3737 1316 ἐνιαυτούς.

2157 1346 2378 1417 Πρῶτον
2410 1347 2468 1400 δὲ
2508 1349 2900 1418 συνεστήσαντο
2926 1349 3026 1418 τὴν
3056 1348 3303 1420 περίοδον
3342 1347 3442 1418 τῆς
3478 1349 3744 1417 ὀκταετηο

2157 1437 2319 1506 ρίδος,
2354 1438 2477 1507 ἥτις
2512 1439 2756 1511 περιέχει
2791 1441 2889 1510 μὲν
2922 1441 3100 1511 μῆνας
3128 1439 3233 1507 ἥθ’,
3258 1442 3315 1493 ἐν
3339 1434 3422 1504 οἷς
3451 1440 3742 1510 ἐμϐόλιμοι

2154 1534 2223 1597 γ’,
2253 1529 2467 1600 ἡμέρας
2512 1530 2570 1584 δὲ
2611 1530 2781 1602 βλκβ’,
2811 1532 2905 1604 ἐτη
2934 1533 2991 1586 δὲ
3019 1539 3089 1605 η’.
3118 1533 3525 1605 Συνεστήσαντο
3553 1532 3613 1586 δὲ
3638 1533 3741 1603 τὴν

2152 1621 2508 1691 ὀκταετηρίδα
2537 1623 2629 1676 τὸν
2681 1623 2880 1696 τρόπον
2933 1624 3141 1677 τοῦτοψ
3189 1624 3342 1677 Ἐπεὶ
3389 1624 3498 1694 γάρ
3540 1624 3570 1676 ὁ
3614 1623 3740 1676 καθ’

2152 1711 2301 1782 ἥλιον
2329 1715 2575 1778 ἐνιαυτὸς
2602 1715 2824 1787 ἡμερῶν
2851 1717 2964 1770 ἐστι
2986 1714 3115 1782 τξε’,
3135 1715 3283 1787 a'/6‘.
3305 1715 3401 1769 ὅδὲ
3420 1715 3562 1768 κατά
3581 1713 3742 1785 σελή-

2150 1819 2249 1873 νην
2283 1804 2523 1867 ἐνιαυτός
2553 1807 2700 1857 ἐστιν
2736 1806 2958 1877 ήμερῶν
2984 1807 3112 1872 me,
3144 1806 3333 1860 ἔλαϐον
3372 1806 3471 1876 τὴν
3498 1804 3739 1876 ὑπερϐο⁹

462 1895 662 1952 solaris
685 1911 886 1950 annum
916 1896 1185 1954 lunarem.
1207 1896 1479 1954 Excessus
1505 1908 1683 1954 autem
1719 1898 1810 1953 hic
1828 1908 1912 1954 est
1934 1898 2032 1954 die-

2146 1891 2244 1964 λὴν
2278 1894 2343 1964 ἢν
2377 1894 2635 1966 ὑπερέχει
2662 1897 2691 1948 ὁ
2719 1896 2842 1949 καθ’
2869 1896 3019 1969 ἥλιον
3063 1896 3307 1961 ἐνιαυτὸς
3345 1896 3440 1948 τοῦ
3473 1895 3613 1948 κατὰ
3650 1912 3740 1948 σε·

461 2008 584 2047 rum
634 1994 691 2048 Η
729 1993 850 2066 ιχι.
896 1992 955 2047 Si
1004 1993 1169 2064 igitur
1232 1994 1533 2049 secundum
1576 1994 1762 2048 lunam
1819 2007 2048 2063 agamus

458 2099 699 2147 menses,
732 2086 785 2139 in
836 2100 980 2140 anno
1023 2085 1340 2141 deticiemns
1385 2086 1455 2141 ab
1502 2100 1649 2141 anno
1675 2087 1809 2142 solis
1854 2085 2048 2143 diebus

459 2172 520 2227 11
552 2174 675 2245 ιχι.
710 2174 1085 2240 ριιιρείιοετιιιιι
1111 2176 1292 2246 igitur,
1315 2176 1531 2246 quoties
1555 2176 1610 2231 bi
1645 2177 1762 2232 dies
1788 2178 2049 2247 multipli-

455 2264 814 2320 catiefliciant
839 2269 1079 2333 integros
1108 2268 1227 2322 dies
1249 2276 1302 2323 et
1332 2269 1575 2335 integros
1607 2285 1847 2325 menses.
1866 2271 2049 2343 Octies

453 2370 586 2425 ergo
613 2358 947 2427 multiplicati
975 2359 1212 2415 efﬁciunt
1256 2361 1499 2432 integros
1541 2360 1659 2416 dies
1693 2370 1747 2416 et
1800 2343 2047 2431 integros

454 2461 671 2503 menses
687 2466 703 2513 ;
720 2449 836 2504 dies
849 2449 1065 2520 quidem
1083 2450 1173 2515 90,
1193 2467 1410 2509 menses
1427 2468 1553 2508 vero
1570 2461 1702 2507 tres.
1724 2450 1781 2506 Si
1803 2452 1967 2523 igitur
1988 2453 2045 2507 in

453 2539 762 2607 annojuxta
776 2543 945 2599 solem
961 2542 1245 2600 deﬁcimus
1262 2544 1454 2601 diebus
1476 2545 1531 2599 Η
1554 2545 1674 2616 1/4,
1694 2544 2042 2599 manifestum

450 2639 538 2685 est
556 2633 699 2701 quod
720 2648 773 2686 In
791 2644 918 2690 octo
937 2637 1096 2691 annis
1119 2638 1434 2695 deﬁciamus
1459 2638 1614 2706 juxta
1647 2639 1816 2693 solem
1844 2637 2039 2692 diebus

450 2721 543 2788 90,
563 2725 654 2794 qui
677 2734 805 2781 sunt
835 2743 1052 2785 menses
1079 2738 1209 2787 tres.
1243 2731 1415 2797 Quam
1434 2732 1503 2787 ob
1521 2746 1742 2787 causam
1767 2732 1821 2785 in
1844 2730 2037 2801 quavis

450 2816 780 2872 octaeteride
812 2825 924 2874 tres
945 2831 1181 2891 aguntur
1209 2838 1428 2879 menses
1456 2823 1832 2883 intercalares,
1867 2820 2039 2876 utde-

452 2902 628 2960 fectus
665 2908 758 2977 qui
801 2908 857 2962 tit
891 2910 1123 2982 singulis
1179 2912 1338 2968 annis
1366 2927 1396 2966 a
1441 2912 1586 2975 sole,
1640 2911 1947 2981 repleatur,
1980 2915 2036 2964 et

451 3008 645 3053 rursus
681 3014 711 3052 a
737 3001 999 3072 principio
1023 3044 1038 3067 ,
1080 3019 1206 3058 cum
1252 3012 1380 3060 octo
1432 3005 1560 3059 anni
1590 3002 1794 3058 fuerint
1836 3000 2033 3072 elapsi,

452 3083 593 3141 festa
627 3102 936 3162 congruant
968 3095 1035 3150 ad
1077 3096 1295 3151 easdem
1334 3096 1460 3150 anni
1501 3103 1871 3166 tempestates.
1919 3092 2034 3148 Hoc

449 3180 597 3234 enim
629 3198 752 3237 cum
777 3186 854 3249 tit,
880 3187 1149 3242 sacriﬁcia
1178 3188 1286 3244 diis
1321 3203 1536 3260 semper
1566 3189 1922 3259 perlicientur
1971 3184 2028 3239 in

449 3273 643 3332 iisdem
673 3281 801 3336 anni
831 3284 1266 3354 tempestatibus.

528 3540 640 3605 Iam
673 3561 803 3602 vero
826 3560 949 3601 cum
969 3561 1185 3603 menses
1216 3547 1589 3613 intercalares,
1618 3556 1881 3618 quantum
1909 3546 2022 3603 fieri
2057 3549 2103 3612 C

446 3647 685 3714 poterat,
720 3654 787 3694 ex
819 3655 975 3710 aequo
1021 3641 1358 3695 collocarent
1403 3640 1601 3711 (neque
1647 3640 1791 3694 enim
1835 3655 2031 3710 exspe-

449 3730 708 3788 ctandum
761 3738 901 3794 erat,
955 3731 1131 3786 donec
1173 3743 1453 3788 menstrua
1501 3733 1652 3788 ﬁeret
1697 3733 1927 3787 variatio
1963 3732 2030 3787 ad

447 3825 843 3895 appar-entiam,
889 3840 1067 3894 neque
1091 3825 1248 3893 juxta
1280 3827 1514 3881 solarem
1562 3842 1784 3881 cursum
1817 3826 2028 3896 integer

448 3916 657 3971 mensis
677 3923 796 3970 erat
819 3917 1285 3989 antevertendus),
1323 3919 1395 3973 ob
1421 3934 1540 3975 eam
1588 3933 1811 3974 causam
1855 3920 2031 3973 inter—

447 4009 662 4063 calares
715 4022 932 4062 menses
958 4009 1365 4063 constituerunt
1420 4011 1504 4081 agi
1556 4010 1610 4063 in
1653 4010 1815 4065 tertio
1849 4023 2025 4073 anno,

445 4108 503 4155 et
533 4101 748 4171 quinto,
771 4110 827 4155 et
859 4108 1085 4166 octavo;
1130 4100 1271 4156 duos
1320 4102 1538 4171 quidem
1571 4118 1809 4169 menses,
1859 4103 2030 4158 inter-

442 4190 609 4261 iectis
639 4191 854 4245 duobus
884 4191 1041 4244 annis
1061 4205 1074 4240 :
1097 4204 1264 4244 unum
1300 4205 1430 4245 Vero
1460 4205 1728 4255 mensem,
1755 4204 1864 4245 uno
1889 4191 2023 4243 dun-

446 4293 598 4340 taxat
631 4300 776 4340 anno
801 4286 1147 4355 interposito.
1174 4283 1317 4337 Nihil
1361 4292 1543 4339 autem
1587 4282 1773 4351 refert,
1808 4282 2023 4338 etiamsi

446 4377 502 4433 in
534 4378 658 4433 aliis
687 4378 848 4433 annis
873 4376 1121 4432 eamdem
1162 4375 1577 4447 dispositionem
1612 4375 2023 4430 intercalarium

446 4471 714 4528 mensium
746 4468 946 4539 aliquis
974 4468 1197 4524 faceret.
1239 4467 1434 4537 Agitur
1467 4476 1648 4524 autem
1682 4467 1894 4522 lunaris
1926 4478 2029 4519 an:

448 4575 550 4620 nus
576 4562 789 4618 dierum
831 4561 938 4617 εει
957 4579 971 4616 :
990 4576 1151 4633 quam
1168 4560 1238 4618 ob
1264 4576 1485 4618 causam
1514 4566 1847 4633 putaverunt
1874 4574 2027 4614 men-

547 4674 594 4709 ⁸⁸
623 4675 665 4743 f.
694 4673 943 4729 ἐντεῦθεν

512 4764 624 4837 (37)
663 4767 742 4820 Δι’
774 4764 856 4834 ἣν
877 4765 1094 4819 αἰτίαν.
1120 4763 1647 4837 Animadyertendus
1682 4761 1772 4837 hic
1802 4771 1886 4819 est
1908 4776 2024 4817 em-

437 4834 769 4893 bolim'orum
823 4838 1096 4891 mensium
1154 4836 1294 4892 situs
1354 4834 1409 4887 in
1465 4835 1827 4894 octaeteride.
1875 4849 2015 4903 quos

2152 1984 2338 2057 λήνην.
2355 1985 2475 2039 Εἰσὶ
2506 1986 2563 2039 δὲ
2589 1988 2793 2059 ἡμέραι
2817 1995 2882 2041 ια’
2899 1988 3048 2060 a'/8'.
3067 1988 3193 2041 Ἐἀν
3216 1987 3326 2060 ἄρα
3339 1986 3480 2041 κατά
3504 1986 3738 2058 σελήνην

2149 2073 2373 2146 ἄγωμεν
2424 2077 2552 2140 τοὺς
2600 2077 2777 2148 μῆνας
2827 2080 2885 2131 ἐν
2932 2078 3011 2149 τῷ
3062 2077 3318 2149 ἐνιαυτῷ,
3364 2079 3738 2149 ὑστερήσομεν

2148 2168 2363 2240 ἡμέρας
2388 2170 2540 2240 παρά
2566 2170 2657 2223 τὸν
2681 2171 2774 2224 τοῦ
2812 2172 2964 2242 ἡλίου
2991 2173 3235 2227 ἐνιαυτὸν
3259 2178 3326 2226 ια’
3338 2171 3453 2233 α’ίὸ
3471 2209 3490 2228 .
3509 2171 3739 2242 Ἑζήτηο

2150 2274 2249 2311 σαν
2269 2255 2362 2313 οὖν
2400 2260 2632 2324 ποσάκις
2659 2262 2819 2315 αὐταὶ
2857 2265 2914 2317 ai
2941 2263 3145 2334 ἡμέραι
3173 2262 3736 2317 πολυπλασιασθεῖσαι

2146 2350 2500 2407 ἀποτελοῦσιν
2531 2354 2660 2418 ὅλας
2686 2355 2901 2427 ἡμέρας
2929 2357 3022 2409 καὶ
3045 2356 3202 2419 ὅλους
3238 2357 3433 2427 μῆνας.
3475 2355 3735 2418 Ὀκτάκις

2145 2440 2237 2498 οῦν
2260 2444 2809 2499 πολυπλασιασθεῖσαι
2840 2446 3195 2501 ἀποτελοῦσιν
3233 2446 3362 2511 ὅλας
3384 2446 3602 2517 ἡμέρας
3638 2447 3736 2499 καὶ

2144 2534 2299 2599 ὅλους
2336 2535 2538 2607 μῆνας·
2570 2536 2781 2607 ἡμέρας
2829 2538 2927 2608 μὲν
2956 2535 3025 2605 ιζ,
3060 2537 3237 2609 μῆνας
3281 2538 3339 2592 δὲ
3368 2541 3541 2607 τρεῖς.
3578 2537 3735 2590 ’Emt

2142 2622 2235 2679 οὖν
2265 2630 2323 2680 ἐν
2358 2626 2437 2698 τῷ
2464 2628 2692 2699 ἐνιαυτῷ
2725 2630 2875 2701 παρά
2916 2630 3005 2683 τὸν
3032 2630 3184 2702 ἣλιον
3220 2630 3559 2703 ὑστεροῦμεν
3591 2630 3735 2700 ήμέ-

2144 2736 2245 2791 ρας
2268 2719 2335 2775 ια’
2350 2727 2393 2774 α’
2397 2721 2474 2792 /6'
2482 2763 2497 2785 ,
2513 2723 2765 2793 φανερὸν,
2784 2725 2864 2777 ὅτι
2894 2726 2952 2778 ἐν
2968 2727 3079 2788 τοῖς
3094 2731 3143 2793 η’
3160 2724 3334 2777 ἐτεσιν
3357 2726 3483 2777 ὑστε
3492 2723 3733 2794 ρήσομεν

2141 2811 2292 2883 παρά
2317 2811 2408 2866 τὸν
2430 2813 2581 2883 ἥλιον
2602 2816 2815 2886 ἡμέρας
2835 2820 2907 2883 ιισ,
2943 2817 3109 2887 αἴπερ
3136 2818 3241 2870 εἰσὶ
3268 2817 3435 2887 μῆνες
3461 2815 3531 2884 Υ.
3557 2816 3637 2867 Δι’
3663 2815 3734 2884 ἣν

2140 2906 2317 2958 αἰτίαν
2356 2906 2476 2959 καθ’
2518 2908 2755 2980 ἑκάστην
2789 2910 3144 2981 ὀκταετηρίδα
3175 2914 3326 2982 τρεῖς
3371 2910 3592 2978 ἄγονται
3627 2907 3736 2978 μῆ-

2138 3012 2227 3059 νες
2260 2997 2563 3069 ἐμϐόλιμοι,
2597 3000 2684 3053 ἵνα
2715 3002 2776 3054 τὸ
2804 3001 2926 3055 καθ’
2963 3003 3193 3056 ἕκαστον
3229 3003 3477 3056 ἐνιαυτὸν
3502 3002 3731 3073 γινόμε-

2137 3104 2226 3139 νον
2259 3087 2525 3161 ἔλλειμμα
2555 3093 2690 3164 πρὸς
2718 3094 2809 3147 τὸν
2836 3095 2986 3165 ἥλιον
3017 3096 3409 3169 ἀναπληρωθῇ,
3436 3097 3532 3148 καὶ
3561 3093 3733 3146 πάλιν

2137 3180 2195 3247 ἐξ
2228 3181 2423 3251 ἀρχῆς,
2459 3182 2775 3239 διελθόντων
2818 3188 2928 3242 τῶν
2967 3195 3015 3260 η’
3061 3189 3221 3255 ἐτῶν,
3273 3188 3641 3260 συμφωνῶσιν
3670 3188 3749 3239 αι’

2129 3275 2313 3345 {optat
2356 3276 2492 3349 πρὸς
2536 3279 2636 3344 τὰς
2669 3281 2839 3347 αὐτὰς
2872 3283 3042 3354 ὥρας.
3088 3284 3378 3355 Γινομένου
3413 3284 3471 3338 δὲ
3509 3284 3731 3350 τούτου,

2134 3366 2190 3417 ai
2210 3365 2387 3421 Θυσίαι
2410 3373 2520 3434 τοῖς
2548 3370 2687 3436 θεοῖς
2710 3372 2799 3427 διὰ
2820 3375 3021 3439 παντὸς
3058 3376 3562 3449 ἐπιτελεσθήσονται
3583 3377 3734 3431 κατά

2135 3459 2233 3524 τὰς
2257 3463 2426 3529 αὺτάς
2453 3465 2600 3538 ὥρας
2620 3467 2714 3521 τοῦ
2742 3470 3009 3525 ἐνιαυτοῦ.

2207 3555 2344 3628 Ἤδη
2407 3557 2657 3628 μέντοιγε
2699 3562 2826 3626 τοὺς
2871 3562 3204 3633 ἐμϐολίμους
3246 3561 3601 3628 διατάξαντες
3646 3563 3731 3628 ὡς

2131 3642 2200 3718 ἦν
2233 3648 2580 3720 ἐνδεχόμενον
2619 3652 2852 3722 μάλιστα
2889 3655 2956 3708 δι’
2990 3656 3103 3708 ἴσου
3130 3672 3144 3686 ο
3180 3653 3306 3709 οῦτε
3351 3655 3462 3727 γὰρ
3498 3656 3732 3726 περιμέ-

2132 3750 2243 3787 νειν
2273 3734 2369 3798 δεῖ,
2405 3736 2509 3801 ἕως
2544 3734 2605 3792 οὗ
2639 3744 2885 3809 μηνιαῖον
2917 3743 3141 3813 γένηται
3179 3744 3554 3815 παράλλαγμα
3583 3744 3731 3815 πῷς

2130 3826 2192 3881 τδ
2220 3828 2560 3899 φαινόμενον,
2591 3830 2714 3884 οὔτε
2747 3832 3155 3904 προλαμϐάνειν
3186 3834 3338 3907 παρά
3375 3835 3467 3888 τὸν
3493 3834 3728 3906 ἡλιακὸν

2130 3918 2329 3990 δρόμον
2377 3921 2521 3992 μῆνα
2561 3922 2680 3975 ὅλον
2705 3939 2718 3953 ·
2768 3923 2836 3977 δι’
2878 3924 2946 3994 ἢν
2988 3926 3169 3980 αἰτίαν
3214 3928 3343 3990 τοὺς
3388 3925 3727 3997 ἐμϐολίμους

2135 4011 2310 4082 μῆνας
2336 4012 2527 4078 ἔταξαν
2549 4016 2777 4083 ἄγεσθαι
2806 4019 2862 4070 ἐν
2881 4016 2958 4089 τῷ
2979 4018 3146 4090 τρίτῳ
3172 4019 3304 4080 ἔτει,
3332 4019 3427 4073 καὶ
3458 4020 3727 4089 πέμπτῳ,

2133 4103 2227 4156 καὶ
2250 4103 2419 4175 ὀγδόῳ
2440 4122 2453 4136 ·
2483 4105 2577 4160 dio
2608 4107 2706 4176 μὲν
2747 4107 2924 4178 μῆνας
2953 4109 3155 4180 μεταξὺ
3195 4109 3289 4163 δύο
3325 4109 3465 4162 ἐτῶν
3489 4109 3726 4162 πιπτόν⁹

2129 4209 2256 4259 των,
2289 4196 2383 4249 ἕνα
2411 4196 2468 4250 δέ
2500 4198 2703 4269 μεταξὺ
2728 4201 2845 4263 ἐνὸς
2867 4201 3115 4257 ἐνιαυτοῦ
3140 4203 3437 4274 ἀγομένου.
3461 4202 3631 4256 Οὐδὲν
3658 4202 3723 4257 δὲ

2130 4285 2396 4359 διαφέρει,
2427 4289 2519 4342 ἐάν
2557 4292 2650 4344 καὶ
2689 4293 2747 4346 ἐν
2792 4292 2975 4358 ἄλλοις
3012 4295 3159 4349 ἔτεσι
3196 4295 3295 4368 τὴν
3329 4295 3499 4366 αὐτὴν
3527 4294 3723 4349 διάτα-

2132 4374 2212 4440 ξιν
2234 4375 2341 4428 τῶν
2376 4377 2686 4450 ἐμϐολίμων
2722 4382 2908 4453 μηνῶν
2942 4384 3237 4456 ποιήσηταί
3258 4402 3375 4449 τις.
3404 4386 3633 4456 Ἀγεται
3657 4385 3721 4439 δὲ

2129 4470 2158 4523 ὁ
2189 4470 2332 4524 κατά
2383 4472 2614 4545 σελήνην
2665 4477 2909 4540 ἐνιαυτὸς
2956 4477 3179 4549 ήμερῶν
3221 4479 3325 4532 τνδ¹
3351 4495 3365 4509 ο
3418 4479 3488 4533 δι’
3524 4480 3592 4550 ήν
3632 4481 3723 4532 αι-

2128 4560 2247 4615 τίαν
2279 4563 2392 4634 (37)
2426 4564 2694 4621 ὑπέλαϐον
2739 4564 2879 4623 εἶναι
2929 4568 3022 4622 τὸν
3078 4567 3222 4623 κατά
3277 4569 3520 4640 σελήνην
3565 4569 3721 4640 μῆνα

2127 4763 2318 4840 eodem
2343 4763 2397 4819 in
2427 4779 2572 4822 anno
2595 4810 2610 4829 ,
2645 4768 2739 4823 sed
2770 4769 3031 4840 paulatim
3063 4767 3415 4840 dispensatos
3434 4781 3560 4840 e_sse
3582 4766 3720 4840 τοὺς

2127 4833 2459 4911 ἐμϐολίμους
2504 4833 2869 4903 asserebant;
2922 4833 3385 4911 quemadmodum
3442 4835 3716 4891 Geminus

439 4892 608 4981 anno_
609 4909 792 4981 tertio,
820 4907 1035 4981 quinto,
1069 4914 1129 4981 et_
1155 4912 1357 4981 octavo
1386 4904 1738 4981 intercalatos
1762 4892 2009 4981 esse'do-
2044 4892 2097 4953 Ι)
2120 4892 2337 4975 egregie
2378 4892 2718 4964 demonstrat
2740 4892 2883 4981 {qui
2930 4892 3171 4980 quidem
3194 4892 3436 4981 scriptor
3456 4918 3710 4981 _pr0pter

436 4985 544 5047 cet.
566 4974 727 5032 Falso
758 4972 888 5047 ergo
929 4973 1261 5040 Macrobius,
1290 4982 1346 5031 et
1370 4982 1497 5029 ante
1529 4974 1675 5027 hunc
1705 4972 1925 5047 Solinus
1952 4974 2009 5029 in

437 5046 546 5104 ﬁne
566 5045 916 5103 octaeteridis
943 5055 1057 5102 tres
1095 5048 1300 5102 solidos
1331 5059 1550 5099 menses
1578 5051 1732 5098 extra
1760 5045 2007 5098 ordinem

438 5119 742 5172 incnlcatos
778 5131 807 5170 a
838 5114 1044 5173 Graecis
1074 5126 1369 5172 asserunt:
1407 5115 1482 5169 ita
1521 5124 1583 5167 ut
1623 5130 1799 5169 nonus
1832 5129 2010 5169 annus

435 5188 854 5259 quadringentis
882 5195 938 5259 et
970 5197 1205 5256 quatuor
1247 5186 1441 5241 diebus
1482 5184 1871 5259 explicaretur,
1904 5185 2009 5238 hoc

435 5255 523 5314 cst
549 5255 846 5328 nonaginta
873 5258 940 5312 ad
981 5255 1287 5328 ordinarios
1308 5270 1498 5310 cccmv
1523 5255 1810 5328 adjunctus
1847 5269 2009 5324 cape-

434 5337 538 5383 ret.
574 5324 857 5398 Nunquam
893 5329 965 5382 ita
1004 5325 1185 5398 Gnaei
1217 5342 1418 5398 annum
1452 5340 1610 5398 suum
1661 5324 2005 5380 ordinarunt.

435 5398 623 5464 Itaque
651 5395 1018 5469 πάράκουσμα
1048 5397 1190 5451 istud
1224 5404 1309 5469 cst
1354 5395 1564 5469 Solini‘;
1609 5411 1770 5469 quem
1806 5404 2009 5469 temere

436 5466 743 5523 assectatus
778 5476 863 5522 cst
901 5466 1230 5523 Macrobius.
1273 5466 1409 5522 Cum
1453 5467 1597 5520 enim
1631 5468 1850 5534 legisset
1893 5466 2002 5529 ille,

436 5535 493 5589 in
549 5536 880 5593 octaeteride
934 5536 1120 5592 Gneca
1185 5551 1400 5592 menses
1466 5552 1590 5591 esse
1649 5536 2004 5590 intercalares

436 5612 581 5666 tres,
614 5610 731 5661 sive
781 5610 877 5672 ita,
928 5616 1173 5663 vertente
1221 5607 1552 5662 octaeteride
1581 5606 1808 5659 totidem
1850 5613 2004 5659 extra

435 5674 681 5748 ordinem
715 5678 1012 5748 imputatos
1039 5694 1161 5734 esse
1206 5693 1422 5733 menses
1452 5677 1801 5748 ἐμϐολίμους.
1839 5684 1999 5745 Pum-

435 5742 514 5816 ιρι
539 5741 749 5814 ἀθρόως
779 5741 834 5801 et
876 5750 931 5802 in
980 5749 1230 5804 eumdem
1265 5741 1498 5803 annum"
1525 5741 1660 5802 esse
1685 5741 1998 5816 congestos.

437 5804 773 5880 Vemnigqui
816 5817 893 5871 ita
938 5817 1271 5886 scribebant,
1329 5833 1437 5875 non
1486 5819 1675 5890 utique
1723 5804 1907 5885 simul,
1945 5821 2001 5873 et

2118 4990 2230 5046 non
2269 4984 2591 5032 vetustatem
2637 4976 2824 5046 modo,
2865 4976 2970 5036 sed'
3008 4997 3171 5035 usum
3224 4976 3715 5046 ctiaimrdoctrina

2120 5044 2403 5170 liuiusuact:
2430 5048 2734 5115 scientiam,
2763 5044 3039 5108 sexcentis
3070 5050 3280 5106 Solinis
3312 5062 3381 5102 ac
3411 5045 3717 5103 Macrobiis

2120 5128 2186 5168 an
2218 5131 2311 5170 ece
2358 5134 2369 5169 ι
2404 5156 2417 5170 .

2119 5118 2417 5171 antecellit.

2187 5185 2374 5260 Credit
2410 5184 2725 5260 Solinianus
2757 5186 3518 5260 commentatoriSalmas,
3556 5186 3710 5242 Plin.

2116 5258 2332 5327 exercit.
2383 5271 2438 5326 p.
2480 5254 2547 5308 i9
2590 5254 2634 5309 B
2661 5264 2716 5310 ct
2736 5256 2809 5324 (Ξ)
2857 5256 2911 5309 in
2941 5254 3321 5327 descriptione
3353 5262 3444 5313 illa
3480 5257 3702 5314 Graeca-

2117 5326 2255 5379 nica;
2295 5327 2725 5391 intercalationis
2761 5342 2867 5380 non
2899 5331 3194 5382 Convenire
3227 5328 3569 5385 Macrobium
3618 5328 3712 5381 in-

2116 5402 2197 5448 ter
2228 5402 2281 5450 et
2311 5396 2598 5451 Solinum:
2632 5398 2775 5465 quod
2820 5396 3043 5452 Solinus
3085 5414 3231 5451 anno
3271 5413 3417 5453 nOno
3461 5400 3711 5452 interea-

2113 5465 2257 5520 latos
2343 5481 2464 5521 esse
2543 5468 2824 5535 scripserit
2892 5481 3107 5521 menses
3166 5477 3315 5525 tres.
3395 5470 3513 5522 sive
3581 5468 3709 5521 dies

2112 5537 2404 5607 nonaginta
2436 5555 2447 5589 :
2480 5536 2582 5603 Qui
2626 5554 2764 5589 anno
2800 5553 2936 5590 nano
2978 5539 3211 5591 restituti
3256 5538 3551 5607 eﬁiriebant
3587 5538 3710 5591 dies

2110 5606 2520 5675 quadringentos
2573 5607 2931 5677 quadraginta
2973 5619 3226 5677 quatuor,
3279 5606 3336 5663 at
3395 5609 3713 5663 Macrobius

2111 5686 2291 5748 octauo
2330 5693 2532 5748 quoque
2561 5694 2698 5748 anno
2727 5679 2778 5731 id
2821 5677 2970 5731 dicat
3009 5693 3133 5748 esse
3165 5678 3493 5747 Perfectum.
3543 5677 3712 5733 Nulla

2110 5743 2255 5819 inter
2295 5743 2392 5819 eos
2437 5743 2749 5819 discordia;
2794 5762 2971 5819 neque
3006 5743 3233 5802 Solinus
3264 5751 3539 5819 principio
3571 5749 3711 5802 anni

2108 5818 2239 5872 noni
2299 5814 2681 5873 intercalatum
2742 5814 2895 5875 esse'
2926 5817 3121 5888 docet,
3196 5814 3323 5874 cuiu
3387 5814 3465 5873 id'
3502 5828 3711 5874 octavo
