4124 6400
371 445 480 498 δυο

1418 442 1653 498 GEMINI
1691 445 2060 501 ELEMENTA
2098 445 2586 505 ASTRONOMIE.

3500 444 3608 501 810

371 553 598 628 ἡμερῶν
626 555 706 608 κθ’
742 552 867 624 αίβ,
899 554 990 607 τὸν
1022 553 1077 606 δὲ
1119 553 1342 624 δίμηνον
1382 555 1571 624 χρόνον
1604 556 1826 628 ἡμερῶν
1849 556 1945 610 νθ¹.

2049 572 2163 613 sem
2194 557 2442 613 lunarem
2467 571 2589 613 esse
2623 554 2834 609 dierum
2855 552 3066 624 291/2,
3087 560 3302 623 tempus
3322 560 3502 608 autem
3528 553 3614 609 bi-

372 645 540 700 ⁹υθεν
569 646 742 699 κοῖλον
769 646 861 699 καὶ
892 645 1070 717 πλήρη
1124 647 1268 716 μῆνα
1298 647 1444 719 παρά
1498 647 1660 718 μέρος
1701 649 1945 716 ἄγουσιν,

371 738 454 791 ὅτι
481 741 514 809 ή
543 738 763 810 δίμηνος
790 741 823 809 ἡ
858 738 996 792 κατὰ
1038 738 1267 808 σελήνην
1309 739 1532 810 ήμερῶν
1559 742 1672 792 ἐστι
1719 739 1816 794 νθ’.
1859 741 1899 791 Γ
1905 741 1947 791 ίη

374 847 554 883 νονται
591 826 683 883 οὖν
713 832 769 882 ὲν
797 829 872 900 τῷ
922 829 1150 899 ἐνιαυτῷ
1175 829 1231 895 ἓξ
1261 830 1511 901 πλήρεις,
1542 831 1635 883 καὶ
1676 829 1735 895 ἒξ
1759 832 1944 884 κοῖλοι.

375 922 702 990 Συνὰγονται
725 921 779 974 δὲ
813 921 1015 992 ἡμέραι
1041 920 1141 973 τνδ¹
1168 937 1180 950 ·
1214 920 1301 972 διὰ
1325 921 1380 973 δὲ
1415 921 1617 990 ταύτην
1646 922 1744 992 τὴν
1774 923 1950 975 αἰτίαν

378 1014 526 1084 μῆνα.
560 1015 705 1086 παρὰ
729 1013 873 1084 μῆνα
906 1014 1086 1084 πλήρη
1118 1013 1213 1067 καὶ
1239 1014 1414 1065 κοῖλον
1456 1014 1700 1080 ἄγουσιν.

448 1107 510 1160 Εἰ
544 1106 640 1178 μὲν
683 1101 776 1159 οὖν
818 1104 923 1157 ἔδει
969 1108 1082 1168 τοῖς
1133 1105 1254 1158 καθ’
1297 1104 1446 1173 ἥλιον
1492 1106 1753 1168 ἐνιαυτοῖς
1793 1105 1950 1175 μόνον

378 1201 520 1270 ἡμᾶς
558 1186 887 1267 συμφωνεῖν,
937 1196 1174 1266 ἀπήρκει
1209 1195 1272 1248 ἂν
1295 1198 1361 1266 τῇ
1394 1194 1765 1266 προειρημένῃ
1801 1210 1952 1264 περι-

374 1293 476 1362 όδῳ
547 1289 857 1360 χρωμένους
929 1289 1235 1357 συμφωνεῖν
1309 1287 1446 1354 πρὸς
1497 1287 1563 1338 τὰ
1617 1287 1951 1355 φαινόμενα⁶

373 1381 494 1435 ἐπεὶ
537 1381 592 1434 δὲ
630 1381 689 1432 οὐ
731 1379 887 1450 μόνον
919 1379 998 1433 δεῖ
1029 1379 1139 1449 (58)
1169 1380 1296 1441 τοὺς
1327 1378 1606 1440 ἐνιαυτοὺς
1637 1379 1789 1445 ἄγειν
1831 1377 1951 1431 καθ’

372 1471 542 1543 ἥλιον,
577 1471 714 1525 ἀλλὰ
764 1472 859 1524 καὶ
898 1471 1026 1533 τοὺς
1070 1470 1243 1541 μῆνας
1279 1470 1373 1522 καὶ
1417 1469 1516 1532 τὰς
1559 1469 1771 1539 ἡμέρας
1816 1469 1956 1522 κατὰ

375 1562 625 1632 σελήνην,
681 1562 978 1631 ὲσκέψαντο
1023 1561 1139 1623 πῶς
1186 1560 1251 1612 ἂν
1286 1561 1378 1612 καὶ
1425 1559 1583 1612 τοῦτο
1636 1558 1728 1611 τοῦ
1771 1559 1955 1621 τέλους

373 1656 633 1727 τυγχάνῃ.
675 1656 824 1708 Ἐπεὶ
852 1653 1029 1706 τοίνυν
1050 1655 1076 1706 ὁ
1098 1653 1237 1706 κατὰ
1263 1652 1490 1722 σελήνην
1527 1650 1635 1721 (39)
1663 1651 1768 1721 μὴν
1799 1653 1956 1722 ἀκρι-

374 1747 484 1810 ϐῶς
512 1747 836 1817 εἰλημμένος
864 1747 1010 1798 ἐστὶν
1041 1743 1477 1816 ήμερῶνκϐναίβ
1493 1742 1814 1814 τριακοστοῢ
1842 1742 1957 1814 τρί-

372 1855 488 1902 του,
525 1839 630 1891 είσὶ
666 1838 721 1890 δὲ
773 1839 829 1889 ὲν
871 1839 936 1907 τῇ
993 1836 1332 1906 ὀκταετηρίδι
1374 1835 1471 1888 σὺν
1502 1837 1612 1897 τοῖς
1640 1834 1956 1904 ἐμϐολίμοις

2051 656 2248 703 mestre
2273 648 2482 703 dierum
2501 647 2592 702 59.
2624 645 2779 702 Unde
2805 658 2998 698 cavum
3028 653 3083 698 et
3112 645 3331 713 plenum
3367 659 3612 700 mensem

2051 756 2146 810 per
2177 741 2323 796 vices
2384 747 2572 811 agunt,
2605 754 2671 795 eo
2710 739 2855 808 quod
2904 738 3030 791 luna
3076 737 3352 793 bimestris
3402 739 3615 793 dierum

2027 838 2132 884 sest
2158 829 2246 883 59.
2282 829 2443 884 Fiunt
2471 830 2709 900 igiturin
2749 843 2892 882 anno
2935 843 3027 882 sex
3064 827 3229 896 pleni,
3267 835 3323 881 et
3370 841 3467 884 sex
3499 827 3617 883 cavi

2051 935 2286 975 menses.
2314 921 2656 988 Colliguntur
2684 929 2862 976 autem
2890 920 3008 976 dies
3049 921 3190 987 554;
3238 935 3302 975 ac
3329 929 3616 990 propterea

2053 1029 2292 1068 mensem
2324 1023 2445 1083 post
2471 1029 2708 1068 mensem
2740 1014 2956 1082 plenum
2987 1021 3040 1067 et
3071 1028 3263 1066 cavum
3289 997 3500 1082 agunt.‘

2124 1103 2180 1157 Si
2229 1105 2393 1174 igitur
2419 1113 2691 1174 oporteret
2739 1121 2839 1159 nos
2892 1112 3100 1158 tantum
3142 1104 3300 1158 annis
3348 1105 3620 1159 solaribus

2053 1209 2373 1264 congruere,
2405 1195 2692 1260 sulliceret,
2726 1211 2850 1249 cum
2896 1195 3150 1265 praedicta
3183 1194 3409 1265 periodo
3439 1205 3621 1250 utere-

2054 1302 2195 1350 mur,
2217 1302 2334 1342 eam
2359 1303 2658 1356 congruere
2687 1288 2754 1342 ad
2783 1288 3144 1358 apparentias.
3179 1287 3314 1342 Cum
3350 1302 3480 1342 vero
3509 1303 3620 1342 non

2055 1383 2264 1429 tantum
2299 1378 2599 1431 secundum
2633 1378 2801 1431 solem
2833 1385 3082 1446 oporteat
3111 1392 3284 1432 annos
3314 1392 3494 1447 agere,
3524 1377 3622 1431 sed

2053 1465 2214 1519 etiam
2232 1480 2445 1521 menses
2460 1467 2753 1536 etgzldies
2767 1468 3063 1522 secundum
3080 1467 3286 1535 lunam,
3309 1467 3624 1524 considera-

2055 1563 2368 1625 veruntqua
2387 1557 2594 1612 ratione
2622 1568 2675 1612 et
2703 1559 2805 1614 hoc
2833 1558 2994 1613 ﬁnem
3029 1574 3187 1612 suum
3219 1567 3618 1628 assequeretur.

2054 1646 2191 1700 Cum
2231 1648 2394 1718 igitur
2425 1649 2633 1704 lunaris
2661 1651 2863 1706 mensis
2891 1650 3113 1718 pracise
3137 1657 3384 1719 sumptus
3412 1650 3483 1704 sit
3508 1649 3626 1705 die-

2056 1751 2175 1790 rum
2188 1737 2258 1791 29
2277 1737 2377 1808 1/2
2391 1745 2443 1792 et
2460 1739 2615 1809 1/35,
2634 1742 2742 1794 sint
2763 1747 2941 1794 autem
2961 1739 3014 1793 in
3030 1740 3358 1796 octaeteride
3373 1755 3481 1794 una
3497 1756 3620 1795 cum

2056 1828 2473 1884 intercalaribus
2504 1845 2719 1885 menses
2753 1830 2840 1896 99,
2884 1831 3386 1900 multiplicaverunt
3414 1833 3622 1887 mensis

378 1931 544 2001 μῆνες
567 1931 651 1998 ιιθν
674 1947 686 1959 ’
735 1929 1206 1982 ὲπολυπλασίασαν
1255 1927 1355 1990 τὰς
1393 1927 1484 1980 τοῦ
1544 1926 1711 1998 μηνὸς
1741 1927 1947 1998 ἡμέρας

2054 1918 2171 1974 dies
2197 1919 2267 1972 29
2299 1919 2402 1973 1/2
2429 1928 2482 1974 et
2509 1920 2651 1992 1/35
2685 1922 2740 1975 in
2771 1921 2841 1976 99
2863 1937 3098 1977 menses.
3133 1921 3294 1976 Fiunt
3317 1923 3482 1993 igitur
3502 1922 3621 1978 dies

372 2022 452 2075 κθ¹
481 2021 585 2092 αββ
611 2021 748 2090 αίλγ
778 2021 868 2074 ἐπὶ
887 2021 1012 2083 τοὺς
1029 2018 1112 2086 ιβ’
1138 2019 1332 2088 μῆνας.
1364 2018 1607 2071 Γίνονται
1631 2013 1722 2069 οὖν
1747 2017 1947 2087 ἡμέραι

2052 2009 2195 2064 2925
2236 2011 2359 2079 1/2.
2401 2010 2544 2082 Ergo
2579 2013 2634 2065 in
2662 2013 2820 2067 annis
2848 2013 3121 2068 solaribus
3149 2023 3296 2080 octo,
3335 2015 3475 2068 lunae
3503 2015 3621 2069 dies

372 2109 552 2182 ,βῷκγ
571 2111 696 2183 a/
714 2113 802 2164 Ἐν
823 2111 929 2183 ἄρα
951 2113 1062 2174 τοῖς
1079 2116 1126 2181 η’
1145 2110 1287 2163 ἔτεσι
1303 2112 1413 2172 τοῖς
1437 2108 1558 2161 καθ’
1571 2108 1718 2178 ήλιον
1736 2108 1814 2160 δεῖ
1826 2107 1947 2176 ἄγε-

2053 2111 2287 2173 aguntur
2319 2103 2462 2158 2925
2492 2105 2607 2175 1/2.
2633 2103 2797 2174 Atqui
2820 2119 2944 2158 cum
2968 2119 3144 2159 annus
3194 2106 3388 2162 solaris
3407 2106 3478 2161 sit
3507 2107 3624 2160 die-

374 2203 498 2257 σθαι
521 2202 662 2256 κατὰ
679 2203 903 2273 σελήνην
924 2202 1130 2273 ἡμέρας
1145 2200 1322 2269 ,βεῇκγθ
1338 2199 1462 2270 αίβ.
1482 2198 1619 2251 Ἀλλ’
1637 2200 1758 2251 ἐπεὶ
1780 2201 1808 2252 ὁ
1832 2197 1952 2251 καθ’

371 2301 520 2373 ἥλιον
568 2299 812 2362 ἐνιαυτός
861 2301 1003 2351 ἐστιν
1041 2294 1261 2367 ἡμερῶν
1289 2293 1396 2358 τξε¹
1433 2293 1553 2362 αλδ,
1583 2293 1656 2346 τὰ
1688 2293 1743 2346 δὲ
1775 2291 1826 2362 η’
1857 2293 1950 2364 ἔτη

373 2392 496 2446 καθ’
514 2391 665 2463 ἥλιον
687 2389 928 2462 περιέχει
949 2387 1053 2458 ήμέ
1065 2405 1160 2458 ρας
1179 2385 1377 2457 ,βεῇκβη
1400 2381 1954 2438 ὀκταπλασιασθεῖσαι

371 2484 480 2554 γὰρ
546 2485 602 2536 αἱ
647 2483 738 2535 τοῦ
791 2478 1035 2534 ἐνιαυτοῦ
1086 2478 1289 2548 ἡμέραι
1343 2475 1596 2530 τοσοῦτον
1635 2473 1953 2528 ἀποτελοῦσι

374 2575 606 2646 πλῆθος·
640 2573 761 2626 ἐπεὶ
798 2567 890 2626 οὖν
945 2573 1000 2624 αἱ
1053 2569 1190 2624 κατὰ
1225 2568 1451 2640 σελήνην
1488 2566 1692 2639 ήμέραι
1734 2563 1870 2636 ἦσαν
1896 2567 1953 2618 ὲν

371 2669 486 2728 τοῖς
541 2671 587 2736 η’
614 2664 756 2717 ἔτεσι
789 2663 966 2733 ,βᾷκῇ
996 2662 1124 2732 αίβ,
1172 2661 1542 2731 ὑστερήσομεν
1570 2657 1690 2711 καθ’
1715 2659 1950 2728 ἑκάστην

370 2755 724 2826 ὀκταετηρίδα
782 2754 931 2825 παρὰ
978 2754 1074 2824 τὴν
1119 2752 1346 2822 σελήνην
1381 2751 1472 2803 καὶ
1506 2749 1686 2820 ήμέρᾳ
1719 2751 1818 2820 μιᾷ
1855 2750 1949 2802 καὶ

373 2847 581 2920 ⁴ἡμίσει.
634 2847 722 2899 Ἐν
763 2845 870 2916 ἄρα
928 2847 1040 2907 τοῖς
1074 2842 1149 2907 ις’
1192 2841 1367 2894 ἐτεσιν
1397 2841 1767 2912 ὐστερήσομεν
1799 2841 1948 2910 παρὰ

371 2941 472 3010 τὴν
529 2939 756 3010 σελήνην
799 2937 1011 3008 ἡμέρας
1053 2943 1122 3004 γ’.
1156 2937 1232 2987 Δι’
1260 2935 1326 3004 ἣν
1354 2933 1529 2987 αἰτίαν
1565 2932 1682 2985 καθ’
1713 2931 1948 2999 ἑκάστην

2054 2209 2174 2246 rum
2205 2193 2308 2248 565
2336 2193 2461 2265 1/1,
2489 2204 2542 2248 et
2580 2204 2702 2250 octo
2744 2195 2872 2249 anni
2907 2196 3115 2249 solares
3143 2197 3456 2251 contineant
3503 2197 3622 2253 dies

2051 2283 2213 2348 2922,
2245 2287 2418 2342 octies
2470 2287 2814 2357 multiplicati
2860 2287 2979 2342 dies
3029 2288 3157 2341 anni
3201 2287 3348 2342 hunc
3380 2287 3621 2342 eﬂiciunt

2054 2393 2363 2432 numerum.
2415 2376 2552 2433 Cum
2589 2379 2756 2449 igitur
2813 2379 3031 2435 lunares
3073 2381 3191 2436 dies
3234 2382 3345 2436 sint
3393 2383 3449 2436 in
3495 2391 3622 2438 octo

2055 2471 2215 2524 annis
2232 2469 2519 2540 29231/2,
2537 2470 2854 2526 deﬁciemus
2877 2485 2906 2524 a
2930 2472 3058 2525 luna
3087 2471 3142 2526 in
3159 2473 3353 2542 quavis
3378 2483 3620 2530 octaete-

2055 2564 2172 2619 ride
2194 2564 2357 2628 died,
2391 2575 2446 2618 et
2468 2565 2692 2634 insuper
2740 2565 2988 2621 dimidio.
3027 2565 3208 2632 Quare
3257 2566 3313 2620 in
3359 2566 3427 2621 16
3458 2568 3620 2622 annis

2061 2655 2383 2711 deﬁciemus
2419 2671 2449 2709 τι
2478 2657 2606 2710 luna
2660 2656 2852 2712 diebus
2881 2658 2932 2711 3.
2968 2657 3140 2722 Quam
3186 2658 3257 2714 ob
3290 2672 3515 2719 causam
3563 2660 3618 2712 in

2057 2746 2250 2817 quavis
2280 2745 2798 2802 heccaadecaeteride
2827 2749 2894 2802 ad
2928 2748 3070 2802 lunae
3089 2763 3308 2802 cursum
3340 2756 3454 2803 tres
3483 2749 3620 2814 adji-

2057 2838 2276 2892 ciuntur
2304 2836 2442 2900 dies,
2481 2843 2540 2890 ut
2573 2837 2871 2891 secundum
2921 2838 3090 2893 solem
3135 2853 3308 2894 annos
3361 2854 3618 2910 agamus.

2056 2928 2352 3015 secundum
2392 2927 2575 2982 lunam
2605 2936 2784 2982 autem
2813 2943 3028 2983 menses
3047 2936 3102 2984 et
3127 2929 3266 2985 dies.

374 3031 881 3103 ἑξκαιδεκαετηρίδα
901 3031 1036 3102 πρὸς
1058 3030 1150 3083 τὸν
1168 3030 1264 3099 τῆς
1295 3028 1520 3098 σελήνης
1549 3027 1744 3098 δρόμον
1766 3034 1812 3095 γ’
1840 3026 2133 3094 ἐπάγονται
2167 3023 2401 3094 ἡμέραι·
2440 3023 2528 3076 ἵνα
2558 3024 2695 3078 κατὰ
2726 3025 2824 3094 μὲν
2847 3024 2996 3094 ἥλιον
3016 3026 3142 3088 τοὺς
3175 3026 3453 3089 ἐνιαυτοὺς
3485 3027 3624 3094 ἄγω-

377 3142 495 3194 μεν,
523 3124 664 3178 κατὰ
701 3123 756 3176 δὲ
774 3123 998 3193 σελήνην
1026 3123 1152 3183 τοὺς
1178 3121 1348 3191 μῆνας
1369 3117 1577 3181 καὶτὰς
1605 3117 1837 3188 ἡμέρας.

445 3215 748 3285 Γενομένης
790 3212 847 3265 δὲ
893 3213 992 3282 τῆς
1049 3209 1304 3278 τοιαύτης
1361 3206 1715 3279 διορθώσεως,
1766 3207 1951 3276 ἕτερον

2129 3202 2265 3257 Cum
2290 3201 2418 3254 talis
2437 3199 2748 3256 emendatio
2776 3199 2920 3256 facta
2953 3209 3120 3264 esset,
3184 3203 3434 3272 sequitur
3470 3205 3620 3259 aliud

375 3272 678 3378 ἁμάρτημα
705 3272 1092 3358 ¹ἐπακολουθεῖ⁸
1147 3303 1212 3354 Αἱ
1259 3272 1369 3371 γὰρ
1408 3272 1548 3354 κατὰ
1585 3299 1682 3370 τὴν
1722 3272 1947 3369 σελήνην

2055 3299 2317 3347 erratum.
2348 3289 2481 3342 Nam
2505 3290 2727 3344 lunares
2756 3288 2872 3344 dies
2905 3289 2939 3342 3
2969 3289 3273 3344 intercalati
3321 3291 3379 3344 in
3419 3289 3487 3344 16
3520 3306 3620 3344 au-

377 3399 582 3469 ήμέραι
631 3395 968 3465 ἐπαγόμεναι
997 3391 1048 3460 γ’
1071 3395 1128 3446 ὲν
1157 3395 1270 3454 τοῖς
1321 3396 1393 3455 ις’
1421 3390 1564 3442 ἔτεσι
1602 3389 1951 3452 πλεονάζουσι

379 3489 514 3562 πρὸς
560 3489 651 3542 τὸν
697 3487 846 3557 ἥλιον
897 3486 954 3536 ὲν
1004 3486 1126 3545 ταῖς
1169 3481 1244 3545 ις’
1275 3478 1617 3550 ὃεκαετηρίσι
1661 3476 1702 3530 λ’
1741 3477 1952 3548 ἡμέρας

370 3753 594 3809 exeunti
648 3750 960 3806 Macrobius
1020 3747 1284 3814 assignet,
1333 3753 1392 3797 ut
1436 3741 1578 3796 idem
1630 3739 1951 3814 Sqlinianus

370 3807 667 3878 existimat.
721 3820 838 3874 Non
897 3820 1036 3874 idem
1088 3807 1276 3870 solum
1316 3823 1567 3881 uterque.
1613 3807 1712 3884 _s__e_d
1759 3811 1951 3884 eodem

371 3894 534 3946 etiam
564 3891 726 3946 modo
763 3891 962 3943 factum
997 3886 1268 3954 intelligit.
1303 3880 1494 3936 Annus
1531 3880 1766 3950 quilibet
1795 3881 1951 3932 octa-

369 3979 492 4022 vus,
541 3969 596 4017 et
624 3962 849 4014 ultimus
885 3957 1231 4012 octaeteridis
1280 3954 1421 4007 idem
1472 3959 1525 4004 et
1572 3957 1806 4022 octavus
1860 3959 1949 4001 est

443 4018 602 4096 riodi,
634 4039 688 4085 et
704 4031 772 4084 ab
797 4029 988 4100 ultimo
1023 4023 1395 4100 antecedentis
1423 4030 1518 4100 est
1532 4034 1734 4100 nonus.
1757 4018 1948 4100 Quare

372 4090 714 4157 intercalatio
759 4098 964 4168 quaevis
1009 4112 1154 4151 nono
1185 4110 1331 4171 anno
1365 4091 1527 4171 ljebat
1565 4090 1946 4171 ab.al_1.teriori

373 4158 808 4231 intercalatione,
837 4176 890 4223 et
921 4174 1114 4220 octavo
1148 4161 1499 4218 nihilominus
1547 4158 1758 4231 periodi
1791 4173 1946 4231 suae.

374 4227 846 4312 SicOIympiacus
891 4252 1028 4308 agon
1071 4236 1348 4312 omnisiet
1384 4245 1533 4312 anno
1557 4230 1752 4298 quinto
1781 4227 1949 4312 ﬁebat

377 4313 446 4366 ab
475 4301 849 4372 antecedente,
885 4301 952 4362 et'
978 4301 1569 4378 quartotetraeteridis
1618 4313 1753 4377 suae,
1781 4301 1832 4378 si_
1866 4307 1949 4352 te-

372 4381 719 4436 traeteridem
771 4379 840 4432 ab
887 4372 1104 4445 eo,'qui
1145 4374 1214 4427 ab
1259 4372 1508 4445 ludorum
1553 4372 1949 4445 commissione

374 4453 656 4522 proximus
699 4457 814 4510 est,
873 4438 1236 4522 auspicemur.
1271 4441 1452 4522 Hinc“
1491 4439 1794 4522 scriptores
1824 4438 1945 4522 ‘alii

373 4507 569 4590 quarto
597 4507 813 4589 quoque
858 4507 1005 4590 anno
1047 4515 1350 4569 celebratos
1399 4510 1522 4564 illos
1569 4523 1693 4590 esse
1748 4507 1944 4590 ludos,

375 4576 465 4644 :{m
496 4576 686 4660 quinto
715 4576 1212 4660 quoque_dixerunt
1237 4595 1471 4660 ;-_n_eque
1507 4585 1798 4660 propterea
1829 4576 1946 4631 dis-

375 4646 619 4716 sentiunt
648 4646 900 4712 invicem.
934 4655 1082 4710 Idem
1101 4662 1156 4710 et
1189 4646 1785 4727 it1_bisscxto;ltom'ano
1817 4661 1944 4727 eve-

376 4715 475 4784 nit.
512 4729 626 4784 lloc
678 4727 1105 4798 animadvertere
1153 4721 1330 4798 critici
1359 4715 1940 4798 _homini.s._i_nterfuit,

375 4815 483 4854 non
514 4809 622 4853 tam
648 4797 967 4866 joculariter
998 4792 1322 4866 hallucinari
1359 4791 1414 4842 in
1448 4803 1506 4842 re
1536 4787 1713 4866 nibili.

443 4869 599 4936 Quod
642 4853 822 4921 autem
853 4864 1209 4936 Glaucippum
1262 4867 1539 4913 auctorem
1575 4859 1707 4936 citat
1732 4853 1946 4936 Macro-

374 4927 496 4994 bius
525 4940 564 5007 (ι
600 4937 820 4993 Saturn.
873 4936 928 4996 6,
979 4927 1098 5007 ᾖ),
1141 4936 1478 5007 cave__putes
1521 4933 1758 5004 veterem
1801 4927 1946 5007 hunc

377 4995 706 5077 scriptorem
755 5007 862 5059 tale
900 4995 1061 5077 quid:
1082 4995 1398 5077 prodidisse
1449 4995 1748 5076 memoria),
1781 4995 1944 5077 quale

376 5079 443 5133 de
482 5065 625 5132 anno
670 5076 857 5130 Gra-co
898 5065 990 5128 isti
1033 5065 1381 5132 fabulantur;
1432 5066 1693 5119 nimirum
1730 5065 1785 5117 in
1840 5065 1946 5117 line

376 5147 724 5202 octaeteridis
758 5141 1216 5214 nonagintaudies
1261 5147 1451 5214 tresve
1475 5135 1680 5214 solidos
1700 5147 1943 5214 “menses

377 5218 446 5271 ad
473 5232 675 5270 annum
708 5202 1023 5269 accessisse.
1058 5209 1205 5283 Nihil
1230 5207 1374 5263 enim
1394 5206 1489 5283 ille
1510 5203 1739 5283 scripsit
1771 5202 1940 5283 aliud,

374 5301 537 5356 quam
587 5286 887 5356 superﬂuos
916 5283 1032 5336 dies
1058 5275 1252 5356 ultimo
1281 5277 1407 5356 anni
1440 5274 1728 5356 s_ui.mensi
1772 5274 1943 5356 inter-

378 5341 616 5428 s'eruisse
657 5341 897 5428 Euneos,
934 5350 1078 5422 quod
1116 5349 1184 5403 de
1209 5349 1402 5428 paucis
1447 5344 1681 5428 diebus.
1704 5341 1943 5428 μοιτί-ἀει

378 5426 658 5481 mensibus
707 5411 1268 5494 integris-usurpavit.
1322 5414 1455 5494 Nam
1512 5411 1942 5494 heccaedeeaete-

378 5479 483 5549 ridi
517 5479 653 5550 dies
709 5479 851 5549 tres”
882 5479 1296 5550 accrescebant,
1348 5493 1406 5537 ut
1457 5491 1644 5537 auctor
1695 5489 1780 5535 est
1834 5479 1938 5534 Ge-

379 5579 578 5619 minus.

448 5633 733 5689 Postremo
756 5636 974 5686 notetur
1003 5629 1094 5682 illa
1123 5639 1341 5701 quoque
1368 5621 1582 5701 Gemini
1613 5620 1755 5701 ratio
1789 5619 1938 5701 (pag.

377 5703 494 5775 21),
523 5720 686 5775 quam
710 5703 882 5775 aﬂ'ert,
911 5715 1008 5775 cur
1034 5695 1189 5775 anno
1203 5695 1384 5775 tertio,
1415 5695 1628 5775 quinto,
1659 5697 1726 5775 et_
1745 5700 1941 5775 octavo

380 5759 762 5828 intercalatum
811 5759 1284 5834 fuerit;videlicet
1320 5759 1465 5834 quod
1510 5759 1940 5829 exspectandum

379 5843 605 5898 minime
636 5843 820 5904 fuerit;
849 5839 979 5894 dum
1014 5851 1197 5892 mense
1226 5836 1398 5889 solido
1429 5847 1604 5904 annus
1632 5837 1940 5904 anteverte-

380 5921 496 5981 ret;
539 5929 701 5985 quam
748 5901 1010 5982 πρόληψιν
1048 5907 1318 5962 embolimi
1353 5903 1556 5958 mensis
1590 5901 1762 5956 nostri
1805 5913 1939 5968 quo.

663 6006 932 6067 PATROL.
966 6005 1082 6064 Gn.
1118 5999 1291 6064 ΧΙΧ.

2051 3384 2139 3438 nis
2171 3384 2452 3438 abundant
2506 3396 2671 3452 supra
2723 3381 2894 3436 solem
2955 3383 3011 3436 in
3043 3382 3110 3436 16
3160 3382 3619 3450 decaeteridibus,

2052 3475 2246 3530 diebus
2280 3474 2349 3528 '50
2374 3493 2389 3540 ;
2448 3473 2550 3528 hoc
2573 3481 2658 3528 est
2685 3473 2896 3542 integro
2925 3488 3133 3529 mense.
3176 3474 3258 3528 (lb
3287 3489 3451 3544 quam
3478 3491 3616 3530 caua

2051 3735 2422 3806 quecomputi
2457 3734 2693 3788 artiﬁces
2739 3735 2868 3788 olim
2915 3735 3300 3806 adhibuerunt.
3341 3735 3477 3792 Vide
3522 3737 3618 3791 lili.

2051 3805 2101 3860 vi
2133 3805 2208 3858 De
2237 3805 2478 3858 doctrina
2509 3814 2816 3872 temporum,
2851 3820 2972 3874 cap.
3008 3805 3061 3860 6.

2121 3877 2234 3944 i58)
2287 3875 2449 3928 Ἐπεὶ
2477 3873 2544 3927 δὲ
2577 3876 2865 3944 οὐίμόνον
2907 3873 3016 3931 δεῖ.
3047 3873 3346 3930 Observeut
3388 3875 3620 3931 studiosi

2051 3961 2160 4014 quo
2189 3943 2353 4014 sensu
2397 3946 2450 3998 in
2484 3946 2612 3998 anni
2641 3943 2816 3998 Graeci
2859 3946 3072 4000 ratione
3119 3946 3476 4000 describenda
3511 3944 3621 4000 Ge-

2052 4013 2232 4070 minus
2267 4013 2516 4077 afﬁrmet,
2549 4014 2828 4069 studuisse
2866 4013 3104 4079 Graecos,
3146 4014 3223 4069 uti
3268 4031 3445 4070 annus
3485 4031 3620 4070 suus

2051 4100 2175 4138 cum
2211 4085 2326 4139 sole
2369 4084 2520 4153 paria
2572 4083 2811 4154 faceret,
2849 4099 3064 4140 menses
3104 4099 3229 4139 cum
3279 4086 3622 4154 lunaratiod

2050 4169 2160 4208 non
2191 4154 2356 4209 semel
2388 4168 2611 4208 monere
2634 4153 2770 4224 satis
2803 4153 3065 4209 habemus
3096 4161 3316 4224 propter
3341 4153 3621 4224 Hispanici

2046 4224 2425 4292 jurisconsulti
2481 4223 2732 4293 ἀτοπίαν,
2790 4225 2880 4292 qui
2941 4223 3225 4293 praefracte
3279 4223 3509 4286 asserit,
3551 4242 3620 4281 ex

2051 4291 2233 4349 mente
2279 4293 2494 4347 Gemini
2542 4291 2760 4347 Graecos
2810 4291 2890 4347 Sic
2920 4291 3095 4348 annos
3127 4309 3258 4349 suos
3307 4296 3617 4358 ordinasse,

2051 4373 2111 4417 ut
2155 4372 2210 4417 et
2258 4363 2458 4431 singuli
2485 4377 2723 4431 menses
2760 4362 2980 4417 lunares
3007 4373 3213 4423 essent,
3245 4373 3300 4417 et
3347 4365 3476 4418 anni
3502 4368 3618 4418 sin-

2051 4434 2160 4502 guli
2196 4430 2422 4487 solares.
2461 4430 2574 4484 Hoc
2596 4447 2703 4484 non
2734 4431 2892 4486 docet
2927 4432 3209 4495 Geminus,
3248 4433 3340 4488 sed
3373 4450 3616 4489 mensem

2050 4502 2268 4572 quidem
2329 4518 2452 4557 cum
2521 4503 2662 4572 lunae
2712 4515 2879 4555 cursu
2929 4504 3224 4572 quemlibet
3278 4513 3618 4572 exaequatum

2052 4571 2254 4639 fuisse;
2295 4587 2419 4626 cum
2470 4571 2584 4625 sole
2631 4571 3068 4642 vero,_systema
3118 4572 3295 4642 ipsum
3349 4571 3620 4626 annorum

1979 4631 2022 4686 Ι)
2053 4631 2310 4712 plurium,
2357 4647 2486 4712 puta
2524 4631 2910 4712 oetaeteridein
2938 4648 2992 4696 et
3017 4631 3618 4712 ennéadegaeteridem.

2123 4712 2261 4782 (59),
2291 4711 2453 4764 Ἐπεὶ
2482 4710 2922 4782 τοίνυνᾹό-ξιᾳτὰ
2947 4710 3240 4778 σελήνην.
3259 4710 3442 4782 Prima
3471 4723 3623 4765 octa-

2048 4779 2213 4837 ete'ris
2233 4781 2444 4835 dierum
2469 4780 2674 4851 exstitit
2698 4779 2861 4851 2922,
2879 4795 3093 4836 menses
3117 4783 3321 4835 habens
3343 4780 3434 4840 99.
3452 4797 3482 4836 e
3499 4782 3622 4851 qui-

2049 4853 2150 4906 bus
2166 4851 2427 4905 ordinarii
2444 4859 2597 4904 erant
2611 4849 2702 4908 96,
2720 4850 2911 4918 reliqui
2932 4860 3043 4904 tres
3059 4851 3357 4915 embolimi.
3376 4851 3453 4903 Illi
3474 4849 3621 4905 ἐναλ-

2047 4920 2145 4991 λάξ
2191 4921 2334 4991 pleni
2384 4926 2438 4974 et
2484 4919 2624 4991 cavi.
2683 4919 2947 4991 Hihpleni
2980 4935 3172 4974 omnes
3205 4935 3270 4974 ac
3315 4921 3616 4991 tricenarii.

2047 4987 2321 5045 Posterior
2337 4989 2628 5043 octaeteris
2644 5005 2710 5043 ex
2735 4987 2929 5043 diebus
2957 4991 3304 5058 componitur
3329 4989 3614 5058 29251/2.

2049 5060 2122 5113 Ita
2156 5076 2370 5115 menses
2386 5058 2808 5128 singuligdiebus
2827 5067 3082 5113 constant
3099 5059 3170 5113 29
3205 5059 3308 5128 1/2
3333 5060 3489 5128 1/35,
3514 5061 3619 5113 hoc

2045 5111 2131 5184 es“.
2156 5111 3022 5199 ‘édpéa'dieﬁa‘hb’ras‘habent
3046 5111 3426 5197 12,vet'21/'53
3445 5111 3619 5183 unus

2046 5201 2212 5260 horae,
2236 5197 2318 5253 vel
2348 5198 2514 5267 8/11.
2546 5197 2681 5251 Nam
2713 5199 2765 5250 in
2809 5199 2990 5267 priore
3044 5199 3392 5254 octaeteridis
3427 5199 3614 5258 modo,

2046 5270 2273 5350 singulae
2290 5268 2522 5338 syzygiae
2538 5268 2803 5387 colligunt
2819 5268 2936 5320 dies
2961 5267 3052 5349 29,
3074 5269 3235 5349 horas
3268 5267 3338 5321 12
3362 5277 3415 5322 et
3429 5269 3468 5328 l1
3479 5269 3612 5350 2/51,

2046 5354 2158 5394 swe
2171 5339 2266 5408 d/l
2283 5340 2475 5392 iunius
2491 5337 2655 5408 horae.
2711 5344 3096 5408 ucanturenun
3116 5337 3183 5392 99
3203 5336 3460 5408 in29,1/2
3477 5338 3618 5408 1/05

2047 5406 2210 5463 unius
2247 5409 2376 5469 diei,
2413 5407 2610 5477 couﬁct
2641 5421 2904 5477 numerus
2920 5406 3130 5477 dierum
3161 5407 3442 5477 29231/2.
3483 5406 3616 5459 Per-

2043 5495 2230 5547 peram
2261 5476 2728 5547 itaque_Scaliger
2760 5475 2852 5529 lib.
2888 5492 2926 5529 ιι
2963 5473 3040 5530 De
3067 5477 3271 5531 emend.
3303 5473 3424 5545 cap.
3465 5478 3613 5545 quod

2044 5544 2370 5602 inscribitur
2433 5544 2693 5598 Elenclms
2757 5547 3126 5606 octaeteridis,
3185 5544 3426 5600 errorem
3487 5544 3614 5601 esse

2045 5625 2198 5686 putat
2216 5619 2271 5686 in
2298 5616 2527 5669 Gemino
2542 5616 2680 5684 αχλγ
2707 5630 2806 5686 pro
2835 5616 2996 5686 ϐίλγ,
3017 5616 3173 5685 quasi
3206 5618 3414 5672 mensis
3443 5631 3614 5686 supra

2043 5685 2162 5743 dies
2188 5687 2258 5741 29
2295 5686 2399 5756 1/2
2427 5685 2796 5756 exigat2/33.
2831 5685 2886 5738 ld
2913 5687 2957 5739 si
2977 5695 3123 5740 esset
3149 5701 3360 5748 verum,
3393 5685 3616 5756 syzygia

2044 5759 2253 5812 dierum
2308 5753 2455 5810 esset
2483 5755 2580 5816 29,
2614 5755 2873 5808 horarum
2909 5757 2978 5809 13
3018 5756 3197 5825 15/55
3241 5757 3356 5810 sive
3387 5753 3613 5819 15,27,

2045 5826 2315 5898 16"4/11.
2350 5825 2656 5880 Octaeteris
2690 5839 2818 5879 vero
2843 5825 3052 5880 dierum
3081 5825 3222 5880 2926
3252 5826 3376 5894 1/2.

3304 5984 3381 6041 ‘26
