4124 6400
471 396 574 450 8m

1498 395 1589 449 AD
1630 396 1896 454 EUSEBII
1928 397 2328 455 CHRONICON
2369 397 2730 454 APPENDIX.

3634 399 3737 450 ἱ.οδ

543 511 767 566 Veteres
788 511 953 582 igitur
974 510 1208 582 agebant
1229 525 1453 567 menses
1494 513 1566 567 50
1598 513 1811 569 dierum
1837 533 1851 581 ;
1891 532 2036 571 men-

2227 522 2288 573 οἱ
2322 521 2420 590 μέν
2448 514 2541 572 οὖν
2589 518 2804 588 ἀρχαῖοι
2857 515 2984 579 τοὺς
3020 515 3194 587 μῆνας
3236 513 3739 586 τριακονθημέρους

471 619 560 660 ses
591 613 770 658 autem
804 604 1155 658 intercalares
1207 611 1429 675 propter
1478 620 1682 660 annum
1731 608 1884 663 solis.
1912 608 2048 662 Cum

471 705 652 750 autem
689 711 783 766 per
813 696 1186 765 apparentiam
1229 697 1414 750 statim
1443 698 1645 753 veritas
1679 699 2052 770 deprchende-

471 797 642 849 retur,
695 804 760 841 eo
814 788 960 858 quod
995 788 1114 841 dies
1157 796 1211 841 et
1240 804 1455 844 menses
1493 806 1599 844 non
1659 794 2053 861 responderent

471 881 647 943 lunm,
684 882 811 932 anni
861 896 992 933 vero
1042 895 1148 932 non
1189 892 1553 950 congruerent
1583 898 1706 936 cum
1757 885 1894 948 sole,
1927 886 2052 939 hinc

468 971 782 1040 quaerebant
807 970 1111 1039 periodum,
1140 985 1261 1038 quae
1281 971 1332 1022 in
1357 971 1517 1026 annis
1542 975 1896 1042 responderet
1923 976 2048 1039 soli,

469 1062 524 1114 in
565 1061 846 1114 mensibus
881 1075 1008 1114 vero
1031 1067 1085 1112 et
1135 1061 1332 1114 diebus
1377 1061 1540 1115 lunae.
1573 1063 1830 1119 Coutinet
1867 1074 2049 1119 autem

468 1153 632 1222 bujus
657 1152 864 1222 periodi
901 1160 1116 1223 tempus
1158 1154 1404 1221 integros
1436 1170 1673 1219 menses,
1707 1166 1761 1212 et
1809 1159 2051 1224 integros

465 1247 605 1312 dies,
639 1257 694 1300 et
738 1249 977 1319 integros
1008 1263 1201 1302 annos.
1237 1247 1475 1302 Primam
1527 1259 1708 1303 autem
1743 1254 2049 1304 Constitue-

465 1351 591 1394 runt
626 1342 908 1409 periodum
944 1342 1316 1403 octaeteridis,
1358 1357 1481 1411 quae
1539 1342 2048 1416 continet_menses

463 1433 682 1503 quidem
726 1434 814 1496 99,
862 1435 915 1490 in
971 1435 1172 1503 quibus
1225 1434 1585 1490 intercalares
1651 1451 1869 1488 menses
1920 1443 2049 1489 sunt

465 1535 602 1591 tres,
633 1527 748 1581 dies
779 1543 908 1581 vero
927 1527 1092 1588 2922,
1135 1533 1188 1580 et
1227 1542 1401 1580 annos
1448 1535 1594 1581 octo.
1632 1527 2048 1581 Constitucrunt

463 1627 641 1671 autem
673 1620 1004 1673 octaeterida
1034 1620 1134 1671 lioc
1185 1618 1346 1670 modo
1373 1618 1542 1673 :Cum
1573 1619 1716 1672 enim
1751 1635 1928 1672 annus
1959 1634 2049 1673 so-

463 1711 594 1764 laris
619 1712 689 1764 sit
715 1712 924 1766 dierum
955 1711 1196 1778 5651/4.
1219 1727 1395 1765 annos
1431 1727 1557 1766 vero
1590 1711 1798 1766 lunaris
1833 1711 1901 1765 sit
1931 1709 2048 1766 die—

465 1817 586 1855 rum
617 1803 741 1864 554,
781 1811 1111 1871 acceperunt
1134 1818 1441 1865 excessum,
1475 1818 1584 1874 quo
1621 1803 1835 1858 excedit
1868 1818 2046 1858 annus

466 1895 662 1950 solaris
688 1911 886 1948 annum
917 1895 1186 1950 lunarem.
1208 1894 1480 1951 Excessus
1507 1906 1684 1950 autem
1720 1895 1810 1948 hic
1830 1903 1912 1949 est
1937 1894 2048 1949 die-

464 2008 586 2046 rum
637 1993 692 2046 Η
732 1991 852 2064 1/4.
899 1991 956 2045 Si
1007 1992 1170 2061 igitur
1234 1991 1535 2046 secundum
1579 1991 1763 2044 lunam
1821 2004 2048 2059 agamus

461 2099 700 2146 menses,
734 2084 787 2137 in
839 2099 982 2138 anno
1025 2084 1341 2138 deticicmns
1387 2083 1456 2137 ab
1505 2098 1649 2136 anno
1678 2083 1808 2138 solis
1856 2081 2049 2138 diebus

462 2172 522 2226 11
555 2173 678 2244 ιλιι.
712 2173 1086 2238 Qttzcsirerunt
1113 2174 1293 2243 igitur,
1317 2174 1533 2243 quoties
1558 2174 1612 2228 lii
1647 2174 1763 2228 dies
1790 2174 2050 2242 multipli-

459 2266 564 2319 cati
583 2264 815 2319 efliciant
841 2267 1081 2332 integros
1111 2267 1228 2319 dies
1251 2274 1304 2319 et
1335 2267 1577 2332 integros
1610 2281 1849 2320 menses.
1868 2267 2050 2319 Octies

457 2370 587 2424 ergo
616 2357 949 2426 multiplicati
978 2357 1214 2412 eﬂiciunt
1259 2359 1501 2428 integros
1543 2357 1660 2412 dies
1695 2367 1749 2411 et
1804 2340 2048 2427 integros

458 2461 705 2512 menses;
723 2449 838 2501 dies
853 2447 1067 2518 quidem
1086 2449 1175 2512 90,
1196 2465 1412 2505 menses
1430 2465 1555 2504 vero
1573 2458 1704 2503 tres.
1727 2447 1783 2502 Si
1806 2449 1969 2518 igitur
1991 2449 2046 2502 in

456 2538 765 2606 annojuxta
780 2542 946 2596 solem
965 2541 1248 2596 deﬁcimus
1265 2542 1456 2597 diebus
1479 2543 1532 2596 Η
1558 2542 1676 2614 ιχι,
1697 2541 2043 2596 manifestum

454 2639 540 2684 est
560 2632 702 2700 quod
724 2648 775 2684 tn
795 2643 921 2688 octo
941 2635 1098 2688 annis
1122 2636 1436 2691 deticicmns
1462 2636 1617 2703 juxta
1650 2636 1818 2690 solem
1848 2634 2041 2688 diebus

454 2721 546 2787 90,
567 2724 658 2792 qui
681 2733 809 2779 sunt
839 2742 1054 2782 menses
1082 2736 1211 2783 tres.
1246 2729 1418 2794 Quam
1437 2730 1506 2783 ob
1525 2744 1745 2783 causam
1770 2728 1822 2780 in
1847 2726 2039 2797 quavis

455 2815 783 2869 octaeteride
817 2824 927 2871 tres
949 2829 1184 2888 aguntur
1213 2835 1431 2875 menses
1460 2819 1835 2879 intercalares.
1871 2817 2041 2872 utde-

456 2901 632 2958 fectus
669 2906 761 2975 qui
806 2907 860 2959 tit
895 2909 1126 2980 singulis
1183 2910 1340 2965 annis
1370 2925 1399 2962 a
1445 2910 1589 2972 sole,
1643 2909 1949 2978 repleatur,
1983 2913 2039 2960 et

456 3008 649 3051 rursus
685 3013 715 3051 a
742 3000 1002 3069 principio
1027 3042 1041 3064 ,
1084 3017 1209 3055 cum
1256 3010 1383 3057 octo
1436 3003 1563 3055 anni
1595 2999 1797 3054 fuerint
1839 2997 2036 3067 elapsi,

458 3083 597 3140 festa
632 3101 939 3160 congruant
973 3093 1038 3147 ad
1081 3093 1297 3148 easdem
1338 3093 1463 3147 anni
1505 3100 1874 3163 tempestates.
1923 3089 2037 3143 lloo

455 3180 600 3233 enim
633 3197 756 3236 cum
783 3185 858 3246 tit,
885 3187 1152 3240 sacriﬁcia
1182 3186 1289 3242 diis
1325 3201 1540 3256 semper
1571 3186 1926 3256 perticientur
1975 3181 2032 3235 in

455 3273 647 3332 iisdem
677 3280 804 3334 anni
835 3282 1270 3352 tempestatibus.

535 3539 644 3604 1am
678 3560 808 3600 vero
831 3559 954 3599 cum
975 3561 1190 3600 menses
1223 3546 1594 3612 intercalares,
1623 3554 1886 3615 quantum
1915 3544 2027 3598 ﬁeri
2063 3547 2108 3609 ο

453 3646 690 3712 poterat,
727 3654 792 3692 ex
825 3654 980 3708 aequo
1027 3640 1363 3692 collocarent
1409 3638 1605 3708 (neque
1653 3638 1796 3692 enim
1840 3653 2036 3708 exspe-

456 3730 714 3787 ctandum
767 3737 906 3792 erat,
962 3729 1136 3785 donec
1179 3742 1458 3786 menstrua
1506 3732 1656 3786 ﬁeret
1703 3731 1933 3784 variatio
1969 3729 2035 3783 ad

455 3825 848 3894 apparentiam,
896 3840 1072 3892 neque
1097 3825 1253 3892 juxta
1286 3826 1520 3879 solarem
1568 3840 1789 3879 cursum
1823 3824 2034 3894 integer

456 3916 663 3970 mensis
684 3916 1291 3986 cratantevertemlus),
1329 3919 1400 3971 ob
1427 3933 1546 3973 eam
1595 3932 1817 3971 causam
1862 3918 2037 3971 inter-

455 4009 667 4062 calares
721 4022 938 4060 menses
965 4009 1371 4062 constituerunt
1427 4010 1509 4078 agi
1562 4009 1614 4061 in
1660 4009 1820 4062 tertio
1855 4022 2031 4070 anno,

453 4108 509 4154 et
541 4100 755 4169 quinto,
779 4110 832 4154 et
866 4108 1090 4164 octavo;
1137 4099 1277 4154 duos
1327 4101 1544 4168 quidem
1578 4117 1815 4167 menses,
1866 4101 2036 4155 inter-

451 4190 616 4260 jt-ctis
646 4190 861 4244 duobus
891 4190 1048 4242 annis
1069 4204 1081 4239 :
1105 4204 1270 4242 unum
1307 4204 1436 4243 Vero
1467 4204 1734 4252 mensem,
1762 4203 1870 4242 uno
1897 4190 2029 4240 ditii-

454 4292 605 4339 taxat
639 4300 783 4338 anno
809 4285 1153 4353 interposito.
1181 4281 1323 4336 Nihil
1368 4291 1549 4337 autem
1596 4281 1780 4348 refert,
1815 4281 2030 4336 etiamsi

454 4376 510 4432 in
543 4377 666 4432 aliis
695 4377 855 4430 annis
881 4375 1126 4430 eamdem
1169 4374 1584 4445 dispositionem
1619 4373 2030 4428 intercalarium

455 4470 722 4527 mensi-im
754 4467 954 4538 aliquis
982 4467 1204 4522 faceret.
1247 4467 1441 4536 Agitur
1474 4475 1655 4522 autem
1690 4467 1902 4521 lunaris
1933 4480 2035 4518 ana

457 4575 558 4618 nus
585 4561 797 4617 dierum
840 4561 945 4616 554
965 4580 978 4616 :
997 4577 1158 4632 quam
1176 4560 1245 4616 ob
1271 4575 1492 4617 causam
1521 4568 1854 4631 putaverunt
1882 4575 2034 4613 men-

557 4674 602 4708 ³⁵
632 4675 673 4742 Ῑ.
704 4674 951 4728 ἐντεῦθεν

521 4765 632 4836 (37)
671 4767 750 4820 Δι’
783 4765 864 4834 ἣν
886 4766 1102 4819 att-lar.
1129 4763 1654 4836 Animadvertendus
1690 4762 1778 4818 hic
1810 4772 1892 4818 est
1917 4778 2032 4817 em-

447 4835 778 4892 bolimornm
833 4838 1103 4891 mensium
1162 4837 1302 4891 situs
1362 4835 1417 4887 in
1473 4836 1834 4893 octaeleritle.
1883 4850 2022 4903 quos

2157 611 2317 686 ἦγον·
2347 613 2471 676 τοὺς
2508 611 2564 664 δέ
2596 608 2924 680 ἐμϐολίμους
2967 610 3093 678 παρ’
3126 609 3386 661 ἐνιαυτόν.
3424 607 3640 677 Ταχέως
3682 608 3741 661 δέ

2159 704 2265 757 ὑπὸ
2303 702 2398 755 τοῦ
2445 699 2771 770 φαινομένου
2805 699 3170 768 ἐλεγχομένης
3214 699 3312 765 τῆς
3355 697 3609 767 ἀληθείας
3652 698 3740 751 διὰ

2157 796 2217 848 τὸ
2263 794 2361 857 τὰς
2395 793 2607 864 ἡμέρας
2642 792 2736 843 καὶ
2784 791 2910 852 τοὺς
2967 788 3266 858 μῆναςομὴ
3317 791 3622 857 συμφωνεῖν
3669 791 3737 860 τῇ

2160 890 2378 961 σελήνῃ,
2402 890 2527 949 τοὺς
2553 887 2596 938 δ’
2629 885 2913 946 ἐνιαυτοὺς
2939 883 3012 954 μὴ
3040 885 3271 952 στοιχεῖν
3296 881 3374 951 τῷ
3397 882 3549 952 ἡλίῳ.
3578 882 3738 934 Ὀὑεν

2157 981 2380 1052 ἐζήτουν
2412 981 2456 1010 ³⁸
2498 978 2766 1048 περίοδον,
2810 978 2930 1046 ἥτις
2974 975 3116 1028 κατά
3162 975 3259 1044 μὲν
3291 975 3417 1036 τοὺς
3462 976 3738 1036 ἐνιαυτοὺς

2157 1071 2233 1140 τῷ
2261 1071 2394 1140 ἡλίῳ
2440 1069 2816 1139 συμφωνήσει,
2864 1065 3006 1119 κατὰ
3041 1065 3097 1117 δὲ
3132 1067 3258 1126 τοὺς
3295 1065 3470 1133 μῆνας
3519 1063 3736 1126 καὶτὰς

2155 1161 2368 1230 ἡμέρας
2395 1163 2458 1230 τῇ
2492 1159 2706 1231 σελήνῃ.
2741 1159 2988 1229 Περιέχει
3013 1157 3068 1210 δὲ
3099 1159 3126 1209 6
3149 1156 3249 1225 τῆς
3275 1155 3521 1226 περιόδου
3549 1157 3738 1226 χρόνος

2155 1249 2310 1311 ὅλους
2345 1249 2544 1318 μῆνας,
2579 1249 2671 1300 καὶ
2702 1249 2827 1310 ὅλας
2862 1249 3096 1318 ἡμέρας,
3129 1249 3221 1300 καὶ
3252 1246 3405 1309 ὅλους
3435 1247 3732 1308 ἐνιαυτούς.

2157 1341 2378 1410 Πρῶτον
2411 1341 2467 1393 δὲ
2508 1343 2901 1411 συνεστήσαντο
2928 1343 3026 1410 τὴν
3058 1341 3303 1412 περίοδον
3344 1340 3442 1410 τῆς
3479 1341 3739 1408 ὀκταετη-

2157 1431 2319 1500 ρίδος,
2355 1432 2476 1501 ἥτις
2513 1433 2756 1503 περιέχει
2792 1435 2888 1504 μὲν
2924 1435 3100 1503 μῆνας
3129 1432 3234 1499 1‘0',
3260 1434 3315 1484 ἐν
3341 1426 3422 1495 οἷς
3452 1432 3738 1502 ἐμὸόλιμοι

2155 1529 2222 1591 γ’,
2253 1523 2466 1594 ἡμέρας
2513 1524 2569 1578 δὲ
2613 1524 2782 1595 βλκβ’,
2813 1526 2905 1596 ἐτη
2936 1526 2991 1578 δέ
3021 1532 3090 1597 η’.
3120 1526 3524 1596 Συνεστήσαντο
3553 1525 3610 1578 δὲ
3637 1525 3737 1594 τὴν

2153 1616 2508 1686 ὀκταετηρίδα
2539 1617 2630 1669 τὸν
2682 1617 2881 1689 τρόπον
2935 1618 3142 1670 τοῦτον·
3191 1617 3342 1669 Ἐπεὶ
3391 1618 3498 1686 γὰρ
3541 1617 3568 1668 6
3614 1616 3736 1667 καθ’

2153 1707 2301 1777 ἥλιον
2331 1710 2576 1771 ἐνιαυτὸς
2604 1709 2825 1780 ἡμερῶν
2853 1711 2965 1762 ἐστι
2989 1707 3116 1774 τξε’,
3137 1709 3284 1779 a'/5'.
3307 1711 3334 1761 6
3349 1708 3402 1761 δὲ
3423 1709 3561 1760 κατά
3580 1706 3738 1777 σελή-

2152 1815 2250 1868 νην
2284 1799 2524 1861 ἐνιαυτός
2555 1801 2701 1851 ἐστιν
2738 1800 2959 1870 ἡμερῶν
2987 1801 3113 1865 τνδ’,
3146 1800 3334 1852 ἔλαϐον
3375 1799 3471 1868 τὴν
3500 1797 3734 1868 6.15960-

2079 1905 2119 1960 Β
2148 1887 2245 1959 λὴν
2280 1889 2344 1958 ἢν
2379 1889 2636 1960 ὑπερέχει
2665 1891 2692 1942 6
2721 1891 2843 1942 καθ’
2871 1890 3020 1961 ἥλιον
3066 1890 3308 1953 ἐνιαυτὸς
3348 1890 3442 1941 τοῦ
3475 1888 3611 1940 κατὰ
3648 1905 3735 1940 σε·-

2154 1979 2339 2051 λήνην.
2357 1980 2476 2033 Εἰσὶ
2509 1981 2564 2033 δὲ
2591 1983 2795 2052 ἡμέραι
2820 1989 2884 2034 ια’
2903 1982 3050 2052 α’ίδν.
3071 1981 3195 2034 Ἐὰν
3219 1981 3327 2052 ἄρα
3342 1980 3480 2034 κατά
3506 1980 3733 2050 σελήνην

2151 2069 2374 2141 ἄγωμεν
2427 2071 2553 2134 τοὺς
2603 2072 2778 2142 μῆνας
2830 2075 2886 2124 ἐν
2935 2071 3013 2142 τῷ
3066 2071 3320 2141 ἐνιαυτῷ,
3367 2073 3733 2141 ὑστερήσομεν

2150 2163 2364 2234 ἡμέρας
2391 2165 2541 2234 παρά
2568 2165 2659 2217 τὸν
2684 2165 2776 2218 τοῦ
2816 2166 2966 2236 ἡλίου
2996 2166 3237 2219 ἐνιαυτὸν
3263 2172 3328 2218 ια’
3342 2165 3455 2225 α’ίὸ
3473 2203 3490 2221 .
3511 2165 3734 2234 Ἐζήτηο

2153 2269 2249 2306 σαν
2271 2251 2364 2307 οὖν
2403 2255 2634 2318 ποσάκις
2663 2257 2822 2309 αὐταὶ
2861 2259 2916 2310 αἱ
2945 2257 3148 2328 ἡμέραι
3177 2256 3731 2310 πολυπλασιασθεῖσαι

2149 2346 2502 2401 ἀποτελοῦσιν
2535 2349 2662 2413 ὅλας
2689 2350 2904 2422 ἡμέρας
2934 2352 3025 2402 καὶ
3049 2350 3204 2414 ὅλους
3242 2351 3434 2421 μῆνας.
3477 2349 3730 2411 Ὀκτάκις

2148 2436 2240 2494 οῦν
2263 2440 2812 2494 πολυπλασιασθείσαι
2843 2441 3198 2494 ἀποτελοῦσιν
3237 2441 3364 2504 ὅλας
3388 2440 3601 2511 ἡμέρας
3638 2441 3731 2492 καὶ

2147 2530 2301 2594 ὅλους
2340 2531 2540 2600 μῆνας·
2574 2533 2785 2602 ἡμέρας
2834 2533 2930 2602 μὲν
2960 2531 3029 2600 ις,
3065 2533 3241 2603 μῆνας
3285 2533 3342 2586 δέ
3372 2535 3540 2601 τρεῖς.
3579 2531 3730 2583 Ἐπεὶ

2145 2619 2237 2674 οὖν
2269 2625 2325 2675 ἐν
2363 2622 2440 2693 τῷ
2468 2624 2695 2694 ἐνιαυτῷ
2729 2625 2879 2696 παρὰ
2920 2625 3009 2678 τὸν
3037 2625 3188 2696 ἣλιον
3225 2625 3560 2696 ὑστεροῦμεν
3592 2623 3730 2693 ἡμέ-

2147 2732 2247 2786 ρας
2271 2715 2338 2770 ια’
2354 2723 2396 2769 α’
2401 2717 2500 2786 /6',
2518 2719 2768 2788 φανερὸν,
2789 2721 2868 2771 ὅτι
2899 2722 2956 2773 ἐν
2973 2723 3082 2782 τοῖς
3099 2726 3146 2787 η’
3165 2719 3338 2771 ἔτεσιν
3361 2718 3728 2788 ὑστερήσομεν

2145 2808 2296 2878 παρά
2322 2808 2412 2861 τὸν
2435 2809 2585 2878 ἥλιον
2606 2811 2819 2882 ἡμέρας
2841 2816 2911 2878 Lf,
2949 2813 3112 2882 αἴπερ
3141 2813 3245 2864 εἰσὶ
3273 2812 3438 2881 μῆνες
3465 2809 3532 2878 γ’.
3559 2811 3636 2861 Δι’
3663 2810 3728 2877 ἦν

2144 2903 2321 2953 αἰτίαν
2361 2903 2480 2955 καθ’
2524 2904 2759 2975 ἑκάστην
2795 2906 3149 2975 ὀκταετηρίδα
3181 2909 3330 2976 τρεῖς
3376 2905 3593 2972 ἄγονται
3626 2901 3731 2972 μῆ-

2143 3009 2231 3055 νες
2265 2993 2567 3065 ἐμῦόλιμοι,
2603 2997 2688 3049 ἵνα
2721 2998 2780 3049 τὸ
2810 2998 2930 3050 καθ’
2969 2999 3198 3050 ἕκαστον
3235 2998 3480 3052 ἐνιαυτὸν
3507 2997 3727 3066 γινόμε-

2141 3100 2230 3136 νον
2264 3084 2529 3156 ἔλλειμμα
2561 3089 2695 3160 πρὸς
2724 3090 2814 3142 τὸν
2843 3091 2991 3161 ἥλιον
3023 3092 3412 3163 ἀναπληρωθῇ,
3441 3093 3534 3142 καὶ
3564 3088 3727 3141 πάλιν

2142 3176 2200 3242 ἐξ
2234 3178 2428 3247 ἀρχῆς.
2465 3179 2780 3235 διελθόντων
2825 3184 2933 3237 τῶν
2973 3192 3020 3256 η’
3068 3185 3227 3250 ἐτῶν,
3279 3183 3641 3254 συμφωνῶσιν
3671 3183 3744 3232 αι’

2134 3273 2318 3341 ἐορταὶ
2363 3274 2498 3344 πρὸς
2543 3276 2641 3340 τὰς
2676 3278 2845 3342 αὐτ-ἀς
2879 3280 3048 3350 ὧρας.
3095 3281 3135 3334 Γ
3143 3280 3382 3351 ινομένου
3419 3280 3475 3332 δὲ
3513 3279 3726 3344 τούτου,

2139 3364 2194 3414 ai
2215 3362 2393 3418 θυσίαι
2417 3371 2526 3431 τοῖς
2555 3367 2693 3432 θεοῖς
2718 3369 2805 3423 διὰ
2827 3371 3026 3434 παντὸς
3065 3371 3566 3444 ἐπιτελεσθήσονται
3587 3372 3728 3425 κατά

2141 3457 2238 3520 τὰς
2264 3460 2432 3525 αὐτὰς
2460 3462 2606 3534 ὧρας
2628 3464 2720 3517 τοῦ
2750 3467 3016 3520 ἐνιαυτοῦ.

2214 3552 2350 3625 Ἤδη
2414 3556 2662 3625 μέντοιγε
2706 3560 2832 3622 τοὺς
2879 3559 3210 3629 ἐμϐολίμους
3253 3557 3604 3624 διατάξαντες
3648 3559 3726 3622 ὡς

2137 3639 2205 3716 ἦν
2240 3646 2587 3717 ἐνδεχόμενον
2627 3650 2859 3719 μάλιστα
2896 3652 2962 3704 δι’
2998 3653 3111 3704 ἴσου
3138 3669 3151 3682 ο
3188 3650 3312 3704 οὔτε
3358 3651 3467 3722 γὰρ
3503 3651 3726 3722 περιμέ-

2138 3747 2249 3783 νειν
2279 3731 2376 3795 δεῖ,
2413 3733 2515 3798 ἓως
2552 3732 2612 3789 οῦ
2647 3742 2892 3807 μηνιαῖον
2925 3740 3147 3809 γένηται
3187 3740 3558 3811 παράλλαγμα
3588 3740 3725 3810 πῴς

2137 3824 2198 3878 τὸ
2227 3826 2568 3896 φαινόμενον,
2599 3828 2721 3882 οὔτε
2756 3831 3162 3902 προλαμϐάνειν
3194 3831 3343 3903 παρά
3383 3832 3472 3884 τὸν
3499 3831 3723 3902 ἡλιακὸν

2137 3916 2336 3988 δρόμον
2385 3920 2528 3990 μῆνα
2569 3921 2687 3973 ὅλον
2713 3938 2726 3950 ·
2777 3921 2844 3974 δι’
2887 3923 2954 3992 ἣν
2997 3924 3176 3977 αἰτίαν
3223 3927 3349 3986 τοὺς
3395 3922 3722 3994 ἐμϐολίμους

2142 4009 2316 4081 μῆνας
2343 4011 2536 4076 ἔταξαν
2557 4015 2785 4081 ἄγεσθαι
2815 4018 2870 4068 ἐν
2890 4016 2966 4086 τῷ
2988 4016 3153 4088 τρίτῳ
3180 4017 3311 4076 ἔτει,
3339 4016 3432 4070 καὶ
3465 4017 3720 4086 πέμπτῳ,

2139 4103 2234 4154 καὶ
2257 4102 2426 4174 ὀγδόῳ
2449 4122 2460 4134 ·
2491 4105 2585 4158 δὲο
2617 4107 2714 4175 μὲν
2757 4107 2932 4176 μῆνας
2963 4108 3163 4178 μεταξὺ
3204 4107 3296 4160 δύο
3333 4107 3471 4159 ἐτῶν
3496 4107 3721 4159 πιπτόνο

2137 4209 2263 4258 των,
2297 4196 2390 4249 ἕνα
2419 4196 2475 4249 δέ
2509 4198 2712 4268 μεταξὺ
2738 4201 2854 4261 ἐνὸς
2877 4200 3124 4255 ἐνιαυτοῦ
3149 4201 3443 4271 ἀγομένου.
3468 4199 3632 4253 Οὐδὲν
3662 4199 3719 4252 δὲ

2137 4285 2404 4358 διαφέρει,
2435 4289 2528 4342 ἐὰν
2566 4293 2658 4344 καὶ
2699 4293 2756 4344 ἐν
2801 4291 2983 4357 ἄλλοις
3021 4293 3167 4347 ἔτεσι
3205 4293 3303 4366 τὴν
3338 4293 3505 4363 αὐτὴν
3533 4292 3718 4345 διάτα-

2140 4374 2219 4439 ξιν
2242 4375 2348 4428 τῶν
2385 4378 2694 4450 ἐμϐολίμων
2731 4382 2917 4452 μηνῶν
2952 4383 3244 4455 ποιήσηταί
3279 4401 3382 4447 τις.
3411 4385 3635 4452 Ἀγεται
3661 4382 3718 4435 δέ

2137 4471 2166 4522 6
2197 4471 2339 4524 κατά
2393 4473 2623 4545 σελήνην
2675 4477 2919 4540 ἐνιαυτὸς
2966 4477 3187 4548 ἡμερῶν
3230 4477 3332 4530 τνδ⁹
3360 4494 3372 4507 ·
3425 4477 3494 4531 δι’
3530 4479 3596 4547 ἣν
3637 4479 3720 4528 ai-

2136 4561 2254 4616 τίαν
2288 4564 2401 4634 (37)
2435 4566 2702 4622 ὑπέλαϐον
2750 4564 2888 4622 εἶναι
2939 4569 3032 4621 τὸν
3089 4567 3230 4622 κατὰ
3286 4568 3524 4638 σελήνην
3571 4566 3718 4637 μῆνα

2136 4765 2326 4840 eodem
2352 4765 2406 4820 in
2437 4781 2581 4823 anno
2605 4812 2619 4831 .
2655 4770 2749 4824 sed
2781 4771 3042 4840 paulatim
3074 4769 3420 4840 dispensatos
3441 4780 3565 4840 esse
3587 4764 3716 4840 τοὺς

2136 4835 2467 4912 ἐμϐολίμους
2514 4835 2880 4904 asserebant;
2933 4835 3392 4912 quemadinodum
3449 4835 3712 4889 Geminus-

449 4921 618 4983 anno_
619 4909 800 4983 tertio,
829 4907 1043 4983 quinto,
1078 4914 1137 4983 et_
1163 4913 1364 4983 octavo
1395 4905 1746 4983 intercalatos
1771 4894 2017 4983 esse'do-
2052 4894 2105 4954 D
2129 4894 2346 4978 egregie
2388 4894 2764 4966 demonStrat:
2803 4894 2895 4983 qui
2943 4894 3165 4981 quidem
3203 4913 3442 4983 scriptor
3465 4917 3706 4983 propter

447 4985 554 5032 eet.
577 4975 736 5032 Falso
767 4974 896 5046 ergo
939 4975 1268 5040 Macrobius,
1299 4982 1353 5031 et
1379 4982 1504 5029 ante
1537 4974 1682 5028 hunc
1713 4974 1933 5030 Solinus
1961 4976 2017 5031 in

447 5047 555 5104 ﬁne
576 5048 925 5102 octaeteridis
952 5056 1064 5102 tres
1103 5049 1308 5102 solidos
1340 5060 1558 5100 menses
1586 5052 1739 5098 extra
1768 5047 2015 5100 ordinem

449 5119 751 5173 inculcatos
787 5133 816 5170 a
848 5115 1053 5174 Graecis
1083 5128 1336 5173 asserunt
1365 5135 1376 5170 :
1416 5116 1489 5169 ita
1529 5126 1590 5168 ut
1631 5131 1807 5170 nonus
1841 5131 2018 5172 annus

445 5190 863 5259 quadringentis
891 5196 946 5242 et
979 5198 1213 5256 quatuor
1256 5188 1448 5242 diebus
1491 5186 1879 5259 explicaretur,
1913 5187 2017 5241 hoc

445 5258 532 5315 est
559 5258 854 5328 nonaginta
883 5259 950 5312 ad
989 5260 1296 5328 ordinarios
1317 5272 1506 5311 cccmv
1531 5258 1819 5324 adjunctos
1856 5272 2018 5327 cape-

446 5339 547 5384 ret.
585 5327 866 5398 Nnnqnam
903 5330 973 5382 ita
1013 5327 1185 5382 Gneci
1227 5344 1426 5398 annum
1461 5343 1618 5381 suum
1671 5329 2014 5384 ordinarunt.

446 5400 633 5465 Itaque
662 5397 1027 5470 παρακουσμα
1057 5399 1199 5452 istud
1234 5406 1316 5470 est
1364 5397 1572 5459 Solini;
1619 5415 1778 5468 quem
1815 5408 2018 5456 temere

446 5469 752 5526 assectatus
788 5479 873 5524 est
911 5470 1239 5524 Macrobius.
1283 5469 1418 5524 Cum
1463 5471 1606 5522 enim
1641 5472 1859 5538 legisset
1903 5471 2011 5534 ille,

447 5539 502 5593 in
560 5539 889 5596 octaeteritle
945 5539 1130 5594 Graeca
1195 5555 1409 5594 menses
1476 5556 1598 5594 esse
1659 5541 2014 5595 intercalares

445 5617 590 5671 tres,
625 5614 741 5665 sire
792 5613 887 5674 ita,
939 5619 1182 5666 vertente
1231 5611 1561 5666 octaeteride
1591 5611 1817 5664 totidem
1861 5619 2013 5664 extra

443 5680 690 5752 ordinem
725 5682 1022 5752 imputatos
1049 5698 1170 5737 esse
1216 5697 1431 5736 menses
1463 5682 1811 5752 ἐμϐολίμους,
1849 5690 2009 5750 puta-

443 5750 522 5822 L'it
549 5749 759 5822 ἀθρόως
789 5749 843 5806 et
887 5754 940 5806 in
991 5753 1240 5807 eumdem
1275 5749 1508 5807 annum'
1535 5749 1668 5807 esse
1695 5749 2008 5822 congestos.

445 5815 782 5888 Verumﬂui
827 5823 902 5877 ita
949 5823 1280 5890 scribebant,
1340 5838 1448 5880 non
1497 5825 1684 5895 utique
1735 5815 1916 5891 simul,
1955 5829 2011 5878 et

2128 4993 2238 5054 non
2269 4976 2600 5054 Vvetustatetn
2648 4976 2836 5048 modo,
2877 4976 2980 5038 sed
3007 4998 3181 5054 usum
3234 4981 3398 5054 etiam
3421 4976 3711 5054 -ᾳοοιι-ξιιιε

2129 5048 2316 5115 hujus,
2349 5065 2412 5102 ac
2440 5052 2744 5118 scientiam,
2775 5045 3050 5110 sexcentis
3082 5053 3290 5107 Solinis
3323 5063 3388 5102 ac
3419 5045 3713 5100 Macrobiis

2129 5121 2427 5173 antecellit.

2197 5189 2383 5245 Credit
2420 5188 2736 5261 Solinianns
2775 5197 3184 5261 commentator
3217 5188 3526 5261 (Salmas.,_
3562 5185 3706 5240 Plin.

2126 5263 2342 5314 exercit.
2394 5276 2448 5330 p.
2495 5260 2557 5313 l9
2603 5259 2645 5313 Β
2673 5269 2727 5314 et
2747 5260 2820 5327 (Σ)
2870 5261 2923 5314 in
2954 5257 3330 5328 descriptione
3363 5263 3451 5313 illa
3488 5257 3699 5330 Graeca-

2127 5331 2265 5384 nica:
2305 5328 2736 5392 intercalalionis
2774 5347 2879 5384 non
2912 5345 3204 5385 convenire
3238 5330 3574 5384 Macrobium
3623 5328 3708 5380 in-

2127 5407 2207 5453 ter
2239 5408 2291 5455 et
2321 5401 2609 5456 Solinnm:
2645 5403 2786 5470 quod
2833 5401 3055 5456 Solinus
3097 5417 3241 5453 anno
3282 5416 3425 5453 ll0tt0
3470 5401 3706 5470 intercu-

2125 5471 2267 5524 latos
2353 5487 2475 5526 esse
2555 5469 2836 5541 scripserit
2905 5487 3118 5525 menses
3178 5480 3324 5528 ιιι-ε.
3405 5471 3518 5541 sive
3586 5469 3705 5541 dies

2123 5542 2415 5610 nonaginta
2447 5561 2458 5594 ε
2492 5542 2593 5608 Qui
2638 5538 2776 5596 anno
2813 5559 2948 5596 nono
2991 5543 3221 5595 restituti
3267 5539 3556 5609 eﬁ‘iriebant
3592 5538 3705 5588 dtus

2121 5613 2532 5680 quadringentos
2585 5614 2943 5683 quadraginta
2986 5623 3236 5682 quatuor,
3287 5621 3344 5683 at
3403 5611 3710 5683 Macrobius

2122 5677 2303 5756 octavo
2342 5677 2544 5754 quoque
2574 5677 2711 5756 cinno
2741 5677 2814 5738 id'
2835 5677 3145 5756 dicat'essc
3176 5681 3504 5756 perit-ctum.
3550 5677 3708 5756 Nulla

2121 5751 2266 5806 inter
2307 5751 2404 5824 eos
2450 5751 2761 5824 discordia;
2809 5771 2984 5824 neque
3019 5751 3244 5808 Salinas
3274 5753 3544 5824 principio
3575 5751 3706 5800 anni

2119 5825 2250 5879 noni
2312 5823 2694 5881 intercalatum
2755 5821 2909 5882 csse'
2940 5825 3132 5894 docet,
3207 5821 3333 5878 cum
3396 5821 3448 5876 id
3508 5829 3705 5875 octavo
