4124 6400
376 443 484 496 δυ’.)

1423 443 1658 499 GEMINI
1696 445 2065 503 ELEMENTA
2102 447 2590 507 ASTRONOMIE.

3505 450 3613 507 810

375 552 603 626 ἡμερῶν
631 553 711 606 κθ⁸
746 551 871 623 αίβ,
904 553 994 606 τὸν
1027 552 1082 606 δὲ
1123 553 1346 624 δίμηνον
1387 556 1576 626 χρόνον
1609 557 1830 630 ἡμερῶν
1854 559 1944 612 νϐ’.

2054 575 2167 614 sem
2199 560 2446 616 lunarem
2472 575 2593 616 esse
2627 557 2838 613 dierum
2860 556 3071 629 291/2,
3091 564 3306 628 tempus
3327 565 3506 613 autem
3532 559 3618 615 bi-

376 643 544 699 Ὅθεν
573 645 746 697 κοῖλον
773 645 865 698 καὶ
896 645 1074 717 πλήρη
1128 647 1273 716 μῆνα
1303 649 1449 720 παρὰ
1503 648 1665 720 μέρος
1705 649 1950 717 ἄγουσιν,

375 736 458 789 ὅτι
485 739 517 808 ἡ
546 737 826 810 δίμηνοςή
862 738 1000 791 κατὰ
1043 738 1271 808 σελήνην
1313 740 1536 811 ἡμερῶν
1563 743 1676 793 ἐστι
1723 741 1820 795 νϐ’.
1864 742 1952 793 Γί-

378 846 558 882 νονται
594 825 686 883 οὖν
717 831 773 881 ὲν
800 828 876 900 τῷ
925 829 1154 899 ἐνιαυτῷ
1179 829 1236 895 ἐξ
1265 830 1515 902 πλήρεις,
1545 832 1638 884 καὶ
1680 831 1739 896 ἒξ
1763 833 1948 886 κοῖλοι.

379 921 705 989 Συνάγονται
728 920 782 974 δὲ
816 920 1018 992 ἡμέραι
1044 920 1144 972 τνδ⁹
1172 938 1184 949 ·
1217 921 1305 972 διὰ
1329 921 1383 974 δὲ
1419 922 1620 991 ταύτην
1650 923 1747 993 τὴν
1778 924 1954 977 αξτίαν

381 1012 529 1084 μῆνα
563 1013 708 1085 παρὰ
733 1013 876 1083 μῆνα
909 1013 1088 1084 πλήρη
1121 1013 1216 1066 καλ.
1242 1014 1418 1066 κοῖλον
1459 1015 1702 1081 ἄγουσιν.

450 1106 513 1159 Εί
546 1105 643 1176 μὲν
686 1101 779 1158 οὖν
821 1103 926 1157 ἔδει
971 1108 1086 1168 τοῖς
1136 1105 1257 1158 καθ’
1299 1105 1449 1174 ἣλιον
1495 1107 1756 1170 ἐνιαυτοῖς
1796 1106 1954 1176 μόνον

381 1199 523 1269 ἡμᾶς
560 1185 890 1266 συμφωνέῖν,
939 1195 1177 1266 ἀπήρκει
1212 1194 1275 1248 ἂν
1298 1198 1363 1266 τῇ
1396 1195 1768 1266 προειρημένῃ
1804 1212 1955 1266 περι-

377 1291 478 1360 ὁδῳ
549 1288 859 1359 χρωμένους
931 1289 1238 1357 συμφωνεῖν
1312 1287 1449 1355 πρὸς
1499 1288 1566 1340 τὰ
1619 1288 1953 1357 φαινόμενασ

375 1381 496 1433 ἐπεὶ
539 1380 595 1433 δὲ
632 1380 691 1432 οὐ
733 1379 888 1450 μόνον
920 1379 1000 1432 δεῖ
1031 1380 1142 1448 (58)
1172 1380 1298 1442 τοὺς
1329 1379 1608 1442 ἐνιαυτοὺς
1640 1379 1792 1446 ἄγειν
1833 1379 1954 1433 καθ’

374 1470 545 1541 ἥλιον,
579 1471 716 1524 ἀλλὰ
765 1471 860 1524 καὶ
900 1471 1028 1533 τοὺς
1071 1470 1244 1540 μῆνας
1281 1471 1374 1522 καὶ
1419 1469 1518 1532 τὰς
1561 1470 1773 1540 ἡμέρας
1818 1471 1958 1524 κατὰ

377 1561 626 1631 σελήνην,
683 1561 980 1630 ὲσκέψαντο
1024 1561 1140 1623 πῶς
1187 1561 1252 1612 ἂν
1288 1561 1380 1612 καὶ
1427 1560 1585 1613 τοῦτο
1638 1560 1730 1612 τοῦ
1773 1561 1957 1624 τέλους

374 1655 634 1726 τυγχάνῃ.
677 1655 826 1707 Ἐπεὶ
853 1653 1030 1706 τοίνυν
1051 1655 1078 1706 ὁ
1099 1653 1238 1706 κατὰ
1264 1652 1491 1723 σελήνην
1529 1652 1636 1722 (59)
1664 1653 1770 1722 μὴν
1800 1654 1958 1723 ἀκρι-

376 1746 486 1809 ϐῶς
513 1745 838 1816 εἰλημμένος
865 1747 1012 1799 ἐστὶν
1042 1745 1264 1817 ἡμερῶν
1279 1744 1359 1797 κϐ¹
1374 1744 1478 1815 αίβ
1494 1744 1816 1814 τριακοστοῦ
1843 1745 1958 1816 τρί-

374 1853 490 1901 του,
526 1838 632 1890 eiul.
667 1837 722 1890 δὲ
774 1839 830 1889 ὲν
873 1839 938 1907 τῇ
995 1837 1333 1906 ὀκταετηρίδι
1375 1837 1472 1889 σὺν
1503 1838 1613 1898 τοῖς
1641 1835 1958 1906 ὲμϐολίμοις

2055 658 2252 706 mestre
2277 651 2487 706 dierum
2505 651 2596 705 59.
2628 649 2783 705 Unde
2809 663 3002 702 cavum
3033 658 3087 703 et
3116 649 3335 718 plenum
3371 665 3616 706 mensem

2054 757 2150 812 per
2180 744 2327 798 vices
2389 750 2576 814 agunt,
2609 758 2675 798 eo
2715 743 2858 812 quod
2909 743 3034 796 luna
3079 743 3356 798 bimestris
3406 743 3618 798 dierum

2032 841 2136 886 ~est
2161 831 2250 886 59.
2286 831 2447 886 Fiunt
2474 833 2713 903 igiturin
2753 847 2896 886 anno
2939 849 3031 886 sex
3068 832 3232 901 pleni,
3270 841 3326 886 et
3374 847 3471 890 sex
3502 834 3621 889 cavi

2055 938 2290 978 menses.
2317 925 2660 991 Colliguntur
2687 933 2866 979 autem
2895 925 3012 980 dies
3053 927 3194 992 354;
3241 941 3305 980 ac
3333 935 3619 995 propterea

2055 1031 2296 1070 mensem
2328 1026 2448 1086 post
2473 1033 2712 1072 mensem
2743 1018 2959 1086 plenum
2990 1025 3044 1071 et
3075 1033 3266 1070 cavum
3292 1003 3502 1088 agunta

2127 1106 2184 1160 Si
2233 1108 2396 1177 igitur
2422 1117 2694 1178 oporteret
2741 1125 2842 1164 nos
2895 1117 3103 1162 tantum
3145 1109 3302 1164 annis
3351 1111 3624 1166 solaribus

2055 1211 2376 1267 congruere,
2408 1198 2695 1264 sulliceret,
2729 1215 2853 1253 cum
2899 1199 3154 1270 praedicta
3186 1200 3412 1270 periodo
3443 1212 3624 1256 utere-

2057 1304 2197 1352 mur,
2219 1305 2336 1344 eam
2361 1307 2660 1360 congruere
2689 1292 2756 1346 ad
2785 1293 3147 1362 apparentias.
3181 1293 3316 1347 Cum
3353 1308 3482 1348 vero
3512 1310 3622 1349 non

2057 1386 2266 1432 tantum
2301 1382 2602 1434 secundum
2635 1383 2804 1436 solem
2835 1391 3084 1451 oporteat
3113 1397 3287 1438 annos
3316 1397 3497 1453 agere,
3526 1384 3624 1438 sed

2055 1467 2217 1522 etiam
2234 1483 2447 1524 menses
2463 1471 2755 1540 e1121dies
2769 1473 3065 1526 secundum
3083 1472 3288 1540 lunam,
3312 1473 3627 1530 considera-

2056 1566 2250 1612 verunt
2266 1575 2371 1628 qua
2389 1561 2597 1616 ratione
2625 1573 2678 1616 et
2705 1563 2806 1617 hoc
2835 1563 2995 1618 ﬁnem
3031 1579 3189 1618 suum
3221 1573 3621 1634 assequeretur.

2056 1648 2193 1703 Cum
2233 1651 2396 1720 igitur
2428 1653 2634 1708 lunaris
2662 1655 2865 1710 mensis
2893 1655 3115 1724 pracise
3139 1662 3386 1724 sumptus
3415 1656 3486 1709 sit
3511 1655 3628 1711 die-

2057 1755 2177 1792 rum
2190 1741 2260 1794 29
2280 1741 2379 1811 1/2
2393 1749 2445 1796 et
2461 1743 2483 1794 1
2492 1744 2617 1813 /33,
2635 1746 2744 1798 sint
2765 1752 2942 1798 autem
2962 1744 3015 1798 in
3032 1746 3360 1802 octaeteride
3375 1761 3482 1801 una
3497 1761 3622 1802 cum

2057 1831 2474 1888 intercalaribus
2505 1849 2720 1889 menses
2754 1834 2840 1900 99,
2885 1836 3387 1905 multiplicaverunt
3415 1839 3624 1893 mensis

379 1929 545 1999 μῆνες
569 1929 652 1997 1,6'
675 1945 687 1958 °
735 1929 1206 1982 ὲπολυπλασίασαν
1256 1928 1356 1992 τὰς
1394 1928 1485 1981 τοῦ
1545 1927 1712 1999 μηνὸς
1742 1929 1944 2000 ἡμέρας

2055 1921 2172 1976 dies
2198 1921 2268 1976 29
2300 1922 2402 1976 1/2
2429 1932 2482 1978 et
2511 1924 2652 1996 1/55
2685 1926 2740 1979 in
2772 1925 2842 1980 99
2864 1941 3100 1982 menses.
3133 1926 3295 1981 Fiunt
3317 1929 3483 1999 igitur
3503 1929 3622 1984 dies

373 2020 454 2074 κθ¹
482 2020 586 2091 ανίβ
612 2020 748 2089 αίλγ
779 2021 868 2073 ἐπὶ
887 2021 1012 2083 τοὺς
1029 2018 1113 2086 ιβ’
1138 2019 1332 2089 μῆνας.
1364 2019 1608 2072 Γίνονται
1632 2014 1722 2070 οὖν
1747 2019 1952 2089 ἡμέραι

373 2108 554 2181 ,βῶκγ
572 2110 697 2182 αίβ.
715 2112 802 2164 Ἐν
824 2110 930 2182 ἄρα
951 2113 1063 2173 τοῖς
1079 2117 1126 2181 η’
1146 2109 1288 2163 ἔτεσι
1303 2113 1413 2173 τοῖς
1437 2109 1558 2162 καθ’
1572 2109 1718 2180 ἥλιον
1737 2110 1814 2162 δεῖ
1827 2109 1954 2177 ἄγε-

375 2201 499 2256 σθαι
522 2201 662 2255 κατὰ
680 2202 903 2272 σελήνην
924 2201 1130 2272 ἡμέρας
1145 2200 1322 2270 ,βῷκγθ
1338 2199 1461 2270 αίβ.
1481 2200 1618 2252 Ἀλλ’
1637 2201 1758 2253 ἐπεὶ
1780 2203 1808 2254 ὁ
1832 2199 1952 2253 καθ’

372 2300 521 2371 ήλιον
569 2299 812 2360 ἐνιαυτός
861 2300 1003 2350 ἐστιν
1041 2295 1262 2368 ἡμερῶν
1289 2294 1395 2358 τξε⁹
1432 2295 1552 2364 αλδ,
1581 2295 1656 2348 τὰ
1688 2295 1743 2348 δὲ
1775 2294 1826 2364 η’
1857 2295 1950 2366 ἔτη

374 2390 496 2444 καθ’
514 2390 664 2461 ήλιον
687 2389 928 2460 περιέχει
949 2389 981 2456 ἡ
990 2387 1052 2457 μέ
1064 2405 1160 2458 ρας
1179 2385 1376 2458 ,βῖκβκ
1398 2383 1954 2440 ὀκταπλασιασθεῖσαι

371 2481 480 2553 γὰρ
546 2484 601 2534 αί
646 2481 738 2534 τοῦ
790 2478 1034 2533 ἐνιαυτοῦ
1085 2478 1289 2548 ἡμέραι
1342 2477 1596 2530 τοσοῦτον
1634 2475 1953 2530 ἀποτελοῦσι

374 2573 605 2644 πλῆθος·
639 2573 760 2624 ἐπεὶ
797 2566 889 2624 οὖν
943 2573 1000 2623 αἱ
1051 2569 1190 2623 κατὰ
1224 2569 1450 2641 σελήνην
1486 2568 1692 2640 ήμέραι
1733 2565 1868 2639 ἦσαν
1895 2571 1952 2620 ὲν

371 2668 485 2726 τοῖς
539 2670 586 2734 η’
612 2663 755 2715 ἔτεσι
787 2662 965 2732 ,βέκτ
995 2662 1123 2731 αίβ,
1171 2662 1541 2732 ὑστερήσομεν
1569 2659 1689 2713 καθ’
1714 2661 1950 2730 ἑκάστην

369 2754 722 2825 ὀκταετηρίδα
781 2754 930 2824 παρὰ
977 2753 1074 2823 τὴν
1119 2753 1344 2822 σελήνην
1379 2753 1471 2804 καὶ¹
1504 2751 1684 2822 ἡμέρα
1718 2753 1817 2822 μιᾷ
1853 2752 1947 2804 καὶ

373 2846 580 2918 ήμίσει.
633 2846 720 2898 Ἐν
760 2844 868 2915 ἄρα
927 2847 1039 2906 τοῖς
1073 2843 1148 2907 ις’
1191 2841 1366 2895 ἔτεσιν
1396 2843 1766 2913 ὑστερήσομεν
1798 2842 1946 2913 παρὰ

371 2939 470 3008 τὴν
527 2937 754 3008 σελήνην
797 2937 1010 3007 ἡμέρας
1052 2943 1121 3003 γ’.
1155 2937 1231 2987 Δι’
1259 2935 1324 3004 ἢν
1352 2935 1527 2988 αἰτίαν
1562 2934 1680 2986 καθ’
1711 2933 1946 3001 ἑκάστην

2053 2013 2196 2067 2925
2237 2014 2359 2082 1/2.
2402 2013 2545 2086 Ergo
2579 2017 2634 2069 in
2662 2017 2822 2072 annis
2848 2017 3122 2073 solaribns
3151 2029 3298 2086 octo,
3336 2021 3476 2075 lunae
3503 2021 3622 2075 dies

2054 2115 2287 2175 aguntur
2319 2106 2462 2162 2925
2493 2109 2607 2179 1/2.
2632 2107 2796 2178 Atqui
2820 2124 2943 2164 cum
2969 2123 3145 2164 annus
3195 2112 3388 2169 solaris
3408 2113 3478 2167 sit
3507 2113 3624 2167 die-

2055 2211 2175 2249 rum
2206 2196 2309 2252 565
2337 2197 2461 2268 1/4,
2488 2208 2542 2252 et
2580 2209 2703 2254 octo
2744 2200 2871 2254 anni
2908 2200 3115 2255 solares
3144 2203 3456 2257 contineant
3503 2204 3622 2259 dies

2052 2285 2213 2350 2922,
2245 2290 2418 2345 octies
2469 2291 2814 2362 multiplicati
2860 2293 2979 2347 dies
3029 2293 3157 2346 anni
3201 2293 3348 2348 hunc
3381 2294 3621 2348 eﬂiciunt

2053 2395 2364 2436 numerum.
2415 2381 2552 2436 Cum
2588 2383 2756 2453 igitur
2812 2384 3030 2440 lunares
3073 2385 3191 2441 dies
3234 2388 3345 2442 sint
3393 2389 3449 2442 in
3494 2397 3622 2444 octo

2054 2473 2214 2528 annis
2232 2471 2518 2544 29231/2,
2537 2473 2853 2530 deﬁciemus
2877 2491 2904 2528 a
2929 2477 3058 2530 luna
3087 2477 3142 2530 in
3158 2479 3353 2548 quavis
3378 2489 3620 2536 octaete-

2054 2567 2172 2622 ride
2193 2567 2356 2631 died,
2390 2577 2445 2621 et
2467 2568 2692 2638 insuper
2739 2568 2987 2626 dimidio.
3026 2570 3208 2636 Quare
3256 2571 3312 2626 in
3359 2572 3426 2628 16
3458 2575 3619 2628 annis

2060 2657 2382 2714 deﬁciemus
2418 2674 2448 2712 τι
2477 2660 2605 2714 luna
2659 2661 2851 2717 diebus
2880 2663 2931 2716 5.
2967 2661 3139 2728 Quam
3185 2663 3257 2718 ob
3289 2678 3513 2724 causam
3563 2666 3618 2718 in

2055 2749 2249 2819 quavis
2279 2749 2797 2806 heccazdecaeteride
2826 2753 2892 2806 ad
2926 2752 3068 2807 luna:
3087 2768 3308 2808 cursum
3339 2761 3453 2809 tres
3482 2755 3619 2821 adji-

2055 2840 2275 2895 ciuntur
2302 2839 2440 2904 dies,
2479 2845 2539 2893 ut
2572 2841 2870 2895 secundum
2919 2843 3088 2897 solem
3133 2859 3306 2899 annos
3359 2860 3617 2916 agamus.

2054 2931 2351 3016 secundum
2389 2929 2572 2985 lunam
2603 2941 2782 2986 autem
2811 2948 3026 2988 menses
3045 2941 3100 2988 et
3125 2934 3264 2990 dies.

373 3031 878 3102 ὲξκαιδεκαετηρίδα
899 3031 1036 3102 πρὸς
1057 3030 1148 3083 τὸν
1166 3030 1262 3099 τῆς
1292 3028 1517 3098 σελήνης
1546 3028 1742 3100 δρόμον
1764 3036 1810 3097 γ’
1837 3029 2131 3096 ἐπάγονται
2165 3025 2399 3097 ἡμέραν
2438 3027 2526 3080 ἴνα
2556 3027 2693 3082 κατὰ
2724 3029 2822 3097 μὲν
2844 3029 2994 3098 ἦλιον
3014 3031 3140 3093 τοὺς
3173 3031 3451 3094 ἐνιαυτοὺς
3483 3033 3622 3099 ἄγω-

375 3140 493 3192 μεν,
521 3123 662 3176 κατὰ
699 3122 753 3174 δὲ
772 3122 996 3193 σελήνην
1024 3121 1150 3182 τοὺς
1176 3119 1345 3190 μῆνας
1367 3118 1574 3181 καὶτὰς
1603 3119 1834 3190 ἡμέρας.

443 3213 745 3284 Γενομένης
787 3212 844 3264 δὲ
891 3212 990 3282 τῆς
1046 3209 1302 3278 τοιαύτης
1359 3207 1713 3280 διορθώσεως,
1764 3209 1948 3279 ἕτερον

2127 3205 2262 3259 Cum
2287 3203 2415 3257 talis
2435 3203 2745 3259 emendatio
2773 3203 2917 3260 facta
2951 3214 3116 3270 esset,
3181 3209 3432 3278 sequitur
3467 3211 3617 3265 aliud

374 3274 675 3376 ἁμάρτημα
702 3274 1089 3358 ἐπακολουθεῖ.
1144 3303 1210 3354 Αἱ
1257 3274 1366 3372 γὰρ
1405 3274 1546 3354 κατὰ
1581 3301 1679 3372 τὴν
1719 3274 1944 3371 σελήνην

2052 3302 2315 3350 erratum.
2345 3291 2478 3346 Nam
2502 3293 2725 3348 lunares
2753 3293 2870 3348 dies
2903 3294 2936 3347 3
2966 3274 3273 3350 intercalati
3319 3296 3376 3350 in
3415 3295 3484 3350 16
3517 3311 3617 3349 an-

375 3397 580 3467 ἡμέραι
628 3394 965 3464 ἐπαγόμεναι
995 3391 1044 3460 γ’
1068 3395 1126 3445 ὲν
1155 3394 1267 3454 τοῖς
1317 3397 1390 3455 ις’
1418 3391 1562 3444 ἔτεσι
1599 3391 1948 3455 πλεονάζουσι

377 3488 511 3560 πρὸς
557 3488 648 3540 τὸν
694 3487 843 3556 ἥλιον
894 3485 951 3535 ὲν
1001 3485 1122 3545 ταῖς
1166 3481 1241 3545 ις’
1271 3479 1614 3551 δεκαετηρίσι
1658 3478 1699 3532 λ’
1737 3479 1949 3549 ἡμέρας

367 3751 590 3807 exeunti
645 3749 955 3804 Macrobius
1016 3747 1280 3814 assignat,
1329 3754 1388 3798 ut
1432 3742 1574 3797 idem
1627 3740 1947 3814 Soliniapus

367 3823 663 3876 existimat.
718 3819 834 3874 Non
892 3820 1032 3873 idem
1084 3809 1260 3870 solum
1313 3823 1562 3882 uterque.
1613 3809 1707 3865 sed
1755 3812 1946 3865 eodem

368 3893 530 3945 etiam
561 3890 722 3945 modo
758 3890 958 3943 factum
993 3887 1264 3954 intelligit.
1299 3885 1489 3937 Annus
1527 3882 1761 3951 quilibet
1790 3889 1947 3934 octa-

367 3976 488 4021 vus,
537 3969 591 4015 et
620 3961 845 4013 ultimus
880 3958 1227 4012 octaeteridis
1276 3955 1416 4007 idem
1467 3961 1520 4004 et
1567 3959 1801 4021 octavus
1855 3961 1944 4003 est

368 4020 598 4102 periodi,
630 4038 683 4102 et
699 4029 767 4083 ab
793 4029 984 4102 ultimo
1019 4024 1390 4102 antecedentis
1419 4031 1729 4102 estnonus.
1752 4020 1943 4102 Quare

367 4091 709 4172 intercalatio
755 4098 959 4168 quaevis
1003 4112 1149 4151 nono
1181 4110 1326 4172 anno
1361 4092 1522 4172 t'iebat
1560 4091 1942 4172 abanteriori

369 4160 802 4230 intercalatione,
832 4175 886 4222 et
916 4173 1110 4220 octavo
1143 4163 1494 4218 nihilominus
1542 4160 1753 4228 periodi
1796 4175 1940 4230 suae.

370 4240 460 4295 Sic
491 4229 841 4310 Olympiacus
886 4252 1024 4307 agon
1067 4236 1247 4288 omnis
1288 4239 1342 4287 et
1379 4245 1528 4310 anno
1551 4231 1747 4299 quinto
1777 4229 1943 4310 [iebat

373 4313 440 4364 ab
469 4301 844 4380 antecedente,
879 4301 946 4361 ef
973 4301 1564 4380 quarto_te_traet¢ridis
1613 4315 1748 4379 suae,
1776 4302 1827 4380 si
1860 4309 1944 4354 te-

367 4379 714 4434 traeteridem
765 4379 834 4432 ab
881 4372 1099 4444 eo,'qui
1139 4374 1208 4427 ab
1253 4372 1503 4444 ludorum
1547 4372 1943 4444 commissione

369 4451 650 4520 proximus
693 4457 808 4508 est,
867 4439 1230 4520 auspicemur.
1287 4441 1446 4520 Hine;
1485 4439 1788 4520 scriptores
1819 4440 1939 4520 _alii

368 4509 563 4589 quarto
591 4533 807 4588 quoque
852 4509 998 4589 anno
1041 4515 1344 4569 celebratos
1393 4511 1516 4564 illos
1563 4524 1688 4589 esse
1743 4509 1938 4589 ludos,

370 4577 459 4642 :ilii
490 4577 680 4658 quin'to
709 4577 1205 4658 quoque_d_ixerun_t
1231 4596 1453 4658 ;-_n_eqne
1501 4587 1792 4658 propterea
1823 4577 1940 4633 dis-

370 4647 612 4729 sentiunt
642 4647 894 4729 invicem.
927 4655 1076 4710 Idem
1095 4661 1150 4709 et
1183 4656 1237 4729 in
1256 4647 1518 4729 bisseno
1531 4647 1779 4729 Romano
1811 4663 1938 4729 eve-

370 4730 468 4782 nit.
506 4728 619 4783 lloc
671 4727 1098 4798 animadvertere
1146 4721 1323 4798 critici
1353 4718 1934 4798 _hominis'_i_nterfuit,

369 4813 477 4853 non
508 4807 617 4852 tam
641 4797 961 4866 ioculariter
991 4793 1316 4866 hallucinari
1353 4792 1407 4843 in
1441 4805 1500 4843 re
1530 4788 1707 4866 nihili.

436 4867 592 4934 Quod
635 4855 815 4921 autem
845 4863 1202 4932 Glaucippum
1255 4869 1533 4913 auctorem
1569 4861 1701 4910 citat
1726 4855 1939 4934 Macro-

367 4929 490 4992 hius
519 4938 557 5005 (ι
593 4937 812 4992 Saturn.
866 4936 921 4997 6,
972 4929 1091 5006 ᾖ),
1133 4937 1471 5006 οιιγθηρυιθε
1515 4935 1751 5006 veterem
1795 4929 1939 5006 hunc

370 4997 701 5078 scriptorem
747 5006 854 5059 tale
891 4997 1053 5078 _qu_id_'
1085 4997 1391 5078 prodidisse
1443 4997 1741 5078 memoriae,
1775 4997 1936 5078 quale

369 5077 437 5131 de
475 5067 618 5130 anno
662 5075 850 5130 Gra'co
890 5067 982 5127 isti
1027 5067 1374 5133 fabulantur;
1424 5068 1687 5121 nimirum
1724 5067 1778 5120 in
1833 5067 1938 5120 line

369 5147 715 5201 octaeteridis
750 5142 1208 5217 nonaginta__d_ies
1253 5148 1444 5217 tr_esv_e_
1468 5137 1936 5217 solidoshmeunses

370 5217 438 5269 ad
466 5231 667 5269 annum
700 5205 1015 5284 accessisse.
1051 5209 1197 5284 Nihil
1223 5209 1368 5264 enim
1387 5208 1481 5284 ille
1503 5205 1733 5284 scripsit
1764 5205 1932 5284 aliud,

367 5300 530 5355 quam
578 5286 878 5354 superﬂuos
908 5283 1024 5337 dies
1051 5276 1244 5355 ultimo
1273 5279 1399 5355 anni
1433 5276 1720 5355 suimensi
1765 5276 1936 5355 inter-

369 5344 607 5409 seruisse
648 5344 889 5416 Graecos,
925 5351 1070 5424 quod
1108 5351 1176 5404 de
1201 5351 1395 5424 pauch
1439 5346 1656 5424 diebus.
1701 5359 1810 5424 non
1860 5344 1936 5424 de

370 5425 649 5480 mensibus
698 5413 1260 5494 integris’usurpavit.
1314 5415 1448 5468 Nam
1504 5413 1934 5494 hecaedecae‘te-

369 5494 474 5548 ridi
525 5494 643 5550 dies
699 5482 842 5548 tresv
873 5482 1288 5553 accrescebant,
1339 5494 1398 5538 ut
1449 5493 1637 5538 auctor
1687 5491 1772 5538 est
1826 5482 1929 5536 Ge~

369 5579 570 5618 minus.

439 5632 724 5688 Postremo
746 5637 966 5686 notetur
995 5629 1086 5682 illa
1114 5641 1332 5698 quoque
1359 5623 1574 5698 Gemini
1605 5622 1746 5675 ratio
1781 5621 1929 5692 (pag.

368 5702 485 5774 21),
513 5719 677 5774 quam
700 5702 872 5774 affert,
901 5717 999 5774 cur
1025 5696 1180 5774 anno
1193 5697 1375 5758 tertio,
1407 5696 1619 5774 quinto,
1650 5699 1715 5774 et
1736 5703 1932 5774 octavo

371 5761 752 5826 intercalatum
801 5761 998 5834 fuerit;
1024 5769 1275 5821 videlicet
1311 5761 1456 5835 quod
1501 5761 1930 5830 exspectandum

369 5843 595 5897 minime
626 5842 810 5904 fuerit;
840 5840 969 5894 dum
1005 5853 1189 5892 mense
1217 5837 1390 5891 solido
1419 5849 1596 5888 annus
1624 5841 1930 5886 anteverte-

369 5920 487 5980 ret;
529 5928 691 5984 quam
738 5911 1001 5982 πρόληψιν
1039 5908 1309 5964 embolimi
1343 5905 1547 5960 mensis
1581 5904 1752 5957 nostri
1795 5915 1930 5971 quo-

653 6006 922 6067 PATROL.
957 6005 1073 6066 Gn.
1111 6001 1282 6064 XIX.

2047 3387 2136 3440 nis
2167 3387 2449 3441 abundant
2503 3400 2669 3455 supra
2720 3385 2891 3440 solem
2952 3387 3008 3441 in
3039 3387 3106 3440 16
3157 3387 3616 3456 deeaeteridibus,

2048 3477 2242 3532 diebus
2277 3477 2346 3531 50
2370 3495 2386 3543 ;
2445 3477 2547 3531 hoc
2570 3485 2655 3532 est
2682 3477 2892 3547 integro
2921 3493 3129 3534 mense.
3172 3479 3255 3534 0b
3283 3496 3448 3550 quam
3475 3497 3613 3536 cau-

2047 3754 2152 3808 que
2182 3738 2419 3808 computi
2453 3737 2690 3792 artiﬁces
2736 3739 2864 3792 olim
2911 3740 3296 3796 adhibuerunt.
3337 3741 3473 3797 Vide
3519 3743 3614 3798 lib.

2047 3807 2097 3862 tu
2128 3807 2204 3861 De
2233 3807 2812 3878 doctrinatemporum,
2847 3825 2968 3878 cap.
3004 3811 3056 3864 6.

2117 3880 2230 3946 ι58)
2283 3879 2444 3931 Ἐπεὶ
2473 3877 2541 3930 δὲ
2573 3881 2645 3932 οὐ
2669 3881 2862 3946 μόνον
2903 3877 3012 3935 δεῖ.
3042 3878 3342 3936 Observent
3383 3881 3616 3937 studiosi

2047 3963 2156 4017 quo
2184 3963 2348 4017 sensu
2392 3950 2446 4001 in
2479 3949 2607 4001 anni
2637 3947 2812 4002 Graeci
2855 3951 3068 4004 ratione
3113 3951 3471 4006 describenda
3507 3950 3617 4006 Ge-

2047 4016 2228 4073 minus
2262 4016 2511 4080 aﬂirmet,
2544 4018 2823 4073 studuisse
2861 4018 3100 4084 Graecos,
3141 4020 3218 4074 uti
3263 4037 3440 4076 annus
3480 4037 3616 4076 suus

2046 4103 2170 4141 cum
2206 4088 2516 4160 sole_paria
2567 4087 2808 4160 faceret,_
2844 4104 3060 4144 menses
3099 4105 3223 4144 cum
3274 4091 3617 4160 lun‘a;‘Quod

2047 4172 2154 4230 non
2186 4157 2605 4230 semel‘monere
2627 4157 2765 4230 satis
2798 4158 3068 4230 habemus
3091 4167 3311 4229 propter
3336 4157 3616 4230 Hispanici

2041 4227 2421 4298 jurisconsulti
2476 4228 2726 4298 ἀτοπίαν,
2785 4229 2874 4296 qui
2935 4227 3220 4298 praefracte
3274 4227 3503 4293 asserit,
3546 4249 3615 4287 ex

2046 4306 2227 4352 mente
2275 4296 2489 4350 Gemini
2537 4295 2755 4351 Graecos
2805 4295 2884 4351 sic
2914 4295 3089 4353 annos
3121 4315 3252 4354 suos
3301 4302 3612 4364 ordinasse,

2045 4375 2106 4419 ut
2150 4375 2204 4420 et
2253 4367 2452 4435 singuli
2481 4381 2716 4435 menses
2755 4366 2974 4422 lunares
3002 4378 3208 4429 essent,
3239 4378 3294 4423 et
3342 4371 3470 4424 anni
3496 4373 3612 4425 sin-

2046 4437 2154 4505 guli
2191 4434 2417 4491 solares.
2455 4434 2568 4489 Hoc
2589 4451 2697 4488 non
2727 4436 2886 4490 docet
2921 4437 3203 4501 Geminus,
3241 4439 3334 4493 sed
3367 4456 3610 4495 mensem

2044 4505 2262 4574 quidem
2324 4521 2446 4561 cum
2515 4507 2656 4578 lunae
2705 4520 2873 4560 cursu
2923 4509 3219 4578 quemlibet
3272 4520 3612 4578 exaequatum

2047 4578 2248 4641 fuisse;
2289 4591 2413 4629 cum
2463 4575 2578 4630 sole
2625 4575 3061 4647 vero,‘systema
3111 4578 3289 4647 ipsum
3342 4575 3614 4633 annorum

1973 4634 2016 4688 Ι)
2046 4634 2304 4716 plurium,
2351 4651 2480 4716 puta
2517 4634 2904 4716 oetaeteridem
2932 4655 2985 4702 et
3011 4634 3611 4703 ennéadeeaeteridem.

2116 4715 2227 4786 (59)
2247 4715 2447 4786 ηἘπεὶ
2476 4715 2749 4786 mirus-51
2767 4715 2916 4786 κατὰ
2941 4716 3233 4784 σελήνην.
3254 4716 3435 4772 Prima
3464 4729 3616 4772 octa-

2041 4783 2207 4858 ete'ris
2227 4784 2437 4858 dierum
2463 4784 2668 4858 exstitit
2691 4783 2854 4858 2922,
2873 4801 3086 4858 menses
3109 4783 3315 4842 habens
3337 4786 3428 4858 99.
3445 4804 3476 4843 e
3492 4789 3614 4858 qui-

2041 4856 2143 4924 bus
2159 4854 2420 4909 ordinarii
2437 4853 2694 4912 erant96.
2711 4855 2904 4924 reliqui
2926 4865 3036 4910 tres
3051 4857 3350 4921 embolimi.
3368 4857 3446 4910 Illi
3467 4853 3615 4912 ἐναλ-

2040 4923 2138 4994 λάξ
2184 4925 2326 4994 pleni
2377 4930 2430 4977 et
2477 4924 2616 4994 cavi.
2675 4923 2757 4994 Hi
2795 4923 2940 4994 pleni
2973 4941 3164 4981 omnes
3197 4942 3262 4980 ac
3307 4928 3610 4981 tricenarii.

2039 4992 2314 5066 Posterior
2329 4993 2710 5066 octaeteris_ex_
2728 4992 2922 5048 diebus
2949 4998 3296 5066 componitur
3323 4997 3466 5050 2923
3484 4997 3607 5066 1/2.

2042 5063 2116 5116 Ita
2149 5079 2362 5118 menses
2378 5062 3162 5136 singuli.diebus_constant:29
3198 5066 3482 5136 1/21/35,
3507 5062 3613 5120 hoc

2038 5142 2124 5187 est
2168 5149 2331 5202 supra
2349 5133 2478 5204 dies
2506 5131 2772 5204 29"horas
2809 5133 3014 5204 habent
3038 5134 3125 5194 12,
3157 5145 3210 5188 et
3230 5131 3419 5204 21/35
3445 5137 3612 5190 unius

2039 5204 2203 5262 horae.
2228 5201 2310 5256 Vel
2340 5201 2506 5270 8/11.
2538 5201 2673 5255 Nam
2705 5203 2757 5254 in
2800 5203 2982 5271 priore
3035 5201 3385 5260 oetaeteridis
3419 5207 3606 5266 modo.

2038 5273 2265 5351 singulae
2282 5272 2514 5354 syzygia:
2530 5271 2794 5391 colligunt
2811 5272 2928 5324 dies
2953 5272 3044 5338 29,
3066 5274 3226 5328 horas
3259 5274 3329 5327 12
3353 5283 3406 5328 et
3421 5275 3604 5345 112/5.

2038 5357 2149 5391 swe
2163 5343 2257 5391 4/1
2275 5343 2466 5391 iunius
2483 5341 2646 5391 home.
2703 5348 2932 5391 ucantur
2947 5343 3088 5391 enim
3107 5343 3174 5391 99
3195 5343 3604 5391 in29.1/21/55

2038 5341 2149 5396 sive
2163 5343 2257 5410 4/1
2275 5341 2466 5413 iunius
2483 5341 3088 5413 horaebucanturenim
3107 5343 3174 5397 99
3195 5341 3609 5413 in29.1/21/53

2039 5414 2200 5466 unius
2238 5412 2368 5484 diei,
2405 5410 2895 5484 conlietnumerus
2911 5411 3120 5484 dierum
3152 5410 3433 5484 29251/2.
3474 5410 3608 5467 Per-

2034 5497 2221 5549 peram
2252 5479 2719 5552 itaque_Scaliger
2750 5480 2842 5534 lib.
2879 5497 2916 5533 ιι
2955 5479 3262 5552 Βεεηιεηά.
3293 5479 3414 5552 cap.
3456 5485 3604 5551 quod

2035 5548 2361 5605 inscribitur
2424 5548 2684 5602 Elenclms
2748 5551 3116 5611 octaeteridis,
3175 5548 3417 5606 errorem
3475 5548 3606 5607 esse

2036 5623 2263 5692 putatiin
2289 5619 2518 5692 Gemino
2533 5619 2670 5692 αίλγ
2690 5634 2797 5692 pro
2822 5620 2986 5692 βίλγ,
3008 5621 3163 5689 quasi
3196 5623 3404 5677 mensis
3435 5637 3606 5692 supra

2035 5693 2153 5764 dies
2179 5691 2250 5744 29
2286 5691 2390 5758 1/2
2418 5689 2786 5764 exigat-W53.
2821 5689 2876 5743 Id
2903 5691 3113 5764 siesset
3139 5705 3350 5764 verum,
3383 5689 3607 5764 sgzyfgia

2035 5762 2273 5832 dierum_
2299 5770 2446 5832 esset
2473 5759 2570 5820 29,
2601 5759 2968 5832 horarum,”
3008 5761 3204 5832 15/55,
3231 5763 3346 5832 sive
3377 5759 3604 5826 13,27',

2036 5832 2128 5885 16"
2146 5831 2217 5900 ιχ
2224 5830 2304 5885 11.
2340 5828 2645 5884 Octaeteris
2679 5844 2808 5884 vero
2833 5831 3042 5884 dierum
3072 5828 3212 5886 2926
3242 5831 3366 5900 1/2.

3294 5991 3372 6047 26
