4124 6400
513 418 612 474 811

1524 407 1864 465 APPENDIX
1898 409 1988 462 AD
2024 406 2294 462 EUSEBH
2333 401 2749 460 CHRONICON.

3643 393 3749 447 812

515 545 633 588 sam
664 546 759 603 per
785 544 959 584 annos
994 528 1095 584 160
1135 542 1277 592 unus
1311 526 1514 582 mensis
1571 525 1976 581 intercalarium
2007 539 2071 579 ex

2187 523 2314 590 πρὸς
2362 521 2458 584 τὰς
2507 519 2598 573 τοῦ
2653 518 2802 588 ἡλίου
2865 516 3041 587 ὧρας·
3093 516 3229 584 ὅπερ
3271 513 3385 564 ἐστὶ
3422 507 3651 603 μήνῖΔι*
3680 506 3751 603 ήν

517 619 1232 676 octaeteridibus-aufertur.
1263 615 1396 670 Nam
1445 631 1544 686 pro
1569 617 1745 671 tribus
1776 617 2075 679 mensibus,

517 714 610 784 qui
636 713 904 768 debebant
928 713 982 766 in
1017 711 1050 766 8
1096 710 1252 764 annis
1275 709 1382 780 agi,
1413 709 1522 765 duo
1573 717 1786 764 tantum
1846 709 2079 764 interca-

516 806 732 869 lantur;
785 812 844 857 ut
883 817 1076 856 rursus
1137 817 1322 856 mense
1367 801 1668 866 subtracto,
1705 802 1756 855 in
1799 800 2080 856 mensibus

517 904 572 948 et
603 894 796 950 diebus
847 899 1150 964 congruant
1191 893 1260 946 ad
1312 892 1522 958 lunam,
1550 892 1606 946 in
1661 892 1820 948 annis
1853 906 1982 948 vero
2013 891 2081 946 ad

521 986 715 1040 solem.

593 1158 743 1214 Talis
772 1173 897 1213 cum
918 1157 1061 1213 facta
1097 1166 1242 1214 esset
1270 1158 1563 1222 correctio,
1624 1174 1693 1213 ne
1747 1158 1827 1214 sic
1859 1157 2080 1228 quidem

520 1249 785 1320 contingit
823 1265 943 1304 eam
999 1264 1301 1319 congruere
1354 1249 1422 1303 ad
1451 1250 1857 1319 apparentiam;
1912 1258 2083 1305 totam

519 1343 665 1398 enim
694 1341 1024 1397 octaeterida
1071 1342 1297 1412 contigit
1352 1342 1629 1406 aberrare,
1673 1350 1727 1396 et
1779 1343 2082 1397 secundum

519 1449 760 1497 menses,
790 1442 844 1488 et
871 1432 1174 1488 secundum
1211 1432 1348 1497 dies,
1381 1441 1436 1488 et
1458 1433 1758 1488 secundum
1793 1437 2085 1490 intercala-

520 1537 611 1577 res
651 1537 886 1578 menses.
916 1519 1051 1574 Nam
1084 1527 1424 1575 menstruum
1452 1529 1667 1590 tempus
1718 1535 1827 1574 non
1855 1522 2084 1590 praecise

522 1622 797 1684 sumptum
831 1621 932 1668 est.
958 1611 1053 1668 Est
1085 1611 1230 1666 enim
1255 1619 1467 1682 tempus
1505 1620 1842 1666 menstruum
1863 1612 2085 1681 praecise

525 1714 801 1774 sumptum
852 1704 1062 1758 dierum
1105 1701 1194 1767 29,
1247 1703 1578 1758 minutorum
1638 1703 1935 1773 primorum
1978 1703 2113 1768 51’,’

523 1796 890 1852 secundorum
935 1794 1052 1858 40",
1093 1800 1148 1848 et
1177 1793 1454 1848 Iertiorum
1479 1793 1609 1859 50'",
1668 1804 1722 1848 et
1765 1801 2084 1864 quartorum

2181 612 2356 662 αἰτίαν
2404 609 2470 661 δι’
2499 607 2636 661 ὲτῶν
2671 607 2746 676 ρξ’
2777 599 2854 668 εἷς
2901 604 3005 675 μὴν
3035 603 3140 655 τῶν
3182 599 3490 671 ιμὸολίμων
3543 598 3606 648 ὲκ
3641 594 3750 646 τῶν

2180 700 2576 772 ὀκταετηρίδων
2626 699 2956 768 ὑφαιρεῖται.
3006 695 3148 748 Ἀντὶ
3189 692 3297 762 γὰρ
3323 689 3429 743 τῶν
3447 687 3612 759 τριῶν
3642 703 3739 757 μη-

2181 795 2285 847 νῶν
2307 793 2414 847 τῶν
2442 792 2761 861 ὀφειλόντων
2789 793 2844 842 ὲν
2873 792 2984 851 τοῖς
3009 795 3056 857 η’
3088 786 3260 839 ἔτεσιν
3283 781 3544 850 ἄγεσθαι,
3576 779 3620 849 β’
3658 779 3750 848 μό-

2182 904 2270 939 νον
2297 885 2684 956 ὲμϐάλλονται’
2737 883 2877 934 ὥστε
2915 881 3073 934 πάλιν
3121 879 3180 944 ἐξ
3217 875 3413 947 ἀρχῆς,
3454 873 3546 925 τοῦ
3585 870 3752 942 μηνδς

2184 975 2644 1047 ὑπξαιρεθέντος,
2665 971 2808 1026 κατὰ
2831 971 2928 1041 μὲν
2953 970 3078 1032 τοὺς
3103 969 3276 1038 μῆνας
3307 963 3516 1024 καὶτὰς
3539 961 3754 1031 ἡμέρας

2184 1071 2246 1139 τῇ
2268 1068 2462 1138 σελήνῃ
2479 1066 2800 1138 συμφωνεῖν,
2825 1062 2962 1118 κατὰ
2988 1062 3044 1115 δὲ
3061 1061 3184 1122 τοὺς
3211 1057 3486 1119 ἐνιαυτοὺς
3499 1056 3575 1124 τῷ
3593 1053 3749 1122 ἡλίῳ.

2254 1158 2518 1227 Τοιαύτης
2574 1156 2631 1208 δὲ
2690 1153 2981 1224 γινομένης
3031 1149 3386 1221 διορθώσεως,
3434 1147 3540 1199 οὐδ’
3581 1144 3752 1208 οὕτως

2187 1249 2471 1320 συμϐαίνει
2503 1249 2812 1319 συμφωνεῖν
2846 1245 2979 1316 πρδς
3007 1245 3068 1296 τὸ
3105 1243 3452 1311 φαινόμενον·
3485 1237 3612 1307 ὅλην
3643 1237 3755 1305 γάρ

2183 1341 2281 1412 τὴν
2328 1340 2685 1412 ὀκταετηρίδα
2711 1336 3112 1410 διημαρτῆσθαι
3156 1332 3468 1406 συμϐέϐηκε
3495 1333 3587 1384 καὶ
3614 1330 3756 1383 κατὰ

2185 1431 2310 1492 τοὺς
2363 1429 2557 1500 μῆνας,
2611 1427 2874 1480 καὶκατὰ
2912 1426 3006 1486 τὰς
3045 1424 3274 1495 ἡμέρας,
3323 1423 3419 1475 καὶ
3455 1420 3595 1474 κατὰ
3629 1420 3757 1482 τοὺς

2185 1517 2527 1588 ἐμϐολίμους.
2599 1519 2656 1584 Ὀ
2703 1517 2811 1588 γὰρ
2881 1517 3125 1586 μήνιαῖος
3167 1514 3355 1586 χρόνος
3382 1512 3481 1564 οὐκ
3513 1509 3755 1580 ἀκριϐῶς

2185 1609 2456 1678 εἴληπται.
2489 1611 2641 1662 Ἔστι
2673 1609 2781 1680 γὰρ
2807 1609 2836 1659 ὁ
2871 1609 3120 1678 μηνιαῖος
3147 1605 3333 1676 χρόνος
3370 1603 3480 1673 (40)
3511 1601 3756 1673 ἀκριϐῶς

2184 1700 2589 1771 λαμϐανόμενος
2643 1699 2862 1771 ἡμερῶν
2911 1697 3012 1762 xB‘,
3065 1697 3158 1750 καὶ
3192 1694 3422 1768 πρώτων
3451 1691 3756 1764 ἐξηκοστῶν

2184 1795 2286 1859 λα’,
2318 1795 2410 1847 καὶ
2431 1794 2697 1866 δευτέρων
2719 1801 2781 1857 ν’,
2808 1794 2901 1847 καὶ
2925 1791 3124 1864 τρίτων
3160 1790 3232 1862 η’,
3263 1791 3356 1844 καὶ
3377 1789 3648 1859 τετάρτων
3674 1795 3720 1839 κ’
3738 1805 3752 1818 ⁸

524 1887 650 1942 24""
686 1886 751 1938 ⁸⁸.
780 1884 1004 1954 Propter
1021 1886 1124 1940 hoc
1151 1891 1330 1939 autem
1351 1885 1619 1954 oportebit
1637 1885 1927 1955 aliquando
1947 1885 2000 1939 in
2019 1885 2083 1941 16

2187 1885 2274 1940 διὰ
2304 1886 2361 1939 δὲ
2385 1885 2542 1939 τοῦτο
2585 1887 2765 1956 δεήσει
2789 1887 2915 1938 ποτὲ
2941 1887 2997 1938 ὲν
3022 1886 3133 1947 τοῖς
3174 1890 3245 1948 ις’
3276 1883 3451 1935 ἐτεσιν
3503 1882 3623 1934 ἀντὶ
3648 1880 3756 1933 τῶν

521 1978 681 2034 annis
706 1992 806 2047 pro
835 1975 1252 2031 intercalaribus
1296 1974 1488 2031 diebus
1515 1974 1631 2032 dies
1654 1975 1689 2029 4
1737 1976 2070 2031 intercalari.

527 2067 680 2124 Unde
711 2082 822 2121 non
882 2073 1093 2136 oportet
1126 2065 1180 2119 in
1236 2065 1344 2118 ulla
1393 2064 1616 2134 periodo
1676 2080 1892 2122 menses
1920 2081 2084 2124 cavos

521 2175 682 2231 pares
731 2159 908 2230 plenis
961 2173 1120 2228 agere
1145 2174 1160 2224 ;
1211 2157 1308 2212 sed
1335 2156 1519 2226 plures
1545 2171 1666 2212 esse
1695 2157 1886 2227 plenos
1908 2159 2079 2216 cavis.

524 2249 581 2304 Si
602 2251 750 2304 enim
781 2256 1125 2304 menstruum
1158 2255 1373 2318 tempus
1417 2255 1628 2302 tantum
1685 2256 1834 2304 esset
1867 2249 2080 2305 dierum

519 2342 733 2412 291/2,
754 2349 1032 2412 oporteret
1059 2356 1219 2410 pares
1239 2354 1454 2396 menses
1492 2339 1681 2410 plenos
1709 2350 1764 2396 et
1787 2355 1952 2397 cavos
1971 2341 2080 2412 agi.

521 2431 677 2488 Nunc
693 2433 799 2502 22
819 2441 999 2487 autem
1032 2439 1117 2486 est
1144 2430 1408 2502 particula
1433 2429 1706 2485 sensibilis
1730 2429 1785 2485 in
1802 2439 2082 2487 menstruo

522 2526 788 2591 tempore,
849 2535 970 2590 qua:
1027 2519 1264 2589 complet
1317 2518 1570 2574 diurnam
1629 2521 2078 2591 magnitudinem.

591 2675 638 2714 ³ο
664 2673 789 2729 Haec
817 2688 941 2728 cum
981 2670 1168 2728 Grazco
1195 2685 1303 2727 non
1338 2669 1696 2727 concordant.

591 2829 700 2900 (40‘;
742 2829 908 2881 Ἐστι
956 2829 1065 2900 γὰρ
1103 2828 1135 2880 ὁ
1161 2823 1457 2900 ’μηῖιαῇος
1505 2825 1739 2900 χρόνος.
1789 2821 2080 2900 Mendosus

521 2894 611 2952 hic
643 2899 796 2954 locus
828 2904 911 2952 est
957 2894 1014 2950 in
1057 2897 1228 2952 cusis.
1263 2894 1645 2956 Scribendum,
1696 2900 1754 2947 ut
1779 2904 1864 2948 est
1904 2894 1959 2948 in
1989 2910 2083 2948 ve--

520 2968 644 3032 teri,
693 2969 788 3021 κού⁵
821 2965 1048 3038 πρώτων
1073 2964 1396 3038 ᾃὲξηκοστῶν
1433 2961 1535 3027 λα’,
1580 2962 1965 3038 καὶ-δευτέρων
2002 2969 2078 3038 v'_',

521 3039 614 3110 grai.
640 3039 835 3110 τρίτων
863 3033 962 3110 ἠθη,
1004 3036 1097 3110 καὶ
1124 3035 1421 3110 ᾏτετάρτων
1463 3039 1574 3110 κζ’-’ς,
1609 3033 1702 3102 qui
1751 3039 1835 3088 est
1862 3033 2083 3110 ’tpensis

524 3101 899 3188 Hipparclieus
931 3105 1074 3229 aBud
1123 3101 1469 3188 Ptolemaeum
1501 3104 1594 3157 lib.
1628 3101 1704 3166 iv,
1738 3117 1856 3182 cap.
1882 3101 1938 3166 2,
1972 3103 2086 3157 die-

524 3193 647 3229 rum
681 3178 891 3229 scilicet
923 3175 960 3228 2
1004 3217 1019 3229 .
1053 3173 1142 3229 12.
1173 3173 1278 3229 44'.
1307 3171 1391 3229 5'.
1421 3173 1554 3226 20'".
1598 3170 1864 3229 Quoniam
1907 3180 2086 3225 autem

522 3175 648 3231 ruiri
681 3178 891 3231 scilicet
923 3175 1019 3241 29,

522 3247 819 3302 astronomi
854 3253 1068 3300 veteres
1115 3246 1170 3297 in
1221 3241 1593 3307 subducendis
1632 3242 1938 3296 rationibus
1971 3241 2087 3296 suis

523 3316 878 3385 sexagesimis
924 3315 1391 3385 dierum__sa:pius
1442 3320 1691 3378 utuntur,
1721 3326 1888 3385 quam
1935 3311 2088 3385 horis

522 3380 889 3455 h‘or'arumque
945 3380 1499 3455 scrupulis;_contra
1548 3397 1710 3455 quam
1763 3381 1926 3455 h_od_i_e
1972 3380 2088 3455 ﬁeri

522 3457 686 3524 vulgo
723 3450 880 3518 solet,
908 3455 1063 3524 juvat
1084 3450 1160 3524 in
1183 3454 1420 3507 tironum
1455 3450 1691 3524 gratiam
1742 3450 1971 3524 tabellas
2000 3450 2089 3524 hic

521 3519 661 3580 dua's
714 3519 1006 3587 ascribere,
1052 3523 1251 3592 quibus
1294 3532 1403 3576 tam
1453 3519 1602 3592 Horae
1657 3534 1820 3589 quam
1870 3519 2090 3592 boraria

523 3596 780 3664 scrupula
822 3597 876 3649 in
907 3589 1117 3665 dierum
1154 3592 1424 3665 scrupula
1446 3591 1798 3662 redigantur;
1832 3604 1897 3643 ac
1921 3589 2089 3643 vicis-

521 3667 626 3720 sim
656 3662 850 3719 diurna
877 3664 1132 3732 scrupula
1164 3663 1220 3716 in
1250 3662 1465 3716 horaria
1486 3667 1789 3716 vertantur.

613 3774 819 3829 Tabula
851 3774 880 3829 Ι
904 3772 1254 3892 conversioni;
1284 3773 1648 3854 scrupulorum
1681 3772 1995 3826 diurnorum

1142 3859 1200 3892 ιη
1249 3859 1472 3892 wrarm.

1142 3859 1200 3896 tn
1233 3859 1472 3895 ηυγ-αντα.

532 3973 630 4064 ἓ·
771 4016 937 4068 ,ἑο
1379 4014 1490 4074 Ξά
1657 4009 1766 4074 ,εω
1845 4053 1858 4066 .
1933 4013 1982 4061 ,Ξ

521 4051 670 4100 πεέη
747 4073 784 4100 ω
842 4054 938 4100 13.5!
1073 4057 1183 4100 ’πω
1269 4059 1305 4100 ας
1391 4065 1489 4100 ειν-ε-
1670 4060 1766 4100 Ξε-
1823 4071 1859 4100 αι
1948 4065 1982 4100 1;

531 4055 670 4136 ss~
747 4055 938 4130 έεε
1073 4055 1183 4134 ss
1269 4059 1305 4120 ε
1379 4055 1490 4129 ξε
1657 4055 1859 4138 ·εὲε
1933 4055 2044 4126 se

531 4127 631 4198 εξ
733 4117 937 4198 ,Ξξὲ
1085 4123 1305 4198 ξεὲ
1391 4121 1488 4198 εξὲ
1669 4133 1860 4198 $2.2
1947 4128 2046 4198 iis

517 4173 631 4302 ἐξ
733 4173 937 4256 1:53
1081 4173 1504 4303 ggaga
1656 4173 2045 4299 ἐδίωξε

577 4385 605 4434 1
731 4384 764 4432 0
855 4383 918 4432 24
1102 4383 1158 4440 21
1288 4384 1320 4432 8
1411 4383 1472 4432 24
1658 4385 1717 4433 41
1816 4385 1876 4435 16
1969 4385 2031 4434 24

577 4445 920 4494 2048
1100 4445 1474 4493 22848
1661 4447 2031 4495 421648

578 4506 758 4556 5'1
855 4507 917 4554 12
1101 4507 1162 4554 25
1287 4505 1476 4554 912
1659 4507 2032 4558 451712

579 4612 613 4662 4
735 4611 920 4661 156
1105 4611 1166 4658 24
1287 4610 1474 4660 956
1662 4612 1876 4662 4417
1971 4613 2034 4662 56

580 4674 613 4724 5
734 4675 765 4720 2
889 4674 920 4720 0
1103 4674 1167 4720 25
1263 4673 1322 4720 10
1445 4672 1476 4721 0
1663 4674 1726 4722 45
1816 4675 1878 4723 18
2001 4675 2033 4722 0

579 4735 612 4783 6
733 4736 766 4782 2
857 4733 921 4780 24
1103 4733 1167 4782 26
1261 4733 1322 4782 10
1414 4733 1478 4782 24
1663 4733 1725 4782 46
1816 4735 1878 4783 18
1969 4735 2033 4783 24

579 4842 608 4889 7
734 4839 766 4888 2
857 4840 921 4889 48
1104 4841 1164 4888 27
1258 4839 1321 4888 10
1415 4841 1476 4890 48
1662 4833 1722 4888 47
1816 4840 1880 4888 18
1972 4840 2035 4888 48

578 4904 612 4950 8
735 4901 922 4949 512
1105 4901 1477 4951 281112
1661 4901 2036 4950 481912

578 4964 611 5010 9
736 4962 923 5010 556
1105 4962 1476 5012 291156
1662 4962 2036 5013 491956

555 5066 615 5115 10
737 5064 769 5113 4
891 5064 922 5112 0
1107 5065 1168 5114 50
1261 5065 1321 5115 12
1441 5068 1473 5116 0
1659 5067 1721 5117 50
1817 5067 1879 5116 20
2005 5067 2036 5117 0

553 5128 610 5178 11
737 5125 770 5173 4
861 5126 925 5173 24
1107 5127 1158 5174 51
1265 5129 1322 5176 12
1413 5129 1476 5177 24
1659 5129 1717 5177 $11
1807 5128 1877 5176 120
1973 5129 2038 5176 24

553 5189 616 5237 12
739 5187 771 5234 4
862 5187 924 5233 4-8
1109 5188 1169 5236 52
1263 5189 1321 5236 12
1416 5191 1476 5238 48
1661 5191 1722 5239 52
1815 5190 1878 5238 20
1975 5191 2035 5238 48

553 5291 615 5341 15
739 5291 771 5340 5
864 5290 926 5338 12
1108 5293 1169 5339 55
1265 5293 1324 5341 15
1417 5295 1480 5342 12
1664 5295 1724 5343 55
1819 5293 1876 5342 21
1976 5295 2037 5344 12

555 5354 618 5401 14
740 5353 772 5399 5
863 5351 926 5400 56
1108 5353 1171 5399 54
1264 5356 1322 5402 15
1417 5356 1480 5404 56
1664 5355 1727 5403 54
1819 5356 1876 5404 21
1973 5357 2036 5405 56

545 5414 619 5463 ’15
739 5413 772 5460 6
893 5412 925 5460 0
1107 5414 1172 5463 55
1263 5415 1326 5464 14
1447 5417 1479 5464 0
1664 5416 1726 5465 55
1819 5417 1881 5464 22
2004 5418 2036 5465 0

557 5520 619 5569 16
738 5517 772 5567 6
866 5515 930 5565 24
1109 5516 1172 5566 56
1269 5516 1330 5566 14
1419 5515 1483 5566 24
1669 5517 1732 5568 56
1823 5519 1885 5567 22
1975 5518 2038 5568 54

556 5578 929 5628 17648
1111 5579 1482 5628 571448
1667 5580 2037 5629 572248

558 5639 619 5689 18
741 5639 930 5689 712
1111 5639 1484 5690 581512
1668 5641 2038 5691 582512

559 5721 929 5795 19'756
1110 5744 1479 5797 591556
1664 5746 2037 5797 592356

561 5803 625 5851 20
744 5805 776 5852 8
856 5803 929 5856 ’0
1111 5807 1174 5856 40
1263 5806 1324 5855 16
1449 5807 1480 5856 0
1661 5809 1725 5858 60
1818 5806 1882 5858 24
2004 5808 2035 5857 0

1053 3173 1142 3237 12,
1173 3173 1278 3236 44',
1307 3171 1391 3245 51',
1421 3173 1554 3245 20'",
1598 3170 1864 3245 Quoniam
1907 3180 2088 3245 autem
2116 3186 2158 3245 ο

2187 1977 2496 2050 ὲμὸολίμων
2526 1979 2744 2050 ἡμερῶν
2765 2019 2779 2043 ,
2815 1979 2854 2032 δ’
2872 1976 3188 2045 ἐπάγεσθαι.
3221 1976 3381 2029 Ὅθεν
3412 1977 3470 2028 οὐ
3493 1975 3574 2027 δεῖ
3598 1975 3653 2026 ὲν
3673 1973 3757 2026 οὑ-

2186 2069 2348 2140 δεμιᾷ
2365 2070 2598 2141 περιόδῳ
2627 2071 2772 2134 ῐσους
2785 2069 2910 2133 τοὺς
2936 2069 3146 2132 κοίλους
3161 2069 3272 2129 τοῖς
3297 2067 3558 2137 πλήρεσιν
3579 2064 3752 2132 ἄγειν,

2181 2161 2318 2216 ἀλλὰ
2373 2162 2684 2227 πλεονάζειν
2717 2162 2843 2226 τοὺς
2895 2161 3123 2232 πλήρεις
3153 2159 3260 2212 τῶν
3299 2159 3513 2213 κοίλων.
3545 2158 3610 2211 Εἰ
3654 2157 3754 2226 μὲν

2181 2253 2332 2324 γὰρό
2354 2256 2600 2324 μηνιαῖος
2627 2254 2816 2325 χρόνος
2837 2254 2994 2324 μόνον
3014 2249 3080 2324 ἦν
3109 2251 3332 2324 ἡμερῶν
3356 2251 3434 2304 κθ¹
3456 2249 3582 2320 αίβ,
3610 2250 3756 2310 ἴσους

2183 2342 2293 2396 ἔδει
2316 2343 2444 2406 τοὺς
2477 2343 2703 2415 πλήρεις
2762 2344 3006 2406 καὶτοὺς
3045 2342 3252 2405 κοίλους
3297 2342 3470 2416 μῆνας
3495 2339 3749 2408 ἄγεσθαι·

2181 2434 2298 2487 νυνὶ
2318 2435 2375 2488 δέ
2405 2436 2518 2489 ἐστι
2541 2436 2725 2507 μόριον
2771 2434 3027 2505 αἰσθητὸν
3053 2435 3110 2486 ὲν
3137 2431 3214 2502 τῷ
3244 2431 3478 2502 μηνιαίῳ
3499 2430 3699 2501 χρόνῳ,
3725 2427 3756 2480 δ

2185 2527 2495 2599 συμπληροῖ
2531 2529 2826 2599 ἡμερήσιον
2883 2525 3127 2599 μέγεθος.
3165 2527 3239 2577 Δι’
3265 2524 3331 2595 ήν
3374 2523 3552 2577 αἰτίαν
3577 2521 3755 2590 δεήσει

2189 2824 2397 2881 Tabula
2461 2825 2546 2887 11,
2587 2830 2936 2883 conversionis
2979 2830 3229 2884 horarum
3299 2841 3349 2884 et
3392 2831 3756 2898 scrupulorum

2522 2898 2798 2953 horarium
2829 2902 2883 2953 in
2910 2899 3103 2955 diurna
3143 2905 3412 2970 scrupulo.

2201 3034 2237 3096 Ε
2263 3046 2300 3108 ειζ
2637 3059 2640 3062 ·

2189 3096 2300 3192 ἕξ
2385 3081 2485 3192 gs
2710 3115 2834 3192 ss
2997 3084 3097 3192 ἓξ
3321 3120 3446 3192 sa
3584 3085 3684 3192 ἓξ

2201 3248 2300 3344 ἐξ
2370 3248 2484 3344 ἐξ
2707 3248 2820 3321 ἓθ
2980 3248 3095 3344 ἐξ
3323 3249 3434 3322 ἐξ
3569 3248 3682 3344 ἐξ

2187 3325 2421 3422 gara
2980 3325 3088 3358 ω’
3569 3330 3619 3360 ω

2423 3484 2522 3513 θη
2939 3487 3138 3516 tum
3560 3492 3762 3514 rum

2253 3554 2278 3603 1
2402 3553 2526 3602 250
2739 3553 2802 3600 25
2923 3549 2948 3601 1
3015 3551 3140 3602 250
3355 3554 3416 3602 49
3541 3554 3764 3602 2250

2250 3614 2527 3663 250
2740 3613 3142 3663 26150
3355 3615 3417 3665 50
3545 3615 3764 3664 250

2247 3675 2279 3723 5
2403 3675 2528 3724 750
2741 3675 2800 3722 27
2928 3675 3145 3726 1750
3355 3677 3412 3726 51
3543 3675 3764 3725 2750

2250 3775 2528 3826 4100
2741 3775 2804 3824 28
2927 3775 3144 3826 1100
3358 3779 3420 3826 52
3543 3777 3766 3826 2100

2251 3838 2282 3887 5
2375 3838 2437 3888 12
2467 3837 2530 3886 50
2741 3836 2805 3884 29
2927 3836 2951 3884 1
2989 3837 3050 3886 12
3083 3839 3144 3887 50
3358 3840 3420 3888 55
3545 3839 3576 3885 2
3607 3839 3668 3886 12
3701 3838 3765 3885 50

2251 3898 2530 3948 6150
2743 3898 2803 3945 50
2927 3898 3144 3948 1150
3359 3901 3421 3948 54
3543 3898 3765 3948 2150

2252 4004 2282 4052 7
2379 4004 2435 4052 17
2468 4003 2530 4052 50
2742 4003 2797 4052 51
2927 4002 2952 4052 1
2989 4004 3047 4053 17
3083 4003 3144 4053 50
3358 4005 3420 4055 55
3545 4004 3577 4054 2
3609 4004 3666 4052 17
3700 4005 3765 4053 50

2252 4065 2284 4112 8
2375 4064 2530 4113 200
2743 4065 2805 4113 52
2928 4063 3145 4113 1200
3359 4067 3422 4114 56
3545 4065 3765 4116 2200

2251 4125 2284 4174 9
2375 4127 2438 4173 22
2469 4127 2530 4174 50
2745 4126 2806 4174 55
2928 4124 2953 4173 1
2992 4127 3052 4174 22
3082 4125 3145 4175 50
3359 4127 3418 4176 57
3547 4127 3576 4174 2
3609 4126 3670 4173 22
3698 4126 3764 4173 50

2224 4229 2284 4280 10
2376 4229 2532 4279 250
2745 4230 2806 4278 54
2933 4230 3146 4279 1250
3358 4231 3419 4280 58
3543 4227 3764 4277 2250

2225 4292 2280 4339 11
2378 4292 2438 4339 27
2471 4290 2532 4339 50
2745 4292 2808 4338 55
2932 4283 2956 4339 1
2994 4293 3050 4339 27
3082 4291 3145 4341 50
3357 4291 3440 4339 59⁸
3543 4291 3574 4338 2
3608 4290 3665 4336 27
3698 4287 3765 4335 50

2226 4353 2286 4402 12
2378 4351 2533 4401 500
2745 4351 2808 4400 56
2930 4351 3213 4401 1500¹
3359 4351 3423 4401 60
3545 4349 3766 4400 2500

2226 4451 2286 4502 15
2378 4453 2438 4500 52
2470 4452 2530 4500 50
2744 4452 2803 4500 57
2931 4451 2955 4500 1
2991 4453 3054 4501 52
3085 4451 3147 4503 50

2230 4513 2288 4562 14
2380 4514 2532 4563 550
2743 4512 2806 4560 58
2930 4511 3146 4562 1550

2227 4574 2289 4623 ιδ
2361 4576 2437 4646 ,εγ
2472 4575 2533 4623 so
2744 4573 2807 4622 59
2928 4573 2953 4622 1
2990 4575 3049 4622 δ’(
3081 4575 3146 4624 so

2227 4680 2287 4728 16
2378 4679 2440 4727 40
2501 4677 2532 4726 0
2743 4675 2809 4729 40
2935 4679 3056 4729 140
3115 4679 3148 4728 0

2228 4741 2285 4790 17
2379 4741 2441 4788 42
2472 4740 2533 4789 50
2747 4741 2802 4792 41
2935 4741 2957 4790 1
2995 4739 3057 4787 42
3087 4740 3149 4788 50

2229 4803 2288 4852 18
2380 4802 2534 4851 450
2748 4803 2810 4853 42
2935 4801 3148 4850 1450

2228 4903 2289 4954 19
2379 4903 2439 4952 47
2471 4905 2532 4953 50
2748 4907 2807 4956 45
2931 4906 2956 4953 1
2993 4905 3052 4954 47
3085 4906 3148 4956 50

2227 4965 2532 5014 20500
2746 4968 2810 5015 44
2930 4967 3148 5016 1500

2194 5025 2283 5089 ,ει
2381 5026 2532 5090 δελδο
2747 5028 2809 5078 ιδ
2930 5028 2956 5077 1
2994 5029 3054 5078 δε
3084 5028 3147 5077 so

2227 5129 2289 5177 22
2381 5129 2534 5180 550
2719 5113 3150 5180 ’16'1550

2228 5191 2289 5237 25
2382 5191 2440 5240 57
2473 5190 2535 5240 50
2752 5193 2808 5240 47
2939 5194 2957 5241 1
2995 5192 3054 5241 57
3087 5193 3150 5240 50

2197 5252 2535 5314 ,ειοοο
2749 5253 3150 5302 48200

2268 5378 2552 5451 Methodus
2580 5382 2867 5451 utriusque
2883 5380 3083 5436 tabula:
3107 5387 3192 5436 est
3224 5381 3515 5449 ejusmodi.
3556 5380 3770 5451 Propo-

2199 5450 2316 5505 sita:
2359 5450 2998 5520 diurnaeisexagesimaa,
3030 5459 3085 5505 et
3138 5452 3193 5504 in
3247 5451 3411 5506 horas
3463 5450 3769 5518 earumque

2199 5521 2455 5588 scrupula
2514 5519 2819 5590 redigendae
2881 5529 3196 5588 quaerantur
3249 5521 3304 5575 in
3374 5522 3550 5590 primo
3605 5537 3774 5577 versu

2197 5591 2397 5660 prioris
2450 5591 2681 5652 tabulae,
2732 5591 2891 5658 eique
2938 5590 3331 5660 respondentes
3373 5591 3544 5654 horae,
3595 5591 3768 5644 hora-

2198 5658 2429 5728 rumque
2479 5673 2758 5729 sexagenae
2800 5658 3080 5714 notentur.
3132 5658 3201 5713 Ut
3241 5663 3286 5714 si
3326 5661 3456 5714 libet
3491 5661 3774 5729 inquirere

2199 5736 2332 5798 quot
2360 5730 2470 5783 sint
2514 5729 2772 5799 scrupula
2825 5729 3032 5784 dierum
3072 5730 3175 5793 51',
3228 5731 3344 5792 50",
3399 5730 3503 5793 8'",
3542 5729 3680 5785 20""
3713 5731 3775 5783 in

2201 5799 2365 5856 horas
2407 5799 2669 5865 resoluta,
2719 5811 3036 5869 quaerantur
3062 5814 3127 5856 ea
3157 5799 3473 5869 singillatim
3504 5801 3563 5858 in
3590 5801 3774 5872 primo
