4116 6400
363 418 473 488 815

1369 402 1715 464 APPENDIX
1754 400 1848 458 AD
1885 394 2162 457 EUSEBII
2196 388 2618 454 CHRONICON.

368 538 636 598 contineri
668 534 787 591 dies
807 531 971 596 6910,
1004 544 1222 587 menses
1249 542 1380 584 vero
1402 525 1512 581 255
1539 538 1664 580 cum
1698 497 1937 577 intereas

2067 516 2437 590 Ιαρετὴρησαν
2466 509 2576 584 γὰρ
2609 510 2667 563 ἐν
2699 508 2810 570 τοῖς
2848 504 2911 559 ιθ¹
2941 503 3085 559 ἔτεσι
3119 498 3465 574 περιέχεσθαι
3492 497 3631 569 ἡμέ-

367 630 582 686 laribus
607 625 912 682 mensibus.
940 623 1191 692 Aguntur
1216 626 1397 674 autem
1421 618 1479 671 in
1502 616 1564 671 l9
1595 614 1756 671 annis
1786 628 1941 668 men-

368 736 461 779 ses
510 716 869 774 intercalares
925 721 1154 783 septem.
1190 711 1384 765 Annus
1436 707 1604 778 igitur
1639 704 1941 761 secundum

367 828 465 870 eos
502 811 564 865 ﬁt
602 809 817 865 dierum
847 805 953 863 565
990 803 1153 876 5/19.
1204 800 1266 857 ln
1303 800 1587 856 mensibus
1626 803 1809 852 autem
1835 792 1944 849 255

368 918 537 961 cavos
567 906 873 974 posuerunt
903 897 1027 961 HO,
1058 897 1250 967 plenos
1282 907 1412 949 vero
1439 891 1563 946 125.
1601 888 1789 960 Itaque
1831 901 1945 941 non

372 997 556 1069 agitur
590 1011 733 1051 unus
754 1000 878 1065 post
908 992 1138 1047 alterum
1170 1003 1338 1043 cavus
1370 992 1427 1042 et
1455 986 1676 1056 plenus,
1737 981 1833 1039 sed
1860 980 1947 1034 in-

372 1088 587 1146 terdum
611 1101 832 1158 quoque
858 1083 966 1139 duo
994 1081 1138 1153 pleni
1177 1078 1598 1135 continuantur.
1638 1073 1754 1129 Hoc
1799 1072 1948 1128 enim

373 1189 573 1239 natura
613 1181 670 1235 in
695 1174 1033 1249 apparentiis
1083 1171 1323 1226 admittit
1359 1169 1429 1224 ad
1467 1169 1610 1222 lunae
1649 1165 1945 1229 rationem,

374 1271 524 1344 qpod
549 1270 607 1325 in
639 1264 969 1324 octaeteride
994 1278 1102 1317 non
1130 1262 1327 1316 inerat.
1366 1260 1428 1315 In
1451 1257 1559 1314 235
1588 1264 1770 1311 autem
1794 1270 1952 1309 men-

375 1363 532 1420 sibus
548 1375 714 1416 cavos
745 1363 1054 1429 posuerunt
1092 1352 1198 1409 uo
1228 1359 1450 1423 propter
1511 1350 1655 1404 banc
1703 1360 1946 1403 causam.

375 1455 513 1511 Cum
547 1465 767 1507 menses
795 1454 1031 1519 agantur
1053 1444 1162 1500 235
1185 1445 1241 1499 in
1263 1443 1330 1499 i9
1350 1442 1530 1506 anuis,
1555 1441 1829 1495 tinxerunt
1851 1438 1951 1492 hos

376 1561 569 1605 omnes
606 1544 676 1600 50
714 1542 963 1606 dierum;
996 1546 1051 1595 et
1083 1537 1416 1607 colliguntur
1437 1535 1556 1591 dies
1587 1532 1745 1587 7050.
1779 1529 1954 1605 Opor—

376 1640 529 1695 tebat
571 1643 759 1692 autem
803 1631 914 1688 dici
959 1630 1064 1684 110
1121 1642 1308 1691 cavos,
1343 1640 1506 1697 quam
1538 1624 1610 1680 ob
1631 1636 1856 1678 causam
1896 1619 1955 1673 in

378 1728 607 1802 periodo
630 1721 1119 1783 decemnovennali
1152 1721 1270 1777 dies
1328 1718 1465 1773 ﬁunt
1516 1715 1822 1773 secundum
1866 1713 1955 1768 lu-

379 1837 510 1880 nam
549 1819 712 1876 6910.
734 1816 876 1874 Cum
933 1816 1102 1888 igitur
1134 1828 1328 1870 omnes
1362 1825 1583 1867 menses
1636 1808 1706 1864 50
1738 1807 1954 1863 dierum

2046 624 2147 681 ρας
2167 607 2349 676 ,ςνρμκ
2383 604 2558 675 μῆνας
2590 600 2647 653 δὲ
2672 598 2779 652 σλε⁹
2808 598 2907 651 σὺν
2927 597 3040 658 τοῖς
3059 592 3399 665 ἐμϐολίμοις.
3437 589 3632 658 ’Δγον-

2042 716 2132 754 ται
2156 698 2214 751 δέ
2235 699 2294 751 ἐν
2326 698 2439 759 τοῖς
2470 692 2535 747 ιθ¹
2559 691 2702 746 ἐτεσι
2721 690 2889 762 μῆνες
2908 686 3195 760 ἐμϐόλιμοι
3228 681 3390 738 ἑπτά.
3419 681 3634 734 Γίνεται

2042 786 2139 845 οὖν
2165 791 2195 844 ὀ
2222 786 2469 850 ἐνιαυτὸς
2501 784 2624 840 κατ’
2657 777 3093 853 αὐτοὺςὴμερῶν
3124 773 3232 841 τξε⁹
3260 775 3357 829 καὶ
3385 780 3425 826 ε’
3454 774 3637 825 ἐννεα-

2049 881 2410 938 καιδεκάτων.
2452 878 2542 931 Ἐν
2564 876 2622 930 δὲ
2651 877 2764 938 τοῖς
2782 873 2885 926 σλε¹
2917 871 3050 943 μησὶ
3070 869 3285 931 κοίλους
3317 865 3514 931 ἔταξαν
3547 868 3634 935 ρι’,

2048 975 2282 1047 πλήρεις
2309 972 2367 1026 δέ
2398 968 2510 1045 ρκε¹
2535 986 2550 1001 ο
2573 968 2715 1022 ὥστε
2747 966 2821 1038 μὴ
2847 962 3080 1033 ἄγεσθαι
3107 962 3205 1015 ἕνα
3228 959 3324 1013 καὶ
3349 958 3447 1011 ἕνα
3462 955 3638 1009 κοῖλον

2048 1069 2144 1123 καὶ
2166 1066 2369 1140 πλήρη,
2403 1062 2540 1119 ἀλλὰ
2581 1061 2676 1115 καὶ
2730 1059 2773 1130 β’
2802 1057 2933 1113 ποτέ
2956 1053 3101 1111 κατὰ
3129 1051 3190 1107 τὸ
3230 1050 3359 1123 ἑξῆς
3389 1048 3636 1119 πλήρεις.

2048 1161 2221 1217 Τοῦτο
2244 1159 2355 1232 γὰρ
2403 1159 2439 1228 ἡ
2484 1154 2648 1225 φύσις
2698 1152 2790 1206 ἐπὶ
2817 1151 2925 1205 τῶν
2946 1145 3287 1219 φαινομένων
3331 1141 3641 1211 ἐπιδέχεται

2049 1254 2187 1326 πρὸς
2209 1252 2300 1308 τὸν
2325 1231 2430 1320 τῆς
2463 1247 2690 1319 σελήνης
2721 1242 2879 1312 λόγον
2898 1259 2911 1272 °
2945 1242 3083 1311 ὅπερ
3108 1241 3166 1293 ἐν
3191 1240 3259 1309 τῇ
3297 1231 3640 1303 ὀκταετηρίδι

2051 1322 2151 1400 ούκ
2172 1345 2318 1417 ἐνῆν.
2355 1343 2444 1396 Ἐν
2475 1340 2532 1394 δὲ
2553 1341 2667 1402 τοῖς
2694 1336 2799 1390 σλε¹
2842 1335 2977 1407 μησὶ
3003 1331 3220 1394 κοίλους
3256 1326 3452 1393 ἔταξαν
3479 1323 3547 1394 ρι’
3573 1322 3644 1378 δι’

2053 1439 2232 1495 αἰτίαν
2257 1415 2539 1506 τοιαύτην.
2569 1432 2720 1486 Ἐπεὶ
2755 1428 2922 1501 μῆνες
2953 1426 3174 1495 ἄγονται
3200 1422 3305 1476 σλε¹
3337 1422 3397 1475 ἐν
3438 1421 3551 1483 τοῖς
3579 1415 3644 1470 ιθ⁹

2054 1531 2249 1595 ἔτεσιν,
2288 1528 2667 1597 ὑπεστήσαντο
2694 1520 2919 1583 τούτους
2953 1517 3200 1578 ἅπαντας
3247 1506 3647 1584 τριακονθημέ-

2059 1639 2185 1694 ρους
2205 1639 2218 1652 ·
2261 1620 2359 1674 καὶ
2392 1617 2715 1686 συνάγονται
2746 1611 2953 1683 ἡμέραι
2988 1607 3098 1673 ,ζν¹.
3132 1605 3279 1660 Ἔδει
3311 1604 3369 1657 δὲ
3391 1600 3646 1671 λέγεσθαι

2061 1690 2126 1788 ρι’
2150 1711 2384 1774 κοίλους,
2447 1708 2515 1763 διῗ
2564 1707 2632 1779 ἢν
2683 1704 2864 1758 αἰτίαν
2925 1703 2993 1773 τῇ
3053 1690 3646 1764 ἐννεακαιδεκαετηρίδι

2058 1783 2263 1875 ἡμέραι
2313 1798 2552 1869 γίνονται
2601 1794 2744 1850 κατὰ
2773 1791 3004 1862 σελήνην
3034 1786 3214 1859 πῶμ’.
3257 1783 3650 1848 Πλεονάζουσιν

381 1874 640 1985 aguntur,
668 1874 790 1966 dies
816 1874 1251 1977 7050vsuperant
1279 1904 1400 1959 dies
1426 1901 1587 1965 6940,
1623 1900 1817 1955 diebus
1835 1896 1957 1953 HO.

2067 1874 2181 1962 οὖν,
2205 1888 2687 1968 τριακονθημέρων
2731 1884 3015 1957 ἀγομένων
3047 1882 3264 1935 πάντων
3296 1876 3407 1930 τῶν
3442 1874 3651 1985 μηνῶνζ

381 2004 567 2073 Quare
594 2003 696 2061 110
727 2017 945 2059 menses
968 2000 1235 2070 colligunt
1272 2012 1462 2060 cavos,
1500 2002 1560 2048 ut
1598 1992 1655 2047 in
1674 1992 1782 2047 2'55
1807 2006 1962 2046 men-

385 2098 543 2153 sibus
597 2095 979 2165 compleantur
1034 2093 1153 2147 dies
1184 2086 1397 2160 periodi
1447 2082 1963 2141 decemnovennalis

385 2188 568 2256 6940;
609 2195 692 2251 ut,
722 2192 988 2257 quantum
1029 2182 1253 2249 licebat,
1287 2179 1527 2235 maxime
1556 2192 1624 2233 ex
1651 2189 1809 2246 aequo
1849 2175 1965 2230 die-

384 2292 513 2334 rum
558 2275 935 2346 exemptilium
983 2270 1394 2328 administratio
1434 2269 1612 2332 ﬁeret,
1659 2266 1968 2322 diviserunt

386 2369 531 2427 0940
547 2369 666 2426 dies
694 2370 750 2423 in
783 2367 908 2422 “0.
939 2365 1107 2420 Fiunt
1138 2364 1306 2436 igitur
1334 2364 1452 2418 dies
1477 2361 1569 2416 05.
1591 2359 1697 2415 Per
1725 2359 1844 2416 dies
1867 2357 1965 2429 igi-

391 2474 485 2520 tur
518 2460 590 2517 6’5
614 2467 831 2532 oportet
868 2473 1037 2512 unum
1094 2454 1445 2525 exemptilem
1500 2451 1683 2506 facere
1728 2450 1871 2506 diem
1912 2449 1969 2503 in

388 2554 587 2611 eadem
617 2550 865 2624 periodo.
906 2548 1093 2619 Neque
1128 2561 1348 2617 semper
1385 2545 1444 2599 ﬁt
1490 2542 1799 2614 exemptilis
1850 2540 1969 2597 dies

396 2644 739 2708 tricesimus,
763 2641 857 2698 sed
889 2641 957 2708 is,
985 2639 1080 2711 qui
1108 2647 1232 2709 post
1259 2636 1331 2692 65
1356 2636 1475 2691 dies
1501 2634 1671 2700 cadit,
1703 2631 1966 2703 exempti-

389 2737 461 2794 lis
486 2735 712 2792 dicitur.
767 2730 830 2787 In
889 2732 994 2787 hac
1038 2730 1265 2801 periodo
1307 2726 1568 2781 videntur
1600 2737 1820 2780 menses
1848 2720 1975 2792 pul-

390 2830 527 2886 chre
557 2825 783 2897 sumpti,
804 2831 859 2880 et
888 2820 1246 2878 intercalares
1281 2819 1362 2875 sic
1392 2814 1655 2879 ordinati,
1680 2822 1742 2869 ut
1772 2811 1840 2867 ad
1866 2827 1970 2884 ap-

391 2918 675 2992 parentias
704 2922 1029 2985 congruant.
1065 2911 1306 2982 Tempus
1329 2922 1462 2966 vero
1523 2920 1766 2962 annuum
1805 2917 1975 2974 appa-

391 3010 587 3067 rentiis
619 3020 927 3078 congruum
965 3009 1245 3075 sumptum
1294 3006 1399 3057 est.
1452 2997 1590 3053 Nam
1629 3004 1848 3065 tempus
1875 3008 1976 3048 an-

392 3113 564 3156 nuum
629 3112 697 3153 ex
749 3095 1002 3166 pluribus
1069 3090 1232 3146 annis
1292 3089 1645 3145 observatum
1694 3082 1970 3155 congruit,

394 3191 545 3267 quod
570 3191 644 3247 sit
674 3189 887 3245 dierum
931 3184 1038 3241 565
1070 3183 1194 3256 1/4.
1230 3182 1301 3238 At
1330 3198 1511 3238 annus
1533 3195 1601 3234 ex
1626 3177 1970 3235 enneadeca-

394 3281 603 3342 eteride
635 3281 898 3338 collectus
919 3284 1139 3333 constat
1158 3276 1351 3332 diebus
1366 3274 1471 3329 565
1488 3271 1649 3346 5/19,
1667 3271 1760 3343 qui
1780 3285 1975 3326 nume-

397 3392 493 3434 rus
526 3387 818 3431 numerum
838 3370 945 3427 565
964 3369 1087 3442 ιχι,
1117 3374 1344 3439 superat
1362 3366 1524 3438 ιβιδ.
1550 3365 1727 3432 Quam
1749 3363 1821 3419 ob
1842 3377 1976 3418 cau-

398 3483 517 3526 sam
545 3465 808 3538 Ca’lippus
833 3478 960 3520 cum
995 3461 1112 3519 suis
1135 3467 1496 3516 correxerunt
1523 3472 1814 3515 excessum
1843 3457 1975 3525 diei,

397 3569 454 3614 et
481 3556 890 3613 constituerunt
918 3549 1204 3623 periodum
1258 3547 1329 3602 76
1372 3561 1666 3611 annorum,
1714 3552 1978 3600 constan-

398 3657 511 3703 tem
540 3662 609 3703 ex
650 3652 891 3718 Quatuor
960 3639 1575 3705 decemnovennalibus,
1620 3650 1744 3707 qua:
1794 3634 1978 3692 conti-

398 3748 534 3797 nent
575 3752 796 3795 menses
842 3734 1068 3806 quidem
1121 3732 1249 3795 940,
1308 3746 1340 3788 e
1384 3731 1586 3802 quibus
1618 3729 1979 3784 intercalares

398 3826 493 3894 28,
529 3825 649 3883 dies
677 3839 810 3893 vero
838 3821 1101 3879 22759".
1132 3819 1338 3877 Ordine
1382 3827 1564 3876 autem
1597 3818 1871 3875 mensium
1902 3818 1981 3873 in-

401 3917 758 3976 tercalarium
789 3914 958 3973 simili
1007 3922 1137 3970 sunt
1174 3914 1280 3971 usi.
1331 3911 1412 3968 Ac
1464 3911 1682 3968 videtur
1732 3910 1980 3967 omnium

401 4010 644 4066 maxime
698 4005 891 4064 eadem
949 4006 1216 4079 periodus
1281 4005 1352 4061 ad
1429 4002 1783 4076 apparentias
1838 4017 1978 4059 con-

403 4113 624 4172 gruere.

987 4370 1379 4482 éAPU'LVll.

782 4523 869 4581 De
900 4525 1041 4581 lunae
1074 4525 1597 4595 illuminatt'onibus.

480 4642 631 4698 Luna
654 4655 686 4697 a
714 4642 832 4697 sole
853 4636 1224 4709 illuminatur,
1266 4657 1484 4714 semper
1508 4638 1659 4699 enim
1684 4644 1980 4714 splenden-

2064 1991 2123 2043 αί
2145 1960 2459 2059 ,ξω-ἡμέραι
2634 1976 2794 2051 ,ςῖρμ’
2824 1974 3047 2049 ἡμερῶν
3083 1972 3300 2045 ἡμέρας
3350 1975 3436 2042 ρι’.
3466 1968 3558 2021 Διὸ
3585 1960 3654 2038 ρι’

2064 2081 2246 2157 μῆνας
2276 2076 2570 2146 συνάγουσι
2609 2071 2847 2137 κοίλους,
2883 2070 2970 2122 ἵνα
2990 2069 3047 2120 ὲν
3069 2068 3182 2130 τοῖς
3200 2065 3305 2118 σλε¹
3341 2061 3478 2134 μησὶ
3508 2076 3650 2130 συμ-

2066 2154 2430 2246 πληρωθῶσιν
2488 2170 2546 2223 αἱ
2593 2167 2694 2238 τῆς
2746 2158 3381 2232 ἐννεακαιδεκαετηρίδος
3446 2154 3654 2228 ἡμέραι

2068 2269 2247 2337 ,ςῇμη
2265 2263 2421 2329 Eva”,
2446 2261 2521 2326 ὡς
2537 2259 2832 2331 ἐνδέχεται,
2859 2255 3091 2329 μάλιστα
3107 2254 3172 2307 δι’
3195 2252 3310 2306 τσου
3324 2252 3358 2321 ἡ
3377 2249 3486 2303 τῶν
3508 2249 3656 2315 ἐξαισ-

2072 2356 2306 2429 ρεσίμων
2337 2351 2561 2425 ἡμερῶν
2588 2350 2812 2420 γένηται
2842 2343 3216 2420 πραγματεία,
3250 2342 3514 2415 ἐμέρισαν
3556 2340 3657 2402 τὰς

2069 2429 2492 2519 ,ςὲμίὴμέρας
2535 2442 2616 2506 είς
2667 2447 2755 2513 ρι’.
2790 2439 3040 2493 Γίνονται
3070 2431 3163 2491 οὖν
3205 2434 3411 2507 ἡμέραι
3448 2430 3547 2502 ξγθ.
3576 2430 3658 2484 Δι’

2067 2534 2294 2609 ἡμερῶν
2323 2534 2433 2605 ἄρα
2468 2531 2581 2603 (42)
2633 2529 2714 2599 ξγ⁹
2743 2527 3091 2601 ἐξαιρέσιμον
3129 2525 3228 2598 τὴν
3256 2524 3468 2597 ἡμέραν
3502 2522 3683 2593 ἄγειν·

2069 2626 2232 2680 δείυὲν
2262 2624 2401 2696 αὐτῇ
2430 2625 2498 2695 τῇ
2544 2620 2803 2692 περιόδῳ.
2833 2619 2971 2674 Ούδέ
3012 2617 3223 2687 γίνεται
3250 2613 3598 2685 ἐξαιρέσιμος
3621 2613 3658 2683 ἡ

2070 2716 2305 2788 τριακὰς
2346 2712 2437 2768 διὰ
2477 2710 2701 2776 παντὸς,
2737 2708 2855 2765 ἀλλ’
2882 2709 2917 2779 ἡ
2948 2705 3038 2760 διὰ
3073 2705 3182 2760 τῶν
3213 2704 3288 2773 ξγ⁷
3312 2701 3537 2775 ἡμερῶν
3566 2701 3660 2754 πί-

2071 2828 2283 2866 πτουσα
2300 2808 2647 2881 ἐξαιρέσιμος
2661 2805 2901 2874 λέγεται.
2939 2803 3029 2856 Ἑν
3049 2800 3107 2855 δὲ
3138 2802 3205 2873 τῇ
3235 2797 3468 2870 περιόδῳ
3486 2793 3662 2865 ταύτῃ

2071 2900 2319 2956 δοκοῦσιν
2351 2902 2400 2953 οἱ
2434 2900 2531 2972 μὲν
2569 2898 2736 2970 μῆνες
2769 2894 2951 2959 καλῶς
2983 2891 3257 2965 εἰλῆφθαι,
3299 2890 3392 2944 καὶ
3423 2890 3472 2942 οἱ
3499 2886 3662 2959 ἐμϐό-

2074 2994 2225 3066 λιμοι
2260 2991 2569 3065 συμφώνως
2593 2994 2707 3054 τοῖς
2735 2987 3081 3060 φαινομένοις
3111 2981 3482 3055 διατετάχθαι,
3526 2980 3584 3033 Ὀ
3605 2978 3663 3032 δὲ

2078 3087 2350 3151 ἐνιαύσιος
2406 3085 2596 3158 χρόνος
2629 3083 2919 3155 σύμφωνος
2958 3081 3025 3113 ³⁸*
3059 3079 3312 3151 εἴληπται
3338 3079 3452 3139 τοῖς
3481 3088 3663 3145 φαινο-

2084 3178 2283 3251 μένοις.
2321 3177 2379 3231 '0
2442 3176 2553 3248 γὰρ
2601 3174 2871 3237 ἐνιαύσιος
2918 3171 3108 3244 χρόνος
3135 3172 3199 3225 ἐκ
3234 3169 3495 3222 πλειόνων
3529 3163 3665 3218 ἐτῶν

2076 3268 2595 3343 παρατετηρημένπ
2622 3262 3078 3338 συμπεφώνηκεν,
3131 3262 3212 3316 ὅτι
3258 3261 3404 3314 ἐστὶν
3441 3256 3667 3330 ἡμερῶν

2075 3329 2182 3431 τξέθ
2214 3329 2451 3434 αίβ.“”δ
2478 3360 2535 3414 δέ
2565 3329 2630 3414 ἐκ
2664 3329 2765 3429 τῆς
2804 3329 3340 3426 ἐννεαδεκαετηρίδος
3367 3329 3667 3422 συναγόμε-
3697 3329 3709 3345 ’

2077 3473 2166 3521 νος
2195 3453 2440 3518 ἐνιαυτός
2472 3455 2620 3506 ἐστιν
2648 3450 2870 3523 ἡμερῶν
2902 3449 3029 3517 τξεν,
3078 3444 3573 3503 ἐννεακαιδεκάτων
3600 3448 3662 3497 ε’.

2077 3546 2440 3613 Πλεονάζουσι
2485 3545 2542 3599 δὲ
2570 3538 2733 3599 αὗται
2768 3543 2875 3597 τῶν
2901 3543 3006 3607 τξε¹
3044 3541 3144 3609 αίδ
3181 3539 3393 3612 ἡμέρας
3437 3536 3668 3608 ἑϐδομη-

2078 3639 2374 3711 κονθέκτῳ.
2405 3639 2482 3691 Δι’
2498 3637 2565 3709 ἢν
2596 3636 2774 3691 αἰτίαν
2813 3636 2864 3690 οἱ
2905 3635 3033 3708 περὶ
3065 3632 3350 3688 Κάλιππον
3388 3630 3669 3702 γενόμενοι

2078 3731 2396 3803 ἀστρολόγοι
2433 3727 2813 3801 διωρθώσαντο
2871 3725 2934 3780 τὸ
2965 3723 3260 3788 πλεονάζον
3293 3725 3394 3794 τῆς
3435 3722 3670 3793 ἡμέρας,

2079 3822 2173 3877 καὶ
2200 3822 2598 3894 συνεστήσαντο
2617 3820 2714 3892 τὴν
2741 3816 3497 3891 ἐξκαιεδδομηκονταετηρίδα
3542 3829 3668 3867 συν-

2080 3917 2374 3985 εστηκυῖαν
2389 3915 2454 3967 ἐκ
2475 3913 2756 3987 τεσσάρων
2781 3908 3443 3982 ἐννεακαιδεκαετηρίδων,
3469 3908 3670 3970 αἵτινες

2082 4006 2397 4079 περιέχουσι
2428 4006 2603 4078 μῆνας
2623 4005 2722 4077 μὲν
2759 4007 2882 4077 @311,
2905 4000 2980 4060 ὧν
3008 4003 3293 4075 ἐμϐόλιμοι
3314 4008 3421 4073 κη’,
3444 3999 3668 4073 ἡμερῶν

2082 4098 2140 4153 δὲ
2182 4097 2483 4172 δισμυρίων
2534 4096 2720 4168 ,ζψνθ’.
2766 4097 2845 4170 Τῇ
2906 4097 2964 4151 δὲ
3014 4096 3167 4162 τάξει
3211 4095 3321 4150 τῶν
3356 4094 3673 4167 ἐμϐολίμων

2084 4190 2283 4262 ὁμοίως
2321 4191 2643 4262 ἐχρήσαντο.
2669 4190 2781 4243 Kal.
2805 4188 2954 4243 δοκεί
2973 4188 3209 4260 μάλιστα
3231 4187 3449 4242 πάντων
3474 4190 3509 4259 ἡ
3530 4185 3672 4258 αὑτὴ

2086 4279 2333 4353 περίοδος
2360 4283 2474 4345 τοῖς
2493 4280 2841 4353 φαινομένοις
2875 4284 3211 4352 συμφωνεῖν.

2619 4417 3018 4472 ΚΕΦΑΛΑΙΟΝ
3058 4420 3130 4473 Z'.

2472 4527 2611 4598 Περὶ
2644 4527 2918 4596 σελήνης
2939 4527 3280 4598 φωτισμῶν.

2170 4642 2238 4697 Ἢ
2275 4640 2477 4714 σελήνη
2504 4641 2609 4696 ὑπὸ
2646 4641 2739 4696 τοῦ
2768 4641 2918 4714 ἡλίου
2956 4640 3273 4712 φωτίζεται.
3318 4637 3431 4694 Ἀεὶ
3462 4653 3571 4713 γαρ
3611 4640 3674 4693 τδ

407 4741 518 4788 tem
564 4742 779 4805 partem
824 4732 989 4788 habet
1036 4748 1363 4790 conversam
1413 4734 1482 4789 ad
1531 4735 1827 4792 solemzet
1856 4752 1965 4793 cun

2089 4732 2341 4834 λαμπρὸν
2398 4734 2536 4806 πρὸς
2587 4734 2738 4805 ἡλιον
2796 4734 3252 4807 ὲπεστραμμένον
3293 4734 3339 4766 ³⁸
3387 4732 3538 4804 ἔχει’
3581 4733 3675 4786 καὶ

406 4822 585 4881 oritur
634 4829 763 4878 ante
813 4822 1008 4887 solem,
1029 4837 1159 4893 pars
1192 4823 1316 4893 ejus
1367 4820 1669 4892 splendens
1698 4822 1769 4879 ad
1792 4831 1965 4879 ortum

2088 4827 2216 4882 ὅταν
2245 4826 2633 4899 προανατέλλει
2656 4825 2750 4881 τοῦ
2767 4825 2940 4899 ἡλίου,
2970 4826 3032 4880 τὸ
3053 4826 3305 4900 λαμπρὸν
3336 4826 3508 4897 αὑτῆς
3539 4824 3677 4897 πρὸς

511 4978 557 5011 ³⁷
584 4976 712 5034 Haec
738 4978 1073 5047 cum'_Gr:eco
1096 4994 1207 5034 non
1243 4977 1602 5035 concordant.
1714 4978 1759 5012 ⁸⁸
1789 4978 1833 5049 f.
1863 4978 1951 5035 ίνα

2139 4981 2209 5016 ιε*
2242 4980 2374 5054 ng,
2407 4982 2468 5037 οὐ
2493 4981 2624 5055 σύμ,
2702 4982 2749 5015 ³⁸
2777 5000 2868 5054 πρ.
2904 4981 3389 5056 ἀπεστραμμένον.

408 5134 778 5218 ξύκτὴμονι,.
819 5134 1107 5218 malum)
1140 5213 1151 5218 _
1183 5134 1283 5189 καὶ
1339 5134 1547 5218 Ῑςόνωνι
1598 5134 1965 5218 ἐπισημαίνει.

2084 5139 2622 5218 a_stronomu_s,__qui
2658 5139 2749 5218 _d_e
2805 5141 2987 5197 ventis
3042 5139 3363 5218 scripserat.
3414 5136 3678 5218 _Pr.oclus

406 5204 538 5260 Item
578 5204 674 5288 ξιξ
723 5206 812 5260 die
857 5205 1051 5288 A__thyr,
1080 5204 1185 5288 'e't“
1208 5221 1299 5259 χχι
1355 5205 1448 5288 die
1475 5206 1708 5288 Mecltit:1
1738 5204 1838 5288 nec
1866 5222 1979 5261 non
2085 5210 2181 5288 lib.
2209 5226 2255 5288 _n
2286 5211 2360 5288 in_
2375 5204 2942 5288 biuclidisjflementa,
2994 5227 3118 5282 pag.
3145 5204 3239 5288 _i9.
3274 5209 3524 5288 ejusdem
3562 5225 3677 5264 me-

406 5290 562 5358 ξιιι,
588 5274 1085 5358 ,Ριηωςηοιὴρινῃ
1130 5275 1449 5358 Pharmuthi
1499 5292 1614 5358 xxv_,
1667 5276 1889 5332 Pachon
1922 5292 1965 5340 Vr1

2088 5282 2248 5358 ntinit
2282 5299 2294 5334 :
2329 5280 2600 5358 φίλιππος
2628 5281 2744 5358 δέό
2772 5274 3013 5346 Μεταῖοξ
3046 5274 3332 5358 Πλᾴτωνος
3374 5277 3450 5358 ὢν
3503 5280 3679 5358 μαρὴ-

407 5344 603 5430 Epiphi
635 5344 840 5430 γυνη-1η
885 5347 1036 5430 calce
1069 5363 1196 5428 vero
1231 5347 1556 5430 scholiastes
1586 5348 1704 5401 loca
1752 5363 1965 5418 percen-

2090 5350 2223 5420 τὴς,
2281 5351 2528 5430 statutis?
2578 5344 2793 5430 ἐκείνου
2851 5344 3194 5430 προτραπεὶς
3249 5344 3330 5415 εἰς
3380 5349 3487 5430 τὰ.-
3504 5344 3677 5430 μαθὴς

408 5432 556 5483 sens,
590 5417 874 5493 inquibus
904 5418 1317 5493 observationes
1355 5417 1553 5493 atriis,
1587 5432 1819 5493 quorum
1850 5433 1984 5493 us_us
2096 5417 2265 5493 ματα.
2314 5420 2592 5493 Philippus
2638 5417 2930 5477 Medma’u's
2977 5417 3075 5493 (ita
3123 5424 3227 5492 leg.
3273 5435 3385 5476 non
3432 5417 3680 5493 Metuens)

405 5493 526 5570 erat
553 5488 902 5570 testimoniis,
948 5487 1105 5570 facta:
1149 5495 1325 5570 sunt,‘
1348 5487 1654 5556 Philippum
1675 5490 1765 5570 Ξὶι
1798 5489 1855 5570 in
1888 5487 1991 5544 Pe—
2089 5487 2336 5570 Iflatouis
2381 5487 2675 5560 discipulus
2702 5532 2717 5558 ,
2748 5503 2798 5547 et
2832 5492 2896 5546 ab
2933 5487 3115 5548 eodem
3148 5487 3403 5548 incitatus
3447 5491 3519 5547 ad
3561 5487 3679 5545 mal

409 5557 712 5628 lpponneso
770 5567 824 5611 et
880 5557 1107 5628 Locride
1150 5567 1426 5628 versatum
1474 5573 1618 5614 esse.
1675 5557 1989 5628 Stephanus

408 5625 486 5709 De
506 5629 727 5709 urbibus
758 5628 819 5709 in
853 5627 1071 5709 Μέδμη,
1114 5643 1237 5709 qua:
1268 5637 1354 5709 es_t
1376 5625 1989 5709 MedAama'Brut'tiorum

406 5697 714 5831 gpfgidum:
758 5696 816 5751 Ὀ
857 5695 1082 5770 πολίτής
1121 5695 1419 5769 Μεδμαίος,
1452 5698 1575 5751 ὅθεν
1615 5695 1700 5787 ἦνΙ
1727 5699 1989 5763 Φίλιππος

541 5766 748 5834 ιόλογος
778 5768 939 5841 ἀνὴρ,
983 5770 1012 5822 6
1040 5770 1169 5841 περὶ
1200 5769 1418 5841 ἀνέμων
1450 5785 1779 5841 γεγραφως.
1816 5772 1988 5826 Italus

408 5785 438 5819 ο
469 5785 748 5834 αςιολογος
778 5785 939 5841 ανὴρ,
983 5785 1012 5822 ο
1040 5785 1169 5841 περι
1200 5785 1418 5840 ανεμων
1450 5785 1765 5841 γεγραφὼς.
1817 5785 1988 5826 Italus

408 5851 563 5907 ergo,
613 5844 781 5909 atque
822 5854 854 5895 e
900 5839 1129 5915 Bruttiis
1154 5840 1426 5897 oriundus
1470 5839 1575 5896 fuit
1620 5840 1856 5898 eximius
1896 5841 1988 5899 ille

2089 5561 2397 5617 thematicas
2421 5573 2584 5617 artes.

2108 5703 2141 5717 η
2156 5634 2271 5705 (4‘2)
2291 5632 2683 5717 “Af-1‘1ngth
2700 5633 2837 5701 ἄρα.
2894 5631 3049 5687 Hunc
3081 5630 3683 5717 locum_expendin.t.tts

2084 5701 2181 5758 lib.
2215 5701 2262 5758 η’
2281 5702 2359 5758 De
2383 5701 2626 5774 doctrina
2666 5714 2984 5772 temporum,
3019 5719 3142 5774 cap.
3173 5704 3229 5758 9.
3268 5701 3409 5759 Tum
3455 5702 3525 5759 de
3574 5701 3679 5757 Me-

2085 5775 2272 5833 tonica
2301 5782 2355 5834 et
2383 5769 2663 5848 Calippica
2691 5769 2920 5847 periodo
2950 5769 3111 5847 plene
3138 5774 3340 5832 ibidem
3367 5773 3606 5847 egimus.
