  <div class='ocr_page' id='page_1' title='image "/cluster/home/n/w/nwhite01/storage/ocr_20150623/19/nnc1.0037127454/428.png"; bbox 0 0 4124 6400; ppageno 0'>
   <div class='ocr_carea' id='block_1_1' title="bbox 499 362 606 419">
    <p class='ocr_par' dir='ltr' id='par_1_1' title="bbox 499 362 606 419">
     <span class='ocr_line' id='line_1_1' title="bbox 499 362 606 419; baseline -0.019 0"><span class='ocrx_word' id='word_1_1' title='bbox 499 362 606 419; x_wconf 75' lang='grc'><strong>817</strong></span> 
     </span>
    </p>
   </div>
   <div class='ocr_carea' id='block_1_2' title="bbox 1535 367 2697 434">
    <p class='ocr_par' dir='ltr' id='par_1_2' title="bbox 1535 367 2697 434">
     <span class='ocr_line' id='line_1_2' title="bbox 1535 367 2697 434; baseline 0.009 -10"><span class='ocrx_word' id='word_1_2' title='bbox 1535 367 1769 424; x_wconf 79' lang='lat' dir='ltr'><strong>GEMINI</strong></span> <span class='ocrx_word' id='word_1_3' title='bbox 1807 368 2178 424; x_wconf 70' lang='lat' dir='ltr'><strong>ELEMENTA</strong></span> <span class='ocrx_word' id='word_1_4' title='bbox 2209 371 2697 434; x_wconf 60' lang='lat' dir='ltr'><strong>ASTRONOMIIE.</strong></span> 
     </span>
    </p>
   </div>
   <div class='ocr_carea' id='block_1_3' title="bbox 3650 375 3756 432">
    <p class='ocr_par' dir='ltr' id='par_1_3' title="bbox 3650 375 3756 432">
     <span class='ocr_line' id='line_1_3' title="bbox 3650 375 3756 432; baseline 0 -1"><span class='ocrx_word' id='word_1_5' title='bbox 3650 375 3756 432; x_wconf 87' lang='lat' dir='ltr'><strong>8l8</strong></span> 
     </span>
    </p>
   </div>
   <div class='ocr_carea' id='block_1_4' title="bbox 501 474 2086 555">
    <p class='ocr_par' dir='ltr' id='par_1_4' title="bbox 501 474 2084 554">
     <span class='ocr_line' id='line_1_4' title="bbox 501 474 2084 554; baseline 0.004 -24"><span class='ocrx_word' id='word_1_6' title='bbox 501 475 767 548; x_wconf 79' lang='grc' dir='ltr'>ἀνατολὴν</span> <span class='ocrx_word' id='word_1_7' title='bbox 824 474 1036 548; x_wconf 75' lang='grc' dir='ltr'>βλέπειο</span> <span class='ocrx_word' id='word_1_8' title='bbox 1065 478 1158 532; x_wconf 71' lang='grc' dir='ltr'>καὶ</span> <span class='ocrx_word' id='word_1_9' title='bbox 1207 479 1336 533; x_wconf 82' lang='grc' dir='ltr'>ὅταν</span> <span class='ocrx_word' id='word_1_10' title='bbox 1374 479 1612 552; x_wconf 81' lang='grc' dir='ltr'>προδύνῃ</span> <span class='ocrx_word' id='word_1_11' title='bbox 1642 480 1736 535; x_wconf 82' lang='grc' dir='ltr'>τοῦ</span> <span class='ocrx_word' id='word_1_12' title='bbox 1771 482 1942 554; x_wconf 80' lang='grc' dir='ltr'><strong>ἡλίου,</strong></span> <span class='ocrx_word' id='word_1_13' title='bbox 1992 484 2084 536; x_wconf 74' lang='grc' dir='ltr'><strong>καὶ</strong></span> 
     </span>
    </p>
   </div>
   <div class='ocr_carea' id='block_1_5' title="bbox 2188 474 3756 555">
    <p class='ocr_par' dir='ltr' id='par_1_5' title="bbox 2188 484 3756 555">
     <span class='ocr_line' id='line_1_5' title="bbox 2188 484 3756 555; baseline 0.003 -16"><span class='ocrx_word' id='word_1_14' title='bbox 2188 485 2411 555; x_wconf 77' lang='lat' dir='ltr'><strong>respicit</strong></span> <span class='ocrx_word' id='word_1_15' title='bbox 2440 505 2452 539; x_wconf 93' lang='lat'><strong>:</strong></span> <span class='ocrx_word' id='word_1_16' title='bbox 2489 494 2544 542; x_wconf 93' lang='lat' dir='ltr'><strong>et</strong></span> <span class='ocrx_word' id='word_1_17' title='bbox 2576 484 2929 540; x_wconf 80' lang='lat' dir='ltr'><strong>cum&#39;occidit</strong></span> <span class='ocrx_word' id='word_1_18' title='bbox 2957 493 3084 540; x_wconf 90' lang='lat' dir='ltr'><strong>ante</strong></span> <span class='ocrx_word' id='word_1_19' title='bbox 3108 486 3279 542; x_wconf 90' lang='lat' dir='ltr'><strong>solem</strong></span> <span class='ocrx_word' id='word_1_20' title='bbox 3305 528 3322 554; x_wconf 95' lang='lat'><strong>,</strong></span> <span class='ocrx_word' id='word_1_21' title='bbox 3361 495 3563 544; x_wconf 90' lang='lat' dir='ltr'><strong>etcum</strong></span> <span class='ocrx_word' id='word_1_22' title='bbox 3593 492 3756 544; x_wconf 77' lang='lat' dir='ltr'><strong>occi-</strong></span> 
     </span>
    </p>
   </div>
   <div class='ocr_carea' id='block_1_6' title="bbox 501 569 2085 647">
    <p class='ocr_par' dir='ltr' id='par_1_6' title="bbox 501 569 2085 647">
     <span class='ocr_line' id='line_1_6' title="bbox 501 569 2085 647; baseline 0.003 -23"><span class='ocrx_word' id='word_1_23' title='bbox 501 571 630 624; x_wconf 79' lang='grc' dir='ltr'>ὅταν</span> <span class='ocrx_word' id='word_1_24' title='bbox 658 569 1024 644; x_wconf 72' lang='grc' dir='ltr'>ἐπικαταδύνῃ</span> <span class='ocrx_word' id='word_1_25' title='bbox 1055 570 1132 642; x_wconf 80' lang='grc' dir='ltr'><strong>τῷ</strong></span> <span class='ocrx_word' id='word_1_26' title='bbox 1160 570 1317 642; x_wconf 82' lang='grc' dir='ltr'>ἡλίῳ,</span> <span class='ocrx_word' id='word_1_27' title='bbox 1341 572 1717 644; x_wconf 80' lang='grc' dir='ltr'>ὲπέστραπται</span> <span class='ocrx_word' id='word_1_28' title='bbox 1749 576 1809 628; x_wconf 84' lang='grc' dir='ltr'>τὸ</span> <span class='ocrx_word' id='word_1_29' title='bbox 1834 575 2085 647; x_wconf 86' lang='grc' dir='ltr'>λαμπρὸν</span> 
     </span>
    </p>
   </div>
   <div class='ocr_carea' id='block_1_7' title="bbox 502 660 2082 738">
    <p class='ocr_par' dir='ltr' id='par_1_7' title="bbox 502 660 2082 738">
     <span class='ocr_line' id='line_1_7' title="bbox 502 660 2082 738; baseline 0.003 -24"><span class='ocrx_word' id='word_1_30' title='bbox 502 661 640 732; x_wconf 83' lang='grc' dir='ltr'>πρὸς</span> <span class='ocrx_word' id='word_1_31' title='bbox 672 660 763 716; x_wconf 81' lang='grc' dir='ltr'>τὸν</span> <span class='ocrx_word' id='word_1_32' title='bbox 790 660 960 732; x_wconf 83' lang='grc' dir='ltr'>ἡλιον.</span> <span class='ocrx_word' id='word_1_33' title='bbox 1017 663 1106 714; x_wconf 85' lang='grc' dir='ltr'>Ἐν</span> <span class='ocrx_word' id='word_1_34' title='bbox 1139 662 1195 714; x_wconf 87' lang='grc' dir='ltr'><strong>δέ</strong></span> <span class='ocrx_word' id='word_1_35' title='bbox 1231 680 1341 716; x_wconf 79' lang='grc' dir='ltr'>τισι</span> <span class='ocrx_word' id='word_1_36' title='bbox 1370 663 1478 716; x_wconf 86' lang='grc' dir='ltr'>τῶν</span> <span class='ocrx_word' id='word_1_37' title='bbox 1517 664 1738 736; x_wconf 82' lang='grc' dir='ltr'>ἡμερῶν</span> <span class='ocrx_word' id='word_1_38' title='bbox 1773 668 2082 738; x_wconf 86' lang='grc' dir='ltr'>παρατετή-</span> 
     </span>
    </p>
   </div>
   <div class='ocr_carea' id='block_1_8' title="bbox 502 753 2084 828">
    <p class='ocr_par' dir='ltr' id='par_1_8' title="bbox 502 753 2084 828">
     <span class='ocr_line' id='line_1_8' title="bbox 502 753 2084 828; baseline 0.001 -20"><span class='ocrx_word' id='word_1_39' title='bbox 502 771 660 828; x_wconf 86' lang='grc' dir='ltr'>ρηται</span> <span class='ocrx_word' id='word_1_40' title='bbox 703 757 737 827; x_wconf 92' lang='grc' dir='ltr'><strong>ἡ</strong></span> <span class='ocrx_word' id='word_1_41' title='bbox 766 754 962 826; x_wconf 78' lang='grc' dir='ltr'><strong>σελήνη</strong></span> <span class='ocrx_word' id='word_1_42' title='bbox 993 753 1132 808; x_wconf 80' lang='grc' dir='ltr'>κατὰ</span> <span class='ocrx_word' id='word_1_43' title='bbox 1156 754 1216 808; x_wconf 78' lang='grc' dir='ltr'>τὸ</span> <span class='ocrx_word' id='word_1_44' title='bbox 1259 756 1481 809; x_wconf 84' lang='grc' dir='ltr'>σπάνιον</span> <span class='ocrx_word' id='word_1_45' title='bbox 1518 757 1983 811; x_wconf 81' lang='grc' dir='ltr'>ὲπικαταδύνουσα</span> <span class='ocrx_word' id='word_1_46' title='bbox 2007 756 2084 828; x_wconf 84' lang='grc' dir='ltr'>τῷ</span> 
     </span>
    </p>
   </div>
   <div class='ocr_carea' id='block_1_9' title="bbox 501 846 2081 920">
    <p class='ocr_par' dir='ltr' id='par_1_9' title="bbox 501 846 2081 920">
     <span class='ocr_line' id='line_1_9' title="bbox 501 846 2081 920; baseline 0.003 -21"><span class='ocrx_word' id='word_1_47' title='bbox 501 846 653 918; x_wconf 82' lang='grc' dir='ltr'>ἡλίῳ,</span> <span class='ocrx_word' id='word_1_48' title='bbox 677 847 770 899; x_wconf 76' lang='grc' dir='ltr'>καὶ</span> <span class='ocrx_word' id='word_1_49' title='bbox 792 847 853 899; x_wconf 85' lang='grc' dir='ltr'>τὸ</span> <span class='ocrx_word' id='word_1_50' title='bbox 898 847 1147 919; x_wconf 84' lang='grc' dir='ltr'>λαμπρὸν</span> <span class='ocrx_word' id='word_1_51' title='bbox 1175 846 1373 918; x_wconf 74' lang='grc' dir='ltr'>ἔχουσα</span> <span class='ocrx_word' id='word_1_52' title='bbox 1399 848 1591 918; x_wconf 80' lang='grc' dir='ltr'>βλέπον</span> <span class='ocrx_word' id='word_1_53' title='bbox 1615 849 1749 919; x_wconf 79' lang='grc' dir='ltr'>πρὸς</span> <span class='ocrx_word' id='word_1_54' title='bbox 1778 850 1878 920; x_wconf 83' lang='grc' dir='ltr'>τὴν</span> <span class='ocrx_word' id='word_1_55' title='bbox 1908 850 2081 903; x_wconf 86' lang='grc' dir='ltr'>δύσιν.</span> 
     </span>
    </p>
   </div>
   <div class='ocr_carea' id='block_1_10' title="bbox 499 938 2086 1012">
    <p class='ocr_par' dir='ltr' id='par_1_10' title="bbox 499 938 2086 1012">
     <span class='ocr_line' id='line_1_10' title="bbox 499 938 2086 1012; baseline 0 -18"><span class='ocrx_word' id='word_1_56' title='bbox 499 938 973 1011; x_wconf 78' lang='grc' dir='ltr'>Παραλλάξασαδὲ</span> <span class='ocrx_word' id='word_1_57' title='bbox 1006 941 1072 1009; x_wconf 82' lang='grc' dir='ltr'>τῇ</span> <span class='ocrx_word' id='word_1_58' title='bbox 1105 939 1259 991; x_wconf 74' lang='grc' dir='ltr'>νυκτὶ</span> <span class='ocrx_word' id='word_1_59' title='bbox 1280 939 1414 1010; x_wconf 85' lang='grc' dir='ltr'>πρὸς</span> <span class='ocrx_word' id='word_1_60' title='bbox 1454 939 1546 993; x_wconf 83' lang='grc' dir='ltr'>τὸν</span> <span class='ocrx_word' id='word_1_61' title='bbox 1581 940 1762 1010; x_wconf 84' lang='grc' dir='ltr'>ἡλιον,</span> <span class='ocrx_word' id='word_1_62' title='bbox 1816 940 1911 994; x_wconf 75' lang='grc' dir='ltr'>καὶ</span> <span class='ocrx_word' id='word_1_63' title='bbox 1951 958 2086 1012; x_wconf 86' lang='grc' dir='ltr'>προ-</span> 
     </span>
    </p>
   </div>
   <div class='ocr_carea' id='block_1_11' title="bbox 498 1029 2084 1104">
    <p class='ocr_par' dir='ltr' id='par_1_11' title="bbox 498 1029 2084 1104">
     <span class='ocr_line' id='line_1_11' title="bbox 498 1029 2084 1104; baseline 0 -20"><span class='ocrx_word' id='word_1_64' title='bbox 498 1031 825 1085; x_wconf 87' lang='grc' dir='ltr'>ανατείλασα</span> <span class='ocrx_word' id='word_1_65' title='bbox 876 1030 969 1084; x_wconf 82' lang='grc' dir='ltr'>τοῦ</span> <span class='ocrx_word' id='word_1_66' title='bbox 1013 1030 1199 1101; x_wconf 84' lang='grc' dir='ltr'><strong>ἡλίου,</strong></span> <span class='ocrx_word' id='word_1_67' title='bbox 1257 1029 1318 1082; x_wconf 83' lang='grc' dir='ltr'>τὸ</span> <span class='ocrx_word' id='word_1_68' title='bbox 1361 1031 1612 1103; x_wconf 81' lang='grc' dir='ltr'>λαμπρὸν</span> <span class='ocrx_word' id='word_1_69' title='bbox 1670 1032 1868 1104; x_wconf 76' lang='grc' dir='ltr'>ἔχουσα</span> <span class='ocrx_word' id='word_1_70' title='bbox 1946 1031 2084 1084; x_wconf 89' lang='grc' dir='ltr'>θεω-</span> 
     </span>
    </p>
   </div>
   <div class='ocr_carea' id='block_1_12' title="bbox 498 1114 2085 1196">
    <p class='ocr_par' dir='ltr' id='par_1_12' title="bbox 498 1114 2085 1196">
     <span class='ocr_line' id='line_1_12' title="bbox 498 1114 2085 1196; baseline -0.001 -19"><span class='ocrx_word' id='word_1_71' title='bbox 498 1127 673 1196; x_wconf 59' lang='grc' dir='ltr'>ρεῖται</span> <span class='ocrx_word' id='word_1_72' title='bbox 705 1121 843 1194; x_wconf 85' lang='grc' dir='ltr'>πρὸς</span> <span class='ocrx_word' id='word_1_73' title='bbox 874 1122 1160 1194; x_wconf 85' lang='grc' dir='ltr'>ἀνατολήν.</span> <span class='ocrx_word' id='word_1_74' title='bbox 1201 1120 1290 1186; x_wconf 81' lang='grc' dir='ltr'><strong>Ἐξ</strong></span> <span class='ocrx_word' id='word_1_75' title='bbox 1310 1114 1369 1175; x_wconf 76' lang='grc' dir='ltr'>οὗ</span> <span class='ocrx_word' id='word_1_76' title='bbox 1391 1124 1644 1196; x_wconf 85' lang='grc' dir='ltr'>φανερὸν,</span> <span class='ocrx_word' id='word_1_77' title='bbox 1673 1126 1754 1178; x_wconf 81' lang='grc' dir='ltr'>ὅτι</span> <span class='ocrx_word' id='word_1_78' title='bbox 1808 1126 1842 1195; x_wconf 89' lang='grc' dir='ltr'><strong>ἡ</strong></span> <span class='ocrx_word' id='word_1_79' title='bbox 1887 1123 2085 1194; x_wconf 84' lang='grc' dir='ltr'><strong>σελήνη</strong></span> 
     </span>
    </p>
   </div>
   <div class='ocr_carea' id='block_1_13' title="bbox 500 1213 2087 1286">
    <p class='ocr_par' dir='ltr' id='par_1_13' title="bbox 500 1213 2087 1286">
     <span class='ocr_line' id='line_1_13' title="bbox 500 1213 2087 1286; baseline 0 -16"><span class='ocrx_word' id='word_1_80' title='bbox 500 1215 606 1270; x_wconf 86' lang='grc' dir='ltr'><strong>ὑπὸ</strong></span> <span class='ocrx_word' id='word_1_81' title='bbox 654 1213 748 1266; x_wconf 80' lang='grc' dir='ltr'><strong>τοῦ</strong></span> <span class='ocrx_word' id='word_1_82' title='bbox 809 1213 959 1284; x_wconf 88' lang='grc' dir='ltr'>ἡλίου</span> <span class='ocrx_word' id='word_1_83' title='bbox 1014 1213 1327 1283; x_wconf 76' lang='grc' dir='ltr'>φωτίζεται.</span> <span class='ocrx_word' id='word_1_84' title='bbox 1398 1215 1850 1286; x_wconf 85' lang='grc' dir='ltr'>Παρατετήρηται</span> <span class='ocrx_word' id='word_1_85' title='bbox 1881 1215 1939 1268; x_wconf 80' lang='grc' dir='ltr'>δὲ</span> <span class='ocrx_word' id='word_1_86' title='bbox 1993 1217 2087 1270; x_wconf 76' lang='grc' dir='ltr'><strong>καὶ</strong></span> 
     </span>
    </p>
   </div>
   <div class='ocr_carea' id='block_1_14' title="bbox 497 1303 2086 1380">
    <p class='ocr_par' dir='ltr' id='par_1_14' title="bbox 497 1303 2086 1380">
     <span class='ocr_line' id='line_1_14' title="bbox 497 1303 2086 1380; baseline 0.001 -22"><span class='ocrx_word' id='word_1_87' title='bbox 497 1303 564 1358; x_wconf 83' lang='grc' dir='ltr'><strong>τὰ</strong></span> <span class='ocrx_word' id='word_1_88' title='bbox 611 1306 855 1360; x_wconf 81' lang='grc' dir='ltr'>τοιαῦτα.</span> <span class='ocrx_word' id='word_1_89' title='bbox 915 1307 1044 1359; x_wconf 87' lang='grc' dir='ltr'><strong>Ὅτε</strong></span> <span class='ocrx_word' id='word_1_90' title='bbox 1081 1307 1178 1377; x_wconf 84' lang='grc' dir='ltr'>μὲν</span> <span class='ocrx_word' id='word_1_91' title='bbox 1212 1306 1320 1378; x_wconf 83' lang='grc' dir='ltr'>γὰρ</span> <span class='ocrx_word' id='word_1_92' title='bbox 1355 1306 1495 1360; x_wconf 88' lang='grc' dir='ltr'><strong>κατά</strong></span> <span class='ocrx_word' id='word_1_93' title='bbox 1536 1306 1852 1380; x_wconf 79' lang='grc' dir='ltr'>χειμερινὰς</span> <span class='ocrx_word' id='word_1_94' title='bbox 1877 1307 2086 1379; x_wconf 82' lang='grc' dir='ltr'>τροπὰς</span> 
     </span>
    </p>
   </div>
   <div class='ocr_carea' id='block_1_15' title="bbox 497 1397 2078 1470">
    <p class='ocr_par' dir='ltr' id='par_1_15' title="bbox 497 1397 2078 1470">
     <span class='ocr_line' id='line_1_15' title="bbox 497 1397 2078 1470; baseline 0.001 -20"><span class='ocrx_word' id='word_1_95' title='bbox 497 1397 757 1470; x_wconf 78' lang='grc' dir='ltr'><strong>ὑπάρχων</strong></span> <span class='ocrx_word' id='word_1_96' title='bbox 788 1399 816 1452; x_wconf 84' lang='grc' dir='ltr'><strong>ό</strong></span> <span class='ocrx_word' id='word_1_97' title='bbox 847 1399 997 1470; x_wconf 78' lang='grc' dir='ltr'>ἥλιος</span> <span class='ocrx_word' id='word_1_98' title='bbox 1061 1397 1351 1470; x_wconf 82' lang='grc' dir='ltr'>ἀνατέλλῃ,</span> <span class='ocrx_word' id='word_1_99' title='bbox 1379 1397 1502 1451; x_wconf 87' lang='grc' dir='ltr'>τότε</span> <span class='ocrx_word' id='word_1_100' title='bbox 1538 1397 1600 1450; x_wconf 82' lang='grc' dir='ltr'>τὸ</span> <span class='ocrx_word' id='word_1_101' title='bbox 1629 1397 1953 1468; x_wconf 82' lang='grc' dir='ltr'>μεσαίτατον</span> <span class='ocrx_word' id='word_1_102' title='bbox 1982 1397 2078 1451; x_wconf 76' lang='grc' dir='ltr'><strong>τοῦ</strong></span> 
     </span>
    </p>
   </div>
   <div class='ocr_carea' id='block_1_16' title="bbox 497 1489 2085 1563">
    <p class='ocr_par' dir='ltr' id='par_1_16' title="bbox 497 1489 2085 1563">
     <span class='ocr_line' id='line_1_16' title="bbox 497 1489 2085 1563; baseline 0 -19"><span class='ocrx_word' id='word_1_103' title='bbox 497 1491 914 1563; x_wconf 84' lang='grc' dir='ltr'>πεφωτισμένου</span> <span class='ocrx_word' id='word_1_104' title='bbox 938 1490 1128 1562; x_wconf 76' lang='grc' dir='ltr'>βλέπει</span> <span class='ocrx_word' id='word_1_105' title='bbox 1161 1490 1297 1563; x_wconf 82' lang='grc' dir='ltr'>πρὸς</span> <span class='ocrx_word' id='word_1_106' title='bbox 1351 1491 1442 1544; x_wconf 82' lang='grc' dir='ltr'>τὸν</span> <span class='ocrx_word' id='word_1_107' title='bbox 1472 1490 1620 1562; x_wconf 81' lang='grc' dir='ltr'>ἥλιον</span> <span class='ocrx_word' id='word_1_108' title='bbox 1643 1506 1656 1520; x_wconf 85' lang='grc'>⁶</span> <span class='ocrx_word' id='word_1_109' title='bbox 1685 1489 1824 1544; x_wconf 84' lang='grc' dir='ltr'>ὥστε</span> <span class='ocrx_word' id='word_1_110' title='bbox 1862 1489 1961 1562; x_wconf 83' lang='grc' dir='ltr'>τὴν</span> <span class='ocrx_word' id='word_1_111' title='bbox 1988 1490 2085 1554; x_wconf 82' lang='grc' dir='ltr'><strong>τὰς</strong></span> 
     </span>
    </p>
   </div>
   <div class='ocr_carea' id='block_1_17' title="bbox 498 1581 2086 1654">
    <p class='ocr_par' dir='ltr' id='par_1_17' title="bbox 498 1581 2086 1654">
     <span class='ocr_line' id='line_1_17' title="bbox 498 1581 2086 1654; baseline -0.001 -18"><span class='ocrx_word' id='word_1_112' title='bbox 498 1582 724 1654; x_wconf 80' lang='grc' dir='ltr'><strong>κεραίας</strong></span> <span class='ocrx_word' id='word_1_113' title='bbox 781 1581 1242 1652; x_wconf 77' lang='grc' dir='ltr'>ὲπιζευγνύουσαν</span> <span class='ocrx_word' id='word_1_114' title='bbox 1299 1583 1398 1654; x_wconf 83' lang='grc' dir='ltr'>τῆς</span> <span class='ocrx_word' id='word_1_115' title='bbox 1455 1581 1683 1654; x_wconf 82' lang='grc' dir='ltr'><strong>σελήνης</strong></span> <span class='ocrx_word' id='word_1_116' title='bbox 1727 1581 1939 1636; x_wconf 78' lang='grc' dir='ltr'>εὐθεῖαν</span> <span class='ocrx_word' id='word_1_117' title='bbox 1963 1581 2086 1652; x_wconf 87' lang='grc' dir='ltr'>δίχα</span> 
     </span>
    </p>
   </div>
   <div class='ocr_carea' id='block_1_18' title="bbox 496 1672 2074 1747">
    <p class='ocr_par' dir='ltr' id='par_1_18' title="bbox 496 1672 2074 1747">
     <span class='ocr_line' id='line_1_18' title="bbox 496 1672 2074 1747; baseline -0.001 -19"><span class='ocrx_word' id='word_1_118' title='bbox 496 1674 752 1746; x_wconf 72' lang='grc' dir='ltr'>καὶπρὸς</span> <span class='ocrx_word' id='word_1_119' title='bbox 785 1674 953 1747; x_wconf 87' lang='grc' dir='ltr'>όρθάς</span> <span class='ocrx_word' id='word_1_120' title='bbox 981 1674 1276 1746; x_wconf 81' lang='grc' dir='ltr'><strong>τέμνεσθαι</strong></span> <span class='ocrx_word' id='word_1_121' title='bbox 1310 1673 1415 1727; x_wconf 80' lang='grc' dir='ltr'><strong>ὑπὸ</strong></span> <span class='ocrx_word' id='word_1_122' title='bbox 1443 1674 1542 1744; x_wconf 83' lang='grc' dir='ltr'>τῆς</span> <span class='ocrx_word' id='word_1_123' title='bbox 1576 1673 1790 1737; x_wconf 81' lang='grc' dir='ltr'>εὐθείας</span> <span class='ocrx_word' id='word_1_124' title='bbox 1812 1672 1920 1727; x_wconf 83' lang='grc' dir='ltr'><strong>τῶν</strong></span> <span class='ocrx_word' id='word_1_125' title='bbox 1951 1673 2074 1742; x_wconf 75' lang='grc' dir='ltr'>ἀγοο</span> 
     </span>
    </p>
   </div>
   <div class='ocr_carea' id='block_1_19' title="bbox 501 1763 2086 1838">
    <p class='ocr_par' dir='ltr' id='par_1_19' title="bbox 501 1763 2086 1838">
     <span class='ocr_line' id='line_1_19' title="bbox 501 1763 2086 1838; baseline -0.001 -18"><span class='ocrx_word' id='word_1_126' title='bbox 501 1766 680 1837; x_wconf 89' lang='grc' dir='ltr'>μένων</span> <span class='ocrx_word' id='word_1_127' title='bbox 707 1766 816 1820; x_wconf 85' lang='grc' dir='ltr'>ἀπὸ</span> <span class='ocrx_word' id='word_1_128' title='bbox 848 1765 943 1819; x_wconf 82' lang='grc' dir='ltr'>τοῦ</span> <span class='ocrx_word' id='word_1_129' title='bbox 983 1766 1211 1838; x_wconf 80' lang='grc' dir='ltr'><strong>κέντρου</strong></span> <span class='ocrx_word' id='word_1_130' title='bbox 1241 1765 1335 1820; x_wconf 81' lang='grc' dir='ltr'><strong>τοῦ</strong></span> <span class='ocrx_word' id='word_1_131' title='bbox 1363 1765 1514 1836; x_wconf 85' lang='grc' dir='ltr'>ἡλίου</span> <span class='ocrx_word' id='word_1_132' title='bbox 1536 1765 1630 1818; x_wconf 75' lang='grc' dir='ltr'><strong>ἐπὶ</strong></span> <span class='ocrx_word' id='word_1_133' title='bbox 1655 1763 1754 1836; x_wconf 81' lang='grc' dir='ltr'>τὴν</span> <span class='ocrx_word' id='word_1_134' title='bbox 1775 1763 2086 1836; x_wconf 88' lang='grc' dir='ltr'>διχοτομίαν</span> 
     </span>
    </p>
   </div>
   <div class='ocr_carea' id='block_1_20' title="bbox 497 1839 2158 1928">
    <p class='ocr_par' dir='ltr' id='par_1_20' title="bbox 497 1839 2158 1928">
     <span class='ocr_line' id='line_1_20' title="bbox 497 1839 2158 1928; baseline -0.001 -19"><span class='ocrx_word' id='word_1_135' title='bbox 497 1855 599 1926; x_wconf 85' lang='grc' dir='ltr'>τῆς</span> <span class='ocrx_word' id='word_1_136' title='bbox 627 1855 858 1927; x_wconf 84' lang='grc' dir='ltr'>σελήνης</span> <span class='ocrx_word' id='word_1_137' title='bbox 884 1874 897 1887; x_wconf 74' lang='grc' dir='ltr'><strong><em>ο</em></strong></span> <span class='ocrx_word' id='word_1_138' title='bbox 925 1857 1052 1910; x_wconf 78' lang='grc' dir='ltr'>ὅταν</span> <span class='ocrx_word' id='word_1_139' title='bbox 1081 1856 1137 1909; x_wconf 83' lang='grc' dir='ltr'>δὲ</span> <span class='ocrx_word' id='word_1_140' title='bbox 1160 1856 1301 1910; x_wconf 88' lang='grc' dir='ltr'><strong>κατά</strong></span> <span class='ocrx_word' id='word_1_141' title='bbox 1330 1854 1547 1928; x_wconf 83' lang='grc' dir='ltr'>θερινὰς</span> <span class='ocrx_word' id='word_1_142' title='bbox 1583 1855 1792 1925; x_wconf 78' lang='grc' dir='ltr'>τροπὰς</span> <span class='ocrx_word' id='word_1_143' title='bbox 1823 1854 2081 1926; x_wconf 84' lang='grc' dir='ltr'><strong>ὑπάρχων</strong></span> <span class='ocrx_word' id='word_1_144' title='bbox 2115 1839 2158 1898; x_wconf 78' lang='grc' dir='ltr'><strong><em>Β</em></strong></span> 
     </span>
    </p>
   </div>
   <div class='ocr_carea' id='block_1_21' title="bbox 495 1947 2081 2022">
    <p class='ocr_par' dir='ltr' id='par_1_21' title="bbox 495 1947 2081 2022">
     <span class='ocr_line' id='line_1_21' title="bbox 495 1947 2081 2022; baseline -0.001 -21"><span class='ocrx_word' id='word_1_145' title='bbox 495 1948 762 2021; x_wconf 79' lang='grc' dir='ltr'>ἀνατέλλῃ</span> <span class='ocrx_word' id='word_1_146' title='bbox 795 1953 824 2004; x_wconf 86' lang='grc' dir='ltr'>ὁ</span> <span class='ocrx_word' id='word_1_147' title='bbox 855 1949 1025 2020; x_wconf 87' lang='grc' dir='ltr'>ἡλιος,</span> <span class='ocrx_word' id='word_1_148' title='bbox 1054 1950 1218 2004; x_wconf 89' lang='grc' dir='ltr'>πάλιν</span> <span class='ocrx_word' id='word_1_149' title='bbox 1257 1948 1558 2022; x_wconf 80' lang='grc' dir='ltr'>ἔστραπται</span> <span class='ocrx_word' id='word_1_150' title='bbox 1587 1948 1648 2002; x_wconf 79' lang='grc' dir='ltr'>τὸ</span> <span class='ocrx_word' id='word_1_151' title='bbox 1672 1949 1834 2020; x_wconf 87' lang='grc' dir='ltr'>μέσον</span> <span class='ocrx_word' id='word_1_152' title='bbox 1858 1947 1953 2001; x_wconf 80' lang='grc' dir='ltr'><strong>τοῦ</strong></span> <span class='ocrx_word' id='word_1_153' title='bbox 1984 1964 2081 2001; x_wconf 87' lang='grc' dir='ltr'>πε-</span> 
     </span>
    </p>
   </div>
   <div class='ocr_carea' id='block_1_22' title="bbox 500 2037 2084 2111">
    <p class='ocr_par' dir='ltr' id='par_1_22' title="bbox 500 2037 2084 2111">
     <span class='ocr_line' id='line_1_22' title="bbox 500 2037 2084 2111; baseline 0.001 -21"><span class='ocrx_word' id='word_1_154' title='bbox 500 2039 838 2109; x_wconf 83' lang='grc' dir='ltr'>φωτισμένου</span> <span class='ocrx_word' id='word_1_155' title='bbox 871 2039 1009 2110; x_wconf 85' lang='grc' dir='ltr'>πρὸς</span> <span class='ocrx_word' id='word_1_156' title='bbox 1040 2039 1102 2093; x_wconf 81' lang='grc' dir='ltr'>τὸ</span> <span class='ocrx_word' id='word_1_157' title='bbox 1137 2039 1302 2111; x_wconf 84' lang='grc' dir='ltr'>μέσον</span> <span class='ocrx_word' id='word_1_158' title='bbox 1339 2037 1435 2093; x_wconf 78' lang='grc' dir='ltr'><strong>τοῦ</strong></span> <span class='ocrx_word' id='word_1_159' title='bbox 1480 2039 1663 2111; x_wconf 87' lang='grc' dir='ltr'>ἡλίου·</span> <span class='ocrx_word' id='word_1_160' title='bbox 1701 2038 1842 2092; x_wconf 83' lang='grc' dir='ltr'>ὥστε</span> <span class='ocrx_word' id='word_1_161' title='bbox 1884 2037 2084 2109; x_wconf 83' lang='grc' dir='ltr'>ὁμοίως</span> 
     </span>
    </p>
   </div>
   <div class='ocr_carea' id='block_1_23' title="bbox 496 2127 2083 2203">
    <p class='ocr_par' dir='ltr' id='par_1_23' title="bbox 496 2127 2083 2203">
     <span class='ocr_line' id='line_1_23' title="bbox 496 2127 2083 2203; baseline 0.001 -21"><span class='ocrx_word' id='word_1_162' title='bbox 496 2127 920 2199; x_wconf 82' lang='grc' dir='ltr'>διχοτομεῖσθαι,</span> <span class='ocrx_word' id='word_1_163' title='bbox 951 2132 1050 2186; x_wconf 72' lang='grc' dir='ltr'>καὶ</span> <span class='ocrx_word' id='word_1_164' title='bbox 1078 2131 1214 2203; x_wconf 76' lang='grc' dir='ltr'>πρὸς</span> <span class='ocrx_word' id='word_1_165' title='bbox 1248 2131 1414 2203; x_wconf 81' lang='grc' dir='ltr'>ὀρθὰς</span> <span class='ocrx_word' id='word_1_166' title='bbox 1441 2131 1734 2202; x_wconf 86' lang='grc' dir='ltr'>τέμνεσθαι</span> <span class='ocrx_word' id='word_1_167' title='bbox 1772 2131 1869 2203; x_wconf 81' lang='grc' dir='ltr'>τὴν</span> <span class='ocrx_word' id='word_1_168' title='bbox 1897 2147 2083 2202; x_wconf 89' lang='grc' dir='ltr'>προει-</span> 
     </span>
    </p>
   </div>
   <div class='ocr_carea' id='block_1_24' title="bbox 499 2219 2086 2293">
    <p class='ocr_par' dir='ltr' id='par_1_24' title="bbox 499 2219 2086 2293">
     <span class='ocr_line' id='line_1_24' title="bbox 499 2219 2086 2293; baseline 0.002 -22"><span class='ocrx_word' id='word_1_169' title='bbox 499 2219 747 2293; x_wconf 89' lang='grc' dir='ltr'>ρημένην</span> <span class='ocrx_word' id='word_1_170' title='bbox 775 2220 1010 2275; x_wconf 81' lang='grc' dir='ltr'>εὐθεῖαν.</span> <span class='ocrx_word' id='word_1_171' title='bbox 1043 2221 1117 2274; x_wconf 84' lang='grc' dir='ltr'>Τὸ</span> <span class='ocrx_word' id='word_1_172' title='bbox 1141 2221 1196 2275; x_wconf 85' lang='grc' dir='ltr'>δὲ</span> <span class='ocrx_word' id='word_1_173' title='bbox 1222 2221 1354 2276; x_wconf 81' lang='grc' dir='ltr'>αὐτὸ</span> <span class='ocrx_word' id='word_1_174' title='bbox 1391 2221 1600 2291; x_wconf 86' lang='grc' dir='ltr'>γίνεται</span> <span class='ocrx_word' id='word_1_175' title='bbox 1633 2223 1726 2275; x_wconf 72' lang='grc' dir='ltr'><strong>καὶ</strong></span> <span class='ocrx_word' id='word_1_176' title='bbox 1746 2221 1838 2274; x_wconf 77' lang='grc' dir='ltr'><strong>ἐπὶ</strong></span> <span class='ocrx_word' id='word_1_177' title='bbox 1860 2221 1968 2275; x_wconf 86' lang='grc' dir='ltr'><strong>τῶν</strong></span> <span class='ocrx_word' id='word_1_178' title='bbox 1995 2221 2086 2274; x_wconf 79' lang='grc' dir='ltr'><strong>δύο</strong></span> 
     </span>
    </p>
   </div>
   <div class='ocr_carea' id='block_1_25' title="bbox 501 2310 2084 2386">
    <p class='ocr_par' dir='ltr' id='par_1_25' title="bbox 501 2310 2084 2386">
     <span class='ocr_line' id='line_1_25' title="bbox 501 2310 2084 2386; baseline 0.001 -22"><span class='ocrx_word' id='word_1_179' title='bbox 501 2327 639 2364; x_wconf 87' lang='grc' dir='ltr'>σεων</span> <span class='ocrx_word' id='word_1_180' title='bbox 668 2328 682 2342; x_wconf 91' lang='grc'><strong>·</strong></span> <span class='ocrx_word' id='word_1_181' title='bbox 718 2310 858 2364; x_wconf 84' lang='grc' dir='ltr'>ὥστε</span> <span class='ocrx_word' id='word_1_182' title='bbox 892 2315 985 2367; x_wconf 72' lang='grc' dir='ltr'>καὶ</span> <span class='ocrx_word' id='word_1_183' title='bbox 1012 2313 1100 2367; x_wconf 77' lang='grc' dir='ltr'><strong>διὰ</strong></span> <span class='ocrx_word' id='word_1_184' title='bbox 1129 2313 1318 2367; x_wconf 80' lang='grc' dir='ltr'>τούτου</span> <span class='ocrx_word' id='word_1_185' title='bbox 1343 2313 1439 2367; x_wconf 79' lang='grc' dir='ltr'><strong>τοῦ</strong></span> <span class='ocrx_word' id='word_1_186' title='bbox 1475 2314 1706 2386; x_wconf 86' lang='grc' dir='ltr'>σημείου</span> <span class='ocrx_word' id='word_1_187' title='bbox 1733 2314 2084 2384; x_wconf 85' lang='grc' dir='ltr'>συνάγεσθαι,</span> 
     </span>
    </p>
   </div>
   <div class='ocr_carea' id='block_1_26' title="bbox 497 2390 2088 2479">
    <p class='ocr_par' dir='ltr' id='par_1_26' title="bbox 497 2390 2088 2479">
     <span class='ocr_line' id='line_1_26' title="bbox 497 2390 2088 2479; baseline 0.002 -22"><span class='ocrx_word' id='word_1_188' title='bbox 497 2405 582 2457; x_wconf 80' lang='grc' dir='ltr'>ὅτι</span> <span class='ocrx_word' id='word_1_189' title='bbox 612 2404 716 2458; x_wconf 84' lang='grc' dir='ltr'>ὑπὸ</span> <span class='ocrx_word' id='word_1_190' title='bbox 748 2403 842 2458; x_wconf 80' lang='grc' dir='ltr'>τοῦ</span> <span class='ocrx_word' id='word_1_191' title='bbox 873 2405 1026 2477; x_wconf 84' lang='grc' dir='ltr'>ἡλίου</span> <span class='ocrx_word' id='word_1_192' title='bbox 1058 2390 1412 2478; x_wconf 75' lang='grc' dir='ltr'>φωτίζεταίὴ</span> <span class='ocrx_word' id='word_1_193' title='bbox 1459 2407 1675 2479; x_wconf 80' lang='grc' dir='ltr'>σελήνη.</span> <span class='ocrx_word' id='word_1_194' title='bbox 1731 2407 2088 2478; x_wconf 84' lang='grc' dir='ltr'>Πεφωτισμέ-</span> 
     </span>
    </p>
   </div>
   <div class='ocr_carea' id='block_1_27' title="bbox 497 2496 2087 2570">
    <p class='ocr_par' dir='ltr' id='par_1_27' title="bbox 497 2496 2087 2570">
     <span class='ocr_line' id='line_1_27' title="bbox 497 2496 2087 2570; baseline 0.003 -24"><span class='ocrx_word' id='word_1_195' title='bbox 497 2513 586 2549; x_wconf 87' lang='grc' dir='ltr'><strong>νον</strong></span> <span class='ocrx_word' id='word_1_196' title='bbox 613 2496 859 2566; x_wconf 82' lang='grc' dir='ltr'>μέντοιγε</span> <span class='ocrx_word' id='word_1_197' title='bbox 880 2496 969 2550; x_wconf 80' lang='grc' dir='ltr'>διὰ</span> <span class='ocrx_word' id='word_1_198' title='bbox 1005 2498 1203 2560; x_wconf 86' lang='grc' dir='ltr'>παντὸς</span> <span class='ocrx_word' id='word_1_199' title='bbox 1245 2499 1414 2570; x_wconf 78' lang='grc' dir='ltr'>αὐτῆς</span> <span class='ocrx_word' id='word_1_200' title='bbox 1445 2499 1505 2551; x_wconf 83' lang='grc' dir='ltr'>τὸ</span> <span class='ocrx_word' id='word_1_201' title='bbox 1528 2497 1641 2552; x_wconf 86' lang='grc' dir='ltr'>ἴσον</span> <span class='ocrx_word' id='word_1_202' title='bbox 1675 2499 1822 2552; x_wconf 74' lang='grc' dir='ltr'>ἐστὶν</span> <span class='ocrx_word' id='word_1_203' title='bbox 1855 2497 1928 2561; x_wconf 84' lang='grc' dir='ltr'>ὡς</span> <span class='ocrx_word' id='word_1_204' title='bbox 1958 2499 2087 2568; x_wconf 89' lang='grc' dir='ltr'>ἡμι-</span> 
     </span>
    </p>
   </div>
   <div class='ocr_carea' id='block_1_28' title="bbox 501 2587 2088 2659">
    <p class='ocr_par' dir='ltr' id='par_1_28' title="bbox 501 2587 2088 2659">
     <span class='ocr_line' id='line_1_28' title="bbox 501 2587 2088 2659; baseline 0.003 -20"><span class='ocrx_word' id='word_1_205' title='bbox 501 2587 747 2659; x_wconf 82' lang='grc' dir='ltr'>σφαίριον</span> <span class='ocrx_word' id='word_1_206' title='bbox 769 2605 782 2618; x_wconf 75' lang='grc' dir='ltr'><strong>ο</strong></span> <span class='ocrx_word' id='word_1_207' title='bbox 822 2588 884 2640; x_wconf 80' lang='grc' dir='ltr'>οὐ</span> <span class='ocrx_word' id='word_1_208' title='bbox 912 2588 1161 2657; x_wconf 87' lang='grc' dir='ltr'>φαίνεται</span> <span class='ocrx_word' id='word_1_209' title='bbox 1203 2589 1263 2641; x_wconf 80' lang='grc' dir='ltr'>δὲ</span> <span class='ocrx_word' id='word_1_210' title='bbox 1317 2589 1405 2642; x_wconf 84' lang='grc' dir='ltr'><strong>διὰ</strong></span> <span class='ocrx_word' id='word_1_211' title='bbox 1442 2589 1642 2652; x_wconf 84' lang='grc' dir='ltr'>παντὸς</span> <span class='ocrx_word' id='word_1_212' title='bbox 1673 2588 1842 2659; x_wconf 83' lang='grc' dir='ltr'>αὐτῆς</span> <span class='ocrx_word' id='word_1_213' title='bbox 1871 2589 1932 2641; x_wconf 85' lang='grc' dir='ltr'>τὸ</span> <span class='ocrx_word' id='word_1_214' title='bbox 1976 2589 2088 2643; x_wconf 78' lang='grc' dir='ltr'>ἴσον</span> 
     </span>
    </p>
   </div>
   <div class='ocr_carea' id='block_1_29' title="bbox 499 2676 2087 2756">
    <p class='ocr_par' dir='ltr' id='par_1_29' title="bbox 499 2676 2087 2756">
     <span class='ocr_line' id='line_1_29' title="bbox 499 2676 2087 2756; baseline -0.001 -21"><span class='ocrx_word' id='word_1_215' title='bbox 499 2682 912 2754; x_wconf 72' lang='grc' dir='ltr'>πεφωτισμένον</span> <span class='ocrx_word' id='word_1_216' title='bbox 935 2676 1010 2748; x_wconf 84' lang='grc' dir='ltr'><strong>ὡς</strong></span> <span class='ocrx_word' id='word_1_217' title='bbox 1037 2684 1173 2756; x_wconf 82' lang='grc' dir='ltr'>πρὸς</span> <span class='ocrx_word' id='word_1_218' title='bbox 1205 2683 1304 2756; x_wconf 85' lang='grc' dir='ltr'>τὴν</span> <span class='ocrx_word' id='word_1_219' title='bbox 1335 2682 1609 2755; x_wconf 89' lang='grc' dir='ltr'>ἡμετέραν</span> <span class='ocrx_word' id='word_1_220' title='bbox 1640 2684 1850 2755; x_wconf 82' lang='grc' dir='ltr'>ὅρασιν,</span> <span class='ocrx_word' id='word_1_221' title='bbox 1879 2681 1967 2734; x_wconf 83' lang='grc' dir='ltr'>διὰ</span> <span class='ocrx_word' id='word_1_222' title='bbox 1987 2681 2087 2746; x_wconf 87' lang='grc' dir='ltr'><strong>τὰς</strong></span> 
     </span>
    </p>
   </div>
   <div class='ocr_carea' id='block_1_30' title="bbox 501 2772 2086 2846">
    <p class='ocr_par' dir='ltr' id='par_1_30' title="bbox 501 2772 2086 2846">
     <span class='ocr_line' id='line_1_30' title="bbox 501 2772 2086 2846; baseline -0.003 -18"><span class='ocrx_word' id='word_1_223' title='bbox 501 2774 635 2845; x_wconf 84' lang='grc' dir='ltr'>πρὸς</span> <span class='ocrx_word' id='word_1_224' title='bbox 683 2775 775 2828; x_wconf 81' lang='grc' dir='ltr'>τὸν</span> <span class='ocrx_word' id='word_1_225' title='bbox 808 2775 956 2846; x_wconf 83' lang='grc' dir='ltr'>ἡλιον</span> <span class='ocrx_word' id='word_1_226' title='bbox 996 2775 1342 2838; x_wconf 82' lang='grc' dir='ltr'>ἀποστάσεις.</span> <span class='ocrx_word' id='word_1_227' title='bbox 1385 2774 1556 2828; x_wconf 82' lang='grc' dir='ltr'>Ὅταν</span> <span class='ocrx_word' id='word_1_228' title='bbox 1605 2775 1704 2845; x_wconf 85' lang='grc' dir='ltr'>μὲν</span> <span class='ocrx_word' id='word_1_229' title='bbox 1754 2772 1865 2845; x_wconf 78' lang='grc' dir='ltr'>γὰρ</span> <span class='ocrx_word' id='word_1_230' title='bbox 1911 2773 1969 2825; x_wconf 82' lang='grc' dir='ltr'>ὲν</span> <span class='ocrx_word' id='word_1_231' title='bbox 2018 2774 2086 2842; x_wconf 81' lang='grc' dir='ltr'>τῇ</span> 
     </span>
    </p>
   </div>
   <div class='ocr_carea' id='block_1_31' title="bbox 497 2865 2085 2939">
    <p class='ocr_par' dir='ltr' id='par_1_31' title="bbox 497 2865 2085 2939">
     <span class='ocr_line' id='line_1_31' title="bbox 497 2865 2085 2939; baseline -0.001 -21"><span class='ocrx_word' id='word_1_232' title='bbox 497 2866 748 2938; x_wconf 86' lang='grc' dir='ltr'>τριακάδι</span> <span class='ocrx_word' id='word_1_233' title='bbox 779 2868 838 2919; x_wconf 85' lang='grc' dir='ltr'>ὲν</span> <span class='ocrx_word' id='word_1_234' title='bbox 891 2869 958 2938; x_wconf 77' lang='grc' dir='ltr'><strong>τῇ</strong></span> <span class='ocrx_word' id='word_1_235' title='bbox 1017 2868 1153 2938; x_wconf 83' lang='grc' dir='ltr'>αὐτῇ</span> <span class='ocrx_word' id='word_1_236' title='bbox 1217 2866 1379 2939; x_wconf 82' lang='grc' dir='ltr'>μοίρᾳ</span> <span class='ocrx_word' id='word_1_237' title='bbox 1410 2867 1632 2936; x_wconf 86' lang='grc' dir='ltr'>γένηται</span> <span class='ocrx_word' id='word_1_238' title='bbox 1685 2868 1714 2919; x_wconf 85' lang='grc' dir='ltr'><strong>ό</strong></span> <span class='ocrx_word' id='word_1_239' title='bbox 1737 2865 1886 2936; x_wconf 82' lang='grc' dir='ltr'>ἥλιος</span> <span class='ocrx_word' id='word_1_240' title='bbox 1924 2865 2018 2918; x_wconf 78' lang='grc' dir='ltr'>καὶ</span> <span class='ocrx_word' id='word_1_241' title='bbox 2051 2865 2085 2935; x_wconf 89' lang='grc' dir='ltr'><strong>ἡ</strong></span> 
     </span>
    </p>
   </div>
   <div class='ocr_carea' id='block_1_32' title="bbox 501 2954 2091 3030">
    <p class='ocr_par' dir='ltr' id='par_1_32' title="bbox 501 2954 2091 3030">
     <span class='ocr_line' id='line_1_32' title="bbox 501 2954 2091 3030; baseline -0.001 -21"><span class='ocrx_word' id='word_1_242' title='bbox 501 2957 722 3029; x_wconf 86' lang='grc' dir='ltr'>σελήνη,</span> <span class='ocrx_word' id='word_1_243' title='bbox 747 2959 868 3012; x_wconf 89' lang='grc' dir='ltr'>τότε</span> <span class='ocrx_word' id='word_1_244' title='bbox 885 2959 945 3012; x_wconf 81' lang='grc' dir='ltr'>τὸ</span> <span class='ocrx_word' id='word_1_245' title='bbox 982 2959 1338 3030; x_wconf 81' lang='grc' dir='ltr'>ἡμισφαίριον</span> <span class='ocrx_word' id='word_1_246' title='bbox 1363 2956 1811 3027; x_wconf 83' lang='grc' dir='ltr'>ὲπεστραμμένον</span> <span class='ocrx_word' id='word_1_247' title='bbox 1846 2955 1979 3027; x_wconf 85' lang='grc' dir='ltr'>πρὸς</span> <span class='ocrx_word' id='word_1_248' title='bbox 2000 2954 2091 3008; x_wconf 78' lang='grc' dir='ltr'>τὸν</span> 
     </span>
    </p>
   </div>
   <div class='ocr_carea' id='block_1_33' title="bbox 498 3045 2086 3121">
    <p class='ocr_par' dir='ltr' id='par_1_33' title="bbox 498 3045 2086 3121">
     <span class='ocr_line' id='line_1_33' title="bbox 498 3045 2086 3121; baseline -0.001 -19"><span class='ocrx_word' id='word_1_249' title='bbox 498 3049 666 3119; x_wconf 70' lang='grc' dir='ltr'>ἣλιον,</span> <span class='ocrx_word' id='word_1_250' title='bbox 704 3050 1160 3121; x_wconf 84' lang='grc' dir='ltr'>ἀπεστραμμένον</span> <span class='ocrx_word' id='word_1_251' title='bbox 1217 3049 1274 3102; x_wconf 81' lang='grc' dir='ltr'>δὲ</span> <span class='ocrx_word' id='word_1_252' title='bbox 1330 3049 1436 3102; x_wconf 85' lang='grc' dir='ltr'>ἀπὸ</span> <span class='ocrx_word' id='word_1_253' title='bbox 1465 3048 1567 3118; x_wconf 82' lang='grc' dir='ltr'>τῆς</span> <span class='ocrx_word' id='word_1_254' title='bbox 1599 3047 1872 3120; x_wconf 88' lang='grc' dir='ltr'>ἡμετέρας</span> <span class='ocrx_word' id='word_1_255' title='bbox 1893 3045 2086 3117; x_wconf 76' lang='grc' dir='ltr'>ὅψεως,</span> 
     </span>
    </p>
   </div>
   <div class='ocr_carea' id='block_1_34' title="bbox 2188 571 3754 645">
    <p class='ocr_par' dir='ltr' id='par_1_34' title="bbox 2188 571 3754 645">
     <span class='ocr_line' id='line_1_34' title="bbox 2188 571 3754 645; baseline 0.004 -20"><span class='ocrx_word' id='word_1_256' title='bbox 2188 571 2268 626; x_wconf 90' lang='lat' dir='ltr'><strong>dit</strong></span> <span class='ocrx_word' id='word_1_257' title='bbox 2298 582 2422 642; x_wconf 91' lang='lat' dir='ltr'><strong>post</strong></span> <span class='ocrx_word' id='word_1_258' title='bbox 2441 575 2634 640; x_wconf 88' lang='lat' dir='ltr'><strong>solem,</strong></span> <span class='ocrx_word' id='word_1_259' title='bbox 2667 591 2795 645; x_wconf 91' lang='lat' dir='ltr'><strong>pars</strong></span> <span class='ocrx_word' id='word_1_260' title='bbox 2826 575 3121 645; x_wconf 87' lang='lat' dir='ltr'><strong>splendens</strong></span> <span class='ocrx_word' id='word_1_261' title='bbox 3169 576 3240 631; x_wconf 83' lang='lat' dir='ltr'><strong>ad</strong></span> <span class='ocrx_word' id='word_1_262' title='bbox 3295 577 3464 633; x_wconf 82' lang='lat' dir='ltr'><strong>solem</strong></span> <span class='ocrx_word' id='word_1_263' title='bbox 3491 593 3754 639; x_wconf 83' lang='lat' dir='ltr'><strong>conversa</strong></span> 
     </span>
    </p>
   </div>
   <div class='ocr_carea' id='block_1_35' title="bbox 2186 663 3752 735">
    <p class='ocr_par' dir='ltr' id='par_1_35' title="bbox 2186 663 3752 735">
     <span class='ocr_line' id='line_1_35' title="bbox 2186 663 3752 735; baseline 0.003 -16"><span class='ocrx_word' id='word_1_264' title='bbox 2186 670 2292 719; x_wconf 89' lang='lat' dir='ltr'><strong>est.</strong></span> <span class='ocrx_word' id='word_1_265' title='bbox 2321 663 2380 719; x_wconf 85' lang='grc' dir='ltr'>ιιι</span> <span class='ocrx_word' id='word_1_266' title='bbox 2407 666 2738 735; x_wconf 88' lang='lat' dir='ltr'><strong>quibusdam</strong></span> <span class='ocrx_word' id='word_1_267' title='bbox 2763 674 2944 722; x_wconf 89' lang='lat' dir='ltr'><strong>autem</strong></span> <span class='ocrx_word' id='word_1_268' title='bbox 2976 667 3171 724; x_wconf 84' lang='lat' dir='ltr'><strong>diebus</strong></span> <span class='ocrx_word' id='word_1_269' title='bbox 3188 668 3477 725; x_wconf 82' lang='lat' dir='ltr'><strong>observata</strong></span> <span class='ocrx_word' id='word_1_270' title='bbox 3505 677 3589 725; x_wconf 85' lang='lat' dir='ltr'><strong>est</strong></span> <span class='ocrx_word' id='word_1_271' title='bbox 3626 671 3752 724; x_wconf 84' lang='lat' dir='ltr'><strong>luna</strong></span> 
     </span>
    </p>
   </div>
   <div class='ocr_carea' id='block_1_36' title="bbox 2185 759 3754 832">
    <p class='ocr_par' dir='ltr' id='par_1_36' title="bbox 2185 759 3754 832">
     <span class='ocr_line' id='line_1_36' title="bbox 2185 759 3754 832; baseline 0.004 -23"><span class='ocrx_word' id='word_1_272' title='bbox 2185 771 2314 811; x_wconf 84' lang='lat' dir='ltr'><strong>raro</strong></span> <span class='ocrx_word' id='word_1_273' title='bbox 2348 759 2601 813; x_wconf 86' lang='lat' dir='ltr'><strong>occidere</strong></span> <span class='ocrx_word' id='word_1_274' title='bbox 2627 768 2748 828; x_wconf 91' lang='lat' dir='ltr'><strong>post</strong></span> <span class='ocrx_word' id='word_1_275' title='bbox 2785 759 2977 822; x_wconf 92' lang='lat' dir='ltr'><strong>solem,</strong></span> <span class='ocrx_word' id='word_1_276' title='bbox 3007 765 3061 814; x_wconf 92' lang='lat' dir='ltr'><strong>et</strong></span> <span class='ocrx_word' id='word_1_277' title='bbox 3109 760 3310 816; x_wconf 88' lang='lat' dir='ltr'><strong>habere</strong></span> <span class='ocrx_word' id='word_1_278' title='bbox 3329 769 3538 832; x_wconf 89' lang='lat' dir='ltr'><strong>partem</strong></span> <span class='ocrx_word' id='word_1_279' title='bbox 3569 764 3754 832; x_wconf 86' lang='lat' dir='ltr'><strong>splen-</strong></span> 
     </span>
    </p>
   </div>
   <div class='ocr_carea' id='block_1_37' title="bbox 2185 849 3755 920">
    <p class='ocr_par' dir='ltr' id='par_1_37' title="bbox 2185 849 3755 920">
     <span class='ocr_line' id='line_1_37' title="bbox 2185 849 3755 920; baseline 0.002 -16"><span class='ocrx_word' id='word_1_280' title='bbox 2185 850 2370 904; x_wconf 86' lang='lat' dir='ltr'><strong>didam</strong></span> <span class='ocrx_word' id='word_1_281' title='bbox 2409 849 2792 920; x_wconf 80' lang='lat' dir='ltr'><strong>respicientem</strong></span> <span class='ocrx_word' id='word_1_282' title='bbox 2821 865 3103 906; x_wconf 89' lang='lat' dir='ltr'><strong>occasum.</strong></span> <span class='ocrx_word' id='word_1_283' title='bbox 3129 850 3266 905; x_wconf 88' lang='lat' dir='ltr'><strong>Cum</strong></span> <span class='ocrx_word' id='word_1_284' title='bbox 3307 866 3438 906; x_wconf 90' lang='lat' dir='ltr'><strong>vero</strong></span> <span class='ocrx_word' id='word_1_285' title='bbox 3484 861 3755 907; x_wconf 88' lang='lat' dir='ltr'><strong>nocturno</strong></span> 
     </span>
    </p>
   </div>
   <div class='ocr_carea' id='block_1_38' title="bbox 2190 941 3756 1011">
    <p class='ocr_par' dir='ltr' id='par_1_38' title="bbox 2190 941 3756 1011">
     <span class='ocr_line' id='line_1_38' title="bbox 2190 941 3756 1011; baseline 0.001 -15"><span class='ocrx_word' id='word_1_286' title='bbox 2190 949 2436 1011; x_wconf 90' lang='lat' dir='ltr'><strong>tempore</strong></span> <span class='ocrx_word' id='word_1_287' title='bbox 2462 941 2689 996; x_wconf 91' lang='lat' dir='ltr'><strong>alternis</strong></span> <span class='ocrx_word' id='word_1_288' title='bbox 2712 942 2886 996; x_wconf 80' lang='lat' dir='ltr'><strong>variat</strong></span> <span class='ocrx_word' id='word_1_289' title='bbox 2915 941 2982 996; x_wconf 88' lang='lat' dir='ltr'><strong>ad</strong></span> <span class='ocrx_word' id='word_1_290' title='bbox 3007 943 3200 1008; x_wconf 89' lang='lat' dir='ltr'><strong>solem,</strong></span> <span class='ocrx_word' id='word_1_291' title='bbox 3232 951 3285 998; x_wconf 93' lang='lat' dir='ltr'><strong>et</strong></span> <span class='ocrx_word' id='word_1_292' title='bbox 3313 944 3626 1010; x_wconf 5' lang='lat' dir='ltr'><strong>antejsolem</strong></span> <span class='ocrx_word' id='word_1_293' title='bbox 3649 948 3756 998; x_wconf 88' lang='lat' dir='ltr'><strong>ori-</strong></span> 
     </span>
    </p>
   </div>
   <div class='ocr_carea' id='block_1_39' title="bbox 2185 1032 3750 1103">
    <p class='ocr_par' dir='ltr' id='par_1_39' title="bbox 2185 1032 3750 1103">
     <span class='ocr_line' id='line_1_39' title="bbox 2185 1032 3750 1103; baseline 0.001 -17"><span class='ocrx_word' id='word_1_294' title='bbox 2185 1040 2308 1100; x_wconf 86' lang='lat' dir='ltr'><strong>tur;</strong></span> <span class='ocrx_word' id='word_1_295' title='bbox 2341 1033 2557 1088; x_wconf 90' lang='lat' dir='ltr'><strong>videtur</strong></span> <span class='ocrx_word' id='word_1_296' title='bbox 2573 1033 2948 1103; x_wconf 79' lang='lat' dir='ltr'><strong>Splendentem</strong></span> <span class='ocrx_word' id='word_1_297' title='bbox 2982 1041 3189 1103; x_wconf 85' lang='lat' dir='ltr'><strong>partem</strong></span> <span class='ocrx_word' id='word_1_298' title='bbox 3219 1032 3421 1090; x_wconf 85' lang='lat' dir='ltr'><strong>habere</strong></span> <span class='ocrx_word' id='word_1_299' title='bbox 3450 1034 3517 1089; x_wconf 92' lang='lat' dir='ltr'><strong>ad</strong></span> <span class='ocrx_word' id='word_1_300' title='bbox 3548 1040 3750 1089; x_wconf 89' lang='lat' dir='ltr'><strong>ortum.</strong></span> 
     </span>
    </p>
   </div>
   <div class='ocr_carea' id='block_1_40' title="bbox 2186 1125 3750 1183">
    <p class='ocr_par' dir='ltr' id='par_1_40' title="bbox 2186 1125 3750 1183">
     <span class='ocr_line' id='line_1_40' title="bbox 2186 1125 3750 1183; baseline 0.001 -2"><span class='ocrx_word' id='word_1_301' title='bbox 2186 1125 2344 1182; x_wconf 88' lang='lat' dir='ltr'><strong>Unde</strong></span> <span class='ocrx_word' id='word_1_302' title='bbox 2387 1125 2742 1181; x_wconf 85' lang='lat' dir='ltr'><strong>manifestum</strong></span> <span class='ocrx_word' id='word_1_303' title='bbox 2799 1134 2886 1182; x_wconf 91' lang='lat' dir='ltr'><strong>est</strong></span> <span class='ocrx_word' id='word_1_304' title='bbox 2949 1127 3134 1181; x_wconf 88' lang='lat' dir='ltr'><strong>lunam</strong></span> <span class='ocrx_word' id='word_1_305' title='bbox 3179 1141 3211 1180; x_wconf 90' lang='lat' dir='ltr'><strong>a</strong></span> <span class='ocrx_word' id='word_1_306' title='bbox 3278 1127 3395 1183; x_wconf 90' lang='lat' dir='ltr'><strong>sole</strong></span> <span class='ocrx_word' id='word_1_307' title='bbox 3434 1127 3750 1182; x_wconf 88' lang='lat' dir='ltr'><strong>illuminari.</strong></span> 
     </span>
    </p>
   </div>
   <div class='ocr_carea' id='block_1_41' title="bbox 2187 1217 3754 1277">
    <p class='ocr_par' dir='ltr' id='par_1_41' title="bbox 2187 1217 3754 1277">
     <span class='ocr_line' id='line_1_41' title="bbox 2187 1217 3754 1277; baseline 0.002 -3"><span class='ocrx_word' id='word_1_308' title='bbox 2187 1217 2487 1275; x_wconf 89' lang='lat' dir='ltr'><strong>Observata</strong></span> <span class='ocrx_word' id='word_1_309' title='bbox 2519 1225 2654 1275; x_wconf 90' lang='lat' dir='ltr'><strong>sunt</strong></span> <span class='ocrx_word' id='word_1_310' title='bbox 2685 1227 2739 1274; x_wconf 91' lang='lat' dir='ltr'><strong>et</strong></span> <span class='ocrx_word' id='word_1_311' title='bbox 2762 1219 2910 1273; x_wconf 84' lang='lat' dir='ltr'><strong>talia.</strong></span> <span class='ocrx_word' id='word_1_312' title='bbox 2945 1219 3082 1274; x_wconf 90' lang='lat' dir='ltr'><strong>Cum</strong></span> <span class='ocrx_word' id='word_1_313' title='bbox 3124 1220 3271 1276; x_wconf 89' lang='lat' dir='ltr'><strong>enim</strong></span> <span class='ocrx_word' id='word_1_314' title='bbox 3297 1221 3380 1276; x_wconf 92' lang='lat' dir='ltr'><strong>sol</strong></span> <span class='ocrx_word' id='word_1_315' title='bbox 3427 1220 3483 1275; x_wconf 89' lang='lat' dir='ltr'><strong>in</strong></span> <span class='ocrx_word' id='word_1_316' title='bbox 3507 1221 3754 1277; x_wconf 81' lang='lat' dir='ltr'><strong>hibernis</strong></span> 
     </span>
    </p>
   </div>
   <div class='ocr_carea' id='block_1_42' title="bbox 2189 1310 3755 1378">
    <p class='ocr_par' dir='ltr' id='par_1_42' title="bbox 2189 1310 3755 1378">
     <span class='ocr_line' id='line_1_42' title="bbox 2189 1310 3755 1378; baseline 0.001 -12"><span class='ocrx_word' id='word_1_317' title='bbox 2189 1311 2648 1367; x_wconf 83' lang='lat' dir='ltr'><strong>conversionibus</strong></span> <span class='ocrx_word' id='word_1_318' title='bbox 2679 1310 2955 1368; x_wconf 80' lang='lat' dir='ltr'><strong>exsistens</strong></span> <span class='ocrx_word' id='word_1_319' title='bbox 2980 1313 3176 1378; x_wconf 86' lang='lat' dir='ltr'><strong>oritur,</strong></span> <span class='ocrx_word' id='word_1_320' title='bbox 3229 1320 3361 1367; x_wconf 92' lang='lat' dir='ltr'><strong>tunc</strong></span> <span class='ocrx_word' id='word_1_321' title='bbox 3400 1313 3640 1367; x_wconf 89' lang='lat' dir='ltr'><strong>medium</strong></span> <span class='ocrx_word' id='word_1_322' title='bbox 3690 1314 3755 1367; x_wconf 92' lang='lat' dir='ltr'><strong>il-</strong></span> 
     </span>
    </p>
   </div>
   <div class='ocr_carea' id='block_1_43' title="bbox 2189 1401 3754 1474">
    <p class='ocr_par' dir='ltr' id='par_1_43' title="bbox 2189 1401 3754 1474">
     <span class='ocr_line' id='line_1_43' title="bbox 2189 1401 3754 1474; baseline 0.001 -18"><span class='ocrx_word' id='word_1_323' title='bbox 2189 1403 2471 1457; x_wconf 66' lang='lat' dir='ltr'><strong>luminata:</strong></span> <span class='ocrx_word' id='word_1_324' title='bbox 2527 1402 2702 1473; x_wconf 89' lang='lat' dir='ltr'><strong>partis</strong></span> <span class='ocrx_word' id='word_1_325' title='bbox 2746 1403 2891 1457; x_wconf 67' lang='lat' dir='ltr'><strong>lunae</strong></span> <span class='ocrx_word' id='word_1_326' title='bbox 2938 1402 3164 1474; x_wconf 89' lang='lat' dir='ltr'><strong>respicit</strong></span> <span class='ocrx_word' id='word_1_327' title='bbox 3209 1401 3277 1456; x_wconf 87' lang='lat' dir='ltr'><strong>ad</strong></span> <span class='ocrx_word' id='word_1_328' title='bbox 3324 1402 3530 1458; x_wconf 87' lang='lat' dir='ltr'><strong>solem:</strong></span> <span class='ocrx_word' id='word_1_329' title='bbox 3577 1403 3653 1458; x_wconf 90' lang='lat' dir='ltr'><strong>ita</strong></span> <span class='ocrx_word' id='word_1_330' title='bbox 3697 1415 3754 1458; x_wconf 90' lang='lat' dir='ltr'><strong>ut</strong></span> 
     </span>
    </p>
   </div>
   <div class='ocr_carea' id='block_1_44' title="bbox 2185 1494 3750 1566">
    <p class='ocr_par' dir='ltr' id='par_1_44' title="bbox 2185 1494 3750 1566">
     <span class='ocr_line' id='line_1_44' title="bbox 2185 1494 3750 1566; baseline -0.001 -18"><span class='ocrx_word' id='word_1_331' title='bbox 2185 1502 2338 1549; x_wconf 90' lang='lat' dir='ltr'><strong>recta</strong></span> <span class='ocrx_word' id='word_1_332' title='bbox 2374 1495 2542 1559; x_wconf 88' lang='lat' dir='ltr'><strong>linea,</strong></span> <span class='ocrx_word' id='word_1_333' title='bbox 2574 1510 2697 1566; x_wconf 68' lang='lat' dir='ltr'><strong>quae</strong></span> <span class='ocrx_word' id='word_1_334' title='bbox 2747 1508 2955 1548; x_wconf 90' lang='lat' dir='ltr'><strong>cornua</strong></span> <span class='ocrx_word' id='word_1_335' title='bbox 2988 1495 3132 1549; x_wconf 79' lang='lat' dir='ltr'><strong>lunae</strong></span> <span class='ocrx_word' id='word_1_336' title='bbox 3185 1494 3494 1564; x_wconf 89' lang='lat' dir='ltr'><strong>conjungit,</strong></span> <span class='ocrx_word' id='word_1_337' title='bbox 3529 1497 3750 1565; x_wconf 77' lang='lat' dir='ltr'><strong>aequali-</strong></span> 
     </span>
    </p>
   </div>
   <div class='ocr_carea' id='block_1_45' title="bbox 2187 1584 3750 1656">
    <p class='ocr_par' dir='ltr' id='par_1_45' title="bbox 2187 1584 3750 1656">
     <span class='ocr_line' id='line_1_45' title="bbox 2187 1584 3750 1656; baseline 0 -17"><span class='ocrx_word' id='word_1_338' title='bbox 2187 1593 2290 1649; x_wconf 85' lang='lat' dir='ltr'><strong>ter,</strong></span> <span class='ocrx_word' id='word_1_339' title='bbox 2349 1594 2404 1640; x_wconf 93' lang='lat' dir='ltr'><strong>et</strong></span> <span class='ocrx_word' id='word_1_340' title='bbox 2463 1585 2531 1640; x_wconf 88' lang='lat' dir='ltr'><strong>ad</strong></span> <span class='ocrx_word' id='word_1_341' title='bbox 2581 1584 2811 1656; x_wconf 79' lang='lat' dir='ltr'><strong>angulos</strong></span> <span class='ocrx_word' id='word_1_342' title='bbox 2858 1591 3041 1640; x_wconf 88' lang='lat' dir='ltr'><strong>rectos</strong></span> <span class='ocrx_word' id='word_1_343' title='bbox 3084 1592 3301 1640; x_wconf 87' lang='lat' dir='ltr'><strong>secetur</strong></span> <span class='ocrx_word' id='word_1_344' title='bbox 3331 1599 3360 1638; x_wconf 90' lang='lat' dir='ltr'><strong>a</strong></span> <span class='ocrx_word' id='word_1_345' title='bbox 3391 1593 3538 1639; x_wconf 89' lang='lat' dir='ltr'><strong>recta</strong></span> <span class='ocrx_word' id='word_1_346' title='bbox 3563 1600 3750 1640; x_wconf 87' lang='lat' dir='ltr'><strong>earum</strong></span> 
     </span>
    </p>
   </div>
   <div class='ocr_carea' id='block_1_46' title="bbox 2188 1675 3751 1746">
    <p class='ocr_par' dir='ltr' id='par_1_46' title="bbox 2188 1675 3751 1746">
     <span class='ocr_line' id='line_1_46' title="bbox 2188 1675 3751 1746; baseline -0.001 -17"><span class='ocrx_word' id='word_1_347' title='bbox 2188 1675 2482 1740; x_wconf 89' lang='lat' dir='ltr'><strong>linearum,</strong></span> <span class='ocrx_word' id='word_1_348' title='bbox 2510 1691 2631 1746; x_wconf 79' lang='lat' dir='ltr'><strong>quae</strong></span> <span class='ocrx_word' id='word_1_349' title='bbox 2667 1675 2947 1730; x_wconf 88' lang='lat' dir='ltr'><strong>ducuntur</strong></span> <span class='ocrx_word' id='word_1_350' title='bbox 2985 1689 3017 1729; x_wconf 89' lang='lat' dir='ltr'><strong>a</strong></span> <span class='ocrx_word' id='word_1_351' title='bbox 3057 1683 3249 1730; x_wconf 89' lang='lat' dir='ltr'><strong>centro</strong></span> <span class='ocrx_word' id='word_1_352' title='bbox 3308 1675 3443 1730; x_wconf 92' lang='lat' dir='ltr'><strong>solis</strong></span> <span class='ocrx_word' id='word_1_353' title='bbox 3479 1675 3544 1730; x_wconf 87' lang='lat' dir='ltr'><strong>ad</strong></span> <span class='ocrx_word' id='word_1_354' title='bbox 3568 1691 3751 1746; x_wconf 59' lang='lat' dir='ltr'><strong>aequa-</strong></span> 
     </span>
    </p>
   </div>
   <div class='ocr_carea' id='block_1_47' title="bbox 2188 1767 3751 1832">
    <p class='ocr_par' dir='ltr' id='par_1_47' title="bbox 2188 1767 3751 1832">
     <span class='ocr_line' id='line_1_47' title="bbox 2188 1767 3751 1832; baseline 0.001 -11"><span class='ocrx_word' id='word_1_355' title='bbox 2188 1767 2295 1823; x_wconf 89' lang='lat' dir='ltr'><strong>lem</strong></span> <span class='ocrx_word' id='word_1_356' title='bbox 2349 1767 2646 1823; x_wconf 84' lang='lat' dir='ltr'><strong>sectionem</strong></span> <span class='ocrx_word' id='word_1_357' title='bbox 2702 1767 2888 1832; x_wconf 68' lang='lat' dir='ltr'><strong>lunae;</strong></span> <span class='ocrx_word' id='word_1_358' title='bbox 2925 1781 3048 1820; x_wconf 91' lang='lat' dir='ltr'><strong>cum</strong></span> <span class='ocrx_word' id='word_1_359' title='bbox 3102 1782 3232 1822; x_wconf 89' lang='lat' dir='ltr'><strong>vero</strong></span> <span class='ocrx_word' id='word_1_360' title='bbox 3292 1769 3374 1824; x_wconf 92' lang='lat' dir='ltr'><strong>sol</strong></span> <span class='ocrx_word' id='word_1_361' title='bbox 3446 1768 3501 1822; x_wconf 91' lang='lat' dir='ltr'><strong>in</strong></span> <span class='ocrx_word' id='word_1_362' title='bbox 3547 1767 3751 1823; x_wconf 86' lang='lat' dir='ltr'><strong>aestivis</strong></span> 
     </span>
    </p>
   </div>
   <div class='ocr_carea' id='block_1_48' title="bbox 2185 1858 3752 1924">
    <p class='ocr_par' dir='ltr' id='par_1_48' title="bbox 2185 1858 3752 1924">
     <span class='ocr_line' id='line_1_48' title="bbox 2185 1858 3752 1924; baseline -0.001 -9"><span class='ocrx_word' id='word_1_363' title='bbox 2185 1859 2462 1915; x_wconf 78' lang='lat' dir='ltr'><strong>exsistens</strong></span> <span class='ocrx_word' id='word_1_364' title='bbox 2517 1858 2972 1914; x_wconf 76' lang='lat' dir='ltr'><strong>conversionibus</strong></span> <span class='ocrx_word' id='word_1_365' title='bbox 3011 1858 3207 1924; x_wconf 90' lang='lat' dir='ltr'><strong>oritur,</strong></span> <span class='ocrx_word' id='word_1_366' title='bbox 3247 1873 3441 1915; x_wconf 88' lang='lat' dir='ltr'><strong>rursus</strong></span> <span class='ocrx_word' id='word_1_367' title='bbox 3488 1859 3752 1915; x_wconf 83' lang='lat' dir='ltr'><strong>medietas</strong></span> 
     </span>
    </p>
   </div>
   <div class='ocr_carea' id='block_1_49' title="bbox 2186 1949 3752 2020">
    <p class='ocr_par' dir='ltr' id='par_1_49' title="bbox 2186 1949 3752 2020">
     <span class='ocr_line' id='line_1_49' title="bbox 2186 1949 3752 2020; baseline 0 -16"><span class='ocrx_word' id='word_1_368' title='bbox 2186 1951 2508 2005; x_wconf 68' lang='lat' dir='ltr'><strong>illuminata:</strong></span> <span class='ocrx_word' id='word_1_369' title='bbox 2536 1951 2708 2020; x_wconf 89' lang='lat' dir='ltr'><strong>partis</strong></span> <span class='ocrx_word' id='word_1_370' title='bbox 2745 1951 2888 2004; x_wconf 72' lang='lat' dir='ltr'><strong>luna:</strong></span> <span class='ocrx_word' id='word_1_371' title='bbox 2927 1963 3195 2005; x_wconf 89' lang='lat' dir='ltr'><strong>conversa</strong></span> <span class='ocrx_word' id='word_1_372' title='bbox 3251 1957 3336 2006; x_wconf 90' lang='lat' dir='ltr'><strong>est</strong></span> <span class='ocrx_word' id='word_1_373' title='bbox 3404 1949 3472 2004; x_wconf 90' lang='lat' dir='ltr'><strong>ad</strong></span> <span class='ocrx_word' id='word_1_374' title='bbox 3511 1950 3752 2005; x_wconf 90' lang='lat' dir='ltr'><strong>medium</strong></span> 
     </span>
    </p>
   </div>
   <div class='ocr_carea' id='block_1_50' title="bbox 2185 2041 3756 2118">
    <p class='ocr_par' dir='ltr' id='par_1_50' title="bbox 2185 2041 3756 2118">
     <span class='ocr_line' id='line_1_50' title="bbox 2185 2041 3756 2118; baseline -0.001 -20"><span class='ocrx_word' id='word_1_375' title='bbox 2185 2043 2353 2109; x_wconf 90' lang='lat' dir='ltr'><strong>solis;</strong></span> <span class='ocrx_word' id='word_1_376' title='bbox 2422 2043 2497 2097; x_wconf 88' lang='lat' dir='ltr'><strong>ita</strong></span> <span class='ocrx_word' id='word_1_377' title='bbox 2558 2053 2616 2096; x_wconf 91' lang='lat' dir='ltr'><strong>ut</strong></span> <span class='ocrx_word' id='word_1_378' title='bbox 2663 2042 2917 2096; x_wconf 88' lang='lat' dir='ltr'><strong>similiter</strong></span> <span class='ocrx_word' id='word_1_379' title='bbox 2973 2041 3277 2111; x_wconf 66' lang='lat' dir='ltr'><strong>aequaliter,</strong></span> <span class='ocrx_word' id='word_1_380' title='bbox 3315 2048 3370 2118; x_wconf 81' lang='lat' dir='ltr'><strong>et</strong></span> <span class='ocrx_word' id='word_1_381' title='bbox 3419 2041 3488 2096; x_wconf 85' lang='lat' dir='ltr'><strong>ad</strong></span> <span class='ocrx_word' id='word_1_382' title='bbox 3525 2041 3756 2112; x_wconf 79' lang='lat' dir='ltr'><strong>angulos</strong></span> 
     </span>
    </p>
   </div>
   <div class='ocr_carea' id='block_1_51' title="bbox 2187 2131 3759 2204">
    <p class='ocr_par' dir='ltr' id='par_1_51' title="bbox 2187 2131 3759 2204">
     <span class='ocr_line' id='line_1_51' title="bbox 2187 2131 3759 2204; baseline -0.001 -16"><span class='ocrx_word' id='word_1_383' title='bbox 2187 2142 2367 2190; x_wconf 90' lang='lat' dir='ltr'><strong>rectos</strong></span> <span class='ocrx_word' id='word_1_384' title='bbox 2400 2141 2615 2190; x_wconf 88' lang='lat' dir='ltr'><strong>secetur</strong></span> <span class='ocrx_word' id='word_1_385' title='bbox 2643 2132 2898 2204; x_wconf 73' lang='lat' dir='ltr'><strong>praedicta</strong></span> <span class='ocrx_word' id='word_1_386' title='bbox 2922 2142 3089 2190; x_wconf 88' lang='lat' dir='ltr'><strong>recta.</strong></span> <span class='ocrx_word' id='word_1_387' title='bbox 3132 2131 3275 2188; x_wconf 89' lang='lat' dir='ltr'><strong>Idem</strong></span> <span class='ocrx_word' id='word_1_388' title='bbox 3322 2133 3381 2187; x_wconf 84' lang='lat' dir='ltr'><strong>lit</strong></span> <span class='ocrx_word' id='word_1_389' title='bbox 3419 2140 3474 2188; x_wconf 90' lang='lat' dir='ltr'><strong>et</strong></span> <span class='ocrx_word' id='word_1_390' title='bbox 3517 2134 3572 2188; x_wconf 92' lang='lat' dir='ltr'><strong>in</strong></span> <span class='ocrx_word' id='word_1_391' title='bbox 3598 2147 3759 2188; x_wconf 86' lang='lat' dir='ltr'><strong>occa—</strong></span> 
     </span>
    </p>
   </div>
   <div class='ocr_carea' id='block_1_52' title="bbox 2187 2221 3756 2294">
    <p class='ocr_par' dir='ltr' id='par_1_52' title="bbox 2187 2221 3756 2294">
     <span class='ocr_line' id='line_1_52' title="bbox 2187 2221 3756 2294; baseline -0.003 -15"><span class='ocrx_word' id='word_1_392' title='bbox 2187 2225 2371 2291; x_wconf 91' lang='lat' dir='ltr'><strong>sibus;</strong></span> <span class='ocrx_word' id='word_1_393' title='bbox 2402 2232 2463 2278; x_wconf 88' lang='lat' dir='ltr'><strong>ut</strong></span> <span class='ocrx_word' id='word_1_394' title='bbox 2491 2238 2589 2294; x_wconf 87' lang='lat' dir='ltr'><strong>per</strong></span> <span class='ocrx_word' id='word_1_395' title='bbox 2619 2223 2723 2278; x_wconf 88' lang='lat' dir='ltr'><strong>hoc</strong></span> <span class='ocrx_word' id='word_1_396' title='bbox 2755 2223 2920 2277; x_wconf 87' lang='lat' dir='ltr'><strong>etiam</strong></span> <span class='ocrx_word' id='word_1_397' title='bbox 2955 2223 3173 2293; x_wconf 90' lang='lat' dir='ltr'><strong>signum</strong></span> <span class='ocrx_word' id='word_1_398' title='bbox 3203 2222 3514 2292; x_wconf 75' lang='lat' dir='ltr'><strong>colligatur,</strong></span> <span class='ocrx_word' id='word_1_399' title='bbox 3575 2235 3606 2276; x_wconf 89' lang='lat' dir='ltr'><strong>a</strong></span> <span class='ocrx_word' id='word_1_400' title='bbox 3641 2221 3756 2276; x_wconf 92' lang='lat' dir='ltr'><strong>sole</strong></span> 
     </span>
    </p>
   </div>
   <div class='ocr_carea' id='block_1_53' title="bbox 2187 2309 3756 2380">
    <p class='ocr_par' dir='ltr' id='par_1_53' title="bbox 2187 2309 3756 2380">
     <span class='ocr_line' id='line_1_53' title="bbox 2187 2309 3756 2380; baseline -0.003 -13"><span class='ocrx_word' id='word_1_401' title='bbox 2187 2315 2373 2368; x_wconf 88' lang='lat' dir='ltr'><strong>lunam</strong></span> <span class='ocrx_word' id='word_1_402' title='bbox 2423 2313 2743 2368; x_wconf 86' lang='lat' dir='ltr'><strong>illuminari.</strong></span> <span class='ocrx_word' id='word_1_403' title='bbox 2793 2309 3183 2367; x_wconf 78' lang='lat' dir='ltr'><strong>Verumtamen</strong></span> <span class='ocrx_word' id='word_1_404' title='bbox 3226 2325 3355 2380; x_wconf 86' lang='lat' dir='ltr'><strong>pars</strong></span> <span class='ocrx_word' id='word_1_405' title='bbox 3381 2310 3525 2365; x_wconf 64' lang='lat' dir='ltr'><strong>lunae</strong></span> <span class='ocrx_word' id='word_1_406' title='bbox 3574 2309 3756 2365; x_wconf 81' lang='lat' dir='ltr'><strong>media</strong></span> 
     </span>
    </p>
   </div>
   <div class='ocr_carea' id='block_1_54' title="bbox 2188 2401 3755 2475">
    <p class='ocr_par' dir='ltr' id='par_1_54' title="bbox 2188 2401 3755 2475">
     <span class='ocr_line' id='line_1_54' title="bbox 2188 2401 3755 2475; baseline -0.003 -16"><span class='ocrx_word' id='word_1_407' title='bbox 2188 2414 2446 2475; x_wconf 87' lang='lat' dir='ltr'><strong>tanquam</strong></span> <span class='ocrx_word' id='word_1_408' title='bbox 2505 2403 2947 2473; x_wconf 79' lang='lat' dir='ltr'><strong>hemisphaerium</strong></span> <span class='ocrx_word' id='word_1_409' title='bbox 2992 2416 3208 2472; x_wconf 89' lang='lat' dir='ltr'><strong>semper</strong></span> <span class='ocrx_word' id='word_1_410' title='bbox 3238 2401 3614 2457; x_wconf 85' lang='lat' dir='ltr'><strong>illuminatur:</strong></span> <span class='ocrx_word' id='word_1_411' title='bbox 3646 2415 3755 2456; x_wconf 90' lang='lat' dir='ltr'><strong>non</strong></span> 
     </span>
    </p>
   </div>
   <div class='ocr_carea' id='block_1_55' title="bbox 2187 2493 3748 2568">
    <p class='ocr_par' dir='ltr' id='par_1_55' title="bbox 2187 2493 3748 2568">
     <span class='ocr_line' id='line_1_55' title="bbox 2187 2493 3748 2568; baseline -0.005 -15"><span class='ocrx_word' id='word_1_412' title='bbox 2187 2507 2373 2554; x_wconf 91' lang='lat' dir='ltr'><strong>tamen</strong></span> <span class='ocrx_word' id='word_1_413' title='bbox 2414 2512 2634 2568; x_wconf 90' lang='lat' dir='ltr'><strong>semper</strong></span> <span class='ocrx_word' id='word_1_414' title='bbox 2661 2505 2887 2568; x_wconf 88' lang='lat' dir='ltr'><strong>apparet</strong></span> <span class='ocrx_word' id='word_1_415' title='bbox 2909 2495 3029 2566; x_wconf 88' lang='lat' dir='ltr'><strong>ejus</strong></span> <span class='ocrx_word' id='word_1_416' title='bbox 3062 2510 3191 2566; x_wconf 90' lang='lat' dir='ltr'><strong>pars</strong></span> <span class='ocrx_word' id='word_1_417' title='bbox 3213 2493 3392 2550; x_wconf 89' lang='lat' dir='ltr'><strong>media</strong></span> <span class='ocrx_word' id='word_1_418' title='bbox 3418 2493 3748 2555; x_wconf 84' lang='lat' dir='ltr'><strong>illuminata,</strong></span> 
     </span>
    </p>
   </div>
   <div class='ocr_carea' id='block_1_56' title="bbox 2187 2585 3760 2660">
    <p class='ocr_par' dir='ltr' id='par_1_56' title="bbox 2187 2585 3760 2660">
     <span class='ocr_line' id='line_1_56' title="bbox 2187 2585 3760 2660; baseline -0.003 -16"><span class='ocrx_word' id='word_1_419' title='bbox 2187 2589 2369 2660; x_wconf 87' lang='lat' dir='ltr'><strong>quoad</strong></span> <span class='ocrx_word' id='word_1_420' title='bbox 2421 2598 2670 2645; x_wconf 87' lang='lat' dir='ltr'><strong>nostrum</strong></span> <span class='ocrx_word' id='word_1_421' title='bbox 2703 2596 3010 2658; x_wconf 87' lang='lat' dir='ltr'><strong>aspectum.</strong></span> <span class='ocrx_word' id='word_1_422' title='bbox 3037 2593 3259 2656; x_wconf 88' lang='lat' dir='ltr'><strong>pr0pter</strong></span> <span class='ocrx_word' id='word_1_423' title='bbox 3311 2585 3431 2656; x_wconf 88' lang='lat' dir='ltr'><strong>ejus</strong></span> <span class='ocrx_word' id='word_1_424' title='bbox 3473 2600 3503 2639; x_wconf 90' lang='lat' dir='ltr'><strong>a</strong></span> <span class='ocrx_word' id='word_1_425' title='bbox 3543 2587 3657 2643; x_wconf 88' lang='lat' dir='ltr'><strong>sole</strong></span> <span class='ocrx_word' id='word_1_426' title='bbox 3680 2587 3760 2641; x_wconf 87' lang='lat' dir='ltr'><strong>di-</strong></span> 
     </span>
    </p>
   </div>
   <div class='ocr_carea' id='block_1_57' title="bbox 2191 2675 3754 2748">
    <p class='ocr_par' dir='ltr' id='par_1_57' title="bbox 2191 2675 3754 2748">
     <span class='ocr_line' id='line_1_57' title="bbox 2191 2675 3754 2748; baseline -0.003 -12"><span class='ocrx_word' id='word_1_427' title='bbox 2191 2681 2467 2736; x_wconf 90' lang='lat' dir='ltr'><strong>stantiam.</strong></span> <span class='ocrx_word' id='word_1_428' title='bbox 2497 2679 2634 2735; x_wconf 89' lang='lat' dir='ltr'><strong>Cum</strong></span> <span class='ocrx_word' id='word_1_429' title='bbox 2671 2681 2817 2734; x_wconf 90' lang='lat' dir='ltr'><strong>enim</strong></span> <span class='ocrx_word' id='word_1_430' title='bbox 2843 2678 2933 2733; x_wconf 92' lang='lat' dir='ltr'><strong>die</strong></span> <span class='ocrx_word' id='word_1_431' title='bbox 2965 2678 3246 2732; x_wconf 86' lang='lat' dir='ltr'><strong>tricesimo</strong></span> <span class='ocrx_word' id='word_1_432' title='bbox 3276 2677 3331 2730; x_wconf 93' lang='lat' dir='ltr'><strong>in</strong></span> <span class='ocrx_word' id='word_1_433' title='bbox 3366 2675 3558 2734; x_wconf 91' lang='lat' dir='ltr'><strong>eodem</strong></span> <span class='ocrx_word' id='word_1_434' title='bbox 3579 2678 3754 2748; x_wconf 88' lang='lat' dir='ltr'><strong>gradu</strong></span> 
     </span>
    </p>
   </div>
   <div class='ocr_carea' id='block_1_58' title="bbox 2191 2768 3756 2838">
    <p class='ocr_par' dir='ltr' id='par_1_58' title="bbox 2191 2768 3756 2838">
     <span class='ocr_line' id='line_1_58' title="bbox 2191 2768 3756 2838; baseline -0.004 -10"><span class='ocrx_word' id='word_1_435' title='bbox 2191 2773 2396 2828; x_wconf 82' lang='lat' dir='ltr'><strong>fuerint</strong></span> <span class='ocrx_word' id='word_1_436' title='bbox 2428 2771 2510 2826; x_wconf 86' lang='lat' dir='ltr'><strong>sol</strong></span> <span class='ocrx_word' id='word_1_437' title='bbox 2543 2777 2597 2826; x_wconf 90' lang='lat' dir='ltr'><strong>et</strong></span> <span class='ocrx_word' id='word_1_438' title='bbox 2628 2770 2776 2836; x_wconf 85' lang='lat' dir='ltr'><strong>luna,</strong></span> <span class='ocrx_word' id='word_1_439' title='bbox 2807 2780 2922 2823; x_wconf 91' lang='lat' dir='ltr'><strong>tum</strong></span> <span class='ocrx_word' id='word_1_440' title='bbox 2955 2768 3398 2838; x_wconf 72' lang='lat' dir='ltr'><strong>hemisphaerium</strong></span> <span class='ocrx_word' id='word_1_441' title='bbox 3429 2783 3756 2824; x_wconf 82' lang='lat' dir='ltr'><strong>conversum</strong></span> 
     </span>
    </p>
   </div>
   <div class='ocr_carea' id='block_1_59' title="bbox 2192 2859 3758 2936">
    <p class='ocr_par' dir='ltr' id='par_1_59' title="bbox 2192 2859 3758 2936">
     <span class='ocr_line' id='line_1_59' title="bbox 2192 2859 3758 2936; baseline -0.003 -18"><span class='ocrx_word' id='word_1_442' title='bbox 2192 2864 2410 2936; x_wconf 91' lang='lat' dir='ltr'><strong>quidem</strong></span> <span class='ocrx_word' id='word_1_443' title='bbox 2437 2864 2504 2918; x_wconf 88' lang='lat' dir='ltr'><strong>ad</strong></span> <span class='ocrx_word' id='word_1_444' title='bbox 2535 2862 2729 2927; x_wconf 92' lang='lat' dir='ltr'><strong>solem,</strong></span> <span class='ocrx_word' id='word_1_445' title='bbox 2771 2876 3024 2916; x_wconf 85' lang='lat' dir='ltr'><strong>aversum</strong></span> <span class='ocrx_word' id='word_1_446' title='bbox 3078 2875 3209 2914; x_wconf 85' lang='lat' dir='ltr'><strong>vero</strong></span> <span class='ocrx_word' id='word_1_447' title='bbox 3261 2874 3291 2914; x_wconf 92' lang='lat' dir='ltr'><strong>a</strong></span> <span class='ocrx_word' id='word_1_448' title='bbox 3328 2859 3539 2916; x_wconf 83' lang='lat' dir='ltr'><strong>visione</strong></span> <span class='ocrx_word' id='word_1_449' title='bbox 3567 2870 3758 2916; x_wconf 85' lang='lat' dir='ltr'><strong>nostra</strong></span> 
     </span>
    </p>
   </div>
   <div class='ocr_carea' id='block_1_60' title="bbox 2191 2949 3759 3018">
    <p class='ocr_par' dir='ltr' id='par_1_60' title="bbox 2191 2949 3759 3018">
     <span class='ocr_line' id='line_1_60' title="bbox 2191 2949 3759 3018; baseline -0.003 -9"><span class='ocrx_word' id='word_1_450' title='bbox 2191 2955 2551 3018; x_wconf 88' lang='lat' dir='ltr'><strong>illuminatur,</strong></span> <span class='ocrx_word' id='word_1_451' title='bbox 2600 2950 2776 3007; x_wconf 82' lang='lat' dir='ltr'><strong>fertur</strong></span> <span class='ocrx_word' id='word_1_452' title='bbox 2813 2952 2957 3007; x_wconf 91' lang='lat' dir='ltr'><strong>enim</strong></span> <span class='ocrx_word' id='word_1_453' title='bbox 3001 2952 3129 3005; x_wconf 92' lang='lat' dir='ltr'><strong>luna</strong></span> <span class='ocrx_word' id='word_1_454' title='bbox 3183 2949 3326 3004; x_wconf 87' lang='lat' dir='ltr'><strong>infra</strong></span> <span class='ocrx_word' id='word_1_455' title='bbox 3371 2952 3577 3018; x_wconf 90' lang='lat' dir='ltr'><strong>solem,</strong></span> <span class='ocrx_word' id='word_1_456' title='bbox 3630 2966 3759 3005; x_wconf 91' lang='lat' dir='ltr'><strong>cum</strong></span> 
     </span>
    </p>
   </div>
   <div class='ocr_carea' id='block_1_61' title="bbox 2193 3043 3760 3102">
    <p class='ocr_par' dir='ltr' id='par_1_61' title="bbox 2193 3043 3760 3102">
     <span class='ocr_line' id='line_1_61' title="bbox 2193 3043 3760 3102; baseline -0.004 0"><span class='ocrx_word' id='word_1_457' title='bbox 2193 3062 2320 3102; x_wconf 89' lang='lat' dir='ltr'><strong>vero</strong></span> <span class='ocrx_word' id='word_1_458' title='bbox 2369 3045 2592 3101; x_wconf 86' lang='lat' dir='ltr'><strong>alternis</strong></span> <span class='ocrx_word' id='word_1_459' title='bbox 2647 3043 2862 3099; x_wconf 82' lang='lat' dir='ltr'><strong>vicibus</strong></span> <span class='ocrx_word' id='word_1_460' title='bbox 2925 3043 3055 3098; x_wconf 89' lang='lat' dir='ltr'><strong>luna</strong></span> <span class='ocrx_word' id='word_1_461' title='bbox 3085 3046 3262 3099; x_wconf 85' lang='lat' dir='ltr'><strong>variat</strong></span> <span class='ocrx_word' id='word_1_462' title='bbox 3295 3043 3365 3098; x_wconf 90' lang='lat' dir='ltr'><strong>ad</strong></span> <span class='ocrx_word' id='word_1_463' title='bbox 3409 3043 3580 3098; x_wconf 91' lang='lat' dir='ltr'><strong>solem</strong></span> <span class='ocrx_word' id='word_1_464' title='bbox 3610 3044 3760 3096; x_wconf 87' lang='lat' dir='ltr'><strong>circa</strong></span> 
     </span>
    </p>
   </div>
   <div class='ocr_carea' id='block_1_62' title="bbox 501 3136 2086 3234">
    <p class='ocr_par' dir='ltr' id='par_1_62' title="bbox 501 3136 2086 3212">
     <span class='ocr_line' id='line_1_62' title="bbox 501 3136 2086 3212; baseline -0.002 -19"><span class='ocrx_word' id='word_1_465' title='bbox 501 3139 827 3209; x_wconf 79' lang='grc' dir='ltr'>φωτίζεται·</span> <span class='ocrx_word' id='word_1_466' title='bbox 891 3141 1150 3194; x_wconf 82' lang='grc' dir='ltr'><strong>ὑποκάτω</strong></span> <span class='ocrx_word' id='word_1_467' title='bbox 1197 3141 1303 3212; x_wconf 85' lang='grc' dir='ltr'>γὰρ</span> <span class='ocrx_word' id='word_1_468' title='bbox 1363 3141 1398 3210; x_wconf 87' lang='grc' dir='ltr'><strong>ἡ</strong></span> <span class='ocrx_word' id='word_1_469' title='bbox 1452 3139 1651 3210; x_wconf 86' lang='grc' dir='ltr'>σελήνη</span> <span class='ocrx_word' id='word_1_470' title='bbox 1715 3139 1937 3210; x_wconf 84' lang='grc' dir='ltr'>φέρεται</span> <span class='ocrx_word' id='word_1_471' title='bbox 1996 3136 2086 3191; x_wconf 83' lang='grc' dir='ltr'>τοῦ</span> 
     </span>
    </p>
   </div>
   <div class='ocr_carea' id='block_1_63' title="bbox 2188 3136 3757 3234">
    <p class='ocr_par' dir='ltr' id='par_1_63' title="bbox 2194 3136 3757 3208">
     <span class='ocr_line' id='line_1_63' title="bbox 2194 3136 3757 3208; baseline -0.004 -12"><span class='ocrx_word' id='word_1_472' title='bbox 2194 3139 2558 3201; x_wconf 87' lang='lat' dir='ltr'><strong>novilunium,</strong></span> <span class='ocrx_word' id='word_1_473' title='bbox 2601 3145 2732 3193; x_wconf 90' lang='lat' dir='ltr'><strong>tunc</strong></span> <span class='ocrx_word' id='word_1_474' title='bbox 2770 3138 2899 3192; x_wconf 88' lang='lat' dir='ltr'><strong>luna</strong></span> <span class='ocrx_word' id='word_1_475' title='bbox 2953 3137 3153 3192; x_wconf 85' lang='lat' dir='ltr'><strong>falcata</strong></span> <span class='ocrx_word' id='word_1_476' title='bbox 3207 3144 3464 3208; x_wconf 87' lang='lat' dir='ltr'><strong>apparet;</strong></span> <span class='ocrx_word' id='word_1_477' title='bbox 3496 3150 3621 3190; x_wconf 90' lang='lat' dir='ltr'><strong>nam</strong></span> <span class='ocrx_word' id='word_1_478' title='bbox 3660 3136 3757 3190; x_wconf 90' lang='lat' dir='ltr'><strong>he-</strong></span> 
     </span>
    </p>
   </div>
   <div class='ocr_carea' id='block_1_64' title="bbox 499 3227 2089 3305">
    <p class='ocr_par' dir='ltr' id='par_1_64' title="bbox 499 3227 2089 3305">
     <span class='ocr_line' id='line_1_64' title="bbox 499 3227 2089 3305; baseline 0.001 -22"><span class='ocrx_word' id='word_1_479' title='bbox 499 3231 650 3302; x_wconf 91' lang='grc' dir='ltr'>ἡλίου</span> <span class='ocrx_word' id='word_1_480' title='bbox 671 3248 684 3262; x_wconf 88' lang='grc'><strong>·</strong></span> <span class='ocrx_word' id='word_1_481' title='bbox 725 3233 857 3286; x_wconf 79' lang='grc' dir='ltr'>ὅταν</span> <span class='ocrx_word' id='word_1_482' title='bbox 902 3233 959 3286; x_wconf 79' lang='grc' dir='ltr'>δὲ</span> <span class='ocrx_word' id='word_1_483' title='bbox 1002 3227 1378 3305; x_wconf 79' lang='grc' dir='ltr'>παραλλάξῃῆ</span> <span class='ocrx_word' id='word_1_484' title='bbox 1423 3231 1621 3303; x_wconf 89' lang='grc' dir='ltr'>σελήνη</span> <span class='ocrx_word' id='word_1_485' title='bbox 1655 3231 1791 3303; x_wconf 83' lang='grc' dir='ltr'>πρὸς</span> <span class='ocrx_word' id='word_1_486' title='bbox 1828 3230 1919 3283; x_wconf 82' lang='grc' dir='ltr'>τὸν</span> <span class='ocrx_word' id='word_1_487' title='bbox 1941 3229 2089 3299; x_wconf 85' lang='grc' dir='ltr'>ἦλιον</span> 
     </span>
    </p>
   </div>
   <div class='ocr_carea' id='block_1_65' title="bbox 501 3321 2087 3395">
    <p class='ocr_par' dir='ltr' id='par_1_65' title="bbox 501 3321 2087 3395">
     <span class='ocr_line' id='line_1_65' title="bbox 501 3321 2087 3395; baseline -0.003 -19"><span class='ocrx_word' id='word_1_488' title='bbox 501 3323 630 3394; x_wconf 73' lang='grc' dir='ltr'>περὶ</span> <span class='ocrx_word' id='word_1_489' title='bbox 681 3322 780 3394; x_wconf 83' lang='grc' dir='ltr'>τὴν</span> <span class='ocrx_word' id='word_1_490' title='bbox 839 3323 1174 3394; x_wconf 87' lang='grc' dir='ltr'>νουμηνίαν,</span> <span class='ocrx_word' id='word_1_491' title='bbox 1257 3324 1375 3376; x_wconf 86' lang='grc' dir='ltr'>τότε</span> <span class='ocrx_word' id='word_1_492' title='bbox 1451 3322 1734 3395; x_wconf 82' lang='grc' dir='ltr'>μηνοειδὴς</span> <span class='ocrx_word' id='word_1_493' title='bbox 1794 3324 1827 3394; x_wconf 84' lang='grc' dir='ltr'><strong>ἡ</strong></span> <span class='ocrx_word' id='word_1_494' title='bbox 1891 3321 2087 3392; x_wconf 88' lang='grc' dir='ltr'>σελήνη</span> 
     </span>
    </p>
   </div>
   <div class='ocr_carea' id='block_1_66' title="bbox 499 3411 2088 3486">
    <p class='ocr_par' dir='ltr' id='par_1_66' title="bbox 499 3411 2088 3486">
     <span class='ocr_line' id='line_1_66' title="bbox 499 3411 2088 3486; baseline 0 -22"><span class='ocrx_word' id='word_1_495' title='bbox 499 3411 813 3484; x_wconf 83' lang='grc' dir='ltr'>θεωρεῖται’</span> <span class='ocrx_word' id='word_1_496' title='bbox 845 3413 939 3467; x_wconf 75' lang='grc' dir='ltr'><strong>τοῦ</strong></span> <span class='ocrx_word' id='word_1_497' title='bbox 970 3416 1075 3486; x_wconf 79' lang='grc' dir='ltr'><strong>γὰρ</strong></span> <span class='ocrx_word' id='word_1_498' title='bbox 1115 3413 1476 3486; x_wconf 77' lang='grc' dir='ltr'>ἡμισφαιρίου</span> <span class='ocrx_word' id='word_1_499' title='bbox 1530 3413 1624 3466; x_wconf 82' lang='grc' dir='ltr'>τοῦ</span> <span class='ocrx_word' id='word_1_500' title='bbox 1675 3412 2088 3482; x_wconf 90' lang='grc' dir='ltr'>πεφωτισμένου</span> 
     </span>
    </p>
   </div>
   <div class='ocr_carea' id='block_1_67' title="bbox 501 3501 2090 3574">
    <p class='ocr_par' dir='ltr' id='par_1_67' title="bbox 501 3501 2090 3574">
     <span class='ocr_line' id='line_1_67' title="bbox 501 3501 2090 3574; baseline 0.001 -21"><span class='ocrx_word' id='word_1_501' title='bbox 501 3501 694 3572; x_wconf 85' lang='grc' dir='ltr'>μικρὸν</span> <span class='ocrx_word' id='word_1_502' title='bbox 758 3503 922 3574; x_wconf 85' lang='grc' dir='ltr'>μέρος</span> <span class='ocrx_word' id='word_1_503' title='bbox 979 3505 1374 3574; x_wconf 86' lang='grc' dir='ltr'>παρακλίνεται</span> <span class='ocrx_word' id='word_1_504' title='bbox 1447 3503 1584 3574; x_wconf 81' lang='grc' dir='ltr'>πρὸς</span> <span class='ocrx_word' id='word_1_505' title='bbox 1661 3501 1761 3574; x_wconf 80' lang='grc' dir='ltr'>τὴν</span> <span class='ocrx_word' id='word_1_506' title='bbox 1814 3501 2090 3574; x_wconf 84' lang='grc' dir='ltr'>ἡμετέραν</span> 
     </span>
    </p>
   </div>
   <div class='ocr_carea' id='block_1_68' title="bbox 498 3591 2088 3666">
    <p class='ocr_par' dir='ltr' id='par_1_68' title="bbox 498 3591 2088 3666">
     <span class='ocr_line' id='line_1_68' title="bbox 498 3591 2088 3666; baseline 0.001 -22"><span class='ocrx_word' id='word_1_507' title='bbox 498 3591 719 3662; x_wconf 71' lang='grc' dir='ltr'>ὅρασινο</span> <span class='ocrx_word' id='word_1_508' title='bbox 781 3595 908 3646; x_wconf 82' lang='grc' dir='ltr'>ὅταν</span> <span class='ocrx_word' id='word_1_509' title='bbox 967 3595 1024 3648; x_wconf 85' lang='grc' dir='ltr'>δὲ</span> <span class='ocrx_word' id='word_1_510' title='bbox 1078 3596 1257 3666; x_wconf 81' lang='grc' dir='ltr'>ἀπέχῃ</span> <span class='ocrx_word' id='word_1_511' title='bbox 1311 3597 1344 3665; x_wconf 90' lang='grc' dir='ltr'><strong>ἡ</strong></span> <span class='ocrx_word' id='word_1_512' title='bbox 1403 3595 1598 3666; x_wconf 86' lang='grc' dir='ltr'>σελήνη</span> <span class='ocrx_word' id='word_1_513' title='bbox 1653 3593 1761 3647; x_wconf 83' lang='grc' dir='ltr'>ἀπὸ</span> <span class='ocrx_word' id='word_1_514' title='bbox 1808 3592 1901 3646; x_wconf 80' lang='grc' dir='ltr'>τοῦ</span> <span class='ocrx_word' id='word_1_515' title='bbox 1937 3592 2088 3663; x_wconf 86' lang='grc' dir='ltr'>ἡλίου</span> 
     </span>
    </p>
   </div>
   <div class='ocr_carea' id='block_1_69' title="bbox 499 3684 2092 3758">
    <p class='ocr_par' dir='ltr' id='par_1_69' title="bbox 499 3684 2092 3758">
     <span class='ocr_line' id='line_1_69' title="bbox 499 3684 2092 3758; baseline 0.001 -22"><span class='ocrx_word' id='word_1_516' title='bbox 499 3686 557 3736; x_wconf 82' lang='grc' dir='ltr'>ὲν</span> <span class='ocrx_word' id='word_1_517' title='bbox 580 3688 700 3748; x_wconf 82' lang='grc' dir='ltr'>ταῖς</span> <span class='ocrx_word' id='word_1_518' title='bbox 729 3684 924 3756; x_wconf 76' lang='grc' dir='ltr'>ἐφεξῆς</span> <span class='ocrx_word' id='word_1_519' title='bbox 955 3687 1212 3758; x_wconf 80' lang='grc' dir='ltr'>ἡμέραις,</span> <span class='ocrx_word' id='word_1_520' title='bbox 1244 3687 1427 3740; x_wconf 81' lang='grc' dir='ltr'>πλεῖον</span> <span class='ocrx_word' id='word_1_521' title='bbox 1456 3687 1542 3740; x_wconf 72' lang='grc' dir='ltr'>ἀεὶ</span> <span class='ocrx_word' id='word_1_522' title='bbox 1572 3687 1666 3739; x_wconf 77' lang='grc' dir='ltr'>καὶ</span> <span class='ocrx_word' id='word_1_523' title='bbox 1703 3685 1880 3738; x_wconf 82' lang='grc' dir='ltr'>πλεῖον</span> <span class='ocrx_word' id='word_1_524' title='bbox 1901 3685 1962 3738; x_wconf 78' lang='grc' dir='ltr'>τὸ</span> <span class='ocrx_word' id='word_1_525' title='bbox 1994 3701 2092 3738; x_wconf 84' lang='grc' dir='ltr'>πε-</span> 
     </span>
    </p>
   </div>
   <div class='ocr_carea' id='block_1_70' title="bbox 499 3777 2091 3849">
    <p class='ocr_par' dir='ltr' id='par_1_70' title="bbox 499 3777 2091 3849">
     <span class='ocr_line' id='line_1_70' title="bbox 499 3777 2091 3849; baseline 0.001 -20"><span class='ocrx_word' id='word_1_526' title='bbox 499 3777 842 3848; x_wconf 86' lang='grc' dir='ltr'>φωτισμένον</span> <span class='ocrx_word' id='word_1_527' title='bbox 871 3780 961 3848; x_wconf 86' lang='grc' dir='ltr'><strong>ὑφ’</strong></span> <span class='ocrx_word' id='word_1_528' title='bbox 987 3778 1146 3849; x_wconf 85' lang='grc' dir='ltr'>ἡμῶν</span> <span class='ocrx_word' id='word_1_529' title='bbox 1187 3779 1471 3849; x_wconf 84' lang='grc' dir='ltr'>θεωρεῖται</span> <span class='ocrx_word' id='word_1_530' title='bbox 1491 3794 1504 3809; x_wconf 75' lang='grc' dir='ltr'><strong>ο</strong></span> <span class='ocrx_word' id='word_1_531' title='bbox 1544 3779 1672 3832; x_wconf 81' lang='grc' dir='ltr'>ὅταν</span> <span class='ocrx_word' id='word_1_532' title='bbox 1703 3777 1760 3830; x_wconf 80' lang='grc' dir='ltr'>δὲ</span> <span class='ocrx_word' id='word_1_533' title='bbox 1790 3777 1852 3830; x_wconf 83' lang='grc' dir='ltr'>τὸ</span> <span class='ocrx_word' id='word_1_534' title='bbox 1877 3777 1978 3847; x_wconf 68' lang='grc' dir='ltr'>αίδ</span> <span class='ocrx_word' id='word_1_535' title='bbox 1997 3777 2091 3846; x_wconf 86' lang='grc' dir='ltr'>μέ-</span> 
     </span>
    </p>
   </div>
   <div class='ocr_carea' id='block_1_71' title="bbox 503 3867 2090 3944">
    <p class='ocr_par' dir='ltr' id='par_1_71' title="bbox 503 3867 2090 3944">
     <span class='ocr_line' id='line_1_71' title="bbox 503 3867 2090 3944; baseline -0.001 -22"><span class='ocrx_word' id='word_1_536' title='bbox 503 3885 594 3938; x_wconf 84' lang='grc' dir='ltr'><strong>ρος</strong></span> <span class='ocrx_word' id='word_1_537' title='bbox 623 3869 718 3922; x_wconf 76' lang='grc' dir='ltr'>τοῦ</span> <span class='ocrx_word' id='word_1_538' title='bbox 748 3869 1013 3933; x_wconf 79' lang='grc' dir='ltr'>ζωδιακοῦ</span> <span class='ocrx_word' id='word_1_539' title='bbox 1063 3871 1263 3924; x_wconf 81' lang='grc' dir='ltr'>κύκλου</span> <span class='ocrx_word' id='word_1_540' title='bbox 1314 3871 1529 3944; x_wconf 80' lang='grc' dir='ltr'><strong>ἀπόσχῃ</strong></span> <span class='ocrx_word' id='word_1_541' title='bbox 1563 3870 1782 3940; x_wconf 88' lang='grc' dir='ltr'>σελήνη,</span> <span class='ocrx_word' id='word_1_542' title='bbox 1811 3867 2090 3938; x_wconf 81' lang='grc' dir='ltr'>διχότομος</span> 
     </span>
    </p>
   </div>
   <div class='ocr_carea' id='block_1_72' title="bbox 498 3959 2087 4036">
    <p class='ocr_par' dir='ltr' id='par_1_72' title="bbox 498 3959 2087 4036">
     <span class='ocr_line' id='line_1_72' title="bbox 498 3959 2087 4036; baseline -0.003 -21"><span class='ocrx_word' id='word_1_543' title='bbox 498 3962 804 4036; x_wconf 86' lang='grc' dir='ltr'>θεωρεῖται·</span> <span class='ocrx_word' id='word_1_544' title='bbox 840 3964 958 4017; x_wconf 85' lang='grc' dir='ltr'>τότε</span> <span class='ocrx_word' id='word_1_545' title='bbox 989 3963 1098 4034; x_wconf 76' lang='grc' dir='ltr'><strong>γὰρ</strong></span> <span class='ocrx_word' id='word_1_546' title='bbox 1129 3963 1483 4034; x_wconf 84' lang='grc' dir='ltr'>ἡμισφαιρίου</span> <span class='ocrx_word' id='word_1_547' title='bbox 1535 3961 1630 4014; x_wconf 80' lang='grc' dir='ltr'><strong>τοῦ</strong></span> <span class='ocrx_word' id='word_1_548' title='bbox 1677 3959 2087 4030; x_wconf 85' lang='grc' dir='ltr'>πεφωτισμένου</span> 
     </span>
    </p>
   </div>
   <div class='ocr_carea' id='block_1_73' title="bbox 501 4050 2088 4127">
    <p class='ocr_par' dir='ltr' id='par_1_73' title="bbox 501 4050 2088 4127">
     <span class='ocr_line' id='line_1_73' title="bbox 501 4050 2088 4127; baseline -0.004 -18"><span class='ocrx_word' id='word_1_549' title='bbox 501 4055 608 4109; x_wconf 77' lang='grc' dir='ltr'><strong>ὑπὸ</strong></span> <span class='ocrx_word' id='word_1_550' title='bbox 637 4055 732 4109; x_wconf 82' lang='grc' dir='ltr'><strong>τοῦ</strong></span> <span class='ocrx_word' id='word_1_551' title='bbox 757 4055 908 4127; x_wconf 89' lang='grc' dir='ltr'>ἡλίου</span> <span class='ocrx_word' id='word_1_552' title='bbox 937 4057 998 4109; x_wconf 83' lang='grc' dir='ltr'><strong>τὸ</strong></span> <span class='ocrx_word' id='word_1_553' title='bbox 1023 4057 1197 4127; x_wconf 78' lang='grc' dir='ltr'>ἥμισυ</span> <span class='ocrx_word' id='word_1_554' title='bbox 1232 4057 1318 4125; x_wconf 79' lang='grc' dir='ltr'><strong>ἐφ’</strong></span> <span class='ocrx_word' id='word_1_555' title='bbox 1347 4055 1497 4125; x_wconf 80' lang='grc' dir='ltr'>ἡμᾶς</span> <span class='ocrx_word' id='word_1_556' title='bbox 1535 4052 1936 4124; x_wconf 67' lang='grc' dir='ltr'>ὲπέστραπταιι</span> <span class='ocrx_word' id='word_1_557' title='bbox 1967 4050 2088 4122; x_wconf 84' lang='grc' dir='ltr'>μεί-</span> 
     </span>
    </p>
   </div>
   <div class='ocr_carea' id='block_1_74' title="bbox 501 4141 2090 4219">
    <p class='ocr_par' dir='ltr' id='par_1_74' title="bbox 501 4141 2090 4219">
     <span class='ocr_line' id='line_1_74' title="bbox 501 4141 2090 4219; baseline -0.005 -17"><span class='ocrx_word' id='word_1_558' title='bbox 501 4148 654 4214; x_wconf 79' lang='grc' dir='ltr'>ζονος</span> <span class='ocrx_word' id='word_1_559' title='bbox 681 4149 738 4201; x_wconf 80' lang='grc' dir='ltr'>δὲ</span> <span class='ocrx_word' id='word_1_560' title='bbox 767 4148 1064 4219; x_wconf 84' lang='grc' dir='ltr'>γενομένου</span> <span class='ocrx_word' id='word_1_561' title='bbox 1093 4147 1188 4200; x_wconf 82' lang='grc' dir='ltr'>τοῦ</span> <span class='ocrx_word' id='word_1_562' title='bbox 1220 4147 1585 4218; x_wconf 87' lang='grc' dir='ltr'>διαστήματος</span> <span class='ocrx_word' id='word_1_563' title='bbox 1609 4145 1710 4214; x_wconf 77' lang='grc' dir='ltr'>τῆς</span> <span class='ocrx_word' id='word_1_564' title='bbox 1735 4143 1962 4215; x_wconf 81' lang='grc' dir='ltr'>σελήνης</span> <span class='ocrx_word' id='word_1_565' title='bbox 1983 4141 2090 4196; x_wconf 88' lang='grc' dir='ltr'>ἀπὸ</span> 
     </span>
    </p>
   </div>
   <div class='ocr_carea' id='block_1_75' title="bbox 501 4233 2088 4311">
    <p class='ocr_par' dir='ltr' id='par_1_75' title="bbox 501 4233 2088 4311">
     <span class='ocr_line' id='line_1_75' title="bbox 501 4233 2088 4311; baseline -0.004 -19"><span class='ocrx_word' id='word_1_566' title='bbox 501 4238 594 4292; x_wconf 78' lang='grc' dir='ltr'><strong>τοῦ</strong></span> <span class='ocrx_word' id='word_1_567' title='bbox 616 4239 786 4311; x_wconf 84' lang='grc' dir='ltr'>ἡλίου,</span> <span class='ocrx_word' id='word_1_568' title='bbox 821 4241 1003 4310; x_wconf 77' lang='grc' dir='ltr'>μεῖζον</span> <span class='ocrx_word' id='word_1_569' title='bbox 1024 4240 1120 4293; x_wconf 80' lang='grc' dir='ltr'>καὶ</span> <span class='ocrx_word' id='word_1_570' title='bbox 1146 4240 1206 4292; x_wconf 82' lang='grc' dir='ltr'>τὸ</span> <span class='ocrx_word' id='word_1_571' title='bbox 1225 4237 1634 4308; x_wconf 84' lang='grc' dir='ltr'>πεφωτισμένον</span> <span class='ocrx_word' id='word_1_572' title='bbox 1658 4253 1671 4266; x_wconf 86' lang='grc'><strong>·</strong></span> <span class='ocrx_word' id='word_1_573' title='bbox 1703 4237 1830 4290; x_wconf 84' lang='grc' dir='ltr'>ὅταν</span> <span class='ocrx_word' id='word_1_574' title='bbox 1863 4235 1920 4287; x_wconf 88' lang='grc' dir='ltr'>δὲ</span> <span class='ocrx_word' id='word_1_575' title='bbox 1947 4233 2088 4287; x_wconf 88' lang='grc' dir='ltr'><strong>κατά</strong></span> 
     </span>
    </p>
   </div>
   <div class='ocr_carea' id='block_1_76' title="bbox 500 4326 2091 4404">
    <p class='ocr_par' dir='ltr' id='par_1_76' title="bbox 500 4326 2091 4404">
     <span class='ocr_line' id='line_1_76' title="bbox 500 4326 2091 4404; baseline -0.004 -20"><span class='ocrx_word' id='word_1_576' title='bbox 500 4331 788 4404; x_wconf 82' lang='grc' dir='ltr'>διάμετρον</span> <span class='ocrx_word' id='word_1_577' title='bbox 827 4333 1049 4403; x_wconf 85' lang='grc' dir='ltr'>γένηται</span> <span class='ocrx_word' id='word_1_578' title='bbox 1083 4331 1160 4402; x_wconf 85' lang='grc' dir='ltr'><strong>τῷ</strong></span> <span class='ocrx_word' id='word_1_579' title='bbox 1204 4329 1358 4402; x_wconf 85' lang='grc' dir='ltr'>ἡλίῳ,</span> <span class='ocrx_word' id='word_1_580' title='bbox 1393 4330 1453 4383; x_wconf 85' lang='grc' dir='ltr'>τὸ</span> <span class='ocrx_word' id='word_1_581' title='bbox 1504 4326 1914 4398; x_wconf 88' lang='grc' dir='ltr'>πεφωτισμένον</span> <span class='ocrx_word' id='word_1_582' title='bbox 1960 4329 2091 4397; x_wconf 77' lang='grc' dir='ltr'>ἡμι-</span> 
     </span>
    </p>
   </div>
   <div class='ocr_carea' id='block_1_77' title="bbox 507 4418 2086 4496">
    <p class='ocr_par' dir='ltr' id='par_1_77' title="bbox 507 4418 2086 4496">
     <span class='ocr_line' id='line_1_77' title="bbox 507 4418 2086 4496; baseline -0.003 -20"><span class='ocrx_word' id='word_1_583' title='bbox 507 4423 757 4496; x_wconf 84' lang='grc' dir='ltr'>σφαίριον</span> <span class='ocrx_word' id='word_1_584' title='bbox 781 4425 1021 4479; x_wconf 77' lang='grc' dir='ltr'>ἐναντίον</span> <span class='ocrx_word' id='word_1_585' title='bbox 1058 4425 1266 4492; x_wconf 90' lang='grc' dir='ltr'>γίνεται</span> <span class='ocrx_word' id='word_1_586' title='bbox 1300 4423 1434 4492; x_wconf 83' lang='grc' dir='ltr'>πρὸς</span> <span class='ocrx_word' id='word_1_587' title='bbox 1452 4423 1548 4492; x_wconf 80' lang='grc' dir='ltr'>τὴν</span> <span class='ocrx_word' id='word_1_588' title='bbox 1579 4419 1854 4492; x_wconf 85' lang='grc' dir='ltr'>ἡμετέραν</span> <span class='ocrx_word' id='word_1_589' title='bbox 1877 4418 2086 4489; x_wconf 84' lang='grc' dir='ltr'>ὅρασιν.</span> 
     </span>
    </p>
   </div>
   <div class='ocr_carea' id='block_1_78' title="bbox 2192 3227 3759 3303">
    <p class='ocr_par' dir='ltr' id='par_1_78' title="bbox 2192 3227 3759 3303">
     <span class='ocr_line' id='line_1_78' title="bbox 2192 3227 3759 3303; baseline -0.003 -16"><span class='ocrx_word' id='word_1_590' title='bbox 2192 3231 2492 3303; x_wconf 81' lang='lat' dir='ltr'><strong>misphaerii</strong></span> <span class='ocrx_word' id='word_1_591' title='bbox 2523 3229 2632 3302; x_wconf 68' lang='grc'><strong>24</strong></span> <span class='ocrx_word' id='word_1_592' title='bbox 2671 3229 2962 3284; x_wconf 89' lang='lat' dir='ltr'><strong>illuminati</strong></span> <span class='ocrx_word' id='word_1_593' title='bbox 3017 3243 3185 3299; x_wconf 85' lang='lat' dir='ltr'><strong>parva</strong></span> <span class='ocrx_word' id='word_1_594' title='bbox 3242 3243 3370 3299; x_wconf 87' lang='lat' dir='ltr'><strong>pars</strong></span> <span class='ocrx_word' id='word_1_595' title='bbox 3404 3227 3644 3282; x_wconf 91' lang='lat' dir='ltr'><strong>declinat</strong></span> <span class='ocrx_word' id='word_1_596' title='bbox 3689 3227 3759 3282; x_wconf 86' lang='lat' dir='ltr'><strong>ad</strong></span> 
     </span>
    </p>
   </div>
   <div class='ocr_carea' id='block_1_79' title="bbox 2191 3319 3759 3389">
    <p class='ocr_par' dir='ltr' id='par_1_79' title="bbox 2191 3319 3759 3389">
     <span class='ocr_line' id='line_1_79' title="bbox 2191 3319 3759 3389; baseline -0.004 -9"><span class='ocrx_word' id='word_1_597' title='bbox 2191 3336 2435 3381; x_wconf 91' lang='lat' dir='ltr'><strong>nostram</strong></span> <span class='ocrx_word' id='word_1_598' title='bbox 2476 3325 2774 3389; x_wconf 88' lang='lat' dir='ltr'><strong>visionem;</strong></span> <span class='ocrx_word' id='word_1_599' title='bbox 2817 3337 2939 3377; x_wconf 90' lang='lat' dir='ltr'><strong>cum</strong></span> <span class='ocrx_word' id='word_1_600' title='bbox 2981 3336 3112 3376; x_wconf 87' lang='lat' dir='ltr'><strong>vero</strong></span> <span class='ocrx_word' id='word_1_601' title='bbox 3146 3321 3301 3377; x_wconf 88' lang='lat' dir='ltr'><strong>abest</strong></span> <span class='ocrx_word' id='word_1_602' title='bbox 3331 3321 3459 3375; x_wconf 87' lang='lat' dir='ltr'><strong>luna</strong></span> <span class='ocrx_word' id='word_1_603' title='bbox 3498 3335 3530 3374; x_wconf 89' lang='lat' dir='ltr'><strong>a</strong></span> <span class='ocrx_word' id='word_1_604' title='bbox 3564 3321 3679 3376; x_wconf 93' lang='lat' dir='ltr'><strong>sole</strong></span> <span class='ocrx_word' id='word_1_605' title='bbox 3702 3319 3759 3373; x_wconf 91' lang='lat' dir='ltr'><strong>in</strong></span> 
     </span>
    </p>
   </div>
   <div class='ocr_carea' id='block_1_80' title="bbox 2189 3412 3760 3485">
    <p class='ocr_par' dir='ltr' id='par_1_80' title="bbox 2189 3412 3760 3485">
     <span class='ocr_line' id='line_1_80' title="bbox 2189 3412 3760 3485; baseline -0.003 -14"><span class='ocrx_word' id='word_1_606' title='bbox 2189 3415 2382 3472; x_wconf 92' lang='lat' dir='ltr'><strong>diebus</strong></span> <span class='ocrx_word' id='word_1_607' title='bbox 2443 3413 2821 3485; x_wconf 87' lang='lat' dir='ltr'><strong>sequentibus,</strong></span> <span class='ocrx_word' id='word_1_608' title='bbox 2879 3413 3003 3483; x_wconf 86' lang='lat' dir='ltr'><strong>plus</strong></span> <span class='ocrx_word' id='word_1_609' title='bbox 3055 3427 3276 3483; x_wconf 90' lang='lat' dir='ltr'><strong>semper</strong></span> <span class='ocrx_word' id='word_1_610' title='bbox 3326 3413 3395 3468; x_wconf 89' lang='lat' dir='ltr'><strong>de</strong></span> <span class='ocrx_word' id='word_1_611' title='bbox 3452 3412 3760 3466; x_wconf 87' lang='lat' dir='ltr'><strong>illuminata</strong></span> 
     </span>
    </p>
   </div>
   <div class='ocr_carea' id='block_1_81' title="bbox 2191 3504 3760 3578">
    <p class='ocr_par' dir='ltr' id='par_1_81' title="bbox 2191 3504 3760 3578">
     <span class='ocr_line' id='line_1_81' title="bbox 2191 3504 3760 3578; baseline -0.003 -17"><span class='ocrx_word' id='word_1_612' title='bbox 2191 3514 2346 3578; x_wconf 88' lang='lat' dir='ltr'><strong>parte</strong></span> <span class='ocrx_word' id='word_1_613' title='bbox 2385 3521 2416 3561; x_wconf 91' lang='lat' dir='ltr'><strong>a</strong></span> <span class='ocrx_word' id='word_1_614' title='bbox 2460 3506 2620 3561; x_wconf 85' lang='lat' dir='ltr'><strong>nobis</strong></span> <span class='ocrx_word' id='word_1_615' title='bbox 2679 3504 3018 3575; x_wconf 84' lang='lat' dir='ltr'><strong>conspicitur</strong></span> <span class='ocrx_word' id='word_1_616' title='bbox 3049 3521 3065 3570; x_wconf 90' lang='lat'><strong>;</strong></span> <span class='ocrx_word' id='word_1_617' title='bbox 3091 3518 3216 3558; x_wconf 89' lang='lat' dir='ltr'><strong>eum</strong></span> <span class='ocrx_word' id='word_1_618' title='bbox 3263 3511 3446 3559; x_wconf 86' lang='lat' dir='ltr'><strong>autem</strong></span> <span class='ocrx_word' id='word_1_619' title='bbox 3484 3519 3584 3574; x_wconf 89' lang='lat' dir='ltr'><strong>per</strong></span> <span class='ocrx_word' id='word_1_620' title='bbox 3622 3519 3760 3574; x_wconf 84' lang='lat' dir='ltr'><strong>qua-</strong></span> 
     </span>
    </p>
   </div>
   <div class='ocr_carea' id='block_1_82' title="bbox 2190 3595 3758 3659">
    <p class='ocr_par' dir='ltr' id='par_1_82' title="bbox 2190 3595 3758 3659">
     <span class='ocr_line' id='line_1_82' title="bbox 2190 3595 3758 3659; baseline -0.005 -4"><span class='ocrx_word' id='word_1_621' title='bbox 2190 3599 2439 3655; x_wconf 89' lang='lat' dir='ltr'><strong>drantem</strong></span> <span class='ocrx_word' id='word_1_622' title='bbox 2470 3597 2682 3653; x_wconf 81' lang='lat' dir='ltr'><strong>zodiaci</strong></span> <span class='ocrx_word' id='word_1_623' title='bbox 2713 3596 2907 3652; x_wconf 88' lang='lat' dir='ltr'><strong>circuli</strong></span> <span class='ocrx_word' id='word_1_624' title='bbox 2956 3595 3194 3650; x_wconf 79' lang='lat' dir='ltr'><strong>abfuerit</strong></span> <span class='ocrx_word' id='word_1_625' title='bbox 3254 3596 3408 3659; x_wconf 90' lang='lat' dir='ltr'><strong>luna,</strong></span> <span class='ocrx_word' id='word_1_626' title='bbox 3468 3595 3758 3650; x_wconf 85' lang='lat' dir='ltr'><strong>dimidiata</strong></span> 
     </span>
    </p>
   </div>
   <div class='ocr_carea' id='block_1_83' title="bbox 2191 3687 3757 3762">
    <p class='ocr_par' dir='ltr' id='par_1_83' title="bbox 2191 3687 3757 3762">
     <span class='ocr_line' id='line_1_83' title="bbox 2191 3687 3757 3762; baseline -0.002 -17"><span class='ocrx_word' id='word_1_627' title='bbox 2191 3701 2445 3762; x_wconf 86' lang='lat' dir='ltr'><strong>apparet;</strong></span> <span class='ocrx_word' id='word_1_628' title='bbox 2477 3697 2610 3744; x_wconf 92' lang='lat' dir='ltr'><strong>tunc</strong></span> <span class='ocrx_word' id='word_1_629' title='bbox 2639 3689 2785 3745; x_wconf 92' lang='lat' dir='ltr'><strong>enim</strong></span> <span class='ocrx_word' id='word_1_630' title='bbox 2823 3687 3193 3758; x_wconf 62' lang='lat' dir='ltr'><strong>hemisphaerii</strong></span> <span class='ocrx_word' id='word_1_631' title='bbox 3239 3687 3536 3742; x_wconf 89' lang='lat' dir='ltr'><strong>illuminati</strong></span> <span class='ocrx_word' id='word_1_632' title='bbox 3577 3701 3606 3740; x_wconf 93' lang='lat' dir='ltr'><strong>a</strong></span> <span class='ocrx_word' id='word_1_633' title='bbox 3640 3688 3757 3742; x_wconf 81' lang='lat' dir='ltr'><strong>sole</strong></span> 
     </span>
    </p>
   </div>
   <div class='ocr_carea' id='block_1_84' title="bbox 2189 3778 3759 3849">
    <p class='ocr_par' dir='ltr' id='par_1_84' title="bbox 2189 3778 3759 3849">
     <span class='ocr_line' id='line_1_84' title="bbox 2189 3778 3759 3849; baseline -0.001 -14"><span class='ocrx_word' id='word_1_634' title='bbox 2189 3780 2460 3836; x_wconf 90' lang='lat' dir='ltr'><strong>medietas</strong></span> <span class='ocrx_word' id='word_1_635' title='bbox 2488 3779 2553 3834; x_wconf 87' lang='lat' dir='ltr'><strong>ad</strong></span> <span class='ocrx_word' id='word_1_636' title='bbox 2585 3795 2687 3834; x_wconf 91' lang='lat' dir='ltr'><strong>nos</strong></span> <span class='ocrx_word' id='word_1_637' title='bbox 2711 3794 2978 3835; x_wconf 90' lang='lat' dir='ltr'><strong>conversa</strong></span> <span class='ocrx_word' id='word_1_638' title='bbox 3012 3785 3136 3845; x_wconf 89' lang='lat' dir='ltr'><strong>est;</strong></span> <span class='ocrx_word' id='word_1_639' title='bbox 3175 3794 3300 3833; x_wconf 90' lang='lat' dir='ltr'><strong>cum</strong></span> <span class='ocrx_word' id='word_1_640' title='bbox 3328 3779 3502 3849; x_wconf 88' lang='lat' dir='ltr'><strong>major</strong></span> <span class='ocrx_word' id='word_1_641' title='bbox 3531 3778 3584 3832; x_wconf 85' lang='lat' dir='ltr'><strong>lit</strong></span> <span class='ocrx_word' id='word_1_642' title='bbox 3617 3779 3759 3834; x_wconf 81' lang='lat' dir='ltr'><strong>lunae</strong></span> 
     </span>
    </p>
   </div>
   <div class='ocr_carea' id='block_1_85' title="bbox 2192 3871 3756 3942">
    <p class='ocr_par' dir='ltr' id='par_1_85' title="bbox 2192 3871 3756 3942">
     <span class='ocr_line' id='line_1_85' title="bbox 2192 3871 3756 3942; baseline -0.003 -15"><span class='ocrx_word' id='word_1_643' title='bbox 2192 3888 2219 3927; x_wconf 91' lang='lat' dir='ltr'><strong>a</strong></span> <span class='ocrx_word' id='word_1_644' title='bbox 2247 3873 2361 3928; x_wconf 90' lang='lat' dir='ltr'><strong>sole</strong></span> <span class='ocrx_word' id='word_1_645' title='bbox 2390 3873 2676 3934; x_wconf 89' lang='lat' dir='ltr'><strong>distantia,</strong></span> <span class='ocrx_word' id='word_1_646' title='bbox 2711 3872 2877 3927; x_wconf 87' lang='lat' dir='ltr'><strong>etiam</strong></span> <span class='ocrx_word' id='word_1_647' title='bbox 2904 3872 3079 3941; x_wconf 91' lang='lat' dir='ltr'><strong>major</strong></span> <span class='ocrx_word' id='word_1_648' title='bbox 3112 3879 3198 3927; x_wconf 91' lang='lat' dir='ltr'><strong>est</strong></span> <span class='ocrx_word' id='word_1_649' title='bbox 3233 3887 3363 3942; x_wconf 89' lang='lat' dir='ltr'><strong>pars</strong></span> <span class='ocrx_word' id='word_1_650' title='bbox 3405 3871 3708 3926; x_wconf 89' lang='lat' dir='ltr'><strong>illuminata</strong></span> <span class='ocrx_word' id='word_1_651' title='bbox 3741 3890 3756 3937; x_wconf 85' lang='lat'><strong>;</strong></span> 
     </span>
    </p>
   </div>
   <div class='ocr_carea' id='block_1_86' title="bbox 2190 3961 3760 4033">
    <p class='ocr_par' dir='ltr' id='par_1_86' title="bbox 2190 3961 3760 4033">
     <span class='ocr_line' id='line_1_86' title="bbox 2190 3961 3760 4033; baseline -0.003 -15"><span class='ocrx_word' id='word_1_652' title='bbox 2190 3979 2314 4018; x_wconf 91' lang='lat' dir='ltr'><strong>cum</strong></span> <span class='ocrx_word' id='word_1_653' title='bbox 2346 3973 2527 4020; x_wconf 86' lang='lat' dir='ltr'><strong>autem</strong></span> <span class='ocrx_word' id='word_1_654' title='bbox 2553 3963 2805 4033; x_wconf 83' lang='lat' dir='ltr'><strong>Opposita</strong></span> <span class='ocrx_word' id='word_1_655' title='bbox 2837 3962 3001 4016; x_wconf 84' lang='lat' dir='ltr'><strong>fuerit</strong></span> <span class='ocrx_word' id='word_1_656' title='bbox 3024 3961 3150 4028; x_wconf 87' lang='lat' dir='ltr'><strong>soli,</strong></span> <span class='ocrx_word' id='word_1_657' title='bbox 3195 3961 3556 4016; x_wconf 87' lang='lat' dir='ltr'><strong>illuminatum</strong></span> <span class='ocrx_word' id='word_1_658' title='bbox 3588 3961 3760 4016; x_wconf 89' lang='lat' dir='ltr'><strong>hemi-</strong></span> 
     </span>
    </p>
   </div>
   <div class='ocr_carea' id='block_1_87' title="bbox 2192 4048 3759 4128">
    <p class='ocr_par' dir='ltr' id='par_1_87' title="bbox 2192 4048 3759 4128">
     <span class='ocr_line' id='line_1_87' title="bbox 2192 4048 3759 4128; baseline -0.004 -18"><span class='ocrx_word' id='word_1_659' title='bbox 2192 4056 2484 4128; x_wconf 61' lang='lat' dir='ltr'><strong>sphaerium</strong></span> <span class='ocrx_word' id='word_1_660' title='bbox 2542 4063 2734 4108; x_wconf 90' lang='lat' dir='ltr'><strong>nostro</strong></span> <span class='ocrx_word' id='word_1_661' title='bbox 2788 4051 3109 4122; x_wconf 91' lang='lat' dir='ltr'><strong>conspectui</strong></span> <span class='ocrx_word' id='word_1_662' title='bbox 3140 4051 3390 4107; x_wconf 69' lang='lat' dir='ltr'><strong>offertur.</strong></span> <span class='ocrx_word' id='word_1_663' title='bbox 3429 4048 3495 4103; x_wconf 85' lang='lat' dir='ltr'><strong>Et</strong></span> <span class='ocrx_word' id='word_1_664' title='bbox 3543 4059 3602 4104; x_wconf 91' lang='lat' dir='ltr'><strong>ut</strong></span> <span class='ocrx_word' id='word_1_665' title='bbox 3635 4051 3759 4104; x_wconf 92' lang='lat' dir='ltr'><strong>uni-</strong></span> 
     </span>
    </p>
   </div>
   <div class='ocr_carea' id='block_1_88' title="bbox 2187 4143 3758 4212">
    <p class='ocr_par' dir='ltr' id='par_1_88' title="bbox 2187 4143 3758 4212">
     <span class='ocr_line' id='line_1_88' title="bbox 2187 4143 3758 4212; baseline -0.004 -8"><span class='ocrx_word' id='word_1_666' title='bbox 2187 4163 2346 4204; x_wconf 88' lang='lat' dir='ltr'><strong>verse</strong></span> <span class='ocrx_word' id='word_1_667' title='bbox 2404 4147 2582 4201; x_wconf 89' lang='lat' dir='ltr'><strong>dicam</strong></span> <span class='ocrx_word' id='word_1_668' title='bbox 2618 4185 2633 4212; x_wconf 94' lang='lat'><strong>,</strong></span> <span class='ocrx_word' id='word_1_669' title='bbox 2691 4145 2994 4202; x_wconf 90' lang='lat' dir='ltr'><strong>secundum</strong></span> <span class='ocrx_word' id='word_1_670' title='bbox 3054 4145 3322 4198; x_wconf 83' lang='lat' dir='ltr'><strong>rationem</strong></span> <span class='ocrx_word' id='word_1_671' title='bbox 3371 4143 3758 4198; x_wconf 85' lang='lat' dir='ltr'><strong>distantiarum</strong></span> 
     </span>
    </p>
   </div>
   <div class='ocr_carea' id='block_1_89' title="bbox 2189 4232 3759 4306">
    <p class='ocr_par' dir='ltr' id='par_1_89' title="bbox 2189 4232 3759 4306">
     <span class='ocr_line' id='line_1_89' title="bbox 2189 4232 3759 4306; baseline -0.002 -17"><span class='ocrx_word' id='word_1_672' title='bbox 2189 4235 2595 4306; x_wconf 83' lang='lat' dir='ltr'><strong>magnitudines</strong></span> <span class='ocrx_word' id='word_1_673' title='bbox 2645 4235 3106 4289; x_wconf 91' lang='lat' dir='ltr'><strong>illuminationum</strong></span> <span class='ocrx_word' id='word_1_674' title='bbox 3167 4241 3504 4306; x_wconf 68' lang='lat' dir='ltr'><strong>spectantur.</strong></span> <span class='ocrx_word' id='word_1_675' title='bbox 3535 4232 3759 4290; x_wconf 73' lang='lat' dir='ltr'><strong>Posrre-</strong></span> 
     </span>
    </p>
   </div>
   <div class='ocr_carea' id='block_1_90' title="bbox 2189 4323 3759 4395">
    <p class='ocr_par' dir='ltr' id='par_1_90' title="bbox 2189 4323 3759 4395">
     <span class='ocr_line' id='line_1_90' title="bbox 2189 4323 3759 4395; baseline -0.001 -17"><span class='ocrx_word' id='word_1_676' title='bbox 2189 4341 2300 4388; x_wconf 84' lang='lat' dir='ltr'><strong>mo,</strong></span> <span class='ocrx_word' id='word_1_677' title='bbox 2329 4340 2451 4379; x_wconf 92' lang='lat' dir='ltr'><strong>cum</strong></span> <span class='ocrx_word' id='word_1_678' title='bbox 2485 4325 2612 4379; x_wconf 90' lang='lat' dir='ltr'><strong>luna</strong></span> <span class='ocrx_word' id='word_1_679' title='bbox 2648 4326 2876 4381; x_wconf 86' lang='lat' dir='ltr'><strong>subierit</strong></span> <span class='ocrx_word' id='word_1_680' title='bbox 2905 4327 3097 4391; x_wconf 88' lang='lat' dir='ltr'><strong>solem,</strong></span> <span class='ocrx_word' id='word_1_681' title='bbox 3133 4329 3334 4394; x_wconf 80' lang='lat' dir='ltr'><strong>expers</strong></span> <span class='ocrx_word' id='word_1_682' title='bbox 3390 4323 3611 4378; x_wconf 87' lang='lat' dir='ltr'><strong>luminis</strong></span> <span class='ocrx_word' id='word_1_683' title='bbox 3662 4339 3759 4395; x_wconf 66' lang='lat' dir='ltr'><strong>ap~</strong></span> 
     </span>
    </p>
   </div>
   <div class='ocr_carea' id='block_1_91' title="bbox 2191 4413 3762 4486">
    <p class='ocr_par' dir='ltr' id='par_1_91' title="bbox 2191 4413 3762 4486">
     <span class='ocr_line' id='line_1_91' title="bbox 2191 4413 3762 4486; baseline 0.001 -18"><span class='ocrx_word' id='word_1_684' title='bbox 2191 4422 2364 4486; x_wconf 88' lang='lat' dir='ltr'><strong>paret.</strong></span> <span class='ocrx_word' id='word_1_685' title='bbox 2406 4413 2860 4486; x_wconf 78' lang='lat' dir='ltr'><strong>Hemispbazrium</strong></span> <span class='ocrx_word' id='word_1_686' title='bbox 2891 4417 3038 4470; x_wconf 90' lang='lat' dir='ltr'><strong>enim</strong></span> <span class='ocrx_word' id='word_1_687' title='bbox 3067 4417 3190 4486; x_wconf 86' lang='lat' dir='ltr'><strong>ejus</strong></span> <span class='ocrx_word' id='word_1_688' title='bbox 3222 4416 3586 4472; x_wconf 91' lang='lat' dir='ltr'><strong>illuminatum</strong></span> <span class='ocrx_word' id='word_1_689' title='bbox 3636 4432 3762 4470; x_wconf 84' lang='lat' dir='ltr'><strong>sur-</strong></span> 
     </span>
    </p>
   </div>
   <div class='ocr_carea' id='block_1_92' title="bbox 509 4502 2086 4588">
    <p class='ocr_par' dir='ltr' id='par_1_92' title="bbox 509 4508 2082 4588">
     <span class='ocr_line' id='line_1_92' title="bbox 509 4508 2082 4588; baseline -0.004 -21"><span class='ocrx_word' id='word_1_690' title='bbox 509 4515 621 4568; x_wconf 68' lang='lat' dir='ltr'><strong>Kai.</strong></span> <span class='ocrx_word' id='word_1_691' title='bbox 654 4515 882 4569; x_wconf 85' lang='grc' dir='ltr'>καθόλου</span> <span class='ocrx_word' id='word_1_692' title='bbox 910 4515 965 4569; x_wconf 84' lang='grc' dir='ltr'>δὲ</span> <span class='ocrx_word' id='word_1_693' title='bbox 983 4516 1118 4588; x_wconf 80' lang='grc' dir='ltr'>πρὸς</span> <span class='ocrx_word' id='word_1_694' title='bbox 1146 4515 1302 4584; x_wconf 90' lang='grc' dir='ltr'>λόγον</span> <span class='ocrx_word' id='word_1_695' title='bbox 1318 4514 1428 4567; x_wconf 85' lang='grc' dir='ltr'><strong>τῶν</strong></span> <span class='ocrx_word' id='word_1_696' title='bbox 1452 4513 1783 4567; x_wconf 85' lang='grc' dir='ltr'>διαστάσεων</span> <span class='ocrx_word' id='word_1_697' title='bbox 1795 4510 1864 4563; x_wconf 86' lang='grc' dir='ltr'>τὰ</span> <span class='ocrx_word' id='word_1_698' title='bbox 1880 4508 2082 4581; x_wconf 87' lang='grc' dir='ltr'>μεγέθη</span> 
     </span>
    </p>
   </div>
   <div class='ocr_carea' id='block_1_93' title="bbox 2188 4502 3759 4588">
    <p class='ocr_par' dir='ltr' id='par_1_93' title="bbox 2189 4502 3759 4576">
     <span class='ocr_line' id='line_1_93' title="bbox 2189 4502 3759 4576; baseline 0.002 -16"><span class='ocrx_word' id='word_1_699' title='bbox 2189 4520 2309 4560; x_wconf 84' lang='lat' dir='ltr'><strong>sum</strong></span> <span class='ocrx_word' id='word_1_700' title='bbox 2361 4502 2430 4556; x_wconf 90' lang='lat' dir='ltr'><strong>ad</strong></span> <span class='ocrx_word' id='word_1_701' title='bbox 2490 4505 2659 4559; x_wconf 89' lang='lat' dir='ltr'><strong>solem</strong></span> <span class='ocrx_word' id='word_1_702' title='bbox 2720 4521 3044 4561; x_wconf 87' lang='lat' dir='ltr'><strong>conversum</strong></span> <span class='ocrx_word' id='word_1_703' title='bbox 3089 4514 3205 4561; x_wconf 90' lang='lat' dir='ltr'><strong>est:</strong></span> <span class='ocrx_word' id='word_1_704' title='bbox 3258 4507 3403 4562; x_wconf 84' lang='lat' dir='ltr'><strong>unde</strong></span> <span class='ocrx_word' id='word_1_705' title='bbox 3462 4507 3587 4572; x_wconf 85' lang='lat' dir='ltr'><strong>jure</strong></span> <span class='ocrx_word' id='word_1_706' title='bbox 3632 4523 3759 4576; x_wconf 83' lang='lat' dir='ltr'><strong>pars</strong></span> 
     </span>
    </p>
   </div>
   <div class='ocr_carea' id='block_1_94' title="bbox 502 4601 2084 4679">
    <p class='ocr_par' dir='ltr' id='par_1_94' title="bbox 502 4601 2084 4679">
     <span class='ocr_line' id='line_1_94' title="bbox 502 4601 2084 4679; baseline -0.004 -20"><span class='ocrx_word' id='word_1_707' title='bbox 502 4606 612 4661; x_wconf 86' lang='grc' dir='ltr'><strong>τῶν</strong></span> <span class='ocrx_word' id='word_1_708' title='bbox 670 4607 968 4678; x_wconf 82' lang='grc' dir='ltr'>φωτισμῶν</span> <span class='ocrx_word' id='word_1_709' title='bbox 1025 4608 1329 4679; x_wconf 85' lang='grc' dir='ltr'>θεωρεῖται.</span> <span class='ocrx_word' id='word_1_710' title='bbox 1363 4605 1436 4658; x_wconf 80' lang='grc' dir='ltr'>Τὸ</span> <span class='ocrx_word' id='word_1_711' title='bbox 1471 4604 1526 4657; x_wconf 83' lang='grc' dir='ltr'>δὲ</span> <span class='ocrx_word' id='word_1_712' title='bbox 1575 4603 1904 4666; x_wconf 85' lang='grc' dir='ltr'>τελευταῖον,</span> <span class='ocrx_word' id='word_1_713' title='bbox 1954 4601 2084 4654; x_wconf 83' lang='grc' dir='ltr'>ὅταν</span> 
     </span>
    </p>
   </div>
   <div class='ocr_carea' id='block_1_95' title="bbox 505 4693 2080 4772">
    <p class='ocr_par' dir='ltr' id='par_1_95' title="bbox 505 4693 2080 4772">
     <span class='ocr_line' id='line_1_95' title="bbox 505 4693 2080 4772; baseline -0.004 -21"><span class='ocrx_word' id='word_1_714' title='bbox 505 4699 853 4772; x_wconf 81' lang='grc' dir='ltr'>ὑποτροχάσῃ</span> <span class='ocrx_word' id='word_1_715' title='bbox 880 4698 958 4769; x_wconf 79' lang='grc' dir='ltr'><strong>τῷ</strong></span> <span class='ocrx_word' id='word_1_716' title='bbox 989 4699 1124 4770; x_wconf 83' lang='grc' dir='ltr'>ἡλίῳ</span> <span class='ocrx_word' id='word_1_717' title='bbox 1147 4701 1180 4768; x_wconf 90' lang='grc' dir='ltr'><strong>ἡ</strong></span> <span class='ocrx_word' id='word_1_718' title='bbox 1223 4699 1444 4768; x_wconf 79' lang='grc' dir='ltr'>σελήνη,</span> <span class='ocrx_word' id='word_1_719' title='bbox 1467 4695 1770 4766; x_wconf 83' lang='grc' dir='ltr'>ἀφώτιστος</span> <span class='ocrx_word' id='word_1_720' title='bbox 1801 4693 2080 4763; x_wconf 84' lang='grc' dir='ltr'>βλέπεται.</span> 
     </span>
    </p>
   </div>
   <div class='ocr_carea' id='block_1_96' title="bbox 503 4783 2083 4862">
    <p class='ocr_par' dir='ltr' id='par_1_96' title="bbox 503 4783 2083 4862">
     <span class='ocr_line' id='line_1_96' title="bbox 503 4783 2083 4862; baseline -0.004 -20"><span class='ocrx_word' id='word_1_721' title='bbox 503 4789 578 4842; x_wconf 85' lang='grc' dir='ltr'>Τὸ</span> <span class='ocrx_word' id='word_1_722' title='bbox 600 4791 706 4861; x_wconf 79' lang='grc' dir='ltr'>γὰρ</span> <span class='ocrx_word' id='word_1_723' title='bbox 731 4791 1086 4862; x_wconf 86' lang='grc' dir='ltr'>ἡμισφαίριον</span> <span class='ocrx_word' id='word_1_724' title='bbox 1107 4789 1277 4860; x_wconf 77' lang='grc' dir='ltr'>αὐτῆς</span> <span class='ocrx_word' id='word_1_725' title='bbox 1294 4789 1354 4842; x_wconf 81' lang='grc' dir='ltr'>τὸ</span> <span class='ocrx_word' id='word_1_726' title='bbox 1370 4786 1779 4858; x_wconf 87' lang='grc' dir='ltr'>πεφωτισμένον</span> <span class='ocrx_word' id='word_1_727' title='bbox 1807 4784 1919 4838; x_wconf 81' lang='grc' dir='ltr'><strong>ἀνω</strong></span> <span class='ocrx_word' id='word_1_728' title='bbox 1949 4783 2083 4854; x_wconf 80' lang='grc' dir='ltr'>πρὸς</span> 
     </span>
    </p>
   </div>
   <div class='ocr_carea' id='block_1_97' title="bbox 504 4875 2082 4952">
    <p class='ocr_par' dir='ltr' id='par_1_97' title="bbox 504 4875 2082 4952">
     <span class='ocr_line' id='line_1_97' title="bbox 504 4875 2082 4952; baseline -0.003 -19"><span class='ocrx_word' id='word_1_729' title='bbox 504 4881 594 4934; x_wconf 86' lang='grc' dir='ltr'>τὸν</span> <span class='ocrx_word' id='word_1_730' title='bbox 613 4880 763 4952; x_wconf 81' lang='grc' dir='ltr'>ἥλιον</span> <span class='ocrx_word' id='word_1_731' title='bbox 781 4881 1150 4952; x_wconf 79' lang='grc' dir='ltr'>ὲπέστραπται</span> <span class='ocrx_word' id='word_1_732' title='bbox 1168 4901 1181 4912; x_wconf 92' lang='grc'><strong>·</strong></span> <span class='ocrx_word' id='word_1_733' title='bbox 1210 4881 1330 4936; x_wconf 82' lang='grc' dir='ltr'>ὅθεν</span> <span class='ocrx_word' id='word_1_734' title='bbox 1364 4880 1598 4948; x_wconf 82' lang='grc' dir='ltr'>εὐλόγως</span> <span class='ocrx_word' id='word_1_735' title='bbox 1624 4880 1752 4948; x_wconf 85' lang='grc' dir='ltr'>ἡμῖν</span> <span class='ocrx_word' id='word_1_736' title='bbox 1773 4875 2082 4946; x_wconf 85' lang='grc' dir='ltr'>ἀθεώρητον</span> 
     </span>
    </p>
   </div>
   <div class='ocr_carea' id='block_1_98' title="bbox 508 4961 2083 5044">
    <p class='ocr_par' dir='ltr' id='par_1_98' title="bbox 508 4961 2083 5044">
     <span class='ocr_line' id='line_1_98' title="bbox 508 4961 2083 5044; baseline -0.002 -20"><span class='ocrx_word' id='word_1_737' title='bbox 508 4972 712 5040; x_wconf 88' lang='grc' dir='ltr'>γίνεται</span> <span class='ocrx_word' id='word_1_738' title='bbox 745 4973 806 5025; x_wconf 86' lang='grc' dir='ltr'>τὸ</span> <span class='ocrx_word' id='word_1_739' title='bbox 829 4973 1239 5044; x_wconf 84' lang='grc' dir='ltr'>πεφωτισμένον</span> <span class='ocrx_word' id='word_1_740' title='bbox 1284 4973 1448 5044; x_wconf 84' lang='grc' dir='ltr'>μέρος</span> <span class='ocrx_word' id='word_1_741' title='bbox 1473 4973 1572 5043; x_wconf 81' lang='grc' dir='ltr'>τῆς</span> <span class='ocrx_word' id='word_1_742' title='bbox 1600 4971 1847 5042; x_wconf 88' lang='grc' dir='ltr'>σελήνης.</span> <span class='ocrx_word' id='word_1_743' title='bbox 1892 4969 1979 5034; x_wconf 83' lang='grc' dir='ltr'><strong>Ἐξ</strong></span> <span class='ocrx_word' id='word_1_744' title='bbox 2007 4961 2083 5022; x_wconf 87' lang='grc' dir='ltr'>ὧν</span> 
     </span>
    </p>
   </div>
   <div class='ocr_carea' id='block_1_99' title="bbox 508 5061 2079 5135">
    <p class='ocr_par' dir='ltr' id='par_1_99' title="bbox 508 5061 2079 5135">
     <span class='ocr_line' id='line_1_99' title="bbox 508 5061 2079 5135; baseline -0.001 -20"><span class='ocrx_word' id='word_1_745' title='bbox 508 5064 758 5134; x_wconf 75' lang='grc' dir='ltr'>φανερὸν,</span> <span class='ocrx_word' id='word_1_746' title='bbox 803 5065 884 5117; x_wconf 84' lang='grc' dir='ltr'>ὅτι</span> <span class='ocrx_word' id='word_1_747' title='bbox 945 5066 978 5135; x_wconf 88' lang='grc' dir='ltr'><strong>ἡ</strong></span> <span class='ocrx_word' id='word_1_748' title='bbox 1033 5064 1227 5134; x_wconf 89' lang='grc' dir='ltr'>σελήνη</span> <span class='ocrx_word' id='word_1_749' title='bbox 1284 5064 1390 5117; x_wconf 77' lang='grc' dir='ltr'><strong>ὑπὸ</strong></span> <span class='ocrx_word' id='word_1_750' title='bbox 1434 5063 1527 5116; x_wconf 75' lang='grc' dir='ltr'>τοῦ</span> <span class='ocrx_word' id='word_1_751' title='bbox 1571 5063 1720 5134; x_wconf 89' lang='grc' dir='ltr'>ἡλίου</span> <span class='ocrx_word' id='word_1_752' title='bbox 1764 5061 2079 5131; x_wconf 80' lang='grc' dir='ltr'>φωτίζεται.</span> 
     </span>
    </p>
   </div>
   <div class='ocr_carea' id='block_1_100' title="bbox 507 5152 2083 5226">
    <p class='ocr_par' dir='ltr' id='par_1_100' title="bbox 507 5152 2083 5226">
     <span class='ocr_line' id='line_1_100' title="bbox 507 5152 2083 5226; baseline 0.002 -23"><span class='ocrx_word' id='word_1_753' title='bbox 507 5152 786 5222; x_wconf 77' lang='grc' dir='ltr'>Λαμϐἀνει</span> <span class='ocrx_word' id='word_1_754' title='bbox 809 5154 866 5206; x_wconf 86' lang='grc' dir='ltr'>δὲ</span> <span class='ocrx_word' id='word_1_755' title='bbox 913 5156 1038 5216; x_wconf 74' lang='grc' dir='ltr'>τοὺς</span> <span class='ocrx_word' id='word_1_756' title='bbox 1070 5155 1278 5217; x_wconf 85' lang='grc' dir='ltr'>πάντας</span> <span class='ocrx_word' id='word_1_757' title='bbox 1305 5156 1714 5226; x_wconf 82' lang='grc' dir='ltr'>σχηματισμοὺς</span> <span class='ocrx_word' id='word_1_758' title='bbox 1747 5155 1780 5224; x_wconf 90' lang='grc' dir='ltr'><strong>ἡ</strong></span> <span class='ocrx_word' id='word_1_759' title='bbox 1809 5153 2001 5224; x_wconf 87' lang='grc' dir='ltr'>σελήνη</span> <span class='ocrx_word' id='word_1_760' title='bbox 2026 5155 2083 5206; x_wconf 81' lang='grc' dir='ltr'><strong>έν</strong></span> 
     </span>
    </p>
   </div>
   <div class='ocr_carea' id='block_1_101' title="bbox 509 5242 2077 5317">
    <p class='ocr_par' dir='ltr' id='par_1_101' title="bbox 509 5242 2077 5317">
     <span class='ocr_line' id='line_1_101' title="bbox 509 5242 2077 5317; baseline 0.001 -23"><span class='ocrx_word' id='word_1_761' title='bbox 509 5242 586 5313; x_wconf 75' lang='grc' dir='ltr'><strong>τῷ</strong></span> <span class='ocrx_word' id='word_1_762' title='bbox 620 5244 855 5314; x_wconf 80' lang='grc' dir='ltr'>μηνιαίῳ</span> <span class='ocrx_word' id='word_1_763' title='bbox 881 5245 1056 5316; x_wconf 83' lang='grc' dir='ltr'>χρόνῳ</span> <span class='ocrx_word' id='word_1_764' title='bbox 1081 5246 1367 5317; x_wconf 88' lang='grc' dir='ltr'>τέσσαρας,</span> <span class='ocrx_word' id='word_1_765' title='bbox 1393 5247 1474 5310; x_wconf 70' lang='grc' dir='ltr'><strong>δὶς</strong></span> <span class='ocrx_word' id='word_1_766' title='bbox 1503 5247 1699 5309; x_wconf 82' lang='grc' dir='ltr'>αὐτοὺς</span> <span class='ocrx_word' id='word_1_767' title='bbox 1723 5243 2077 5298; x_wconf 78' lang='grc' dir='ltr'>ἀποτελοῦσα.</span> 
     </span>
    </p>
   </div>
   <div class='ocr_carea' id='block_1_102' title="bbox 509 5334 2080 5409">
    <p class='ocr_par' dir='ltr' id='par_1_102' title="bbox 509 5334 2080 5409">
     <span class='ocr_line' id='line_1_102' title="bbox 509 5334 2080 5409; baseline 0.003 -23"><span class='ocrx_word' id='word_1_768' title='bbox 509 5335 629 5387; x_wconf 75' lang='grc' dir='ltr'>Εἰσὶ</span> <span class='ocrx_word' id='word_1_769' title='bbox 667 5334 724 5387; x_wconf 84' lang='grc' dir='ltr'>δὲ</span> <span class='ocrx_word' id='word_1_770' title='bbox 762 5337 809 5388; x_wconf 93' lang='grc' dir='ltr'>οί</span> <span class='ocrx_word' id='word_1_771' title='bbox 858 5339 1227 5408; x_wconf 73' lang='grc' dir='ltr'>σχηματισμοὶ</span> <span class='ocrx_word' id='word_1_772' title='bbox 1273 5339 1403 5405; x_wconf 75' lang='grc' dir='ltr'>οἵδε,</span> <span class='ocrx_word' id='word_1_773' title='bbox 1433 5339 1737 5409; x_wconf 77' lang='grc' dir='ltr'>μηνοειδὴς,</span> <span class='ocrx_word' id='word_1_774' title='bbox 1781 5337 2080 5408; x_wconf 81' lang='grc' dir='ltr'>διχότομος,</span> 
     </span>
    </p>
   </div>
   <div class='ocr_carea' id='block_1_103' title="bbox 508 5424 2083 5500">
    <p class='ocr_par' dir='ltr' id='par_1_103' title="bbox 508 5424 2083 5500">
     <span class='ocr_line' id='line_1_103' title="bbox 508 5424 2083 5500; baseline 0.001 -22"><span class='ocrx_word' id='word_1_775' title='bbox 508 5425 870 5495; x_wconf 84' lang='grc' dir='ltr'>ἀμφίκυρτος,</span> <span class='ocrx_word' id='word_1_776' title='bbox 895 5427 1245 5498; x_wconf 86' lang='grc' dir='ltr'>πανσέληνος.</span> <span class='ocrx_word' id='word_1_777' title='bbox 1281 5430 1580 5500; x_wconf 88' lang='grc' dir='ltr'>Μηνοειδὴς</span> <span class='ocrx_word' id='word_1_778' title='bbox 1612 5430 1708 5500; x_wconf 86' lang='grc' dir='ltr'>μὲν</span> <span class='ocrx_word' id='word_1_779' title='bbox 1744 5424 1836 5482; x_wconf 77' lang='grc' dir='ltr'>οὖν</span> <span class='ocrx_word' id='word_1_780' title='bbox 1874 5429 2083 5496; x_wconf 88' lang='grc' dir='ltr'>γίνεται</span> 
     </span>
    </p>
   </div>
   <div class='ocr_carea' id='block_1_104' title="bbox 511 5517 2084 5592">
    <p class='ocr_par' dir='ltr' id='par_1_104' title="bbox 511 5517 2084 5592">
     <span class='ocr_line' id='line_1_104' title="bbox 511 5517 2084 5592; baseline -0.008 -10"><span class='ocrx_word' id='word_1_781' title='bbox 511 5534 551 5567; x_wconf 80' lang='grc' dir='ltr'><strong><em>π</em></strong></span> <span class='ocrx_word' id='word_1_782' title='bbox 583 5519 636 5585; x_wconf 72' lang='grc' dir='ltr'><strong>ρὶ</strong></span> <span class='ocrx_word' id='word_1_783' title='bbox 658 5517 755 5580; x_wconf 71' lang='grc' dir='ltr'><strong>τὰς</strong></span> <span class='ocrx_word' id='word_1_784' title='bbox 799 5519 972 5590; x_wconf 78' lang='grc' dir='ltr'>ἀρχὰς</span> <span class='ocrx_word' id='word_1_785' title='bbox 1020 5520 1125 5572; x_wconf 85' lang='grc' dir='ltr'>τῶν</span> <span class='ocrx_word' id='word_1_786' title='bbox 1160 5519 1343 5591; x_wconf 82' lang='grc' dir='ltr'>μηνῶν</span> <span class='ocrx_word' id='word_1_787' title='bbox 1371 5539 1383 5552; x_wconf 95' lang='grc'><strong>·</strong></span> <span class='ocrx_word' id='word_1_788' title='bbox 1434 5522 1713 5592; x_wconf 81' lang='grc' dir='ltr'>διχότομος</span> <span class='ocrx_word' id='word_1_789' title='bbox 1733 5521 1790 5573; x_wconf 83' lang='grc' dir='ltr'>δὲ</span> <span class='ocrx_word' id='word_1_790' title='bbox 1835 5517 1962 5590; x_wconf 73' lang='grc' dir='ltr'>περὶ</span> <span class='ocrx_word' id='word_1_791' title='bbox 1985 5519 2084 5590; x_wconf 79' lang='grc' dir='ltr'>τὴν</span> 
     </span>
    </p>
   </div>
   <div class='ocr_carea' id='block_1_105' title="bbox 2191 4596 3760 4669">
    <p class='ocr_par' dir='ltr' id='par_1_105' title="bbox 2191 4596 3760 4669">
     <span class='ocr_line' id='line_1_105' title="bbox 2191 4596 3760 4669; baseline 0.001 -18"><span class='ocrx_word' id='word_1_792' title='bbox 2191 4597 2334 4652; x_wconf 63' lang='lat' dir='ltr'><strong>lunae</strong></span> <span class='ocrx_word' id='word_1_793' title='bbox 2367 4597 2676 4651; x_wconf 91' lang='lat' dir='ltr'><strong>illuminata</strong></span> <span class='ocrx_word' id='word_1_794' title='bbox 2702 4613 2808 4652; x_wconf 93' lang='lat' dir='ltr'><strong>non</strong></span> <span class='ocrx_word' id='word_1_795' title='bbox 2843 4606 3142 4669; x_wconf 87' lang='lat' dir='ltr'><strong>spectatur.</strong></span> <span class='ocrx_word' id='word_1_796' title='bbox 3178 4596 3254 4652; x_wconf 80' lang='lat' dir='ltr'><strong>Ex</strong></span> <span class='ocrx_word' id='word_1_797' title='bbox 3311 4599 3511 4668; x_wconf 89' lang='lat' dir='ltr'><strong>quibus</strong></span> <span class='ocrx_word' id='word_1_798' title='bbox 3568 4600 3760 4653; x_wconf 86' lang='lat' dir='ltr'><strong>mani—</strong></span> 
     </span>
    </p>
   </div>
   <div class='ocr_carea' id='block_1_106' title="bbox 2190 4689 3759 4762">
    <p class='ocr_par' dir='ltr' id='par_1_106' title="bbox 2190 4689 3759 4762">
     <span class='ocr_line' id='line_1_106' title="bbox 2190 4689 3759 4762; baseline 0.001 -18"><span class='ocrx_word' id='word_1_799' title='bbox 2190 4689 2388 4745; x_wconf 88' lang='lat' dir='ltr'><strong>festum</strong></span> <span class='ocrx_word' id='word_1_800' title='bbox 2413 4698 2516 4752; x_wconf 91' lang='lat' dir='ltr'><strong>est,</strong></span> <span class='ocrx_word' id='word_1_801' title='bbox 2552 4690 2736 4744; x_wconf 87' lang='lat' dir='ltr'><strong>lunam</strong></span> <span class='ocrx_word' id='word_1_802' title='bbox 2759 4705 2789 4744; x_wconf 88' lang='lat' dir='ltr'><strong>a</strong></span> <span class='ocrx_word' id='word_1_803' title='bbox 2829 4693 2944 4747; x_wconf 90' lang='lat' dir='ltr'><strong>sole</strong></span> <span class='ocrx_word' id='word_1_804' title='bbox 2979 4692 3297 4747; x_wconf 90' lang='lat' dir='ltr'><strong>illuminari.</strong></span> <span class='ocrx_word' id='word_1_805' title='bbox 3333 4691 3546 4762; x_wconf 85' lang='lat' dir='ltr'><strong>Accipit</strong></span> <span class='ocrx_word' id='word_1_806' title='bbox 3578 4703 3759 4747; x_wconf 89' lang='lat' dir='ltr'><strong>autem</strong></span> 
     </span>
    </p>
   </div>
   <div class='ocr_carea' id='block_1_107' title="bbox 2188 4785 3761 4855">
    <p class='ocr_par' dir='ltr' id='par_1_107' title="bbox 2188 4785 3761 4855">
     <span class='ocr_line' id='line_1_107' title="bbox 2188 4785 3761 4855; baseline 0 -17"><span class='ocrx_word' id='word_1_807' title='bbox 2188 4799 2381 4839; x_wconf 85' lang='lat' dir='ltr'><strong>omnes</strong></span> <span class='ocrx_word' id='word_1_808' title='bbox 2409 4785 2873 4854; x_wconf 85' lang='lat' dir='ltr'><strong>conligurationes</strong></span> <span class='ocrx_word' id='word_1_809' title='bbox 2905 4786 3033 4839; x_wconf 90' lang='lat' dir='ltr'><strong>luna</strong></span> <span class='ocrx_word' id='word_1_810' title='bbox 3083 4794 3318 4855; x_wconf 88' lang='lat' dir='ltr'><strong>quatuor</strong></span> <span class='ocrx_word' id='word_1_811' title='bbox 3374 4785 3430 4840; x_wconf 91' lang='lat' dir='ltr'><strong>in</strong></span> <span class='ocrx_word' id='word_1_812' title='bbox 3477 4800 3761 4840; x_wconf 79' lang='lat' dir='ltr'><strong>menStruo</strong></span> 
     </span>
    </p>
   </div>
   <div class='ocr_carea' id='block_1_108' title="bbox 2188 4875 3760 4947">
    <p class='ocr_par' dir='ltr' id='par_1_108' title="bbox 2188 4875 3760 4947">
     <span class='ocr_line' id='line_1_108' title="bbox 2188 4875 3760 4947; baseline 0.002 -18"><span class='ocrx_word' id='word_1_813' title='bbox 2188 4883 2457 4946; x_wconf 89' lang='lat' dir='ltr'><strong>tempore,</strong></span> <span class='ocrx_word' id='word_1_814' title='bbox 2496 4876 2581 4932; x_wconf 91' lang='lat' dir='ltr'><strong>bis</strong></span> <span class='ocrx_word' id='word_1_815' title='bbox 2604 4891 2699 4931; x_wconf 87' lang='lat' dir='ltr'><strong>eas</strong></span> <span class='ocrx_word' id='word_1_816' title='bbox 2729 4877 2991 4934; x_wconf 80' lang='lat' dir='ltr'><strong>emciens.</strong></span> <span class='ocrx_word' id='word_1_817' title='bbox 3043 4875 3182 4932; x_wconf 93' lang='lat' dir='ltr'><strong>Sunt</strong></span> <span class='ocrx_word' id='word_1_818' title='bbox 3235 4887 3416 4931; x_wconf 90' lang='lat' dir='ltr'><strong>autem</strong></span> <span class='ocrx_word' id='word_1_819' title='bbox 3456 4877 3760 4947; x_wconf 81' lang='lat' dir='ltr'><strong>conﬁgura-</strong></span> 
     </span>
    </p>
   </div>
   <div class='ocr_carea' id='block_1_109' title="bbox 2191 4965 3755 5037">
    <p class='ocr_par' dir='ltr' id='par_1_109' title="bbox 2191 4965 3755 5037">
     <span class='ocr_line' id='line_1_109' title="bbox 2191 4965 3755 5037; baseline 0.001 -17"><span class='ocrx_word' id='word_1_820' title='bbox 2191 4967 2373 5022; x_wconf 88' lang='lat' dir='ltr'><strong>tioncs</strong></span> <span class='ocrx_word' id='word_1_821' title='bbox 2433 4967 2537 5030; x_wconf 63' lang='lat' dir='ltr'><strong>hae,</strong></span> <span class='ocrx_word' id='word_1_822' title='bbox 2602 4965 2823 5030; x_wconf 88' lang='lat' dir='ltr'><strong>falcata,</strong></span> <span class='ocrx_word' id='word_1_823' title='bbox 2877 4967 3182 5027; x_wconf 86' lang='lat' dir='ltr'><strong>dimidiata,</strong></span> <span class='ocrx_word' id='word_1_824' title='bbox 3243 4966 3468 5037; x_wconf 82' lang='lat' dir='ltr'><strong>gibbosa</strong></span> <span class='ocrx_word' id='word_1_825' title='bbox 3497 4978 3552 5021; x_wconf 91' lang='lat' dir='ltr'><strong>et</strong></span> <span class='ocrx_word' id='word_1_826' title='bbox 3579 4967 3755 5037; x_wconf 81' lang='lat' dir='ltr'><strong>plena.</strong></span> 
     </span>
    </p>
   </div>
   <div class='ocr_carea' id='block_1_110' title="bbox 2192 5059 3757 5133">
    <p class='ocr_par' dir='ltr' id='par_1_110' title="bbox 2192 5059 3757 5133">
     <span class='ocr_line' id='line_1_110' title="bbox 2192 5059 3757 5133; baseline 0.002 -20"><span class='ocrx_word' id='word_1_827' title='bbox 2192 5059 2414 5115; x_wconf 87' lang='lat' dir='ltr'><strong>Falcata</strong></span> <span class='ocrx_word' id='word_1_828' title='bbox 2441 5060 2674 5115; x_wconf 82' lang='lat' dir='ltr'><strong>eﬂicitur</strong></span> <span class='ocrx_word' id='word_1_829' title='bbox 2705 5063 2854 5116; x_wconf 90' lang='lat' dir='ltr'><strong>circa</strong></span> <span class='ocrx_word' id='word_1_830' title='bbox 2898 5063 3168 5133; x_wconf 89' lang='lat' dir='ltr'><strong>principia</strong></span> <span class='ocrx_word' id='word_1_831' title='bbox 3222 5063 3530 5130; x_wconf 82' lang='lat' dir='ltr'><strong>mensium;</strong></span> <span class='ocrx_word' id='word_1_832' title='bbox 3594 5063 3757 5118; x_wconf 89' lang='lat' dir='ltr'><strong>dimi-</strong></span> 
     </span>
    </p>
   </div>
   <div class='ocr_carea' id='block_1_111' title="bbox 2189 5151 3757 5224">
    <p class='ocr_par' dir='ltr' id='par_1_111' title="bbox 2189 5151 3757 5224">
     <span class='ocr_line' id='line_1_111' title="bbox 2189 5151 3757 5224; baseline 0.001 -18"><span class='ocrx_word' id='word_1_833' title='bbox 2189 5151 2336 5206; x_wconf 90' lang='lat' dir='ltr'><strong>diata</strong></span> <span class='ocrx_word' id='word_1_834' title='bbox 2367 5155 2514 5206; x_wconf 88' lang='lat' dir='ltr'><strong>circa</strong></span> <span class='ocrx_word' id='word_1_835' title='bbox 2544 5153 2687 5208; x_wconf 90' lang='lat' dir='ltr'><strong>diem</strong></span> <span class='ocrx_word' id='word_1_836' title='bbox 2742 5163 2992 5208; x_wconf 85' lang='lat' dir='ltr'><strong>octavam</strong></span> <span class='ocrx_word' id='word_1_837' title='bbox 3058 5171 3294 5217; x_wconf 76' lang='lat' dir='ltr'><strong>menSIs;</strong></span> <span class='ocrx_word' id='word_1_838' title='bbox 3342 5156 3568 5224; x_wconf 86' lang='lat' dir='ltr'><strong>gibbosa</strong></span> <span class='ocrx_word' id='word_1_839' title='bbox 3609 5155 3757 5210; x_wconf 84' lang='lat' dir='ltr'><strong>circa</strong></span> 
     </span>
    </p>
   </div>
   <div class='ocr_carea' id='block_1_112' title="bbox 2189 5242 3756 5312">
    <p class='ocr_par' dir='ltr' id='par_1_112' title="bbox 2189 5242 3756 5312">
     <span class='ocr_line' id='line_1_112' title="bbox 2189 5242 3756 5312; baseline -0.001 -15"><span class='ocrx_word' id='word_1_840' title='bbox 2189 5242 2568 5297; x_wconf 90' lang='lat' dir='ltr'><strong>duodecimam</strong></span> <span class='ocrx_word' id='word_1_841' title='bbox 2601 5261 2615 5309; x_wconf 92' lang='lat'><strong>;</strong></span> <span class='ocrx_word' id='word_1_842' title='bbox 2646 5249 2700 5298; x_wconf 92' lang='lat' dir='ltr'><strong>et</strong></span> <span class='ocrx_word' id='word_1_843' title='bbox 2730 5243 2888 5312; x_wconf 87' lang='lat' dir='ltr'><strong>plena</strong></span> <span class='ocrx_word' id='word_1_844' title='bbox 2922 5243 3066 5298; x_wconf 89' lang='lat' dir='ltr'><strong>circa</strong></span> <span class='ocrx_word' id='word_1_845' title='bbox 3113 5245 3456 5298; x_wconf 77' lang='lat' dir='ltr'><strong>medietatem</strong></span> <span class='ocrx_word' id='word_1_846' title='bbox 3512 5245 3756 5298; x_wconf 81' lang='lat' dir='ltr'><strong>mensis:</strong></span> 
     </span>
    </p>
   </div>
   <div class='ocr_carea' id='block_1_113' title="bbox 2191 5333 3759 5404">
    <p class='ocr_par' dir='ltr' id='par_1_113' title="bbox 2191 5333 3759 5404">
     <span class='ocr_line' id='line_1_113' title="bbox 2191 5333 3759 5404; baseline 0 -19"><span class='ocrx_word' id='word_1_847' title='bbox 2191 5347 2253 5386; x_wconf 91' lang='lat' dir='ltr'><strong>ac</strong></span> <span class='ocrx_word' id='word_1_848' title='bbox 2290 5347 2484 5386; x_wconf 88' lang='lat' dir='ltr'><strong>rursus</strong></span> <span class='ocrx_word' id='word_1_849' title='bbox 2516 5333 2742 5404; x_wconf 89' lang='lat' dir='ltr'><strong>gibbosa</strong></span> <span class='ocrx_word' id='word_1_850' title='bbox 2776 5344 2898 5403; x_wconf 90' lang='lat' dir='ltr'><strong>post</strong></span> <span class='ocrx_word' id='word_1_851' title='bbox 2929 5335 3275 5388; x_wconf 79' lang='lat' dir='ltr'><strong>medietatem</strong></span> <span class='ocrx_word' id='word_1_852' title='bbox 3308 5336 3548 5399; x_wconf 90' lang='lat' dir='ltr'><strong>mensis;</strong></span> <span class='ocrx_word' id='word_1_853' title='bbox 3601 5339 3759 5388; x_wconf 84' lang='lat' dir='ltr'><strong>dmu-</strong></span> 
     </span>
    </p>
   </div>
   <div class='ocr_carea' id='block_1_114' title="bbox 2190 5424 3758 5488">
    <p class='ocr_par' dir='ltr' id='par_1_114' title="bbox 2190 5424 3758 5488">
     <span class='ocr_line' id='line_1_114' title="bbox 2190 5424 3758 5488; baseline -0.001 -9"><span class='ocrx_word' id='word_1_854' title='bbox 2190 5424 2340 5479; x_wconf 85' lang='lat' dir='ltr'><strong>diata</strong></span> <span class='ocrx_word' id='word_1_855' title='bbox 2389 5424 2538 5479; x_wconf 89' lang='lat' dir='ltr'><strong>circa</strong></span> <span class='ocrx_word' id='word_1_856' title='bbox 2595 5425 2911 5480; x_wconf 88' lang='lat' dir='ltr'><strong>vicesimam</strong></span> <span class='ocrx_word' id='word_1_857' title='bbox 2974 5426 3229 5488; x_wconf 73' lang='lat' dir='ltr'><strong>tertiam;</strong></span> <span class='ocrx_word' id='word_1_858' title='bbox 3268 5432 3323 5480; x_wconf 87' lang='lat' dir='ltr'><strong>et</strong></span> <span class='ocrx_word' id='word_1_859' title='bbox 3371 5427 3568 5479; x_wconf 79' lang='lat' dir='ltr'><strong>falcata</strong></span> <span class='ocrx_word' id='word_1_860' title='bbox 3613 5426 3758 5479; x_wconf 79' lang='lat' dir='ltr'><strong>circa</strong></span> 
     </span>
    </p>
   </div>
   <div class='ocr_carea' id='block_1_115' title="bbox 2191 5521 2725 5570">
    <p class='ocr_par' dir='ltr' id='par_1_115' title="bbox 2191 5521 2725 5570">
     <span class='ocr_line' id='line_1_115' title="bbox 2191 5521 2725 5570; baseline -0.004 0"><span class='ocrx_word' id='word_1_861' title='bbox 2191 5521 2465 5570; x_wconf 79' lang='lat' dir='ltr'><strong>extremos</strong></span> <span class='ocrx_word' id='word_1_862' title='bbox 2490 5529 2725 5570; x_wconf 82' lang='lat' dir='ltr'><strong>menses.</strong></span> 
     </span>
    </p>
   </div>
   <div class='ocr_carea' id='block_1_116' title="bbox 509 5603 3764 5688">
    <p class='ocr_par' dir='ltr' id='par_1_116' title="bbox 509 5603 3764 5688">
     <span class='ocr_line' id='line_1_116' title="bbox 509 5603 3764 5688; baseline -0.001 -29"><span class='ocrx_word' id='word_1_863' title='bbox 509 5608 700 5678; x_wconf 77' lang='grc' dir='ltr'>ὀγδόην</span> <span class='ocrx_word' id='word_1_864' title='bbox 727 5611 820 5664; x_wconf 78' lang='grc' dir='ltr'>τοῦ</span> <span class='ocrx_word' id='word_1_865' title='bbox 855 5615 1049 5684; x_wconf 80' lang='grc' dir='ltr'><strong>μηνός⁸</strong></span> <span class='ocrx_word' id='word_1_866' title='bbox 1081 5615 1422 5686; x_wconf 87' lang='grc' dir='ltr'>ἀμφίκυρτος</span> <span class='ocrx_word' id='word_1_867' title='bbox 1448 5615 1502 5669; x_wconf 83' lang='grc' dir='ltr'>δὲ</span> <span class='ocrx_word' id='word_1_868' title='bbox 1523 5616 1648 5688; x_wconf 69' lang='grc' dir='ltr'>περὶ</span> <span class='ocrx_word' id='word_1_869' title='bbox 1683 5614 1781 5685; x_wconf 79' lang='grc' dir='ltr'>τὴν</span> <span class='ocrx_word' id='word_1_870' title='bbox 1818 5611 2152 5682; x_wconf 73' lang='grc' dir='ltr'>δωδεκατηνο</span> <span class='ocrx_word' id='word_1_871' title='bbox 2196 5608 2526 5678; x_wconf 84' lang='grc' dir='ltr'>πανσέληνος</span> <span class='ocrx_word' id='word_1_872' title='bbox 2549 5608 2604 5662; x_wconf 80' lang='grc' dir='ltr'>δὲ</span> <span class='ocrx_word' id='word_1_873' title='bbox 2632 5608 2757 5679; x_wconf 72' lang='grc' dir='ltr'>περὶ</span> <span class='ocrx_word' id='word_1_874' title='bbox 2781 5607 2877 5680; x_wconf 80' lang='grc' dir='ltr'>τὴν</span> <span class='ocrx_word' id='word_1_875' title='bbox 2908 5607 3238 5679; x_wconf 84' lang='grc' dir='ltr'>διχομηνίαν.</span> <span class='ocrx_word' id='word_1_876' title='bbox 3267 5604 3376 5660; x_wconf 72' lang='grc' dir='ltr'><strong>Καὶ</strong></span> <span class='ocrx_word' id='word_1_877' title='bbox 3393 5605 3553 5660; x_wconf 86' lang='grc' dir='ltr'>πάλιν</span> <span class='ocrx_word' id='word_1_878' title='bbox 3599 5603 3764 5674; x_wconf 86' lang='grc' dir='ltr'>ἀμφί-</span> 
     </span>
    </p>
   </div>
   <div class='ocr_carea' id='block_1_117' title="bbox 515 5695 3757 5779">
    <p class='ocr_par' dir='ltr' id='par_1_117' title="bbox 515 5695 3757 5779">
     <span class='ocr_line' id='line_1_117' title="bbox 515 5695 3757 5779; baseline -0.002 -24"><span class='ocrx_word' id='word_1_879' title='bbox 515 5717 708 5771; x_wconf 84' lang='grc' dir='ltr'>κυρτος</span> <span class='ocrx_word' id='word_1_880' title='bbox 747 5705 882 5772; x_wconf 71' lang='grc' dir='ltr'>μετὰ</span> <span class='ocrx_word' id='word_1_881' title='bbox 930 5705 1026 5776; x_wconf 76' lang='grc' dir='ltr'>τὴν</span> <span class='ocrx_word' id='word_1_882' title='bbox 1069 5707 1417 5778; x_wconf 80' lang='grc' dir='ltr'>διχομηνίανο</span> <span class='ocrx_word' id='word_1_883' title='bbox 1465 5707 1743 5779; x_wconf 86' lang='grc' dir='ltr'>διχότομος</span> <span class='ocrx_word' id='word_1_884' title='bbox 1789 5707 1846 5760; x_wconf 79' lang='grc' dir='ltr'>δὲ</span> <span class='ocrx_word' id='word_1_885' title='bbox 1904 5705 2029 5778; x_wconf 68' lang='grc' dir='ltr'>περὶ</span> <span class='ocrx_word' id='word_1_886' title='bbox 2055 5703 2153 5768; x_wconf 82' lang='grc' dir='ltr'>τὴν</span> <span class='ocrx_word' id='word_1_887' title='bbox 2186 5700 2435 5772; x_wconf 70' lang='grc' dir='ltr'>εἰκοστὴν</span> <span class='ocrx_word' id='word_1_888' title='bbox 2476 5699 2700 5771; x_wconf 79' lang='grc' dir='ltr'><strong>τρίτην⁹</strong></span> <span class='ocrx_word' id='word_1_889' title='bbox 2742 5701 3022 5772; x_wconf 77' lang='grc' dir='ltr'>μηνοειδής</span> <span class='ocrx_word' id='word_1_890' title='bbox 3059 5699 3115 5752; x_wconf 82' lang='grc' dir='ltr'>δὲ</span> <span class='ocrx_word' id='word_1_891' title='bbox 3147 5702 3272 5769; x_wconf 77' lang='grc' dir='ltr'>περὶ</span> <span class='ocrx_word' id='word_1_892' title='bbox 3305 5697 3371 5750; x_wconf 79' lang='grc' dir='ltr'><strong>τὰ</strong></span> <span class='ocrx_word' id='word_1_893' title='bbox 3416 5697 3616 5770; x_wconf 79' lang='grc' dir='ltr'>ἔσχατα</span> <span class='ocrx_word' id='word_1_894' title='bbox 3650 5695 3757 5748; x_wconf 80' lang='grc' dir='ltr'>τῶν</span> 
     </span>
    </p>
   </div>
   <div class='ocr_carea' id='block_1_118' title="bbox 529 5794 735 5862">
    <p class='ocr_par' dir='ltr' id='par_1_118' title="bbox 529 5794 735 5862">
     <span class='ocr_line' id='line_1_118' title="bbox 529 5794 735 5862; baseline 0.015 -18"><span class='ocrx_word' id='word_1_895' title='bbox 529 5794 735 5862; x_wconf 67' lang='grc' dir='ltr'>μηνῶν.</span> 
     </span>
    </p>
   </div>
  </div>
