  <div class='ocr_page' id='page_1' title='image "/cluster/home/n/w/nwhite01/storage/ocr_20150623/19/nnc1.0037127454/429.png"; bbox 0 0 4116 6400; ppageno 0'>
   <div class='ocr_carea' id='block_1_1' title="bbox 348 387 474 463">
    <p class='ocr_par' dir='ltr' id='par_1_1' title="bbox 348 387 474 463">
     <span class='ocr_line' id='line_1_1' title="bbox 348 387 474 463; baseline 0 0"><span class='ocrx_word' id='word_1_1' title='bbox 348 387 474 463; x_wconf 73' lang='lat' dir='ltr'><strong>sis</strong></span> 
     </span>
    </p>
   </div>
   <div class='ocr_carea' id='block_1_2' title="bbox 1360 389 2603 451">
    <p class='ocr_par' dir='ltr' id='par_1_2' title="bbox 1360 389 2603 451">
     <span class='ocr_line' id='line_1_2' title="bbox 1360 389 2603 451; baseline -0.005 -1"><span class='ocrx_word' id='word_1_2' title='bbox 1360 393 1708 451; x_wconf 76' lang='lat' dir='ltr'><strong>APPENDIX</strong></span> <span class='ocrx_word' id='word_1_3' title='bbox 1748 393 1839 449; x_wconf 86' lang='lat' dir='ltr'><strong>AD</strong></span> <span class='ocrx_word' id='word_1_4' title='bbox 1877 391 2147 449; x_wconf 86' lang='lat' dir='ltr'><strong>EUSEBll</strong></span> <span class='ocrx_word' id='word_1_5' title='bbox 2185 389 2603 449; x_wconf 76' lang='lat' dir='ltr'><strong>CHBONICON.</strong></span> 
     </span>
    </p>
   </div>
   <div class='ocr_carea' id='block_1_3' title="bbox 3499 383 3604 439">
    <p class='ocr_par' dir='ltr' id='par_1_3' title="bbox 3499 383 3604 439">
     <span class='ocr_line' id='line_1_3' title="bbox 3499 383 3604 439; baseline -0.019 0"><span class='ocrx_word' id='word_1_6' title='bbox 3499 383 3604 439; x_wconf 76' lang='lat'><strong>8‘20</strong></span> 
     </span>
    </p>
   </div>
   <div class='ocr_carea' id='block_1_4' title="bbox 437 500 1942 586">
    <p class='ocr_par' dir='ltr' id='par_1_4' title="bbox 437 511 1928 586">
     <span class='ocr_line' id='line_1_4' title="bbox 437 511 1928 586; baseline -0.006 -11"><span class='ocrx_word' id='word_1_7' title='bbox 437 518 558 574; x_wconf 83' lang='lat' dir='ltr'><strong>Non</strong></span> <span class='ocrx_word' id='word_1_8' title='bbox 588 527 803 586; x_wconf 80' lang='lat' dir='ltr'><strong>semper</strong></span> <span class='ocrx_word' id='word_1_9' title='bbox 835 519 1018 568; x_wconf 88' lang='lat' dir='ltr'><strong>autem</strong></span> <span class='ocrx_word' id='word_1_10' title='bbox 1060 511 1115 567; x_wconf 91' lang='lat' dir='ltr'><strong>in</strong></span> <span class='ocrx_word' id='word_1_11' title='bbox 1146 511 1338 568; x_wconf 88' lang='lat' dir='ltr'><strong>diebus</strong></span> <span class='ocrx_word' id='word_1_12' title='bbox 1385 511 1632 582; x_wconf 81' lang='lat' dir='ltr'><strong>ejusdem</strong></span> <span class='ocrx_word' id='word_1_13' title='bbox 1689 511 1928 567; x_wconf 82' lang='lat' dir='ltr'><strong>nominis</strong></span> 
     </span>
    </p>
   </div>
   <div class='ocr_carea' id='block_1_5' title="bbox 2046 500 3608 586">
    <p class='ocr_par' dir='ltr' id='par_1_5' title="bbox 2107 500 3608 573">
     <span class='ocr_line' id='line_1_5' title="bbox 2107 500 3608 573; baseline -0.005 -8"><span class='ocrx_word' id='word_1_14' title='bbox 2107 510 2182 565; x_wconf 86' lang='grc' dir='ltr'>Ού</span> <span class='ocrx_word' id='word_1_15' title='bbox 2207 509 2295 564; x_wconf 75' lang='grc' dir='ltr'>διὰ</span> <span class='ocrx_word' id='word_1_16' title='bbox 2323 508 2522 572; x_wconf 75' lang='grc' dir='ltr'>παντὸς</span> <span class='ocrx_word' id='word_1_17' title='bbox 2565 506 2620 560; x_wconf 80' lang='grc' dir='ltr'><strong>δὲ</strong></span> <span class='ocrx_word' id='word_1_18' title='bbox 2645 507 2702 560; x_wconf 82' lang='grc' dir='ltr'>ἐν</span> <span class='ocrx_word' id='word_1_19' title='bbox 2743 505 2861 566; x_wconf 84' lang='grc' dir='ltr'>τιιίς</span> <span class='ocrx_word' id='word_1_20' title='bbox 2895 500 3202 573; x_wconf 89' lang='grc' dir='ltr'>όμωνύμοις</span> <span class='ocrx_word' id='word_1_21' title='bbox 3232 500 3464 572; x_wconf 79' lang='grc' dir='ltr'><strong>ἡμέραις</strong></span> <span class='ocrx_word' id='word_1_22' title='bbox 3483 504 3608 568; x_wconf 78' lang='grc' dir='ltr'>τοὺς</span> 
     </span>
    </p>
   </div>
   <div class='ocr_carea' id='block_1_6' title="bbox 367 605 1929 678">
    <p class='ocr_par' dir='ltr' id='par_1_6' title="bbox 367 605 1929 678">
     <span class='ocr_line' id='line_1_6' title="bbox 367 605 1929 678; baseline -0.006 -9"><span class='ocrx_word' id='word_1_23' title='bbox 367 609 591 670; x_wconf 88' lang='lat' dir='ltr'><strong>easdem</strong></span> <span class='ocrx_word' id='word_1_24' title='bbox 624 607 1094 678; x_wconf 75' lang='lat' dir='ltr'><strong>conﬁgurationes</strong></span> <span class='ocrx_word' id='word_1_25' title='bbox 1127 605 1257 660; x_wconf 90' lang='lat' dir='ltr'><strong>luna</strong></span> <span class='ocrx_word' id='word_1_26' title='bbox 1291 605 1473 670; x_wconf 85' lang='lat' dir='ltr'><strong>eﬁicit,</strong></span> <span class='ocrx_word' id='word_1_27' title='bbox 1509 607 1606 662; x_wconf 92' lang='lat' dir='ltr'><strong>sed</strong></span> <span class='ocrx_word' id='word_1_28' title='bbox 1656 606 1711 660; x_wconf 92' lang='lat' dir='ltr'><strong>in</strong></span> <span class='ocrx_word' id='word_1_29' title='bbox 1745 605 1929 662; x_wconf 89' lang='lat' dir='ltr'><strong>diver-</strong></span> 
     </span>
    </p>
   </div>
   <div class='ocr_carea' id='block_1_7' title="bbox 368 697 1934 769">
    <p class='ocr_par' dir='ltr' id='par_1_7' title="bbox 368 697 1934 769">
     <span class='ocr_line' id='line_1_7' title="bbox 368 697 1934 769; baseline -0.004 -8"><span class='ocrx_word' id='word_1_30' title='bbox 368 703 449 761; x_wconf 83' lang='lat' dir='ltr'><strong>sis</strong></span> <span class='ocrx_word' id='word_1_31' title='bbox 509 701 704 757; x_wconf 86' lang='lat' dir='ltr'><strong>diebus</strong></span> <span class='ocrx_word' id='word_1_32' title='bbox 760 698 1063 754; x_wconf 86' lang='lat' dir='ltr'><strong>secundum</strong></span> <span class='ocrx_word' id='word_1_33' title='bbox 1110 697 1535 769; x_wconf 69' lang='lat' dir='ltr'><strong>inaequalitatem</strong></span> <span class='ocrx_word' id='word_1_34' title='bbox 1561 706 1764 754; x_wconf 90' lang='lat' dir='ltr'><strong>motus.</strong></span> <span class='ocrx_word' id='word_1_35' title='bbox 1799 698 1934 754; x_wconf 88' lang='lat' dir='ltr'><strong>Cum</strong></span> 
     </span>
    </p>
   </div>
   <div class='ocr_carea' id='block_1_8' title="bbox 369 787 1938 860">
    <p class='ocr_par' dir='ltr' id='par_1_8' title="bbox 369 787 1938 860">
     <span class='ocr_line' id='line_1_8' title="bbox 369 787 1938 860; baseline -0.001 -13"><span class='ocrx_word' id='word_1_36' title='bbox 369 792 518 847; x_wconf 84' lang='lat' dir='ltr'><strong>enim</strong></span> <span class='ocrx_word' id='word_1_37' title='bbox 576 788 862 845; x_wconf 90' lang='lat' dir='ltr'><strong>celerrima</strong></span> <span class='ocrx_word' id='word_1_38' title='bbox 890 795 996 852; x_wconf 92' lang='grc' dir='ltr'>εει,</span> <span class='ocrx_word' id='word_1_39' title='bbox 1027 798 1252 858; x_wconf 80' lang='lat' dir='ltr'><strong>apparet</strong></span> <span class='ocrx_word' id='word_1_40' title='bbox 1289 788 1419 842; x_wconf 90' lang='lat' dir='ltr'><strong>luna</strong></span> <span class='ocrx_word' id='word_1_41' title='bbox 1471 787 1670 843; x_wconf 85' lang='lat' dir='ltr'><strong>falcata</strong></span> <span class='ocrx_word' id='word_1_42' title='bbox 1702 789 1822 860; x_wconf 91' lang='lat' dir='ltr'><strong>ipso</strong></span> <span class='ocrx_word' id='word_1_43' title='bbox 1849 788 1938 846; x_wconf 90' lang='lat' dir='ltr'><strong>die</strong></span> 
     </span>
    </p>
   </div>
   <div class='ocr_carea' id='block_1_9' title="bbox 365 877 1939 947">
    <p class='ocr_par' dir='ltr' id='par_1_9' title="bbox 365 877 1939 947">
     <span class='ocr_line' id='line_1_9' title="bbox 365 877 1939 947; baseline -0.002 -10"><span class='ocrx_word' id='word_1_44' title='bbox 365 879 673 947; x_wconf 88' lang='lat' dir='ltr'><strong>novilunii;</strong></span> <span class='ocrx_word' id='word_1_45' title='bbox 733 894 856 934; x_wconf 91' lang='lat' dir='ltr'><strong>cum</strong></span> <span class='ocrx_word' id='word_1_46' title='bbox 910 877 1250 943; x_wconf 88' lang='lat' dir='ltr'><strong>tardissima,</strong></span> <span class='ocrx_word' id='word_1_47' title='bbox 1299 877 1387 934; x_wconf 90' lang='lat' dir='ltr'><strong>die</strong></span> <span class='ocrx_word' id='word_1_48' title='bbox 1435 879 1619 943; x_wconf 90' lang='lat' dir='ltr'><strong>tertio,</strong></span> <span class='ocrx_word' id='word_1_49' title='bbox 1646 886 1701 934; x_wconf 91' lang='lat' dir='ltr'><strong>et</strong></span> <span class='ocrx_word' id='word_1_50' title='bbox 1754 886 1939 934; x_wconf 85' lang='lat' dir='ltr'><strong>manet</strong></span> 
     </span>
    </p>
   </div>
   <div class='ocr_carea' id='block_1_10' title="bbox 369 969 1939 1039">
    <p class='ocr_par' dir='ltr' id='par_1_10' title="bbox 369 969 1939 1039">
     <span class='ocr_line' id='line_1_10' title="bbox 369 969 1939 1039; baseline -0.002 -12"><span class='ocrx_word' id='word_1_51' title='bbox 369 971 573 1027; x_wconf 80' lang='lat' dir='ltr'><strong>falcata</strong></span> <span class='ocrx_word' id='word_1_52' title='bbox 607 969 882 1025; x_wconf 74' lang='lat' dir='ltr'><strong>interdum</strong></span> <span class='ocrx_word' id='word_1_53' title='bbox 915 983 1089 1038; x_wconf 91' lang='lat' dir='ltr'><strong>usque</strong></span> <span class='ocrx_word' id='word_1_54' title='bbox 1112 969 1181 1024; x_wconf 89' lang='lat' dir='ltr'><strong>ad</strong></span> <span class='ocrx_word' id='word_1_55' title='bbox 1220 969 1363 1025; x_wconf 85' lang='lat' dir='ltr'><strong>diem</strong></span> <span class='ocrx_word' id='word_1_56' title='bbox 1415 970 1667 1039; x_wconf 91' lang='lat' dir='ltr'><strong>quintum</strong></span> <span class='ocrx_word' id='word_1_57' title='bbox 1700 987 1716 1033; x_wconf 88' lang='lat'><strong>;</strong></span> <span class='ocrx_word' id='word_1_58' title='bbox 1771 971 1939 1026; x_wconf 80' lang='lat' dir='ltr'><strong>inter-</strong></span> 
     </span>
    </p>
   </div>
   <div class='ocr_carea' id='block_1_11' title="bbox 372 1063 1936 1134">
    <p class='ocr_par' dir='ltr' id='par_1_11' title="bbox 372 1063 1936 1134">
     <span class='ocr_line' id='line_1_11' title="bbox 372 1063 1936 1134; baseline -0.004 -11"><span class='ocrx_word' id='word_1_59' title='bbox 372 1068 502 1123; x_wconf 91' lang='lat' dir='ltr'><strong>dum</strong></span> <span class='ocrx_word' id='word_1_60' title='bbox 536 1081 659 1121; x_wconf 92' lang='lat' dir='ltr'><strong>cum</strong></span> <span class='ocrx_word' id='word_1_61' title='bbox 697 1063 1006 1119; x_wconf 87' lang='lat' dir='ltr'><strong>tardissima</strong></span> <span class='ocrx_word' id='word_1_62' title='bbox 1025 1070 1322 1134; x_wconf 88' lang='lat' dir='ltr'><strong>est,usque</strong></span> <span class='ocrx_word' id='word_1_63' title='bbox 1349 1063 1415 1117; x_wconf 86' lang='lat' dir='ltr'><strong>ad</strong></span> <span class='ocrx_word' id='word_1_64' title='bbox 1437 1063 1729 1134; x_wconf 90' lang='lat' dir='ltr'><strong>septimum</strong></span> <span class='ocrx_word' id='word_1_65' title='bbox 1759 1063 1936 1126; x_wconf 91' lang='lat' dir='ltr'><strong>diem;</strong></span> 
     </span>
    </p>
   </div>
   <div class='ocr_carea' id='block_1_12' title="bbox 367 1155 1937 1220">
    <p class='ocr_par' dir='ltr' id='par_1_12' title="bbox 367 1155 1937 1220">
     <span class='ocr_line' id='line_1_12' title="bbox 367 1155 1937 1220; baseline -0.003 -7"><span class='ocrx_word' id='word_1_66' title='bbox 367 1158 653 1214; x_wconf 90' lang='lat' dir='ltr'><strong>dimidiata</strong></span> <span class='ocrx_word' id='word_1_67' title='bbox 685 1155 946 1220; x_wconf 80' lang='lat' dir='ltr'><strong>eﬁicitur,</strong></span> <span class='ocrx_word' id='word_1_68' title='bbox 975 1171 1102 1211; x_wconf 91' lang='lat' dir='ltr'><strong>cum</strong></span> <span class='ocrx_word' id='word_1_69' title='bbox 1129 1164 1215 1212; x_wconf 85' lang='lat' dir='ltr'><strong>est</strong></span> <span class='ocrx_word' id='word_1_70' title='bbox 1245 1156 1609 1220; x_wconf 83' lang='lat' dir='ltr'><strong>velocissima,</strong></span> <span class='ocrx_word' id='word_1_71' title='bbox 1641 1156 1787 1211; x_wconf 88' lang='lat' dir='ltr'><strong>circa</strong></span> <span class='ocrx_word' id='word_1_72' title='bbox 1815 1170 1937 1210; x_wconf 78' lang='lat' dir='ltr'><strong>sex-</strong></span> 
     </span>
    </p>
   </div>
   <div class='ocr_carea' id='block_1_13' title="bbox 368 1248 1938 1318">
    <p class='ocr_par' dir='ltr' id='par_1_13' title="bbox 368 1248 1938 1318">
     <span class='ocr_line' id='line_1_13' title="bbox 368 1248 1938 1318; baseline -0.003 -14"><span class='ocrx_word' id='word_1_73' title='bbox 368 1261 520 1317; x_wconf 89' lang='lat' dir='ltr'><strong>tum;</strong></span> <span class='ocrx_word' id='word_1_74' title='bbox 585 1265 714 1305; x_wconf 90' lang='lat' dir='ltr'><strong>cum</strong></span> <span class='ocrx_word' id='word_1_75' title='bbox 764 1249 1104 1312; x_wconf 89' lang='lat' dir='ltr'><strong>tardissima,</strong></span> <span class='ocrx_word' id='word_1_76' title='bbox 1160 1249 1309 1304; x_wconf 87' lang='lat' dir='ltr'><strong>circa</strong></span> <span class='ocrx_word' id='word_1_77' title='bbox 1377 1256 1667 1314; x_wconf 90' lang='lat' dir='ltr'><strong>octavum;</strong></span> <span class='ocrx_word' id='word_1_78' title='bbox 1712 1248 1938 1318; x_wconf 75' lang='lat' dir='ltr'><strong>gibbosa</strong></span> 
     </span>
    </p>
   </div>
   <div class='ocr_carea' id='block_1_14' title="bbox 369 1324 1937 1412">
    <p class='ocr_par' dir='ltr' id='par_1_14' title="bbox 369 1324 1937 1412">
     <span class='ocr_line' id='line_1_14' title="bbox 369 1324 1937 1412; baseline -0.004 -14"><span class='ocrx_word' id='word_1_79' title='bbox 369 1343 626 1407; x_wconf 91' lang='lat' dir='ltr'><strong>efﬁcitur,</strong></span> <span class='ocrx_word' id='word_1_80' title='bbox 657 1324 893 1397; x_wconf 26' lang='lat' dir='ltr'><strong>cum-est</strong></span> <span class='ocrx_word' id='word_1_81' title='bbox 924 1340 1230 1405; x_wconf 90' lang='lat' dir='ltr'><strong>celerrima,</strong></span> <span class='ocrx_word' id='word_1_82' title='bbox 1266 1340 1411 1412; x_wconf 87' lang='lat' dir='ltr'><strong>circa</strong></span> <span class='ocrx_word' id='word_1_83' title='bbox 1444 1339 1714 1394; x_wconf 90' lang='lat' dir='ltr'><strong>decimum</strong></span> <span class='ocrx_word' id='word_1_84' title='bbox 1747 1355 1762 1406; x_wconf 93' lang='lat'><strong>;</strong></span> <span class='ocrx_word' id='word_1_85' title='bbox 1812 1353 1937 1392; x_wconf 89' lang='lat' dir='ltr'><strong>cum</strong></span> 
     </span>
    </p>
   </div>
   <div class='ocr_carea' id='block_1_15' title="bbox 372 1432 1941 1504">
    <p class='ocr_par' dir='ltr' id='par_1_15' title="bbox 372 1432 1941 1504">
     <span class='ocr_line' id='line_1_15' title="bbox 372 1432 1941 1504; baseline -0.005 -11"><span class='ocrx_word' id='word_1_86' title='bbox 372 1443 459 1494; x_wconf 92' lang='lat' dir='ltr'><strong>est</strong></span> <span class='ocrx_word' id='word_1_87' title='bbox 507 1435 843 1499; x_wconf 88' lang='lat' dir='ltr'><strong>tardissima,</strong></span> <span class='ocrx_word' id='word_1_88' title='bbox 875 1433 1021 1489; x_wconf 91' lang='lat' dir='ltr'><strong>circa</strong></span> <span class='ocrx_word' id='word_1_89' title='bbox 1059 1434 1158 1501; x_wconf 81' lang='lat' dir='ltr'><strong>l5;</strong></span> <span class='ocrx_word' id='word_1_90' title='bbox 1191 1433 1351 1504; x_wconf 89' lang='lat' dir='ltr'><strong>plena</strong></span> <span class='ocrx_word' id='word_1_91' title='bbox 1382 1432 1648 1496; x_wconf 76' lang='lat' dir='ltr'><strong>redditur,</strong></span> <span class='ocrx_word' id='word_1_92' title='bbox 1682 1446 1806 1486; x_wconf 93' lang='lat' dir='ltr'><strong>cum</strong></span> <span class='ocrx_word' id='word_1_93' title='bbox 1855 1438 1941 1486; x_wconf 91' lang='lat' dir='ltr'><strong>est</strong></span> 
     </span>
    </p>
   </div>
   <div class='ocr_carea' id='block_1_16' title="bbox 369 1521 1938 1592">
    <p class='ocr_par' dir='ltr' id='par_1_16' title="bbox 369 1521 1938 1592">
     <span class='ocr_line' id='line_1_16' title="bbox 369 1521 1938 1592; baseline -0.005 -11"><span class='ocrx_word' id='word_1_94' title='bbox 369 1527 678 1592; x_wconf 87' lang='lat' dir='ltr'><strong>celerrima,</strong></span> <span class='ocrx_word' id='word_1_95' title='bbox 742 1525 889 1580; x_wconf 88' lang='lat' dir='ltr'><strong>circa</strong></span> <span class='ocrx_word' id='word_1_96' title='bbox 921 1524 1051 1591; x_wconf 71' lang='lat'><strong>&#39;15;</strong></span> <span class='ocrx_word' id='word_1_97' title='bbox 1115 1539 1240 1578; x_wconf 89' lang='lat' dir='ltr'><strong>cum</strong></span> <span class='ocrx_word' id='word_1_98' title='bbox 1289 1523 1620 1586; x_wconf 89' lang='lat' dir='ltr'><strong>tardissima,</strong></span> <span class='ocrx_word' id='word_1_99' title='bbox 1654 1523 1800 1576; x_wconf 89' lang='lat' dir='ltr'><strong>circa</strong></span> <span class='ocrx_word' id='word_1_100' title='bbox 1831 1521 1938 1587; x_wconf 75' lang='lat' dir='ltr'><strong>l7;</strong></span> 
     </span>
    </p>
   </div>
   <div class='ocr_carea' id='block_1_17' title="bbox 369 1611 1936 1688">
    <p class='ocr_par' dir='ltr' id='par_1_17' title="bbox 369 1611 1936 1688">
     <span class='ocr_line' id='line_1_17' title="bbox 369 1611 1936 1688; baseline -0.004 -16"><span class='ocrx_word' id='word_1_101' title='bbox 369 1617 603 1688; x_wconf 77' lang='lat' dir='ltr'><strong>gibbosa</strong></span> <span class='ocrx_word' id='word_1_102' title='bbox 633 1615 898 1679; x_wconf 90' lang='lat' dir='ltr'><strong>secundo,</strong></span> <span class='ocrx_word' id='word_1_103' title='bbox 929 1630 1053 1669; x_wconf 91' lang='lat' dir='ltr'><strong>cum</strong></span> <span class='ocrx_word' id='word_1_104' title='bbox 1087 1624 1170 1669; x_wconf 89' lang='lat' dir='ltr'><strong>est</strong></span> <span class='ocrx_word' id='word_1_105' title='bbox 1205 1613 1513 1673; x_wconf 89' lang='lat' dir='ltr'><strong>celerrima,</strong></span> <span class='ocrx_word' id='word_1_106' title='bbox 1552 1612 1611 1666; x_wconf 87' lang='lat' dir='ltr'><strong>ﬁt</strong></span> <span class='ocrx_word' id='word_1_107' title='bbox 1657 1611 1805 1666; x_wconf 89' lang='lat' dir='ltr'><strong>circa</strong></span> <span class='ocrx_word' id='word_1_108' title='bbox 1847 1611 1936 1676; x_wconf 81' lang='lat' dir='ltr'><strong>l8,</strong></span> 
     </span>
    </p>
   </div>
   <div class='ocr_carea' id='block_1_18' title="bbox 366 1702 1939 1768">
    <p class='ocr_par' dir='ltr' id='par_1_18' title="bbox 366 1702 1939 1768">
     <span class='ocr_line' id='line_1_18' title="bbox 366 1702 1939 1768; baseline -0.003 -7"><span class='ocrx_word' id='word_1_109' title='bbox 366 1723 492 1762; x_wconf 90' lang='lat' dir='ltr'><strong>cum</strong></span> <span class='ocrx_word' id='word_1_110' title='bbox 527 1707 862 1768; x_wconf 90' lang='lat' dir='ltr'><strong>tardissima,</strong></span> <span class='ocrx_word' id='word_1_111' title='bbox 898 1705 1042 1759; x_wconf 90' lang='lat' dir='ltr'><strong>circa</strong></span> <span class='ocrx_word' id='word_1_112' title='bbox 1071 1705 1174 1767; x_wconf 83' lang='lat'><strong>22;</strong></span> <span class='ocrx_word' id='word_1_113' title='bbox 1205 1703 1487 1758; x_wconf 88' lang='lat' dir='ltr'><strong>dimidiata</strong></span> <span class='ocrx_word' id='word_1_114' title='bbox 1522 1702 1786 1768; x_wconf 89' lang='lat' dir='ltr'><strong>secundo,</strong></span> <span class='ocrx_word' id='word_1_115' title='bbox 1813 1718 1939 1758; x_wconf 92' lang='lat' dir='ltr'><strong>cum</strong></span> 
     </span>
    </p>
   </div>
   <div class='ocr_carea' id='block_1_19' title="bbox 365 1794 1932 1861">
    <p class='ocr_par' dir='ltr' id='par_1_19' title="bbox 365 1794 1932 1861">
     <span class='ocr_line' id='line_1_19' title="bbox 365 1794 1932 1861; baseline -0.003 -9"><span class='ocrx_word' id='word_1_116' title='bbox 365 1805 453 1852; x_wconf 82' lang='lat' dir='ltr'><strong>est</strong></span> <span class='ocrx_word' id='word_1_117' title='bbox 490 1797 800 1861; x_wconf 85' lang='lat' dir='ltr'><strong>celerrima,</strong></span> <span class='ocrx_word' id='word_1_118' title='bbox 829 1797 979 1851; x_wconf 79' lang='lat' dir='ltr'><strong>circa</strong></span> <span class='ocrx_word' id='word_1_119' title='bbox 1007 1797 1100 1858; x_wconf 81' lang='lat' dir='ltr'><strong>2i,</strong></span> <span class='ocrx_word' id='word_1_120' title='bbox 1126 1811 1250 1850; x_wconf 92' lang='lat' dir='ltr'><strong>cum</strong></span> <span class='ocrx_word' id='word_1_121' title='bbox 1275 1795 1613 1859; x_wconf 90' lang='lat' dir='ltr'><strong>tardissima,</strong></span> <span class='ocrx_word' id='word_1_122' title='bbox 1664 1796 1813 1850; x_wconf 87' lang='lat' dir='ltr'><strong>circa</strong></span> <span class='ocrx_word' id='word_1_123' title='bbox 1839 1794 1932 1861; x_wconf 76' lang='lat'><strong>23;</strong></span> 
     </span>
    </p>
   </div>
   <div class='ocr_carea' id='block_1_20' title="bbox 2043 591 3609 672">
    <p class='ocr_par' dir='ltr' id='par_1_20' title="bbox 2043 591 3609 672">
     <span class='ocr_line' id='line_1_20' title="bbox 2043 591 3609 672; baseline -0.006 -16"><span class='ocrx_word' id='word_1_124' title='bbox 2043 602 2240 665; x_wconf 82' lang='grc' dir='ltr'>αὐτοὺς</span> <span class='ocrx_word' id='word_1_125' title='bbox 2300 597 2714 672; x_wconf 81' lang='grc' dir='ltr'>σχηματισμοὺς</span> <span class='ocrx_word' id='word_1_126' title='bbox 2766 599 2800 666; x_wconf 88' lang='grc' dir='ltr'><strong>ἡ</strong></span> <span class='ocrx_word' id='word_1_127' title='bbox 2847 594 3042 665; x_wconf 74' lang='grc' dir='ltr'>σελήνη</span> <span class='ocrx_word' id='word_1_128' title='bbox 3071 591 3338 646; x_wconf 81' lang='grc' dir='ltr'>ἀποτελεῖ.</span> <span class='ocrx_word' id='word_1_129' title='bbox 3385 591 3523 646; x_wconf 82' lang='grc' dir='ltr'><strong>Ἀλλ’</strong></span> <span class='ocrx_word' id='word_1_130' title='bbox 3549 593 3609 646; x_wconf 82' lang='grc' dir='ltr'>ἐν</span> 
     </span>
    </p>
   </div>
   <div class='ocr_carea' id='block_1_21' title="bbox 2017 683 3611 764">
    <p class='ocr_par' dir='ltr' id='par_1_21' title="bbox 2017 683 3611 764">
     <span class='ocr_line' id='line_1_21' title="bbox 2017 683 3611 764; baseline -0.009 -16"><span class='ocrx_word' id='word_1_131' title='bbox 2017 692 2324 764; x_wconf 85' lang='grc' dir='ltr'><strong>’διαφόροις</strong></span> <span class='ocrx_word' id='word_1_132' title='bbox 2371 690 2607 762; x_wconf 81' lang='grc' dir='ltr'><strong>ἡμέραις</strong></span> <span class='ocrx_word' id='word_1_133' title='bbox 2650 688 2789 742; x_wconf 60' lang='grc' dir='ltr'>κατὰ</span> <span class='ocrx_word' id='word_1_134' title='bbox 2837 686 2934 757; x_wconf 86' lang='grc' dir='ltr'>τὴν</span> <span class='ocrx_word' id='word_1_135' title='bbox 2976 683 3288 754; x_wconf 82' lang='grc' dir='ltr'>ἀνωμαλίαν</span> <span class='ocrx_word' id='word_1_136' title='bbox 3329 683 3428 754; x_wconf 84' lang='grc' dir='ltr'>τῆς</span> <span class='ocrx_word' id='word_1_137' title='bbox 3461 686 3611 756; x_wconf 80' lang='grc' dir='ltr'>κινή-</span> 
     </span>
    </p>
   </div>
   <div class='ocr_carea' id='block_1_22' title="bbox 2045 775 3612 856">
    <p class='ocr_par' dir='ltr' id='par_1_22' title="bbox 2045 775 3612 856">
     <span class='ocr_line' id='line_1_22' title="bbox 2045 775 3612 856; baseline -0.006 -18"><span class='ocrx_word' id='word_1_138' title='bbox 2045 803 2203 849; x_wconf 88' lang='grc' dir='ltr'>σεως.</span> <span class='ocrx_word' id='word_1_139' title='bbox 2236 784 2478 856; x_wconf 86' lang='grc' dir='ltr'>Ταχίστη</span> <span class='ocrx_word' id='word_1_140' title='bbox 2508 783 2606 852; x_wconf 84' lang='grc' dir='ltr'><strong>μὲν</strong></span> <span class='ocrx_word' id='word_1_141' title='bbox 2632 781 2743 852; x_wconf 87' lang='grc' dir='ltr'>γὰρ</span> <span class='ocrx_word' id='word_1_142' title='bbox 2773 779 3021 848; x_wconf 87' lang='grc' dir='ltr'>φαίνεται</span> <span class='ocrx_word' id='word_1_143' title='bbox 3045 779 3079 848; x_wconf 95' lang='grc' dir='ltr'><strong>ἡ</strong></span> <span class='ocrx_word' id='word_1_144' title='bbox 3112 777 3306 848; x_wconf 83' lang='grc' dir='ltr'><strong>σελήνη</strong></span> <span class='ocrx_word' id='word_1_145' title='bbox 3332 775 3612 846; x_wconf 78' lang='grc' dir='ltr'>μηνοειδὴς</span> 
     </span>
    </p>
   </div>
   <div class='ocr_carea' id='block_1_23' title="bbox 2043 866 3612 950">
    <p class='ocr_par' dir='ltr' id='par_1_23' title="bbox 2043 866 3612 950">
     <span class='ocr_line' id='line_1_23' title="bbox 2043 866 3612 950; baseline -0.008 -18"><span class='ocrx_word' id='word_1_146' title='bbox 2043 881 2109 950; x_wconf 78' lang='grc' dir='ltr'><strong>τῇ</strong></span> <span class='ocrx_word' id='word_1_147' title='bbox 2158 876 2452 948; x_wconf 74' lang='grc' dir='ltr'>νουμηνίᾳο</span> <span class='ocrx_word' id='word_1_148' title='bbox 2510 873 2814 946; x_wconf 84' lang='grc' dir='ltr'>βραδυτάτη</span> <span class='ocrx_word' id='word_1_149' title='bbox 2867 870 2924 924; x_wconf 83' lang='grc' dir='ltr'>δὲ</span> <span class='ocrx_word' id='word_1_150' title='bbox 2962 871 3028 941; x_wconf 82' lang='grc' dir='ltr'><strong>τῇ</strong></span> <span class='ocrx_word' id='word_1_151' title='bbox 3083 868 3260 940; x_wconf 86' lang='grc' dir='ltr'>τρίτῃ.</span> <span class='ocrx_word' id='word_1_152' title='bbox 3299 868 3412 920; x_wconf 75' lang='grc' dir='ltr'><strong>Καὶ</strong></span> <span class='ocrx_word' id='word_1_153' title='bbox 3463 866 3612 937; x_wconf 86' lang='grc' dir='ltr'>μένει</span> 
     </span>
    </p>
   </div>
   <div class='ocr_carea' id='block_1_24' title="bbox 2048 958 3612 1041">
    <p class='ocr_par' dir='ltr' id='par_1_24' title="bbox 2048 958 3612 1041">
     <span class='ocr_line' id='line_1_24' title="bbox 2048 958 3612 1041; baseline -0.008 -18"><span class='ocrx_word' id='word_1_154' title='bbox 2048 968 2354 1041; x_wconf 83' lang='grc' dir='ltr'>μηνοειδὴς,</span> <span class='ocrx_word' id='word_1_155' title='bbox 2387 967 2476 1021; x_wconf 81' lang='grc' dir='ltr'>ὁτὲ</span> <span class='ocrx_word' id='word_1_156' title='bbox 2526 965 2625 1038; x_wconf 81' lang='grc' dir='ltr'><strong>μὲν</strong></span> <span class='ocrx_word' id='word_1_157' title='bbox 2649 965 2696 997; x_wconf 67' lang='grc' dir='ltr'><strong>⁸ο</strong></span> <span class='ocrx_word' id='word_1_158' title='bbox 2719 964 2822 1028; x_wconf 78' lang='grc' dir='ltr'>ἕως</span> <span class='ocrx_word' id='word_1_159' title='bbox 2843 964 2941 1033; x_wconf 85' lang='grc' dir='ltr'>τῆς</span> <span class='ocrx_word' id='word_1_160' title='bbox 2971 959 3248 1031; x_wconf 82' lang='grc' dir='ltr'><strong>πέμπτης,</strong></span> <span class='ocrx_word' id='word_1_161' title='bbox 3279 958 3367 1010; x_wconf 85' lang='grc' dir='ltr'>ὁτέ</span> <span class='ocrx_word' id='word_1_162' title='bbox 3404 958 3460 1012; x_wconf 85' lang='grc' dir='ltr'><strong>δὲ</strong></span> <span class='ocrx_word' id='word_1_163' title='bbox 3486 958 3612 1036; x_wconf 87' lang='grc' dir='ltr'><strong>βρα-</strong></span> 
     </span>
    </p>
   </div>
   <div class='ocr_carea' id='block_1_25' title="bbox 2043 1049 3612 1134">
    <p class='ocr_par' dir='ltr' id='par_1_25' title="bbox 2043 1049 3612 1134">
     <span class='ocr_line' id='line_1_25' title="bbox 2043 1049 3612 1134; baseline -0.01 -19"><span class='ocrx_word' id='word_1_164' title='bbox 2043 1062 2290 1126; x_wconf 86' lang='grc' dir='ltr'>δύτατον,</span> <span class='ocrx_word' id='word_1_165' title='bbox 2315 1060 2420 1122; x_wconf 76' lang='grc' dir='ltr'>ἕως</span> <span class='ocrx_word' id='word_1_166' title='bbox 2454 1058 2553 1129; x_wconf 86' lang='grc' dir='ltr'><strong>τῆς</strong></span> <span class='ocrx_word' id='word_1_167' title='bbox 2592 1055 2825 1127; x_wconf 74' lang='grc' dir='ltr'>ἑϐδόμης</span> <span class='ocrx_word' id='word_1_168' title='bbox 2843 1072 2857 1084; x_wconf 84' lang='grc'><strong>’</strong></span> <span class='ocrx_word' id='word_1_169' title='bbox 2889 1051 3165 1134; x_wconf 83' lang='grc' dir='ltr'>διχότομος</span> <span class='ocrx_word' id='word_1_170' title='bbox 3197 1050 3253 1104; x_wconf 84' lang='grc' dir='ltr'>δὲ</span> <span class='ocrx_word' id='word_1_171' title='bbox 3283 1049 3490 1117; x_wconf 72' lang='grc' dir='ltr'>γίνεται</span> <span class='ocrx_word' id='word_1_172' title='bbox 3514 1065 3612 1100; x_wconf 84' lang='grc' dir='ltr'><strong>τα-</strong></span> 
     </span>
    </p>
   </div>
   <div class='ocr_carea' id='block_1_26' title="bbox 2044 1138 3615 1223">
    <p class='ocr_par' dir='ltr' id='par_1_26' title="bbox 2044 1138 3615 1223">
     <span class='ocr_line' id='line_1_26' title="bbox 2044 1138 3615 1223; baseline -0.008 -21"><span class='ocrx_word' id='word_1_173' title='bbox 2044 1151 2202 1223; x_wconf 86' lang='grc' dir='ltr'>χίστη</span> <span class='ocrx_word' id='word_1_174' title='bbox 2231 1152 2331 1222; x_wconf 87' lang='grc' dir='ltr'><strong>μὲν</strong></span> <span class='ocrx_word' id='word_1_175' title='bbox 2361 1151 2490 1221; x_wconf 69' lang='grc' dir='ltr'>περὶ</span> <span class='ocrx_word' id='word_1_176' title='bbox 2536 1149 2635 1220; x_wconf 81' lang='grc' dir='ltr'><strong>τὴν</strong></span> <span class='ocrx_word' id='word_1_177' title='bbox 2685 1147 2874 1218; x_wconf 74' lang='grc' dir='ltr'>ἕκτην,</span> <span class='ocrx_word' id='word_1_178' title='bbox 2926 1143 3232 1216; x_wconf 85' lang='grc' dir='ltr'>βραδυτάτη</span> <span class='ocrx_word' id='word_1_179' title='bbox 3263 1141 3320 1194; x_wconf 85' lang='grc' dir='ltr'>δὲ</span> <span class='ocrx_word' id='word_1_180' title='bbox 3350 1140 3478 1210; x_wconf 78' lang='grc' dir='ltr'>περὶ</span> <span class='ocrx_word' id='word_1_181' title='bbox 3513 1138 3615 1209; x_wconf 78' lang='grc' dir='ltr'>τὴν</span> 
     </span>
    </p>
   </div>
   <div class='ocr_carea' id='block_1_27' title="bbox 2043 1230 3615 1312">
    <p class='ocr_par' dir='ltr' id='par_1_27' title="bbox 2043 1230 3615 1312">
     <span class='ocr_line' id='line_1_27' title="bbox 2043 1230 3615 1312; baseline -0.008 -19"><span class='ocrx_word' id='word_1_182' title='bbox 2043 1241 2234 1312; x_wconf 80' lang='grc' dir='ltr'><strong>ὀγδόην</strong></span> <span class='ocrx_word' id='word_1_183' title='bbox 2259 1257 2274 1272; x_wconf 78' lang='grc' dir='ltr'><strong><em>ο</em></strong></span> <span class='ocrx_word' id='word_1_184' title='bbox 2317 1240 2660 1311; x_wconf 80' lang='grc' dir='ltr'><strong>ἀμφίκυρτος</strong></span> <span class='ocrx_word' id='word_1_185' title='bbox 2705 1237 2763 1290; x_wconf 83' lang='grc' dir='ltr'>δὲ</span> <span class='ocrx_word' id='word_1_186' title='bbox 2803 1235 3012 1304; x_wconf 88' lang='grc' dir='ltr'>γίνεται</span> <span class='ocrx_word' id='word_1_187' title='bbox 3073 1233 3200 1304; x_wconf 81' lang='grc' dir='ltr'>περὶ</span> <span class='ocrx_word' id='word_1_188' title='bbox 3252 1231 3350 1302; x_wconf 83' lang='grc' dir='ltr'>τὴν</span> <span class='ocrx_word' id='word_1_189' title='bbox 3379 1230 3615 1297; x_wconf 83' lang='grc' dir='ltr'><strong>δεκάτην</strong></span> 
     </span>
    </p>
   </div>
   <div class='ocr_carea' id='block_1_28' title="bbox 2044 1318 3615 1404">
    <p class='ocr_par' dir='ltr' id='par_1_28' title="bbox 2044 1318 3615 1404">
     <span class='ocr_line' id='line_1_28' title="bbox 2044 1318 3615 1404; baseline -0.01 -17"><span class='ocrx_word' id='word_1_190' title='bbox 2044 1333 2296 1404; x_wconf 81' lang='grc' dir='ltr'><strong>ταχίστη,</strong></span> <span class='ocrx_word' id='word_1_191' title='bbox 2362 1329 2667 1400; x_wconf 83' lang='grc' dir='ltr'><strong>βραδυτάτη</strong></span> <span class='ocrx_word' id='word_1_192' title='bbox 2699 1327 2757 1380; x_wconf 88' lang='grc' dir='ltr'><strong>δέ</strong></span> <span class='ocrx_word' id='word_1_193' title='bbox 2795 1325 2922 1397; x_wconf 76' lang='grc' dir='ltr'>περὶ</span> <span class='ocrx_word' id='word_1_194' title='bbox 2945 1325 3042 1397; x_wconf 83' lang='grc' dir='ltr'>τήν</span> <span class='ocrx_word' id='word_1_195' title='bbox 3077 1330 3171 1392; x_wconf 77' lang='grc' dir='ltr'>ιγ’·</span> <span class='ocrx_word' id='word_1_196' title='bbox 3195 1321 3526 1390; x_wconf 80' lang='grc' dir='ltr'>πανσέληνος</span> <span class='ocrx_word' id='word_1_197' title='bbox 3557 1318 3615 1371; x_wconf 75' lang='grc' dir='ltr'><strong>δὲ</strong></span> 
     </span>
    </p>
   </div>
   <div class='ocr_carea' id='block_1_29' title="bbox 2046 1410 3617 1492">
    <p class='ocr_par' dir='ltr' id='par_1_29' title="bbox 2046 1410 3617 1492">
     <span class='ocr_line' id='line_1_29' title="bbox 2046 1410 3617 1492; baseline -0.009 -15"><span class='ocrx_word' id='word_1_198' title='bbox 2046 1425 2251 1492; x_wconf 89' lang='grc' dir='ltr'>γίνεται</span> <span class='ocrx_word' id='word_1_199' title='bbox 2275 1422 2502 1491; x_wconf 79' lang='grc' dir='ltr'><strong>ταχίστη</strong></span> <span class='ocrx_word' id='word_1_200' title='bbox 2539 1421 2636 1491; x_wconf 84' lang='grc' dir='ltr'><strong>μὲν</strong></span> <span class='ocrx_word' id='word_1_201' title='bbox 2667 1419 2794 1490; x_wconf 70' lang='grc' dir='ltr'>περὶ</span> <span class='ocrx_word' id='word_1_202' title='bbox 2825 1417 2921 1488; x_wconf 84' lang='grc' dir='ltr'>τὴν</span> <span class='ocrx_word' id='word_1_203' title='bbox 2959 1422 3045 1484; x_wconf 80' lang='grc' dir='ltr'>ιγ’,</span> <span class='ocrx_word' id='word_1_204' title='bbox 3076 1413 3379 1486; x_wconf 84' lang='grc' dir='ltr'>βραδυτὰτη</span> <span class='ocrx_word' id='word_1_205' title='bbox 3396 1412 3453 1465; x_wconf 86' lang='grc' dir='ltr'><strong>δὲ</strong></span> <span class='ocrx_word' id='word_1_206' title='bbox 3486 1410 3617 1482; x_wconf 75' lang='grc' dir='ltr'>περὶ</span> 
     </span>
    </p>
   </div>
   <div class='ocr_carea' id='block_1_30' title="bbox 2044 1503 3617 1587">
    <p class='ocr_par' dir='ltr' id='par_1_30' title="bbox 2044 1503 3617 1587">
     <span class='ocr_line' id='line_1_30' title="bbox 2044 1503 3617 1587; baseline -0.008 -19"><span class='ocrx_word' id='word_1_207' title='bbox 2044 1517 2144 1587; x_wconf 79' lang='grc' dir='ltr'>τὴν</span> <span class='ocrx_word' id='word_1_208' title='bbox 2181 1513 2262 1578; x_wconf 76' lang='grc' dir='ltr'><strong>ιζ’.</strong></span> <span class='ocrx_word' id='word_1_209' title='bbox 2331 1513 2696 1584; x_wconf 82' lang='grc' dir='ltr'>Ἀμφίκυρτος</span> <span class='ocrx_word' id='word_1_210' title='bbox 2759 1509 2816 1563; x_wconf 81' lang='grc' dir='ltr'>δὲ</span> <span class='ocrx_word' id='word_1_211' title='bbox 2850 1511 2911 1561; x_wconf 84' lang='grc' dir='ltr'>τὸ</span> <span class='ocrx_word' id='word_1_212' title='bbox 2954 1506 3223 1577; x_wconf 86' lang='grc' dir='ltr'>δεύτερον,</span> <span class='ocrx_word' id='word_1_213' title='bbox 3254 1505 3481 1576; x_wconf 81' lang='grc' dir='ltr'>ταχίστη</span> <span class='ocrx_word' id='word_1_214' title='bbox 3519 1503 3617 1574; x_wconf 80' lang='grc' dir='ltr'>μὲν</span> 
     </span>
    </p>
   </div>
   <div class='ocr_carea' id='block_1_31' title="bbox 2047 1594 3615 1676">
    <p class='ocr_par' dir='ltr' id='par_1_31' title="bbox 2047 1594 3615 1676">
     <span class='ocr_line' id='line_1_31' title="bbox 2047 1594 3615 1676; baseline -0.015 -14"><span class='ocrx_word' id='word_1_215' title='bbox 2047 1606 2329 1664; x_wconf 83' lang='grc' dir='ltr'>ἀνατέλλει</span> <span class='ocrx_word' id='word_1_216' title='bbox 2361 1605 2487 1676; x_wconf 76' lang='grc' dir='ltr'>περὶ</span> <span class='ocrx_word' id='word_1_217' title='bbox 2519 1602 2616 1674; x_wconf 79' lang='grc' dir='ltr'>τὴν</span> <span class='ocrx_word' id='word_1_218' title='bbox 2664 1609 2753 1674; x_wconf 84' lang='grc' dir='ltr'>ιη’,</span> <span class='ocrx_word' id='word_1_219' title='bbox 2793 1599 3096 1674; x_wconf 76' lang='grc' dir='ltr'>βραδυτάτη</span> <span class='ocrx_word' id='word_1_220' title='bbox 3129 1599 3187 1652; x_wconf 80' lang='grc' dir='ltr'><strong>δὲ</strong></span> <span class='ocrx_word' id='word_1_221' title='bbox 3215 1599 3344 1672; x_wconf 72' lang='grc' dir='ltr'>περὶ</span> <span class='ocrx_word' id='word_1_222' title='bbox 3378 1598 3476 1668; x_wconf 78' lang='grc' dir='ltr'><strong>τὴν</strong></span> <span class='ocrx_word' id='word_1_223' title='bbox 3508 1594 3615 1668; x_wconf 80' lang='grc' dir='ltr'>κβ’,</span> 
     </span>
    </p>
   </div>
   <div class='ocr_carea' id='block_1_32' title="bbox 2046 1687 3617 1768">
    <p class='ocr_par' dir='ltr' id='par_1_32' title="bbox 2046 1687 3617 1768">
     <span class='ocr_line' id='line_1_32' title="bbox 2046 1687 3617 1768; baseline -0.005 -18"><span class='ocrx_word' id='word_1_224' title='bbox 2046 1697 2336 1768; x_wconf 86' lang='grc' dir='ltr'>Διχότομος</span> <span class='ocrx_word' id='word_1_225' title='bbox 2365 1696 2422 1748; x_wconf 80' lang='grc' dir='ltr'>δὲ</span> <span class='ocrx_word' id='word_1_226' title='bbox 2477 1695 2686 1763; x_wconf 91' lang='grc' dir='ltr'>γίνεται</span> <span class='ocrx_word' id='word_1_227' title='bbox 2720 1692 2781 1745; x_wconf 81' lang='grc' dir='ltr'>τὸ</span> <span class='ocrx_word' id='word_1_228' title='bbox 2805 1691 3054 1764; x_wconf 75' lang='grc' dir='ltr'>δεύτερον</span> <span class='ocrx_word' id='word_1_229' title='bbox 3096 1690 3323 1760; x_wconf 89' lang='grc' dir='ltr'>ταχίστη</span> <span class='ocrx_word' id='word_1_230' title='bbox 3363 1689 3463 1759; x_wconf 86' lang='grc' dir='ltr'>μὲν</span> <span class='ocrx_word' id='word_1_231' title='bbox 3486 1687 3617 1761; x_wconf 83' lang='grc' dir='ltr'>περὶ</span> 
     </span>
    </p>
   </div>
   <div class='ocr_carea' id='block_1_33' title="bbox 2045 1782 3612 1861">
    <p class='ocr_par' dir='ltr' id='par_1_33' title="bbox 2045 1782 3612 1861">
     <span class='ocr_line' id='line_1_33' title="bbox 2045 1782 3612 1861; baseline -0.006 -17"><span class='ocrx_word' id='word_1_232' title='bbox 2045 1789 2144 1861; x_wconf 83' lang='grc' dir='ltr'><strong>τὴν</strong></span> <span class='ocrx_word' id='word_1_233' title='bbox 2195 1789 2384 1842; x_wconf 82' lang='grc' dir='ltr'>εἰκάδα</span> <span class='ocrx_word' id='word_1_234' title='bbox 2441 1789 2534 1841; x_wconf 81' lang='grc' dir='ltr'><strong>καὶ</strong></span> <span class='ocrx_word' id='word_1_235' title='bbox 2579 1787 2740 1858; x_wconf 87' lang='grc' dir='ltr'>μίαν.</span> <span class='ocrx_word' id='word_1_236' title='bbox 2803 1784 3106 1857; x_wconf 87' lang='grc' dir='ltr'>βραδυτάτη</span> <span class='ocrx_word' id='word_1_237' title='bbox 3153 1784 3210 1837; x_wconf 86' lang='grc' dir='ltr'><strong>δὲ</strong></span> <span class='ocrx_word' id='word_1_238' title='bbox 3256 1784 3381 1853; x_wconf 73' lang='grc' dir='ltr'>περὶ</span> <span class='ocrx_word' id='word_1_239' title='bbox 3404 1782 3502 1854; x_wconf 82' lang='grc' dir='ltr'><strong>τὴν</strong></span> <span class='ocrx_word' id='word_1_240' title='bbox 3532 1783 3612 1835; x_wconf 77' lang='grc' dir='ltr'><strong>εί-</strong></span> 
     </span>
    </p>
   </div>
   <div class='ocr_carea' id='block_1_34' title="bbox 370 1876 1942 1953">
    <p class='ocr_par' dir='ltr' id='par_1_34' title="bbox 370 1884 1936 1951">
     <span class='ocr_line' id='line_1_34' title="bbox 370 1884 1936 1951; baseline -0.001 -10"><span class='ocrx_word' id='word_1_241' title='bbox 370 1887 564 1944; x_wconf 86' lang='lat' dir='ltr'><strong>falcata</strong></span> <span class='ocrx_word' id='word_1_242' title='bbox 615 1885 858 1943; x_wconf 90' lang='lat' dir='ltr'><strong>secundo</strong></span> <span class='ocrx_word' id='word_1_243' title='bbox 891 1885 971 1950; x_wconf 85' lang='lat' dir='ltr'><strong>ﬁt,</strong></span> <span class='ocrx_word' id='word_1_244' title='bbox 1002 1901 1126 1941; x_wconf 89' lang='lat' dir='ltr'><strong>cum</strong></span> <span class='ocrx_word' id='word_1_245' title='bbox 1159 1895 1246 1941; x_wconf 91' lang='lat' dir='ltr'><strong>est</strong></span> <span class='ocrx_word' id='word_1_246' title='bbox 1281 1886 1595 1949; x_wconf 89' lang='lat' dir='ltr'><strong>celerrima,</strong></span> <span class='ocrx_word' id='word_1_247' title='bbox 1649 1886 1798 1940; x_wconf 87' lang='lat' dir='ltr'><strong>circa</strong></span> <span class='ocrx_word' id='word_1_248' title='bbox 1826 1884 1898 1939; x_wconf 85' lang='lat'><strong>25</strong></span> <span class='ocrx_word' id='word_1_249' title='bbox 1921 1927 1936 1951; x_wconf 92' lang='lat'><strong>,</strong></span> 
     </span>
    </p>
   </div>
   <div class='ocr_carea' id='block_1_35' title="bbox 2046 1876 3611 1953">
    <p class='ocr_par' dir='ltr' id='par_1_35' title="bbox 2046 1876 3611 1953">
     <span class='ocr_line' id='line_1_35' title="bbox 2046 1876 3611 1953; baseline -0.006 -16"><span class='ocrx_word' id='word_1_250' title='bbox 2046 1883 2183 1938; x_wconf 83' lang='grc' dir='ltr'>κάδα</span> <span class='ocrx_word' id='word_1_251' title='bbox 2233 1884 2326 1937; x_wconf 77' lang='grc' dir='ltr'><strong>καὶ</strong></span> <span class='ocrx_word' id='word_1_252' title='bbox 2355 1882 2545 1953; x_wconf 81' lang='grc' dir='ltr'>τρίτην</span> <span class='ocrx_word' id='word_1_253' title='bbox 2571 1898 2584 1912; x_wconf 88' lang='grc'><strong>·</strong></span> <span class='ocrx_word' id='word_1_254' title='bbox 2621 1879 2906 1951; x_wconf 84' lang='grc' dir='ltr'>μηνοειδὴς</span> <span class='ocrx_word' id='word_1_255' title='bbox 2942 1879 2999 1932; x_wconf 82' lang='grc' dir='ltr'><strong>δὲ</strong></span> <span class='ocrx_word' id='word_1_256' title='bbox 3022 1877 3230 1946; x_wconf 89' lang='grc' dir='ltr'>γίνεται</span> <span class='ocrx_word' id='word_1_257' title='bbox 3253 1877 3313 1930; x_wconf 80' lang='grc' dir='ltr'>τὸ</span> <span class='ocrx_word' id='word_1_258' title='bbox 3335 1876 3611 1946; x_wconf 86' lang='grc' dir='ltr'>δεύτερον,</span> 
     </span>
    </p>
   </div>
   <div class='ocr_carea' id='block_1_36' title="bbox 369 1973 1940 2039">
    <p class='ocr_par' dir='ltr' id='par_1_36' title="bbox 369 1973 1940 2039">
     <span class='ocr_line' id='line_1_36' title="bbox 369 1973 1940 2039; baseline -0.002 -9"><span class='ocrx_word' id='word_1_259' title='bbox 369 1977 495 2030; x_wconf 73' lang='lat' dir='ltr'><strong>eum</strong></span> <span class='ocrx_word' id='word_1_260' title='bbox 549 1984 633 2032; x_wconf 86' lang='grc' dir='ltr'>εει</span> <span class='ocrx_word' id='word_1_261' title='bbox 686 1976 1022 2039; x_wconf 89' lang='lat' dir='ltr'><strong>tardissima,</strong></span> <span class='ocrx_word' id='word_1_262' title='bbox 1074 1977 1220 2030; x_wconf 91' lang='lat' dir='ltr'><strong>circa</strong></span> <span class='ocrx_word' id='word_1_263' title='bbox 1243 1974 1334 2030; x_wconf 85' lang='lat'><strong>26.</strong></span> <span class='ocrx_word' id='word_1_264' title='bbox 1367 1973 1565 2029; x_wconf 90' lang='lat' dir='ltr'><strong>Totum</strong></span> <span class='ocrx_word' id='word_1_265' title='bbox 1590 1983 1768 2030; x_wconf 89' lang='lat' dir='ltr'><strong>autem</strong></span> <span class='ocrx_word' id='word_1_266' title='bbox 1802 1981 1940 2029; x_wconf 90' lang='lat' dir='ltr'><strong>tem-</strong></span> 
     </span>
    </p>
   </div>
   <div class='ocr_carea' id='block_1_37' title="bbox 369 2066 1938 2139">
    <p class='ocr_par' dir='ltr' id='par_1_37' title="bbox 369 2066 1938 2139">
     <span class='ocr_line' id='line_1_37' title="bbox 369 2066 1938 2139; baseline -0.003 -15"><span class='ocrx_word' id='word_1_267' title='bbox 369 2084 474 2139; x_wconf 83' lang='lat' dir='ltr'><strong>pus</strong></span> <span class='ocrx_word' id='word_1_268' title='bbox 506 2078 848 2124; x_wconf 89' lang='lat' dir='ltr'><strong>menstruum</strong></span> <span class='ocrx_word' id='word_1_269' title='bbox 883 2076 968 2124; x_wconf 85' lang='grc' dir='ltr'><strong>εει</strong></span> <span class='ocrx_word' id='word_1_270' title='bbox 997 2068 1208 2124; x_wconf 90' lang='lat' dir='ltr'><strong>dierum</strong></span> <span class='ocrx_word' id='word_1_271' title='bbox 1243 2067 1312 2123; x_wconf 89' lang='lat'><strong>29</strong></span> <span class='ocrx_word' id='word_1_272' title='bbox 1342 2069 1444 2138; x_wconf 85' lang='lat' dir='ltr'><strong>l/2</strong></span> <span class='ocrx_word' id='word_1_273' title='bbox 1502 2069 1624 2138; x_wconf 72' lang='lat'><strong>1/3.</strong></span> <span class='ocrx_word' id='word_1_274' title='bbox 1669 2066 1762 2120; x_wconf 85' lang='lat' dir='ltr'><strong>Est</strong></span> <span class='ocrx_word' id='word_1_275' title='bbox 1791 2068 1938 2122; x_wconf 88' lang='lat' dir='ltr'><strong>enim</strong></span> 
     </span>
    </p>
   </div>
   <div class='ocr_carea' id='block_1_38' title="bbox 371 2157 1938 2229">
    <p class='ocr_par' dir='ltr' id='par_1_38' title="bbox 371 2157 1938 2229">
     <span class='ocr_line' id='line_1_38' title="bbox 371 2157 1938 2229; baseline -0.001 -18"><span class='ocrx_word' id='word_1_276' title='bbox 371 2159 576 2214; x_wconf 81' lang='lat' dir='ltr'><strong>mensis</strong></span> <span class='ocrx_word' id='word_1_277' title='bbox 607 2166 821 2229; x_wconf 88' lang='lat' dir='ltr'><strong>tempus</strong></span> <span class='ocrx_word' id='word_1_278' title='bbox 847 2173 878 2212; x_wconf 90' lang='lat' dir='ltr'><strong>a</strong></span> <span class='ocrx_word' id='word_1_279' title='bbox 909 2157 1300 2227; x_wconf 72' lang='lat' dir='ltr'><strong>conjunctione</strong></span> <span class='ocrx_word' id='word_1_280' title='bbox 1349 2158 1416 2212; x_wconf 88' lang='lat' dir='ltr'><strong>ad</strong></span> <span class='ocrx_word' id='word_1_281' title='bbox 1453 2157 1895 2227; x_wconf 73' lang='lat' dir='ltr'><strong>coniunctionem</strong></span> <span class='ocrx_word' id='word_1_282' title='bbox 1921 2173 1938 2222; x_wconf 90' lang='lat'><strong>;</strong></span> 
     </span>
    </p>
   </div>
   <div class='ocr_carea' id='block_1_39' title="bbox 371 2247 1938 2318">
    <p class='ocr_par' dir='ltr' id='par_1_39' title="bbox 371 2247 1938 2318">
     <span class='ocr_line' id='line_1_39' title="bbox 371 2247 1938 2318; baseline 0.001 -18"><span class='ocrx_word' id='word_1_283' title='bbox 371 2264 400 2300; x_wconf 88' lang='lat' dir='ltr'><strong>a</strong></span> <span class='ocrx_word' id='word_1_284' title='bbox 434 2248 735 2318; x_wconf 88' lang='lat' dir='ltr'><strong>plenilunio</strong></span> <span class='ocrx_word' id='word_1_285' title='bbox 758 2247 826 2301; x_wconf 88' lang='lat' dir='ltr'><strong>ad</strong></span> <span class='ocrx_word' id='word_1_286' title='bbox 849 2249 1229 2318; x_wconf 88' lang='lat' dir='ltr'><strong>plenilunium,</strong></span> <span class='ocrx_word' id='word_1_287' title='bbox 1278 2248 1596 2318; x_wconf 86' lang='lat' dir='ltr'><strong>conjunctio</strong></span> <span class='ocrx_word' id='word_1_288' title='bbox 1648 2256 1827 2303; x_wconf 90' lang='lat' dir='ltr'><strong>autem</strong></span> <span class='ocrx_word' id='word_1_289' title='bbox 1855 2256 1938 2302; x_wconf 89' lang='lat' dir='ltr'><strong>est</strong></span> 
     </span>
    </p>
   </div>
   <div class='ocr_carea' id='block_1_40' title="bbox 369 2337 1937 2408">
    <p class='ocr_par' dir='ltr' id='par_1_40' title="bbox 369 2337 1937 2408">
     <span class='ocr_line' id='line_1_40' title="bbox 369 2337 1937 2408; baseline 0 -16"><span class='ocrx_word' id='word_1_290' title='bbox 369 2347 583 2408; x_wconf 84' lang='lat' dir='ltr'><strong>tempus</strong></span> <span class='ocrx_word' id='word_1_291' title='bbox 636 2339 692 2393; x_wconf 91' lang='lat' dir='ltr'><strong>in</strong></span> <span class='ocrx_word' id='word_1_292' title='bbox 756 2355 864 2408; x_wconf 90' lang='lat' dir='ltr'><strong>quo</strong></span> <span class='ocrx_word' id='word_1_293' title='bbox 916 2340 998 2394; x_wconf 91' lang='lat' dir='ltr'><strong>sol</strong></span> <span class='ocrx_word' id='word_1_294' title='bbox 1048 2346 1104 2394; x_wconf 91' lang='lat' dir='ltr'><strong>et</strong></span> <span class='ocrx_word' id='word_1_295' title='bbox 1132 2340 1260 2392; x_wconf 90' lang='lat' dir='ltr'><strong>luna</strong></span> <span class='ocrx_word' id='word_1_296' title='bbox 1282 2338 1335 2392; x_wconf 91' lang='lat' dir='ltr'><strong>in</strong></span> <span class='ocrx_word' id='word_1_297' title='bbox 1359 2337 1551 2394; x_wconf 82' lang='lat' dir='ltr'><strong>eodem</strong></span> <span class='ocrx_word' id='word_1_298' title='bbox 1609 2338 1781 2408; x_wconf 77' lang='lat' dir='ltr'><strong>gradu</strong></span> <span class='ocrx_word' id='word_1_299' title='bbox 1807 2352 1937 2394; x_wconf 86' lang='lat' dir='ltr'><strong>con—</strong></span> 
     </span>
    </p>
   </div>
   <div class='ocr_carea' id='block_1_41' title="bbox 371 2431 1658 2503">
    <p class='ocr_par' dir='ltr' id='par_1_41' title="bbox 371 2431 1658 2503">
     <span class='ocr_line' id='line_1_41' title="bbox 371 2431 1658 2503; baseline -0.004 -15"><span class='ocrx_word' id='word_1_300' title='bbox 371 2433 696 2488; x_wconf 78' lang='lat' dir='ltr'><strong>siituuntur.</strong></span> <span class='ocrx_word' id='word_1_301' title='bbox 729 2432 887 2499; x_wconf 84' lang='lat' dir='ltr'><strong>Quod</strong></span> <span class='ocrx_word' id='word_1_302' title='bbox 917 2433 1184 2503; x_wconf 80' lang='lat' dir='ltr'><strong>contingit</strong></span> <span class='ocrx_word' id='word_1_303' title='bbox 1221 2433 1309 2487; x_wconf 89' lang='lat' dir='ltr'><strong>die</strong></span> <span class='ocrx_word' id='word_1_304' title='bbox 1335 2431 1404 2486; x_wconf 75' lang='lat'><strong>30</strong></span> <span class='ocrx_word' id='word_1_305' title='bbox 1432 2431 1658 2487; x_wconf 87' lang='lat' dir='ltr'><strong>mensis.</strong></span> 
     </span>
    </p>
   </div>
   <div class='ocr_carea' id='block_1_42' title="bbox 992 2625 1396 2683">
    <p class='ocr_par' dir='ltr' id='par_1_42' title="bbox 992 2625 1396 2683">
     <span class='ocr_line' id='line_1_42' title="bbox 992 2625 1396 2683; baseline 0 -1"><span class='ocrx_word' id='word_1_306' title='bbox 992 2626 1222 2683; x_wconf 71' lang='lat' dir='ltr'><strong>CAPUT</strong></span> <span class='ocrx_word' id='word_1_307' title='bbox 1260 2625 1396 2682; x_wconf 79' lang='lat' dir='ltr'><strong>Vill.</strong></span> 
     </span>
    </p>
   </div>
   <div class='ocr_carea' id='block_1_43' title="bbox 908 2720 1408 2789">
    <p class='ocr_par' dir='ltr' id='par_1_43' title="bbox 908 2720 1408 2789">
     <span class='ocr_line' id='line_1_43' title="bbox 908 2720 1408 2789; baseline 0 -15"><span class='ocrx_word' id='word_1_308' title='bbox 908 2720 988 2775; x_wconf 86' lang='lat' dir='ltr'><strong>De</strong></span> <span class='ocrx_word' id='word_1_309' title='bbox 1039 2721 1219 2789; x_wconf 79' lang='lat' dir='ltr'><strong>eclipsi</strong></span> <span class='ocrx_word' id='word_1_310' title='bbox 1259 2721 1408 2776; x_wconf 75' lang='lat' dir='ltr'><strong>solis.</strong></span> 
     </span>
    </p>
   </div>
   <div class='ocr_carea' id='block_1_44' title="bbox 445 2827 1943 2902">
    <p class='ocr_par' dir='ltr' id='par_1_44' title="bbox 445 2827 1943 2902">
     <span class='ocr_line' id='line_1_44' title="bbox 445 2827 1943 2902; baseline -0.005 -15"><span class='ocrx_word' id='word_1_311' title='bbox 445 2831 590 2887; x_wconf 87' lang='lat' dir='ltr'><strong>Solis</strong></span> <span class='ocrx_word' id='word_1_312' title='bbox 629 2831 862 2902; x_wconf 90' lang='lat' dir='ltr'><strong>eclipses</strong></span> <span class='ocrx_word' id='word_1_313' title='bbox 911 2829 1048 2886; x_wconf 88' lang='lat' dir='ltr'><strong>ﬁunt</strong></span> <span class='ocrx_word' id='word_1_314' title='bbox 1101 2845 1166 2884; x_wconf 77' lang='lat' dir='ltr'><strong>ex</strong></span> <span class='ocrx_word' id='word_1_315' title='bbox 1212 2829 1539 2900; x_wconf 88' lang='lat' dir='ltr'><strong>interpositu</strong></span> <span class='ocrx_word' id='word_1_316' title='bbox 1611 2828 1774 2886; x_wconf 62' lang='lat' dir='ltr'><strong>lunae.</strong></span> <span class='ocrx_word' id='word_1_317' title='bbox 1802 2827 1943 2883; x_wconf 88' lang='lat' dir='ltr'><strong>Cum</strong></span> 
     </span>
    </p>
   </div>
   <div class='ocr_carea' id='block_1_45' title="bbox 371 2921 1943 2994">
    <p class='ocr_par' dir='ltr' id='par_1_45' title="bbox 371 2921 1943 2994">
     <span class='ocr_line' id='line_1_45' title="bbox 371 2921 1943 2994; baseline -0.001 -16"><span class='ocrx_word' id='word_1_318' title='bbox 371 2925 520 2978; x_wconf 88' lang='lat' dir='ltr'><strong>enim</strong></span> <span class='ocrx_word' id='word_1_319' title='bbox 579 2924 664 2980; x_wconf 88' lang='lat' dir='ltr'><strong>sol</strong></span> <span class='ocrx_word' id='word_1_320' title='bbox 723 2923 976 2994; x_wconf 87' lang='lat' dir='ltr'><strong>superius</strong></span> <span class='ocrx_word' id='word_1_321' title='bbox 1000 2924 1227 2988; x_wconf 89' lang='lat' dir='ltr'><strong>feratur,</strong></span> <span class='ocrx_word' id='word_1_322' title='bbox 1260 2924 1390 2978; x_wconf 87' lang='lat' dir='ltr'><strong>luna</strong></span> <span class='ocrx_word' id='word_1_323' title='bbox 1417 2921 1671 2985; x_wconf 89' lang='lat' dir='ltr'><strong>inferius,</strong></span> <span class='ocrx_word' id='word_1_324' title='bbox 1718 2936 1844 2976; x_wconf 92' lang='lat' dir='ltr'><strong>cum</strong></span> <span class='ocrx_word' id='word_1_325' title='bbox 1885 2923 1943 2976; x_wconf 86' lang='lat' dir='ltr'><strong>in</strong></span> 
     </span>
    </p>
   </div>
   <div class='ocr_carea' id='block_1_46' title="bbox 370 3013 1943 3086">
    <p class='ocr_par' dir='ltr' id='par_1_46' title="bbox 370 3013 1943 3086">
     <span class='ocr_line' id='line_1_46' title="bbox 370 3013 1943 3086; baseline -0.001 -16"><span class='ocrx_word' id='word_1_326' title='bbox 370 3013 561 3070; x_wconf 76' lang='lat' dir='ltr'><strong>endem</strong></span> <span class='ocrx_word' id='word_1_327' title='bbox 589 3013 762 3086; x_wconf 75' lang='lat' dir='ltr'><strong>gradu</strong></span> <span class='ocrx_word' id='word_1_328' title='bbox 790 3013 993 3069; x_wconf 85' lang='lat' dir='ltr'><strong>fuerint</strong></span> <span class='ocrx_word' id='word_1_329' title='bbox 1025 3013 1108 3068; x_wconf 86' lang='lat' dir='ltr'><strong>sol</strong></span> <span class='ocrx_word' id='word_1_330' title='bbox 1136 3023 1190 3068; x_wconf 92' lang='lat' dir='ltr'><strong>et</strong></span> <span class='ocrx_word' id='word_1_331' title='bbox 1224 3013 1350 3068; x_wconf 90' lang='lat' dir='ltr'><strong>luna</strong></span> <span class='ocrx_word' id='word_1_332' title='bbox 1381 3014 1484 3069; x_wconf 87' lang='lat' dir='ltr'><strong>sub</strong></span> <span class='ocrx_word' id='word_1_333' title='bbox 1525 3014 1695 3069; x_wconf 89' lang='lat' dir='ltr'><strong>solem</strong></span> <span class='ocrx_word' id='word_1_334' title='bbox 1717 3013 1943 3068; x_wconf 85' lang='lat' dir='ltr'><strong>subiens</strong></span> 
     </span>
    </p>
   </div>
   <div class='ocr_carea' id='block_1_47' title="bbox 371 3103 1942 3176">
    <p class='ocr_par' dir='ltr' id='par_1_47' title="bbox 371 3103 1942 3176">
     <span class='ocr_line' id='line_1_47' title="bbox 371 3103 1942 3176; baseline -0.002 -16"><span class='ocrx_word' id='word_1_335' title='bbox 371 3110 476 3162; x_wconf 89' lang='lat' dir='ltr'><strong>ista</strong></span> <span class='ocrx_word' id='word_1_336' title='bbox 503 3105 674 3160; x_wconf 89' lang='lat' dir='ltr'><strong>ofﬁcit</strong></span> <span class='ocrx_word' id='word_1_337' title='bbox 692 3105 861 3161; x_wconf 88' lang='lat' dir='ltr'><strong>radiis</strong></span> <span class='ocrx_word' id='word_1_338' title='bbox 895 3106 1048 3169; x_wconf 90' lang='lat' dir='ltr'><strong>solis,</strong></span> <span class='ocrx_word' id='word_1_339' title='bbox 1083 3106 1174 3176; x_wconf 91' lang='lat' dir='ltr'><strong>qui</strong></span> <span class='ocrx_word' id='word_1_340' title='bbox 1209 3105 1277 3160; x_wconf 89' lang='lat' dir='ltr'><strong>ad</strong></span> <span class='ocrx_word' id='word_1_341' title='bbox 1309 3120 1408 3161; x_wconf 92' lang='lat' dir='ltr'><strong>nos</strong></span> <span class='ocrx_word' id='word_1_342' title='bbox 1437 3105 1708 3161; x_wconf 90' lang='lat' dir='ltr'><strong>feruntur.</strong></span> <span class='ocrx_word' id='word_1_343' title='bbox 1740 3103 1942 3170; x_wconf 86' lang='lat' dir='ltr'><strong>Quam-</strong></span> 
     </span>
    </p>
   </div>
   <div class='ocr_carea' id='block_1_48' title="bbox 373 3196 1942 3267">
    <p class='ocr_par' dir='ltr' id='par_1_48' title="bbox 373 3196 1942 3267">
     <span class='ocr_line' id='line_1_48' title="bbox 373 3196 1942 3267; baseline -0.003 -15"><span class='ocrx_word' id='word_1_344' title='bbox 373 3200 562 3253; x_wconf 81' lang='lat' dir='ltr'><strong>obrem</strong></span> <span class='ocrx_word' id='word_1_345' title='bbox 622 3212 693 3252; x_wconf 89' lang='lat' dir='ltr'><strong>ne</strong></span> <span class='ocrx_word' id='word_1_346' title='bbox 741 3197 1031 3252; x_wconf 88' lang='lat' dir='ltr'><strong>dicendum</strong></span> <span class='ocrx_word' id='word_1_347' title='bbox 1059 3197 1278 3267; x_wconf 85' lang='lat' dir='ltr'><strong>quidem</strong></span> <span class='ocrx_word' id='word_1_348' title='bbox 1318 3207 1424 3261; x_wconf 87' lang='lat' dir='ltr'><strong>est,</strong></span> <span class='ocrx_word' id='word_1_349' title='bbox 1454 3212 1548 3252; x_wconf 87' lang='lat' dir='ltr'><strong>eas</strong></span> <span class='ocrx_word' id='word_1_350' title='bbox 1579 3196 1798 3266; x_wconf 88' lang='lat' dir='ltr'><strong>proprie</strong></span> <span class='ocrx_word' id='word_1_351' title='bbox 1819 3211 1942 3250; x_wconf 90' lang='lat' dir='ltr'><strong>esse</strong></span> 
     </span>
    </p>
   </div>
   <div class='ocr_carea' id='block_1_49' title="bbox 373 3287 1941 3360">
    <p class='ocr_par' dir='ltr' id='par_1_49' title="bbox 373 3287 1941 3360">
     <span class='ocr_line' id='line_1_49' title="bbox 373 3287 1941 3360; baseline -0.004 -14"><span class='ocrx_word' id='word_1_352' title='bbox 373 3291 629 3360; x_wconf 87' lang='lat' dir='ltr'><strong>eclipses,</strong></span> <span class='ocrx_word' id='word_1_353' title='bbox 686 3289 782 3345; x_wconf 81' lang='lat' dir='ltr'><strong>sed</strong></span> <span class='ocrx_word' id='word_1_354' title='bbox 833 3289 1299 3360; x_wconf 86' lang='lat' dir='ltr'><strong>interpositiones.</strong></span> <span class='ocrx_word' id='word_1_355' title='bbox 1343 3287 1479 3341; x_wconf 83' lang='lat' dir='ltr'><strong>Nam</strong></span> <span class='ocrx_word' id='word_1_356' title='bbox 1531 3288 1666 3343; x_wconf 89' lang='lat' dir='ltr'><strong>solis</strong></span> <span class='ocrx_word' id='word_1_357' title='bbox 1723 3287 1941 3358; x_wconf 90' lang='lat' dir='ltr'><strong>quidem</strong></span> 
     </span>
    </p>
   </div>
   <div class='ocr_carea' id='block_1_50' title="bbox 373 3379 1945 3452">
    <p class='ocr_par' dir='ltr' id='par_1_50' title="bbox 373 3379 1945 3452">
     <span class='ocr_line' id='line_1_50' title="bbox 373 3379 1945 3452; baseline -0.004 -14"><span class='ocrx_word' id='word_1_358' title='bbox 373 3384 525 3438; x_wconf 75' lang='lat' dir='ltr'><strong>nulla</strong></span> <span class='ocrx_word' id='word_1_359' title='bbox 560 3397 688 3452; x_wconf 88' lang='lat' dir='ltr'><strong>pars</strong></span> <span class='ocrx_word' id='word_1_360' title='bbox 721 3396 958 3451; x_wconf 86' lang='lat' dir='ltr'><strong>unquam</strong></span> <span class='ocrx_word' id='word_1_361' title='bbox 990 3379 1244 3446; x_wconf 90' lang='lat' dir='ltr'><strong>deﬁciet;</strong></span> <span class='ocrx_word' id='word_1_362' title='bbox 1277 3380 1437 3435; x_wconf 89' lang='lat' dir='ltr'><strong>nobis</strong></span> <span class='ocrx_word' id='word_1_363' title='bbox 1499 3395 1630 3435; x_wconf 87' lang='lat' dir='ltr'><strong>vero</strong></span> <span class='ocrx_word' id='word_1_364' title='bbox 1670 3381 1786 3450; x_wconf 90' lang='lat' dir='ltr'><strong>ipse</strong></span> <span class='ocrx_word' id='word_1_365' title='bbox 1824 3379 1945 3433; x_wconf 90' lang='lat' dir='ltr'><strong>red-</strong></span> 
     </span>
    </p>
   </div>
   <div class='ocr_carea' id='block_1_51' title="bbox 373 3471 1942 3544">
    <p class='ocr_par' dir='ltr' id='par_1_51' title="bbox 373 3471 1942 3544">
     <span class='ocr_line' id='line_1_51' title="bbox 373 3471 1942 3544; baseline -0.004 -14"><span class='ocrx_word' id='word_1_366' title='bbox 373 3478 523 3530; x_wconf 80' lang='lat' dir='ltr'><strong>ditur</strong></span> <span class='ocrx_word' id='word_1_367' title='bbox 553 3474 843 3529; x_wconf 83' lang='lat' dir='ltr'><strong>invisibilis</strong></span> <span class='ocrx_word' id='word_1_368' title='bbox 896 3481 1118 3544; x_wconf 90' lang='lat' dir='ltr'><strong>pr0pter</strong></span> <span class='ocrx_word' id='word_1_369' title='bbox 1148 3474 1517 3529; x_wconf 88' lang='lat' dir='ltr'><strong>incursionem</strong></span> <span class='ocrx_word' id='word_1_370' title='bbox 1559 3473 1719 3526; x_wconf 58' lang='lat' dir='ltr'><strong>luna.</strong></span> <span class='ocrx_word' id='word_1_371' title='bbox 1769 3471 1942 3537; x_wconf 86' lang='lat' dir='ltr'><strong>Quam</strong></span> 
     </span>
    </p>
   </div>
   <div class='ocr_carea' id='block_1_52' title="bbox 374 3564 1944 3635">
    <p class='ocr_par' dir='ltr' id='par_1_52' title="bbox 374 3564 1944 3635">
     <span class='ocr_line' id='line_1_52' title="bbox 374 3564 1944 3635; baseline -0.004 -13"><span class='ocrx_word' id='word_1_372' title='bbox 374 3569 447 3622; x_wconf 86' lang='lat' dir='ltr'><strong>ob</strong></span> <span class='ocrx_word' id='word_1_373' title='bbox 505 3580 730 3621; x_wconf 81' lang='lat' dir='ltr'><strong>causam</strong></span> <span class='ocrx_word' id='word_1_374' title='bbox 792 3581 862 3621; x_wconf 90' lang='lat' dir='ltr'><strong>ne</strong></span> <span class='ocrx_word' id='word_1_375' title='bbox 902 3567 1142 3635; x_wconf 66' lang='lat' dir='ltr'><strong>aequales</strong></span> <span class='ocrx_word' id='word_1_376' title='bbox 1191 3564 1412 3635; x_wconf 84' lang='lat' dir='ltr'><strong>quidem</strong></span> <span class='ocrx_word' id='word_1_377' title='bbox 1467 3579 1662 3619; x_wconf 85' lang='lat' dir='ltr'><strong>rursus</strong></span> <span class='ocrx_word' id='word_1_378' title='bbox 1710 3564 1944 3632; x_wconf 89' lang='lat' dir='ltr'><strong>eclipses</strong></span> 
     </span>
    </p>
   </div>
   <div class='ocr_carea' id='block_1_53' title="bbox 379 3657 1945 3726">
    <p class='ocr_par' dir='ltr' id='par_1_53' title="bbox 379 3657 1945 3726">
     <span class='ocr_line' id='line_1_53' title="bbox 379 3657 1945 3726; baseline -0.003 -12"><span class='ocrx_word' id='word_1_379' title='bbox 379 3661 550 3726; x_wconf 83' lang='lat' dir='ltr'><strong>ﬁn-nt;</strong></span> <span class='ocrx_word' id='word_1_380' title='bbox 592 3661 687 3715; x_wconf 69' lang='lat' dir='ltr'><strong>sed</strong></span> <span class='ocrx_word' id='word_1_381' title='bbox 717 3658 1021 3715; x_wconf 83' lang='lat' dir='ltr'><strong>secundum</strong></span> <span class='ocrx_word' id='word_1_382' title='bbox 1047 3659 1324 3715; x_wconf 83' lang='lat' dir='ltr'><strong>climatum</strong></span> <span class='ocrx_word' id='word_1_383' title='bbox 1356 3657 1691 3712; x_wconf 83' lang='lat' dir='ltr'><strong>diﬁ&#39;erentias</strong></span> <span class='ocrx_word' id='word_1_384' title='bbox 1736 3671 1945 3726; x_wconf 67' lang='lat' dir='ltr'><strong>magnae</strong></span> 
     </span>
    </p>
   </div>
   <div class='ocr_carea' id='block_1_54' title="bbox 377 3747 1940 3821">
    <p class='ocr_par' dir='ltr' id='par_1_54' title="bbox 377 3747 1940 3821">
     <span class='ocr_line' id='line_1_54' title="bbox 377 3747 1940 3821; baseline -0.005 -15"><span class='ocrx_word' id='word_1_385' title='bbox 377 3752 724 3807; x_wconf 79' lang='lat' dir='ltr'><strong>diversitates</strong></span> <span class='ocrx_word' id='word_1_386' title='bbox 765 3751 902 3806; x_wconf 88' lang='lat' dir='ltr'><strong>ﬁunt</strong></span> <span class='ocrx_word' id='word_1_387' title='bbox 971 3751 1119 3805; x_wconf 89' lang='lat' dir='ltr'><strong>circa</strong></span> <span class='ocrx_word' id='word_1_388' title='bbox 1184 3748 1586 3821; x_wconf 74' lang='lat' dir='ltr'><strong>magnitudines</strong></span> <span class='ocrx_word' id='word_1_389' title='bbox 1629 3747 1940 3816; x_wconf 90' lang='lat' dir='ltr'><strong>eclipsium.</strong></span> 
     </span>
    </p>
   </div>
   <div class='ocr_carea' id='block_1_55' title="bbox 377 3839 1944 3910">
    <p class='ocr_par' dir='ltr' id='par_1_55' title="bbox 377 3839 1944 3910">
     <span class='ocr_line' id='line_1_55' title="bbox 377 3839 1944 3910; baseline -0.001 -14"><span class='ocrx_word' id='word_1_390' title='bbox 377 3843 580 3898; x_wconf 74' lang='lat' dir='ltr'><strong>Eodem</strong></span> <span class='ocrx_word' id='word_1_391' title='bbox 613 3845 759 3898; x_wconf 92' lang='lat' dir='ltr'><strong>enim</strong></span> <span class='ocrx_word' id='word_1_392' title='bbox 815 3851 1061 3910; x_wconf 81' lang='lat' dir='ltr'><strong>tempore</strong></span> <span class='ocrx_word' id='word_1_393' title='bbox 1111 3842 1236 3897; x_wconf 84' lang='lat' dir='ltr'><strong>aliis</strong></span> <span class='ocrx_word' id='word_1_394' title='bbox 1283 3849 1430 3896; x_wconf 89' lang='lat' dir='ltr'><strong>totus</strong></span> <span class='ocrx_word' id='word_1_395' title='bbox 1468 3839 1652 3896; x_wconf 89' lang='lat' dir='ltr'><strong>deﬁcit</strong></span> <span class='ocrx_word' id='word_1_396' title='bbox 1679 3839 1794 3905; x_wconf 88' lang='lat' dir='ltr'><strong>sol;</strong></span> <span class='ocrx_word' id='word_1_397' title='bbox 1821 3839 1944 3894; x_wconf 88' lang='lat' dir='ltr'><strong>aliis</strong></span> 
     </span>
    </p>
   </div>
   <div class='ocr_carea' id='block_1_56' title="bbox 379 3931 1945 4004">
    <p class='ocr_par' dir='ltr' id='par_1_56' title="bbox 379 3931 1945 4004">
     <span class='ocr_line' id='line_1_56' title="bbox 379 3931 1945 4004; baseline -0.003 -14"><span class='ocrx_word' id='word_1_398' title='bbox 379 3935 646 3992; x_wconf 87' lang='lat' dir='ltr'><strong>medietas</strong></span> <span class='ocrx_word' id='word_1_399' title='bbox 689 3935 862 3999; x_wconf 92' lang='lat' dir='ltr'><strong>solis;</strong></span> <span class='ocrx_word' id='word_1_400' title='bbox 898 3936 1020 3990; x_wconf 88' lang='lat' dir='ltr'><strong>aliis</strong></span> <span class='ocrx_word' id='word_1_401' title='bbox 1057 3936 1238 3989; x_wconf 79' lang='lat' dir='ltr'><strong>minor</strong></span> <span class='ocrx_word' id='word_1_402' title='bbox 1297 3949 1424 4004; x_wconf 89' lang='lat' dir='ltr'><strong>pars</strong></span> <span class='ocrx_word' id='word_1_403' title='bbox 1459 3933 1786 3997; x_wconf 88' lang='lat' dir='ltr'><strong>medietate;</strong></span> <span class='ocrx_word' id='word_1_404' title='bbox 1821 3931 1945 3986; x_wconf 88' lang='lat' dir='ltr'><strong>aliis</strong></span> 
     </span>
    </p>
   </div>
   <div class='ocr_carea' id='block_1_57' title="bbox 380 4023 1943 4096">
    <p class='ocr_par' dir='ltr' id='par_1_57' title="bbox 380 4023 1943 4096">
     <span class='ocr_line' id='line_1_57' title="bbox 380 4023 1943 4096; baseline -0.002 -16"><span class='ocrx_word' id='word_1_405' title='bbox 380 4028 528 4081; x_wconf 88' lang='lat' dir='ltr'><strong>nulla</strong></span> <span class='ocrx_word' id='word_1_406' title='bbox 563 4043 690 4096; x_wconf 81' lang='lat' dir='ltr'><strong>pars</strong></span> <span class='ocrx_word' id='word_1_407' title='bbox 719 4026 944 4080; x_wconf 86' lang='lat' dir='ltr'><strong>omnino</strong></span> <span class='ocrx_word' id='word_1_408' title='bbox 979 4026 1112 4081; x_wconf 91' lang='lat' dir='ltr'><strong>solis</strong></span> <span class='ocrx_word' id='word_1_409' title='bbox 1156 4026 1389 4081; x_wconf 91' lang='lat' dir='ltr'><strong>deﬁcere</strong></span> <span class='ocrx_word' id='word_1_410' title='bbox 1417 4025 1651 4079; x_wconf 88' lang='lat' dir='ltr'><strong>videtur.</strong></span> <span class='ocrx_word' id='word_1_411' title='bbox 1685 4023 1818 4078; x_wconf 88' lang='lat' dir='ltr'><strong>Nam</strong></span> <span class='ocrx_word' id='word_1_412' title='bbox 1849 4024 1943 4093; x_wconf 92' lang='lat' dir='ltr'><strong>qni</strong></span> 
     </span>
    </p>
   </div>
   <div class='ocr_carea' id='block_1_58' title="bbox 379 4115 1945 4188">
    <p class='ocr_par' dir='ltr' id='par_1_58' title="bbox 379 4115 1945 4188">
     <span class='ocr_line' id='line_1_58' title="bbox 379 4115 1945 4188; baseline -0.002 -15"><span class='ocrx_word' id='word_1_413' title='bbox 379 4119 627 4173; x_wconf 72' lang='lat' dir='ltr'><strong>habitant</strong></span> <span class='ocrx_word' id='word_1_414' title='bbox 682 4117 737 4171; x_wconf 90' lang='lat' dir='ltr'><strong>in</strong></span> <span class='ocrx_word' id='word_1_415' title='bbox 769 4116 1158 4188; x_wconf 89' lang='lat' dir='ltr'><strong>perpendiculo</strong></span> <span class='ocrx_word' id='word_1_416' title='bbox 1202 4116 1634 4186; x_wconf 88' lang='lat' dir='ltr'><strong>interpositionis</strong></span> <span class='ocrx_word' id='word_1_417' title='bbox 1662 4116 1825 4179; x_wconf 58' lang='lat' dir='ltr'><strong>lunai,</strong></span> <span class='ocrx_word' id='word_1_418' title='bbox 1859 4115 1945 4170; x_wconf 90' lang='lat' dir='ltr'><strong>his</strong></span> 
     </span>
    </p>
   </div>
   <div class='ocr_carea' id='block_1_59' title="bbox 375 4205 1945 4296">
    <p class='ocr_par' dir='ltr' id='par_1_59' title="bbox 375 4205 1945 4296">
     <span class='ocr_line' id='line_1_59' title="bbox 375 4205 1945 4296; baseline -0.004 -32"><span class='ocrx_word' id='word_1_419' title='bbox 375 4217 530 4264; x_wconf 83' lang='lat' dir='ltr'><strong>totus</strong></span> <span class='ocrx_word' id='word_1_420' title='bbox 564 4211 646 4296; x_wconf 66' lang='lat' dir='ltr'><strong>sol</strong></span> <span class='ocrx_word' id='word_1_421' title='bbox 677 4208 1082 4274; x_wconf 83' lang='lat' dir='ltr'><strong>absconditur;</strong></span> <span class='ocrx_word' id='word_1_422' title='bbox 1123 4208 1215 4277; x_wconf 90' lang='lat' dir='ltr'><strong>qni</strong></span> <span class='ocrx_word' id='word_1_423' title='bbox 1275 4222 1401 4262; x_wconf 90' lang='lat' dir='ltr'><strong>vero</strong></span> <span class='ocrx_word' id='word_1_424' title='bbox 1448 4214 1603 4260; x_wconf 81' lang='lat' dir='ltr'><strong>extra</strong></span> <span class='ocrx_word' id='word_1_425' title='bbox 1655 4205 1945 4276; x_wconf 84' lang='lat' dir='ltr'><strong>perpendi-</strong></span> 
     </span>
    </p>
   </div>
   <div class='ocr_carea' id='block_1_60' title="bbox 378 4296 1945 4370">
    <p class='ocr_par' dir='ltr' id='par_1_60' title="bbox 378 4296 1945 4370">
     <span class='ocr_line' id='line_1_60' title="bbox 378 4296 1945 4370; baseline -0.002 -14"><span class='ocrx_word' id='word_1_426' title='bbox 378 4301 563 4356; x_wconf 85' lang='lat' dir='ltr'><strong>culum</strong></span> <span class='ocrx_word' id='word_1_427' title='bbox 617 4308 824 4370; x_wconf 89' lang='lat' dir='ltr'><strong>partem</strong></span> <span class='ocrx_word' id='word_1_428' title='bbox 863 4300 1102 4368; x_wconf 89' lang='lat' dir='ltr'><strong>aliquam</strong></span> <span class='ocrx_word' id='word_1_429' title='bbox 1142 4298 1579 4368; x_wconf 86' lang='lat' dir='ltr'><strong>interpositionis</strong></span> <span class='ocrx_word' id='word_1_430' title='bbox 1603 4297 1827 4360; x_wconf 86' lang='lat' dir='ltr'><strong>habent,</strong></span> <span class='ocrx_word' id='word_1_431' title='bbox 1876 4296 1945 4353; x_wconf 89' lang='lat' dir='ltr'><strong>iis</strong></span> 
     </span>
    </p>
   </div>
   <div class='ocr_carea' id='block_1_61' title="bbox 378 4390 1946 4465">
    <p class='ocr_par' dir='ltr' id='par_1_61' title="bbox 378 4390 1946 4465">
     <span class='ocr_line' id='line_1_61' title="bbox 378 4390 1946 4465; baseline -0.003 -18"><span class='ocrx_word' id='word_1_432' title='bbox 378 4408 509 4465; x_wconf 86' lang='lat' dir='ltr'><strong>pars</strong></span> <span class='ocrx_word' id='word_1_433' title='bbox 539 4393 724 4462; x_wconf 86' lang='lat' dir='ltr'><strong>aliqua</strong></span> <span class='ocrx_word' id='word_1_434' title='bbox 749 4392 882 4447; x_wconf 90' lang='lat' dir='ltr'><strong>solis</strong></span> <span class='ocrx_word' id='word_1_435' title='bbox 916 4391 1149 4446; x_wconf 86' lang='lat' dir='ltr'><strong>deﬁcere</strong></span> <span class='ocrx_word' id='word_1_436' title='bbox 1201 4391 1450 4457; x_wconf 88' lang='lat' dir='ltr'><strong>videtur;</strong></span> <span class='ocrx_word' id='word_1_437' title='bbox 1495 4391 1593 4461; x_wconf 88' lang='lat' dir='ltr'><strong>qui</strong></span> <span class='ocrx_word' id='word_1_438' title='bbox 1615 4405 1743 4445; x_wconf 91' lang='lat' dir='ltr'><strong>vero</strong></span> <span class='ocrx_word' id='word_1_439' title='bbox 1769 4390 1946 4443; x_wconf 88' lang='lat' dir='ltr'><strong>omni-</strong></span> 
     </span>
    </p>
   </div>
   <div class='ocr_carea' id='block_1_62' title="bbox 2038 1965 3609 2045">
    <p class='ocr_par' dir='ltr' id='par_1_62' title="bbox 2038 1965 3609 2045">
     <span class='ocr_line' id='line_1_62' title="bbox 2038 1965 3609 2045; baseline -0.004 -19"><span class='ocrx_word' id='word_1_440' title='bbox 2038 1973 2267 2045; x_wconf 86' lang='grc' dir='ltr'>ταχίστη</span> <span class='ocrx_word' id='word_1_441' title='bbox 2320 1972 2418 2043; x_wconf 86' lang='grc' dir='ltr'><strong>μὲν</strong></span> <span class='ocrx_word' id='word_1_442' title='bbox 2449 1971 2574 2042; x_wconf 79' lang='grc' dir='ltr'>περὶ</span> <span class='ocrx_word' id='word_1_443' title='bbox 2601 1970 2698 2040; x_wconf 83' lang='grc' dir='ltr'><strong>τὴν</strong></span> <span class='ocrx_word' id='word_1_444' title='bbox 2731 1970 2918 2024; x_wconf 78' lang='grc' dir='ltr'>εἰκάδα</span> <span class='ocrx_word' id='word_1_445' title='bbox 2968 1970 3064 2022; x_wconf 77' lang='grc' dir='ltr'><strong>καὶ</strong></span> <span class='ocrx_word' id='word_1_446' title='bbox 3090 1967 3366 2039; x_wconf 83' lang='grc' dir='ltr'>πέμπτην,</span> <span class='ocrx_word' id='word_1_447' title='bbox 3413 1965 3609 2037; x_wconf 76' lang='grc' dir='ltr'>βραδυ-</span> 
     </span>
    </p>
   </div>
   <div class='ocr_carea' id='block_1_63' title="bbox 2041 2059 3604 2137">
    <p class='ocr_par' dir='ltr' id='par_1_63' title="bbox 2041 2059 3604 2137">
     <span class='ocr_line' id='line_1_63' title="bbox 2041 2059 3604 2137; baseline -0.006 -18"><span class='ocrx_word' id='word_1_448' title='bbox 2041 2066 2178 2137; x_wconf 85' lang='grc' dir='ltr'><strong>τάτη</strong></span> <span class='ocrx_word' id='word_1_449' title='bbox 2210 2065 2267 2118; x_wconf 86' lang='grc' dir='ltr'><strong>δὲ</strong></span> <span class='ocrx_word' id='word_1_450' title='bbox 2295 2063 2422 2135; x_wconf 68' lang='grc' dir='ltr'>περὶ</span> <span class='ocrx_word' id='word_1_451' title='bbox 2449 2062 2544 2134; x_wconf 78' lang='grc' dir='ltr'><strong>τὴν</strong></span> <span class='ocrx_word' id='word_1_452' title='bbox 2583 2061 2773 2116; x_wconf 78' lang='grc' dir='ltr'>εἰκάδα</span> <span class='ocrx_word' id='word_1_453' title='bbox 2797 2061 2891 2115; x_wconf 75' lang='grc' dir='ltr'>καὶ</span> <span class='ocrx_word' id='word_1_454' title='bbox 2923 2061 3108 2131; x_wconf 75' lang='grc' dir='ltr'><strong>ἕκτην.</strong></span> <span class='ocrx_word' id='word_1_455' title='bbox 3144 2059 3201 2113; x_wconf 88' lang='grc' dir='ltr'>Ὀ</span> <span class='ocrx_word' id='word_1_456' title='bbox 3226 2059 3282 2112; x_wconf 84' lang='grc' dir='ltr'><strong>δέ</strong></span> <span class='ocrx_word' id='word_1_457' title='bbox 3311 2059 3418 2120; x_wconf 79' lang='grc' dir='ltr'><strong>πᾶς</strong></span> <span class='ocrx_word' id='word_1_458' title='bbox 3446 2075 3604 2130; x_wconf 84' lang='grc' dir='ltr'>μηνι-</span> 
     </span>
    </p>
   </div>
   <div class='ocr_carea' id='block_1_64' title="bbox 2041 2149 3608 2228">
    <p class='ocr_par' dir='ltr' id='par_1_64' title="bbox 2041 2149 3608 2228">
     <span class='ocr_line' id='line_1_64' title="bbox 2041 2149 3608 2228; baseline -0.005 -18"><span class='ocrx_word' id='word_1_459' title='bbox 2041 2159 2156 2221; x_wconf 88' lang='grc' dir='ltr'>αῖος</span> <span class='ocrx_word' id='word_1_460' title='bbox 2173 2155 2358 2228; x_wconf 87' lang='grc' dir='ltr'>χρόνος</span> <span class='ocrx_word' id='word_1_461' title='bbox 2374 2155 2594 2226; x_wconf 86' lang='grc' dir='ltr'>ἡμερῶν</span> <span class='ocrx_word' id='word_1_462' title='bbox 2609 2155 2724 2207; x_wconf 87' lang='grc' dir='ltr'>ἐστι</span> <span class='ocrx_word' id='word_1_463' title='bbox 2740 2155 2818 2208; x_wconf 87' lang='grc' dir='ltr'><strong>κθ¹</strong></span> <span class='ocrx_word' id='word_1_464' title='bbox 2835 2153 2939 2224; x_wconf 66' lang='grc' dir='ltr'><strong>αίβ</strong></span> <span class='ocrx_word' id='word_1_465' title='bbox 2955 2152 3082 2224; x_wconf 65' lang='grc' dir='ltr'>αίγ’</span> <span class='ocrx_word' id='word_1_466' title='bbox 3101 2150 3332 2226; x_wconf 76' lang='grc' dir='ltr'>ἔστιγὰρ</span> <span class='ocrx_word' id='word_1_467' title='bbox 3352 2151 3460 2221; x_wconf 82' lang='grc' dir='ltr'><strong>μὴν</strong></span> <span class='ocrx_word' id='word_1_468' title='bbox 3477 2149 3608 2220; x_wconf 85' lang='grc' dir='ltr'>χρό-</span> 
     </span>
    </p>
   </div>
   <div class='ocr_carea' id='block_1_65' title="bbox 2041 2238 3610 2314">
    <p class='ocr_par' dir='ltr' id='par_1_65' title="bbox 2041 2238 3610 2314">
     <span class='ocr_line' id='line_1_65' title="bbox 2041 2238 3610 2314; baseline -0.005 -12"><span class='ocrx_word' id='word_1_469' title='bbox 2041 2267 2132 2312; x_wconf 93' lang='grc' dir='ltr'><strong>νος</strong></span> <span class='ocrx_word' id='word_1_470' title='bbox 2160 2248 2269 2303; x_wconf 81' lang='grc' dir='ltr'><strong>ἀπὸ</strong></span> <span class='ocrx_word' id='word_1_471' title='bbox 2291 2247 2511 2300; x_wconf 81' lang='grc' dir='ltr'>συνόδου</span> <span class='ocrx_word' id='word_1_472' title='bbox 2533 2248 2612 2310; x_wconf 83' lang='grc' dir='ltr'><strong>είς</strong></span> <span class='ocrx_word' id='word_1_473' title='bbox 2638 2247 2873 2310; x_wconf 82' lang='grc' dir='ltr'><strong>σύνοδον,</strong></span> <span class='ocrx_word' id='word_1_474' title='bbox 2909 2245 3015 2299; x_wconf 80' lang='grc' dir='ltr'><strong>ἀπὸ</strong></span> <span class='ocrx_word' id='word_1_475' title='bbox 3033 2245 3134 2314; x_wconf 83' lang='grc' dir='ltr'>τῆς</span> <span class='ocrx_word' id='word_1_476' title='bbox 3163 2244 3497 2312; x_wconf 78' lang='grc' dir='ltr'>πανσελήνου</span> <span class='ocrx_word' id='word_1_477' title='bbox 3515 2238 3610 2295; x_wconf 81' lang='grc' dir='ltr'>ἐπὶ</span> 
     </span>
    </p>
   </div>
   <div class='ocr_carea' id='block_1_66' title="bbox 2042 2325 3608 2414">
    <p class='ocr_par' dir='ltr' id='par_1_66' title="bbox 2042 2325 3608 2414">
     <span class='ocr_line' id='line_1_66' title="bbox 2042 2325 3608 2414; baseline -0.006 -17"><span class='ocrx_word' id='word_1_478' title='bbox 2042 2342 2140 2414; x_wconf 85' lang='grc' dir='ltr'><strong>τὴν</strong></span> <span class='ocrx_word' id='word_1_479' title='bbox 2172 2341 2523 2412; x_wconf 81' lang='grc' dir='ltr'>πανσέληνον·</span> <span class='ocrx_word' id='word_1_480' title='bbox 2559 2339 2770 2404; x_wconf 84' lang='grc' dir='ltr'>σύνοδος</span> <span class='ocrx_word' id='word_1_481' title='bbox 2796 2340 2854 2394; x_wconf 87' lang='grc' dir='ltr'>δέ</span> <span class='ocrx_word' id='word_1_482' title='bbox 2875 2341 2992 2393; x_wconf 80' lang='grc' dir='ltr'>ἐστι</span> <span class='ocrx_word' id='word_1_483' title='bbox 3018 2339 3226 2411; x_wconf 87' lang='grc' dir='ltr'>χρόνος,</span> <span class='ocrx_word' id='word_1_484' title='bbox 3258 2339 3314 2390; x_wconf 84' lang='grc' dir='ltr'><strong>ὲν</strong></span> <span class='ocrx_word' id='word_1_485' title='bbox 3335 2331 3379 2404; x_wconf 84' lang='grc' dir='ltr'><strong>ᾧ</strong></span> <span class='ocrx_word' id='word_1_486' title='bbox 3405 2325 3433 2390; x_wconf 80' lang='grc' dir='ltr'><strong>ό</strong></span> <span class='ocrx_word' id='word_1_487' title='bbox 3458 2335 3608 2406; x_wconf 83' lang='grc' dir='ltr'>ἥλιος</span> 
     </span>
    </p>
   </div>
   <div class='ocr_carea' id='block_1_67' title="bbox 2043 2433 3612 2507">
    <p class='ocr_par' dir='ltr' id='par_1_67' title="bbox 2043 2433 3612 2507">
     <span class='ocr_line' id='line_1_67' title="bbox 2043 2433 3612 2507; baseline -0.003 -19"><span class='ocrx_word' id='word_1_488' title='bbox 2043 2435 2137 2488; x_wconf 74' lang='grc' dir='ltr'><strong>καὶ</strong></span> <span class='ocrx_word' id='word_1_489' title='bbox 2167 2436 2200 2505; x_wconf 91' lang='grc' dir='ltr'><strong>ἡ</strong></span> <span class='ocrx_word' id='word_1_490' title='bbox 2229 2435 2422 2507; x_wconf 86' lang='grc' dir='ltr'>σελήνη</span> <span class='ocrx_word' id='word_1_491' title='bbox 2452 2435 2510 2486; x_wconf 83' lang='grc' dir='ltr'><strong>ὲν</strong></span> <span class='ocrx_word' id='word_1_492' title='bbox 2537 2437 2602 2506; x_wconf 80' lang='grc' dir='ltr'>τῇ</span> <span class='ocrx_word' id='word_1_493' title='bbox 2633 2435 2771 2506; x_wconf 75' lang='grc' dir='ltr'>αὐτῇ</span> <span class='ocrx_word' id='word_1_494' title='bbox 2807 2433 2969 2506; x_wconf 79' lang='grc' dir='ltr'>μοίρᾳ</span> <span class='ocrx_word' id='word_1_495' title='bbox 2989 2435 3248 2502; x_wconf 87' lang='grc' dir='ltr'>γίνονται.</span> <span class='ocrx_word' id='word_1_496' title='bbox 3269 2433 3444 2505; x_wconf 88' lang='grc' dir='ltr'>Ὅπερ</span> <span class='ocrx_word' id='word_1_497' title='bbox 3475 2447 3612 2502; x_wconf 87' lang='grc' dir='ltr'>συμ-</span> 
     </span>
    </p>
   </div>
   <div class='ocr_carea' id='block_1_68' title="bbox 2046 2525 2605 2598">
    <p class='ocr_par' dir='ltr' id='par_1_68' title="bbox 2046 2525 2605 2598">
     <span class='ocr_line' id='line_1_68' title="bbox 2046 2525 2605 2598; baseline -0.004 -18"><span class='ocrx_word' id='word_1_498' title='bbox 2046 2526 2218 2580; x_wconf 82' lang='grc' dir='ltr'>6αίνει</span> <span class='ocrx_word' id='word_1_499' title='bbox 2241 2529 2308 2598; x_wconf 77' lang='grc' dir='ltr'><strong>τῇ</strong></span> <span class='ocrx_word' id='word_1_500' title='bbox 2333 2525 2605 2598; x_wconf 85' lang='grc' dir='ltr'>τριακάδι.</span> 
     </span>
    </p>
   </div>
   <div class='ocr_carea' id='block_1_69' title="bbox 2568 2635 3082 2690">
    <p class='ocr_par' dir='ltr' id='par_1_69' title="bbox 2568 2635 3082 2690">
     <span class='ocr_line' id='line_1_69' title="bbox 2568 2635 3082 2690; baseline -0.002 0"><span class='ocrx_word' id='word_1_501' title='bbox 2568 2635 2958 2690; x_wconf 75' lang='grc' dir='ltr'><strong>ΚΕΦΑΛΛΙΟΝ</strong></span> <span class='ocrx_word' id='word_1_502' title='bbox 3000 2636 3082 2689; x_wconf 87' lang='lat' dir='ltr'><strong>H&#39;.</strong></span> 
     </span>
    </p>
   </div>
   <div class='ocr_carea' id='block_1_70' title="bbox 2450 2727 3191 2796">
    <p class='ocr_par' dir='ltr' id='par_1_70' title="bbox 2450 2727 3191 2796">
     <span class='ocr_line' id='line_1_70' title="bbox 2450 2727 3191 2796; baseline -0.004 -14"><span class='ocrx_word' id='word_1_503' title='bbox 2450 2728 2587 2794; x_wconf 79' lang='grc' dir='ltr'>Περὶ</span> <span class='ocrx_word' id='word_1_504' title='bbox 2633 2727 2960 2796; x_wconf 68' lang='grc' dir='ltr'>ἐκλείψεως</span> <span class='ocrx_word' id='word_1_505' title='bbox 2992 2727 3191 2795; x_wconf 77' lang='grc' dir='ltr'>ἡλίου.</span> 
     </span>
    </p>
   </div>
   <div class='ocr_carea' id='block_1_71' title="bbox 2112 2835 3615 2912">
    <p class='ocr_par' dir='ltr' id='par_1_71' title="bbox 2112 2835 3615 2912">
     <span class='ocr_line' id='line_1_71' title="bbox 2112 2835 3615 2912; baseline -0.004 -18"><span class='ocrx_word' id='word_1_506' title='bbox 2112 2841 2178 2894; x_wconf 77' lang='grc' dir='ltr'>Δί</span> <span class='ocrx_word' id='word_1_507' title='bbox 2204 2839 2296 2893; x_wconf 92' lang='grc' dir='ltr'><strong>τοῦ</strong></span> <span class='ocrx_word' id='word_1_508' title='bbox 2325 2839 2474 2912; x_wconf 90' lang='grc' dir='ltr'>ἡλίου</span> <span class='ocrx_word' id='word_1_509' title='bbox 2506 2838 2774 2907; x_wconf 72' lang='grc' dir='ltr'>ἐκλείψεις</span> <span class='ocrx_word' id='word_1_510' title='bbox 2825 2836 3066 2906; x_wconf 90' lang='grc' dir='ltr'>γίνονται</span> <span class='ocrx_word' id='word_1_511' title='bbox 3106 2838 3227 2888; x_wconf 84' lang='grc' dir='ltr'>κατ’</span> <span class='ocrx_word' id='word_1_512' title='bbox 3283 2835 3615 2908; x_wconf 84' lang='grc' dir='ltr'>ἐπιπρόσθη-</span> 
     </span>
    </p>
   </div>
   <div class='ocr_carea' id='block_1_72' title="bbox 2047 2926 3610 3001">
    <p class='ocr_par' dir='ltr' id='par_1_72' title="bbox 2047 2926 3610 3001">
     <span class='ocr_line' id='line_1_72' title="bbox 2047 2926 3610 3001; baseline -0.003 -18"><span class='ocrx_word' id='word_1_513' title='bbox 2047 2947 2130 2986; x_wconf 80' lang='grc' dir='ltr'>σιν</span> <span class='ocrx_word' id='word_1_514' title='bbox 2155 2931 2402 3001; x_wconf 82' lang='grc' dir='ltr'>σελήνης.</span> <span class='ocrx_word' id='word_1_515' title='bbox 2421 2929 2839 3001; x_wconf 89' lang='grc' dir='ltr'>Μετεωροτέρου</span> <span class='ocrx_word' id='word_1_516' title='bbox 2865 2927 2973 3000; x_wconf 83' lang='grc' dir='ltr'><strong>γὰρ</strong></span> <span class='ocrx_word' id='word_1_517' title='bbox 3001 2927 3300 3000; x_wconf 85' lang='grc' dir='ltr'>φερομένου</span> <span class='ocrx_word' id='word_1_518' title='bbox 3326 2926 3420 2980; x_wconf 86' lang='grc' dir='ltr'><strong>τοῦ</strong></span> <span class='ocrx_word' id='word_1_519' title='bbox 3435 2926 3610 2996; x_wconf 86' lang='grc' dir='ltr'>ἡλίου,</span> 
     </span>
    </p>
   </div>
   <div class='ocr_carea' id='block_1_73' title="bbox 2043 3017 3614 3093">
    <p class='ocr_par' dir='ltr' id='par_1_73' title="bbox 2043 3017 3614 3093">
     <span class='ocr_line' id='line_1_73' title="bbox 2043 3017 3614 3093; baseline -0.003 -18"><span class='ocrx_word' id='word_1_520' title='bbox 2043 3022 2429 3093; x_wconf 82' lang='grc' dir='ltr'>ταπεινοτέρας</span> <span class='ocrx_word' id='word_1_521' title='bbox 2456 3021 2514 3075; x_wconf 82' lang='grc' dir='ltr'>δὲ</span> <span class='ocrx_word' id='word_1_522' title='bbox 2563 3021 2662 3092; x_wconf 86' lang='grc' dir='ltr'><strong>τῆς</strong></span> <span class='ocrx_word' id='word_1_523' title='bbox 2700 3019 2958 3091; x_wconf 86' lang='grc' dir='ltr'><strong>σελήνης,</strong></span> <span class='ocrx_word' id='word_1_524' title='bbox 2985 3021 3110 3072; x_wconf 84' lang='grc' dir='ltr'>ὃταν</span> <span class='ocrx_word' id='word_1_525' title='bbox 3148 3017 3288 3073; x_wconf 80' lang='grc' dir='ltr'>κατὰ</span> <span class='ocrx_word' id='word_1_526' title='bbox 3318 3018 3415 3089; x_wconf 85' lang='grc' dir='ltr'><strong>τὴν</strong></span> <span class='ocrx_word' id='word_1_527' title='bbox 3444 3018 3614 3086; x_wconf 84' lang='grc' dir='ltr'>αὐτὴν</span> 
     </span>
    </p>
   </div>
   <div class='ocr_carea' id='block_1_74' title="bbox 2047 3111 3616 3187">
    <p class='ocr_par' dir='ltr' id='par_1_74' title="bbox 2047 3111 3616 3187">
     <span class='ocr_line' id='line_1_74' title="bbox 2047 3111 3616 3187; baseline -0.003 -19"><span class='ocrx_word' id='word_1_528' title='bbox 2047 3118 2238 3187; x_wconf 82' lang='grc' dir='ltr'>μοῖραν</span> <span class='ocrx_word' id='word_1_529' title='bbox 2253 3116 2472 3186; x_wconf 88' lang='grc' dir='ltr'>γένηται</span> <span class='ocrx_word' id='word_1_530' title='bbox 2505 3116 2534 3166; x_wconf 86' lang='grc' dir='ltr'>ὁ</span> <span class='ocrx_word' id='word_1_531' title='bbox 2561 3113 2709 3186; x_wconf 75' lang='grc' dir='ltr'>ἥλιος</span> <span class='ocrx_word' id='word_1_532' title='bbox 2729 3113 2823 3166; x_wconf 78' lang='grc' dir='ltr'><strong>καὶ</strong></span> <span class='ocrx_word' id='word_1_533' title='bbox 2845 3115 2877 3184; x_wconf 89' lang='grc' dir='ltr'><strong>ἡ</strong></span> <span class='ocrx_word' id='word_1_534' title='bbox 2913 3111 3128 3183; x_wconf 87' lang='grc' dir='ltr'>σελήνη,</span> <span class='ocrx_word' id='word_1_535' title='bbox 3153 3111 3616 3182; x_wconf 83' lang='grc' dir='ltr'>ὑποτροχάσασαὴ</span> 
     </span>
    </p>
   </div>
   <div class='ocr_carea' id='block_1_75' title="bbox 1971 3203 3620 3278">
    <p class='ocr_par' dir='ltr' id='par_1_75' title="bbox 1971 3203 3620 3278">
     <span class='ocr_line' id='line_1_75' title="bbox 1971 3203 3620 3278; baseline -0.001 -20"><span class='ocrx_word' id='word_1_536' title='bbox 1971 3221 2012 3278; x_wconf 77' lang='lat' dir='ltr'><strong><em>C</em></strong></span> <span class='ocrx_word' id='word_1_537' title='bbox 2049 3205 2244 3277; x_wconf 79' lang='grc' dir='ltr'>σελήνη</span> <span class='ocrx_word' id='word_1_538' title='bbox 2267 3205 2344 3276; x_wconf 80' lang='grc' dir='ltr'>τῷ</span> <span class='ocrx_word' id='word_1_539' title='bbox 2367 3205 2501 3276; x_wconf 87' lang='grc' dir='ltr'>ἡλίῳ</span> <span class='ocrx_word' id='word_1_540' title='bbox 2524 3205 2872 3276; x_wconf 82' lang='grc' dir='ltr'><strong>ἀντιφράττει</strong></span> <span class='ocrx_word' id='word_1_541' title='bbox 2895 3206 3016 3267; x_wconf 80' lang='grc' dir='ltr'>ταῖς</span> <span class='ocrx_word' id='word_1_542' title='bbox 3041 3204 3147 3257; x_wconf 82' lang='grc' dir='ltr'><strong>ἀπὸ</strong></span> <span class='ocrx_word' id='word_1_543' title='bbox 3166 3203 3259 3256; x_wconf 93' lang='grc' dir='ltr'><strong>τοῦ</strong></span> <span class='ocrx_word' id='word_1_544' title='bbox 3286 3203 3434 3274; x_wconf 85' lang='grc' dir='ltr'>ἡλίου</span> <span class='ocrx_word' id='word_1_545' title='bbox 3459 3221 3620 3274; x_wconf 86' lang='grc' dir='ltr'>φερο-</span> 
     </span>
    </p>
   </div>
   <div class='ocr_carea' id='block_1_76' title="bbox 2051 3294 3618 3369">
    <p class='ocr_par' dir='ltr' id='par_1_76' title="bbox 2051 3294 3618 3369">
     <span class='ocr_line' id='line_1_76' title="bbox 2051 3294 3618 3369; baseline -0.001 -19"><span class='ocrx_word' id='word_1_546' title='bbox 2051 3299 2240 3369; x_wconf 88' lang='grc' dir='ltr'>μέναις</span> <span class='ocrx_word' id='word_1_547' title='bbox 2272 3298 2462 3365; x_wconf 81' lang='grc' dir='ltr'>αὐγαῖς</span> <span class='ocrx_word' id='word_1_548' title='bbox 2489 3297 2622 3367; x_wconf 81' lang='grc' dir='ltr'>πρὸς</span> <span class='ocrx_word' id='word_1_549' title='bbox 2655 3297 2821 3366; x_wconf 77' lang='grc' dir='ltr'>ἡμᾶς.</span> <span class='ocrx_word' id='word_1_550' title='bbox 2858 3296 3057 3366; x_wconf 89' lang='grc' dir='ltr'>Διόπερ</span> <span class='ocrx_word' id='word_1_551' title='bbox 3079 3295 3200 3348; x_wconf 78' lang='grc' dir='ltr'>οὐδὲ</span> <span class='ocrx_word' id='word_1_552' title='bbox 3227 3295 3415 3365; x_wconf 79' lang='grc' dir='ltr'>ῥητέον</span> <span class='ocrx_word' id='word_1_553' title='bbox 3447 3294 3618 3356; x_wconf 71' lang='grc' dir='ltr'>αὑτὰς</span> 
     </span>
    </p>
   </div>
   <div class='ocr_carea' id='block_1_77' title="bbox 2044 3385 3620 3460">
    <p class='ocr_par' dir='ltr' id='par_1_77' title="bbox 2044 3385 3620 3460">
     <span class='ocr_line' id='line_1_77' title="bbox 2044 3385 3620 3460; baseline -0.002 -18"><span class='ocrx_word' id='word_1_554' title='bbox 2044 3389 2249 3460; x_wconf 85' lang='grc' dir='ltr'>κυρίως</span> <span class='ocrx_word' id='word_1_555' title='bbox 2280 3389 2568 3458; x_wconf 80' lang='grc' dir='ltr'>ἐκλείψεις,</span> <span class='ocrx_word' id='word_1_556' title='bbox 2617 3388 2732 3441; x_wconf 83' lang='grc' dir='ltr'>ἀλλ’</span> <span class='ocrx_word' id='word_1_557' title='bbox 2753 3387 3197 3459; x_wconf 87' lang='grc' dir='ltr'>ἐπιπροσθήσεις.</span> <span class='ocrx_word' id='word_1_558' title='bbox 3232 3385 3338 3439; x_wconf 89' lang='grc' dir='ltr'>Τοῦ</span> <span class='ocrx_word' id='word_1_559' title='bbox 3381 3387 3480 3457; x_wconf 81' lang='grc' dir='ltr'><strong>μὲν</strong></span> <span class='ocrx_word' id='word_1_560' title='bbox 3509 3386 3620 3457; x_wconf 85' lang='grc' dir='ltr'><strong>γὰρ</strong></span> 
     </span>
    </p>
   </div>
   <div class='ocr_carea' id='block_1_78' title="bbox 2049 3475 3620 3550">
    <p class='ocr_par' dir='ltr' id='par_1_78' title="bbox 2049 3475 3620 3550">
     <span class='ocr_line' id='line_1_78' title="bbox 2049 3475 3620 3550; baseline -0.002 -18"><span class='ocrx_word' id='word_1_561' title='bbox 2049 3481 2198 3550; x_wconf 83' lang='grc' dir='ltr'>ἡλίου</span> <span class='ocrx_word' id='word_1_562' title='bbox 2257 3480 2378 3534; x_wconf 83' lang='grc' dir='ltr'>οὐδέ</span> <span class='ocrx_word' id='word_1_563' title='bbox 2435 3479 2493 3532; x_wconf 81' lang='grc' dir='ltr'><strong>ἓν</strong></span> <span class='ocrx_word' id='word_1_564' title='bbox 2529 3480 2693 3550; x_wconf 87' lang='grc' dir='ltr'>μέρος</span> <span class='ocrx_word' id='word_1_565' title='bbox 2735 3478 2987 3532; x_wconf 83' lang='grc' dir='ltr'>οὐδέποτε</span> <span class='ocrx_word' id='word_1_566' title='bbox 3049 3477 3318 3547; x_wconf 82' lang='grc' dir='ltr'>ἐκλείψει·</span> <span class='ocrx_word' id='word_1_567' title='bbox 3377 3478 3512 3548; x_wconf 79' lang='grc' dir='ltr'>ἡμῖν</span> <span class='ocrx_word' id='word_1_568' title='bbox 3559 3475 3620 3530; x_wconf 79' lang='grc' dir='ltr'><strong>δὲ</strong></span> 
     </span>
    </p>
   </div>
   <div class='ocr_carea' id='block_1_79' title="bbox 2046 3568 3618 3644">
    <p class='ocr_par' dir='ltr' id='par_1_79' title="bbox 2046 3568 3618 3644">
     <span class='ocr_line' id='line_1_79' title="bbox 2046 3568 3618 3644; baseline -0.004 -18"><span class='ocrx_word' id='word_1_569' title='bbox 2046 3572 2355 3644; x_wconf 84' lang='grc' dir='ltr'>ἀθεώρητος</span> <span class='ocrx_word' id='word_1_570' title='bbox 2383 3573 2589 3640; x_wconf 84' lang='grc' dir='ltr'>γίνεται</span> <span class='ocrx_word' id='word_1_571' title='bbox 2621 3571 2709 3625; x_wconf 83' lang='grc' dir='ltr'><strong>διὰ</strong></span> <span class='ocrx_word' id='word_1_572' title='bbox 2765 3571 2862 3642; x_wconf 81' lang='grc' dir='ltr'><strong>τὴν</strong></span> <span class='ocrx_word' id='word_1_573' title='bbox 2892 3570 3284 3641; x_wconf 87' lang='grc' dir='ltr'>ὲπιπρόσθησιν</span> <span class='ocrx_word' id='word_1_574' title='bbox 3328 3569 3428 3639; x_wconf 81' lang='grc' dir='ltr'><strong>τῆς</strong></span> <span class='ocrx_word' id='word_1_575' title='bbox 3458 3568 3618 3639; x_wconf 87' lang='grc' dir='ltr'>σελή-</span> 
     </span>
    </p>
   </div>
   <div class='ocr_carea' id='block_1_80' title="bbox 2046 3660 3620 3735">
    <p class='ocr_par' dir='ltr' id='par_1_80' title="bbox 2046 3660 3620 3735">
     <span class='ocr_line' id='line_1_80' title="bbox 2046 3660 3620 3735; baseline -0.003 -19"><span class='ocrx_word' id='word_1_576' title='bbox 2046 3681 2163 3735; x_wconf 87' lang='grc' dir='ltr'>νης.</span> <span class='ocrx_word' id='word_1_577' title='bbox 2188 3665 2266 3716; x_wconf 87' lang='grc' dir='ltr'><strong>Δι’</strong></span> <span class='ocrx_word' id='word_1_578' title='bbox 2291 3663 2358 3732; x_wconf 78' lang='grc' dir='ltr'><strong>ἢν</strong></span> <span class='ocrx_word' id='word_1_579' title='bbox 2378 3662 2553 3716; x_wconf 76' lang='grc' dir='ltr'>αἰτίαν</span> <span class='ocrx_word' id='word_1_580' title='bbox 2581 3663 2687 3716; x_wconf 79' lang='grc' dir='ltr'>οὐδ’</span> <span class='ocrx_word' id='word_1_581' title='bbox 2724 3661 2832 3716; x_wconf 77' lang='grc' dir='ltr'>ἴσαι</span> <span class='ocrx_word' id='word_1_582' title='bbox 2867 3662 3026 3715; x_wconf 83' lang='grc' dir='ltr'>πάλιν</span> <span class='ocrx_word' id='word_1_583' title='bbox 3053 3664 3109 3716; x_wconf 81' lang='lat' dir='ltr'><strong>al</strong></span> <span class='ocrx_word' id='word_1_584' title='bbox 3145 3660 3414 3730; x_wconf 75' lang='grc' dir='ltr'>ἐκλείψεις</span> <span class='ocrx_word' id='word_1_585' title='bbox 3440 3661 3620 3729; x_wconf 90' lang='grc' dir='ltr'>γίνον-</span> 
     </span>
    </p>
   </div>
   <div class='ocr_carea' id='block_1_81' title="bbox 2046 3751 3615 3829">
    <p class='ocr_par' dir='ltr' id='par_1_81' title="bbox 2046 3751 3615 3829">
     <span class='ocr_line' id='line_1_81' title="bbox 2046 3751 3615 3829; baseline -0.001 -22"><span class='ocrx_word' id='word_1_586' title='bbox 2046 3772 2135 3807; x_wconf 88' lang='grc' dir='ltr'>ται</span> <span class='ocrx_word' id='word_1_587' title='bbox 2162 3772 2174 3784; x_wconf 90' lang='grc'><strong>·</strong></span> <span class='ocrx_word' id='word_1_588' title='bbox 2197 3755 2332 3807; x_wconf 84' lang='grc' dir='ltr'>ἀλλὰ</span> <span class='ocrx_word' id='word_1_589' title='bbox 2364 3755 2503 3809; x_wconf 86' lang='grc' dir='ltr'>κατὰ</span> <span class='ocrx_word' id='word_1_590' title='bbox 2530 3754 2626 3818; x_wconf 82' lang='grc' dir='ltr'><strong>τὰς</strong></span> <span class='ocrx_word' id='word_1_591' title='bbox 2655 3756 2762 3806; x_wconf 83' lang='grc' dir='ltr'>τῶν</span> <span class='ocrx_word' id='word_1_592' title='bbox 2785 3754 3062 3826; x_wconf 85' lang='grc' dir='ltr'>κλιμάτων</span> <span class='ocrx_word' id='word_1_593' title='bbox 3093 3753 3355 3829; x_wconf 81' lang='grc' dir='ltr'>διαφορὰς</span> <span class='ocrx_word' id='word_1_594' title='bbox 3383 3751 3615 3824; x_wconf 84' lang='grc' dir='ltr'>μεγάλαι</span> 
     </span>
    </p>
   </div>
   <div class='ocr_carea' id='block_1_82' title="bbox 2048 3843 3610 3917">
    <p class='ocr_par' dir='ltr' id='par_1_82' title="bbox 2048 3843 3610 3917">
     <span class='ocr_line' id='line_1_82' title="bbox 2048 3843 3610 3917; baseline -0.001 -19"><span class='ocrx_word' id='word_1_595' title='bbox 2048 3845 2394 3917; x_wconf 75' lang='grc' dir='ltr'>παραλλαγαὶ</span> <span class='ocrx_word' id='word_1_596' title='bbox 2411 3845 2650 3914; x_wconf 88' lang='grc' dir='ltr'>γίνονται</span> <span class='ocrx_word' id='word_1_597' title='bbox 2674 3863 2738 3897; x_wconf 85' lang='grc' dir='ltr'><strong>πε</strong></span> <span class='ocrx_word' id='word_1_598' title='bbox 2750 3845 2802 3916; x_wconf 77' lang='lat' dir='ltr'><strong>pl.</strong></span> <span class='ocrx_word' id='word_1_599' title='bbox 2830 3845 2900 3898; x_wconf 81' lang='grc' dir='ltr'><strong>τὰ</strong></span> <span class='ocrx_word' id='word_1_600' title='bbox 2931 3844 3134 3916; x_wconf 80' lang='grc' dir='ltr'>μεγέθη</span> <span class='ocrx_word' id='word_1_601' title='bbox 3168 3844 3277 3898; x_wconf 81' lang='grc' dir='ltr'><strong>τῶν</strong></span> <span class='ocrx_word' id='word_1_602' title='bbox 3300 3843 3610 3914; x_wconf 82' lang='grc' dir='ltr'>ἐκλείψεων.</span> 
     </span>
    </p>
   </div>
   <div class='ocr_carea' id='block_1_83' title="bbox 2045 3931 3618 4008">
    <p class='ocr_par' dir='ltr' id='par_1_83' title="bbox 2045 3931 3618 4008">
     <span class='ocr_line' id='line_1_83' title="bbox 2045 3931 3618 4008; baseline 0 -19"><span class='ocrx_word' id='word_1_603' title='bbox 2045 3937 2199 3990; x_wconf 71' lang='grc' dir='ltr'>Κατὰ</span> <span class='ocrx_word' id='word_1_604' title='bbox 2235 3937 2341 4008; x_wconf 81' lang='grc' dir='ltr'>γὰρ</span> <span class='ocrx_word' id='word_1_605' title='bbox 2363 3936 2452 3989; x_wconf 83' lang='grc' dir='ltr'><strong>τόν</strong></span> <span class='ocrx_word' id='word_1_606' title='bbox 2475 3937 2634 3991; x_wconf 76' lang='grc' dir='ltr'>αὐτὸν</span> <span class='ocrx_word' id='word_1_607' title='bbox 2663 3938 2850 4008; x_wconf 89' lang='grc' dir='ltr'>χρόνον</span> <span class='ocrx_word' id='word_1_608' title='bbox 2878 3937 2990 4006; x_wconf 75' lang='grc'><strong>(45)</strong></span> <span class='ocrx_word' id='word_1_609' title='bbox 3020 3931 3102 3999; x_wconf 79' lang='grc' dir='ltr'>οἷς</span> <span class='ocrx_word' id='word_1_610' title='bbox 3138 3936 3235 4006; x_wconf 85' lang='grc' dir='ltr'>μὲν</span> <span class='ocrx_word' id='word_1_611' title='bbox 3263 3936 3381 3999; x_wconf 85' lang='grc' dir='ltr'>ὅλος</span> <span class='ocrx_word' id='word_1_612' title='bbox 3407 3937 3436 3988; x_wconf 88' lang='grc' dir='ltr'><strong>ό</strong></span> <span class='ocrx_word' id='word_1_613' title='bbox 3467 3936 3618 4007; x_wconf 76' lang='grc' dir='ltr'>ἥλιος</span> 
     </span>
    </p>
   </div>
   <div class='ocr_carea' id='block_1_84' title="bbox 2044 4023 3615 4099">
    <p class='ocr_par' dir='ltr' id='par_1_84' title="bbox 2044 4023 3615 4099">
     <span class='ocr_line' id='line_1_84' title="bbox 2044 4023 3615 4099; baseline 0.001 -19"><span class='ocrx_word' id='word_1_614' title='bbox 2044 4029 2304 4090; x_wconf 81' lang='grc' dir='ltr'>ἐκλείπει,</span> <span class='ocrx_word' id='word_1_615' title='bbox 2323 4023 2400 4091; x_wconf 77' lang='grc' dir='ltr'>οἷς</span> <span class='ocrx_word' id='word_1_616' title='bbox 2414 4028 2470 4080; x_wconf 85' lang='grc' dir='ltr'>δὲ</span> <span class='ocrx_word' id='word_1_617' title='bbox 2483 4029 2543 4081; x_wconf 80' lang='grc' dir='ltr'><strong>τὸ</strong></span> <span class='ocrx_word' id='word_1_618' title='bbox 2558 4029 2746 4099; x_wconf 79' lang='grc' dir='ltr'>ἥμισυ,</span> <span class='ocrx_word' id='word_1_619' title='bbox 2761 4023 2840 4092; x_wconf 78' lang='grc' dir='ltr'>οἷς</span> <span class='ocrx_word' id='word_1_620' title='bbox 2855 4029 2910 4082; x_wconf 83' lang='grc' dir='ltr'>δὲ</span> <span class='ocrx_word' id='word_1_621' title='bbox 2929 4028 2988 4080; x_wconf 78' lang='grc' dir='ltr'>τὸ</span> <span class='ocrx_word' id='word_1_622' title='bbox 3004 4027 3221 4081; x_wconf 71' lang='grc' dir='ltr'>ἔλαττον</span> <span class='ocrx_word' id='word_1_623' title='bbox 3237 4028 3329 4080; x_wconf 90' lang='grc' dir='ltr'><strong>τοῦ</strong></span> <span class='ocrx_word' id='word_1_624' title='bbox 3347 4027 3588 4099; x_wconf 87' lang='grc' dir='ltr'>ἡμίσεως</span> <span class='ocrx_word' id='word_1_625' title='bbox 3600 4044 3615 4058; x_wconf 76' lang='grc' dir='ltr'><strong>ο</strong></span> 
     </span>
    </p>
   </div>
   <div class='ocr_carea' id='block_1_85' title="bbox 2044 4115 3619 4192">
    <p class='ocr_par' dir='ltr' id='par_1_85' title="bbox 2044 4115 3619 4192">
     <span class='ocr_line' id='line_1_85' title="bbox 2044 4115 3619 4192; baseline -0.001 -20"><span class='ocrx_word' id='word_1_626' title='bbox 2044 4115 2125 4183; x_wconf 78' lang='grc' dir='ltr'>οἷς</span> <span class='ocrx_word' id='word_1_627' title='bbox 2141 4120 2196 4172; x_wconf 83' lang='grc' dir='ltr'>δὲ</span> <span class='ocrx_word' id='word_1_628' title='bbox 2208 4119 2304 4190; x_wconf 84' lang='grc' dir='ltr'>τὴν</span> <span class='ocrx_word' id='word_1_629' title='bbox 2329 4120 2501 4190; x_wconf 78' lang='grc' dir='ltr'>ἀρχὴν</span> <span class='ocrx_word' id='word_1_630' title='bbox 2529 4121 2682 4174; x_wconf 75' lang='grc' dir='ltr'>οὐδὲν</span> <span class='ocrx_word' id='word_1_631' title='bbox 2700 4121 2864 4192; x_wconf 90' lang='grc' dir='ltr'>μέρος</span> <span class='ocrx_word' id='word_1_632' title='bbox 2879 4121 2972 4173; x_wconf 93' lang='grc' dir='ltr'><strong>τοῦ</strong></span> <span class='ocrx_word' id='word_1_633' title='bbox 2992 4119 3142 4190; x_wconf 84' lang='grc' dir='ltr'>ἡλίου</span> <span class='ocrx_word' id='word_1_634' title='bbox 3159 4119 3466 4182; x_wconf 85' lang='grc' dir='ltr'>ἐκλελοιπὸς</span> <span class='ocrx_word' id='word_1_635' title='bbox 3483 4118 3619 4172; x_wconf 71' lang='grc' dir='ltr'>θεωο</span> 
     </span>
    </p>
   </div>
   <div class='ocr_carea' id='block_1_86' title="bbox 2051 4211 3620 4283">
    <p class='ocr_par' dir='ltr' id='par_1_86' title="bbox 2051 4211 3620 4283">
     <span class='ocr_line' id='line_1_86' title="bbox 2051 4211 3620 4283; baseline -0.001 -19"><span class='ocrx_word' id='word_1_636' title='bbox 2051 4215 2241 4283; x_wconf 89' lang='grc' dir='ltr'>ρεῖται.</span> <span class='ocrx_word' id='word_1_637' title='bbox 2276 4214 2428 4265; x_wconf 86' lang='grc' dir='ltr'>Ὅσοι</span> <span class='ocrx_word' id='word_1_638' title='bbox 2457 4213 2552 4282; x_wconf 83' lang='grc' dir='ltr'>μὲν</span> <span class='ocrx_word' id='word_1_639' title='bbox 2575 4211 2682 4283; x_wconf 84' lang='grc' dir='ltr'><strong>γὰρ</strong></span> <span class='ocrx_word' id='word_1_640' title='bbox 2709 4213 2849 4266; x_wconf 86' lang='grc' dir='ltr'>κατὰ</span> <span class='ocrx_word' id='word_1_641' title='bbox 2869 4211 3093 4266; x_wconf 79' lang='grc' dir='ltr'>κάθετον</span> <span class='ocrx_word' id='word_1_642' title='bbox 3127 4211 3334 4266; x_wconf 77' lang='grc' dir='ltr'>οἰκοῦσι</span> <span class='ocrx_word' id='word_1_643' title='bbox 3368 4213 3466 4283; x_wconf 82' lang='grc' dir='ltr'><strong>τῆς</strong></span> <span class='ocrx_word' id='word_1_644' title='bbox 3501 4214 3620 4264; x_wconf 85' lang='grc' dir='ltr'>ἐπι-</span> 
     </span>
    </p>
   </div>
   <div class='ocr_carea' id='block_1_87' title="bbox 2053 4303 3624 4378">
    <p class='ocr_par' dir='ltr' id='par_1_87' title="bbox 2053 4303 3624 4378">
     <span class='ocr_line' id='line_1_87' title="bbox 2053 4303 3624 4378; baseline 0 -21"><span class='ocrx_word' id='word_1_645' title='bbox 2053 4305 2422 4376; x_wconf 83' lang='grc' dir='ltr'>ποοσθὴσεως,</span> <span class='ocrx_word' id='word_1_646' title='bbox 2448 4305 2657 4368; x_wconf 81' lang='grc' dir='ltr'>τούτοις</span> <span class='ocrx_word' id='word_1_647' title='bbox 2684 4305 2804 4369; x_wconf 87' lang='grc' dir='ltr'>ὃλος</span> <span class='ocrx_word' id='word_1_648' title='bbox 2826 4305 3136 4378; x_wconf 81' lang='grc' dir='ltr'>ἀθεώρητος</span> <span class='ocrx_word' id='word_1_649' title='bbox 3155 4306 3363 4376; x_wconf 86' lang='grc' dir='ltr'>γίνεται</span> <span class='ocrx_word' id='word_1_650' title='bbox 3389 4306 3418 4357; x_wconf 82' lang='grc' dir='ltr'>ὁ</span> <span class='ocrx_word' id='word_1_651' title='bbox 3454 4303 3624 4375; x_wconf 75' lang='grc' dir='ltr'>ἥλιος·</span> 
     </span>
    </p>
   </div>
   <div class='ocr_carea' id='block_1_88' title="bbox 2046 4395 3629 4470">
    <p class='ocr_par' dir='ltr' id='par_1_88' title="bbox 2046 4395 3629 4470">
     <span class='ocr_line' id='line_1_88' title="bbox 2046 4395 3629 4470; baseline -0.001 -21"><span class='ocrx_word' id='word_1_652' title='bbox 2046 4401 2160 4461; x_wconf 87' lang='grc' dir='ltr'>τοῖς</span> <span class='ocrx_word' id='word_1_653' title='bbox 2190 4397 2246 4450; x_wconf 85' lang='grc' dir='ltr'>δὲ</span> <span class='ocrx_word' id='word_1_654' title='bbox 2282 4397 2386 4462; x_wconf 82' lang='grc' dir='ltr'>ἐξω</span> <span class='ocrx_word' id='word_1_655' title='bbox 2430 4397 2595 4469; x_wconf 87' lang='grc' dir='ltr'>μέρος</span> <span class='ocrx_word' id='word_1_656' title='bbox 2621 4415 2673 4450; x_wconf 90' lang='grc' dir='ltr'>τι</span> <span class='ocrx_word' id='word_1_657' title='bbox 2706 4398 2806 4467; x_wconf 76' lang='grc' dir='ltr'><strong>τῆς</strong></span> <span class='ocrx_word' id='word_1_658' title='bbox 2840 4399 3287 4470; x_wconf 81' lang='grc' dir='ltr'>ἐπιπροσθὴσεως</span> <span class='ocrx_word' id='word_1_659' title='bbox 3317 4397 3499 4467; x_wconf 77' lang='grc' dir='ltr'>ἔχουσι</span> <span class='ocrx_word' id='word_1_660' title='bbox 3532 4395 3629 4466; x_wconf 87' lang='grc' dir='ltr'><strong>μὲ-</strong></span> 
     </span>
    </p>
   </div>
   <div class='ocr_carea' id='block_1_89' title="bbox 376 4480 1942 4560">
    <p class='ocr_par' dir='ltr' id='par_1_89' title="bbox 376 4480 1942 4552">
     <span class='ocr_line' id='line_1_89' title="bbox 376 4480 1942 4552; baseline -0.004 -11"><span class='ocrx_word' id='word_1_661' title='bbox 376 4500 448 4541; x_wconf 91' lang='lat' dir='ltr'><strong>no</strong></span> <span class='ocrx_word' id='word_1_662' title='bbox 477 4492 630 4540; x_wconf 72' lang='lat' dir='ltr'><strong>extra</strong></span> <span class='ocrx_word' id='word_1_663' title='bbox 669 4482 1136 4552; x_wconf 88' lang='lat' dir='ltr'><strong>interpositionem</strong></span> <span class='ocrx_word' id='word_1_664' title='bbox 1187 4482 1455 4545; x_wconf 88' lang='lat' dir='ltr'><strong>habitant,</strong></span> <span class='ocrx_word' id='word_1_665' title='bbox 1502 4481 1590 4536; x_wconf 88' lang='lat' dir='ltr'><strong>his</strong></span> <span class='ocrx_word' id='word_1_666' title='bbox 1631 4480 1779 4538; x_wconf 86' lang='lat' dir='ltr'><strong>nulla</strong></span> <span class='ocrx_word' id='word_1_667' title='bbox 1819 4493 1942 4548; x_wconf 89' lang='lat' dir='ltr'><strong>pars</strong></span> 
     </span>
    </p>
   </div>
   <div class='ocr_carea' id='block_1_90' title="bbox 2046 4480 3632 4560">
    <p class='ocr_par' dir='ltr' id='par_1_90' title="bbox 2057 4485 3632 4560">
     <span class='ocr_line' id='line_1_90' title="bbox 2057 4485 3632 4560; baseline -0.001 -20"><span class='ocrx_word' id='word_1_668' title='bbox 2057 4507 2144 4560; x_wconf 86' lang='grc' dir='ltr'><strong>ρος</strong></span> <span class='ocrx_word' id='word_1_669' title='bbox 2174 4507 2230 4541; x_wconf 93' lang='grc' dir='ltr'>τι</span> <span class='ocrx_word' id='word_1_670' title='bbox 2257 4488 2352 4542; x_wconf 91' lang='grc' dir='ltr'><strong>τοῦ</strong></span> <span class='ocrx_word' id='word_1_671' title='bbox 2395 4488 2548 4558; x_wconf 83' lang='grc' dir='ltr'>ἡλίου</span> <span class='ocrx_word' id='word_1_672' title='bbox 2597 4487 2907 4552; x_wconf 76' lang='grc' dir='ltr'>ἐκλελοιπὸς</span> <span class='ocrx_word' id='word_1_673' title='bbox 2955 4489 3210 4559; x_wconf 85' lang='grc' dir='ltr'>βλέπεται</span> <span class='ocrx_word' id='word_1_674' title='bbox 3230 4505 3244 4518; x_wconf 72' lang='grc' dir='ltr'><strong>ο</strong></span> <span class='ocrx_word' id='word_1_675' title='bbox 3293 4490 3407 4551; x_wconf 81' lang='grc' dir='ltr'>τοῖς</span> <span class='ocrx_word' id='word_1_676' title='bbox 3437 4487 3492 4541; x_wconf 79' lang='grc' dir='ltr'>δὲ</span> <span class='ocrx_word' id='word_1_677' title='bbox 3526 4485 3632 4551; x_wconf 75' lang='grc' dir='ltr'><strong>ἔξω</strong></span> 
     </span>
    </p>
   </div>
   <div class='ocr_carea' id='block_1_91' title="bbox 377 4558 1942 4651">
    <p class='ocr_par' dir='ltr' id='par_1_91' title="bbox 377 4573 1942 4642">
     <span class='ocr_line' id='line_1_91' title="bbox 377 4573 1942 4642; baseline -0.004 -12"><span class='ocrx_word' id='word_1_678' title='bbox 377 4577 513 4630; x_wconf 87' lang='lat' dir='ltr'><strong>solis</strong></span> <span class='ocrx_word' id='word_1_679' title='bbox 569 4575 774 4630; x_wconf 88' lang='lat' dir='ltr'><strong>deﬁcit.</strong></span> <span class='ocrx_word' id='word_1_680' title='bbox 831 4574 986 4642; x_wconf 85' lang='lat' dir='ltr'><strong>Quod</strong></span> <span class='ocrx_word' id='word_1_681' title='bbox 1036 4582 1218 4629; x_wconf 91' lang='lat' dir='ltr'><strong>autem</strong></span> <span class='ocrx_word' id='word_1_682' title='bbox 1247 4576 1550 4630; x_wconf 90' lang='lat' dir='ltr'><strong>secundum</strong></span> <span class='ocrx_word' id='word_1_683' title='bbox 1603 4573 1942 4642; x_wconf 76' lang='lat' dir='ltr'><strong>interjectum</strong></span> 
     </span>
    </p>
   </div>
   <div class='ocr_carea' id='block_1_92' title="bbox 2046 4558 3634 4651">
    <p class='ocr_par' dir='ltr' id='par_1_92' title="bbox 2053 4558 3634 4651">
     <span class='ocr_line' id='line_1_92' title="bbox 2053 4558 3634 4651; baseline -0.001 -18"><span class='ocrx_word' id='word_1_684' title='bbox 2053 4558 2357 4651; x_wconf 62' lang='grc' dir='ltr'>ὁλοσχερῶς</span> <span class='ocrx_word' id='word_1_685' title='bbox 2385 4580 2484 4650; x_wconf 78' lang='grc' dir='ltr'>τῆς</span> <span class='ocrx_word' id='word_1_686' title='bbox 2523 4558 2968 4651; x_wconf 84' lang='grc' dir='ltr'>ἐπιπροσθήσεως</span> <span class='ocrx_word' id='word_1_687' title='bbox 3004 4580 3241 4634; x_wconf 89' lang='grc' dir='ltr'>οίκοῦσιν</span> <span class='ocrx_word' id='word_1_688' title='bbox 3276 4580 3427 4633; x_wconf 78' lang='grc' dir='ltr'>οὐδὲν</span> <span class='ocrx_word' id='word_1_689' title='bbox 3469 4579 3634 4649; x_wconf 89' lang='grc' dir='ltr'>μέρος</span> 
     </span>
    </p>
   </div>
   <div class='ocr_carea' id='block_1_93' title="bbox 378 4667 1947 4738">
    <p class='ocr_par' dir='ltr' id='par_1_93' title="bbox 378 4667 1947 4738">
     <span class='ocr_line' id='line_1_93' title="bbox 378 4667 1947 4738; baseline -0.002 -19"><span class='ocrx_word' id='word_1_690' title='bbox 378 4667 528 4736; x_wconf 80' lang='lat' dir='ltr'><strong>lunae</strong></span> <span class='ocrx_word' id='word_1_691' title='bbox 549 4669 629 4723; x_wconf 91' lang='lat' dir='ltr'><strong>sol</strong></span> <span class='ocrx_word' id='word_1_692' title='bbox 657 4667 898 4730; x_wconf 87' lang='lat' dir='ltr'><strong>deﬁciat,</strong></span> <span class='ocrx_word' id='word_1_693' title='bbox 947 4668 1246 4722; x_wconf 74' lang='lat' dir='ltr'><strong>maximum</strong></span> <span class='ocrx_word' id='word_1_694' title='bbox 1287 4675 1373 4723; x_wconf 84' lang='lat' dir='ltr'><strong>est</strong></span> <span class='ocrx_word' id='word_1_695' title='bbox 1403 4675 1808 4738; x_wconf 83' lang='lat' dir='ltr'><strong>argumentum,</strong></span> <span class='ocrx_word' id='word_1_696' title='bbox 1838 4679 1947 4717; x_wconf 89' lang='lat' dir='ltr'><strong>non</strong></span> 
     </span>
    </p>
   </div>
   <div class='ocr_carea' id='block_1_94' title="bbox 380 4757 1946 4828">
    <p class='ocr_par' dir='ltr' id='par_1_94' title="bbox 380 4757 1946 4828">
     <span class='ocr_line' id='line_1_94' title="bbox 380 4757 1946 4828; baseline -0.004 -14"><span class='ocrx_word' id='word_1_697' title='bbox 380 4760 496 4814; x_wconf 86' lang='lat' dir='ltr'><strong>ﬁeri</strong></span> <span class='ocrx_word' id='word_1_698' title='bbox 521 4760 574 4813; x_wconf 91' lang='lat' dir='ltr'><strong>in</strong></span> <span class='ocrx_word' id='word_1_699' title='bbox 617 4761 722 4813; x_wconf 87' lang='lat' dir='ltr'><strong>alio</strong></span> <span class='ocrx_word' id='word_1_700' title='bbox 745 4759 833 4814; x_wconf 90' lang='lat' dir='ltr'><strong>die</strong></span> <span class='ocrx_word' id='word_1_701' title='bbox 870 4760 1127 4828; x_wconf 89' lang='lat' dir='ltr'><strong>eclipses,</strong></span> <span class='ocrx_word' id='word_1_702' title='bbox 1176 4759 1284 4816; x_wconf 89' lang='lat' dir='ltr'><strong>nisi</strong></span> <span class='ocrx_word' id='word_1_703' title='bbox 1320 4767 1532 4813; x_wconf 89' lang='lat' dir='ltr'><strong>tantum</strong></span> <span class='ocrx_word' id='word_1_704' title='bbox 1567 4760 1621 4812; x_wconf 89' lang='lat' dir='ltr'><strong>in</strong></span> <span class='ocrx_word' id='word_1_705' title='bbox 1645 4757 1946 4818; x_wconf 90' lang='lat' dir='ltr'><strong>tricesimo,</strong></span> 
     </span>
    </p>
   </div>
   <div class='ocr_carea' id='block_1_95' title="bbox 374 4850 1949 4922">
    <p class='ocr_par' dir='ltr' id='par_1_95' title="bbox 374 4850 1949 4922">
     <span class='ocr_line' id='line_1_95' title="bbox 374 4850 1949 4922; baseline -0.003 -16"><span class='ocrx_word' id='word_1_706' title='bbox 374 4867 499 4906; x_wconf 80' lang='lat' dir='ltr'><strong>cum</strong></span> <span class='ocrx_word' id='word_1_707' title='bbox 533 4853 658 4905; x_wconf 89' lang='lat' dir='ltr'><strong>luna</strong></span> <span class='ocrx_word' id='word_1_708' title='bbox 686 4852 1036 4922; x_wconf 78' lang='lat' dir='ltr'><strong>conjungitur</strong></span> <span class='ocrx_word' id='word_1_709' title='bbox 1062 4867 1185 4906; x_wconf 88' lang='lat' dir='ltr'><strong>onm</strong></span> <span class='ocrx_word' id='word_1_710' title='bbox 1211 4852 1365 4919; x_wconf 91' lang='lat' dir='ltr'><strong>sole;</strong></span> <span class='ocrx_word' id='word_1_711' title='bbox 1399 4861 1453 4906; x_wconf 91' lang='lat' dir='ltr'><strong>et</strong></span> <span class='ocrx_word' id='word_1_712' title='bbox 1483 4851 1610 4905; x_wconf 89' lang='lat' dir='ltr'><strong>hinc</strong></span> <span class='ocrx_word' id='word_1_713' title='bbox 1658 4850 1798 4904; x_wconf 90' lang='lat' dir='ltr'><strong>idem</strong></span> <span class='ocrx_word' id='word_1_714' title='bbox 1856 4863 1949 4903; x_wconf 80' lang='lat' dir='ltr'><strong>co-</strong></span> 
     </span>
    </p>
   </div>
   <div class='ocr_carea' id='block_1_96' title="bbox 375 4942 1947 5013">
    <p class='ocr_par' dir='ltr' id='par_1_96' title="bbox 375 4942 1947 5013">
     <span class='ocr_line' id='line_1_96' title="bbox 375 4942 1947 5013; baseline -0.001 -17"><span class='ocrx_word' id='word_1_715' title='bbox 375 4943 661 5009; x_wconf 71' lang='lat' dir='ltr'><strong>gnoscitur</strong></span> <span class='ocrx_word' id='word_1_716' title='bbox 685 4983 700 5004; x_wconf 85' lang='lat'><strong>,</strong></span> <span class='ocrx_word' id='word_1_717' title='bbox 724 4943 868 5012; x_wconf 92' lang='lat' dir='ltr'><strong>quod</strong></span> <span class='ocrx_word' id='word_1_718' title='bbox 903 4958 1004 5013; x_wconf 91' lang='lat' dir='ltr'><strong>pro</strong></span> <span class='ocrx_word' id='word_1_719' title='bbox 1026 4944 1236 4999; x_wconf 85' lang='lat' dir='ltr'><strong>ratione</strong></span> <span class='ocrx_word' id='word_1_720' title='bbox 1262 4944 1506 4998; x_wconf 83' lang='lat' dir='ltr'><strong>locorum</strong></span> <span class='ocrx_word' id='word_1_721' title='bbox 1545 4942 1947 5012; x_wconf 80' lang='lat' dir='ltr'><strong>magnitudines</strong></span> 
     </span>
    </p>
   </div>
   <div class='ocr_carea' id='block_1_97' title="bbox 375 5032 848 5103">
    <p class='ocr_par' dir='ltr' id='par_1_97' title="bbox 375 5032 848 5103">
     <span class='ocr_line' id='line_1_97' title="bbox 375 5032 848 5103; baseline -0.002 -16"><span class='ocrx_word' id='word_1_722' title='bbox 375 5032 666 5103; x_wconf 89' lang='lat' dir='ltr'><strong>eclipsium</strong></span> <span class='ocrx_word' id='word_1_723' title='bbox 697 5035 848 5086; x_wconf 88' lang='lat' dir='ltr'><strong>ﬁant.</strong></span> 
     </span>
    </p>
   </div>
   <div class='ocr_carea' id='block_1_98' title="bbox 468 5275 1682 5348">
    <p class='ocr_par' dir='ltr' id='par_1_98' title="bbox 468 5275 1682 5348">
     <span class='ocr_line' id='line_1_98' title="bbox 468 5275 1682 5348; baseline -0.002 -16"><span class='ocrx_word' id='word_1_724' title='bbox 468 5276 513 5306; x_wconf 72' lang='grc'>⁸⁸</span> <span class='ocrx_word' id='word_1_725' title='bbox 548 5277 589 5345; x_wconf 82' lang='lat' dir='ltr'><strong>f.</strong></span> <span class='ocrx_word' id='word_1_726' title='bbox 620 5277 709 5330; x_wconf 86' lang='grc' dir='ltr'><strong>ὁτὲ</strong></span> <span class='ocrx_word' id='word_1_727' title='bbox 738 5275 837 5348; x_wconf 86' lang='grc' dir='ltr'><strong>μὲν</strong></span> <span class='ocrx_word' id='word_1_728' title='bbox 861 5275 1109 5348; x_wconf 87' lang='grc' dir='ltr'>ταχίστη,</span> <span class='ocrx_word' id='word_1_729' title='bbox 1138 5285 1193 5331; x_wconf 92' lang='lat' dir='ltr'><strong>et</strong></span> <span class='ocrx_word' id='word_1_730' title='bbox 1223 5291 1346 5332; x_wconf 83' lang='lat' dir='ltr'><strong>mox</strong></span> <span class='ocrx_word' id='word_1_731' title='bbox 1379 5276 1682 5348; x_wconf 82' lang='grc' dir='ltr'>βραδυτάτη</span> 
     </span>
    </p>
   </div>
   <div class='ocr_carea' id='block_1_99' title="bbox 449 5431 1958 5504">
    <p class='ocr_par' dir='ltr' id='par_1_99' title="bbox 449 5431 1958 5504">
     <span class='ocr_line' id='line_1_99' title="bbox 449 5431 1958 5504; baseline -0.001 -17"><span class='ocrx_word' id='word_1_732' title='bbox 449 5431 562 5502; x_wconf 74' lang='grc'><strong>(45)</strong></span> <span class='ocrx_word' id='word_1_733' title='bbox 599 5432 764 5504; x_wconf 81' lang='grc' dir='ltr'>Κατὰ</span> <span class='ocrx_word' id='word_1_734' title='bbox 799 5433 910 5504; x_wconf 73' lang='grc' dir='ltr'>γὰρ</span> <span class='ocrx_word' id='word_1_735' title='bbox 944 5433 1054 5488; x_wconf 77' lang='grc' dir='ltr'><strong>τὸν</strong></span> <span class='ocrx_word' id='word_1_736' title='bbox 1078 5433 1266 5489; x_wconf 81' lang='grc' dir='ltr'><strong>αὐτὸν</strong></span> <span class='ocrx_word' id='word_1_737' title='bbox 1294 5435 1535 5504; x_wconf 76' lang='grc' dir='ltr'>χρόνον.</span> <span class='ocrx_word' id='word_1_738' title='bbox 1582 5434 1827 5489; x_wconf 83' lang='grc' dir='ltr'><strong>Τοιυεηε</strong></span> <span class='ocrx_word' id='word_1_739' title='bbox 1876 5434 1958 5489; x_wconf 82' lang='lat' dir='ltr'><strong>sol</strong></span> 
     </span>
    </p>
   </div>
   <div class='ocr_carea' id='block_1_100' title="bbox 378 5503 1961 5575">
    <p class='ocr_par' dir='ltr' id='par_1_100' title="bbox 378 5503 1961 5575">
     <span class='ocr_line' id='line_1_100' title="bbox 378 5503 1961 5575; baseline 0.001 -19"><span class='ocrx_word' id='word_1_740' title='bbox 378 5503 672 5572; x_wconf 82' lang='lat' dir='ltr'><strong>aliquando</strong></span> <span class='ocrx_word' id='word_1_741' title='bbox 721 5503 966 5568; x_wconf 87' lang='lat' dir='ltr'><strong>deﬁciat,</strong></span> <span class='ocrx_word' id='word_1_742' title='bbox 1021 5521 1090 5559; x_wconf 91' lang='lat' dir='ltr'><strong>an</strong></span> <span class='ocrx_word' id='word_1_743' title='bbox 1144 5503 1448 5574; x_wconf 39' lang='lat' dir='ltr'><strong>pars&#39;ejus</strong></span> <span class='ocrx_word' id='word_1_744' title='bbox 1502 5505 1682 5575; x_wconf 88' lang='lat' dir='ltr'><strong>aliqua</strong></span> <span class='ocrx_word' id='word_1_745' title='bbox 1743 5520 1961 5574; x_wconf 88' lang='lat' dir='ltr'><strong>semper</strong></span> 
     </span>
    </p>
   </div>
   <div class='ocr_carea' id='block_1_101' title="bbox 374 5575 1957 5645">
    <p class='ocr_par' dir='ltr' id='par_1_101' title="bbox 374 5575 1957 5645">
     <span class='ocr_line' id='line_1_101' title="bbox 374 5575 1957 5645; baseline 0.001 -16"><span class='ocrx_word' id='word_1_746' title='bbox 374 5582 639 5645; x_wconf 67' lang='lat' dir='ltr'><strong>eiiiergat,</strong></span> <span class='ocrx_word' id='word_1_747' title='bbox 680 5575 991 5641; x_wconf 82' lang='lat' dir='ltr'><strong>obduciqne</strong></span> <span class='ocrx_word' id='word_1_748' title='bbox 1036 5582 1294 5642; x_wconf 75' lang='lat' dir='ltr'><strong>noqiieat.</strong></span> <span class='ocrx_word' id='word_1_749' title='bbox 1345 5591 1457 5630; x_wconf 91' lang='lat' dir='ltr'><strong>non</strong></span> <span class='ocrx_word' id='word_1_750' title='bbox 1504 5577 1647 5630; x_wconf 88' lang='lat' dir='ltr'><strong>inter</strong></span> <span class='ocrx_word' id='word_1_751' title='bbox 1683 5577 1957 5645; x_wconf 85' lang='lat' dir='ltr'><strong>principes</strong></span> 
     </span>
    </p>
   </div>
   <div class='ocr_carea' id='block_1_102' title="bbox 377 5643 1955 5716">
    <p class='ocr_par' dir='ltr' id='par_1_102' title="bbox 377 5643 1955 5716">
     <span class='ocr_line' id='line_1_102' title="bbox 377 5643 1955 5716; baseline 0.002 -22"><span class='ocrx_word' id='word_1_752' title='bbox 377 5643 519 5716; x_wconf 75' lang='lat' dir='ltr'><strong>artis</strong></span> <span class='ocrx_word' id='word_1_753' title='bbox 549 5645 693 5696; x_wconf 81' lang='lat' dir='ltr'><strong>illius</strong></span> <span class='ocrx_word' id='word_1_754' title='bbox 726 5647 1003 5716; x_wconf 74' lang='lat' dir='ltr'><strong>convenit.</strong></span> <span class='ocrx_word' id='word_1_755' title='bbox 1037 5645 1170 5698; x_wconf 67' lang='lat' dir='ltr'><strong>Nam</strong></span> <span class='ocrx_word' id='word_1_756' title='bbox 1206 5654 1363 5699; x_wconf 73' lang='lat' dir='ltr'><strong>:rtate</strong></span> <span class='ocrx_word' id='word_1_757' title='bbox 1395 5655 1580 5701; x_wconf 87' lang='lat' dir='ltr'><strong>nostra</strong></span> <span class='ocrx_word' id='word_1_758' title='bbox 1606 5643 1793 5716; x_wconf 69' lang='lat' dir='ltr'><strong>Tyche</strong></span> <span class='ocrx_word' id='word_1_759' title='bbox 1829 5643 1955 5698; x_wconf 82' lang='lat' dir='ltr'><strong>Bra-</strong></span> 
     </span>
    </p>
   </div>
   <div class='ocr_carea' id='block_1_103' title="bbox 384 5713 1953 5784">
    <p class='ocr_par' dir='ltr' id='par_1_103' title="bbox 384 5713 1953 5784">
     <span class='ocr_line' id='line_1_103' title="bbox 384 5713 1953 5784; baseline 0.002 -20"><span class='ocrx_word' id='word_1_760' title='bbox 384 5713 522 5765; x_wconf 85' lang='lat' dir='ltr'><strong>heus</strong></span> <span class='ocrx_word' id='word_1_761' title='bbox 559 5715 773 5784; x_wconf 80' lang='lat' dir='ltr'><strong>negavit</strong></span> <span class='ocrx_word' id='word_1_762' title='bbox 797 5715 863 5767; x_wconf 89' lang='lat' dir='ltr'><strong>ab</strong></span> <span class='ocrx_word' id='word_1_763' title='bbox 894 5716 1044 5775; x_wconf 82' lang='lat' dir='ltr'><strong>luna,</strong></span> <span class='ocrx_word' id='word_1_764' title='bbox 1071 5716 1368 5784; x_wconf 55' lang='lat' dir='ltr'><strong>qzxmalibet</strong></span> <span class='ocrx_word' id='word_1_765' title='bbox 1391 5716 1624 5782; x_wconf 78' lang='lat' dir='ltr'><strong>deiecta.</strong></span> <span class='ocrx_word' id='word_1_766' title='bbox 1651 5713 1824 5771; x_wconf 75' lang='lat' dir='ltr'><strong>totum</strong></span> <span class='ocrx_word' id='word_1_767' title='bbox 1850 5717 1953 5771; x_wconf 83' lang='lat' dir='ltr'><strong>oh-</strong></span> 
     </span>
    </p>
   </div>
   <div class='ocr_carea' id='block_1_104' title="bbox 385 5783 1952 5858">
    <p class='ocr_par' dir='ltr' id='par_1_104' title="bbox 385 5783 1952 5858">
     <span class='ocr_line' id='line_1_104' title="bbox 385 5783 1952 5858; baseline 0.003 -22"><span class='ocrx_word' id='word_1_768' title='bbox 385 5783 599 5838; x_wconf 81' lang='lat' dir='ltr'><strong>scui&#39;ari</strong></span> <span class='ocrx_word' id='word_1_769' title='bbox 640 5798 799 5852; x_wconf 88' lang='lat' dir='ltr'><strong>posse</strong></span> <span class='ocrx_word' id='word_1_770' title='bbox 839 5786 971 5840; x_wconf 92' lang='lat' dir='ltr'><strong>solis</strong></span> <span class='ocrx_word' id='word_1_771' title='bbox 1009 5783 1228 5854; x_wconf 79' lang='lat' dir='ltr'><strong>orhun;</strong></span> <span class='ocrx_word' id='word_1_772' title='bbox 1266 5799 1330 5842; x_wconf 83' lang='lat' dir='ltr'><strong>ac</strong></span> <span class='ocrx_word' id='word_1_773' title='bbox 1373 5786 1670 5843; x_wconf 84' lang='lat' dir='ltr'><strong>diametros</strong></span> <span class='ocrx_word' id='word_1_774' title='bbox 1709 5797 1952 5858; x_wconf 64' lang='lat' dir='ltr'><strong>aspecta-</strong></span> 
     </span>
    </p>
   </div>
   <div class='ocr_carea' id='block_1_105' title="bbox 2059 4669 3633 4744">
    <p class='ocr_par' dir='ltr' id='par_1_105' title="bbox 2059 4669 3633 4744">
     <span class='ocr_line' id='line_1_105' title="bbox 2059 4669 3633 4744; baseline 0 -20"><span class='ocrx_word' id='word_1_775' title='bbox 2059 4673 2152 4725; x_wconf 79' lang='grc' dir='ltr'><strong>τοῦ</strong></span> <span class='ocrx_word' id='word_1_776' title='bbox 2181 4671 2334 4743; x_wconf 85' lang='grc' dir='ltr'>ἡλίου</span> <span class='ocrx_word' id='word_1_777' title='bbox 2392 4671 2703 4736; x_wconf 79' lang='grc' dir='ltr'>ἐκλελοιπὸς</span> <span class='ocrx_word' id='word_1_778' title='bbox 2759 4671 3063 4744; x_wconf 86' lang='grc' dir='ltr'>θεωρεῖται.</span> <span class='ocrx_word' id='word_1_779' title='bbox 3108 4674 3228 4726; x_wconf 85' lang='grc' dir='ltr'><strong>Ὅτι</strong></span> <span class='ocrx_word' id='word_1_780' title='bbox 3261 4671 3317 4724; x_wconf 86' lang='grc' dir='ltr'><strong>δέ</strong></span> <span class='ocrx_word' id='word_1_781' title='bbox 3363 4669 3502 4725; x_wconf 86' lang='grc' dir='ltr'>κατὰ</span> <span class='ocrx_word' id='word_1_782' title='bbox 3531 4671 3633 4740; x_wconf 83' lang='grc' dir='ltr'>τὴν</span> 
     </span>
    </p>
   </div>
   <div class='ocr_carea' id='block_1_106' title="bbox 2062 4759 3632 4833">
    <p class='ocr_par' dir='ltr' id='par_1_106' title="bbox 2062 4759 3632 4833">
     <span class='ocr_line' id='line_1_106' title="bbox 2062 4759 3632 4833; baseline -0.002 -19"><span class='ocrx_word' id='word_1_783' title='bbox 2062 4761 2454 4832; x_wconf 79' lang='grc' dir='ltr'>ἐπιπρόσθησιν</span> <span class='ocrx_word' id='word_1_784' title='bbox 2517 4763 2615 4831; x_wconf 82' lang='grc' dir='ltr'><strong>τῆς</strong></span> <span class='ocrx_word' id='word_1_785' title='bbox 2661 4761 2885 4833; x_wconf 86' lang='grc' dir='ltr'>σελήνης</span> <span class='ocrx_word' id='word_1_786' title='bbox 2917 4765 2946 4815; x_wconf 87' lang='grc' dir='ltr'>ὁ</span> <span class='ocrx_word' id='word_1_787' title='bbox 2975 4762 3126 4832; x_wconf 76' lang='grc' dir='ltr'>ἥλιος</span> <span class='ocrx_word' id='word_1_788' title='bbox 3170 4760 3434 4822; x_wconf 84' lang='grc' dir='ltr'>ἐκλείπει,</span> <span class='ocrx_word' id='word_1_789' title='bbox 3476 4759 3632 4830; x_wconf 89' lang='grc' dir='ltr'>μέγι-</span> 
     </span>
    </p>
   </div>
   <div class='ocr_carea' id='block_1_107' title="bbox 2059 4847 3633 4922">
    <p class='ocr_par' dir='ltr' id='par_1_107' title="bbox 2059 4847 3633 4922">
     <span class='ocr_line' id='line_1_107' title="bbox 2059 4847 3633 4922; baseline 0 -22"><span class='ocrx_word' id='word_1_790' title='bbox 2059 4866 2183 4902; x_wconf 88' lang='grc' dir='ltr'>στον</span> <span class='ocrx_word' id='word_1_791' title='bbox 2235 4851 2534 4921; x_wconf 90' lang='grc' dir='ltr'>τεκμήριον</span> <span class='ocrx_word' id='word_1_792' title='bbox 2583 4850 2644 4903; x_wconf 84' lang='grc' dir='ltr'>τὸ</span> <span class='ocrx_word' id='word_1_793' title='bbox 2675 4850 2749 4922; x_wconf 81' lang='grc' dir='ltr'>μὴ</span> <span class='ocrx_word' id='word_1_794' title='bbox 2801 4849 3044 4918; x_wconf 87' lang='grc' dir='ltr'>γίνεσθαι</span> <span class='ocrx_word' id='word_1_795' title='bbox 3083 4852 3141 4903; x_wconf 87' lang='grc' dir='ltr'><strong>ὲν</strong></span> <span class='ocrx_word' id='word_1_796' title='bbox 3167 4849 3300 4922; x_wconf 79' lang='grc' dir='ltr'>ἄλλῃ</span> <span class='ocrx_word' id='word_1_797' title='bbox 3325 4849 3506 4919; x_wconf 76' lang='grc' dir='ltr'>ἡμέρᾳ</span> <span class='ocrx_word' id='word_1_798' title='bbox 3534 4847 3633 4910; x_wconf 88' lang='grc' dir='ltr'>τὰς</span> 
     </span>
    </p>
   </div>
   <div class='ocr_carea' id='block_1_108' title="bbox 2057 4939 3630 5013">
    <p class='ocr_par' dir='ltr' id='par_1_108' title="bbox 2057 4939 3630 5013">
     <span class='ocr_line' id='line_1_108' title="bbox 2057 4939 3630 5013; baseline -0.002 -19"><span class='ocrx_word' id='word_1_799' title='bbox 2057 4940 2348 5011; x_wconf 72' lang='grc' dir='ltr'>ἐκλείψεις.</span> <span class='ocrx_word' id='word_1_800' title='bbox 2373 4941 2484 4994; x_wconf 77' lang='grc' dir='ltr'><strong>ἀλλ’</strong></span> <span class='ocrx_word' id='word_1_801' title='bbox 2515 4943 2572 4994; x_wconf 84' lang='grc' dir='ltr'><strong>ἐν</strong></span> <span class='ocrx_word' id='word_1_802' title='bbox 2611 4944 2676 5012; x_wconf 80' lang='grc' dir='ltr'>τῇ</span> <span class='ocrx_word' id='word_1_803' title='bbox 2700 4946 2990 5013; x_wconf 80' lang='grc' dir='ltr'>τριακοστῇ</span> <span class='ocrx_word' id='word_1_804' title='bbox 3029 4942 3207 5012; x_wconf 88' lang='grc' dir='ltr'>μόνον,</span> <span class='ocrx_word' id='word_1_805' title='bbox 3240 4942 3327 4995; x_wconf 83' lang='grc' dir='ltr'><strong>ὅτε</strong></span> <span class='ocrx_word' id='word_1_806' title='bbox 3362 4939 3630 4992; x_wconf 87' lang='grc' dir='ltr'>συνοδεύει</span> 
     </span>
    </p>
   </div>
   <div class='ocr_carea' id='block_1_109' title="bbox 2058 5030 3632 5104">
    <p class='ocr_par' dir='ltr' id='par_1_109' title="bbox 2058 5030 3632 5104">
     <span class='ocr_line' id='line_1_109' title="bbox 2058 5030 3632 5104; baseline 0.001 -20"><span class='ocrx_word' id='word_1_807' title='bbox 2058 5033 2090 5095; x_wconf 88' lang='grc' dir='ltr'><strong>ἠ</strong></span> <span class='ocrx_word' id='word_1_808' title='bbox 2127 5033 2320 5093; x_wconf 85' lang='grc' dir='ltr'>σελήνη</span> <span class='ocrx_word' id='word_1_809' title='bbox 2348 5030 2427 5102; x_wconf 81' lang='grc' dir='ltr'>τῷ</span> <span class='ocrx_word' id='word_1_810' title='bbox 2455 5031 2612 5102; x_wconf 82' lang='grc' dir='ltr'>ἡλίῳ,</span> <span class='ocrx_word' id='word_1_811' title='bbox 2655 5034 2748 5087; x_wconf 82' lang='grc' dir='ltr'>καὶ</span> <span class='ocrx_word' id='word_1_812' title='bbox 2779 5034 2843 5086; x_wconf 88' lang='grc' dir='ltr'>ἐκ</span> <span class='ocrx_word' id='word_1_813' title='bbox 2873 5033 2966 5086; x_wconf 89' lang='grc' dir='ltr'><strong>τοῦ</strong></span> <span class='ocrx_word' id='word_1_814' title='bbox 2997 5034 3132 5103; x_wconf 84' lang='grc' dir='ltr'>πρὸς</span> <span class='ocrx_word' id='word_1_815' title='bbox 3171 5033 3326 5101; x_wconf 92' lang='grc' dir='ltr'>λόγον</span> <span class='ocrx_word' id='word_1_816' title='bbox 3351 5032 3458 5085; x_wconf 84' lang='grc' dir='ltr'>τῶν</span> <span class='ocrx_word' id='word_1_817' title='bbox 3479 5031 3632 5104; x_wconf 77' lang='grc' dir='ltr'>οἰκή-</span> 
     </span>
    </p>
   </div>
   <div class='ocr_carea' id='block_1_110' title="bbox 2058 5123 3296 5195">
    <p class='ocr_par' dir='ltr' id='par_1_110' title="bbox 2058 5123 3296 5195">
     <span class='ocr_line' id='line_1_110' title="bbox 2058 5123 3296 5195; baseline 0.002 -19"><span class='ocrx_word' id='word_1_818' title='bbox 2058 5141 2191 5176; x_wconf 66' lang='grc' dir='ltr'>σείειν</span> <span class='ocrx_word' id='word_1_819' title='bbox 2218 5128 2286 5178; x_wconf 74' lang='grc' dir='ltr'>τὰ</span> <span class='ocrx_word' id='word_1_820' title='bbox 2321 5123 2526 5195; x_wconf 87' lang='grc' dir='ltr'>μεγέθη</span> <span class='ocrx_word' id='word_1_821' title='bbox 2561 5125 2669 5180; x_wconf 82' lang='grc' dir='ltr'><strong>τῶν</strong></span> <span class='ocrx_word' id='word_1_822' title='bbox 2702 5123 2993 5195; x_wconf 76' lang='grc' dir='ltr'>ἐκλείψεων</span> <span class='ocrx_word' id='word_1_823' title='bbox 3032 5123 3296 5193; x_wconf 86' lang='grc' dir='ltr'>γίνεσθαι.</span> 
     </span>
    </p>
   </div>
   <div class='ocr_carea' id='block_1_111' title="bbox 2067 5434 3634 5560">
    <p class='ocr_par' dir='ltr' id='par_1_111' title="bbox 2067 5434 3634 5560">
     <span class='ocr_line' id='line_1_111' title="bbox 2067 5434 3634 5560; baseline 0.004 -73"><span class='ocrx_word' id='word_1_824' title='bbox 2067 5434 2215 5516; x_wconf 39' lang='lat' dir='ltr'><strong>biles.</strong></span> <span class='ocrx_word' id='word_1_825' title='bbox 2237 5435 2381 5488; x_wconf 74' lang='lat' dir='ltr'><strong>luna:</strong></span> <span class='ocrx_word' id='word_1_826' title='bbox 2413 5436 2653 5488; x_wconf 87' lang='lat' dir='ltr'><strong>minores</strong></span> <span class='ocrx_word' id='word_1_827' title='bbox 2687 5435 2741 5489; x_wconf 92' lang='lat' dir='ltr'><strong>in</strong></span> <span class='ocrx_word' id='word_1_828' title='bbox 2767 5437 3024 5560; x_wconf 50' lang='lat' dir='ltr'><strong>syzygiis,</strong></span> <span class='ocrx_word' id='word_1_829' title='bbox 3051 5451 3214 5506; x_wconf 88' lang='lat' dir='ltr'><strong>quam</strong></span> <span class='ocrx_word' id='word_1_830' title='bbox 3247 5439 3478 5502; x_wconf 78' lang='lat' dir='ltr'><strong>salares,</strong></span> <span class='ocrx_word' id='word_1_831' title='bbox 3499 5453 3634 5494; x_wconf 90' lang='lat' dir='ltr'><strong>con-</strong></span> 
     </span>
     <span class='ocr_line' id='line_1_112' title="bbox 2067 5503 3633 5560; baseline 0.001 -1"><span class='ocrx_word' id='word_1_832' title='bbox 2067 5512 2264 5559; x_wconf 81' lang='lat' dir='ltr'><strong>stituit.</strong></span> <span class='ocrx_word' id='word_1_833' title='bbox 2303 5503 2514 5560; x_wconf 63' lang='lat' dir='ltr'><strong>Pugnat</strong></span> <span class='ocrx_word' id='word_1_834' title='bbox 2543 5513 2723 5560; x_wconf 88' lang='lat' dir='ltr'><strong>autem</strong></span> <span class='ocrx_word' id='word_1_835' title='bbox 2755 5521 2822 5560; x_wconf 81' lang='lat' dir='ltr'><strong>ex</strong></span> <span class='ocrx_word' id='word_1_836' title='bbox 2857 5523 2886 5560; x_wconf 89' lang='lat' dir='ltr'><strong>a</strong></span> <span class='ocrx_word' id='word_1_837' title='bbox 2929 5523 3084 5560; x_wconf 91' lang='lat' dir='ltr'><strong>verso</strong></span> <span class='ocrx_word' id='word_1_838' title='bbox 3119 5515 3358 5560; x_wconf 87' lang='lat' dir='ltr'><strong>veterum</strong></span> <span class='ocrx_word' id='word_1_839' title='bbox 3393 5511 3633 5560; x_wconf 79' lang='lat' dir='ltr'><strong>auctori-</strong></span> 
     </span>
    </p>
   </div>
   <div class='ocr_carea' id='block_1_112' title="bbox 2067 5503 3633 5575">
    <p class='ocr_par' dir='ltr' id='par_1_112' title="bbox 2067 5503 3633 5575">
     <span class='ocr_line' id='line_1_113' title="bbox 2067 5503 3633 5575; baseline 0.003 -16"><span class='ocrx_word' id='word_1_840' title='bbox 2067 5506 2264 5559; x_wconf 90' lang='lat' dir='ltr'><strong>stituit.</strong></span> <span class='ocrx_word' id='word_1_841' title='bbox 2303 5503 2514 5575; x_wconf 78' lang='lat' dir='ltr'><strong>Pugnat</strong></span> <span class='ocrx_word' id='word_1_842' title='bbox 2543 5513 2723 5560; x_wconf 87' lang='lat' dir='ltr'><strong>autem</strong></span> <span class='ocrx_word' id='word_1_843' title='bbox 2755 5503 2822 5561; x_wconf 69' lang='lat' dir='ltr'><strong>ei</strong></span> <span class='ocrx_word' id='word_1_844' title='bbox 2857 5503 3084 5562; x_wconf 78' lang='lat' dir='ltr'><strong>adverso</strong></span> <span class='ocrx_word' id='word_1_845' title='bbox 3119 5515 3358 5563; x_wconf 89' lang='lat' dir='ltr'><strong>veterum</strong></span> <span class='ocrx_word' id='word_1_846' title='bbox 3393 5511 3633 5563; x_wconf 79' lang='lat' dir='ltr'><strong>auctori-</strong></span> 
     </span>
    </p>
   </div>
   <div class='ocr_carea' id='block_1_113' title="bbox 2066 5576 3630 5649">
    <p class='ocr_par' dir='ltr' id='par_1_113' title="bbox 2066 5576 3630 5649">
     <span class='ocr_line' id='line_1_114' title="bbox 2066 5576 3630 5649; baseline 0.004 -20"><span class='ocrx_word' id='word_1_847' title='bbox 2066 5583 2184 5649; x_wconf 66' lang='lat' dir='ltr'><strong>tas;</strong></span> <span class='ocrx_word' id='word_1_848' title='bbox 2232 5583 2364 5649; x_wconf 71' lang='lat' dir='ltr'><strong>tum</strong></span> <span class='ocrx_word' id='word_1_849' title='bbox 2390 5576 2762 5649; x_wconf 83' lang='lat' dir='ltr'><strong>experimenta</strong></span> <span class='ocrx_word' id='word_1_850' title='bbox 2807 5578 2925 5649; x_wconf 76' lang='lat' dir='ltr'><strong>ipsa</strong></span> <span class='ocrx_word' id='word_1_851' title='bbox 2971 5592 3290 5649; x_wconf 75' lang='lat' dir='ltr'><strong>magnorum</strong></span> <span class='ocrx_word' id='word_1_852' title='bbox 3333 5579 3630 5635; x_wconf 86' lang='lat' dir='ltr'><strong>artiﬁcum.</strong></span> 
     </span>
    </p>
   </div>
   <div class='ocr_carea' id='block_1_114' title="bbox 2065 5643 3631 5715">
    <p class='ocr_par' dir='ltr' id='par_1_114' title="bbox 2065 5643 3631 5715">
     <span class='ocr_line' id='line_1_115' title="bbox 2065 5643 3631 5715; baseline 0.004 -17"><span class='ocrx_word' id='word_1_853' title='bbox 2065 5643 2200 5699; x_wconf 77' lang='lat' dir='ltr'><strong>Vide</strong></span> <span class='ocrx_word' id='word_1_854' title='bbox 2236 5643 2546 5715; x_wconf 29' lang='lat' dir='ltr'><strong>Kepleru’m,</strong></span> <span class='ocrx_word' id='word_1_855' title='bbox 2595 5647 2774 5715; x_wconf 86' lang='lat' dir='ltr'><strong>capite</strong></span> <span class='ocrx_word' id='word_1_856' title='bbox 2809 5643 2841 5701; x_wconf 83' lang='lat'><strong>8</strong></span> <span class='ocrx_word' id='word_1_857' title='bbox 2876 5643 3088 5715; x_wconf 73' lang='grc' dir='ltr'>Οριίεαῖ</span> <span class='ocrx_word' id='word_1_858' title='bbox 3115 5651 3503 5710; x_wconf 65' lang='lat' dir='ltr'><strong>astronomiam,</strong></span> <span class='ocrx_word' id='word_1_859' title='bbox 3538 5649 3631 5705; x_wconf 83' lang='lat' dir='ltr'><strong>ubi</strong></span> 
     </span>
    </p>
   </div>
   <div class='ocr_carea' id='block_1_115' title="bbox 2065 5716 3631 5786">
    <p class='ocr_par' dir='ltr' id='par_1_115' title="bbox 2065 5716 3631 5786">
     <span class='ocr_line' id='line_1_116' title="bbox 2065 5716 3631 5786; baseline 0.005 -19"><span class='ocrx_word' id='word_1_860' title='bbox 2065 5716 2313 5784; x_wconf 88' lang='lat' dir='ltr'><strong>pluribus</strong></span> <span class='ocrx_word' id='word_1_861' title='bbox 2335 5716 2598 5785; x_wconf 82' lang='lat' dir='ltr'><strong>exemplis</strong></span> <span class='ocrx_word' id='word_1_862' title='bbox 2631 5719 2896 5784; x_wconf 88' lang='lat' dir='ltr'><strong>approbat</strong></span> <span class='ocrx_word' id='word_1_863' title='bbox 2927 5719 3096 5774; x_wconf 89' lang='lat' dir='ltr'><strong>solem</strong></span> <span class='ocrx_word' id='word_1_864' title='bbox 3133 5719 3428 5786; x_wconf 85' lang='lat' dir='ltr'><strong>aliquando</strong></span> <span class='ocrx_word' id='word_1_865' title='bbox 3456 5729 3631 5775; x_wconf 87' lang='lat' dir='ltr'><strong>totum</strong></span> 
     </span>
    </p>
   </div>
   <div class='ocr_carea' id='block_1_116' title="bbox 2061 5786 3630 5857">
    <p class='ocr_par' dir='ltr' id='par_1_116' title="bbox 2061 5786 3630 5857">
     <span class='ocr_line' id='line_1_117' title="bbox 2061 5786 3630 5857; baseline 0.002 -16"><span class='ocrx_word' id='word_1_866' title='bbox 2061 5801 2220 5856; x_wconf 79' lang='lat' dir='ltr'><strong>posse</strong></span> <span class='ocrx_word' id='word_1_867' title='bbox 2250 5786 2498 5854; x_wconf 82' lang='lat' dir='ltr'><strong>deﬁcere,</strong></span> <span class='ocrx_word' id='word_1_868' title='bbox 2531 5789 2672 5856; x_wconf 89' lang='lat' dir='ltr'><strong>quod</strong></span> <span class='ocrx_word' id='word_1_869' title='bbox 2715 5789 2798 5844; x_wconf 85' lang='lat' dir='ltr'><strong>hic</strong></span> <span class='ocrx_word' id='word_1_870' title='bbox 2843 5787 3104 5845; x_wconf 85' lang='lat' dir='ltr'><strong>Ge&#39;ninus</strong></span> <span class='ocrx_word' id='word_1_871' title='bbox 3141 5800 3327 5846; x_wconf 81' lang='lat' dir='ltr'><strong>noster</strong></span> <span class='ocrx_word' id='word_1_872' title='bbox 3377 5790 3630 5857; x_wconf 82' lang='lat' dir='ltr'><strong>allirmat,</strong></span> 
     </span>
    </p>
   </div>
  </div>
