4116 6400
483 319 584 377 831

1007 433 1405 487 ΚΕΦΑΛΑΙΟΝ
1449 433 1527 488 Θ’.
1544 428 1545 431 “

791 549 933 618 Περὶ
965 549 1296 619 ἐκλείψεως
1326 549 1438 619 τῆς
1462 549 1754 620 σελήνης.

557 665 623 716 Δί
654 662 753 732 τῆς
785 661 1016 734 σελήνης
1042 661 1314 733 ἐκλείψεις
1344 661 1584 731 γίνονται
1614 662 1757 716 κατά
1780 663 1880 734 τὴν
1909 664 1988 726 είς
2012 660 2074 714 τὸ

487 755 732 827 σκίασμα
768 756 870 826 τῆς
909 756 1015 826 γῆς
1054 755 1337 827 ἔμπτωσιν
1369 757 1467 828 τῆς
1515 756 1762 829 σελήνης.
1803 755 2073 828 Καθάπερ

485 849 593 918 γὰρ
627 850 721 902 καὶ
752 848 820 901 τὰ
839 847 1003 901 λοιπά
1027 847 1136 901 τῶν
1165 847 1454 918 σωμάτων,
1481 847 1826 922 φωτιζόμενα
1845 847 1950 901 ὑπὸ
1975 845 2070 900 τοῦ

483 936 660 1009 ἡλίου,
697 938 855 1003 σκιὰς
882 939 1201 1006 ἀποϐάλλει,
1235 939 1378 994 οὕτω
1402 941 1497 994 καὶ
1529 942 1564 1012 ή
1596 940 1691 1011 γῆ,
1728 940 2070 1013 φωτιζομένη

483 1026 588 1079 ὑπὸ
629 1027 722 1080 τοῦ
765 1026 938 1098 ἡλίου,
987 1027 1146 1082 σκιὰν
1195 1029 1510 1084 ἀποϐάλλει.
1545 1031 1655 1083 Καὶ
1687 1031 1786 1102 ἤδη
1825 1031 2072 1102 μέντοιγε

481 1117 570 1170 διὰ
598 1117 658 1170 τὸ
685 1117 915 1188 μέγεθος
933 1120 1033 1190 τῆς
1057 1120 1160 1191 γῆς
1183 1121 1450 1193 είλικρινῆ
1479 1121 1764 1194 συμϐαίνει
1790 1122 1888 1195 τὴν
1913 1123 2072 1177 σκιὰν

483 1204 624 1262 εἶναι
647 1209 742 1262 καὶ
774 1209 1015 1280 βαθεῖαν.
1044 1212 1213 1266 Ὅταν
1237 1208 1330 1266 οὖν
1361 1212 1503 1267 κατὰ
1535 1213 1827 1286 διάμετρον
1848 1215 2072 1286 γένηται

482 1302 517 1369 ἡ
553 1299 748 1373 σελήνη
773 1300 850 1372 τῷ
881 1303 1037 1374 ἡλίῳ,
1062 1304 1185 1357 τότε
1209 1303 1303 1359 καὶ
1328 1305 1390 1358 τὸ
1415 1305 1658 1377 σκίασμα
1680 1307 1778 1377 τῆς
1808 1308 1912 1378 γῆς
1931 1307 2073 1362 κατά

481 1391 776 1465 διάμετρον
807 1395 1016 1462 γίνεται
1050 1395 1129 1467 τῷ
1155 1397 1310 1468 ἡλίῳ.
1337 1397 1498 1450 Ὅθεν
1532 1400 1565 1470 ἡ
1603 1398 1801 1470 σελήνη
1829 1417 2076 1454 ταπεινο-

481 1486 617 1557 τέρα
646 1489 921 1559 φερομένη
952 1489 1047 1542 τοῦ
1076 1491 1430 1562 σκιάσματος,
1452 1491 1688 1562 εὐλόγως
1713 1492 1973 1564 ἐμπίπτει
1994 1494 2073 1557 είς

482 1580 544 1632 τὸ
573 1580 819 1651 σκίασμα
839 1581 939 1650 τῆς
961 1581 1086 1650 γῆς.
1129 1584 1240 1636 Ἀεὶ
1261 1584 1317 1638 δὲ
1337 1585 1400 1638 τὸ
1419 1585 1690 1656 ἐμπίπτον
1713 1588 1883 1657 αὐτῆς
1909 1588 2073 1659 μέρος

483 1674 564 1736 είς
587 1673 649 1726 τὸ
680 1673 925 1744 σκίασμα
958 1675 1058 1744 τῆς
1085 1676 1190 1746 γῆς
1218 1675 1525 1746 ἀφώτιστον
1553 1678 1870 1746 γίνεταιτοῢ
1890 1679 2066 1751 ἡλίου,

1518 318 1759 375 GEMINI
1798 315 2172 376 ELEMENTA
2211 313 2705 372 ASTRONOMIE.

2095 436 2144 494 Α

2713 426 2819 498 25
2855 425 3085 483 CAPUT
3140 426 3229 483 ix.

2666 541 2744 596 De
2782 539 3062 611 eclipsibus
3103 541 3266 597 iuuit.

2244 656 2414 713 Lunae
2442 655 2680 728 eclipses
2717 657 2856 712 fiunt
2886 657 3191 714 secundum
3225 655 3578 712 incidentiam
3608 655 3753 712 lunae

2175 753 2231 807 in
2261 753 2518 808 umbram
2564 757 2748 806 terrae.
2781 748 3255 816 Quemadmodum
3282 748 3428 804 enim
3458 756 3515 804 et
3543 749 3752 818 reliqua

2172 859 2430 916 corpora,
2475 859 2603 899 cum
2641 857 2671 896 a
2702 843 2818 900 sole
2859 842 3258 906 illuminantur,
3307 839 3533 895 umbras
3581 830 3752 910 proji-

2173 938 2348 1001 ciunt,
2400 938 2482 992 sic
2528 936 2694 991 etiam
2743 943 2929 1000 terra,
2980 947 3105 988 cum
3153 947 3185 986 a
3222 931 3341 988 sole
3389 930 3752 996 illuminatur,

2172 1029 2391 1100 projicit
2439 1029 2712 1084 umbram.
2758 1026 2823 1080 Et
2860 1033 3008 1081 certe
3048 1023 3164 1094 jam
3211 1029 3437 1094 propter
3477 1023 3752 1092 magnitu-

2172 1122 2358 1176 dinem
2410 1127 2575 1176 terrae
2612 1117 2904 1191 contingit,
2944 1117 3196 1172 umbram
3241 1115 3363 1185 ejus
3401 1113 3752 1170 manifestam

2171 1219 2229 1267 et
2282 1211 2610 1283 profundam
2658 1225 2802 1267 esse.
2844 1209 2980 1264 Cum
3027 1207 3194 1279 igitur
3235 1207 3364 1260 luna
3407 1205 3509 1260 soli
3547 1203 3754 1258 diame-

2173 1304 2386 1360 traliter
2439 1303 2773 1376 opponitur,
2835 1309 2967 1356 tunc
3044 1314 3260 1371 quoque
3331 1309 3490 1354 terra:
3560 1295 3753 1351 umbra

2171 1395 2562 1452 diametraliter
2618 1395 2914 1466 opponitur
2983 1392 3110 1450 soli.
3186 1389 3339 1447 Unde
3392 1390 3562 1453 luna,
3625 1402 3753 1442 cum

2172 1487 2403 1544 inferius
2445 1487 2654 1543 feratur
2694 1502 2859 1558 quam
2910 1485 3140 1552 umbra,
3195 1482 3510 1539 necessario
3561 1479 3755 1535 incidit

2173 1582 2232 1637 in
2277 1583 2528 1638 umbram
2584 1588 2765 1637 terrae.
2811 1579 3039 1650 Semper
3082 1585 3267 1632 autem
3310 1589 3442 1648 pars
3471 1573 3614 1645 ejus,
3643 1587 3753 1643 qua

2173 1674 2231 1728 in
2272 1673 2525 1729 umbram
2573 1682 2736 1729 terrae
2781 1670 2994 1735 incidit,
3029 1685 3142 1725 non
3187 1668 3532 1724 illuminatur
3569 1682 3601 1720 a
3638 1667 3755 1722 sole

481 1763 572 1816 διὰ
601 1764 700 1836 τὴν
723 1765 1120 1837 ἐπιπρόσθησιν
1148 1769 1247 1838 τῆς
1278 1770 1401 1839 γῆς.
1426 1769 1558 1822 Τότε
1585 1771 1694 1842 γὰρ
1728 1771 1820 1824 ἐπὶ
1845 1771 1944 1842 τῆς
1975 1773 2070 1824 αὐ-

2174 1773 2394 1838 propter
2422 1766 2879 1822 intercursionem
2909 1771 3089 1819 terrae.
3121 1760 3277 1817 Tunc
3303 1762 3459 1818 enim
3476 1761 3531 1815 in
3561 1760 3754 1816 eadem

481 1855 582 1924 τῆς
610 1854 826 1919 εὐθείας
855 1856 1066 1923 γίνεται
1091 1860 1119 1910 ὁ
1145 1857 1294 1929 ἥλιος
1320 1859 1413 1911 καὶ
1433 1860 1466 1929 ἡ
1489 1860 1580 1931 γῆ,
1612 1860 1706 1914 κει)⁵
1732 1861 1793 1914 τὸ
1827 1861 2073 1933 σκίασμα

481 1949 580 2019 τῆς
612 1949 738 2020 γῆς,
773 1952 869 2003 καὶ
902 1953 934 2022 ἡ
971 1951 1189 2024 σελήνη.
1228 1952 1304 2005 Δι’
1345 1953 1413 2024 ἣν
1453 1953 1630 2008 αἰτίαν
1672 1953 1792 2008 ούδέ
1829 1955 2071 2024 γίνονται

483 2040 754 2112 ἐκλείψεις
789 2044 886 2114 τῆς
926 2043 1158 2115 σελήνης
1206 2046 1263 2099 ἐν
1306 2045 1440 2117 ἄλλῃ
1488 2045 1705 2119 ἡμέρᾳ,
1755 2045 1870 2100 ἀλλ’
1912 2048 1970 2100 ἐν
2002 2049 2068 2119 τῇ

483 2131 789 2206 διχομηνίᾳ.
827 2135 961 2188 Τότε
995 2135 1104 2208 γὰρ
1137 2135 1280 2190 κατὰ
1321 2137 1614 2210 διάμετρον
1655 2138 1864 2207 γίνεται
1905 2141 1937 2210 ἡ
1979 2155 2069 2191 σε·

486 2222 622 2294 λήνη
665 2223 743 2294 τῷ
777 2224 928 2296 ἡλίῳ.
979 2226 1222 2280 Γίνονται
1260 2227 1509 2298 μέντοιγε
1541 2229 1710 2282 πᾶσαι
1749 2230 1802 2281 αἱ
1832 2228 1934 2298 τῆς
1978 2245 2070 2281 σε-

485 2314 653 2386 λήνης
695 2316 964 2387 ἐκλείψεις
1003 2317 1136 2371 ἴσαι·
1175 2321 1232 2373 at
1273 2321 1370 2390 μὲν
1407 2321 1516 2392 γὰρ
1551 2320 1977 2392 ἐπιπροσθήσεις
2013 2321 2072 2375 αἱ

482 2407 765 2478 γινόμεναι
793 2411 851 2474 ἐν
879 2411 1000 2472 ταῖς
1030 2409 1123 2462 τοῦ
1155 2411 1306 2481 ἡλίου
1329 2411 1603 2482 ἐκλείψεσι
1630 2411 1783 2484 παρά
1801 2412 1899 2475 τὰς
1922 2413 2073 2484 οίκή-

483 2517 599 2564 σεις
626 2500 874 2572 διάφοροι
907 2501 1171 2570 γίνονται,
1207 2503 1273 2556 δι’
1301 2504 1368 2575 ἢν
1399 2505 1579 2558 αἰτίαν
1621 2505 1718 2558 καὶ
1753 2504 1828 2558 τὰ
1863 2505 2069 2577 μεγέθη

481 2590 592 2644 τῶν
621 2591 918 2662 ἐκλείψεων
942 2593 1175 2666 διάφορα
1202 2594 1431 2663 γίνεταιο
1459 2595 1516 2648 αἱ
1543 2595 1601 2648 δὲ
1635 2592 1944 2667 ἐμπτώσεις
1973 2597 2074 2668 τῆς

483 2684 716 2756 σελήνης
739 2687 820 2749 είς
842 2686 903 2739 τὸ
930 2686 1176 2758 σκίασμα
1209 2689 1322 2742 ῐσαι
1348 2690 1522 2742 πᾶσαι
1551 2689 1789 2758 γίνονται
1811 2689 1954 2744 κατά
1973 2689 2074 2761 τὴν

483 2776 653 2846 αὐτὴν
679 2776 941 2848 ἔκλειψιν.
982 2778 1120 2851 Ἤδη
1151 2779 1400 2850 μέντοιγε
1435 2781 1495 2833 οὐ
1527 2780 1615 2834 διὰ
1641 2781 1841 2846 παντὸς
1867 2783 1930 2834 τὸ
1961 2780 2074 2836 ἴσον

483 2869 726 2923 ἐκλείπει
748 2871 847 2942 τῆς
872 2871 1123 2944 σελήνης.
1152 2873 1323 2928 Ὅταν
1344 2873 1454 2945 γὰρ
1474 2874 1561 2928 διὰ
1584 2875 1750 2945 μέσου
1777 2874 1870 2928 τοῦ
1900 2873 2077 2928 ἐκλει-

485 2962 678 3015 πτικοῦ
705 2966 738 3034 ἡ
779 2963 978 3037 σελήνη
1008 2964 1105 3037 τὴν
1131 2965 1366 3036 πάροδον
1395 2967 1639 3038 ποιῆται,
1679 2967 1776 3040 ὅλη
1809 2969 2074 3039 ἐμπίπτει

483 3055 565 3118 εἰς
597 3056 660 3108 τὸ
705 3057 950 3126 σκίασμα
981 3058 1084 3129 τῆς
1117 3061 1240 3131 γῆς’
1289 3059 1430 3113 ὥστε
1471 3063 1769 3130 ἀναγκαῖον
1812 3063 1907 3116 καὶ
1944 3063 2074 3134 ὅλην

483 3147 655 3217 αὐτὴν
683 3147 977 3204 ἐκλείπειν.
1021 3151 1192 3204 Ὅταν
1219 3151 1277 3206 δὲ
1311 3152 1633 3225 παράψηται
1661 3153 1755 3207 τοῦ
1797 3154 2072 3226 σκιάσμα-
2099 3130 2147 3196 c

481 3255 596 3306 τος,
632 3240 796 3312 μέρος
824 3259 878 3295 τι
909 3243 1008 3314 τῆς
1044 3243 1274 3314 σελήνης
1297 3242 1558 3298 ἐκλείπει·
1588 3243 1704 3298 ἔστι
1727 3244 1785 3298 δὲ
1808 3244 1870 3299 τὸ
1897 3245 2074 3299 ἐκλει-

485 3331 678 3385 πτικὸν
714 3334 885 3404 αὐτῆς
928 3335 1131 3408 μοιρῶν
1164 3335 1277 3389 δύο.
1331 3336 1419 3390 Ἐν
1451 3336 1561 3409 γὰρ
1589 3336 1766 3408 τούτῳ
1806 3337 1886 3410 τῷ
1925 3338 2078 3411 τόπῳ

485 3421 668 3485 πάσας
692 3423 790 3486 τὰς
813 3423 1086 3496 ἐκλείψεις
1115 3425 1402 3496 συμϐαίνει
1430 3427 1529 3498 τῆς
1555 3427 1784 3499 σελήνης
1806 3427 2072 3497 γίνεσθαι.

498 3513 594 3566 Ἐκ
620 3515 678 3568 δὲ
707 3515 913 3571 τούτων
941 3518 1194 3590 φανερὸν,
1229 3519 1312 3592 ὅτι
1343 3520 1400 3572 αἱ
1426 3519 1529 3589 τῆς
1551 3520 1782 3592 σελήνης
1806 3520 2077 3590 ἐκλείψεις

483 3605 727 3674 γίνονται
759 3607 900 3662 κατά
929 3608 1030 3680 τὴν
1060 3611 1141 3673 εἰς
1165 3609 1226 3663 τὸ
1249 3610 1493 3682 σκίασμα
1520 3610 1622 3680 τῆς
1645 3611 1748 3682 γῆς
1769 3611 2071 3682 ἐμπτωσιψ

487 3699 624 3770 πρὸς
647 3699 803 3768 λόγον
830 3700 940 3772 γὰρ
977 3702 1078 3773 τῆς
1117 3701 1259 3756 κατά
1285 3703 1488 3767 πλάτος
1519 3705 1789 3777 κινήσεως
1816 3705 1919 3776 τῆς
1939 3707 2078 3776 ἡμε-

489 3791 677 3863 ρησίου
715 3792 815 3862 τῆς
849 3792 1081 3864 σελήνης
1112 3794 1180 3847 τὰ
1223 3794 1428 3868 μεγέθη
1467 3794 1577 3850 τῶν
1609 3796 1905 3866 ἐκλείψεων
1935 3797 2074 3869 σύμ-

487 3901 642 3951 φωνα
673 3885 900 3954 γίνεται·
941 3887 1035 3939 καὶ
1065 3888 1124 3940 ἐν
1153 3886 1335 3952 ἄλλαις
1369 3887 1604 3960 ἡμέραις
1644 3889 1706 3942 οὐ
1740 3889 1978 3958 γίνονται
2015 3891 2074 3944 αἱ

484 3975 586 4046 τῆς
614 3975 843 4047 σελήνης
871 3975 1164 4046 ἐκλείψεις,
1197 3976 1337 4048 πλὴν
1367 3978 1425 4030 ἐν
1455 3979 1520 4048 τῇ
1545 3977 1858 4048 διχομηνίᾳ.

1029 4092 1428 4145 ΚΕΦΑΛΑΙΟΝ
1473 4094 1530 4147 1'.

484 4204 607 4258 Ὅτι
634 4206 747 4275 τὴν
771 4206 1056 4260 ἐναντία-ν
1080 4205 1161 4271 τῷ
1184 4207 1392 4286 κόσμῳ
1419 4207 1667 4275 κίνησιν
1690 4209 1746 4261 οἱ
1767 4206 2073 4277 πλάνητες

1103 4290 1435 4330 ποιουνται.

570 4389 628 4444 '0
659 4391 864 4463 κόσμος
891 4393 1121 4446 κινεῖται
1152 4391 1324 4464 φορὰν
1355 4391 1643 4460 ἐγκύκλιον
1679 4393 1774 4446 ἀπ’
1804 4392 2069 4464 ἀνατολης

2172 1859 2319 1915 linea
2363 1867 2514 1916 recta
2554 1860 2972 1916 constituuntur
3003 1857 3106 1923 sol,
3155 1866 3324 1924 terra,
3357 1857 3551 1912 umbra
3595 1861 3755 1909 terra:

2171 1960 2226 2008 et
2251 1953 2401 2007 luna.
2439 1951 2614 2019 Quam
2643 1953 2715 2008 ob
2743 1967 2970 2009 causam
2997 1967 3066 2008 ne
3102 1951 3240 2006 ﬁunt
3271 1949 3493 2022 quidem
3521 1947 3753 2018 eclipses

2172 2046 2318 2100 lunae
2358 2045 2415 2100 in
2459 2045 2569 2100 alio
2610 2043 2718 2111 die,
2752 2044 2860 2100 nisi
2901 2044 2959 2099 in
2986 2043 3310 2114 plenilunio.
3341 2041 3497 2097 Tunc
3536 2040 3686 2095 enim
3723 2053 3757 2092 ο

2172 2136 2444 2192 diametro
2471 2137 2602 2191 luna
2636 2136 2935 2206 opponitur
2971 2136 3100 2194 soli.
3135 2135 3524 2191 Verumtamen
3563 2145 3754 2188 omnes

2173 2231 2317 2285 lunae
2339 2229 2574 2300 eclipses
2607 2229 2744 2284 ﬁunt
2769 2230 3044 2302 aequales;
3081 2245 3206 2284 nam
3235 2229 3602 2291 incursiones,
3633 2242 3756 2298 quae

2173 2323 2230 2376 in
2265 2323 2396 2378 solis
2436 2321 2734 2393 eclipsibus
2768 2321 2924 2390 ﬁunt,
2956 2328 3181 2394 propter
3209 2321 3330 2376 loca
3358 2319 3757 2375 habitationum

2173 2413 2404 2470 diversae
2472 2415 2804 2481 efﬁciuntur,
2866 2415 2936 2470 ob
2993 2414 3050 2470 id
3123 2415 3288 2470 etiam
3352 2410 3757 2483 magnitudines

2171 2507 2460 2577 eclipsium
2509 2507 2776 2563 solarium
2821 2507 3053 2562 diversa:
3093 2505 3399 2560 redduntur
3445 2520 3458 2555 :
3513 2512 3568 2557 at
3615 2503 3758 2556 lunae

2176 2599 2491 2656 incidentia:
2519 2601 2578 2655 in
2609 2601 2860 2656 umbram
2897 2600 3034 2654 ﬁunt
3078 2613 3275 2656 omnes
3303 2597 3543 2668 aequales
3571 2598 3628 2650 in
3661 2611 3756 2651 ea-

2175 2689 2299 2745 dem
2331 2691 2546 2761 eclipsi.
2597 2691 2718 2746 Jam
2763 2706 2896 2747 vero
2941 2705 3054 2746 non
3104 2705 3323 2760 semper
3356 2688 3586 2760 aequalis
3625 2701 3758 2757 pars

2176 2783 2321 2839 lunaa
2385 2783 2589 2840 deficit.
2646 2783 2784 2840 Cum
2833 2784 2980 2840 enim
3037 2798 3135 2855 per
3185 2781 3427 2838 medium
3486 2779 3757 2835 circulum

2175 2878 2492 2948 eclipticum
2545 2879 2674 2932 luna
2733 2877 3034 2934 transitum
3086 2875 3242 2943 facit,
3291 2883 3406 2931 tota
3459 2873 3652 2928 incidit
3698 2873 3758 2926 in

2177 2969 2428 3024 umbram
2483 2976 2665 3026 terrae.
2712 2969 2907 3041 Itaque
2953 2967 3330 3024 necessarium
3374 2973 3480 3032 est,
3528 2973 3588 3020 ut
3637 2965 3759 3036 ipsa

2177 3067 2294 3117 tota
2350 3061 2588 3131 deﬁciat.
2649 3061 2789 3118 Cum
2851 3076 2982 3118 vero
3035 3061 3258 3132 attingit
3304 3061 3578 3125 umbram,
3629 3075 3758 3131 pars

2177 3153 2362 3224 aliqua
2415 3155 2558 3209 lunae
2619 3154 2804 3210 deﬁcit
2861 3171 2877 3210 :
2935 3168 3065 3225 pars
3120 3159 3303 3210 autem
3361 3152 3576 3215 circuli,
3635 3168 3759 3223 quae

2177 3245 2364 3300 lunam
2398 3245 2632 3302 deﬁcere
2657 3246 2813 3310 facit,
2841 3253 2927 3301 est
2954 3247 3187 3302 duorum
3219 3245 3511 3317 graduum.
3555 3242 3616 3298 ln
3651 3244 3756 3299 hoc

2175 3340 2322 3394 enim
2365 3340 2488 3396 loco
2517 3354 2712 3395 omnes
2742 3339 2980 3410 eclipses
3012 3339 3156 3394 lunae
3191 3339 3462 3410 contingit
3495 3338 3632 3394 ﬁeri.
3679 3336 3757 3392 Ex

2176 3429 2264 3485 his
2287 3430 2639 3486 manifestum
2667 3439 2768 3497 est,
2793 3429 2941 3500 quod
2972 3430 3115 3485 lunae
3142 3429 3374 3499 eclipses
3394 3428 3528 3483 ﬁant
3561 3443 3759 3484 secun-

2175 3523 2306 3578 dum
2339 3521 2696 3578 incidentiam
2741 3521 2796 3576 in
2842 3522 3095 3576 umbram
3143 3529 3340 3587 terra};
3376 3536 3506 3576 nam
3543 3520 3758 3576 ratione

2174 3616 2359 3672 diurni
2389 3623 2572 3671 motus
2597 3616 2738 3671 luna
2761 3615 3063 3672 secundum
3092 3614 3436 3670 latitudinem
3467 3614 3604 3668 ﬁunt
3625 3628 3758 3668 con-

2174 3723 2326 3779 grua:
2374 3707 2663 3776 eclipsium
2708 3708 3146 3778 magnitudines,
3181 3713 3235 3762 et
3281 3706 3338 3760 in
3388 3705 3512 3760 aliis
3562 3704 3759 3762 diebus

2174 3815 2284 3856 non
2309 3798 2446 3854 ﬁunt
2477 3799 2699 3855 lunares
2730 3801 2987 3872 eclipses,
3021 3800 3129 3856 nisi
3156 3799 3213 3854 in
3244 3799 3570 3870 plenilunio.

2802 4089 3032 4146 CAPUT
3069 4089 3137 4146 X.

2213 4203 2369 4270 Quod
2400 4207 2731 4260 contrarium
2766 4205 2960 4260 mundo
3001 4215 3200 4260 malum
3233 4205 3460 4274 planetae
3497 4203 3719 4272 faciant.

2242 4394 2478 4450 Mundus
2523 4398 2776 4445 movetur
2809 4394 2962 4442 motu
2994 4385 3258 4441 circulari
3301 4385 3368 4438 ab
3400 4392 3523 4440 ortu
3566 4384 3635 4439 ad
3667 4400 3762 4439 oc-

484 4482 577 4536 ἐπὶ
612 4462 782 4536 δύσιν.
820 4484 975 4536 ’Ὅσοι
1020 4482 1130 4555 γὰρ
1169 4462 1255 4536 av‘
1270 4482 1377 4537 τῶν
1406 4483 1649 4555 ἀστέρων
1683 4483 1824 4554 μετά
1847 4483 1946 4554 τὴν
1971 4462 2067 4536 τάῡ

2176 4507 2390 4548 casum.
2421 4487 2558 4542 Nam
2603 4499 2946 4557 quaecunque
2976 4482 3150 4537 stellae
3180 4488 3307 4551 post
3341 4480 3475 4536 solis
3504 4494 3761 4534 occasum

484 4574 636 4646 ἡλίου
664 4575 814 4629 δύσιν
851 4577 989 4648 πρὸς
1014 4578 1081 4646 τῇ
1108 4576 1340 4647 ἀνατολῇ
1373 4574 1712 4647 θεωρηθῶσι,
1741 4575 2067 4648 προϐαινού-

485 4659 585 4739 σης
616 4667 716 4738 τῆς
741 4669 956 4733 νυκτὸς,
990 4665 1444 4740 μετεωριξόμενοι
1475 4667 1672 4738 μᾶλλον
1694 4667 1780 4720 ἀεὶ
1808 4667 1900 4720 καὶ
1929 4667 2067 4738 μᾶλ-

482 4754 574 4807 λον
610 4753 960 4827 θεωροῦνται·
1001 4753 1120 4810 εἶτα
1149 4756 1435 4827 βλέπον-ται
1466 4756 1603 4828 πρὸς
1634 4759 1700 4828 τῇ
1735 4759 2069 4829 μεσουρανή-

484 4865 584 4901 σειο
608 4848 1009 4920 προϐαινούσης
1038 4849 1094 4901 δὲ
1119 4849 1220 4919 τῆς
1253 4849 1466 4914 νυκτὸς,
1493 4849 1907 4922 ἀποκλινόμενοι
1933 4853 2068 4924 πρὸς

479 4941 579 5012 τὴν
620 4939 771 4994 δύσιν
813 4943 862 4995 οί
905 4942 1059 4995 αὐτοὶ
1088 4943 1314 5013 ἀστέρες
1351 4942 1702 5014 θεωροῦνται·
1756 4945 1851 4998 καὶ
1894 4945 2068 5016 πέρας

479 5035 728 5098 δύνοντες
767 5034 1022 5106 όρῶνται’
1071 5035 1166 5087 καὶ
1209 5035 1366 5088 τοῦτο
1413 5034 1807 5108 καθ’ίέκάστην
1855 5037 2066 5107 ἡμέραν

480 5127 572 5181 ἐπὶ
599 5126 816 5180 πάντων
849 5127 1094 5198 ἀστέρων
1117 5127 1348 5196 γίνεται.
1376 5127 1538 5179 Ὥστε
1569 5128 1821 5200 φανερὸν,
1844 5130 1926 5182 ὅτι
1947 5129 2067 5191 ὅλος

477 5222 505 5272 ὁ
540 5218 746 5288 κόσμος
780 5219 915 5270 πᾶσι
955 5222 1067 5282 τοῖς
1110 5219 1194 5287 ἐφ’
1235 5217 1426 5271 ἑαυτοῦ
1474 5218 1665 5290 μέρεσι
1706 5224 1938 5273 κινεῖται
1971 5222 2065 5273 καὶ

476 5312 570 5363 ἀπ’
603 5309 866 5380 ἀνατολῆς
899 5312 990 5364 ἐπὶ
1033 5311 1202 5364 δύσιν.
1243 5311 1366 5364 Ὅτι
1409 5311 1463 5363 δὲ
1504 5310 1790 5379 ἐγκύκλιον
1831 5315 2064 5365 ποιεῖται

475 5402 573 5470 τὴν
609 5403 915 5473 προφορὰν,
948 5403 1214 5474 πρόδηλον
1242 5405 1306 5455 ἐκ
1331 5403 1426 5455 τοῦ
1452 5403 1661 5466 πάντας
1682 5405 1806 5468 τοὺς
1830 5406 2064 5476 ἀστέρας

476 5495 540 5546 ἐκ
571 5494 664 5547 τοῦ
692 5495 856 5548 αὑτοῦ
887 5495 1054 5548 τόπου
1077 5495 1410 5558 ἀνατέλλειν,
1446 5496 1538 5549 καὶ
1567 5499 1647 5560 είς
1678 5497 1769 5549 τὸν
1796 5498 1956 5550 αὐτὸν
1979 5499 2065 5550 τό-

477 5603 577 5638 πον
609 5586 806 5641 δύνειν·
863 5587 944 5640 ἔτι
989 5589 1081 5642 καὶ
1126 5589 1213 5642 διὰ
1244 5588 1352 5642 τῶν
1393 5588 1662 5661 διόπτρων
1698 5588 2063 5662 θεωρούμενοι

479 5677 678 5741 πάντες
721 5679 772 5730 οἱ
823 5678 1051 5749 ἀστέρες
1103 5680 1382 5748 φαίνονται
1429 5678 1718 5748 ἐγκύκλιον
1751 5683 2062 5755 ποιούμενοι

479 5771 573 5843 τὴν
610 5773 820 5846 κίνησιν
854 5775 948 5846 ὅλῃ
984 5777 1048 5846 τῇ
1079 5778 1396 5847 περιαγωγῇ
1426 5773 1532 5829 τῶν
1561 5775 1849 5849 διόπτρων.

2176 4583 2243 4638 ad
2289 4590 2472 4636 ortum
2516 4576 2966 4647 conspiciuntur,
3031 4573 3115 4628 hae
3178 4572 3512 4644 procedente
3566 4577 3758 4638 nocte,

2177 4673 2350 4743 magis
2381 4669 2664 4738 magisque
2698 4681 2915 4736 semper
2940 4663 3144 4720 elevari
3173 4671 3532 4732 spectantur;
3565 4661 3783 4718 deinde.

2175 4763 2433 4818 videntur
2464 4763 2516 4815 in
2550 4760 2734 4815 medio
2760 4759 2907 4813 cmli.
2939 4756 3333 4827 Progrediente
3363 4763 3544 4810 autem
3574 4764 3759 4821 nocte,

2175 4854 2453 4910 declinare
2509 4853 2574 4909 ad
2632 4866 2894 4907 occasum
2941 4851 3145 4905 eaedem
3191 4849 3363 4903 stellae
3397 4847 3672 4912 videntur,
3709 4855 3764 4902 et

2178 4947 2396 5002 tandem
2423 4943 2675 4999 occidere
2719 4950 3054 5014 spectantur.
3089 4940 3269 5010 Atque
3298 4940 3400 4995 hoc
3427 4939 3674 5009 quotidie
3707 4941 3762 4993 in

2176 5041 2434 5096 omnibus
2479 5039 2536 5094 fit
2584 5037 2779 5092 stellis.
2833 5035 3021 5105 Itaque
3064 5033 3420 5089 manifestum
3461 5040 3567 5097 est,
3614 5032 3761 5101 quod

2177 5139 2325 5187 totus
2360 5129 2598 5184 mundus
2640 5145 2763 5184 cum
2802 5128 3060 5182 omnibus
3103 5127 3221 5182 suis
3256 5123 3508 5195 partibus
3541 5138 3763 5176 movea—

2175 5232 2286 5286 tur,
2313 5233 2367 5276 et
2394 5222 2612 5291 quidem
2649 5221 2719 5275 ab
2752 5229 2874 5274 ortu
2906 5235 3100 5274 versus
3131 5233 3413 5272 occasum.
3443 5214 3600 5282 Quod
3631 5230 3763 5270 vero

2174 5315 2502 5368 circularem
2557 5310 2726 5364 faciat
2771 5319 3007 5370 motum,
3040 5324 3107 5363 ex
3154 5323 3220 5361 eo
3255 5307 3606 5360 manifestum
3648 5310 3756 5366 est,

2174 5406 2322 5476 quod
2366 5420 2558 5460 omnes
2610 5403 2782 5457 stellw
2813 5418 2878 5456 ex
2911 5401 3100 5455 eodem
3137 5400 3258 5453 loco
3295 5399 3568 5459 oriantur,
3605 5404 3660 5451 et
3703 5397 3762 5451 in

2175 5495 2426 5552 eumdem
2495 5495 2672 5548 locum
2745 5492 3049 5557 occidant;
3110 5497 3374 5560 praetcrea
3441 5489 3607 5542 etiam
3663 5502 3762 5556 per

2153 5589 2392 5658 'dioptra
2449 5602 2642 5642 omnes
2693 5585 2862 5641 stella:
2903 5589 3163 5654 spectata:
3223 5581 3477 5635 videntur
3529 5579 3742 5636 circula

2176 5698 2290 5736 rem
2334 5687 2542 5737 motum
2578 5679 2758 5735 facere
2785 5678 2840 5734 in
2871 5686 2982 5734 tota
3015 5673 3480 5733 circumductionc
3515 5671 3762 5744 dioptro-

2173 5791 2290 5831 l'lllll
2301 5817 2313 5830 .
3038 5793 3040 5795 ’
