4116 6400
447 307 605 385 ωε,

521 417 590 474 At
633 419 718 475 sol
765 419 834 475 ab
890 433 1091 476 occasu
1145 433 1339 477 versus
1385 426 1568 474 ortum
1634 418 1810 474 fertur
1859 425 2009 472 motu
2035 419 2084 478 Α

447 509 725 566 contrario
761 511 986 567 mundo.
1028 509 1144 566 Hoc
1188 510 1539 568 manifestum
1581 517 1665 565 est
1712 524 1779 566 ex
1818 510 2010 572 stellis.

446 619 569 675 quae
605 610 732 658 ante
772 602 942 658 solem
983 603 1255 656 oriuntur.
1283 600 1419 656 Nam
1461 617 1798 673 quaecunque
1841 601 2017 656 stellte'

449 702 577 750 ante
607 702 787 749 ortum
820 694 953 749 solis
981 702 1234 763 spectatae
1263 693 1468 749 fuerint
1492 694 1628 749 oriri
1652 700 1779 749 ante
1819 694 2009 759 solem,

447 787 530 841 hae
558 785 915 855 sequentibus
955 785 1209 841 noctibus
1242 785 1618 856 tempestivius
1655 784 2011 855 conspiciun-

445 888 535 933 tur
591 877 723 932 oriri
768 885 895 932 ante
946 877 1139 942 solem,
1189 885 1351 948 atque
1391 876 1494 932 hoc
1542 876 1602 931 lit
1653 876 1915 931 continuo
1954 877 2011 931 in

443 965 700 1021 omnibus
732 964 1005 1020 noctibus.
1036 963 1193 1021 Unde
1234 965 1590 1022 manifestum
1632 974 1736 1032 est,
1777 965 1923 1037 quod
1953 967 2011 1021 in

441 1058 837 1128 consequentia
877 1058 1035 1129 signa
1075 1058 1157 1113 sol
1205 1058 1488 1129 procedat,
1539 1074 1663 1113 cum
1707 1059 1777 1115 ab
1811 1074 2011 1115 occasu

439 1165 634 1205 versus
672 1157 852 1205 ortum
896 1159 1179 1206 moveatur
1216 1160 1409 1206 contra
1455 1151 1644 1206 mundi
1679 1159 1906 1207 motum.
1952 1149 2011 1206 Si

439 1257 570 1298 vero
599 1241 667 1297 ab
696 1251 821 1297 ortu
854 1257 1049 1299 versus
1087 1259 1344 1299 occasum
1388 1244 1622 1300 ferretur
1653 1245 1758 1309 sol,
1797 1259 2012 1314 semper

440 1335 783 1406 contingeret
827 1350 922 1391 eas
965 1336 1174 1399 stellas.
1211 1350 1333 1406 qua:
1371 1336 1526 1406 prius
1555 1336 1856 1400 orirentur,
1902 1335 2009 1391 mi—

440 1426 587 1481 nime
620 1440 902 1496 apparere.
947 1426 1081 1482 Nam
1124 1427 1179 1482 in
1226 1429 1597 1484 antecedentia
1636 1429 1907 1485 transiens
1935 1429 2011 1484 si-

438 1531 566 1588 gna,
620 1517 851 1573 debebat
904 1533 998 1599 eas
1059 1517 1176 1575 suis
1226 1518 1397 1575 radiis
1451 1519 1791 1586 obscurare;
1842 1520 2011 1575 stellae

437 1608 607 1673 enim,
657 1625 785 1664 cum
845 1625 1015 1680 prope
1070 1611 1240 1666 solem
1292 1612 1518 1677 fuerint,
1575 1627 1683 1667 non
1735 1611 2007 1678 videntur,

436 1709 622 1771 utpote
645 1716 675 1755 a
699 1702 814 1759 sole
844 1702 1171 1759 obscuratae.
1200 1702 1270 1758 At
1294 1705 1397 1759 hoc
1426 1721 1534 1760 non
1560 1708 1618 1759 lit
1652 1725 1665 1760 :
1690 1706 1785 1761 sed
1816 1707 2004 1770 stellae,

1440 305 1785 367 APPENDIX
1817 303 1910 362 AD
1948 302 2227 362 EUSEBII
2257 303 2673 365 CHRUNICON.

3584 301 3688 360 εει

2199 419 2258 472 '0
2308 419 2555 490 μέντοιγε
2596 418 2749 495 ἠλιος
2787 417 2896 471 ἀπὸ
2929 417 3133 482 δύσεως
3172 413 3264 469 ἐπὶ
3293 412 3392 487 τὴν
3427 416 3688 487 ἀνατολὴν

2124 513 2348 585 φέρεται
2385 513 2716 574 ὑπεναντίως
2748 510 2826 584 τῷ
2853 510 3060 582 κόσμῳ.
3093 509 3261 563 Τοῦτο
3290 509 3360 562 δέ·
3388 509 3501 562 ἐστι
3527 526 3688 577 φανε-

2127 608 2218 676 ρὸν
2267 609 2332 660 ἐκ
2382 604 2490 660 τῶν
2539 602 3042 676 προανατελλόντων
3089 602 3335 674 ἀστέρων
3377 600 3470 655 τοῦ
3513 601 3685 673 ἡλίου.

2120 701 2281 754 Ὅσοι
2301 698 2410 771 γὰρ
2431 698 2496 752 ἀν
2522 699 2627 768 πρὸ
2645 699 2744 768 τῆς
2765 697 2858 751 τοῦ
2878 696 3031 768 ήλίου
3060 695 3320 766 ἀνατολῆς
3341 694 3689 768 θεωρηθῶσιν

2119 789 2348 862 ἀστέρες
2375 787 2909 860 προανατεταλκότες
2943 787 3037 840 τοῦ
3068 787 3240 855 ήλίου,
3268 790 3324 841 ἐν
3348 790 3467 851 ταῖς
3495 788 3690 858 ἐχομέ-

2118 897 2238 943 ναις
2267 878 2416 946 νυξὶν
2442 878 2768 949 ἐνωρότερον
2794 877 3319 949 προανατεταλκὸτες
3340 875 3684 948 θεωροῦνταιο

2119 972 2213 1025 καὶ
2243 970 2400 1025 τοῦτο
2426 972 2635 1040 γίνεται
2669 968 2810 1023 κατά
2848 966 2910 1021 τὸ
2950 967 3079 1039 ἑξῆς
3110 970 3201 1022 ἐπὶ
3229 968 3417 1023 πασῶν
3447 968 3557 1023 τῶν
3593 986 3687 1022 νυ-

2120 1064 2283 1118 κτῶν.
2328 1062 2418 1128 Ἐξ
2450 1058 2510 1118 οὑ
2553 1063 2804 1135 φανερὸν,
2840 1064 2921 1117 ὅτι
2961 1065 3042 1128 είς
3077 1061 3146 1116 τὰ
3182 1060 3420 1132 ἑπόμενα
3448 1061 3557 1114 τῶν
3581 1061 3689 1126 ζωρ·

2116 1152 2244 1207 δίων
2273 1154 2302 1206 ὁ
2330 1153 2480 1224 ἥλιος
2519 1153 2852 1225 μεταϐαίνει,
2894 1152 3004 1207 ἀπὸ
3043 1152 3248 1216 δύσεως
3293 1153 3379 1204 ἐπ’
3424 1150 3689 1222 ἀνατολὴν

2122 1243 2436 1314 κινούμενος
2470 1244 2803 1308 ὑπεναντίως
2835 1244 2911 1315 τῷ
2944 1243 3154 1316 κόσμῳ.
3186 1245 3250 1296 Εἰ
3285 1242 3343 1295 δέ
3367 1259 3431 1311 γε
3456 1241 3564 1297 ἀπὸ
3588 1241 3689 1311 τῆς

2117 1334 2381 1407 ἀνατολῆς
2401 1336 2494 1388 ἐπὶ
2519 1334 2617 1407 τὴν
2643 1335 2792 1389 δύσιν
2814 1337 3037 1407 ἐφέρετο
3056 1338 3086 1389 ό
3107 1335 3276 1407 ἣλιος,
3299 1336 3386 1388 ἀεὶ
3409 1334 3536 1399 τοὺς
3559 1350 3688 1405 προ-

2115 1426 2501 1490 ανατέλλοντας
2530 1427 2765 1498 ἀστέρας
2795 1427 3141 1498 ἀθεωρήτους
3167 1426 3234 1480 ἀν
3266 1423 3402 1480 εἶναι
3442 1426 3690 1480 συνέϐαι-

2115 1534 2222 1570 νεν.
2249 1517 2343 1581 Είς
2360 1516 2469 1588 γάρ
2488 1516 2559 1570 τὰ
2582 1516 2965 1587 προηγούμενα
2989 1516 3326 1587 μεταϐαίνων
3345 1518 3509 1589 μέρη,
3531 1515 3691 1586 ὤφει-

2114 1610 2204 1663 λεν
2237 1608 2609 1680 ἀποκρύπτειν
2638 1609 2835 1671 αὑτοὺς
2864 1611 2981 1671 ταῖς
3017 1608 3174 1672 ἰδίαις
3211 1608 3426 1677 αὐγαῖς·
3460 1610 3547 1661 ἀεὶ
3578 1607 3686 1681 γάρ

2114 1700 2323 1754 οἱκατὰ
2342 1698 2433 1753 τὸν
2459 1699 2608 1771 ’ήλιον
2630 1699 2904 1770 γινόμενοι
2928 1699 3159 1771 ἀστέρες
3185 1698 3483 1770 ἀθεώρητοι
3509 1699 3685 1771 ὑπάρ-

435 1809 558 1863 qua:
592 1794 745 1865 prius
775 1795 1052 1860 oriuntur,
1089 1796 1447 1866 sequentibus
1496 1797 1751 1853 noctibus
1794 1812 1999 1868 semper

2110 1809 2285 1862 χουσι,
2314 1791 2747 1862 καταυγούμενοι
2774 1792 2879 1845 ὑπὸ
2901 1791 2994 1845 τοῦ
3022 1792 3194 1862 ἡλίου.
3226 1791 3339 1845 Νῦν
3365 1791 3423 1845 δὲ
3446 1791 3506 1845 οὑ
3534 1791 3684 1863 γίνε-

436 1883 610 1953 magis
638 1884 921 1956 magisque
951 1886 1020 1940 ab
1045 1893 1167 1940 ortu
1192 1885 1508 1941 distantiam
1535 1887 1735 1942 habere
1760 1897 2012 1958 spectan-

2108 1903 2199 1940 ται
2231 1886 2410 1939 τοῦτο’
2454 1884 2570 1938 ἀλλ’
2606 1886 2654 1937 οἱ
2701 1883 3188 1955 προανατέλλοντες
3219 1883 3449 1954 ἀστέρες
3478 1884 3534 1936 ἐν
3566 1884 3687 1946 ταῖς

435 1983 528 2028 tur
561 1993 575 2029 :
608 1975 682 2029 ita
718 1984 777 2031 ut
821 1987 1105 2033 menstruo
1137 1985 1381 2049 tempore
1412 1986 1585 2034 totum
1630 1979 1846 2051 signum
1879 1994 1999 2035 con-

2108 1978 2394 2050 ἐχομέναις
2416 1977 2535 2043 νυξὶ
2567 1978 2747 2031 πλεῖον
2779 1978 2865 2030 ἀεὶ
2897 1978 2991 2030 καὶ
3026 1977 3207 2030 πλεῖον
3236 1976 3344 2030 ἀπὸ
3369 1975 3468 2045 τῆς
3497 1977 3688 2030 ἀνατο-

435 2066 758 2123 stellationis
800 2077 928 2123 ante
978 2070 1150 2124 solem
1189 2072 1420 2135 oriatur,
1456 2071 1600 2141 quod
1642 2071 1794 2143 prius
1841 2071 2009 2126 radiis

435 2159 568 2215 solis
620 2160 1003 2217 occultabatur
1057 2180 1071 2215 :
1130 2175 1346 2231 semper
1392 2161 1537 2215 enim
1583 2162 1716 2217 illud
1769 2163 2005 2234 signum,

2107 2073 2205 2144 λῆς
2235 2070 2534 2141 ἀπέχοντες
2571 2068 2845 2140 διάστημα
2884 2067 3234 2139 θεωροῦνται*
3268 2066 3408 2121 ὥστε
3453 2068 3685 2138 μηνιαίῳ

2107 2162 2284 2234 χρόνῳ
2309 2160 2497 2226 ζώδιον
2521 2160 2641 2213 ὅλον
2663 2159 3079 2230 προανατέλλειν
3106 2159 3200 2213 τοῦ
3229 2159 3378 2230 ήλίου
3405 2161 3466 2213 τὸ
3487 2160 3684 2229 πρότε-

436 2250 582 2320 quod
628 2252 798 2308 solem
847 2251 1116 2322 sequitur,
1146 2267 1177 2306 a
1207 2253 1322 2308 sole
1356 2251 1415 2306 ﬁt
1451 2253 1745 2316 invisibile,
1787 2262 1999 2325 propter

2112 2271 2202 2326 ρον
2237 2252 2484 2324 ὑπάρχον
2516 2252 2575 2304 ἐν
2607 2252 2728 2315 ταῖς
2756 2251 2951 2319 αὑγαῖς
2988 2248 3082 2302 τοῦ
3122 2248 3291 2319 ήλίου.
3340 2250 3452 2302 Ἀεὶ
3479 2248 3588 2320 γὰρ
3622 2249 3686 2302 τὸ

438 2342 622 2399 radios
652 2343 792 2398 solis
826 2362 839 2398 :
873 2343 1005 2397 illud
1029 2359 1179 2409 vero,
1199 2344 1341 2415 quod
1371 2346 1624 2415 praecedit
1653 2346 1844 2409 solem.
1869 2362 2006 2401 con-

432 2434 684 2503 spicitur.
750 2433 808 2489 In
876 2443 1160 2492 menstruo
1224 2443 1406 2492 autem
1477 2445 1722 2507 tempore
1790 2437 2004 2508 signum

432 2543 668 2597 sequens
702 2543 916 2599 semper
941 2539 1026 2584 est
1058 2530 1350 2594 invisibile,
1370 2546 1496 2585 cum
1525 2531 1604 2586 sol
1635 2531 1704 2585 ad
1738 2531 1789 2586 id
1818 2539 2004 2587 trans-

431 2628 564 2686 eat;
596 2621 910 2691 praecedens
950 2637 1080 2677 vero
1124 2622 1360 2694 signum,
1404 2638 1529 2678 cum
1575 2623 1743 2679 distat
1769 2623 2004 2678 duorum

435 2714 716 2783 signorum
757 2716 959 2785 spatio,
1006 2718 1379 2786 conspicitur;
1426 2727 1590 2787 atque
1635 2718 1742 2773 hoc
1775 2718 1833 2772 in
1864 2717 2001 2773 duo-

432 2804 609 2860 decim
640 2807 814 2878 signis
848 2823 1064 2878 semper
1093 2808 1172 2862 lit.
1210 2807 1252 2861 E
1278 2808 1478 2878 quibus
1509 2808 1861 2864 manifestum
1892 2816 1998 2873 est,

427 2895 537 2968 26
551 2898 696 2967 quod
724 2898 828 2962 sol,
856 2913 980 2953 cum
1008 2906 1199 2955 contra
1226 2899 1415 2954 mundi
1445 2909 1651 2954 motum
1683 2899 1915 2965 feratur,
1944 2901 2000 2955 in

428 2991 841 3058 consequentia,
875 2998 928 3046 et
962 3005 1071 3046 non
1114 2991 1171 3046 in
1213 2993 1584 3048 antecedentia
1633 2993 1788 3064 signa
1820 3003 2000 3048 trans-

428 3079 564 3134 itum
596 3080 780 3135 faciat.

497 3259 839 3319 lanifestius
888 3268 1069 3319 autem
1127 3262 1182 3318 in
1223 3264 1351 3318 luna
1404 3265 1742 3334 conspicitur
1788 3271 1992 3319 motus.

424 3348 562 3405 Nam
593 3362 646 3407 et
678 3351 797 3422 ipsa
827 3361 1017 3408 contra
1040 3362 1247 3410 motum
1276 3355 1464 3410 mundi
1489 3356 1558 3410 ab
1586 3370 1787 3411 occasu
1803 3370 1993 3410 versus

425 3452 605 3499 ortum
653 3445 869 3501 videtur
916 3447 1122 3502 moveri
1157 3462 1170 3497 :
1208 3446 1312 3500 hoc
1355 3454 1535 3501 autem
1587 3446 1644 3500 in
1683 3462 1788 3500 una
1834 3455 1994 3501 nocte

425 3545 607 3607 potest
653 3537 984 3608 deprehendi
1024 3554 1121 3609 per
1165 3538 1455 3602 visionem,
1505 3554 1632 3594 cum
1678 3540 1991 3608 apparentia

425 3629 800 3684 testimonium
857 3630 1111 3701 praebeat.
1161 3628 1298 3683 Cum
1352 3629 1498 3684 enim
1555 3629 1697 3699 apud
1755 3630 1990 3700 aliquam

427 3719 708 3775 stellarum
753 3720 985 3776 lixarum
1040 3727 1333 3791 conspecta
1397 3720 1560 3776 fuerit
1614 3722 1763 3789 luna,
1831 3731 1992 3777 nocte

425 3811 755 3880 procedente
775 3811 941 3868 distat
972 3812 1041 3867 ab
1069 3812 1157 3867 illa
1187 3814 1473 3869 observata
1506 3813 1662 3869 stella
1688 3815 1754 3868 ad
1783 3820 1988 3877 ortum,

423 3908 478 3957 ct
513 3902 668 3957 stella
698 3904 791 3957 illa
838 3917 869 3957 a
910 3904 1036 3957 luna
1073 3904 1139 3958 ad
1173 3920 1429 3959 occasum
1458 3921 1473 3965 ;
1519 3920 1583 3959 ac
1614 3920 1755 3974 saepe
1788 3905 1842 3958 in
1875 3912 1987 3959 tota

422 4001 583 4048 nocte
633 3994 762 4048 luna
806 3994 976 4066 gradu
1028 3994 1098 4049 ab
1146 3994 1237 4047 illa
1279 3996 1566 4050 observata
1614 3997 1771 4051 stella
1823 3996 1990 4050 distat

423 4083 492 4138 ad
520 4092 731 4149 ortum,
759 4086 833 4139 ita
864 4094 924 4140 ut
949 4086 1005 4140 in
1034 4101 1140 4141 una
1164 4093 1323 4140 nocte
1348 4093 1624 4156 spectetur
1652 4098 1830 4141 motus
1851 4102 1986 4141 con-

425 4174 627 4229 trarius
662 4175 884 4229 mundo.
926 4174 1041 4230 Non
1081 4177 1225 4231 enim
1270 4176 1338 4230 ad
1375 4178 1755 4234 antecedentes
1799 4179 1987 4234 stellas

419 4268 683 4335 procedit,
721 4269 815 4323 sed
844 4269 911 4322 ad
946 4278 1364 4339 consequentes.

485 4532 683 4590 Dicunt
725 4547 907 4592 autem
960 4539 1203 4608 quidam,
1257 4540 1427 4596 solem
1475 4541 1542 4596 ad
1591 4540 1983 4612 consequentia

414 4625 569 4696 signa
601 4628 891 4684 transitum
924 4629 1123 4694 facere,
1151 4638 1205 4686 et
1238 4630 1420 4685 lunam
1444 4631 1735 4687 similiter:
1768 4648 1986 4687 verum-

411 4726 595 4772 tamen
645 4734 741 4774 eos
781 4735 892 4775 non
938 4721 1149 4776 moveri
1177 4729 1371 4776 contra
1400 4722 1701 4789 mundum;
1733 4722 1827 4778 sed
1856 4737 1985 4793 pro-

411 4815 535 4875 pter
568 4810 967 4880 magnitudines
997 4813 1245 4882 superari
1281 4828 1376 4869 eos
1403 4828 1434 4867 a
1456 4813 1670 4885 sphaera
1702 4815 1984 4869 stellarum

409 4903 811 4970 inerrantium;
858 4903 1037 4959 videri
1080 4911 1264 4960 autem
1308 4906 1467 4961 nobis
1498 4907 1554 4961 in
1593 4908 1984 4978 consequentia

408 4993 561 5063 signa
613 4994 902 5049 transitum
938 4994 1100 5050 illum
1145 4997 1260 5052 ﬁeri
1305 4997 1461 5066 juxta
1502 5006 1712 5053 motum
1763 5008 1987 5055 contra-

408 5084 549 5137 rium
577 5101 592 5151 ;
629 5085 723 5139 sed
756 5085 861 5141 hoc
907 5100 1018 5141 non
1047 5102 1169 5143 esse
1190 5105 1413 5154 verum;
1443 5099 1496 5144 et
1538 5090 1667 5145 ferri
1707 5092 1899 5158 solem,
1928 5100 1982 5147 et

407 5176 590 5232 lunam
619 5178 688 5233 ab
707 5185 855 5244 ortu,
887 5193 1076 5235 versus
1104 5195 1362 5237 occasum
1392 5199 1406 5247 ;
1440 5183 1535 5238 sed
1567 5199 1691 5238 cum
1722 5199 1983 5254 superen-

407 5278 497 5324 tur
542 5284 573 5323 a
624 5272 851 5336 mundo,
909 5280 1199 5343 antequam
1248 5274 1513 5330 circulum
1569 5283 1877 5348 peragrent,
1922 5279 1978 5331 in

404 5365 875 5434 consequentibus
937 5367 1111 5439 signis
1177 5370 1436 5439 spectari.
1488 5370 1729 5426 Utuntur
1791 5380 1977 5428 autem

404 5453 624 5522 quidam
666 5464 721 5509 et
773 5457 878 5512 bac
918 5458 1298 5516 similitudine.
1331 5460 1389 5515 Si
1436 5462 1580 5517 enim
1624 5464 1844 5536 aliquis,
1891 5465 1978 5522 in-

403 5541 634 5609 q'1iunt,
689 5547 1047 5605 constitueret
1118 5564 1375 5607 cursores
1436 5552 1724 5610 duodecim
1784 5556 1972 5613 eadem

462 5714 506 5749 ⁸⁸
706 5724 855 5776 νυκτὶ
983 5731 1162 5798 μοῖρα,

2110 2345 2208 2415 μὲν
2251 2343 2517 2414 ἑπόμενον
2547 2340 2736 2406 ζώδιον
2762 2341 2865 2394 ὑπὸ
2897 2338 2991 2393 τοῦ
3032 2339 3183 2409 ήλίου
3225 2337 3535 2410 ἀθεώρητόν
3566 2340 3682 2393 ἐστι

2102 2436 2190 2489 διὰ
2212 2434 2313 2498 τὰς
2351 2433 2525 2503 αὑγάς
2562 2433 2656 2487 τοῦ
2693 2433 2868 2503 ήλίου’
2900 2431 2960 2485 τὸ
2992 2431 3048 2483 δὲ
3081 2429 3486 2502 προηγούμενον
3517 2426 3681 2482 αὑτοῦ

2105 2529 2404 2601 θεωρεῖται.
2453 2528 2541 2581 Ἐν
2572 2527 2628 2580 δὲ
2653 2525 2734 2596 τῷ
2765 2524 2998 2596 μηνιαίῳ
3022 2523 3196 2595 χρόνῳ
3225 2522 3312 2576 ἀεὶ
3341 2522 3401 2573 τὸ
3437 2521 3535 2599 μὲν
3563 2520 3685 2574 ἐπό-

2107 2637 2267 2693 μενον
2297 2619 2485 2684 ζώδιον
2522 2616 2832 2688 ἀθεώρητον
2868 2615 3099 2685 γίνεται,
3152 2611 3571 2683 μεταδαίνοντος
3602 2613 3683 2674 είς

2102 2712 2232 2767 αὐτὸ
2263 2709 2358 2765 τοῦ
2389 2709 2563 2781 ήλίου’
2596 2708 2659 2762 τὸ
2686 2708 2742 2761 δὲ
2776 2705 3186 2779 προηγούμενον
3221 2702 3412 2767 ζώδιον
3444 2702 3539 2757 δύο
3571 2700 3679 2767 ζω-

2100 2804 2226 2857 δίων
2244 2803 2519 2872 διάστημα
2542 2799 2850 2871 ἀφεστηκὸς
2872 2798 3145 2870 βλέπεται·
3173 2796 3444 2850 καὶτοῦτο
3463 2793 3680 2849 ἐπὶτῶν

2103 2895 2168 2965 ιβ’
2193 2893 2398 2959 ζωδίων
2422 2891 2509 2945 διὰ
2534 2891 2731 2954 παντὸς
2760 2890 2988 2959 γίνεται.
3036 2887 3125 2953 Ἐξ
3147 2881 3220 2941 ὧν
3252 2887 3507 2960 φανερὸν,
3538 2887 3621 2940 ὅτι
3651 2889 3682 2940 ό

2099 2987 2271 3058 ἥλιος,
2317 2983 2653 3047 ὑπεναντίως
2689 2980 2767 3050 τῷ
2795 2981 2984 3052 κόσμῳ
3010 2980 3326 3051 κινούμενος
3350 2981 3431 3043 είς
3456 2977 3528 3032 τά
3555 2978 3682 3032 ἐπό-

2022 3116 2066 3175 C
2104 3097 2240 3151 μενα
2265 3077 2376 3132 τῶν
2407 3077 2629 3141 ζωδίων,
2655 3075 2751 3129 καὶ
2781 3075 2882 3127 οὑκ
2909 3074 2989 3138 εἰς
3010 3074 3079 3129 τὰ
3102 3072 3492 3145 προηγούμενα
3513 3074 3679 3125 ποιεῖ-

2102 3191 2190 3231 ται
2223 3172 2323 3244 τὴν
2349 3169 2666 3241 μετάϐασιν.

2184 3264 2565 3334 Ἐκδηλότερον
2586 3262 2643 3316 δὲ
2668 3262 2760 3316 ἐπὶ
2783 3261 2883 3331 τῆς
2912 3259 3138 3331 σελήνης
3161 3258 3443 3329 θεωρεῖται
3461 3259 3497 3328 ἡ
3520 3255 3673 3327 κίνη-

2102 3372 2207 3419 σις·
2242 3356 2336 3410 καὶ
2367 3356 2476 3427 γὰρ
2506 3354 2644 3427 αὑτὴ
2677 3352 3009 3416 ὑπεναντίως
3047 3351 3125 3423 τῷ
3164 3351 3355 3421 κόσμῳ
3391 3350 3671 3420 θεωρεῖται

2101 3449 2209 3502 ἀπὸ
2238 3448 2443 3511 δύσεως
2465 3448 2552 3501 ἐπ’
2580 3446 2845 3516 ἀνατολὴν
2872 3446 3186 3516 κινουμένη*
3218 3442 3375 3497 τοῦτο
3400 3441 3455 3495 δέ
3484 3443 3542 3494 ἐν
3574 3442 3673 3511 μιᾷ

2100 3543 2259 3597 νυκτὶ
2300 3540 2524 3595 δύναται
2574 3538 3088 3611 καταλαμϐάνεσθαι
3131 3537 3219 3592 διὰ
3266 3536 3365 3608 τῆς
3407 3533 3670 3606 ὁράσεως,

2100 3634 2602 3707 ἐπιμαρτυροῦντος
2631 3633 2726 3687 τοῦ
2762 3631 3107 3703 φαινομένου.
3153 3630 3320 3683 Ὅταν
3365 3627 3475 3698 γὰρ
3524 3625 3674 3694 παρά

2094 3746 2217 3782 τινα
2248 3727 2358 3780 τῶν
2394 3727 2648 3781 ἀπλανῶν
2679 3726 2925 3798 ἀστέρων
2955 3721 3201 3794 θεωρηθῇ
3231 3723 3263 3793 ἡ
3296 3720 3514 3791 σελήνη,
3541 3734 3673 3789 προ-

2097 3819 2390 3890 ϐαινούσης
2421 3819 2521 3890 τῆς
2555 3818 2748 3881 νυκτὸς
2773 3817 3066 3885 ἀφίσταται
3098 3813 3205 3868 ἀπὸ
3235 3811 3329 3866 τοῦ
3369 3827 3673 3883 παρατετη-

2100 3911 2334 3984 ρημένου
2363 3911 2589 3981 ἀστέρος
2611 3910 2748 3981 πρὸς
2772 3907 3055 3979 ἀνατολὴν,
3078 3907 3173 3961 καὶ
3196 3908 3225 3959 ό
3245 3905 3420 3976 ἀστὴρ
3440 3904 3548 3958 ἀπὸ
3567 3904 3669 3973 τῆς

2097 4003 2325 4075 σελήνης
2358 4003 2493 4074 πρὸς
2523 4001 2694 4055 δύσιν·
2726 4000 2822 4055 καὶ
2866 3998 3124 4064 πολλάκις
3151 4000 3208 4052 ἐν
3235 3999 3332 4071 ὅλῃ
3355 3999 3421 4068 τῇ
3450 3995 3606 4050 νυκτὶ
3634 3999 3668 4066 ή

2095 4094 2288 4167 σελήνη
2335 4096 2499 4167 μοίρᾳ
2519 4094 2562 4126 “
2594 4093 2703 4149 ἀπὸ
2734 4093 2829 4147 τοῦ
2872 4091 3397 4164 παρατετηρημένου
3442 4089 3669 4160 ἀστέρος

2091 4188 2357 4263 διίσταται
2383 4189 2522 4261 πρὸς
2551 4187 2835 4259 ἀνατολήνο
2864 4187 3005 4240 ὥστε
3037 4187 3095 4240 ἐν
3131 4187 3227 4256 μιᾷ
3256 4184 3410 4237 νυκτὶ
3443 4182 3664 4254 θεωρεῖ-ι

2097 4280 2220 4334 σθαι
2250 4281 2350 4350 τὴν
2382 4281 2705 4335 ὑπεναντίαν
2745 4277 3079 4348 κίνησινλτῷ
3103 4276 3312 4347 κόσμῳ.
3340 4275 3415 4329 Οὑ
3450 4274 3560 4346 γάρ
3586 4276 3666 4337 είς

2092 4374 2219 4437 τοὺς
2241 4372 2684 4445 προηγουμένους
2714 4371 2952 4443 ἀστέρας
2972 4368 3275 4442 προϐαίνει,
3305 4368 3420 4423 ἀλλ’
3439 4369 3518 4432 είς
3539 4368 3663 4431 τοὺς

2017 4471 2061 4527 ι)
2094 4463 2411 4533 ἑπομένους.
2874 4475 2894 4495 ’

2158 4552 2392 4622 Λέγούσι
2424 4552 2482 4607 δέ
2523 4570 2666 4617 τινες
2701 4554 2781 4617 είς
2827 4553 2924 4623 μὲν
2967 4551 3036 4605 τά
3078 4550 3316 4623 ἑπόμενα
3355 4550 3523 4616 ζώδια
3561 4550 3661 4620 τὴν

2089 4646 2388 4717 μετάϐασιν
2417 4645 2658 4714 γίνεσθαι
2690 4645 2769 4716 τῷ
2797 4645 2930 4716 ήλίῴ
2962 4645 3055 4698 καὶ
3077 4648 3143 4716 τῇ
3168 4645 3381 4718 σελήνῃ*
3421 4645 3496 4717 μὴ
3532 4644 3659 4716 μέν-

2083 4755 2232 4808 τοιγε
2260 4740 2596 4805 ὑπεναντίως
2626 4741 2821 4803 αὐτοὺς
2862 4739 3130 4793 κινεῖσθαι
3168 4739 3244 4810 τῷ
3281 4739 3489 4810 κόσμῳ,
3523 4739 3659 4793 ἀλλά

2084 4829 2173 4884 διὰ
2193 4829 2263 4884 τά
2293 4830 2498 4902 μεγέθη
2530 4829 2917 4885 ὑπολείπεσθαι
2940 4833 3134 4895 αὐτοὺς
3151 4831 3251 4903 τῆς
3273 4830 3382 4886 τῶν
3404 4831 3659 4886 ἀπλανῶν

2082 4923 2329 4996 ἀστέρων
2363 4923 2618 4995 σφαίραςο
2646 4923 2820 4977 δοκεῖν
2849 4924 2907 4978 δὲ
2935 4926 3066 4995 ἡμῖν
3086 4926 3166 4988 είς
3192 4923 3263 4978 τά
3286 4925 3528 4996 ἑπόμενα
3547 4925 3655 4979 τῶν

2084 5010 2291 5076 ζωδίων
2322 5011 2420 5084 τὴν
2461 5013 2758 5084 μτάὗασιν
2788 5013 3033 5084 γίνεσθαι
3083 5014 3226 5070 κατά
3262 5016 3362 5088 τὴν
3407 5013 3655 5071 ἐναντίαν

2083 5102 2316 5174 κίνησιν·
2345 5103 2503 5158 τοῦτο
2522 5104 2579 5158 δὲ
2604 5104 2678 5175 μὴ
2708 5100 2848 5160 εἶναι
2869 5105 3083 5176 ἀληθὲς,
3110 5105 3245 5160 ἀλλά
3271 5105 3529 5175 φέρεσθαι
3555 5106 3653 5176 μὲν

2079 5196 2229 5267 ἥλιον
2261 5196 2356 5250 καὶ
2393 5195 2620 5266 σελήνην
2653 5197 2747 5250 ἀπ’
2780 5196 3042 5268 ἀνατολῆς
3087 5197 3178 5251 ἐπὶ
3208 5197 3390 5252 δύσιν·
3414 5214 3650 5252 κατατα-

2078 5285 2380 5355 χουμένους
2408 5285 2465 5338 δὲ
2491 5287 2596 5339 ὑπὸ
2629 5285 2722 5339 τοῦ
2758 5286 2965 5357 κόσμου
3014 5287 3120 5360 πρὸ
3149 5287 3244 5339 τοῦ
3271 5287 3469 5342 κύκλον
3501 5304 3651 5359 περιο

2076 5374 2322 5446 δραμεῖν,
2346 5378 2403 5429 ἐν
2416 5380 2529 5440 τοῖς
2553 5378 2837 5447 ἑπομένοις
2861 5362 3069 5442 ζωδίοᾎ·
3099 5378 3438 5450 θεωρεῖσθαι.
3463 5377 3650 5450 Χριᾜῆ-

2076 5482 2165 5520 ται
2197 5467 2254 5521 δέ
2291 5484 2433 5531 τινες
2472 5469 2567 5522 καὶ
2605 5468 2683 5538 τῷ
2724 5469 3028 5539 ὁμοιώματι
3072 5469 3261 5541 τούτῳ.
3304 5471 3367 5523 ΕΞ
3401 5471 3508 5542 γάρ
3543 5486 3648 5535 τις,

2078 5558 2261 5627 (pacti,
2295 5559 2637 5630 ὑπεστήσατο
2667 5559 2886 5631 δρομεῖς
2921 5560 2986 5629 ιβ’
3019 5560 3115 5631 ἴσῳ
3141 5560 3293 5631 τάχει
3315 5561 3649 5632 χρωμένους,
