4124 6400
363 366 469 426 825

1409 373 1644 432 GEMINI
1682 375 2050 432 ELEMENTA
2087 376 2580 436 ASTRONOMIAS.

3499 390 3602 446 89.6

364 489 459 542 καὶ
481 485 833 558 ποιουμένους
860 485 953 540 ἐπὶ
982 487 1180 541 κύκλου
1204 489 1301 559 τὴν
1329 491 1559 563 κίνησιν,
1584 488 1701 546 εἶτα
1734 493 1915 564 μέντοι

2041 494 2313 551 celeritate
2354 504 2589 558 utentes.
2627 507 2682 554 et
2734 499 2995 560 facientes
3029 504 3083 559 in
3118 505 3325 562 circulo
3372 519 3604 574 motun.

368 597 428 648 γε
460 578 618 635 ἄλλον
644 578 767 632 τινὰ
803 579 900 632 ἕνα
933 579 1256 651 βραδύτερον
1286 583 1343 636 ὲν
1373 585 1557 648 αὐτοῖς
1593 584 1928 656 κινούμενον,

364 671 551 743 ὁμοίαν
581 671 637 725 δὲ
664 671 763 742 τὴν
789 673 1000 744 κίνησιν
1031 674 1214 738 αὐτοῖς
1237 676 1556 747 ποιούμενον
1585 679 1676 731 ἐπὶ
1706 677 1926 732 κύκλου·

362 764 504 831 δόξει
536 765 654 835 μὲν,
691 766 1368 838 περικαταλαμϐανόμενος
1385 768 1450 830 δ’,
1478 771 1556 833 είς
1584 770 1652 823 τά
1690 771 1932 840 ἑπόμενα

366 855 733 926 μεταϐαίνειν,
783 858 880 910 οὐκ
926 857 1076 910 ἔσται
1115 858 1172 911 δὲ
1212 860 1370 913 τοῦτο
1406 862 1498 914 ἐπὶ
1527 852 1624 931 τῆς
1655 861 1927 932 ἀληθείας’

361 946 476 999 ἀλλ’
509 947 708 1017 ὁμοίως
760 948 944 1010 αὐτοῖς
991 949 1308 1018 κινούμενος
1351 950 1439 1004 διὰ
1487 952 1585 1022 τὴν
1627 953 1931 1023 βραδυτῆτα

359 1037 499 1102 δόξει
531 1041 610 1102 είς
651 1040 911 1092 τάναντία
954 1041 1239 1097 κινεῖσθαι.
1280 1041 1450 1094 Τοῦτο
1487 1042 1549 1114 δὴ
1591 1045 1683 1097 καὶ
1716 1043 1809 1097 ἐπὶ
1838 1043 1929 1096 τού

360 1131 510 1200 ἡλίου
537 1132 629 1184 καὶ
669 1132 763 1184 ἐπὶ
790 1134 889 1204 τῆς
927 1132 1159 1204 σελήνης
1200 1134 1620 1206 συμϐεϐηκέναι.
1669 1135 1791 1188 Ἐπὶ
1822 1135 1930 1204 γάρ

357 1222 425 1276 τὰ
459 1222 598 1276 αὑτά
633 1223 774 1294 μέρη
805 1224 1108 1294 κινούμενοι
1139 1224 1216 1296 τῷ
1243 1227 1448 1297 κόσμῳ,
1478 1226 1567 1280 διὰ
1599 1227 1698 1299 τήν
1732 1227 1929 1298 βραδυ-

357 1315 494 1382 τῆτα
532 1317 612 1379 εἰς
650 1316 720 1370 τά
757 1317 998 1386 ἑπόμενα
1030 1318 1423 1390 ὑποφέρονται’
1458 1319 1703 1391 καθάπερ
1733 1320 1801 1372 τά
1838 1320 1929 1372 ἐπὶ

357 1406 466 1460 τῶν
509 1408 770 1478 ποταμῶν
815 1410 1236 1481 καταφερόμενα
1275 1410 1453 1472 πλοῖα,
1484 1413 1927 1483 προκαταταχού-

361 1517 496 1571 μενα
525 1501 630 1554 ὑπὸ
653 1501 744 1554 τού
770 1505 1060 1572 ῥεύματος,
1089 1504 1237 1556 δοκεῖ
1255 1506 1332 1568 είς
1353 1504 1421 1557 τά
1444 1505 1618 1558 ὀπίσω
1646 1505 1924 1558 κινεῖσθαι·

356 1591 514 1645 τοῦτο
542 1592 600 1645 δέ
631 1609 760 1662 φασι
782 1596 876 1647 καὶ
903 1596 995 1648 ἐπὶ
1015 1596 1108 1649 τοῦ
1132 1596 1305 1666 ἡλίου,
1339 1598 1430 1652 καὶ
1460 1601 1552 1652 ἐπὶ
1580 1601 1678 1670 τῆς
1703 1601 1928 1672 σελήνης

359 1684 699 1756 συμϐαίνειν.

2033 589 2229 644 deinde
2266 605 2396 646 vero
2433 591 2597 644 alium
2636 593 2923 660 quemdam
2950 596 3089 651 inter
3117 597 3265 668 ipsos
3301 600 3512 656 tardius
3542 619 3600 656 se

2035 688 2367 744 moventem,
2402 692 2454 736 et
2483 690 2664 738 tamen
2697 685 2764 740 iis
2797 686 3032 742 similem
3063 699 3269 743 motum
3300 692 3359 746 in
3390 693 3599 747 circulo

2033 770 2321 827 facientem
2361 792 2372 827 :
2403 773 2679 828 videbitur
2707 776 2925 846 quidem
2952 778 3019 844 is,
3049 795 3172 833 cum
3200 785 3596 846 anteveniatur,

2032 861 2089 916 in
2147 863 2537 932 consequentia
2588 867 2845 934 transire,
2895 884 3082 923 verum
3139 886 3206 925 ex
3256 873 3334 927 rei
3371 874 3598 930 veritate

2032 954 2137 1008 hoc
2168 971 2274 1009 non
2307 957 2408 1010 erit
2435 973 2450 1021 ;
2482 955 2578 1010 sed
2615 973 2738 1012 cum
2774 961 3024 1016 similiter
3055 970 3218 1031 atque
3250 965 3349 1034 ipsi
3379 982 3598 1022 movea-

2032 1053 2142 1109 tur,
2174 1055 2356 1102 tamen
2395 1059 2614 1120 propter
2651 1052 2962 1109 tarditatem
2993 1055 3265 1111 videbitur
3295 1057 3349 1112 in
3380 1059 3598 1114 contra-

2031 1137 2109 1191 ria
2147 1139 2370 1194 moveri.
2405 1141 2582 1210 Atque
2623 1142 2726 1198 hoc
2771 1144 2911 1199 idem
2948 1155 3003 1201 et
3043 1146 3098 1200 in
3142 1148 3276 1214 sole,
3299 1158 3354 1205 et
3381 1150 3434 1204 in
3469 1152 3596 1207 luna

2031 1229 2363 1300 contingere.
2403 1233 2538 1286 Cum
2573 1234 2716 1289 enim
2751 1251 2944 1292 versus
2984 1240 3203 1294 easdem
3246 1249 3427 1311 partes
3472 1259 3592 1298 cum

2033 1321 2234 1375 mundo
2275 1335 2616 1388 moveantur,
2670 1335 2890 1398 propter
2936 1331 3248 1387 tarditatem
3298 1333 3354 1387 in
3404 1350 3596 1391 conse-

2029 1413 2248 1481 quentia
2282 1413 2509 1470 inferins
2542 1415 2793 1472 feruntur
2823 1438 2835 1473 :
2874 1421 3328 1490 quemadmodum
3357 1426 3590 1496 navigia,

2030 1516 2149 1569 qua:
2179 1501 2232 1555 in
2268 1501 2446 1559 ﬂuviis
2469 1504 2814 1571 deferuntur,
2847 1524 2970 1563 cum
3003 1526 3030 1564 a
3060 1509 3207 1564 [luxu
3244 1522 3590 1582 superantur,

2030 1591 2283 1647 videntur
2305 1603 2452 1648 retro
2478 1595 2628 1652 ferri.
2665 1597 2777 1654 Hoc
2809 1609 2987 1654 autem
3024 1601 3276 1673 inquiunt
3304 1611 3358 1657 et
3388 1604 3441 1657 in
3480 1605 3593 1660 sole

2029 1692 2081 1738 et
2110 1684 2164 1738 in
2197 1685 2324 1739 luna
2358 1688 2691 1759 contingere.

425 1796 572 1869 Αὕτη
605 1798 663 1852 δὲ
713 1800 744 1870 ή
778 1799 904 1864 δόξα
937 1800 1042 1853 ὑπὸ
1075 1800 1284 1854 πολλῶν
1326 1803 1625 1873 φιλοσόφων
1665 1805 1921 1877 εἰρημένη

2099 1797 2169 1851 At
2221 1799 2339 1853 haec
2383 1801 2590 1870 opinio,
2650 1804 2752 1857 etsi
2805 1819 2836 1856 a
2889 1805 3074 1861 multis
3125 1805 3462 1878 philosophis
3506 1816 3592 1864 est

355 1890 686 1960 ἀϐύμφωνός
720 1892 836 1945 ἐστι
875 1895 989 1956 τοῖς
1033 1895 1398 1964 φαινομένοιςο
1432 1897 1481 1948 εἰ
1510 1895 1618 1968 γάρ
1649 1897 1768 1951 καθ’
1798 1897 1926 1950 ὑπό-

354 1979 529 2050 λειψιν
553 1980 844 2043 ἐκινοῦντο,
877 1983 1296 2055 ὑποφερομένων
1324 1987 1431 2039 τῶν
1460 1989 1722 2059 σωμάτων
1747 1989 1833 2042 διά
1858 1989 1925 2042 τά

357 2071 583 2143 μεγέθη,
611 2073 716 2126 ἔδει
751 2073 890 2127 κατά
915 2075 1289 2146 παραλλήλους
1327 2078 1558 2142 κύκλους
1588 2081 1686 2150 τὴν
1719 2081 1926 2134 ὑπόλει-

351 2161 446 2230 ψιν
469 2162 733 2230 γίνεσθαι·
767 2165 1020 2236 καθάπερ
1056 2167 1150 2220 καὶ
1179 2169 1227 2220 οἱ
1252 2168 1510 2232 ἀπλανεῖς
1535 2169 1762 2241 ἀστέρες
1786 2171 1923 2224 πάν-

352 2271 443 2317 τες
464 2255 559 2308 ἐπὶ
585 2255 942 2326 παραλλήλων
968 2257 1181 2311 κύκλων
1206 2260 1481 2330 φέρονται,
1511 2260 1598 2314 διὰ
1619 2262 1678 2314 τὸ
1713 2263 1804 2314 καὶ
1826 2263 1922 2332 τὴν

349 2346 444 2399 τοῦ
482 2344 686 2417 κόσμου
718 2348 888 2419 φορὰν
914 2348 1201 2416 ἐγκύκλιον
1229 2347 1368 2404 εἶναι
1412 2351 1506 2404 ἀπ’
1543 2353 1802 2424 ἀνατολῆς
1830 2355 1921 2407 ἐπὶ

350 2437 522 2493 δύσιν.
559 2439 694 2492 Νυνὶ
735 2439 792 2491 δὲ
830 2439 927 2508 οὐχ
965 2439 1343 2494 ὑπολείπονται
1383 2441 1525 2495 κατά
1550 2443 1922 2515 παραλλήλους

353 2529 605 2590 κύκλους⁶
642 2530 757 2584 ἀλλ’
784 2533 813 2585 ό
864 2531 962 2601 μὲν
1010 2531 1182 2602 ἥλιος,
1224 2533 1317 2586 ἐπὶ
1358 2534 1450 2587 τοῦ
1485 2535 1574 2589 διά
1608 2536 1787 2604 μέσων
1812 2537 1921 2589 τῶν

354 2621 561 2682 ζωδίων
590 2621 789 2674 κύκλου
817 2622 1152 2693 κινούμενος,
1187 2625 1302 2695 ἅμα
1334 2627 1426 2680 καὶ
1445 2625 1542 2697 τὴν
1565 2627 1705 2680 κατά
1724 2627 1922 2692 πλάτος

353 2710 587 2780 πάροδον
609 2716 843 2766 ποιεῖται
875 2714 982 2766 ἀπὸ
1003 2715 1219 2786 τροπῶν
1253 2717 1344 2770 ἐπὶ
1374 2717 1598 2787 τροπάς
1629 2718 1703 2778 ὡς
1732 2718 1820 2782 ἂν,
1845 2715 1922 2771 οἷ-

355 2818 474 2871 μαι,
515 2802 648 2866 ἰδίας
681 2804 1034 2877 ὑπαρχούσης
1068 2805 1216 2876 αὐτῷ
1246 2807 1343 2877 τῆς
1381 2810 1660 2878 κινήσεως,
1692 2809 1790 2879 τῆς
1822 2810 1920 2880 μὲν

349 2894 445 2946 ἀπ’
469 2893 729 2965 ἀνατολῆς
753 2897 844 2949 ἐπὶ
869 2895 1041 2960 δύσιν,
1070 2900 1168 2967 τῆς
1205 2896 1261 2948 δὲ
1304 2897 1410 2950 ἀπὸ
1443 2896 1647 2959 δύσεως
1673 2899 1759 2950 ἐπ’
1785 2900 1918 2950 ἀνα-

347 2983 529 3055 τολήν·
573 2987 606 3055 ἡ
648 2985 705 3039 δὲ
739 2986 932 3057 σελήνη
979 2990 1034 3041 ὲν
1067 2988 1173 3058 ὅλῳ
1201 2987 1278 3059 τῷ
1307 2987 1496 3042 πλάτει
1527 2986 1620 3040 τοῦ
1655 2987 1918 3051 ζωδιακοῦ

351 3075 554 3130 κύκλου
579 3079 677 3148 τὴν
706 3079 938 3152 πάροδον
964 3083 1215 3132 ποιεῖται.
1244 3079 1407 3134 Οὐδὲν
1433 3079 1490 3131 δὲ
1511 3079 1619 3132 τῶν
1642 3078 1763 3131 καθ’
1790 3079 1919 3132 ὑπό-

2027 1888 2190 1952 dicta,
2245 1897 2426 1944 tamen
2469 1908 2575 1947 non
2628 1894 2882 1963 congruit
2937 1910 3059 1948 cum
3112 1899 3489 1966 apparentiis;
3543 1901 3589 1954 si

2024 1979 2168 2034 enim
2187 1980 2340 2048 juxta
2368 1981 2678 2050 hujusmodi
2710 1985 3048 2040 relictionem
3075 1999 3440 2053 moverentur,
3463 2006 3586 2045 cum

2025 2083 2252 2137 corpora
2290 2073 2378 2126 illa
2420 2074 2650 2130 inferius
2693 2085 3035 2142 moveantur,
3068 2087 3290 2148 pr0pter
3319 2082 3590 2152 magnitu-

2026 2161 2241 2216 tudines
2281 2165 2567 2232 oportebat
2606 2166 2659 2219 in
2704 2169 2976 2235 parallelis
3016 2170 3240 2225 circulis
3283 2171 3426 2226 hanc
3461 2174 3590 2228 reli-

2024 2253 2257 2309 ctionem
2295 2257 2408 2311 ﬁeri
2437 2275 2451 2324 ;
2483 2261 2942 2328 quemadmodum
2980 2271 3034 2318 et
3079 2265 3247 2320 stellae
3286 2265 3589 2322 inerrantes

2023 2361 2214 2403 omnes
2257 2352 2311 2403 in
2365 2353 2642 2420 parallelis
2683 2355 2908 2412 circulis
2967 2356 3220 2412 feruntur
3269 2377 3281 2412 :
3333 2377 3398 2416 eo
3444 2361 3590 2431 quod

2022 2449 2076 2494 et
2130 2440 2318 2494 mundi
2395 2450 2576 2498 motus
2636 2453 2721 2500 est
2770 2448 3055 2504 circularis
3103 2451 3172 2504 ab
3223 2458 3346 2505 ortu
3396 2467 3588 2507 versus

2020 2550 2297 2590 occasum.
2320 2534 2389 2590 At
2413 2553 2520 2590 non
2548 2539 2931 2608 relinquuntur
2953 2540 3007 2594 in
3032 2542 3305 2610 parallelis
3327 2542 3549 2598 circulis
3573 2561 3587 2608 ;

2023 2625 2117 2680 sed
2149 2627 2228 2681 sol
2263 2642 2386 2680 cum
2423 2627 2475 2680 in
2509 2629 2718 2683 circulo
2752 2645 2848 2699 per
2881 2631 3057 2686 media
3089 2633 3241 2702 signa
3272 2643 3588 2690 transeunte

2021 2724 2325 2780 moveatur,
2349 2718 2511 2772 simul
2543 2721 2706 2774 etiam
2755 2723 3053 2776 secundum
3096 2724 3432 2778 latitudinem
3460 2724 3590 2778 facit

2020 2816 2228 2863 motum
2257 2825 2286 2862 a
2317 2811 2552 2865 solstitio
2595 2811 2661 2866 ad
2705 2813 2997 2867 solstitium
3033 2830 3045 2866 :
3082 2815 3246 2884 quod,
3282 2825 3341 2870 ut
3373 2816 3585 2884 opinor,

2021 2901 2274 2969 pr0prius
2302 2901 2352 2956 ei
2387 2902 2458 2956 sit
2489 2913 2667 2958 motus
2698 2904 2787 2958 hic
2827 2906 2896 2960 ab
2927 2914 3049 2961 ortu
3082 2923 3270 2964 versus
3296 2922 3584 2974 occasumg

2020 2990 2112 3044 ille
2156 2992 2224 3046 ab
2277 3007 2478 3049 occasu
2524 3011 2718 3051 versus
2764 3007 2984 3064 ortum;
3019 2999 3145 3052 luna
3195 3015 3322 3054 vero
3371 3000 3423 3053 in
3473 3008 3585 3053 tota

2020 3079 2306 3137 latitudine
2352 3083 2559 3138 zodiaci
2608 3085 2799 3140 circuli
2847 3094 3051 3141 motum
3091 3087 3239 3142 facit.
3283 3087 3426 3142 Nihil
3456 3104 3586 3144 vero

349 3166 525 3238 λειψιν
565 3169 982 3240 ὑποφερομένων
1016 3169 1131 3239 ἃμα
1171 3168 1392 3223 δύναται
1421 3169 1563 3222 κατὰ
1594 3169 1794 3232 πλάτος
1828 3186 1913 3221 κι-

2022 3185 2203 3224 eorum
2247 3187 2368 3241 qua:
2407 3175 2707 3229 secundum
2741 3176 3079 3231 relictionem
3111 3175 3380 3240 feruntur,
3424 3177 3586 3233 simul

349 3259 579 3313 νεῖσθαι·
619 3261 733 3314 ἀλλ’
762 3261 964 3330 ὀφείλει
996 3261 1138 3315 κατὰ
1161 3261 1259 3332 τὴν
1281 3261 1374 3314 τοῦ
1401 3260 1605 3332 κόσμου
1633 3261 1802 3333 φορὰν
1825 3261 1922 3331 τὴν

356 3351 638 3422 ὑπόλειψιν
684 3351 974 3408 ποιεῖσθαι.
1032 3353 1270 3423 Ἐλέγχει
1314 3352 1370 3405 δὲ
1412 3353 1511 3424 τὴν
1551 3351 1708 3418 δόξαν
1751 3352 1921 3422 ψευδῆ

349 3445 701 3515 ὑπάρχουσαν
732 3445 962 3514 μάλιστα
996 3444 1212 3498 πάντων
1243 3446 1276 3514 ή
1303 3445 1430 3515 περὶ
1453 3445 1578 3507 τοὺς
1601 3444 1763 3496 πέντε
1789 3444 1923 3498 πλά-

349 3552 516 3605 νητας
558 3535 795 3606 ἀστέρας
835 3536 1069 3606 κίνησις
1117 3537 1308 3588 ἐκεῖνοι
1331 3535 1439 3605 γὰρ
1469 3535 1559 3588 ὁτὲ
1585 3535 1680 3605 μὲν
1707 3535 1920 3588 ὑπολεί-

351 3644 542 3682 πονται
569 3626 680 3681 τῶν
719 3627 973 3681 ἀπλανῶν
1004 3626 1270 3699 ἀστέρων,
1302 3626 1391 3679 ὁτὲ
1427 3625 1483 3678 δὲ
1531 3624 1916 3696 προηγούνται’

348 3718 439 3772 ὁτὲ
478 3718 537 3772 δὲ
580 3718 720 3773 κατὰ
761 3720 888 3782 τοὺς
918 3719 1113 3781 αὐτοὺς
1147 3717 1384 3788 ἀστέρας
1441 3716 1722 3787 μένουσιν·
1775 3717 1825 3768 οί
1866 3715 1921 3768 δὲ

352 3815 445 3865 καὶ
493 3810 782 3865 καλοῦνται
827 3810 1138 3882 στηριγμοί.
1193 3808 1458 3878 Τοιαύτης
1484 3807 1540 3861 δὲ
1569 3805 1922 3877 ὑπαρχούσης

351 3901 481 3971 περὶ
519 3901 713 3964 αὐτοὺς
755 3901 857 3970 τῆς
895 3901 1188 3969 κινήσεως,
1236 3897 1486 3969 φανερὸν,
1526 3897 1609 3949 ὅτι
1641 3897 1674 3963 ή
1719 3896 1809 3948 ἐπὶ
1853 3893 1922 3947 τὰ

350 3993 591 4064 ἑπόμενα
639 3993 937 4064 μετάϐασις
974 3992 1036 4045 οὑ
1077 3991 1280 4060 γίνεται
1331 3989 1473 4042 κατά
1507 3986 1807 4057 ὑπόλειψιν·
1834 3985 1920 4039 διὰ

351 4087 550 4150 παντὸς
583 4087 691 4157 γὰρ
726 4086 793 4140 ἂν
821 4084 1186 4139 ὑπελείποντο.
1223 4083 1358 4136 Νυνὶ
1385 4083 1440 4135 δὲ
1463 4081 1566 4136 ἰδία
1597 4081 1680 4144 τίς
1711 4082 1858 4132 ἐστιν
1885 4079 1918 4148 ή

349 4181 478 4251 περὶ
515 4179 745 4232 ἕκαστον
787 4176 1156 4249 σφαιροποιία,
1195 4174 1317 4228 καθ’
1348 4174 1414 4246 ῆν
1449 4174 1579 4227 ποτὲ
1612 4173 1709 4244 μὲν
1746 4174 1826 4236 εἱς
1851 4169 1918 4224 τά

350 4271 592 4340 ἑπόμενα
623 4269 1028 4341 μεταϐαίνουσι,
1063 4268 1193 4321 ποτὲ
1218 4268 1276 4321 δὲ
1307 4269 1388 4330 εἰς
1420 4266 1488 4320 τά
1508 4263 1914 4336 προηγούμενα,

350 4363 480 4416 ποτὲ
503 4362 560 4416 δὲ
589 4360 954 4432 στηρίζουσιν.
985 4360 1139 4415 Οὕτω
1157 4359 1220 4429 δὴ
1252 4359 1345 4412 καὶ
1367 4357 1495 4426 περὶ
1513 4357 1602 4409 τὸν
1627 4355 1796 4426 ἥλιον,
1824 4355 1918 4406 καὶ

348 4452 476 4523 περὶ
499 4450 598 4522 τὴν
631 4436 861 4522 σελήνην
889 4450 994 4503 ἰδία
1023 4448 1108 4512 τίς
1137 4450 1250 4501 ἐστι
1283 4447 1376 4500 καὶ
1421 4445 1797 4517 προαιρετική,
1823 4445 1916 4496 καὶ

351 4543 492 4599 κατά
519 4545 679 4613 φύσιν
713 4545 747 4615 ἡ
777 4546 905 4613 περὶ
934 4542 1133 4605 πλάτος
1158 4542 1393 4611 κίνησις,
1424 4538 1544 4591 καθ’
1584 4538 1651 4608 ἣν
1696 4536 1804 4590 ἀπὺ
1829 4535 1919 4588 δύ-

349 4654 486 4700 σεως
507 4637 592 4690 ἐπ’
619 4635 880 4705 ἀνατολὴν
913 4634 1217 4704 κινούμενοι
1242 4633 1342 4701 τὴν
1375 4631 1516 4686 κατὰ
1543 4630 1744 4693 πλάτος
1776 4629 1919 4701 πάρ-

343 4729 464 4782 οδον
497 4725 792 4781 ποιοῦνται.
826 4726 948 4778 Ὅτι
991 4724 1048 4776 δὲ
1093 4724 1154 4778 οὑ
1198 4722 1449 4776 δύνανται
1481 4720 1602 4775 καθ’
1640 4718 1919 4789 ὑπόλειψιν

347 4822 426 4882 el;
450 4817 518 4873 τά
550 4818 793 4888 ἑπόμενα
819 4817 925 4869 τῶν
949 4814 1154 4879 ζωδίων
1175 4814 1275 4885 τὴν
1303 4812 1599 4885 μετάϐασιν
1627 4810 1917 4873 ποιεῖσθαι,

348 4911 580 4982 φανερὸν
609 4910 703 4964 κα)⁸
735 4911 801 4963 ὲκ
829 4909 923 4963 τοῦ
956 4911 1031 4979 μὴ
1056 4907 1316 4974 ἀνάλογον
1347 4907 1460 4968 τοῖς
1485 4903 1757 4974 μεγέθεσι,
1786 4901 1918 4973 μηδὲ

345 5005 458 5066 τοῖς
491 5002 841 5072 ἀποστήμασι
871 4999 972 5062 τὰς
1013 4999 1340 5069 μεταϐάσεις
1384 4996 1646 5065 γίνεσθαι.
1699 4996 1764 5048 Et
1809 4993 1918 5065 γὰρ

345 5093 434 5148 διά
456 5093 526 5147 τὰ
551 5093 755 5164 μεγέθη
783 5092 889 5145 τῶν
917 5091 1181 5162 σωμάτων
1210 5088 1562 5160 ὑπεφέροντο,
1588 5085 1919 5157 βραδυτέραν

346 5183 564 5253 ἔχοντες
587 5182 697 5236 τῶν
717 5182 971 5237 ἀπλανῶν
995 5182 1238 5252 ἀστέρων
1266 5180 1495 5250 κίνησιν,
1527 5179 1632 5232 ἔδει
1661 5178 1918 5245 ἀνάλογον

343 5275 459 5335 τοῖς
495 5271 746 5342 μεγέθεσι
787 5273 880 5325 καὶ
926 5275 1037 5334 τοῖς
1083 5271 1430 5340 ἀποστήμασι
1467 5268 1566 5332 τάς
1609 5267 1918 5337 ὑπολείψεις

347 5362 610 5432 γίνεσθαιο
642 5363 714 5434 μὴ
737 5363 1020 5434 γινομένου
1043 5362 1097 5415 δὲ
1113 5362 1322 5424 τούτου,
1345 5362 1555 5432 ἀνάγκη
1577 5363 1754 5430 λέγειν
1777 5360 1918 5414 κατὰ

347 5455 509 5524 φύσιν
533 5455 670 5510 εἶναι
695 5461 804 5521 τοῖς
828 5442 1194 5527 πλανωμένοις
1221 5455 1450 5526 ἁστῆρσι
1471 5455 1569 5525 τὴν
1595 5453 1917 5508 ὑπεναντίαν

346 5548 578 5619 κίνησιν.
617 5549 754 5618 Ἤδη
788 5547 1082 5618 μέντοιδιά
1125 5547 1221 5617 τὴν
1256 5547 1384 5600 ἰδίαν
1428 5546 1655 5600 ἑκάστου
1698 5563 1917 5602 σφαιοο-

447 5773 488 5806 “
519 5773 558 5842 f.
589 5773 898 5846 προκαταλα
910 5793 965 5846 μ.

2021 3269 2200 3330 potest
2246 3266 2541 3320 secundum
2595 3268 2934 3323 latitudinem
2989 3271 3239 3335 moveri;
3291 3268 3385 3325 sed
3429 3270 3586 3324 debet

2022 3355 2322 3408 secundum
2359 3357 2544 3411 mundi
2580 3366 2786 3412 motum
2823 3360 3160 3415 relictionem
3200 3360 3346 3414 illam
3385 3358 3584 3415 facere.

2021 3445 2311 3501 Convincit
2355 3458 2534 3504 autem
2575 3450 2716 3506 hanc
2759 3452 3092 3522 Opinionem,
3141 3452 3285 3522 quod
3329 3451 3460 3508 falsa
3491 3454 3585 3515 sit,

2022 3541 2255 3593 maxime
2306 3541 2548 3594 omnium
2593 3549 2770 3598 motus
2813 3543 3054 3613 quinque
3095 3544 3473 3614 planetarum;
3507 3543 3585 3597 illi

2020 3628 2467 3685 enim‘interdum
2497 3631 2878 3703 relinquuntur
2902 3634 2971 3687 ab
2997 3634 3363 3688 inerrantibus
3391 3634 3582 3700 stellis,

2021 3716 2292 3772 interdum
2330 3721 2643 3789 praecedunt
2687 3738 2826 3791 eas;
2867 3723 3139 3778 interdum
3185 3724 3326 3794 apud
3365 3722 3580 3779 easdem

2021 3810 2209 3866 stellas
2259 3821 2544 3869 manent“:
2597 3831 2719 3884 quae
2768 3817 2930 3870 etiam
2987 3817 3252 3872 stationes
3298 3825 3580 3870 vocantur.

2021 3897 2168 3957 Talis
2197 3917 2322 3956 cum
2367 3911 2548 3962 motus
2585 3907 2658 3960 sit
2703 3908 3069 3976 planetarum,
3097 3907 3443 3962 manifestum
3476 3913 3579 3970 est,

2022 3993 2163 4062 quod
2211 3995 2480 4052 transitus
2510 3998 2564 4052 in
2595 4002 2981 4070 consequentia
3015 4018 3123 4056 non
3155 4002 3248 4056 ﬁat
3284 3999 3581 4057 secundum

2019 4086 2374 4142 relictionem.
2410 4089 2636 4160 Semper
2667 4095 2811 4146 enim
2855 4094 3012 4163 quasi
3051 4109 3080 4147 a
3117 4100 3268 4163 tergo
3317 4093 3584 4161 relinque-

2018 4184 2185 4232 retur.
2203 4175 2272 4230 At
2293 4195 2436 4233 nunc
2460 4181 2726 4251 cujusque
2744 4192 2825 4237 est
2847 4184 3064 4253 propria
3085 4185 3327 4252 quaedam
3350 4183 3581 4252 sphaera,

2018 4269 2318 4323 secundum
2367 4286 2529 4339 quam
2577 4288 2726 4327 nunc
2768 4273 2823 4326 in
2875 4272 3268 4342 consequentia
3329 4269 3579 4334 tendunt,

2017 4374 2164 4413 nunc
2197 4359 2251 4413 in
2287 4359 2685 4428 antecedentia,
2719 4377 2866 4415 nunc
2905 4377 3036 4416 vero
3076 4369 3203 4417 sunt
3239 4360 3577 4415 stationales.

2023 4450 2114 4506 Sic
2151 4452 2314 4522 igitur
2345 4460 2398 4507 et
2425 4452 2560 4507 solis
2613 4459 2667 4508 et
2697 4454 2838 4507 lunae
2885 4454 3137 4522 proprius
3164 4458 3247 4506 est
3280 4451 3497 4521 aliquis,
3529 4455 3584 4506 et

2020 4544 2307 4606 electivus,
2333 4551 2388 4598 et
2430 4547 2698 4601 naturalis
2743 4545 3042 4602 secundum
3087 4543 3424 4598 latitudinem
3463 4560 3581 4599 mo-

2019 4647 2146 4704 tus;
2183 4639 2482 4694 secundum
2513 4654 2671 4710 quem
2704 4654 2824 4692 curn
2855 4638 2923 4693 ab
2951 4652 3147 4694 occasu
3177 4652 3371 4692 versus
3403 4645 3580 4690 ortum

2018 4733 2326 4790 moventur,
2356 4727 2522 4780 simul
2570 4727 2722 4780 illum
2767 4726 3067 4781 latitudinis
3116 4732 3320 4779 motum
3350 4723 3578 4778 faciunt.

2017 4815 2174 4882 Quod
2221 4833 2350 4872 vero
2391 4833 2500 4872 non
2541 4819 2753 4887 possint
2798 4816 3096 4872 secundum
3141 4817 3474 4872 relictionem
3526 4817 3580 4870 in

2016 4907 2406 4976 consequentia
2453 4909 2607 4978 signa
2643 4923 2988 4978 progressum
3027 4905 3227 4971 facere,
3259 4907 3422 4962 etiam
3454 4905 3580 4960 hinc

2015 5007 2101 5053 est
2133 4999 2478 5054 manifestum
2510 4998 2655 5069 quod
2690 5015 2799 5056 non
2825 5008 3189 5069 congruenter
3217 5015 3340 5054 cum
3368 5001 3579 5069 magni-

2019 5091 2329 5155 tudinibus,
2397 5107 2575 5160 neque
2631 5107 2755 5146 cum
2813 5090 3093 5146 distantiis
3145 5090 3201 5144 bi
3254 5106 3578 5160 progressus

2018 5179 2170 5235 fiant.
2207 5180 2259 5234 Si
2303 5183 2448 5235 enim
2491 5192 2710 5252 propter
2757 5181 3158 5250 magnitudines
3183 5195 3470 5249 corporum
3500 5181 3580 5234 in-

2019 5272 2186 5328 ferius
2217 5281 2585 5336 moverentur,
2613 5289 2737 5327 cum
2771 5273 3003 5327 habeant
3036 5273 3326 5328 tardiorem
3373 5279 3577 5327 motum

2016 5381 2176 5433 quam
2213 5365 2382 5419 stellae
2412 5363 2738 5429 inerrantes,
2771 5364 3051 5433 oportebat
3073 5371 3431 5433 congruenter
3452 5377 3578 5416 cum

2017 5455 2483 5526 magnitudinibus
2509 5465 2564 5512 et
2593 5473 2716 5511 cum
2751 5457 3027 5513 distantiis
3064 5457 3373 5511 relictiones
3418 5452 3531 5509 ﬁeri
3563 5471 3578 5520 ;

2018 5547 2120 5603 hoc
2164 5563 2286 5604 cum
2333 5564 2440 5603 non
2477 5549 2590 5617 fiat,
2639 5565 2864 5606 necesse
2909 5557 2992 5605 est
3043 5548 3242 5611 dicere,
3276 5546 3575 5604 secundum
