4124 6400
535 399 645 460 527

1533 398 1907 454 'API'ENDIX
1941 396 2030 450 AD
2071 395 2341 451 EUSEBII
2380 397 2793 455 CHRONICON.

3647 352 3770 447 .828

539 525 793 568 naturam
842 530 965 574 esse
1017 516 1327 571 errantibus
1358 515 1534 570 stellis
1581 515 1919 569 contrarium
1957 515 2140 568 illum.

2241 511 2393 565 τοιίαν
2421 513 2711 585 διαφόρους
2761 491 3070 582 συμϐέϐηκε
3116 507 3212 572 τάς
3265 506 3586 579 μεταϐάσεις
3630 503 3773 574 γίνε-

539 615 768 662 motum.
786 603 904 659 Jam
931 614 1079 661 certe
1101 613 1322 676 propter
1345 607 1617 678 propriam
1643 607 1910 678 cujusque
1937 608 2111 678 sphae-

539 714 661 756 ram
691 701 959 771 contingit
986 699 1236 756 diversos
1263 701 1378 756 ﬁeri
1413 717 1758 772 progressus.

992 835 998 840 ι
1069 821 1176 891 27
1205 819 1436 875 CAPUT
1492 819 1583 875 x1.

963 934 1042 990 De
1070 935 1271 988 ortibus
1307 944 1357 989 et
1399 935 1688 990 occasibus.

613 1047 846 1104 Mundus
887 1063 1011 1103 cum
1055 1057 1304 1104 movetur
1349 1049 1418 1104 ab
1446 1042 1569 1104 ortu
1608 1066 1799 1106 versus
1833 1064 2112 1115 occasum,

543 1139 631 1194 die
649 1147 703 1194 et
724 1150 882 1194 nocte
904 1140 1212 1195 restituitur
1233 1143 1301 1195 ab
1323 1149 1446 1195 ortu
1468 1157 1657 1197 versus
1677 1150 1856 1196 ortum
1875 1162 1886 1196 :
1905 1141 1958 1196 in
1986 1157 2119 1198 con-

545 1230 803 1284 versione
849 1239 1032 1284 autem
1087 1231 1273 1285 mundi
1318 1247 1508 1286 omnes
1545 1232 1717 1286 stellae
1765 1231 2011 1301 quotidie
2065 1237 2120 1286 et

544 1323 802 1376 oriuntur
831 1333 886 1377 et
933 1323 1218 1378 occidunt.
1255 1323 1321 1376 Et
1355 1332 1512 1378 ortus
1541 1323 1760 1394 quidem
1789 1333 1874 1379 est
1904 1323 2120 1394 appari-

549 1416 624 1468 tio
649 1431 817 1484 supra
849 1415 1186 1470 horizontem
1215 1433 1230 1481 ;
1261 1430 1494 1471 occasus
1524 1432 1653 1471 vero
1695 1426 1778 1470 cst
1805 1416 2117 1479 occultatio,

549 1524 670 1576 qua:
715 1509 962 1578 quotidie
1010 1510 1067 1561 lit
1095 1513 1098 1516 '
1126 1509 1269 1562 infra
1325 1509 1688 1563 horizontem.
1737 1508 1909 1562 Aliter
1939 1515 2120 1560 autem

547 1600 806 1654 dicuntur
848 1600 1092 1670 ὲπιτολὴ,
1138 1598 1232 1652 καὶ
1265 1599 1485 1671 κρύψις,
1520 1599 1572 1653 id
1623 1607 1707 1653 εει
1735 1599 2022 1670 apparitio,
2067 1604 2122 1652 et

548 1693 878 1758 occultatio;
920 1708 1043 1762 qua:
1085 1693 1333 1758 nonnulli
1379 1709 1442 1746 ex
1476 1692 1778 1761 ignorantia
1821 1690 2123 1746 secundum

548 1780 801 1834 eumdem
829 1796 1052 1836 sensum
1087 1791 1281 1851 putant
1315 1783 1442 1837 dici.
1476 1781 1570 1835 Est
1597 1793 1776 1835 autem
1801 1795 1995 1850 magna
2018 1778 2124 1834 dif-

2215 602 2358 659 σθαι.

2734 824 2912 877 ΚΕΦᾹ
2920 822 3127 878 ΛΑῙΟΝ
3161 823 3258 877 lA'.

2549 940 2686 1007 Περὶ
2718 936 3030 993 ἀνατολῶν
3055 937 3151 989 καὶ
3184 932 3449 1002 δυσμῶν.

2297 1057 2358 1108 '0
2397 1055 2622 1124 κόσμος,
2669 1052 2986 1124 κινούμενος
3037 1053 3132 1105 ἀπ’
3175 1047 3439 1118 ἀνατολῆς
3483 1044 3575 1097 ἐπὶ
3612 1043 3780 1106 δύσιν,

2218 1147 2402 1218 ἡμέρᾳ.
2446 1147 2540 1200 καὶ
2579 1146 2736 1198 νυκτὶ
2784 1143 3215 1198 ἀποκαθίσταται
3261 1141 3355 1194 ἀπ’
3404 1135 3663 1206 ἀνατολῆς
3696 1136 3783 1187 ἐπ’

2218 1238 2505 1308 ἀνατολήν.
2546 1239 2634 1291 Ἐν
2658 1237 2714 1290 δὲ
2749 1240 2815 1306 τῇ
2851 1236 2942 1290 τοῦ
2980 1236 3184 1304 κόσμου
3219 1233 3554 1304 περιστροφῇ
3588 1231 3783 1290 πάντες

2218 1332 2268 1384 οί
2301 1331 2526 1400 ἀστέρες
2556 1329 2677 1382 καθ’
2702 1329 2935 1398 ἑκάστην
2955 1329 3167 1399 ἡμέραν
3198 1327 3291 1380 καὶ
3321 1323 3664 1377 ἀνατέλλουσι
3693 1323 3782 1372 καὶ

2221 1420 2454 1473 δύνουσι.
2493 1419 2600 1471 Καὶ
2625 1418 2770 1470 ἔστιν
2799 1416 3029 1488 ἀνατολὴ
3060 1418 3155 1487 μὲν
3188 1417 3220 1486 ἡ
3255 1414 3374 1468 καθ’
3395 1413 3631 1482 ἑκάστην
3659 1410 3792 1480 ἡμέ-

2223 1528 2322 1582 ραν
2368 1509 2626 1580 γινομένη
2665 1510 2800 1581 πρὸς
2827 1509 2918 1562 τὸν
2960 1509 3207 1580 ὁρίζοντα
3257 1507 3418 1575 φάσις
3448 1505 3492 1540 δι’
3511 1522 3524 1534 ·
3553 1503 3703 1565 δύσις
3731 1501 3790 1553 δὲ

2220 1604 2254 1670 ἡ
2288 1599 2408 1671 καθ’
2440 1600 2673 1669 ἑκάστην
2717 1597 2929 1671 ἡμέραν
2970 1598 3226 1668 γινομένη
3261 1595 3364 1648 ὑπὸ
3413 1593 3502 1647 τὸν
3543 1591 3792 1664 ὁρίζοντα

2223 1670 2440 1762 κρύιζαις.
2476 1689 2684 1752 Ἀλλως
2734 1689 2791 1742 δὲ
2832 1670 3079 1757 λέγονται
3133 1687 3376 1741 ὲπιτολαὶ
3416 1687 3510 1738 καὶ
3541 1683 3790 1753 κρύψεις,

2223 1783 2289 1845 ἃς
2314 1783 2444 1836 ἔνιοι
2467 1781 2788 1849 ἀγνοοῦντες
2821 1781 2961 1833 κατά
2984 1779 3081 1850 τὴν
3111 1779 3277 1849 αὐτὴν
3311 1777 3516 1830 ἔννοιαν
3547 1774 3790 1844 ὑπολαμ-

552 1874 782 1928 fermtia
830 1875 974 1929 inter
1018 1876 1282 1945 ἀνατολήν
1329 1884 1381 1929 ει
1421 1875 1694 1945 ἐπιτολήν.
1739 1873 1992 1944 Ἀνατολή
2039 1880 2125 1928 est
2156 1855 2198 1910 Β
2227 1878 2448 1931 ϐάνουσι
2484 1875 2754 1943 λέγεσθαι.
2783 1874 3008 1944 Μεγάλη
3043 1874 3099 1926 δέ
3128 1876 3242 1926 ἐστι
3273 1870 3503 1940 διατορά
3533 1867 3795 1937 ἀνατολῆς

551 1972 709 2020 οιίυε
750 1965 861 2028 ille,
897 1965 964 2020 de
1006 1966 1248 2035 quojam
1286 1965 1491 2018 dictum
1529 1974 1634 2019 est.
1681 1963 1749 2018 At
1779 1962 1998 2034 ἐπιτολὴ
2043 1970 2127 2017 εει

553 2056 647 2110 illa
692 2055 761 2110 ad
794 2056 1133 2110 horizontem
1175 2055 1466 2125 apparitio,
1499 2071 1620 2124 qua:
1650 2055 1959 2110 desumitur
2002 2069 2127 2108 cum

553 2145 813 2199 distantia
849 2160 879 2198 a
925 2145 1061 2200 sole.
1099 2143 1298 2198 Eadem
1331 2144 1634 2198 dill‘erentia
1669 2151 1751 2199 est
1780 2145 1919 2198 inter
1947 2144 2126 2208 δύσιν,

557 2234 611 2288 id
654 2241 737 2289 est
778 2249 1056 2298 occasum,
1101 2242 1156 2288 et
1199 2233 1420 2304 κρύψιν,
1454 2233 1509 2286 id
1556 2242 1642 2288 est
1684 2235 2123 2289 occultationem.

555 2326 729 2381 Aliter
760 2326 904 2380 enim
944 2325 1147 2379 dicitur
1187 2324 1358 2389 δύσις,
1405 2340 1660 2390 occasus,
1701 2327 1795 2395 qui
1835 2334 1919 2381 est
1951 2327 2131 2396 quoti-

557 2416 719 2469 diana
779 2415 922 2469 inlra
979 2416 1316 2470 horizontem
1375 2417 1671 2472 occultatio
1721 2437 1733 2472 ε
1797 2418 1955 2474 aliter
2001 2435 2131 2474 vero

557 2507 777 2578 κρύψις,
811 2507 863 2561 id
893 2515 975 2562 est
1008 2508 1304 2562 occultatio
1368 2525 1491 2579 quae
1533 2509 1590 2563 lit
1625 2510 1788 2566 simul
1828 2521 1885 2566 et
1931 2511 1998 2566 ad
2031 2512 2130 2567 ho-

558 2601 823 2654 rixantem
847 2610 901 2654 et
925 2599 993 2654 ad
1015 2601 1210 2657 solem.

630 2691 768 2746 Sunt
801 2701 981 2747 autem
1011 2693 1281 2762 cujusque
1305 2693 1476 2748 stella:
1503 2703 1658 2750 ortus
1693 2694 1829 2761 duo;
1864 2695 1956 2750 alii
1985 2695 2131 2751 enim

557 2779 816 2834 dicuntur
855 2781 1132 2844 matutini,
1167 2781 1262 2838 alii
1305 2783 1623 2852 vespertini.
1653 2783 1950 2840 Matutinus
1979 2765 2133 2841 ortus

560 2883 665 2938 est,
696 2888 820 2926 cum
863 2873 1026 2929 simul
1057 2890 1182 2928 cum
1219 2875 1338 2931 sole
1380 2876 1593 2930 oriente
1627 2876 1782 2930 stella
1813 2877 1994 2946 aliqua
2023 2877 2135 2931 ori-

562 2976 675 3031 tur,
707 2975 900 3037 estque
927 2966 1116 3021 eodem
1146 2975 1390 3038 tempore
1430 2967 1486 3022 iu
1519 2967 1822 3023 horizonte.
1857 2967 2136 3039 Vesperti-

565 3072 670 3111 nus
704 3063 858 3112 ortus
883 3064 988 3120 est,
1021 3071 1146 3111 cum
1182 3057 1300 3110 sole
1329 3055 1617 3112 occidente
1651 3059 1827 3111 oritur
1856 3057 2012 3113 stella
2037 3057 2138 3113 ali-

562 3164 673 3220 qua
705 3148 867 3204 simul
897 3149 953 3202 in
992 3149 1279 3203 horizonte
1302 3148 1625 3203 constituta.

638 3325 1024 3380 Matutinorum
1059 3333 1114 3381 et
1144 3325 1581 3396 vespertinorum
1617 3335 1837 3382 ortuunt
1863 3331 1981 3384 dum
2011 3339 2142 3387 sunt

567 3418 912 3475 differentiae.
968 3419 1074 3473 Alii
1119 3419 1267 3475 enim
1307 3434 1498 3474 eorum
1548 3420 1662 3474 veri
1703 3420 1999 3490 dicuntur;
2046 3424 2140 3479 alii

569 3523 919 3583 apparentes.
951 3513 1074 3567 Veri
1107 3528 1232 3567 cum
1260 3514 1424 3570 simul
1461 3529 1651 3570 revera
1683 3516 1842 3570 stella
1870 3517 2053 3586 aliqua
2084 3519 2142 3574 in

570 3606 857 3661 ltorizonte
887 3607 1186 3661 constituta
1213 3607 1410 3672 oritur,
1441 3608 1558 3663 sole
1582 3608 1791 3664 oriente
1819 3629 1832 3663 :
1868 3618 2031 3680 atque
2054 3611 2143 3666 hic

571 3706 750 3765 ortus,
782 3715 890 3754 non
925 3698 1142 3754 videtur
1172 3707 1396 3770 pr0pter
1430 3700 1615 3755 radios
1660 3701 1814 3756 solis.
1851 3700 1909 3756 In
1953 3702 2144 3760 diebus

572 3803 752 3847 autem
779 3793 1022 3862 proxime
1051 3792 1408 3862 sequentibus
1438 3793 1541 3854 sol,
1572 3808 1696 3847 cum
1734 3801 1924 3848 contra
1956 3795 2144 3850 tnundi

575 3892 784 3939 motum
836 3891 1142 3947 moveatur,
1181 3884 1380 3939 transit
1419 3884 1475 3938 in
1517 3887 1948 3955 consequentia;
1990 3888 2145 3944 stella

577 3990 706 4030 vero
745 3982 958 4027 tantum
1003 3975 1182 4028 oritur
1235 3982 1360 4028 ante
1421 3978 1614 4039 solem,
1656 3984 1920 4046 quantum
1963 3978 2044 4032 sol
2091 3978 2146 4032 in

581 4066 975 4137 consequentia
997 4067 1278 4121 transierit
1312 4067 1366 4121 in
1389 4066 1588 4122 diurno
1611 4075 1873 4138 tempore.
1899 4069 2146 4124 Nondum

581 4170 764 4213 tamen
797 4166 978 4227 potest
1024 4157 1260 4226 spectari
1310 4165 1466 4212 ortus
1513 4159 1683 4224 astri;
1720 4160 1898 4214 adhuc
1937 4161 2082 4214 enim
2117 4176 2147 4214 a

580 4251 698 4306 sole
740 4251 1089 4305 obscuratur.
1128 4247 1342 4302 Rursus
1370 4264 1502 4303 vero
1546 4251 1600 4303 in
1647 4249 1736 4304 die
1775 4251 2020 4320 proxime
2065 4268 2150 4306 se-

579 4344 768 4413 quenti
799 4342 882 4396 sol
905 4342 961 4396 in
993 4343 1384 4410 consequentia
1410 4343 1658 4408 transiit;
1693 4343 1850 4398 stella
1874 4359 2004 4398 vero
2039 4352 2154 4398 tan-

581 4446 696 4491 tum
732 4435 908 4489 oritur
940 4441 1067 4489 ante
1097 4433 1288 4495 solem,
1313 4442 1576 4503 quantum
1608 4433 1689 4488 sol
1715 4433 1771 4488 in
1793 4433 2008 4489 duobus
2039 4434 2154 4490 die-

2229 1969 2322 2022 καὶ
2364 1968 2638 2036 ἑπιτολῆς.
2687 1966 2944 2036 Ἀνατολὴ
2993 1966 3090 2036 μὲν
3134 1965 3242 2036 γάρ
3281 1966 3492 2034 ἐστινὴ
3537 1979 3794 2034 προειρη-

2230 2061 2362 2132 μένη
2385 2078 2397 2092 ·
2433 2060 2651 2130 ὲπιτολὴ
2672 2060 2729 2112 δὲ
2758 2061 2790 2130 ἡ
2813 2058 3070 2128 γινομένη
3101 2057 3235 2128 πρὸς
3256 2057 3351 2110 τὸν
3371 2055 3612 2126 ὁρίζοντα
3635 2053 3799 2122 φάσις

2232 2149 2371 2220 μετὰ
2403 2150 2503 2219 τῆς
2548 2150 2685 2220 πρὸς
2715 2148 2804 2201 τὸν
2837 2147 2986 2218 ἡλιον
3021 2146 3373 2210 ἀποστάσεως
3418 2142 3798 2213 ἀπολαμϐανοο

2232 2241 2388 2310 μένη.
2434 2241 2492 2293 '0
2519 2239 2576 2292 δὲ
2599 2239 2758 2302 αὐτὸς
2785 2238 2940 2307 λόγος
2969 2240 3062 2292 καὶ
3090 2239 3181 2290 ὲπὶ
3209 2239 3305 2308 τῆς
3328 2236 3551 2299 δύσεως,
3586 2235 3678 2288 καὶ
3705 2236 3801 2287 ἐπὶ

2228 2330 2328 2400 τῆς
2355 2331 2626 2403 κρύψεως.
2667 2331 2874 2393 Ἀλλως
2911 2330 3008 2400 μὲν
3039 2329 3147 2401 γὰρ
3180 2329 3398 2397 λέγεται
3427 2328 3578 2390 δύσις
3611 2329 3643 2397 ἡ
3677 2326 3800 2380 καθ’

2231 2423 2467 2493 ἑκάστην
2494 2423 2710 2493 ἡμέραν
2746 2423 3004 2493 γινομένη
3037 2423 3140 2475 ὑπὸ
3172 2421 3264 2474 τὸν
3300 2421 3547 2491 ὁρίζοντα
3579 2417 3799 2490 κρύψις,

2231 2517 2406 2580 ἄλλως
2436 2517 2492 2570 δὲ
2522 2519 2554 2587 ἡ
2588 2517 2843 2588 γινομένη
2876 2515 3073 2588 κρύψις
3115 2515 3250 2586 πρὸς
3280 2515 3371 2567 τὸν
3402 2512 3650 2584 ὁρίζοντα
3687 2509 3805 2579 ἀμα

2232 2613 2327 2666 καὶ
2350 2612 2441 2664 τὸν
2466 2611 2634 2682 ἡλιον.

2304 2704 2425 2758 Είσὶ
2457 2704 2514 2757 δὲ
2558 2703 2689 2774 περὶ
2726 2703 2954 2756 ἕκαστον
2978 2699 3086 2754 τῶν
3123 2699 3368 2770 ἀστέρων
3405 2696 3645 2750 ὲπιτολαὶ
3675 2693 3800 2746 δύο·

2233 2797 2289 2848 αἱ
2319 2795 2416 2865 μὲν
2448 2793 2554 2864 γάρ
2599 2793 2777 2846 αὐτῶν
2804 2793 3051 2861 λέγονται
3085 2790 3324 2853 ὲωθιναὶ,
3351 2791 3406 2842 αἱ
3441 2788 3497 2842 δὲ
3533 2786 3806 2856 ἑσπέριαι.

2234 2887 2343 2940 Καί
2376 2888 2524 2940 ἐστιν
2547 2884 2658 2955 ἑῴα
2692 2887 2788 2956 μὲν
2827 2885 3069 2955 ὲπιτολὴ,
3099 2886 3227 2938 ὅταν
3259 2885 3375 2954 ᾶμα
3411 2881 3487 2952 τῷ
3515 2881 3648 2951 ἡλίῳ
3678 2881 3813 2933 ἀνα-

2235 2979 2468 3032 τέλλοντι
2504 2977 2863 3048 συνανατέλλῃ
2889 2995 2974 3040 τις
2998 2977 3189 3048 ἀστὴρ,
3221 2958 3362 3029 κᾶτά
3381 2975 3470 3027 τὸν
3495 2974 3656 3037 αὐτὸν
3681 2972 3811 3044 χρό-

2236 3087 2326 3125 νον
2363 3071 2647 3141 γινόμενος
2685 3070 2779 3122 έπὶ
2810 3067 2904 3122 τοῦ
2955 3067 3229 3139 ὁρίζοντος
3254 3083 3268 3097 ⁸
3319 3064 3549 3135 ἑσπερία
3585 3063 3627 3115 δ’
3661 3063 3814 3114 ἐστὶν

2240 3162 2481 3234 ὲπιτολὴ,
2507 3163 2634 3216 ὅταν
2662 3161 2755 3215 τοῦ
2782 3159 2934 3230 ἡλίου
2970 3158 3217 3221 δύνοντος
3246 3155 3500 3227 ὲπιτέλλῃ
3525 3171 3609 3218 τις
3636 3153 3813 3224 ἀστὴρ

2242 3251 2358 3324 ἅμα
2384 3251 2524 3306 κατά
2548 3250 2637 3304 τὸν
2663 3251 2912 3322 ὁρίζοντα
2937 3249 3245 3320 γενόμενος.

2310 3343 2430 3396 Τῶν
2459 3343 2515 3398 δὲ
2542 3342 2692 3414 ἑῴων
2724 3342 2818 3396 καὶ
2844 3341 2953 3395 τῶν
2983 3342 3254 3413 ἐσπερίων
3279 3337 3538 3393 ὲπιτολῶν
3559 3335 3818 3407 διαφοραί

2241 3443 2346 3494 εἰσι
2373 3437 2485 3492 δύο.
2519 3438 2586 3490 Al
2622 3437 2718 3508 μὲν
2747 3435 2854 3506 γάρ
2888 3433 3068 3488 αὐτῶν
3100 3431 3350 3503 ἀληθιναὶ
3379 3430 3646 3498 λέγονται,
3679 3429 3734 3482 al
3759 3426 3819 3481 δὲ

2243 3531 2599 3602 φαινόμεναιο
2639 3527 2889 3599 ἀληθιναὶ
2928 3527 3046 3596 μὲν,
3085 3525 3214 3578 ὅταν
3248 3524 3365 3594 ἀμα
3399 3523 3520 3575 κατ’
3560 3519 3820 3590 ἀλήθειαν

2244 3625 2336 3677 ἐπὶ
2367 3621 2460 3676 τοῦ
2499 3621 2771 3692 ὁρίζοντος
2807 3617 3098 3688 γενόμενος
3131 3614 3511 3676 ἀνατέλλοντος
3538 3610 3632 3664 τοῦ
3664 3609 3817 3681 ἡλίου

2245 3712 2606 3782 συνανατέλλῃ
2628 3729 2712 3774 τις
2741 3711 2946 3780 ἀστὴρο
2990 3707 3128 3777 αὕτη
3166 3707 3224 3760 δὲ
3246 3707 3280 3777 ἡ
3311 3704 3532 3776 ὲπιτολὴ
3569 3700 3819 3773 ἀθεώρη-

2243 3820 2335 3867 τος
2361 3801 2568 3870 γίνεται
2593 3799 2682 3853 διὰ
2705 3799 2804 3863 τὰς
2831 3797 3006 3867 αὐγὰς
3034 3796 3128 3850 τοῦ
3159 3795 3330 3867 ἡλίου.
3370 3795 3460 3849 Ἐν
3482 3793 3540 3847 δὲ
3560 3796 3682 3856 ταῖς
3706 3796 3823 3862 ὲχο-

2249 3895 2438 3966 μέναις
2463 3891 2696 3964 ἡμέραις
2729 3893 2758 3944 6
2790 3890 2890 3960 μὲν
2917 3889 3088 3959 ἥλιος,
3118 3887 3452 3949 ὑπεναντίως
3483 3884 3820 3956 κινούμενος,

2247 3988 2327 4048 είς
2349 3983 2416 4037 τὰ
2444 3984 2683 4054 ἑπόμενα
2716 3980 3028 4052 μεταϐαίνει
3043 3997 3057 4010 ο
3079 3980 3108 4032 6
3131 3979 3188 4032 δὲ
3216 3978 3390 4049 άστὴρ
3413 3977 3665 4031 τοσοῦτον
3688 3995 3823 4049 προ-

2248 4074 2524 4130 ανατέλλει
2570 4073 2663 4127 τοῦ
2700 4073 2874 4144 ἡλίου,
2909 4071 3106 4124 ὁπόσον
3131 4072 3158 4122 ὁ
3185 4070 3335 4140 ἡλιος
3369 4069 3551 4134 εἰςτά
3583 4069 3826 4139 ἑπόμενα

2253 4165 2459 4238 μεταϐῇ
2509 4166 2566 4217 ἐν
2597 4163 2676 4234 τῷ
2715 4163 3006 4234 ἡμερησίῳ
3037 4161 3233 4232 χρόνῳ.
3269 4160 3436 4214 Οὔπω
3465 4161 3649 4231 μέντοι
3668 4160 3828 4212 δύνα-

2249 4275 2338 4311 ται
2361 4255 2702 4328 θεωρηθῆναι
2734 4257 2767 4324 ἡ
2801 4253 2894 4307 τοῦ
2921 4253 3118 4323 ἄστρου
3150 4252 3369 4322 ὲπιτολή
3389 4270 3402 4283 ο
3432 4252 3591 4305 ἔτιδὲ
3629 4269 3830 4304 καταυ-

2252 4353 2425 4418 γείται
2483 4350 2588 4402 ὑπὸ
2629 4348 2724 4401 τοῦ
2768 4346 2940 4418 ἡλίου.
2969 4345 3137 4399 Πάλιν
3181 4345 3238 4398 δὲ
3269 4348 3326 4398 ὲν
3359 4345 3458 4416 μὲν
3497 4347 3564 4415 τῇ
3597 4343 3836 4415 ἐχομένῃ

2253 4443 2437 4514 ἡμέρᾳ
2456 4443 2485 4494 ὁ
2511 4441 2607 4511 μὲν
2636 4440 2786 4510 ἡλιος
2805 4441 2884 4502 είς
2903 4437 2972 4491 τά
2993 4439 3236 4509 ἑπόμενα
3259 4436 3456 4508 μετέϐη
3476 4453 3490 4466 ·
3523 4438 3551 4489 6
3569 4435 3626 4489 δὲ
3656 4435 3833 4505 ἀστὴρ

580 4531 686 4586 bus
715 4543 1040 4601 progressus
1082 4527 1204 4581 fuit.
1237 4526 1295 4580 In
1325 4527 1520 4582 diebus
1553 4525 1751 4582 deinde
1778 4528 2038 4581 continuo
2063 4542 2140 4583 se-

2252 4533 2506 4588 τοσοῢτον
2530 4531 2919 4604 προανατέλλει
2942 4529 3036 4584 τοῦ
3065 4529 3236 4602 ἡλίου,
3259 4529 3380 4582 ὅσον
3411 4529 3440 4581 ὁ
3458 4529 3610 4598 ἥλιος
3631 4530 3687 4580 ὲν
3712 4529 3834 4591 ταῖς

581 4623 876 4693 quentibus
899 4620 1052 4677 stella
1079 4633 1293 4688 semper
1323 4621 1495 4689 magis
1521 4618 1806 4689 magisque
1835 4619 2154 4690 tempestive

585 4725 709 4769 ante
739 4713 910 4768 solem
951 4711 1158 4778 oriens,
1195 4725 1321 4765 cum
1360 4717 1570 4764 tantum
1608 4719 1842 4780 prworta
1873 4710 2060 4778 fuerit,
2095 4719 2155 4766 ut

585 4805 721 4861 astri
747 4814 904 4859 ortus
947 4811 1244 4872 spectetur,
1273 4817 1398 4856 cum
1431 4802 1608 4871 ipsum
1647 4800 1830 4856 radios
1860 4803 1994 4858 solis
2021 4801 2156 4858 ellu-

587 4899 744 4968 gerit,
780 4905 911 4951 tunc
939 4896 1143 4951 dicitur
1183 4895 1340 4951 stella
1373 4895 1488 4950 haec
1528 4896 1855 4949 matutinum
1887 4912 2156 4966 apparen-

587 5001 698 5045 tem
729 4997 908 5043 ortum
943 4987 1143 5044 facere.
1183 4987 1356 5054 Quam
1385 4988 1455 5042 ob
1483 5003 1702 5042 causam
1731 4989 1892 5044 etiam
1920 4989 1973 5041 in
2002 4990 2160 5043 tabu-

591 5083 658 5136 lis
706 5087 1031 5152 apparentes
1079 5091 1350 5135 astrorum
1392 5088 1548 5136 ortus
1592 5080 1991 5150 prtedicuntur;
2032 5096 2156 5136 nam

589 5175 708 5230 veri
753 5182 908 5228 ortus
951 5179 1079 5228 sunt
1127 5172 1448 5235 invisibiles,
1496 5181 1660 5242 atque
1710 5171 2158 5228 inobservabiles.

591 5270 661 5322 At
685 5275 1019 5337 apparentes
1052 5271 1227 5326 ortus,
1259 5271 1314 5318 et
1354 5264 1744 5334 praedicuntur,
1777 5275 1830 5319 et
1863 5265 2161 5320 observan-

591 5369 701 5414 tur.
729 5359 927 5414 Eadem
957 5373 1150 5412 rursus
1170 5357 1332 5410 etiam
1364 5363 1447 5411 est
1471 5356 1612 5409 ratio
1639 5357 1693 5410 in
1724 5357 2044 5425 vespertinis
2075 5371 2166 5410 or-

593 5453 760 5506 tibus.
795 5447 1004 5502 Etenim
1037 5445 1229 5500 horum
1256 5445 1375 5499 duae
1404 5452 1532 5499 sunt
1565 5445 1882 5501 dilferentire
1915 5465 1927 5499 :
1968 5447 2162 5500 horum

593 5541 740 5594 enim
767 5539 859 5594 alii
892 5538 1154 5593 dicuntur
1187 5537 1321 5599 veri,
1375 5537 1466 5590 alii
1507 5545 1854 5606 apparentes.
1888 5535 2013 5592 Veri
2043 5537 2167 5607 qui-

597 5630 741 5693 dem,
781 5643 906 5683 cum
951 5627 1114 5683 simul
1160 5643 1306 5692 vere,
1341 5626 1642 5682 secundum
1680 5627 2056 5696 pmcisionem
2087 5643 2167 5682 ra-

694 5805 738 5837 ⁸³
763 5825 848 5875 ῃο.
891 5807 1083 5876 ἡὺπὲρ
1113 5807 1198 5860 τὸν
1232 5805 1480 5877 ὁρίζοντα
1528 5805 1849 5877 φανέρωσιςο

2254 4625 2406 4678 δυσὶν
2452 4625 2685 4695 ἡμέραις
2742 4621 3092 4694 μετεκινήθη.
3151 4622 3240 4674 Ἐν
3287 4621 3345 4674 δὲ
3388 4623 3507 4684 ταῖς
3548 4621 3838 4690 ἐχομέναις

2256 4717 2492 4788 ἡμέραις
2517 4714 2604 4768 ἀεὶ
2630 4713 2726 4767 τοῦ
2753 4713 2981 4784 ἀστέρος
3007 4712 3335 4784 ένωρότερον
3375 4710 3574 4783 μᾶλλον
3613 4711 3709 4763 καὶ
3756 4712 3840 4762 tvo

2217 4841 2220 4844 -
2257 4809 2425 4879 ωρότε
2437 4823 2524 4878 ρον
2548 4804 3056 4877 προανατέλλοντος,
3087 4803 3214 4856 ὅταν
3237 4801 3488 4855 τοσοῦτον
3505 4799 3841 4870 προανατέλ-

2258 4898 2346 4969 λῃ,
2372 4897 2511 4950 ὥστε
2531 4895 2870 4967 θεωρηθῆναι
2892 4895 2990 4965 τὴν
3017 4893 3112 4947 τοῦ
3143 4893 3342 4964 ἄστρου
3372 4891 3646 4962 ἐπιτολὴν,
3673 4893 3842 4944 ἐκπε-

2261 4988 2520 5058 φευγότος
2549 4987 2715 5042 αὐτοῦ
2765 4987 2864 5051 τὰς
2896 4986 3069 5054 αύγάς
3094 4984 3186 5038 τοῦ
3225 4984 3395 5054 ἡλίου,
3424 4984 3544 5037 τότε
3573 4983 3788 5051 λέγεται
3810 4985 3842 5036 6

2261 5082 2435 5154 ἀστὴρ
2467 5076 2620 5144 οὗτος
2665 5079 2801 5150 ἑῴαν
2831 5079 3161 5150 φαινομένην
3191 5077 3441 5148 ἐπιτολὴν
3480 5075 3843 5144 πεποιῆσθαι.

2263 5176 2336 5226 Δι’
2358 5175 2422 5244 ἡν
2442 5174 2616 5226 αἰτίαν
2632 5175 2726 5226 καὶ
2747 5175 2803 5224 ὲν
2830 5175 2942 5234 τοῖς
2959 5170 3301 5240 ψηφίσμασιν
3316 5171 3372 5222 al
3395 5169 3717 5238 φαινόμεναι
3733 5167 3847 5220 τῶν

2264 5265 2478 5336 ἄστρων
2502 5265 2746 5334 ὲπιτολαὶ
2767 5263 3142 5334 προλέγονται,
3162 5262 3256 5316 καὶ
3281 5259 3742 5334 παρατηροῦνται.
3782 5260 3848 5311 ’0

2263 5360 2319 5412 δὲ
2335 5359 2494 5421 αὐτὸς
2523 5357 2677 5426 λόγος
2705 5359 2799 5411 καὶ
2825 5357 3044 5409 ἐπὶτῶν
3076 5354 3346 5427 ἑσπερίων
3362 5353 3623 5406 ὲπιτολῶν
3657 5352 3846 5407 πάλιν.

2267 5451 2375 5504 Καὶ
2399 5449 2506 5520 γὰρ
2529 5449 2732 5502 τούτων
2763 5448 3014 5516 διαφοραί
3040 5450 3146 5500 είσι
3169 5447 3260 5499 δύο
3279 5465 3291 5477 '
3320 5447 3376 5499 αἱ
3408 5447 3506 5516 μὲν
3531 5445 3640 5516 γὰρ
3661 5444 3849 5496 αὐτῶν

2267 5540 2518 5611 ἀληθιναὶ
2547 5539 2814 5607 λέγονται,
2848 5540 2901 5591 al
2944 5538 2999 5590 δὲ
3035 5537 3390 5606 φαινόμεναι·
3432 5533 3684 5606 ἀληθιναὶ
3723 5535 3848 5603 μὲν,

2268 5630 2400 5683 ὅταν
2420 5629 2532 5699 ἃμα
2555 5629 2674 5684 κατ’
2695 5626 2969 5698 ἀλήθειαν,
2993 5623 3088 5678 τοῦ
3117 5624 3268 5696 ἡλίου
3293 5624 3558 5688 δύνοντος,
3598 5623 3858 5697 ἐπιτείλῃ
