4116 6400
255 395 386 452 .329
1273 396 1279 404 ’
1321 393 1559 451 GEMINI
1598 389 1971 450 ELEMENTA
2008 392 2498 457 ASTRONOMIE.
2676 411 2680 418 '
3417 409 3526 467 8'50

255 532 368 584 ’τις
385 516 581 589 ἀστὴρ,
607 514 723 588 ἅμα
753 516 1034 588 γινόμενος
1064 516 1158 569 ἐπὶ
1181 515 1275 570 τοῦ
1304 517 1577 588 ὁρίζοντος
1599 517 1735 588 πρὸς
1753 515 1853 587 τὴν

1898 518 1925 573 ι
1957 516 2140 585 tionis,
2171 521 2328 577 stella
2357 523 2540 594 aliqua
2574 524 2626 577 in
2677 524 2959 582 borizonte
3003 528 3302 584 constituta
3331 529 3523 595 oritur,

279 613 425 670 κατὰ
451 610 543 665 τὸν
573 609 729 678 λόγον
769 609 1071 680 ἀκρίϐειαν.
1102 610 1214 663 Καὶ
1238 602 1398 663 αὗται
1428 610 1576 663 δὲςαί
1613 608 1853 663 ἑπιτολαὶ

1957 612 2072 666 sole
2107 615 2409 670 occidente.
2442 615 2621 685 Atque
2647 616 2700 670 lii
2734 626 2892 673 ortus
2926 626 3053 673 sunt
3081 619 3380 675 invisibiles
3401 633 3525 688 pro-

279 704 583 776 ἀθεώρητοι
611 703 849 771 γίνονται
877 701 966 755 διὰ
993 703 1093 766 τὰς
1135 702 1308 771 αὐγὰς
1337 702 1430 757 τοῦ
1461 702 1631 773 ἡλίου.
1681 702 1767 754 Ἐν
1795 702 1852 754 δὲ

1955 709 2076 770 pter
2101 703 2286 759 radios
2327 705 2481 760 solis.
2510 703 2567 758 In
2597 704 2791 762 diebus
2828 721 2960 760 vero
2989 706 3369 775 sequentibus,
3399 720 3523 760 cum

247 824 258 829 -
277 801 403 861 ταῖς
431 797 559 868 ἑξῆς
587 797 822 867 ἡμέραις
845 794 933 848 διὰ
955 796 1052 865 τὴν
1081 795 1174 848 τοῦ
1195 795 1346 865 ἡλίου
1375 795 1687 865 μετάϐασιν,
1725 811 1850 847 συν-

1955 805 2177 864 propter
2206 795 2339 850 solis
2362 811 2715 866 progressum
2745 797 3006 852 distantia
3035 799 3156 867 ejus
3185 814 3216 852 a
3242 797 3399 853 stella
3430 797 3526 850 mi.

279 888 604 960 atpoupévcs
637 887 730 940 τοῦ
771 887 907 957 πρὸς
935 887 1027 939 τὸν
1063 885 1266 957 ἀστέρα
1305 887 1682 958 διαστήματος,
1716 903 1850 956 προ-

1952 895 2176 954 uuatur,
2227 889 2386 942 stella
2423 888 2641 958 quidem
2687 890 2864 943 oritur
2911 898 3038 944 ante
3081 889 3213 944 solis
3241 904 3521 954 occasum,

279 980 562 1034 ανατέλλει
600 979 700 1050 μὲν
733 978 838 1050 πρὸ
876 978 976 1048 τῆς
998 977 1091 1031 τοῦ
1126 977 1274 1048 ἡλίου
1307 976 1529 1041 δύσεως,
1560 976 1639 1030 ἔτι
1670 977 1726 1030 δὲ
1748 976 1853 1030 ὑπὸ

1955 978 2132 1032 adhuc
2160 987 2342 1034 tamen
2373 994 2404 1033 a
2429 981 2544 1035 sole
2573 979 2866 1034 obscurata
2905 980 3194 1036 invisibilis
3245 989 3365 1036 est:
3397 994 3523 1035 cum

279 1072 375 1126 τοῦ
402 1072 552 1143 ἡλίου
595 1072 1036 1143 καταυγούμενος
1067 1070 1377 1141 ἀθεώρητὸς
1407 1073 1572 1123 ἑστιν.
1607 1070 1774 1124 Ὅταν
1794 1071 1851 1123 δὲ

1955 1084 2083 1122 vero
2124 1079 2250 1138 post
2287 1071 2421 1126 solis
2456 1085 2710 1126 occasum
2752 1073 2987 1141 primum
3019 1079 3313 1141 conspecta
3357 1070 3523 1125 fuerit

285 1163 424 1235 μετά
467 1163 566 1234 τὴν
612 1162 706 1216 τοῦ
731 1163 883 1234 ἡλίου
926 1162 1076 1216 δύσιν
1114 1163 1328 1235 πρῶτος
1362 1160 1715 1232 ἐκπεφευγὼς
1754 1161 1851 1224 τὰς

1953 1159 2210 1230 ell‘ugisse
2246 1162 2429 1218 radios
2461 1164 2616 1228 solis,
2649 1171 2778 1218 tunc
2813 1163 3020 1218 dicitur
3047 1171 3392 1234 apparentem
3427 1178 3520 1218 ve-

281 1256 456 1325 αύγάς
485 1256 578 1309 τοῦ
613 1255 764 1326 ἡλίου
795 1255 1066 1326 θεωρηθῇ,
1099 1255 1220 1309 τότε
1263 1255 1477 1323 λέγεται
1521 1253 1852 1324 φαινομένην

1953 1249 2260 1316 spertinum
2305 1259 2482 1304 ortum
2528 1251 2728 1307 facere.
2758 1255 2819 1305 In
2861 1254 3215 1322 sequentibus
3261 1269 3391 1308 vero
3420 1268 3520 1307 no-

278 1348 540 1421 ἐσπερίαν
565 1348 816 1418 ἐπιτολὴν
839 1349 1189 1418 πεποιῆσθαι.
1234 1348 1321 1400 Ἐν
1343 1347 1400 1400 δὲ
1424 1349 1544 1409 ταῖς
1567 1346 1853 1416 ἐχομέναις

1953 1339 2133 1395 ctibus
2180 1357 2394 1412 semper
2431 1344 2606 1414 magis
2647 1346 2927 1416 magisque
2973 1346 3223 1401 sublimis
3271 1351 3519 1416 apparet.

244 1459 250 1464 ·
278 1442 398 1508 νυξὶ
428 1441 827 1513 μετεωρότερος
857 1439 946 1492 ἀεὶ
985 1439 1183 1509 μᾶλλον
1221 1440 1313 1492 καὶ
1345 1438 1541 1509 μᾶλλον
1586 1438 1847 1508 φαίνεται.

363 1531 594 1602 Ὁμοίως
624 1530 679 1583 δὲ
709 1532 802 1583 καὶ
823 1530 932 1582 τῶν
963 1529 1166 1582 δύσεων
1194 1529 1448 1600 διαφοραὶ
1469 1530 1715 1598 λέγονται
1736 1529 1848 1582 δύοο

2026 1543 2290 1600 Similiter
2318 1545 2480 1600 etiam
2516 1561 2809 1602 occasurum
2840 1547 2961 1602 dua:
2988 1547 3244 1602 dicuntur
3270 1546 3522 1602 dill‘enen-

279 1625 338 1678 αἱ
369 1624 465 1694 μὲν
491 1623 599 1695 γὰρ
628 1622 806 1676 αὐτῶν
841 1621 970 1693 ἑῷαί
1007 1623 1166 1684 εἰσιν,
1206 1625 1261 1674 αἱ
1293 1622 1348 1674 δὲ
1376 1622 1646 1693 ἑσπέριαι.
1689 1621 1852 1691 Ἐῷαι

1955 1637 2074 1692 tiae:
2110 1639 2303 1692 horum
2331 1639 2474 1692 enim
2503 1640 2594 1693 alii
2627 1647 2756 1695 sunt
2784 1639 3058 1706 matutini,
3087 1640 3178 1693 alii
3201 1639 3519 1709 vespertini,

284 1717 385 1786 μὲν
403 1711 496 1768 οὖν
519 1714 766 1783 λέγονται
792 1713 994 1778 δύσεις,
1025 1715 1151 1767 ὅταν
1180 1715 1272 1767 τοῦ
1298 1714 1448 1786 ἡλίου
1475 1714 1852 1777 ἀνατέλλοντος

1923 1729 2206 1783 .matutini
2243 1746 2475 1787 occasus
2510 1731 2788 1796 dicuntur,
2826 1748 2947 1787 cum
2986 1733 3102 1787 sole
3141 1731 3350 1786 oriente
3376 1731 3523 1785 occi-

277 1805 413 1876 δύνῃ
443 1822 525 1868 τις,
549 1805 753 1877 ἀστήρ·
781 1806 1010 1876 ἑσπερία
1051 1805 1108 1858 δὲ
1142 1805 1291 1868 δύσις
1327 1805 1563 1873 λέγεται,
1594 1807 1722 1858 ὅταν
1757 1803 1852 1857 τοῦ
1885 1854 1902 1910 l

1897 1854 1928 1910 Β
1955 1819 2034 1872 dit
2067 1821 2222 1874 stella
2254 1821 2458 1890 aliqua.
2494 1821 2703 1876 Dicitur
2735 1825 3077 1892 vespertinus
3108 1837 3359 1887 occasus,
3394 1836 3522 1876 cum

279 1897 432 1966 ἡλίου
467 1897 712 1960 δύνοντος
743 1897 1220 1970 συγκαταφέρηταί
1251 1915 1334 1960 τις
1377 1897 1550 1968 ἀστὴρ
1575 1897 1691 1968 ἅμα
1709 1896 1855 1965 γινό-
1885 1896 1904 1910 ⁸

1897 1896 1928 1910 ”
1957 1911 2072 1965 sole
2120 1913 2406 1967 occidente
2457 1915 2621 1968 simul
2666 1915 2848 1984 aliqua
2895 1916 3048 1970 stella
3084 1913 3342 1987 defertur
3378 1911 3522 1968 infra

282 2006 444 2061 μενος
496 1989 600 2042 ὑπὸ
644 1990 734 2043 τὸν
765 1991 1034 2062 ὁρίζοντα.
1068 1993 1190 2044 Είσὶ
1231 1991 1288 2044 δὲ
1319 1993 1424 2045 τῶν
1469 1991 1616 2061 ἑῴων
1651 1991 1852 2045 δύσεων

1954 2001 2311 2056 horizontem.
2370 2002 2509 2057 Sunt
2551 2012 2729 2058 autem
2784 2005 3174 2059 matutinorum
3225 2020 3521 2061 occasuum

237 2119 242 2125 .
277 2082 531 2153 διαφοραὶ
570 2081 684 2138 δύο.
714 2085 779 2135 Ai
806 2083 902 2152 μὲν
927 2084 1044 2155 γάρ.
1068 2085 1202 2137 εἰσιν
1235 2083 1503 2154 ἀληθιναὶ,
1543 2084 1598 2136 αἱ
1637 2083 1694 2136 δὲ
1729 2100 1853 2152 φαι-

1953 2092 2275 2147 differentia:
2315 2093 2454 2148 duae.
2488 2094 2592 2148 Alii
2628 2095 2771 2150 enim
2802 2105 2932 2150 sunt
2970 2095 3108 2159 veri,
3142 2096 3230 2149 alii
3260 2111 3522 2166 apparen-

278 2177 500 2246 νόμεναι
517 2193 531 2205 ·
558 2175 806 2248 ἀληθιναὶ
834 2177 953 2246 μὲν,
977 2178 1101 2231 ὅταν
1131 2179 1225 2230 ἑπὶ
1251 2177 1346 2229 τοῦ
1366 2177 1638 2249 ὁρίζοντος
1662 2177 1855 2245 γένων-

1953 2193 2035 2238 tes
2063 2202 2077 2238 :
2104 2185 2218 2238 veri
2251 2185 2492 2254 quidem.
2525 2201 2649 2240 cum
2695 2187 2858 2241 simul
2899 2187 2951 2240 in
2987 2187 3272 2241 borizonte
3315 2186 3522 2242 consti-

244 2305 246 2308 μ
277 2285 368 2319 ται
395 2267 423 2321 ὅ
453 2285 513 2321 τε
551 2267 700 2338 ἣλιος
731 2269 826 2321 καί¹
848 2270 875 2321 ὁ
901 2269 1073 2340 ἀστὴρ
1091 2269 1276 2322 δύνων.
1303 2263 1472 2323 Αῦται
1497 2269 1552 2321 δὲ
1590 2270 1645 2322 αἱ
1674 2269 1852 2331 δύσεις

1951 2276 2055 2330 tuti
2100 2276 2299 2331 fuerint
2339 2287 2393 2332 et
2439 2279 2522 2332 sol
2579 2286 2632 2334 et
2684 2279 2877 2345 stella;
2926 2279 3008 2334 sol
3055 2279 3272 2348 quidem
3313 2279 3517 2343 oriens,

277 2359 582 2433 ἀθεώρητοι
615 2360 854 2428 γίνονται
890 2362 978 2415 διὰ
1009 2362 1108 2426 τὰς
1132 2361 1307 2430 αὐγὰς
1335 2361 1429 2414 τοῦ
1463 2362 1632 2432 ἡλίου.
1659 2363 1850 2418 Φαινοέ

1951 2369 2108 2422 stella
2138 2385 2268 2424 vero
2307 2369 2584 2426 occidens.
2623 2371 2688 2424 Hi
2734 2378 2912 2426 autem
2944 2386 3174 2426 occasus
3217 2370 3521 2426 invisibiles

239 2491 242 2493 μ
281 2453 420 2522 μένη
445 2454 501 2506 δέ
538 2456 687 2507 ἐστιν
710 2455 818 2524 ἑῴα
839 2454 1008 2519 δύσις,
1033 2455 1157 2507 ὅταν
1182 2454 1287 2525 πρὸ
1304 2455 1403 2525 τῆς
1424 2453 1516 2506 τοῦ
1546 2453 1697 2524 ἡλίου
1723 2455 1853 2507 ἁνα-

1953 2467 2082 2515 sunt
2113 2468 2336 2531 propter
2356 2461 2538 2517 radios
2564 2461 2732 2528 solis;
2763 2477 3030 2532 apparens
3067 2477 3196 2517 vero
3219 2462 3519 2516 matutinus

276 2543 437 2611 τολῆς
469 2544 528 2597 τὸ
556 2544 782 2615 ἔσχατον
825 2545 995 2599 δύνων
1033 2547 1062 2597 ὁ
1100 2545 1275 2617 ἀστὴρ
1309 2544 1579 2617 θεωρηθῇ.
1621 2546 1852 2616 Ὁμοίως

1953 2567 2185 2608 occasus
2227 2561 2330 2618 est,
2363 2568 2485 2607 cum
2517 2561 2641 2608 ante
2680 2555 2812 2610 solis
2841 2564 3019 2608 ortum
3050 2561 3326 2624 postremo
3366 2554 3521 2609 stella

277 2633 336 2686 δὲ
368 2636 462 2687 καὶ
489 2637 582 2688 ὲπὶ
607 2637 710 2689 τῶν
740 2637 1008 2708 ἑσπερίων
1029 2636 1232 2690 δύσεων
1261 2639 1315 2689 αἱ
1336 2636 1588 2708 διαφοραί
1607 2639 1712 2689 εἰσι
1739 2635 1848 2689 δύο.

1953 2651 2236 2711 spectatur
2269 2644 2542 2700 occidere.
2581 2643 2844 2699 Similiter
2890 2644 3052 2699 etiam
3103 2644 3159 2697 in
3196 2644 3521 2713 vespertinis

277 2725 346 2775 Δί
377 2724 475 2793 μὲν
509 2723 616 2796 γὰρ
644 2725 823 2778 αὐτῶν
860 2727 996 2779 εἰσιν
1020 2726 1290 2796 ἀληθιναὶ,
1327 2728 1384 2779 αἱ
1410 2727 1466 2780 δὲ
1496 2726 1810 2796 φαινόμεναι
1833 2743 1846 2755 ·

1953 2735 2245 2789 occasibus
2288 2734 2410 2789 dua:
2444 2743 2574 2789 sunt
2605 2733 2944 2789 dill‘erentize.
2989 2734 3094 2787 Alii
3138 2733 3283 2788 enim
3328 2749 3518 2788 eorum

277 2815 554 2887 ἀληθιναὶ,
593 2818 720 2870 ὅταν
749 2818 1181 2890 ἀπαραλλάκτως
1209 2819 1301 2871 ἐπὶ
1339 2818 1432 2871 τοῦ
1456 2817 1727 2888 ὁρίζοντος
1755 2817 1850 2884 γέ-

1953 2833 2084 2879 sunt
2118 2826 2251 2889 veri,
2287 2827 2377 2881 alii
2404 2833 2749 2896 apparentes.
2781 2825 2908 2880 Veri
2937 2825 3176 2894 quidem,
3208 2840 3332 2879 cum
3358 2823 3521 2878 ambo
3556 2820 3561 2829 '

233 2949 235 2951 ι
279 2925 436 2979 νηται
455 2911 482 2962 ὁ
513 2910 664 2978 ἥλιος
689 2913 782 2964 καὶ
804 2913 832 2964 6
854 2911 1027 2982 ἀστὴρ
1049 2911 1348 2984 ἀμφότεροι
1374 2911 1617 2974 δύνοντες
1635 2926 1648 2939 ·
1676 2909 1848 2963 ἀθεώ-

1914 2919 2174 2987 ορειιίιυε
2221 2919 2274 2972 in
2318 2918 2602 2973 horizonte
2645 2917 2931 2973 constituti
2969 2915 3194 2979 fuerint,
3243 2921 3298 2969 et
3345 2913 3428 2968 sol
3465 2921 3520 2968 et

231 3041 234 3044 ~
283 3018 436 3072 ρητοι
462 3002 518 3056 δὲ
547 3006 640 3056 καὶ
674 2996 834 3058 αῦται
861 3005 916 3058 αί
946 3003 1126 3068 δύσεις
1161 3004 1400 3072 γίνονται
1430 3003 1515 3056 διὰ
1544 3001 1643 3066 τάς
1677 3001 1850 3070 αὐγὰς

1952 3009 2109 3065 stella
2142 3009 2302 3064 ambo
2335 3009 2669 3064 occidentes.
2710 3007 3019 3064 lnvisibiles
3050 3013 3177 3062 sunt
3203 3014 3256 3060 et
3278 3005 3334 3059 hi
3366 3019 3521 3060 occa-

279 3092 376 3146 τοῦ
415 3093 595 3163 ἡλίου·
631 3096 950 3166 φαινόμεναι
981 3095 1038 3148 δέ
1060 3098 1195 3149 εἰσιν
1220 3095 1469 3167 ἑσπέριαι
1499 3095 1698 3157 δύσεις,
1722 3095 1850 3148 ὅταν

1953 3116 2050 3156 sus
2081 3108 2300 3170 propter
2326 3098 2511 3156 radios
2545 3101 2696 3156 solis.
2715 3105 3052 3170 Apparentes
3081 3105 3259 3153 autem
3289 3111 3520 3152 occasus

285 3182 424 3254 μετά
467 3183 563 3255 τὴν
597 3185 689 3238 τοῦ
739 3184 891 3255 ἡλίου
938 3184 1089 3238 δύσιν
1136 3183 1497 3255 ἐπικαταδύνῃ
1546 3201 1630 3248 τις
1673 3183 1849 3256 ἀστὴρ
1879 3212 1910 3271 ί

1897 3212 1922 3271 3
1955 3191 2250 3262 vespertini
2284 3199 2432 3256 sunt,
2462 3207 2587 3245 cum
2620 3198 2744 3261 post
2769 3191 2880 3261 28
2901 3190 3034 3246 solis
3073 3203 3332 3244 occasum
3375 3188 3522 3242 insu-

279 3273 360 3344 τῷ
389 3275 545 3346 ἡλίῳ,
581 3275 952 3348 θεωρούμενος
980 3278 1068 3346 ὑφ’
1104 3277 1279 3348 ἡμῶν.
1316 3277 1436 3330 Τῶν
1464 3276 1564 3347 μὲν
1590 3271 1682 3329 οὖν
1704 3275 1853 3346 ἑῴων

1955 3299 2053 3354 per
2078 3280 2279 3338 Occidit
2305 3284 2486 3354 aliqua
2519 3285 2675 3339 stella
2705 3290 2999 3352 conspecta
3027 3298 3057 3335 a
3084 3281 3263 3336 nobis.
3294 3280 3373 3340 Ex
3401 3294 3519 3333 ma-

281 3366 542 3420 ὲπιτολῶν
581 3369 677 3425 καὶ
706 3369 908 3421 δύσεων
938 3369 1200 3440 πρότερον
1232 3369 1468 3437 γίνονται
1498 3370 1552 3422 αἱ
1581 3367 1852 3438 ἀληθιναὶ,

1956 3374 2148 3428 tutinis
2180 3374 2342 3443 igitur
2366 3375 2577 3431 ortibus
2597 3381 2652 3427 et
2679 3374 2989 3435 occasibus,
3021 3372 3056 3425 ii
3090 3371 3182 3441 qui
3218 3369 3515 3432 sunt'vcri,

282 3457 508 3529 ὕστερον
528 3460 584 3512 δὲ
612 3462 667 3512 αί
697 3461 1016 3531 φαινόμεναι
1033 3477 1046 3490 ·
1075 3460 1186 3514 τῶν
1213 3460 1269 3514 δὲ
1293 3460 1561 3532 ἑσπερίων
1590 3458 1853 3514 ἑπιτολῶν

1955 3465 2108 3534 prius
2143 3464 2310 3532 fiunt;
2341 3465 2436 3535 qui
2479 3473 2826 3535 apparentes,
2862 3464 3156 3533 posterius.
3187 3460 3266 3515 Ex
3298 3475 3520 3531 vespero

280 3565 341 3602 τε
365 3550 460 3602 καὶ
482 3551 684 3604 δύσεων
708 3551 970 3623 πρότερον
999 3552 1240 3621 γίνονται
1269 3553 1325 3605 αί
1343 3552 1681 3622 φαινόμεναι,
1705 3548 1855 3603 ὕστε-

1955 3559 2088 3614 tinis
2125 3573 2256 3614 vero
2286 3558 2500 3614 ortibus
2536 3564 2592 3613 et
2621 3556 2909 3612 occasibus
2943 3555 3001 3619 ii,
3041 3555 3133 3626 qui
3179 3561 3307 3610 sunt
3349 3566 3519 3624 appa-

287 3658 378 3712 pov
403 3641 461 3695 66
498 3645 554 3696 αί
588 3643 856 3713 ἀληθιναί.
893 3643 1034 3712 Ἐᾡα
1062 3644 1163 3715 μὲν
1184 3642 1403 3714 ὲπιτολὴ
1432 3643 1541 3697 ἀπὸ
1570 3642 1729 3713 ἑῴας,
1759 3643 1854 3695 καὶ

1952 3657 2158 3717 rentes,
2197 3650 2350 3720 prius
2383 3649 2554 3716 ﬁunt;
2595 3648 2689 3719 qui
2716 3649 2851 3712 veri,
2899 3648 3192 3718 posterius.
3220 3646 3517 3701 Matutinus

283 3735 516 3804 ἑσπερία
549 3734 772 3806 ἑπιτολὴ
798 3735 904 3788 ἀπὸ
931 3735 1193 3806 ἑσπερίας
1211 3735 1484 3807 ἑπιτολῆς,
1509 3736 1603 3789 καὶ
1627 3733 1852 3789 καθόλου

1954 3740 2170 3812 quidem
2205 3749 2361 3795 ortus
2383 3749 2509 3810 post
2534 3740 2882 3803 matutinum,
2913 3745 2966 3793 et
2990 3739 3332 3807 vespertinus
3361 3746 3518 3790 ortus

283 3826 394 3878 πᾶν
422 3826 483 3878 τὸ
513 3826 698 3897 ὅμοιον
730 3822 868 3888 εἶδος
898 3826 1004 3879 ἀπὸ
1029 3826 1121 3880 τοῦ
1151 3826 1338 3896 ὁμοίου
1363 3827 1558 3891 εἴδους,
1586 3828 1718 3880 πᾶσι
1742 3830 1853 3891 τοῖς

1954 3837 2078 3901 post
2110 3830 2483 3900 vespertinum
2509 3836 2690 3884 ortum
2716 3848 2728 3883 :
2759 3835 2812 3883 et
2835 3829 2889 3882 in
2925 3843 3137 3883 summa
3161 3827 3339 3882 omnis
3372 3825 3518 3880 simi-

282 3919 502 3986 ἄστροις
537 3917 602 3969 δι’
634 3916 880 3970 ἐνιαυτοῦ
920 3918 1161 3986 γίνεται·
1198 3919 1228 3970 6
1262 3917 1368 3989 γὰρ
1408 3918 1578 3988 ἥλιος,
1623 3919 1852 3991 ἐνιαυτῷ

1954 3923 2022 3978 lis
2057 3924 2266 3993 species
2299 3936 2330 3974 a
2374 3921 2540 3976 simili
2583 3921 2763 3991 specie
2790 3921 3044 3975 omnibus
3087 3919 3250 3974 astris
3291 3933 3389 3988 per
3419 3933 3518 3971 an-

281 4005 504 4061 διελθὼν
522 4007 614 4060 τὸν
633 4007 894 4071 ζωδιακὸν
923 4006 1140 4072 κύκλον,
1166 4007 1326 4062 πάλιν
1352 4009 1493 4062 κατὰ
1513 4009 1635 4074 τοὺς
1659 4010 1852 4074 αὐτοὺς

1951 4029 2082 4069 num
2121 4013 2420 4082 contingit;
2456 4012 2538 4067 sol
2563 4013 2708 4067 enim
2745 4026 2927 4065 annuo
2966 4019 3205 4082 tempore
3234 4003 3514 4064 zodiacum

281 4097 517 4169 ἀστέρας
545 4097 772 4167 γίνεται.

1953 4105 2220 4163 circulum
2249 4117 2571 4174 peragrans,
2605 4118 2801 4159 rursus
2845 4101 2912 4156 ad
2943 4101 3159 4158 easdem
3196 4101 3382 4157 stellas
3421 4115 3513 4156 ac-

1035 4220 1045 4230 -
1951 4197 2116 4252 cedit.

365 4277 504 4349 Ἐᾠα
536 4278 594 4333 66
623 4277 846 4350 ἑπιτολὴ
885 4278 993 4331 ἀπὸ
1024 4277 1287 4350 ἑσπερίας
1323 4274 1578 4349 ἑπιτολῆς
1607 4279 1719 4340 τοῖς
1751 4276 1852 4347 μὲν

2025 4287 2325 4344 Matutinus
2358 4295 2514 4344 ortus
2548 4301 2578 4342 a
2607 4285 2920 4357 vespertino
2951 4292 3074 4340 ortu
3105 4285 3171 4340 iis
3206 4285 3370 4340 astris
3397 4300 3517 4355 qua:

227 4407 230 4410 ~
279 4370 375 4423 ἑπὶ
400 4370 494 4424 τοῦ
542 4369 808 4434 ζωδιακοῦ
844 4370 1043 4424 κύκλου
1071 4370 1342 4441 κειμένοις
1388 4369 1606 4441 ἄστροις
1637 4369 1703 4423 δι’
1729 4370 1852 4436 ἑξα-

1953 4383 2007 4437 ίη
2037 4381 2264 4436 zodiaco
2284 4389 2413 4436 sunt
2435 4380 2560 4442 sita,
2587 4394 2681 4448 per
2701 4385 2962 4432 semestre
2983 4383 3198 4445 tempus
3217 4376 3517 4447 contingit;

283 4462 453 4532 μὴνου
480 4462 712 4528 γίνεται,
747 4463 840 4516 καὶ
865 4461 976 4532 ἑῴα
1005 4461 1156 4526 δύσις
1183 4462 1292 4516 ἀπὸ
1326 4463 1584 4534 ἑσπερίας
1611 4462 1814 4527 δύσεως
1831 4480 1845 4494 ⁸

1955 4474 2083 4528 item
2137 4473 2441 4527 matutinus
2493 4485 2724 4526 occasus
2757 4486 2786 4524 a
2821 4469 3148 4539 vespertino
3186 4481 3418 4534 occasu;
3463 4476 3519 4520 at

278 4555 392 4618 τοῖς
423 4555 479 4608 δὲ
512 4555 870 4626 βορειοτέροις
905 4553 1001 4608 τοῦ
1045 4554 1309 4618 ζωδιακοῦ
1344 4555 1543 4609 κύκλου
1579 4556 1851 4627 κειμένοις
1879 4563 1903 4618 Ι

1895 4563 1924 4618 D
1954 4565 2023 4620 iis
2054 4565 2244 4628 astris,
2275 4580 2399 4634 qua:
2426 4571 2578 4619 extra
2611 4561 2895 4616 zodiacum
2925 4577 3118 4617 versus
3147 4561 3368 4616 boream
3393 4567 3520 4615 sunt

285 4646 500 4717 ἱστροις
527 4645 638 4716 ἑῴα
669 4646 766 4716 μὲν
797 4646 1018 4718 ὲπιτολὴ
1055 4646 1164 4700 ἀπὸ
1204 4646 1459 4719 ἑσπερίας
1488 4649 1741 4719 ἑπιτολῆς
1763 4648 1850 4702 διὰ

1958 4658 2084 4721 sita,
2110 4655 2414 4710 matutinus
2445 4663 2598 4710 ortus
2645 4670 2675 4708 a
2709 4653 3020 4722 vespertino
3058 4663 3182 4708 ortu
3216 4669 3312 4724 per
3340 4651 3520 4722 majus

285 4734 523 4799 πλείονος
545 4736 736 4806 χρόνου
765 4735 798 4806 ἢ
835 4735 1186 4806 ἑξαμηνιαίου
1223 4737 1432 4805 γίνεται
1451 4754 1466 4768 ο
1499 4740 1612 4801 τοῖς
1635 4737 1690 4790 δὲ
1716 4738 1850 4808 πρὸς

1956 4757 2173 4818 tempus
2198 4763 2360 4818 quam
2405 4755 2664 4802 semestre
2697 4745 2998 4815 contingit;
3055 4745 3217 4799 astris
3245 4759 3373 4799 vero
3409 4744 3516 4807 bis,

280 4827 628 4899 μεσημϐρίαν
657 4828 929 4898 κειμένοις
951 4827 1046 4880 τοῦ
1071 4827 1332 4891 ζωδιακοῦ
1366 4828 1565 4882 κύκλου
1595 4829 1704 4899 ἑῴα
1729 4832 1851 4882 ἑπι-

1956 4857 2078 4910 (ιιιειι
2109 4849 2261 4894 extra
2291 4838 2571 4894 zodiacum
2619 4852 2812 4892 versus
2837 4836 3118 4891 meridiem
3149 4835 3327 4906 posita
3367 4844 3516 4900 sunt,

285 4916 406 4990 εολὴ
447 4920 556 4974 ἀπὸ
587 4920 847 4992 ἑσπερίας
875 4920 1124 4992 ἑπιτολῆς
1163 4922 1230 4974 δι’
1256 4921 1532 4985 ἐλάττονος
1567 4922 1600 4992 ἦ
1645 4921 1850 4993 ἑξαμη-

1957 4932 2261 4985 matutinus
2284 4937 2439 4984 ortus
2461 4944 2490 4982 a
2524 4928 2837 4998 vespertino
2869 4935 2992 4982 ortu
3017 4941 3111 4996 per
3137 4926 3358 4981 brevius
3381 4935 3518 4980 tem-

286 5009 450 5066 Διαίου
499 5011 693 5082 χρόνου
735 5011 962 5080 γίνεται.
1009 5012 1068 5066 '0
1093 5012 1150 5065 66
1192 5011 1500 5075 πλεονάζων
1526 5013 1716 5084 χρόνος
1754 5012 1847 5066 τοῦ

1959 5021 2081 5092 pu's,
2113 5039 2286 5094 quam
2320 5031 2606 5084 semestre,
2645 5021 2929 5091 contingit.
2965 5019 3202 5088 Tempus
3243 5033 3374 5073 vero
3405 5033 3522 5072 ma-

275 5102 550 5172 ἑξαμήνου
577 5103 678 5158 οὐκ
707 5102 825 5157 ἐστι
845 5105 978 5157 πᾶσι
1005 5106 1117 5167 τοῖς
1145 5104 1363 5176 ἄστροις
1383 5104 1704 5176 ὡρισμένος,
1735 5105 1847 5158 ἀλλ’

1949 5117 2043 5186 jus
2080 5116 2332 5170 semestri
2369 5129 2475 5168 non
2510 5121 2594 5168 est
2622 5113 2877 5167 omnibus
2905 5111 3068 5165 astris
3088 5109 3392 5175 deﬁnitum,
3425 5108 3520 5163 sed

273 5187 358 5256 οἷς
387 5195 487 5259 μὲν
534 5193 754 5260 πλείων,
786 5191 869 5258 οἷς
907 5195 964 5248 δὲ
1000 5195 1252 5249 ἐλάττων.
1291 5197 1415 5259 Τοῖς
1459 5196 1516 5249 66
1557 5197 1664 5268 γὰρ
1713 5198 1848 5268 πρὸς

1899 5257 1904 5263 .
1957 5211 2084 5266 aliis
2115 5210 2350 5280 longius,
2377 5209 2499 5262 aliis
2523 5207 2766 5262 brevius.
2789 5205 2923 5259 Nam
2949 5205 3017 5260 iis
3049 5204 3211 5259 astris
3240 5217 3360 5273 quae
3390 5218 3523 5256 sem-

277 5285 480 5354 ἄρκτον
515 5283 604 5337 ἀεὶ
631 5283 832 5354 μᾶλλον
875 5283 1148 5355 κειμένοις
1181 5285 1381 5338 πλείων
1408 5287 1494 5338 ἀεὶ
1528 5288 1623 5339 καὶ
1648 5287 1847 5340 πλείων

1957 5317 2053 5371 per
2071 5302 2244 5372 magis
2267 5301 2547 5370 magisque
2577 5313 2768 5353 versus
2796 5295 3219 5367 septentrionem
3242 5301 3369 5347 sunt
3393 5290 3518 5352 sita,

273 5381 304 5429 6
328 5377 515 5447 χρόνος
552 5376 780 5445 γίνεται,
803 5376 892 5430 διὰ
925 5377 986 5430 τὸ
1027 5375 1249 5448 μείζονα
1273 5379 1535 5449 τμήματα
1567 5379 1706 5449 ὑπὲρ
1742 5381 1846 5451 γῆν

1956 5407 2172 5462 semper
2205 5405 2425 5461 quoque
2450 5389 2626 5459 majus
2655 5387 2945 5458 majusque
2975 5398 3190 5456 tempus
3221 5383 3518 5454 contingit:

275 5468 536 5542 φέρεσθαι
565 5471 678 5535 τοῖς
714 5469 760 5502 ⁸⁸
790 5470 878 5523 ἀεὶ
912 5469 1112 5540 μᾶλλον
1151 5469 1286 5541 πρὸς
1318 5471 1517 5543 ἄρκτον
1551 5470 1842 5542 κειμένοις.

1953 5499 2020 5539 eo
2056 5468 2204 5554 quod
2236 5497 2450 5552 semper
2477 5481 2686 5550 majora
2711 5490 2990 5550 segmenta
3013 5491 3178 5548 supra
3216 5485 3414 5530 terram
3443 5472 3523 5528 fe-

275 5560 400 5622 Τοῖς
431 5559 487 5613 δὲ
509 5561 643 5632 πρὸς
674 5560 1018 5633 μεσημϐρίαν
1066 5562 1265 5630 μᾶλλον
1289 5563 1554 5632 κειμένοις
1599 5565 1685 5616 ἀεὶ
1715 5565 1847 5634 μᾶλ-

1960 5585 2154 5630 rantur
2183 5575 2252 5631 iis
2287 5590 2407 5645 qua:
2431 5563 2643 5642 semper
2675 5570 2845 5640 magis
2882 5585 3072 5624 versus
3101 5563 3519 5636 septentrionem

275 5649 366 5703 λον
402 5659 497 5704 και
536 5652 734 5722 μᾶλλον
768 5651 1005 5706 ἐλάττων
1038 5655 1066 5705 6
1108 5653 1296 5725 χρόνος
1324 5654 1556 5724 γίνεται*
1593 5655 1845 5711 ἐλάττονα

1955 5679 2080 5726 sunt
2103 5668 2298 5740 posita.
2323 5667 2390 5721 At
2421 5667 2487 5722 iis
2517 5664 2676 5720 astris
2705 5680 2822 5735 quae.
2871 5678 3061 5720 versus
3094 5659 3372 5718 memliem
3406 5674 3523 5713 ma-

441 5832 482 5903 f.
519 5831 665 5897 τούς,
705 5843 759 5889 et
793 5836 1097 5904 κειμένους.
