4124 6400
639 377 736 432 831

1666 374 2007 431 APPENDIX
2047 373 2140 429 AD
2169 369 2440 428 EUSEBll
2479 372 2896 431 CHBONICON.

3773 367 3881 424 82:1

641 499 724 568 gis
750 495 1050 559 declinant,
1079 511 1293 564 semper
1330 496 1501 566 magis
1529 497 1814 566 magisque
1839 497 2060 554 brevius
2085 513 2205 554 eve-

2318 492 2422 565 γάρ
2454 493 2523 546 τά
2550 495 2810 564 τμήματα
2843 493 2982 563 ὑπὲρ
3029 491 3133 559 γῆν
3175 489 3427 560 φέρονται
3476 487 3528 541 οἱ
3573 487 3705 558 πρὸς
3747 507 3801 559 με
3822 504 3880 540 :-

643 590 726 644 nit
768 600 1012 659 tempus;
1054 589 1224 642 stella:
1277 589 1422 642 enim
1476 605 1667 644 versus
1710 589 1992 643 meridiem
2026 591 2214 660 positae

642 683 896 738 feruntur
925 683 979 736 in
1015 681 1320 736 minoribus
1346 683 1641 751 segmentis
1683 698 1850 752 supra
1885 691 2107 738 terrain.

712 775 915 829 Contra
947 775 1015 827 iis
1041 775 1218 827 stellis
1243 789 1364 844 qua:
1395 776 1862 830 extra'zodiacum
1893 793 2087 833 versus
2118 777 2216 831 bo-

643 881 793 922 ream
824 873 954 920 sunt
988 865 1127 925 sitae,
1172 873 1388 935 tempus
1435 865 1568 920 illud
1605 868 1788 923 minus
1828 876 1912 922 est
1943 870 2213 936 semestri,

640 957 785 1028 quod
819 966 904 1012 est
937 971 967 1009 a
999 959 1266 1011 matutino
1311 973 1514 1012 occasu
1551 976 1725 1028 usque
1751 960 1818 1014 ad
1845 965 2214 1029 vespertinum

642 1058 846 1104 ortum.
890 1049 962 1104 lis
988 1064 1114 1104 vero
1154 1050 1351 1112 stellis,
1390 1067 1511 1119 quae
1544 1067 1734 1106 versus
1780 1053 2061 1108 meridiem
2089 1063 2216 1108 sunt

643 1144 856 1214 positae.
893 1143 1072 1210 majus
1105 1144 1358 1196 semestri
1400 1151 1486 1198 est
1531 1152 1744 1212 tempus
1769 1145 1923 1212 illud,
1954 1145 2098 1216 quod
2131 1154 2217 1201 est

645 1249 673 1284 a
710 1234 980 1287 matutino
1025 1249 1225 1288 occasu
1275 1250 1449 1303 usque
1491 1235 1556 1288 ad
1597 1237 1968 1304 vespertinum
2011 1246 2212 1292 ortum.

647 1321 897 1380 Varietas
923 1333 1102 1378 autem
1127 1333 1438 1395 temporqu
1473 1327 1764 1396 respondet
1788 1329 2068 1383 distantiis
2090 1331 2216 1383 stel-

643 1414 820 1468 larum
855 1429 883 1468 a
923 1414 1145 1469 zodiaca
1183 1415 1412 1480 circulo,
1458 1416 1758 1470 secundum
1811 1426 2214 1487 segmentorum

643 1507 984 1570 varietatem,
1019 1522 1140 1576 quae
1172 1522 1338 1577 supra
1360 1515 1563 1563 terram
1587 1509 1656 1562 ab
1677 1508 1959 1563 horizonte
1991 1508 2216 1562 interci-

644 1599 886 1667 piuntur.

715 1711 900 1767 Stellis
940 1712 1009 1769 iis
1037 1728 1159 1783 qua:
1202 1713 1258 1768 in
1292 1713 1520 1768 zodiaeo
1577 1715 1787 1769 circulo
1825 1723 1954 1771 sunt
1987 1715 2105 1769 sita:
2143 1715 2218 1770 si-

2316 586 2554 658 ημδρίαν
2580 586 2806 655 ἀστέρες
2832 585 3089 654 κείμενοι.

2396 785 2686 842 Ἀνάπαλιν
2711 785 2768 838 δὲ
2783 786 2896 847 τοῖς
2916 783 3053 853 πρὸς
3067 782 3264 853 ἄρκτον
3287 779 3558 850 κειμένοις
3578 777 3670 832 τοῦ
3693 776 3884 841 ζωδια-

2315 880 2411 933 κοῦ
2431 879 2630 932 κύκλου
2656 876 2892 928 ἐλάττων
2914 874 3032 926 ἐστὶ
3057 873 3244 943 χρόνος
3266 871 3533 940 ἑξαμήνου
3564 869 3592 919 ό
3619 868 3726 922 ἀπὸ
3745 868 3884 938 ἑῴας

2313 971 2517 1032 δύσεως
2565 967 2753 1038 μέχρις
2797 965 3056 1035 έσπερίας
3105 962 3388 1030 έπιτολῆς·
3425 961 3470 991 ⁸⁸
3503 963 3612 1023 τοῖς
3656 959 3713 1012 δὲ
3749 960 3888 1028 πρὸς

2319 1079 2455 1132 μεση
2466 1059 2665 1131 μσρίαν
2691 1057 2890 1110 πλείων
2913 1059 2942 1110 ό
2975 1056 3162 1126 χρόνος
3182 1053 3454 1124 ἑξαμήνου
3488 1053 3596 1106 ἀπὸ
3627 1051 3767 1121 ἑῴας
3792 1051 3886 1104 δύ-

2317 1170 2453 1215 σεως
2493 1151 2682 1221 μέχρις
2738 1148 2998 1218 έσπερίας
3044 1146 3314 1215 ὲπιτολῆς.
3358 1145 3420 1198 Ἡ
3459 1145 3516 1198 δὲ
3564 1143 3888 1214 παραλλαγὴ

2316 1242 2422 1296 τῶν
2461 1241 2667 1312 χρόνων
2693 1237 3001 1300 ἀκολούθως
3027 1236 3234 1304 γίνεται
3255 1237 3374 1295 ταῖς
3402 1232 3732 1305 προστάσεσι
3769 1237 3892 1296 ταῖς

2315 1333 2424 1387 ἀπὸ
2453 1332 2546 1384 τοῦ
2587 1327 2853 1394 ζωδιακοῦ
2888 1326 3088 1380 κύκλου
3135 1325 3276 1378 κατά
3300 1325 3398 1395 τὴν
3443 1323 3550 1374 τῶν
3587 1322 3892 1392 τμημάτων

2318 1423 2674 1494 παραλλαγὴν
2723 1420 2831 1473 τῶν
2877 1417 3018 1490 ὑπὲρ
3063 1416 3166 1486 γῆν
3205 1413 3736 1485 ἀπολαμϐανομένων
3785 1411 3891 1465 ὑπὸ

2315 1514 2410 1570 τοῦ
2443 1512 2734 1586 ὁρίζοντος.
3598 1509 3601 1512 ’

2387 1721 2513 1784 Τοῖς
2544 1718 2601 1772 δὲ
2649 1717 2743 1771 ἐπὶ
2775 1715 2867 1770 τοῦ
2908 1713 3174 1780 ζωδιακοῦ
3219 1713 3417 1767 κύκλου
3461 1713 3731 1782 κειμένοις
3775 1712 3893 1782 ἄμα

642 1804 755 1857 mul
788 1805 1056 1874 contingit
1090 1805 1397 1860 matutinus
1445 1813 1601 1861 ortus
1653 1813 1708 1860 et
1741 1807 2086 1871 vespertinus
2119 1822 2214 1860 oc-

2319 1814 2522 1882 γίνεται
2555 1809 2664 1880 ἑῴα
2712 1807 2932 1878 έπιτολὴ
2970 1806 3063 1860 καὶ
3111 1805 3342 1878 ἑσπερία
3386 1804 3556 1868 δύσις,
3591 1805 3684 1858 καὶ
3730 1805 3893 1857 πάλιν

642 1910 825 1957 casus,
861 1903 916 1950 et
949 1912 1142 1952 rursus
1193 1897 1356 1951 simul
1391 1898 1693 1953 matutinus
1733 1913 1964 1954 occasus
2035 1907 2088 1952 et
2120 1915 2205 1952 ve-

643 1988 922 2057 spertinus
950 1994 1126 2044 ortus.
1177 1987 1424 2059 Reliquis
1457 1990 1622 2044 astris
1669 2005 1779 2044 non
1813 1991 1974 2044 simul
2017 1990 2213 2059 praedi-

643 2088 746 2136 ctae
776 2082 986 2152 species
1017 2082 1404 2154 perﬁciuntur;
1438 2084 1532 2139 sed
1569 2085 1650 2138 hae
1677 2085 1889 2137 variant
1913 2085 2212 2138 secundum

643 2179 908 2242 tempora,
949 2189 1073 2228 cum
1099 2175 1269 2230 stellae
1294 2175 1530 2230 habeant
1560 2176 1884 2231 circularem
1915 2183 2121 2230 motum
2146 2177 2214 2230 ab

643 2273 766 2319 ortu
796 2282 989 2323 versus
1019 2283 1301 2324 occasum.
1344 2269 1476 2335 Quae
1514 2271 1661 2325 enim
1705 2286 1895 2326 eorum
1940 2282 2213 2326 astrorum

644 2358 747 2412 sita
782 2367 910 2413 sunt
943 2361 997 2414 in
1032 2361 1241 2416 circulo
1273 2364 1668 2433 aequinoctiali,
1717 2365 1981 2434 aequalem
2010 2364 2214 2418 habent

642 2465 868 2505 cursum
918 2467 1084 2522 supra
1120 2461 1347 2518 terram,
1380 2463 1435 2509 et
1470 2455 1611 2509 infra
1651 2463 1888 2522 terram;
1933 2456 2213 2525 azqualiter

643 2539 787 2594 enim
821 2550 1040 2596 secatur
1066 2545 1469 2614 aequinoctialis
1507 2545 1751 2601 circulus
1779 2546 1848 2599 ab
1884 2546 2165 2600 horizonte
2196 2563 2208 2598 :

642 2645 764 2698 quae
817 2645 948 2685 vero
1003 2640 1151 2685 astra
1197 2641 1352 2688 extra
1401 2633 1836 2703 aequinoctialem
1889 2649 2081 2689 versus
2123 2634 2214 2688 bo-

645 2734 790 2775 ream
820 2732 948 2778 sunt
976 2725 1100 2791 sita,
1135 2725 1249 2779 haec
1276 2725 1469 2792 majdri
1497 2733 1741 2796 tempore
1773 2725 2023 2780 feruntur
2049 2741 2213 2795 supra

643 2816 986 2871 horizontem
1017 2857 1031 2881 ,
1083 2818 1296 2874 minore
1358 2827 1602 2888 tempore
1651 2817 1794 2872 infra
1851 2818 2209 2873 horizontem.

642 2907 898 2963 Omnium
955 2911 1100 2964 enim
1147 2911 1480 2965 circulorum
1562 2911 1616 2964 in
1661 2911 1863 2980 quibus
1923 2922 2214 2967 moventur

644 3003 954 3058 inerrantes
991 3004 1182 3067 stellae,
1240 3006 1448 3072 majora
1496 3010 1772 3073 segmenta
1815 3018 1978 3072 supra
2011 3011 2210 3058 terram

643 3095 1069 3164 intercipiuntur
1096 3096 1164 3150 ab
1193 3095 1498 3160 horizonte,
1529 3097 1742 3150 minora
1777 3111 1905 3151 vero
1936 3096 2074 3150 infra
2104 3105 2213 3150 ter—

2321 1905 2436 1975 ἆμα
2468 1902 2577 1972 ὲῴα
2601 1901 2752 1965 δύσις
2781 1900 2874 1954 καὶ
2903 1897 3131 1969 έσπερία
3171 1897 3410 1968 έπιτολή.
3444 1898 3567 1960 Τοῖς
3595 1896 3655 1950 ἃ
3681 1896 3893 1960 λοιποῖς

2321 1997 2538 2064 ἄστροις
2573 1993 2670 2062 οὐχ
2710 1992 2824 2060 ἅμα
2856 1988 2923 2042 τά
2968 1985 3340 2058 προειρημένα
3375 1985 3488 2053 εἴδη
3531 1986 3887 2040 ἐπιτελεῖται·

2319 2084 2454 2138 ἀλλά
2477 2081 2780 2137 διαλλάσσει
2809 2079 2948 2133 κατά
2974 2079 3101 2140 τοὺς
3140 2078 3382 2148 χρόνους,
3414 2077 3522 2130 τῶν
3544 2077 3787 2148 ἀστέρων
3813 2093 3894 2130 κι-

2321 2178 2594 2248 νουμένων
2637 2173 2924 2241 ἐγκύκλιον
2967 2171 3137 2242 φορὰν
3167 2169 3274 2223 ἀπὸ
3306 2169 3578 2223 ἀνατολῶν
3602 2171 3694 2222 ἐπὶ
3716 2169 3886 2222 δύσιν.

2323 2269 2462 2320 Ὅσα
2499 2265 2597 2337 μὲν
2622 2261 2714 2318 οὖν
2745 2263 2923 2318 αὐτῶν
2952 2263 3044 2314 ἐπὶ
3073 2260 3166 2313 τοῦ
3199 2261 3512 2333 ίσημερινοῦ
3546 2261 3746 2314 κύκλου
3776 2265 3888 2314 κεί-

2319 2377 2430 2423 ται,
2463 2359 2553 2411 τὸν
2589 2357 2700 2410 ἴσον
2724 2356 2921 2427 δρόμον
2954 2354 3093 2423 ὑπὲρ
3123 2351 3227 2420 γῆν
3257 2355 3480 2423 φέρεται
3509 2354 3600 2406 καὶ
3635 2353 3741 2405 ὑπὸ
3762 2353 3886 2422 γῆν·

2320 2451 2676 2520 διχοτομεῖται
2731 2448 2836 2518 γάρ
2864 2449 2893 2500 ό
2926 2445 3236 2518 ἰσημερινός
3273 2447 3469 2510 κύκλος
3514 2445 3618 2498 ὑπὸ
3656 2445 3750 2498 τοῦ
3778 2444 3890 2515 όρί-

2323 2542 2504 2606 ζοντος
2525 2559 2536 2570 ·
2569 2543 2667 2594 ὅσα
2691 2541 2746 2594 δὲ
2794 2539 2900 2593 τῶν
2929 2539 3146 2611 ἄστρων
3189 2539 3322 2610 πρὸς
3361 2540 3558 2610 ἄρκτον
3595 2541 3770 2591 κεῖται
3798 2537 3892 2590 τοῦ

2325 2632 2638 2704 ίσημερινοῦ
2681 2631 2902 2694 κύκλου,
2931 2630 3104 2683 ταῦτα
3151 2629 3373 2683 πλείονα
3401 2630 3498 2698 μὲν
3525 2629 3714 2698 χρόνον
3755 2625 3895 2696 ὑπὲρ

2321 2724 2424 2794 γῆν
2454 2724 2697 2796 φέρεται,
2745 2724 3001 2778 ὲλάττονα
3028 2723 3084 2776 δὲ
3114 2723 3217 2776 ὑπὸ
3245 2724 3370 2793 γῆν.
3409 2723 3632 2776 Πάντων
3663 2721 3772 2792 γάρ
3793 2719 3892 2772 κύ-

2321 2817 2483 2878 κλων,
2517 2815 2638 2868 καθ’
2659 2809 2734 2868 ὧν
2760 2814 3013 2884 φέρονται
3038 2816 3085 2867 οῑ
3114 2815 3372 2876 ἀπλανεῖς
3395 2813 3641 2884 ἀστέρες,
3673 2812 3898 2882 μείζονα

2324 2908 2424 2978 μὲν
2453 2908 2718 2978 τμήματα
2748 2907 2889 2977 ὑπὲρ
2917 2906 3021 2976 γῆν
3060 2905 3500 2976 ἀπολαμϐάνεται
3534 2903 3638 2956 ὑπὸ
3669 2902 3761 2956 τοῦ
3784 2901 3900 2972 δρί-

2323 2999 2522 3062 ζοντος,
2565 2999 2821 3052 ἐλάττονα
2849 2997 2906 3050 δὲ
2940 2997 3046 3050 ὑπὸ
3079 2998 3200 3068 γῆν,
3227 2997 3312 3050 διὰ
3346 2996 3406 3048 τὸ
3431 2996 3640 3065 έξαρμα
3680 2993 3773 3046 τοῦ
3801 2994 3899 3046 πό-

2321 3089 2432 3143 λου.
2471 3093 2609 3143 ’Ὀσα
2659 3090 2716 3143 δὲ
2741 3090 2848 3142 τῶν
2900 3089 3115 3161 ἄστρων
3147 3090 3282 3160 πρὸς
3329 3090 3674 3160 μεσημϐρίαν
3721 3092 3898 3140 κεῖται

644 3201 785 3249 ram,
808 3195 1029 3256 propter
1051 3187 1407 3243 elevationem
1436 3188 1572 3258 poli;
1599 3204 1720 3258 qua:
1743 3203 1872 3242 vero
1895 3196 2043 3243 astra
2057 3197 2210 3242 extra

2318 3181 2405 3236 τοῦ
2430 3182 2740 3252 ίσημερινοῦ
2768 3182 2990 3242 κύκλου,
3019 3182 3271 3235 ἐλάττονα
3302 3182 3396 3252 μὲν
3420 3181 3589 3252 φορὰν
3632 3180 3771 3250 ὑπὲρ
3794 3181 3900 3248 γῆν

643 3275 1082 3346 mquinoctialem
1132 3292 1324 3332 versus
1361 3278 1645 3334 meridiem
1708 3286 1836 3334 sunt
1899 3279 2103 3350 posita,
2153 3295 2217 3332 ea

645 3370 914 3423 minorem
968 3369 1168 3424 habent
1218 3377 1425 3424 motum
1477 3385 1643 3441 supra
1686 3378 1910 3436 terram,
1956 3371 2216 3438 majorem

647 3457 792 3513 infra
837 3467 1064 3516 terram.
1119 3460 1336 3515 Rursus
1387 3461 1532 3515 enim
1575 3462 1848 3517 australes
1896 3461 2109 3524 circuli,
2161 3462 2217 3515 in

647 3553 851 3622 quibus
873 3553 1177 3607 inerrantes
1208 3552 1378 3606 stella:
1398 3551 1670 3614 feruntur,
1696 3552 1906 3605 minora
1938 3559 2216 3621 segmenta

646 3644 850 3699 habent
887 3658 1052 3712 supra
1101 3650 1327 3706 terram,
1370 3643 1578 3712 majora
1611 3642 1756 3696 infra
1799 3650 2024 3697 terram.
2068 3641 2216 3698 Talis

647 3751 770 3790 cum
801 3735 872 3790 sit
898 3742 1099 3797 motus,
1137 3734 1508 3790 inerrantibus
1550 3734 1740 3798 astris,
1786 3735 1966 3790 evenit
2020 3745 2079 3790 ut
2107 3750 2215 3790 non

649 3823 833 3876 omnia
886 3838 1007 3892 qua:
1051 3823 1210 3878 simul
1253 3823 1510 3877 oriuntur
1560 3823 1726 3879 simul
1753 3823 1914 3879 etiam
1945 3825 2216 3892 occidant,

648 3912 742 3967 sed
776 3928 839 3966 ex
872 3913 937 3968 iis
973 3929 1092 3982 quae
1123 3913 1280 3968 simul
1311 3915 1560 3970 oriuntur
1598 3930 1660 3969 ea
1709 3931 1829 3985 qua:
1874 3916 2048 3986 magis
2089 3923 2218 3971 sunt

651 4005 911 4060 auslralia
963 4020 1179 4075 semper
1211 4007 1365 4076 prius
1399 4007 1677 4072 occidant,
1722 4021 1788 4062 eo
1829 4007 1974 4076 quod
2005 4008 2217 4062 minora

650 4103 930 4166 segmenta
980 4096 1217 4151 habeant
1250 4113 1416 4168 supra
1456 4105 1694 4163 terram;
1747 4098 2003 4153 similiter
2042 4115 2218 4169 neque

647 4202 710 4242 ea
733 4203 852 4256 qua:
885 4187 1046 4242 simul
1079 4189 1358 4253 occidunt,
1401 4189 1563 4245 simul
1613 4189 1774 4243 etiam
1819 4190 2090 4255 oriuntur,
2121 4191 2217 4246 sed

647 4291 715 4330 ex
746 4277 811 4332 iis
843 4292 905 4331 ea
936 4293 1055 4347 qua:
1083 4286 1212 4333 sunt
1245 4279 1418 4350 magis
1450 4279 1714 4344 borealia,
1750 4282 1902 4350 prius
1942 4281 2213 4344 oriuntur,

648 4382 714 4420 eo
733 4369 876 4437 quod
899 4369 1037 4423 infra
1057 4369 1396 4424 horizontem
1419 4370 1630 4424 minora
1655 4371 1891 4428 habeant
1915 4382 2211 4442 segmenta.

650 4455 864 4515 Rursus
906 4476 1080 4530 neque
1114 4476 1178 4516 ea
1208 4477 1330 4531 qua:
1367 4462 1519 4532 prius
1541 4463 1813 4524 oriuntur.
1854 4463 2016 4518 etiam
2061 4465 2212 4533 pnius

649 4548 944 4616 occidunt;
982 4529 1076 4604 sed
1117 4529 1587 4618 quaedam—eorum
1615 4567 1735 4621 qua:
1766 4551 1920 4621 prius
1941 4529 2211 4618 oriuntur,
2249 4529 2290 4583 θ

651 4641 813 4696 simul
838 4641 997 4696 etiam
1033 4640 1320 4707 occidunt;
1362 4641 1609 4711 quaedam
1643 4657 1772 4696 vero
1802 4643 2093 4734 posterius.
2126 4640 2214 4696 Si-

650 4733 852 4788 militer
899 4749 1088 4788 eorum
1133 4749 1254 4804 qua:
1300 4733 1451 4803 prius
1491 4733 1767 4798 occidunt,
1813 4733 2057 4804 quaedam
2108 4750 2216 4788 non

649 4827 904 4879 oriuntur
949 4825 1127 4897 prius,
1177 4824 1274 4880 sed
1321 4825 1485 4880 simul
1533 4825 1786 4879 oriuntur
1837 4833 1891 4879 et
1924 4823 2214 4890 occidunt,

652 4917 756 4970 alia
784 4917 960 4987 prius,
1011 4917 1116 4970 alia
1152 4916 1446 4986 posterius.
1499 4913 1828 4969 Mentionem
1879 4915 2010 4969 facit
2042 4925 2094 4970 et
2129 4915 2218 4969 ho-

651 5023 770 5060 rum
809 5023 872 5062 ex
901 5017 1053 5077 parte
1082 5006 1302 5070 Aratus,
1341 5021 1466 5060 eum
1491 5005 1569 5059 sic
1600 5003 1776 5074 inquit
1820 5022 1832 5056 :

655 5118 758 5174 Sed
789 5135 989 5187 semper
1016 5119 1225 5172 Taurus
1257 5119 1481 5172 velocior
1508 5118 1708 5185 Auriga

659 5189 722 5244 1η
758 5189 980 5254 alteram
1006 5199 1209 5258 partem
1240 5189 1569 5253 descendere,
1606 5189 1723 5242 licet
1755 5188 1916 5241 silnul
1943 5188 2212 5244 ascendat.

725 5305 778 5359 ln
811 5305 898 5360 his
942 5305 1088 5360 enim
1127 5304 1325 5375 inquit,
1377 5303 1616 5357 Taurum
1660 5302 1819 5358 simul
1856 5317 1978 5356 cum
2020 5303 2216 5371 Auriga

653 5403 858 5460 ortum,
895 5395 1047 5465 prius
1097 5402 1277 5449 tamen
1314 5394 1582 5448 occidere.
1617 5390 1701 5445 Fit
1739 5399 1917 5446 autem
1954 5392 2055 5445 hoc
2103 5408 2220 5462 pro-

656 5497 775 5557 pter
807 5495 1210 5557 segmentorum
1251 5501 1556 5550 excessum,
1588 5485 1642 5538 in
1674 5484 1870 5553 quibus
1916 5499 2080 5553 supra
2121 5496 2220 5538 ter-

658 5594 796 5640 ram,
839 5584 896 5636 et
944 5576 1087 5631 infra
1133 5583 1333 5630 terram
1381 5577 1685 5631 inerrantes
1735 5576 1903 5631 stellae
1951 5575 2214 5630 feruntur.

659 5667 888 5737 Propter
947 5669 1085 5722 hanc
1150 5675 1328 5722 autem
1380 5667 1646 5736 sphaeram
1701 5683 1808 5722 non
1859 5667 2038 5720 omnia
2074 5674 2219 5722 astra

693 5799 736 5829 "
771 5798 891 5855 llaec
921 5801 1182 5857 dcsuntin
1213 5799 1504 5854 veteribus.

2321 3275 2566 3345 φέρεται,
2595 3274 2812 3327 πλείονα
2835 3274 2891 3326 δὲ
2923 3274 3028 3326 ὑπὸ
3058 3273 3178 3343 γῆν.
3204 3273 3371 3327 Πάλιν
3398 3272 3506 3342 γὰρ
3526 3271 3632 3324 τῶν
3657 3271 3897 3330 κύκλων,

2319 3367 2439 3420 καθ’
2473 3361 2548 3420 ὧν
2601 3367 2854 3438 φέρονται
2887 3367 2932 3418 οἱ
2971 3365 3229 3428 ἀπλανεῖς
3274 3363 3504 3436 ἀστέρες
3537 3366 3585 3416 οἱ
3626 3365 3717 3415 ἐπὶ
3765 3379 3902 3432 μεσ-

2317 3457 2557 3529 ημϐρίαν
2588 3459 2848 3528 κείμενοι,
2898 3457 3155 3510 ἐλάττονα
3191 3456 3290 3526 μὲν
3333 3457 3593 3526 τμήματα
3623 3454 3764 3523 ὑπὲρ
3793 3453 3901 3522 γῆν

2317 3549 2518 3619 ἔχουσι,
2559 3549 2777 3619 μείζονα
2815 3547 2872 3600 δὲ
2906 3547 3011 3600 ὑπὸ
3040 3547 3162 3616 γῆν.
3207 3545 3475 3614 Τοιαύτης
3497 3544 3552 3596 δὲ
3583 3545 3754 3614 φορᾶς
3781 3544 3900 3605 τοῖς

2317 3643 2613 3696 ἀπλανέσιν
2642 3643 2860 3712 ἄστροις
2893 3638 3264 3710 ὑπαρχούσης,
3295 3637 3578 3708 συμϐαίνει
3611 3635 3686 3705 μὴ
3716 3636 3901 3688 πάντα

2318 3735 2384 3789 τά
2440 3735 2556 3805 ἅμα
2619 3733 2975 3788 ἀνατέλλοντα
3025 3732 3118 3785 καὶ⁵
3151 3731 3267 3801 ἅμα
3325 3729 3521 3789 δύνειν,
3589 3728 3722 3780 ἀλλὰ
3783 3727 3900 3778 τῶν

2318 3827 2432 3898 ἅμα
2480 3827 2875 3881 ἀνατελλόντων
2905 3826 2990 3879 ἀεὶ
3032 3825 3099 3878 τὰ
3133 3824 3270 3894 πρὸς
3303 3821 3653 3894 μεσημϐρίαν
3692 3819 3898 3890 μᾶλλον

2317 3918 2494 3973 αὐτῶν
2540 3919 2766 3989 κείμενα
2821 3918 3084 3988 πρότερον
3145 3915 3341 3980 δύνειν,
3406 3914 3494 3968 διὰ
3528 3913 3590 3966 τὸ
3636 3913 3897 3964 ἐλάττονα

2315 4013 2576 4082 τμήματα
2631 4011 2770 4081 ὑπὲρ
2803 4009 2906 4079 γῆν
2963 4007 3257 4080 φέρεσθαι·
3305 4006 3503 4078 ὁμοίως
3545 4005 3602 4058 δὲ
3657 4003 3776 4057 οὐδὲ
3820 4003 3896 4055 τὰ

2317 4103 2434 4174 ἅμα
2475 4102 2695 4155 δύνοντα
2725 4101 2839 4172 ἅμα
2888 4101 2982 4153 καὶ
3015 4099 3314 4161 ἀνατέλλει,
3354 4098 3489 4152 ἀλλά
3528 4097 3596 4150 τὰ
3624 4096 3757 4166 πρὸς
3792 4095 3898 4161 ἄρ-

2316 4212 2441 4249 κτον
2463 4193 2642 4248 αύτῶν
2676 4193 2873 4264 μᾶλλον
2906 4193 3134 4262 κείμενα
3165 4193 3428 4263 πρότερον
3461 4189 3759 4250 ἀνατέλλει,
3799 4187 3896 4240 διὰ

2313 4289 2373 4341 τὸ
2403 4288 2658 4341 ἐλάττονα
2701 4287 2963 4356 τμήματα
3005 4284 3111 4337 ὑπὸ
3141 4283 3246 4354 γῆν
3294 4281 3573 4353 φέρεσθαι.
3624 4280 3788 4334 Πάλιν
3831 4279 3894 4331 δὲ

2314 4382 2433 4434 ούδὲ
2463 4381 2531 4434 τά
2564 4381 2826 4452 πρότερον
2868 4378 3226 4431 ἀνατέλλοντα
3266 4378 3362 4430 καὶ
3399 4376 3663 4446 πρότερον
3703 4373 3850 4428 δύνει
3878 4393 3890 4404 ·

2317 4471 2450 4524 ἀλλά
2486 4470 2607 4524 τινὰ
2642 4471 2738 4540 μὲν
2774 4469 2882 4522 τῶν
2913 4469 3174 4540 πρότερον
3210 4466 3602 4520 ἀνατελλόντων
3643 4464 3758 4534 ἅμα
3791 4464 3894 4515 καὶ

2317 4561 2480 4626 δύνει,
2517 4562 2637 4615 τινὰ
2662 4561 2718 4614 δὲ
2753 4560 2999 4631 ὕστερον.
3036 4560 3268 4630 Ὁμοίως
3292 4559 3348 4611 δὲ
3377 4557 3470 4610 καὶ
3495 4557 3604 4610 τῶν
3626 4556 3894 4626 πρότερον

2315 4653 2574 4706 δυνόντων
2607 4651 2730 4705 τινά
2781 4651 2878 4721 μὲν
2919 4651 2981 4703 οὐ
3017 4648 3424 4721 προανατέλλει,
3469 4646 3584 4700 ἀλλ’
3627 4647 3744 4717 ἄμα
3788 4647 3892 4716 μὲν

2316 4745 2593 4799 ἀνατέλλει
2625 4747 2719 4799 καὶ
2748 4745 2912 4810 δύνει,
2941 4743 3010 4797 τὰ
3039 4745 3134 4814 μὲν
3162 4743 3444 4814 πρότερον,
3468 4742 3536 4794 τὰ
3562 4741 3619 4794 δὲ
3641 4740 3887 4809 ὕστερον.

2316 4835 2660 4907 Μνημονεύει
2691 4836 2746 4889 δὲ
2778 4835 3096 4889 καὶτούτων
3126 4835 3219 4888 ἐπὶ
3251 4833 3416 4888 ποσὸν
3455 4833 3690 4903 Ἀρατος
3715 4831 3894 4900 λέγων

2314 4944 2486 4991 ουτως
2505 4944 2518 4957 ·

2329 5129 2479 5182 Ἀλλ’
2505 5127 2617 5180 αἰεὶ
2663 5126 2880 5193 Ταῦρος
2905 5123 3375 5194 προφερέστερος
3418 5122 3704 5194 Ἠνιόχοιο

2317 5200 2420 5262 Εὶς
2456 5197 2666 5265 ἑτέρην
2708 5190 3052 5264 καταϐῆὶθαέ,
3090 5190 3394 5262 ὀμηλυσίῃ
3449 5206 3558 5260 περ
3594 5190 3890 5245 ἀνελθών.

2399 5304 2485 5356 Ἐν
2512 5303 2620 5374 γὰρ
2640 5304 2844 5366 τούτοις
2870 5304 3030 5373 φησὶν
3051 5303 3166 5372 ἄμα
3193 5301 3283 5354 τὸν
3315 5299 3525 5371 Ταῦρον
3545 5300 3620 5371 τῷ
3662 5300 3896 5368 Ἥνιόχῳ

2317 5395 2668 5449 ἁνατείλαντα
2706 5395 2965 5466 πρότερον
3002 5393 3197 5447 δύνειν.
3233 5392 3443 5444 Γίνεται
3476 5391 3532 5443 δὲ
3564 5389 3707 5442 οὕτω
3739 5390 3898 5460 παρὰ

2316 5488 2414 5558 τὴν
2438 5487 2544 5540 τῶν
2573 5485 2873 5558 τμημάτων
2899 5486 3189 5557 ὑπεροχὴν,
3213 5478 3287 5538 ὧν
3313 5484 3450 5555 ὑπὲρ
3474 5485 3576 5551 γῆν
3609 5481 3894 5552 φέρονται,

2319 5582 2412 5634 καὶ
2447 5581 2549 5634 ὑπὸ
2581 5581 2684 5648 γῆν
2713 5581 2760 5632 οἱ
2787 5578 3046 5641 ἀπλανεῖς
3074 5561 3319 5647 ἀστέρες.
3357 5575 3454 5628 Διά
3484 5576 3540 5629 δὲ
3571 5574 3670 5645 τὴν
3708 5574 3898 5626 τοιαύ-

2318 5690 2416 5741 την
2454 5672 2828 5742 σφαιροποιίαν
2863 5671 2920 5723 ού
2953 5670 3128 5724 πάντα
3170 5670 3237 5722 τὰ
3271 5670 3443 5738 ἄστρα
3468 5666 3743 5721 ἀνατέλλει
3773 5664 3897 5718 καθ’
