4124 6400
272 422 380 477 855

1326 397 1566 477 'CEMINI
1608 418 1980 474 ELEMENTA
2017 419 2514 477 ASTRONOMIIE.

3413 421 3516 475 834

260 542 510 610 ἑκάστην
541 538 735 591 νύκτα·
772 539 905 592 άλλά
944 539 1063 593 τινὰ
1101 541 1198 610 μὲν
1232 539 1507 594 ἀνατέλλει
1554 541 1650 593 καί⁸
1688 540 1844 604 δύνει1

1958 540 2213 594 oriuntur
2239 542 2386 595 omni
2423 552 2614 608 nocte;
2652 541 2747 597 sed
2777 541 3023 612 quaedam
3059 539 3312 592 oriuntur
3339 544 3394 592 et
3425 554 3523 592 oc-

269 633 395 684 τινά
426 629 480 684 δὲ
505 632 786 684 ἀνατέλλει
814 633 933 702 μὲν,
963 633 1023 684 ού
1056 632 1200 685 δύνει
1229 633 1315 685 δέ·
1347 632 1384 686 ἀ
1409 633 1465 686 δὲ
1493 632 1604 685 οὔτ’
1626 633 1853 686 ἀνατέλ-

268 725 375 786 λει,
412 721 535 775 οὕτε
578 722 752 775 δύνει·
790 723 924 775 ἀλλά
961 723 1030 776 τὰ
1067 724 1164 794 μὲν
1190 725 1568 796 ἀρκτικώτερα.
1605 723 1849 794 κείμενα,

270 813 526 885 μετέωρα
576 814 889 886 ὑπάρχοντα
929 814 1067 884 μετά
1109 814 1205 886 τὴν
1232 815 1324 867 τοῦ
1351 815 1501 886 ἡλίου
1543 814 1716 881 δύσιν,
1747 815 1852 886 πρὸ

264 906 370 974 τῆς
404 905 496 958 τοῦ
529 905 679 976 ἡλίου
720 905 984 975 ἀνατολῆς
1021 905 1101 957 ἔτι
1144 906 1521 978 μετεωρότερα
1565 905 1848 974 φαίνεται·

266 998 339 1051 τὰ
379 999 435 1052 δὲ
479 997 970 1070 μεσημϐρινώτερα
1031 998 1260 1068 κείμενα
1307 997 1418 1052 οὔτ’
1471 997 1847 1062 ἀνατέλλοντα,

268 1088 396 1142 οὔτε
424 1089 646 1142 δύνοντα
672 1089 956 1161 Θεωρεῑται
977 1105 990 1118 ·
1025 1088 1159 1142 ἀλλὰ
1207 1089 1383 1143 πάντα
1403 1089 1495 1142 τὸν
1526 1090 1623 1158 τῆς
1657 1090 1851 1152 νυκτὸς

270 1179 463 1249 χρόνον
485 1179 588 1232 ὑπὸ
617 1180 718 1249 γῆν
740 1181 1016 1250 φέρονται.
1050 1179 1209 1232 Ὅθεν
1235 1181 1328 1234 καί
1348 1199 1469 1234 τινα
1496 1167 1610 1233 τῶν
1635 1181 1850 1252 ἄστρων

270 1271 563 1341 ἀμφιφανῆ
625 1270 889 1334 καλεῖται,
950 1269 1204 1342 καθάπερ
1252 1271 1346 1325 καὶ
1393 1274 1420 1324 ὁ
1487 1273 1845 1344 Ἀρκτοῦρος·

272 1363 417 1438 μετὰ
447 1363 554 1434 γὰρ
594 1365 692 1434 τὴν
731 1361 824 1415 τοῦ
861 1360 1012 1432 ἡλίου
1055 1361 1205 1415 δύσιν
1237 1363 1524 1428 πλεονάκις
1566 1365 1848 1436 Θεωρείται

266 1453 440 1507 δύνων
465 1472 523 1507 τε
559 1457 616 1507 ὲν
665 1456 732 1525 τῇ
782 1454 918 1524 αὐτῇ
958 1455 1132 1519 νυκτὶ,
1179 1455 1270 1508 καὶ
1315 1457 1723 1526 προανατέλλων
1755 1456 1846 1510 τοῦ

267 1548 419 1617 ἡλίου
455 1548 703 1617 φαίνεται
735 1549 800 1600 ⁸⁸.
831 1548 908 1600 Δι’
937 1547 1004 1617 ἣν
1029 1548 1206 1601 αἰτίαν
1243 1549 1488 1602 καλεῖται
1509 1549 1845 1621 ἀμφιφανὴς,

265 1641 350 1692 ὅτι
383 1639 475 1692 καὶ
497 1641 588 1708 ἀφ’
619 1639 857 1709 ἑσπέρας
880 1639 1072 1704 δύνων,
1098 1641 1190 1694 καὶ
1216 1639 1516 1693 ἀνατέλλων
1545 1642 1601 1694 ὲν
1624 1643 1686 1710 τῇ
1709 1642 1846 1711 αὐτῇ

267 1732 426 1784 νυκτί
463 1731 767 1800 θεωρεῖται.
787 1724 878 1784 Τά
893 1731 948 1785 δὲ
975 1733 1220 1786 ἐναντίαν
1251 1732 1363 1803 ἔχει
1390 1733 1560 1799 τάξιν,
1586 1733 1686 1798 ὅσα
1714 1751 1848 1805 προ-

265 1821 415 1874 δύνει
448 1821 547 1892 μὲν
580 1822 680 1892 τῆς
701 1821 792 1874 τοῦ
817 1821 968 1894 ἡλίου
1001 1821 1222 1890 δύσεως,
1247 1825 1592 1877 ὲπανατέλλει
1624 1825 1681 1878 δὲ
1713 1824 1849 1896 μετά

1953 634 2144 687 cidunt
2173 653 2184 688 :
2216 635 2462 704 quaedam
2490 650 2618 690 vero
2647 637 2901 690 oriuntur
2928 633 3169 702 quidem,
3197 646 3304 684 non
3340 639 3521 684 tamen

1951 723 2207 778 occidunt
2243 725 2531 794 :quaedam
2592 740 2722 780 vero
2771 739 2946 793 neque
2999 723 3292 783 oriuntur,
3345 734 3522 787 neque

1951 816 2246 883 occidunt;
2301 817 2394 872 sed
2439 833 2524 883 ea,
2555 834 2677 888 quae
2727 819 2900 884 magis
2942 823 3070 870 sunt
3111 813 3369 877 borealia,
3397 827 3521 865 eum

1953 905 2066 959 sint
2095 906 2354 960 sublimia
2385 915 2508 977 post
2542 909 2675 964 solis
2698 922 2984 970 occasum,
3023 915 3148 959 ante
3178 905 3313 958 solis
3340 913 3523 957 ortum

1949 995 2127 1049 adhuc
2158 997 2476 1051 sublimiora
2519 1006 2816 1068 apparent;
2847 1013 2968 1068 qua:
3005 1010 3137 1050 vero
3179 1001 3309 1047 sunt
3352 993 3525 1060 magis

1949 1086 2058 1156 29
2081 1088 2364 1153 australia,
2413 1103 2475 1142 ea
2513 1105 2690 1158 neque
2737 1089 2891 1151 oriri,
2938 1103 3115 1156 neque
3157 1085 3412 1140 occidere
3449 1084 3526 1136 vi-

1949 1179 2147 1234 dentur
2177 1199 2190 1234 :
2217 1180 2310 1235 sed
2336 1195 2433 1250 per
2457 1195 2619 1234 omne
2651 1181 2830 1250 noctis
2854 1189 3070 1248 tempus
3103 1179 3206 1232 sub
3241 1177 3526 1230 horizonte

1947 1269 2220 1325 feruntur.
2256 1270 2411 1327 Unde
2439 1271 2684 1341 quaedam
2720 1249 2992 1327 astrorum
3015 1275 3281 1323 vocantur
3315 1268 3400 1320 bis
3425 1279 3524 1334 ap-

1947 1366 2218 1432 parentia,
2248 1364 2390 1418 sicut
2422 1373 2474 1419 ct
2503 1365 2810 1430 Arcturus;
2848 1371 2969 1434 post
3013 1362 3148 1417 solis
3179 1362 3323 1414 enim
3357 1372 3522 1412 occa-

1948 1469 2068 1508 sum
2095 1470 2238 1524 saepe
2268 1455 2479 1510 videtur
2499 1465 2551 1511 et
2580 1455 2834 1510 occidere
2879 1454 3068 1509 eadem
3100 1459 3280 1516 nocte,
3316 1457 3370 1504 et
3395 1458 3523 1503 ante

1946 1543 2115 1600 solem
2139 1547 2292 1601 oriri.
2319 1546 2492 1612 Quam
2520 1548 2590 1602 ob
2617 1561 2838 1601 causam
2865 1555 3090 1600 vocatur
3115 1544 3200 1598 bis
3225 1554 3519 1612 apparens,

1947 1637 2093 1708 quod
2122 1647 2175 1692 et
2200 1653 2231 1692 a
2262 1654 2489 1708 vespera
2515 1639 2788 1702 occidere,
2823 1646 2876 1693 et
2905 1638 3038 1691 oriri
3062 1637 3118 1690 in
3147 1635 3335 1690 eadem
3363 1643 3523 1687 nocte

1947 1737 2244 1798 spectetur.
2287 1731 2404 1784 Alia
2453 1747 2584 1786 vero
2631 1731 2874 1785 ordinem
2911 1731 3112 1784 habent
3159 1728 3519 1788 contrarium,

1949 1839 2070 1893 quae
2115 1824 2374 1878 occidunt
2420 1835 2543 1880 ante
2594 1827 2725 1879 solis
2774 1840 3055 1890 occasum,
3103 1823 3357 1877 oriuntur
3391 1836 3521 1874 vero

265 1909 367 1978 τὴν
400 1907 493 1960 τοῦ
525 1909 674 1978 ἡλίου
713 1910 977 1981 ἀνατολήν
997 1927 1010 1940 ·
1047 1909 1186 1965 ὥστε
1219 1912 1341 1965 καθ’
1377 1913 1504 1983 ὃλην
1549 1914 1645 1986 τὴν
1675 1915 1844 1969 νύκτα

1946 1924 2069 1985 post
2101 1917 2235 1971 Solis
2265 1925 2469 1979 ortum,
2511 1918 2583 1970 ita
2620 1927 2679 1970 ut
2721 1932 2818 1987 per
2846 1924 3014 1970 totam
3045 1925 3260 1970 noctem
3294 1929 3402 1968 nou
3446 1913 3523 1966 vi-

268 2000 346 2071 μὴ
386 1999 726 2072 θεωρηθῆναι
767 2003 890 2075 μήτ’
925 2004 1304 2070 ἀνατέλλοντα,
1351 2007 1486 2078 μήτε
1528 2006 1780 2062 δύνοντα·
1809 2009 1844 2063 ἃ

265 2092 601 2162 δὴ.‹καλοῦσί
653 2111 794 2158 τινες
849 2096 1230 2162 νυκτιδιέξοδα.
1277 2099 1352 2151 Ού
1389 2099 1528 2152 κατά
1581 2100 1760 2153 πάντα
1789 2101 1846 2154 δὲ

266 2182 458 2254 καιρὸν
507 2183 679 2236 ταῦτα
723 2185 900 2238 πάντα
927 2186 996 2239 τά
1039 2187 1302 2258 ἰδιώματα
1329 2190 1457 2258 περὶ
1489 2190 1614 2254 τοὺς
1651 2191 1846 2254 αὐτοὺς

265 2273 504 2345 ἀστέρας
541 2275 773 2346 ὑπάρχει
795 2291 808 2306 ·
845 2275 982 2330 ἀλλά
1010 2278 1136 2349 περί
1165 2279 1265 2343 τὰς
1297 2280 1390 2333 τοῦ
1425 2282 1574 2352 ἡλίου
1608 2283 1846 2354 μεταϐά-

269 2383 386 2429 σεις
430 2365 734 2419 ἀλλοιοῦται
773 2368 867 2420 καὶ
898 2367 966 2422 τά
1015 2370 1142 2440 περὶ
1187 2370 1286 2434 τὰς
1322 2371 1605 2437 ἀνατολὰς,
1636 2374 1730 2428 καὶ
1778 2374 1846 2427 τὰ

267 2457 398 2526 περὶ
427 2457 526 2521 τὰς
551 2456 752 2521 δύσεις.

807 2593 1203 2647 ΚΕΦΑΛΑΙΟΝ
1243 2595 1342 2649 ΙΒ’.

687 2706 828 2775 Περί
851 2703 968 2761 τῶν
991 2707 1061 2761 ἐν
1090 2707 1167 2779 γῇ
1202 2708 1418 2770 ζωνῶν.

351 2819 417 2873 Ἦ
463 2819 566 2890 τῆς
616 2820 910 2891 συμπάσης
968 2821 1074 2890 γῆς
1120 2821 1448 2891 ἐπιφάνεια,
1501 2825 1842 2898 σφαιροειδὴς

268 2915 607 2985 ὑπάρχουσα,
648 2913 932 2984 διαιρεῖται
964 2915 1044 2976 εἰς
1076 2913 1251 2978 ζώνας
1289 2915 1481 2967 πέντε·
1519 2909 1594 2968 ὧν
1619 2915 1712 2968 δύο
1747 2917 1844 2986 μὲν

269 3006 328 3058 αἱ
381 3005 512 3076 περί
550 3007 674 3067 τοὺς
703 3004 917 3067 πόλους,
969 3003 1296 3075 πορρώτατα
1347 3005 1405 3058 δὲ
1450 3006 1699 3074 κείμεναι
1744 3006 1844 3076 τῆς
1877 3041 1888 3050 -

266 3095 361 3148 τοῦ
380 3096 539 3166 ’ἡλίου
573 3096 828 3166 παρόδου,
859 3094 1268 3165 κατεψυγμέναι
1299 3096 1565 3163 λέγονται,
1601 3098 1694 3149 καὶ
1726 3097 1842 3150 ἀοί-

267 3203 423 3257 κητοι
451 3186 540 3238 διὰ
565 3185 623 3238 τὸ
653 3186 850 3257 ψύχος·
885 3185 1233 3257 ἀφορίζονται
1273 3186 1329 3238 δὲ
1382 3187 1486 3238 ὑπὸ
1509 3185 1616 3240 τῶν
1653 3187 1844 3258 ἀρκτι-

1943 2007 2178 2062 deantur
2205 2024 2382 2077 neque
2411 2009 2569 2074 oriri,
2597 2024 2773 2076 neque
2795 2009 3080 2072 occidere;
3112 2023 3233 2077 quae
3265 2005 3520 2060 nonnulli

1943 2106 2141 2152 vocant
2176 2097 2561 2162 νυκτιδιέξοδα.
2600 2100 2654 2154 id
2695 2107 2780 2154 est
2818 2107 2984 2153 noctu
3018 2099 3126 2153 late
3156 2097 3518 2168 expatiantia.

1946 2186 2063 2242 Non
2105 2188 2252 2242 omni
2285 2197 2465 2243 autem
2509 2197 2754 2259 tempore
2803 2203 2994 2244 omnes
3035 2188 3118 2243 ha:
3156 2189 3520 2259 proprietates

1945 2278 2094 2332 circa
2149 2279 2369 2334 easdem
2427 2281 2615 2334 stellas
2667 2281 2962 2345 eveniunt,
3020 2279 3114 2334 sed
3179 2280 3329 2333 circa
3388 2277 3521 2332 solis

1944 2371 2210 2427 transitus
2241 2372 2526 2426 variantur
2551 2388 2614 2428 ea
2641 2388 2762 2443 quae
2791 2371 2859 2426 ad
2893 2381 3068 2438 ortus,
3097 2378 3151 2426 et
3172 2385 3293 2441 qua:
3324 2369 3394 2424 ad
3421 2383 3521 2424 oc-

1947 2477 2112 2516 casus
2143 2469 2417 2532 spectant.

2528 2595 2770 2660 CAPUT
2808 2595 2920 2651 XII.

2446 2707 2526 2762 De
2564 2711 2712 2763 zonis
2749 2710 2807 2762 in
2848 2717 3011 2763 terra.

2016 2821 2210 2880 Totius
2238 2833 2398 2879 terra:
2426 2824 2770 2893 superﬁcies,
2809 2838 2936 2877 cum
2983 2823 3055 2876 sit
3086 2821 3336 2892 globosa,
3379 2818 3520 2875 divi-

1944 2914 2093 2969 ditur
2130 2916 2186 2969 in
2240 2915 2484 2985 quinque
2525 2931 2693 2971 zonas
2727 2931 2740 2966 :
2777 2929 3005 2984 quarum
3043 2914 3183 2975 duae,
3226 2927 3347 2982 quae
3390 2918 3520 2965 sunt

1944 3009 2092 3061 circa
2119 3008 2276 3077 polos
2307 3015 2360 3061 et
2397 3007 2713 3076 longissime
2757 3007 2876 3062 sitae
2909 3021 2938 3058 a
2986 3005 3121 3061 solis
3164 3006 3379 3065 itinere,
3421 3001 3520 3055 [rio

1945 3099 2084 3168 gidze
2110 3100 2390 3166 dicuntur,
2424 3107 2588 3167 atque
2630 3097 3016 3153 inhabitabiles
3042 3105 3282 3168 .propter
3319 3096 3514 3165 frigus.

1946 3189 2392 3245 Determinantur
2425 3198 2607 3243 autem
2645 3205 2673 3242 a
2709 3189 2936 3244 circulis
2959 3191 3181 3243 arcticis
3201 3204 3398 3244 versus
3422 3203 3520 3257 po-

266 3246 380 3329 κῶν
411 3276 546 3343 πρὸς
585 3246 710 3340 τούς
731 3246 975 3341 Ἑτόλωυέ-
998 3246 1075 3330 ἀἰ⁷
1103 3277 1160 3330 δὲ
1197 3276 1400 3330 τούτων
1442 3279 1588 3350 ἑξῆς,
1630 3246 1840 3350 συιμμέ-

1946 3284 2064 3348 los;
2094 3298 2246 3337 zonar
2277 3297 2406 3337 vero
2459 3297 2580 3351 qua:
2616 3281 2703 3336 his
2738 3289 2865 3336 sunt
2908 3282 3188 3350 proximae,
3227 3291 3279 3335 et
3311 3280 3520 3334 medio-

265 3385 409 3437 τρως
446 3368 502 3420 δὲ
543 3367 792 3439 κείμεναι
826 3369 964 3440 πρὸς
994 3369 1090 3440 τὴν
1129 3367 1225 3421 τοῦ
1269 3369 1422 3440 ἡλίου
1465 3369 1716 3442 πάροδον,
1754 3369 1843 3422 εὔ-

264 3477 456 3532 κρατοι
487 3460 804 3515 καλοῦνται·
833 3463 1181 3534 ἀφορίζονται
1224 3464 1280 3517 δὲ
1311 3465 1472 3518 αὑταὶ
1505 3465 1608 3517 ὑπὸ
1644 3463 1752 3518 τῶν
1782 3465 1840 3516 ὲν

262 3552 342 3624 τῷ
371 3553 561 3624 κόσμῳ
589 3553 864 3625 ἀρκτικῶν
907 3556 1004 3608 καὶ
1049 3556 1325 3626 τροπικῶν
1363 3556 1597 3619 κύκλων,
1637 3554 1838 3626 μεταξῦ

265 3644 516 3715 κείμεναι
544 3645 741 3698 αὐτῶν.
786 3646 850 3699 Ἡ
899 3646 955 3699 δὲ
999 3647 1158 3718 λοιπὴ
1212 3647 1348 3718 μέση
1378 3647 1486 3699 τῶν
1512 3646 1840 3718 προειρημέ-

263 3756 392 3802 νων,
433 3740 657 3811 κειμένη
691 3739 748 3793 δὲ
782 3741 872 3793 ὑπ’
916 3741 1084 3812 αὐτὴν
1121 3741 1219 3812 τὴν
1261 3741 1354 3793 τού
1388 3740 1539 3810 ἡλίου
1584 3740 1835 3810 πάροδον,

261 3831 665 3902 διακεκαυμένη
709 3832 988 3885 καλεῖται·
1043 3832 1403 3903 διχοτομεῐται
1452 3831 1508 3884 δὲ
1554 3832 1690 3902 αὐτὴ
1736 3831 1839 3884 ὑπὸ

262 3919 359 3972 τοῦ
396 3921 454 3972 ὲν
485 3925 550 3993 τῇ
585 3925 654 3993 γῇ
694 3922 1006 3994 ἰσημερινοῦ
1050 3923 1271 3988 κύκλου,
1301 3923 1359 3987 ὃς
1399 3927 1572 3977 κεῖται
1608 3923 1712 3976 ὑπὸ
1749 3922 1838 3975 τὸν

264 4013 323 4062 ὲν
369 4012 449 4084 τῷ
487 4014 674 4093 κόσμῳ
723 4014 1034 4086 ἰσημερινὸν
1081 4015 1296 4069 κύκλον.
1328 4015 1448 4068 Τῶν
1473 4015 1529 4068 δὲ
1559 4014 1838 4086 εύκράτων

260 4106 359 4160 δύο
401 4107 585 4172 ζωνῶν
631 4107 730 4179 τὴν
766 4108 974 4178 βόρειον
1017 4109 1121 4161 ὑπὸ
1166 4109 1273 4162 τῶν
1322 4109 1380 4162 ἐν
1423 4111 1488 4178 τῇ
1538 4109 1659 4162 καθ’
1693 4110 1839 4180 ἡμᾶς

262 4196 556 4270 οἰκουμένῃ
596 4196 860 4250 οἰκεῖσθαι
905 4197 1270 4270 συμϐέϐηκεν,
1311 4199 1403 4251 ἐπὶ
1449 4200 1548 4269 μὲν
1581 4199 1641 4252 τὸ
1667 4204 1838 4272 μῆκος

261 4285 427 4342 οὖσαν
472 4289 548 4352 ὼς
583 4288 807 4357 ἔγγιστα
839 4289 968 4361 περί
999 4289 1129 4344 δέκα
1158 4291 1422 4365 μυριάδας
1467 4291 1713 4358 σταδίων,
1745 4292 1838 4344 ἐπὶ

261 4381 317 4434 δὲ
349 4381 410 4434 τὸ
439 4379 638 4444 πλάτος
669 4380 745 4444 ὡς
778 4381 1004 4450 ἔγγιστα
1027 4382 1086 4436 τὸ
1114 4383 1306 4454 ἥμισυ.

781 4511 1003 4573 ΚΕΦΑΛ
1015 4521 1174 4575 ΑΙΟΝ
1215 4522 1311 4576 II".

803 4635 944 4703 Περί
985 4635 1294 4701 οἰκήσεων.

334 4744 455 4797 Τῶν
495 4744 553 4798 δὲ
599 4745 692 4798 ἐπὶ
743 4745 847 4816 γῆς
900 4747 1290 4800 κατοικούντων
1343 4749 1392 4799 οἱ
1447 4746 1544 4816 μὲν
1595 4745 1841 4813 λέγονται

267 4839 526 4899 σύνοικοι,
555 4839 603 4890 οἱ
637 4837 693 4889 δὲ
726 4837 1014 4909 περίοικοι,
1045 4840 1091 4891 οἱ
1119 4839 1176 4891 δὲ
1227 4838 1482 4899 ἄντοικοι,
1510 4839 1558 4889 oi.
1591 4837 1649 4890 δὲ
1689 4837 1839 4890 ἀντί-

264 4928 445 4991 ποδες.
471 4927 712 4981 Σύνοικοι
738 4929 836 4998 μὲν
873 4925 966 4984 οὖν
998 4933 1131 4982 εἰσιν
1164 4931 1213 4981 οἰ
1255 4929 1382 5000 περὶ
1423 4929 1514 4982 τὸν
1558 4929 1720 4982 αὑτὸν
1747 4928 1839 4981 τό·

265 5026 368 5076 πον
399 5025 500 5093 τῆς
532 5022 701 5092 αὐτῆς
739 5021 915 5093 ζώνης
950 5022 1357 5087 κατοικοῦντες·
1397 5023 1660 5094 περίοικοι
1694 5023 1750 5076 δὲ
1791 5026 1839 5078 οἱ

265 5115 322 5166 ἒν
350 5115 418 5184 τῇ
457 5113 592 5182 αὐτῇ
629 5111 773 5186 ζώνῃ
804 5113 988 5183 κύκλῳ
1019 5114 1452 5185 περιοικοῦντες·
1501 5115 1737 5168 ἄντοικοι
1783 5115 1840 5168 δὲ

265 5207 310 5258 οἰ
339 5207 398 5258 ὲν
425 5206 492 5274 τῇ
525 5205 660 5276 αὐτῇ
694 5206 854 5276 νοτίῳ
883 5203 1024 5276 ζώνῃ
1057 5205 1162 5258 ὑπὸ
1201 5204 1259 5257 τὸ
1306 5207 1438 5259 αὐτὸ
1486 5208 1841 5279 ἡμισφαίριον

263 5292 675 5356 κατοικοῦντες·
709 5293 989 5356 ἀντίποδες
1022 5293 1079 5346 δὲ
1116 5294 1166 5346 οἰ
1205 5295 1264 5346 ὲν
1295 5297 1359 5365 τῇ
1394 5295 1550 5365 νοτίῳ
1595 5293 1741 5368 ζώνῃ
1785 5296 1842 5349 ἐν

262 5386 341 5456 τῷ
380 5385 554 5456 ἑτέρῳ
593 5386 935 5456 ἡμισφαιρίῳ
964 5384 1340 5450 κατοικοῦντες
1365 5386 1505 5440 κατὰ
1540 5387 1639 5460 τὴν
1671 5387 1841 5457 αὐτὴν

263 5478 558 5550 διάμετρον
579 5480 817 5549 κείμενοι
843 5482 908 5549 τῇ
937 5479 1058 5532 καθ’
1083 5480 1230 5550 ἡμᾶς
1259 5479 1550 5551 οἰκουμένῃ
1571 5497 1585 5510 ·
1635 5479 1715 5532 διὸ
1747 5479 1842 5533 κέ-

265 5571 496 5642 κληνται
523 5569 823 5632 ἀντίποδες.
859 5569 1080 5623 Πάντων
1124 5569 1234 5639 γὰρ
1275 5569 1383 5623 τῶν
1417 5569 1625 5639 βαρέων
1659 5571 1750 5622 ἐπὶ
1781 5569 1842 5622 τὺ

265 5662 493 5733 κέντρον
525 5663 905 5728 συννευόντων,
933 5662 1020 5717 διὰ
1049 5663 1109 5716 τὸ
1133 5663 1223 5717 ἐπὶ
1259 5661 1422 5733 μέσον
1445 5657 1585 5718 εἶναι
1614 5663 1713 5734 τὴν
1743 5679 1840 5731 φο-

337 5837 386 5897 λθ
419 5881 509 5934 γρ.
543 5863 815 5933 βλέπεται.

1943 3376 2112 3428 criter
2139 3375 2331 3445 posita:
2365 3373 2432 3428 ad
2468 3375 2605 3430 solis
2632 3389 2939 3437 accessum,
2973 3381 3290 3442 temperatae
3319 3388 3520 3427 vocan-

1943 3470 2066 3529 tur;
2101 3461 2540 3518 dcterminantur
2561 3473 2740 3516 autem
2776 3463 2858 3516 ha:
2891 3476 2920 3514 a
2957 3463 3182 3516 circulis
3217 3448 3270 3515 in
3311 3461 3519 3516 mundo

1939 3532 2166 3610 r‘arcticis
2192 3562 2245 3609 et
2265 3555 2650 3624 tropicis,cum
2673 3553 2816 3607 inter
2831 3568 2927 3608 eos
2946 3553 3055 3606 sint
3097 3553 3232 3606 sitae.
3265 3551 3514 3622 Reliqua,

1943 3663 2062 3716 qua:
2087 3657 2171 3701 est
2199 3647 2374 3700 media
2420 3647 2827 3716 przcdictarum,
2871 3652 2923 3698 et
2949 3645 3053 3699 sita
3096 3645 3198 3698 sub
3230 3643 3350 3715 ipso
3383 3645 3518 3698 solis

1943 3754 2191 3796 accessu.
2217 3737 2424 3791 torrida
2444 3744 2692 3802 vocatur;
2718 3743 2880 3806 atque
2901 3737 3015 3790 haec
3037 3751 3065 3789 a
3085 3735 3328 3790 terrestri
3348 3735 3519 3804 tequi-

1943 3829 2164 3882 noctiali
2195 3829 2480 3898 aequaliter
2522 3836 2761 3890 secatur,
2814 3826 2907 3895 qui
2939 3827 3079 3881 situs
3109 3832 3192 3880 est
3224 3825 3326 3879 sub
3357 3840 3518 3878 mult--

1941 3920 2084 3974 dano
2111 3919 2479 3989 aequinoctiali
2514 3918 2738 3972 circulo.
2773 3916 2852 3972 Ex
2876 3917 3190 3988 temperatis
3214 3917 3366 3971 zonis
3381 3914 3516 3968 duae

1949 4013 2053 4066 bus
2083 4026 2202 4065 eam
2245 4025 2366 4080 quae
2394 4021 2477 4066 est
2505 4011 2694 4074 borea,
2718 4025 2948 4080 quaeque
2980 4023 3009 4062 a
3039 4008 3514 4068 nobishabitatur,

1939 4103 2208 4174 contingit
2261 4104 2520 4167 habitari,
2577 4119 2702 4157 eum
2747 4104 2802 4156 in
2842 4101 3237 4171 longitudinem
3283 4101 3355 4156 sit
3403 4099 3518 4154 fere

1939 4194 2149 4250 100000
2222 4195 2546 4261 stadiorum,
2599 4195 2659 4250 in
2710 4192 3055 4248 latitudinem
3117 4191 3233 4247 fere
3283 4189 3515 4246 dimidio

1938 4294 2169 4344 constet.

2521 4509 2748 4569 CAPUT
2785 4507 2923 4566 XIII.

2458 4625 2536 4679 De
2563 4623 2997 4678 habitationibus.

2009 4739 2213 4798 Eorum
2248 4740 2339 4811 qui
2381 4739 2438 4794 in
2475 4746 2621 4793 terra
2650 4736 2919 4800 habitant,
2960 4733 3051 4788 alii
3078 4733 3340 4786 dicuntur
3383 4745 3514 4801 syn-

1938 4836 2064 4901 oeci,
2107 4835 2198 4888 alii
2231 4831 2475 4902 perimci,
2508 4830 2600 4883 alii
2631 4830 2854 4890 antmci,
2904 4827 2994 4879 alii
3019 4823 3327 4894 antipodes.
3371 4821 3516 4893 Syn-

1939 4929 2045 4983 (eci
2087 4928 2253 4996 igitur
2291 4931 2420 4979 sunt
2449 4922 2541 4993 qui
2579 4921 2725 4976 circa
2764 4918 3014 4974 eumdem
3050 4918 3227 4971 locum
3267 4915 3512 4986 ejusdem

1941 5033 2091 5073 zona:
2117 5016 2400 5080 habitant;
2449 5011 2674 5084 perimei
2713 5024 2860 5075 vero,
2908 5008 3002 5078 qui
3046 5008 3100 5061 in
3140 5007 3328 5061 eadem
3376 5019 3514 5058 zona

1939 5113 1995 5165 in
2029 5109 2260 5164 circuitu
2285 5103 2784 5168 circumhabitant;
2814 5100 3016 5153 antoeci
3049 5113 3201 5160 vero,
3233 5097 3396 5166 quiin
3427 5112 3516 5151 ea-

1940 5203 2063 5258 dem
2109 5199 2334 5254 australi
2371 5212 2508 5252 zona
2547 5195 2650 5251 sub
2691 5193 2882 5248 eodem
2923 5190 3305 5259 hemisphaerio
3359 5188 3518 5242 habi-

1940 5303 2091 5360 tant;
2130 5291 2418 5362 antipodes
2447 5286 2714 5356 vero,qui
2752 5285 2806 5338 in
2840 5283 3068 5338 australi
3091 5297 3228 5335 zona
3264 5283 3318 5333 in
3344 5280 3516 5332 altero

1943 5383 2327 5453 hemisphmrio
2366 5380 2636 5444 habitant,
2679 5376 2981 5433 secundum
3035 5375 3280 5430 eamdem
3318 5372 3514 5427 diame-

1941 5488 2084 5533 trum
2110 5477 2271 5547 positi
2294 5472 2714 5529 cumhahitabili
2741 5478 2926 5524 nostra
2960 5477 3137 5534 terra;
3158 5465 3514 5536 quamobrem

1942 5569 2120 5624 vocati
2144 5561 2591 5633 suntantipodes.
2613 5560 2753 5616 Cum
2776 5559 2923 5614 enim
2958 5559 3140 5613 omnia
3171 5555 3358 5625 gravia
3387 5565 3514 5607 ver-

1943 5679 2039 5720 sus
2062 5667 2310 5717 centrum
2355 5663 2602 5728 vergant,
2627 5670 2693 5712 eo
2723 5651 2868 5725 quod
2917 5667 3114 5707 versus
3160 5646 3397 5703 medium
3441 5643 3517 5701 sit
