4116 6400
607 368 711 422 835

1626 333 1972 420 Appsnuix
2010 365 2101 418 AD
2139 364 2406 421 ausam:
2442 365 2858 424 CllRONlCON.

3745 371 3852 427 856

607 491 788 542 motus
822 497 1133 554 corporum,
1169 483 1216 539 si
1263 483 1332 537 ab
1377 481 1558 553 aliqua
1607 483 1941 539 habitatione
1983 497 2161 538 earum

2278 483 2378 554 ρὰν
2411 484 2517 537 τῶν
2547 485 2832 556 σωμάτων,
2864 485 2958 539 ἐὰν
2991 486 3099 540 ἀπό
3124 504 3268 551 τινος
3307 487 3568 559 οἰκήσεως
3607 485 3715 540 τῶν
3755 487 3852 540 ἐπὶ

606 589 728 642 quae
776 581 906 626 sunt
941 575 995 627 in
1041 582 1231 628 nostro
1283 574 1414 627 orbe
1455 574 1738 628 habitabili
1807 575 1874 629 ad
1926 584 2175 630 centrum

606 673 767 719 terrae
799 664 1128 733 adjungatur
1160 664 1341 733 aliqua
1368 671 1538 726 recta,
1592 675 1645 718 et
1674 664 2030 734 producatur,
2061 673 2175 718 tum

604 757 660 810 hi
687 757 934 826 qui'sunt
957 756 1119 824 positi
1152 755 1453 808 secundum
1478 757 1873 810 extremitatem
1917 755 2175 811 diametri

603 848 661 900 in
693 847 913 900 australi
969 861 1105 899 zona
1152 845 1286 899 ﬁunt
1323 847 1606 916 antipodes
1635 861 1822 901 eorum
1861 849 1954 917 qui
1998 848 2052 902 in
2081 848 2178 902 bo-

601 939 737 992 reali
769 951 905 990 zona
938 937 1206 990 habitant.

672 1028 1150 1088 Dividiturautem
1194 1036 1384 1083 nostra
1420 1039 1564 1083 terra
1609 1029 1925 1085 habitabilis
1966 1030 2018 1084 in
2063 1037 2176 1086 tres

601 1129 802 1190 partes,
852 1120 1060 1184 Asiam,
1118 1119 1415 1189 Europam,
1467 1119 1715 1190 Lybiam.
1774 1121 1949 1192 Duplo
1994 1129 2175 1174 autem

599 1213 776 1280 major
806 1221 888 1266 est
918 1212 1029 1266 fere
1078 1211 1366 1281 longitudo
1414 1212 1731 1268 habitabilis
1785 1221 1948 1267 term
1991 1212 2175 1266 latitu-

601 1303 728 1357 dine
759 1322 771 1356 :
801 1319 965 1385 quam
1005 1302 1075 1357 ob
1127 1317 1351 1357 causam
1389 1304 1482 1372 qui
1527 1313 1926 1360 consentaneas
1977 1302 2174 1356 rationi

599 1404 760 1450 terra
809 1395 1209 1466 descriptiones
1260 1396 1580 1458 instituunt,
1633 1397 1898 1466 oblongas
1957 1397 2174 1451 tahulas

601 1487 900 1552 adhibent;
933 1487 1076 1557 quod
1122 1487 1404 1556 longitudo
1454 1487 1618 1558 duplo
1651 1490 1723 1544 sit
1774 1489 1947 1556 major
1999 1489 2176 1543 latitu-

598 1579 747 1633 dine.
777 1579 881 1645 Qui
917 1595 1044 1634 vero
1072 1589 1230 1636 terra:
1288 1581 1688 1650 descriptiones
1719 1581 1952 1635 rotunda
2002 1581 2172 1650 ﬁgura

599 1671 830 1734 faciunt,
867 1673 1096 1725 multum
1129 1674 1390 1726 aberrant
1423 1688 1453 1726 a
1497 1689 1654 1737 vero;
1685 1673 1912 1742 aequalis
1939 1673 2082 1726 enim
2117 1673 2174 1726 fit

598 1761 884 1832 lcngitudo
942 1762 1252 1824 latitudini;
1305 1763 1448 1831 quod
1520 1770 1719 1816 natura
1769 1777 1878 1815 non
1943 1762 2168 1832 patitur.

2276 579 2342 646 τῇ
2372 577 2494 630 καθ’
2523 578 2670 648 ἡμᾶς
2693 579 2980 650 οἰκουμένῃ
3010 581 3104 633 ἐπὶ
3133 580 3194 632 τὸ
3218 579 3439 651 κέντρον
3464 579 3564 649 τῆς
3593 579 3695 649 γῆς
3724 579 3850 630 ἑπι-

2279 665 2473 738 ζευχοῇ
2509 685 2594 730 τις
2626 668 2828 733 εὐθεῖα,
2860 670 2953 723 καὶ
3007 671 3267 743 ἐκϐληθῇ,
3297 673 3345 724 οἱ
3393 670 3534 723 κατὰ
3575 670 3636 723 τὸ
3677 670 3851 742 πέρας

2277 756 2517 824 κείμενοι
2547 758 2646 826 τῆς
2685 757 2973 830 διαμέτρου
3003 762 3061 812 ἐν
3096 763 3163 832 τῇ
3199 759 3356 830 νοτίῳ
3389 759 3533 832 ζώνῃ
3567 759 3852 823 ἀντίποδες

2277 848 2514 915 γίνονται
2539 849 2647 903 τῶν
2674 851 2732 904 ὲν
2757 854 2823 922 τῇ
2848 850 3041 924 βορείῳ
3069 853 3214 926 ζώνῃ
3235 853 3649 906 κατοικούντων.

2347 1031 2643 1099 Διαιρεῖται
2695 1028 2752 1081 δὲ
2805 1030 2838 1098 ἡ
2889 1027 3009 1081 καθ’
3039 1029 3184 1099 ἡμᾶς
3233 1025 3521 1098 οἰκουμένη
3571 1025 3652 1088 είς
3705 1023 3847 1096 μέρη

2275 1119 2423 1190 τρία,
2469 1118 2672 1183 Ἀσίαν,
2702 1117 2992 1190 Εὐρώπην,
3025 1117 3252 1189 Λιϐύην.
3293 1118 3580 1170 Διπλάσιον
3611 1115 3668 1168 δέ
3700 1117 3848 1168 ἐστιν

2254 1210 2350 1273 ,ὼς
2377 1209 2604 1278 ἔγγιστα
2635 1209 2695 1262 τὺ
2724 1210 2895 1280 μῆκος
2925 1209 3025 1279 τῆς
3065 1209 3389 1280 οἰκουμένης
3426 1208 3522 1260 τοῦ
3571 1207 3809 1270 πλάτους
3829 1223 3842 1236 ·

2273 1300 2341 1352 δι’
2371 1300 2437 1371 ἢν
2475 1301 2653 1354 αἰτίαν
2697 1301 2744 1352 οἱ
2776 1301 2914 1353 κατὰ
2951 1299 3106 1368 λόγον
3145 1301 3445 1372 γράφοντες
3471 1298 3846 1370 τὰς’γεωγρα-

2275 1391 2402 1462 φίας
2432 1394 2490 1446 ὲν
2519 1393 2698 1457 πίναξι
2731 1393 2998 1463 γράφουσι
3028 1395 3433 1466 παραμήκεσιν,
3461 1391 3536 1455 ὡς
3569 1391 3847 1445 διπλάσιον

2273 1481 2413 1538 εἷναι
2439 1485 2500 1538 τὸ
2528 1486 2700 1556 μῆκος
2730 1485 2822 1537 τοῦ
2857 1486 3109 1548 πλάτους.
3137 1488 3200 1538 Οί
3245 1485 3303 1538 δὲ
3345 1483 3678 1555 στρογγύλας
3708 1484 3847 1554 γρά-

2274 1593 2464 1644 φοντες
2492 1578 2592 1638 τὰς
2621 1578 2968 1648 γεωγραφίας
3010 1578 3142 1631 πολὺ
3184 1578 3282 1648 τῆς
3322 1576 3576 1650 ἀληθείας
3607 1575 3713 1629 είσὶ
3743 1592 3846 1628 πε·-

2273 1667 2604 1736 πλανημένοι
2626 1683 2638 1696 ο
2679 1668 2790 1720 ἴσον
2835 1666 2943 1738 γὰρ
2973 1667 3180 1735 γίνεται
3212 1667 3272 1719 τὸ
3303 1667 3473 1737 μῆκος
3503 1666 3580 1736 τῷ
3614 1665 3807 1719 πλάτει
3828 1683 3840 1694 ·

2272 1756 2409 1828 ὅπερ
2436 1759 2535 1810 οὐκ
2564 1757 2708 1810 ἔστιν
2737 1759 2794 1809 ὲν
2825 1760 2890 1828 τῇ
2916 1757 3092 1827 φύσει.
3137 1756 3373 1826 Ἀνάγκη
3416 1754 3508 1810 οὖν
3549 1757 3623 1827 μὴ
3660 1759 3847 1828 τηρεῖ-

597 1849 834 1905 Necesse
869 1851 1036 1920 igitur
1064 1861 1170 1914 est,
1203 1859 1262 1904 ut
1306 1866 1414 1904 non
1459 1861 1745 1906 serventur
1786 1851 2161 1904 dis:antiarum

2277 1848 2398 1902 σθαι
2444 1848 2540 1912 τὰς
2579 1850 2670 1901 ἐπὶ
2706 1849 3087 1919 διαστημάτων
3115 1849 3457 1920 συμμετρίας
3486 1849 3589 1911 τὰς
3625 1849 3682 1901 ἐν
3722 1851 3844 1911 ταῖς

597 1944 1036 1996 mensurationes
1093 1943 1148 1996 in
1198 1943 1454 1996 rotundis
1513 1943 2004 2012 descriptionibus.
2073 1941 2171 1998 Se~

596 2041 875 2102 gmentum
903 2037 1048 2087 enim
1080 2034 1355 2103 quoddam
1377 2043 1461 2089 est
1492 2035 1720 2105 sphaera:
1740 2050 1867 2104 pars
1899 2036 2171 2099 terraeha-

597 2122 790 2186 bitata,
819 2137 941 2193 qua:
972 2123 1363 2194 longitudinem
1392 2124 1560 2194 duplo
1590 2125 1751 2179 habet
1784 2126 2047 2194 majorem
2091 2126 2171 2178 la-

597 2214 846 2280 titudine,
863 2215 1005 2282 quod
1025 2221 1364 2283 segmentum
1393 2231 1500 2270 non
1518 2224 1698 2286 potest
1726 2216 1972 2270 abscindi
1989 2217 2169 2271 circu-

597 2305 810 2359 lariter.
847 2307 1104 2361 Dimenso
1131 2315 1312 2361 autem
1339 2309 1576 2361 maximo
1594 2308 1801 2362 circulo
1831 2307 1938 2378 30
1955 2323 2166 2373 eorum,

597 2399 688 2466 qui
714 2404 842 2449 sunt
865 2396 919 2449 in
951 2404 1100 2450 terra
1129 2396 1430 2452 secundum
1462 2399 1824 2452 meridianum
1872 2399 2084 2464 mundi,
2113 2407 2168 2453 et

595 2489 816 2542 invento
848 2488 1151 2558 myriadum
1183 2489 1274 2554 25,
1299 2490 1685 2546 ctstadiorum
1707 2489 1882 2554 2000;
1903 2490 2168 2545 diametro

595 2595 724 2634 vero
753 2581 1057 2652 myriadum
1089 2580 1143 2644 8,
1178 2588 1233 2634 et
1280 2581 1586 2635 stadiorum
1628 2580 1966 2646 415;diviso
1985 2589 2167 2636 autem

594 2672 896 2726 meridiano
919 2673 1130 2726 circulo
1168 2673 1223 2726 in
1261 2681 1442 2742 partes
1464 2672 1555 2736 60,
1597 2681 1826 2728 vocatur
1872 2689 2041 2728 unum
2079 2690 2166 2729 se-

557 2755 560 2758 ”
593 2772 869 2832 gmentum
889 2765 1306 2834 sexagesimum,
1341 2764 1487 2833 quod
1515 2771 1600 2818 est
1621 2764 1780 2818 4200.
1809 2763 1863 2818 Si
1905 2766 2052 2819 enim
2082 2765 2166 2818 di-

591 2853 854 2908 viduntur
881 2853 952 2908 25
973 2853 1268 2924 myriades,
1301 2865 1354 2906 et
1379 2854 1520 2908 2000
1557 2853 1733 2908 stadia
1763 2853 1817 2908 in
1853 2863 2036 2924 partes
2071 2855 2162 2918 60,

592 2945 653 2998 ﬁt
685 2947 1078 3016 sexagesimum
1110 2945 1270 3000 4200.
1301 2944 1582 3000 Distantia
1605 2946 1771 3016 igitur
1815 2946 1957 3000 inter
1999 2962 2165 3004 zonas

591 3037 698 3093 hoc
727 3043 884 3092 modo
911 3047 1039 3093 sunt
1064 3038 1324 3093 definitae.
1360 3037 1703 3108 Frigidarum
1742 3039 1961 3108 quidem
2002 3056 2168 3095 zona-

591 3145 714 3184 rum
739 3131 968 3185 duarum
995 3131 1226 3185 latitudo
1260 3133 1551 3200 utriusque
1581 3146 1770 3185 earum
1811 3137 1895 3186 est
1936 3147 2163 3203 sexage-
2188 3167 2234 3230 Ο

592 3222 857 3275 simorum
892 3221 947 3287 6,
974 3237 1094 3291 quas
1123 3229 1250 3276 sunt
1278 3221 1452 3276 stadia
1487 3221 1699 3289 25200;
1738 3231 2160 3292 temperatarum

591 3327 722 3367 vero
751 3328 1013 3367 zonarum
1043 3312 1273 3367 latitudo
1305 3313 1590 3382 utriusque
1623 3327 1810 3368 earum
1839 3321 1923 3369 est
1945 3329 2163 3385 sexage-

592 3405 857 3461 simorum
887 3405 940 3467 5,
979 3420 1098 3475 quae
1136 3404 1341 3459 faciunt
1363 3404 1537 3459 stadia
1565 3404 1772 3471 2l000;
1805 3407 2024 3461 torrida:
2062 3422 2158 3462 zo-

591 3509 676 3548 nae
707 3493 934 3547 latitudo
961 3500 1046 3548 est
1087 3493 1550 3564 sexagesimorum
1585 3492 1638 3549 8.
1670 3492 1855 3562 Itaque
1891 3494 1960 3550 ab
1989 3499 2160 3566 aequi-

590 3585 812 3640 noctiali
850 3600 1042 3640 versus
1087 3593 1375 3654 utramque
1411 3591 1621 3654 partem
1663 3600 1838 3655 usque
1883 3587 1950 3641 ad
1991 3589 2160 3658 trepi-

590 3693 688 3732 cos
717 3685 844 3732 sunt
867 3677 1203 3746 sexagesima
1230 3675 1285 3737 4,
1338 3690 1460 3745 quae
1499 3674 1704 3730 faciunt
1744 3677 1920 3731 stadia
1960 3678 2153 3733 16800.

592 3766 733 3821 Sunt
759 3767 925 3836 igitur
971 3781 1002 3818 a
1030 3765 1154 3835 polo
1198 3764 1292 3834 qui
1341 3771 1427 3819 est
1457 3765 1512 3818 in
1543 3772 1710 3830 terra,
1751 3766 1843 3835 qui
1884 3766 2022 3822 situs
2073 3776 2158 3822 est

657 3901 703 3931 ⁸⁷
726 3899 831 3954 Pro
861 3906 958 3952 UtS'
981 3907 1089 3954 vet.
1123 3899 1285 3954 habet
1312 3898 1353 3951 δ’
1363 3940 1374 3952 .

661 4033 772 4105 (44)
823 4035 1395 4105 Ἀναμεμετρημένου
1428 4037 1496 4090 δὲ
1536 4037 1640 4091 τοῦ
1669 4039 1978 4107 μεγίστου.
2025 4040 2156 4094 Era-

589 4107 874 4159 tosthenea
899 4115 982 4160 est
1014 4108 1126 4159 haec
1160 4107 1428 4162 dimensio
1461 4108 1680 4160 maximi
1718 4111 1935 4173 circuli,
1965 4119 2024 4163 ut
2052 4127 2154 4162 an-

587 4184 707 4229 ctor
735 4184 819 4230 est
865 4175 1062 4248 Strabo
1109 4177 1217 4248 lii).
1241 4194 1301 4248 ιι,
1341 4185 1395 4230 et
1421 4176 1630 4230 Plinius
1665 4177 1755 4248 lib.
1786 4194 1843 4239 ιι,
1876 4195 1998 4248 cap.
2028 4181 2152 4246 108,

587 4261 751 4314 quam
784 4245 1087 4300 stadiorum
1121 4246 1336 4302 252000
1373 4262 1688 4301 mensuram
1723 4245 1965 4302 Romana
1999 4245 2152 4304 com;

587 4317 872 4385 putatione
929 4315 1062 4371 dicit
1112 4315 1325 4372 ellicere
1371 4319 1684 4379 trecenties,
1737 4327 1792 4372 et
1833 4319 2152 4386 quindecies

585 4393 814 4456 centena
846 4387 1012 4438 millia
1049 4401 1331 4454 passuum.
1378 4387 1521 4456 quod
1554 4397 1617 4456 et,
1643 4402 1830 4441 verum
1870 4402 1972 4443 est.
2015 4389 2148 4443 Nam

586 4455 824 4510 stadium
866 4470 1005 4509 cxxv
1043 4458 1296 4525 passibus
1326 4455 1559 4511 constat.
1598 4455 1834 4511 Proinde
1858 4459 1903 4511 si
1935 4459 2148 4516 252000

585 4541 682 4595 per
718 4517 1372 4600 l25___mu_ltip'lice_s,__lient
1393 4528 1680 4600 _5l5_00000
1719 4544 1998 4600 passuum,
2025 4547 2146 4600 quae
2179 4517 2226 4575 ί)

586 4603 715 4669 sunt
737 4596 1113 4669 milliarionum
1144 4596 1342 4669 51500.
1376 4597 1445 4649 At
1464 4596 1795 4669 _Cleomedes
1826 4599 1919 4652 lib.
1947 4613 1985 4659 l,
2019 4596 2140 4669 c'ap.

587 4666 676 4728 10,
708 4665 875 4720 refert
900 4667 969 4720 ab
1003 4665 1360 4721 Eratosthene
1381 4667 1663 4721 deﬁnitum
1695 4683 1818 4722 esse
1843 4676 2002 4724 terrae
2029 4665 2145 4722 an]-

585 4736 757 4809 bitum
798 4735 1012 4809 250000
1055 4737 1397 4809 stadiorum;
1436 4744 1490 4791 et
1517 4751 1624 4809 qua
1662 4737 1918 4809 methodo
1950 4740 2146 4809 depre-

587 4805 790 4858 hensus
837 4807 909 4859 sit
947 4807 1140 4860 modus
1188 4808 1298 4870 ille,
1349 4807 1648 4864 describit.
1691 4808 1946 4860 nimirum
1984 4805 2047 4862 ex
2079 4825 2145 4863 eo

584 4875 728 4943 quod
762 4877 1010 4945 angulus,
1043 4878 1133 4945 qui
1178 4891 1449 4945 gnomone
1473 4885 1527 4929 et
1555 4876 1710 4930 radio
1740 4878 1873 4932 solis
1911 4879 2162 4940 includis

585 4953 676 4997 tur
709 4945 1077 5009 Alexandriae,
1113 4950 1229 4999 sole
1271 4947 1327 4999 in
1359 4945 1556 5000 Cancri
1590 4947 1801 5014 tropico
1843 4948 2145 5003 meridiano

584 5023 828 5084 tempore
862 5018 988 5076 sito,
1025 5030 1152 5085 pars
1185 5024 1268 5069 est
1301 5017 1753 5085 quinquagesima
1793 5024 2029 5085 quatuor
2059 5035 2145 5073 re—

583 5093 821 5156 ctorum,
869 5095 929 5138 ut
959 5094 1028 5156 et
1073 5085 1378 5154 peripheria
1412 5087 1602 5139 circuli
1639 5087 1693 5139 in
1729 5087 2008 5156 horOIOgio
2044 5089 2142 5143 de-

584 5154 798 5226 scripti,
834 5157 920 5209 cui
956 5155 1046 5208 ille
1079 5157 1311 5220 angulus
1343 5156 1566 5219 insistit,
1603 5171 1730 5226 pars
1767 5169 1850 5210 est
1875 5154 2146 5226 quinqua-

618 5225 1017 5296 esima-_circuli
1053 5227 1244 5280 totius.
1279 5227 1461 5291 Quare
1505 5241 1629 5280 cum
1669 5224 2059 5296 Syenen'inter
2089 5237 2144 5282 et

632 5293 984 5359 lexandriam,
1026 5311 1145 5364 quae
1183 5297 1286 5349 sub
1313 5298 1504 5350 eodem
1541 5293 1841 5364 meridiano
1872 5306 2023 5359 sunt,
2060 5299 2147 5351 in-

581 5364 868 5436 tervallum
896 5366 965 5436 sit
990 5359 1232 5434 quinque
1259 5367 1488 5418 millium
1520 5359 1820 5419 stadiorum
1855 5384 1868 5420 :
1907 5383 2028 5436 qua:
2053 5376 2140 5422 est

581 5434 1030 5504 quinquagesima
1063 5450 1190 5504 pars
1220 5437 1455 5491 ambitus
1485 5443 1644 5490 terrae
1679 5455 1691 5489 :
1721 5443 1872 5489 totus
1905 5434 2143 5492 ambitus

579 5501 791 5577 250000
816 5501 1115 5558 stadiorum
1146 5505 1383 5577 colliget.
1414 5504 1610 5559 Verum
1641 5521 1764 5560 cum
1795 5513 1872 5558 tot
1900 5508 2144 5577 antiquis

581 5576 814 5627 testibus
841 5583 1056 5629 (onstet
1099 5577 1166 5627 ab
1209 5573 1569 5630 Eratosthene
1614 5591 1923 5630 mensuram
1971 5573 2140 5640 illam,

580 5657 740 5718 quam
773 5645 1032 5718 diximus,
1070 5645 1286 5718 terreni
1319 5646 1556 5699 ambitus
1589 5661 1713 5700 esse
1744 5646 2140 5718 perscriptam;

578 5712 792 5785 videtur
826 5716 985 5781 paulo
1033 5716 1153 5782 plus
1198 5715 1648 5785 quinquagesima
1699 5712 1850 5784 parte
1894 5712 2003 5771 tam
2046 5712 2146 5771 an-

578 5782 724 5849 gulo,
773 5799 932 5852 quem
985 5782 1229 5854 gnomon
1275 5782 1398 5840 cum
1439 5782 1592 5840 radio
1643 5782 1922 5852 continet,
1978 5802 2141 5857 quam

2272 1939 2620 2010 στρογγύλοις
2664 1940 3055 2012 γεωγραφίαις.
3103 1941 3400 2012 Ἐκτμημά
3454 1957 3505 1993 τι
3557 1939 3664 2010 γάρ
3723 1941 3842 1994 ἐστι

2272 2028 2503 2099 σφαίρας
2555 2029 2615 2081 τὸ
2649 2029 2962 2099 οἰκούμενον
3017 2029 3181 2101 μέρος
3227 2031 3325 2101 τῆς
3371 2030 3474 2100 γῆς
3499 2069 3513 2093 ,
3563 2029 3841 2084 διπλάσιον

2269 2117 2390 2188 ἔχον
2429 2119 2489 2170 τὸ
2535 2119 2708 2190 μῆκος
2745 2119 2838 2172 τοῦ
2873 2121 3126 2186 πλάτους,
3172 2122 3308 2193 ὅπερ
3344 2121 3405 2174 ού
3439 2121 3658 2176 δύναται
3705 2122 3842 2175 ἀπο-

2268 2210 2687 2282 τερματίζεσθαι
2718 2212 2920 2284 κύκλῳ.
2965 2213 3509 2284 Ἀναμεμετρημένου
3539 2213 3594 2266 δὲ
3619 2211 3712 2266 τοῦ
3744 2231 3844 2285 με-

2269 2304 2456 2370 γίστου
2484 2303 2594 2372 (44)
2623 2303 2823 2357 κύκλου
2870 2305 2978 2359 τῶν
3019 2305 3078 2358 ὲν
3127 2307 3194 2377 τῇ
3249 2309 3318 2377 γῇ
3363 2305 3504 2358 κατὰ
3546 2306 3637 2358 τὸν
3671 2307 3728 2359 ἐν
3761 2305 3841 2377 τῷ

2268 2394 2458 2465 κόσμῳ
2507 2395 2893 2466 μεσημϐρινὸν,
2949 2398 3043 2450 καὶ
3091 2397 3390 2469 εὑρημένου
3445 2397 3718 2469 μυριάδων
3762 2390 3841 2450 κε’

2268 2487 2362 2539 καὶ
2391 2488 2617 2541 σταδίων
2640 2488 2708 2559 ,β,
2741 2489 2836 2559 τῆς
2859 2489 3147 2562 διαμέτρου
3181 2491 3453 2561 μυριάδων
3485 2488 3555 2561 η’,
3583 2491 3677 2543 καὶ
3707 2489 3841 2542 στά-

2266 2574 2392 2629 δίων
2421 2579 2600 2630 vta-1‘"
2648 2577 3023 2651 διαιρουμένου
3077 2597 3136 2632 τε
3197 2580 3290 2633 τοῦ
3330 2579 3839 2651 μεσημϐρινοῢμῦ)

2267 2665 2465 2719 κύκλου
2495 2669 2573 2730 εἰς
2604 2669 2742 2739 μέρη
2770 2668 2833 2735 ξ’,
2864 2669 3106 2724 καλεῖται
3132 2671 3192 2724 τὸ
3217 2670 3273 2725 ἓν
3289 2670 3482 2742 τμῆμα
3513 2671 3801 2742 ἑξηκοστόν
3820 2687 3838 2700 ο

2265 2755 2294 2807 ὃ
2331 2756 2537 2822 γίνεται
2575 2758 2662 2820 ,δσ’
2697 2759 2904 2813 στάδια.
2951 2761 3073 2812 Ἐὰν
3119 2759 3227 2831 γὰρ
3273 2760 3602 2832 μερισθῶσιν
3653 2762 3707 2813 αἱ
3761 2757 3840 2812 κε’

2269 2847 2526 2917 μυριάδες
2559 2849 2653 2901 καὶ
2701 2849 2768 2902 τὰ
2816 2850 2861 2921 ,β
2903 2851 3091 2904 στάδια
3140 2855 3219 2914 είς
3263 2852 3401 2924 μέρη
3446 2851 3506 2916 ξ’,
3540 2851 3747 2920 γίνεται
3779 2851 3840 2904 τὸ

2266 2937 2554 3007 ἑξηκοστὸν
2605 2940 2831 2994 σταδίων
2869 2942 2975 3014 Ιδυ’.
3008 2943 3192 2995 Ἔστιν
3233 2938 3326 2995 οὖν
3372 2942 3440 2995 τὰ
3489 2941 3690 3012 μεταξὺ
3727 2941 3840 2994 τῶν

2267 3029 2449 3094 ζωνῶν
2480 3031 2822 3104 διαστήματα
2861 3034 3046 3090 τοῦτον
3080 3036 3437 3107 ἁφωρισμένα
3482 3037 3570 3088 τὸν
3610 3035 3836 3106 τρόπον.

2265 3122 2386 3176 Τῶν
2415 3123 2514 3193 μὲν
2537 3126 2962 3197 κατεψυγμένων
2991 3127 3174 3193 ζωνῶν
3210 3127 3302 3181 δύο
3325 3127 3386 3180 τὸ
3418 3126 3616 3191 πλάτος
3643 3127 3838 3180 ἑκατέ-

2269 3231 2368 3284 ρας
2429 3217 2606 3269 αὐτῶν
2653 3217 2958 3289 ὲξηκοττῶν
3012 3219 3087 3286 ς’,
3132 3219 3276 3291 άπερ
3337 3218 3443 3272 εἰσὶ
3491 3219 3693 3272 στάδιοι
3736 3219 3839 3290 μὲν

2266 3313 2411 3370 ,κεσ¹·
2435 3309 2542 3362 τῶν
2562 3311 2618 3364 δὲ
2647 3313 2926 3384 εὐκράτων
2947 3311 3038 3367 δύο
3061 3312 3242 3377 ζωνῶν
3262 3313 3323 3366 τὸ
3348 3313 3544 3376 πλάτος
3569 3313 3837 3384 ἑκατέρας

2265 3400 2442 3452 αὐτῶν
2466 3401 2771 3473 έξηκοστῶν
2799 3411 2860 3469 ε’,
2891 3404 2930 3458 ἃ.
2961 3405 3168 3471 γίνεται
3203 3404 3403 3458 στάδιοι
3433 3405 3531 3475 μὲν
3557 3411 3654 3468 ,κασ
3675 3421 3688 3434 ·
3733 3403 3837 3474 τῆς

2263 3489 2320 3542 δὲ
2367 3490 2799 3565 διακεκαυμένης
2835 3493 3012 3565 ζώνης
3050 3495 3109 3548 τὸ
3149 3495 3352 3558 πλάτος
3403 3493 3705 3565 ἑξηκοστῶν
3748 3492 3832 3565 η”

2264 3581 2403 3638 ὥστε
2432 3586 2539 3639 άπὸ
2562 3587 2654 3640 τοῦ
2684 3588 2997 3660 ἰσημερινοῦ
3027 3591 3110 3657 ἐφ’
3135 3589 3371 3660 ἑκάτερα
3405 3589 3538 3658 πρὸς
3563 3588 3687 3652 τοὺς
3717 3604 3836 3660 τρο-

2263 3678 2458 3741 πικοὺς
2488 3677 2752 3748 ἑξηκοστὰ
2777 3677 2913 3734 εἶναι
2940 3680 3003 3743 δ’,
3031 3679 3066 3734 ἃ.
3093 3681 3301 3749 γίνεται
3327 3680 3517 3734 στάδια
3552 3680 3648 3751 μὲν
3670 3686 3832 3745 ,ις-ω’.

2263 3770 2504 3823 Γίνονται
2539 3767 2631 3824 οὖν
2661 3772 2767 3824 ἀπὸ
2803 3773 2900 3842 μὲν
2941 3772 3034 3825 τοῦ
3083 3771 3244 3825 πόλου
3291 3772 3385 3825 τοῦ
3434 3775 3491 3826 ὲν
3535 3775 3603 3842 τῇ
3641 3774 3733 3842 γῇ,
3772 3771 3834 3834 ὃς

2261 4038 2712 4094 circumferentia:
2740 4041 2931 4096 circuli
2954 4041 3177 4096 maximi
3199 4042 3255 4096 in
3287 4040 3627 4098 Sciotherico
3651 4041 3831 4095 tribu-

2261 4117 2375 4162 tum
2413 4121 2636 4164 auclore
2667 4113 2758 4164 illo
2794 4112 2984 4165 fuisse.
3527 4147 3533 4152 -
3641 4145 3651 4156 -

2333 4178 2528 4233 Strabo
2559 4182 2677 4234 loco
2708 4182 2876 4235 citato
2913 4181 3280 4251 Hipparchum
3314 4181 3391 4236 ait
3420 4180 3668 4235 eumdem
3699 4197 3827 4238 cum

2260 4247 2620 4321 Eratosthene
2655 4259 2812 4305 terra:
2842 4247 3132 4306 circuitum
3166 4253 3490 4321 sumpsisse,
3523 4254 3826 4306 stadiorum

2258 4317 2493 4373 252000.
2518 4317 2729 4375 Plinius
2759 4338 2890 4376 vero
2920 4321 3191 4388 adjecisse
3215 4317 3367 4375 illnm
3395 4323 3671 4376 asscritad
3695 4322 3829 4376 Era—

2258 4390 2530 4460 tosthenis
2561 4407 2872 4446 mensuram
2898 4393 3060 4460 paulo
3086 4393 3268 4445 minus
3300 4394 3598 4446 stadiorum
3622 4391 3824 4448 25000.

2258 4457 2375 4524 Qua
2406 4461 2614 4514 ratione
2649 4457 2916 4514 maximus
2949 4463 3192 4515 circulus
3221 4463 3326 4515 erit
3359 4461 3498 4516 stad.
3533 4461 3765 4517 277000.

2323 4526 2394 4582 Ut
2419 4528 2487 4582 ad
2528 4529 2812 4584 Geminum
2853 4539 3102 4584 nostrum
3145 4532 3362 4585 redeam
3383 4570 3398 4593 ,
3426 4547 3552 4585 cum
3583 4532 3631 4585 is
3660 4540 3826 4586 terra

2246 4599 2512 4652 ambitum
2548 4615 2612 4654 ex
2653 4599 3032 4656 Eratosthenis
3079 4603 3348 4656 sententia
3407 4601 3825 4656 circumscribat

2247 4669 2552 4740 stadiorum
2585 4669 2822 4733 252000,
2862 4670 3058 4725 falsum
3093 4682 3178 4725 est
3206 4670 3351 4740 quod
3395 4687 3460 4725 ex
3511 4685 3576 4724 eo
3627 4686 3824 4728 conse—

2245 4754 2420 4807 quens
2451 4739 2597 4824 facit,
2641 4741 2966 4824 diametrum
2997 4739 3428 4824 constarestpd.
3457 4739 3820 4824 80415.1‘jani

2245 4824 2370 4878 cum
2395 4823 2459 4862 ea
2491 4810 2632 4862 ratio
2663 4811 2734 4863 sit
2759 4811 3009 4863 diametri
3041 4811 3106 4863 ad
3133 4810 3414 4873 ambitu'm,
3443 4826 3564 4878 quae
3587 4820 3670 4864 est
3697 4811 3728 4863 7
3753 4811 3822 4864 ad

2242 4877 2314 5000 22
2348 4890 2361 4933 :
2395 4886 2609 4948 Oportet
2638 4879 2962 4934 diametrum
2989 4889 3146 4934 terra:
3175 4881 3430 4952 colligere
3463 4877 3608 4934 Stad.
3642 4881 3824 4936 80i82

2268 4963 2378 5000 ere.

2268 4963 2378 5002 ere.

2320 5018 2429 5088 (45)
2469 5017 2889 5087 Διαιρουμένου
2922 5018 2990 5072 δὲ
3024 5019 3131 5073 τοῦ
3161 5019 3589 5089 μεσημϐρινοῦ;
3630 5019 3825 5075 Circu-

2245 5087 2356 5159 ium
2394 5098 2606 5142 veteres
2654 5091 2956 5143 astronomi
3005 5089 3061 5142 in
3107 5087 3287 5158 partes
3311 5087 3600 5159 sexaginta
3630 5090 3824 5145 distri-

2247 5157 2502 5220 buerunt,
2539 5167 2595 5212 ut
2626 5173 2790 5228 supra
2824 5159 3082 5229 diximus.
3108 5157 3192 5212 ’lta
3231 5157 3584 5229 sexagesima:
3617 5162 3822 5229 cuique

2246 5229 2390 5299 parti
2421 5237 2736 5297 competunt
2758 5228 2934 5282 stadia
2959 5229 3120 5284 4200.
3158 5229 3313 5294 Quod
3339 5228 3384 5284 si
3411 5231 3464 5283 in
3499 5229 3606 5284 560
3635 5228 3821 5299 partes

2245 5297 2521 5368 dividatur
2553 5299 2828 5368 circulus,
2865 5313 3010 5368 pars
3057 5301 3312 5368 quaelibet
3353 5301 3531 5354 stadia
3577 5297 3819 5368 postulat

2249 5365 2369 5440 700.
2399 5364 2533 5440 Vide
2563 5367 2825 5440 Achillem
2860 5364 3256 5439 Tatium—(say.
3289 5385 3412 5440 cap.
3443 5370 3534 5440 29.
3566 5364 3688 5425 Jam
3716 5372 3822 5425 hoc

2247 5437 2652 5499 admonuimus,
2702 5439 3099 5494 dimensionem
3153 5437 3308 5493 istam
3359 5437 3427 5493 ad
3478 5439 3822 5494 Rhodiacum

2246 5505 2480 5577 ἔγκλιμα
2538 5508 2752 5571 referri,
2795 5508 2846 5559 in
2883 5525 2992 5578 quo
3037 5511 3440 5564 semidiameter
3479 5511 3669 5565 arctici
3710 5512 3823 5564 cir—

2245 5579 2354 5650 culi
2403 5578 2666 5646 graduum
2702 5587 2788 5632 est
2817 5578 2905 5632 56.
2935 5579 3091 5650 rllinc
3122 5583 3284 5633 etiam
3333 5579 3585 5650 frigidam
3623 5594 3818 5633 zonam

2246 5647 2434 5701 delinit
2464 5651 2670 5702 arctico
2701 5650 2909 5703 circulo
2932 5649 3080 5702 illius
3105 5652 3206 5703 loci
3243 5647 3500 5718 proprio:
3528 5659 3586 5703 ut
3614 5650 3824 5718 quibus

2247 5718 2405 5789 polus
2445 5719 2704 5786 gradibus
2730 5718 2798 5771 54
2818 5758 2833 5780 ,
2861 5735 2925 5774 ac
2953 5720 3212 5789 deinceps
3245 5721 3494 5787 plu-ribus
3522 5721 3821 5783 attollitur,

2250 5786 2444 5858 frigida
2471 5790 2524 5842 in
2547 5803 2684 5842 zona
2709 5804 2830 5845 esse
2851 5786 3198 5854 censeantur,
3221 5786 3368 5860 quod
3388 5798 3473 5845 est
3493 5789 3820 5845 absurdum.
