4116 6400
364 403 470 457 8'57

1387 405 1624 462 GEMINI
1667 406 2036 461 ELEMENT'A
2076 407 2610 468 ΑΒΤΒΟΝΟΜΙΑΞ..

3505 408 3610 464 858

361 522 708 577 xetzatxatd
737 523 826 576 τὸν
863 524 921 578 ὲν
964 491 1042 594 rip
1092 523 1281 594 κόσμῳ
1320 524 1501 588 πόλον,
1549 525 1708 597 μέχρι
1744 526 1838 579 τοῦ
1871 529 1923 579 ὲν

2034 527 2136 580 sub
2186 527 2312 598 polo
2346 527 2558 593 mundi,
2593 541 2766 596 usque
2793 525 2863 580 ad
2905 525 3170 581 circulum
3214 525 3477 581 arcticum
3515 529 3612 598 qui

357 617 426 685 τῇ
453 616 523 684 γῇ
549 614 812 686 ἀρκτικοῦ
842 615 1044 668 στάδιοι
1067 615 1166 687 μὲν
1199 615 1324 679 ,κεσθ
1341 633 1354 646 ·
1393 618 1502 671 ἀπὸ
1541 618 1598 672 δὲ
1626 617 1720 670 τοῦ
1769 619 1826 671 ὲν
1863 621 1928 689 τῇ

358 707 430 775 τῇ
458 704 743 776 άρκτικοῦ,
782 706 842 769 ὃς
877 709 1051 760 κεῖται
1089 707 1229 761 κατὰ
1269 708 1360 761 τὸν
1397 711 1454 762 ὲν
1493 709 1570 780 τῷ
1609 710 1798 781 κόσμῳ
1833 711 1933 781 ἁρ-

357 795 567 856 κτικὸν,
609 795 746 867 πρὸς
777 796 867 848 τὸν
902 797 959 848 ὲν
1001 798 1066 868 τῇ
1102 800 1172 868 γῇ
1200 799 1478 869 τροπικὸν,
1503 800 1562 862 ὃς
1591 802 1768 852 κεῖται
1793 798 1932 852 κατὰ

357 882 450 934 τὸν
483 883 542 934 ὲν
565 882 642 953 τῷ
673 883 861 953 κόσμω
881 883 1089 956 Θερινδν
1109 887 1364 956 τροπικὸν
1383 927 1398 949 ,
1429 888 1631 940 στάδιοι
1664 887 1762 957 μὲν
1799 895 1926 951 ,κα”

358 973 467 1026 ἀπὸ
513 974 570 1026 δὲ
622 974 716 1027 τοῦ
765 975 978 1047 Θερινοῢ
1021 977 1282 1048 τροπικοῦ
1330 978 1490 1050 μέχρι
1523 978 1626 1045 ,τοῦ
1656 981 1714 1033 ἐν
1751 983 1817 1050 τῇ
1857 982 1928 1052 γῇ

363 1065 702 1138 ἰσημερινοῦ,
728 1066 787 1130 ὃς
815 1069 990 1120 κεῖται
1021 1069 1162 1122 κατὰ
1187 1069 1276 1123 τόν
1309 1071 1366 1123 ὲν
1411 1070 1487 1142 τῷ
1525 1071 1714 1141 κόσμῳ
1742 1073 1932 1142 ἰσημε-

362 1157 530 1229 ρινὸν,
561 1158 760 1212 στάδιοι
793 1167 949 1224 ,ιςω’.
976 1160 1141 1213 Πάλιν
1165 1161 1284 1214 ’ἀπὸ
1319 1161 1411 1215 τοῦ
1451 1163 1765 1235 ἰσημερινοῦ
1797 1164 1932 1234 πρὸς

358 1248 450 1300 τὸν
471 1247 654 1319 ἕτερον
680 1250 936 1320 τροπικὸν
959 1257 1097 1322 ,ις-ω’
1117 1268 1131 1282 ο
1164 1251 1271 1304 ἀπὸ
1299 1251 1355 1304 δὲ
1376 1251 1468 1304 τοῦ
1494 1252 1754 1324 τροπικοῦ
1795 1255 1932 1324 πρὸς

357 1337 449 1388 τὸν
477 1337 736 1408 ἀρκτικὸν
768 1339 958 1395 στάδια
987 1346 1085 1404 ,κα⁹
1105 1357 1119 1370 ⁸
1144 1341 1253 1394 ἀπὸ
1281 1341 1337 1394 δὲ
1360 1341 1454 1394 τοῦ
1501 1342 1759 1416 ἀρκτικοῦ
1795 1344 1932 1414 πρὸς

358 1425 448 1478 τὸν
477 1425 664 1496 ἕτερον
695 1427 855 1480 πόλον
883 1435 1037 1492 ,κεσ’·
1081 1428 1221 1482 ὥστε
1280 1430 1604 1499 συνάγεσθαι
1643 1432 1704 1484 τὸ
1728 1431 1928 1502 μεταξὺ

356 1517 468 1570 τῶν
501 1518 677 1572 πόλων
719 1519 992 1592 διάστημα
1033 1522 1305 1593 μυριάδων
1342 1522 1407 1593 ιβ’
1449 1523 1543 1577 καὶ
1593 1522 1818 1576 στάδιων
1851 1539 1927 1586 ,ς,

357 1611 492 1679 ὅπερ
519 1612 666 1663 ἐστὶν
693 1611 865 1682 ἥμισυ
897 1613 993 1685 τῆς
1027 1614 1356 1684 περιμέτρου
1397 1613 1496 1684 τῆς
1539 1615 1643 1684 γῆς
1665 1632 1680 1646 ·
1731 1613 1792 1666 τὸ
1822 1614 1930 1684 γὰρ

357 1701 465 1754 ἀπὸ
484 1700 577 1754 τοῦ
613 1703 774 1756 πόλου
820 1704 912 1757 ἐπὶ
957 1705 1048 1758 τὸν
1093 1705 1254 1758 πόλον
1298 1706 1444 1758 ἐστὶν
1484 1703 1825 1776 ἡμικύκλιον.
1865 1704 1930 1756 Ἡ

356 1793 414 1846 δὲ
439 1793 702 1866 διαίρεσις
733 1795 841 1848 τῶν
871 1795 1175 1866 ὲξηκοστῶν
1199 1797 1402 1850 τούτων
1438 1798 1533 1850 καὶ
1551 1799 1630 1849 ’ὲν
1660 1800 1777 1860 ταῖς
1809 1814 1928 1866 κρι-

2034 629 2118 676 est
2150 622 2200 674 in
2231 630 2400 687 terra,
2435 621 2611 676 stadia
2651 619 2864 675 2520οε
2907 635 3103 676 rursus
3141 619 3212 676 ab
3243 620 3449 674 arctico
3513 621 3610 690 qui

2031 720 2114 768 est
2142 713 2194 766 in
2230 723 2396 776 terra,
2429 722 2482 768 et
2514 713 2617 768 sub
2659 713 2784 766 cmli
2827 712 3056 775 arctico.
3105 728 3280 783 usque
3321 713 3390 768 ad
3437 714 3616 783 tropi-

2031 819 2154 858 cum
2200 811 2502 870 terrenum,
2559 805 2651 873 qui
2703 805 2926 874 ponitur
2975 805 3077 859 sub
3130 805 3341 860 caelesti
3400 806 3614 875 tropico

2031 897 2240 962 aestivo,
2296 897 2472 951 stadia
2520 896 2722 961 21000;
2775 912 2970 952 rursus
3027 897 3095 951 ab
3160 898 3351 952 aestivo
3399 899 3613 969 tropico

2031 1004 2205 1058 usque
2235 988 2303 1041 ad
2332 996 2648 1044 terrestrem
2693 989 3152 1058 aequinoctialem,
3208 991 3300 1060 qui
3341 991 3481 1046 situs
3527 999 3614 1046 est

2030 1081 2136 1135 sub
2195 1081 2557 1149 aequinoctiali
2612 1082 2911 1147 mundano,
2955 1089 3084 1136 sunt
3157 1083 3333 1136 stadia
3395 1083 3609 1150 16800;

2029 1186 2220 1226 rursus
2250 1173 2318 1227 ab
2346 1172 2713 1242 aequinoctiali
2756 1188 2927 1243 usque
2956 1174 3021 1227 ad
3066 1175 3296 1228 alterum
3341 1175 3610 1244 tr0picum

2030 1262 2204 1316 stadia
2239 1271 2366 1318 sunt
2405 1264 2595 1320 16800.
2630 1265 2880 1320 Deindea
2906 1266 3118 1335 tropico
3149 1282 3324 1336 usque
3350 1267 3419 1321 ad
3445 1269 3615 1323 arcti-

2030 1364 2154 1406 cum
2227 1359 2355 1406 sunt
2430 1355 2610 1408 stadia
2671 1353 2885 1421 21000;
2940 1364 3220 1424 postremo
3267 1357 3337 1410 ab
3405 1359 3613 1414 arctico

2029 1455 2202 1512 usque
2223 1441 2289 1495 ad
2312 1443 2538 1498 alterum
2565 1445 2746 1515 polum
2763 1445 2958 1507 25900,
2985 1454 3040 1500 ut
3062 1447 3321 1501 distantia
3346 1449 3488 1505 inter
3515 1465 3614 1520 po-

2029 1531 2112 1586 los
2145 1533 2436 1602 colligatur
2463 1550 2585 1590 esse
2618 1537 2684 1588 12
2727 1537 3054 1606 myriadum,
3092 1550 3146 1593 et
3175 1522 3437 1608 praeterea
3469 1541 3610 1596 6000

2029 1622 2350 1688 Stadiorum,
2375 1625 2526 1694 quod
2569 1634 2651 1682 est
2677 1628 2962 1681 dimidium
3002 1629 3459 1686 circumferentia
3499 1640 3612 1687 ter-

2029 1727 2284 1780 umnam
2333 1715 2590 1769 distantia
2651 1731 2772 1786 quae
2809 1727 2895 1770 est
2943 1731 2973 1769 a
3021 1717 3144 1785 polo
3181 1732 3353 1786 usque
3394 1720 3460 1772 ad
3511 1733 3610 1788 po-

2030 1805 2165 1867 lum,
2200 1815 2284 1860 est
2318 1806 2720 1862 semicirculus.
2758 1805 2962 1862 Divisio
2990 1816 3171 1861 autem
3213 1809 3405 1862 horum
3443 1825 3608 1864 sexa-

359 1891 562 1951 κωταῖς
604 1888 858 1960 σφαίραις
888 1891 921 1960 ἡ
956 1889 1091 1961 αὐτὴ
1124 1891 1378 1962 ὑπάρχει.
1424 1890 1923 1954 Κατασκευάζονται

2034 1896 2364 1966 gesimurum
2420 1899 2585 1952 etiam
2640 1900 2694 1951 in
2745 1898 3116 1953 armillaribus
3151 1899 3380 1968 sphreris
3417 1900 3606 1955 eadem

357 1977 466 2048 γὰρ
492 1981 548 2031 ai
577 1980 844 2049 κρικωταὶ
885 1983 1108 2051 σφαῖραι
1156 1981 1358 2045 οὕτως·
1396 1981 1504 2035 ἀπὸ
1556 1982 1649 2035 τοῦ
1694 1983 1857 2035 πόλου
1901 1985 1930 2036 ό

356 2069 617 2141 ἀρκτικὸς
652 2070 918 2124 διίσταται
947 2072 1139 2143 μοίρας
1177 2072 1285 2137 λς’,
1311 2072 1454 2144 άπερ
1485 2075 1630 2128 ἐστὶν
1664 2073 1930 2146 ἑξηκοστά

358 2167 412 2226 ς’
431 2178 445 2192 ⁸
482 2161 668 2228 ἑξάκις
694 2162 802 2234 γὰρ
835 2162 894 2228 ἓξ
925 2163 1133 2232 γίνεται
1162 2163 1270 2229 λς’.
1313 2165 1372 2219 '0
1415 2165 1472 2218 δὲ
1523 2166 1780 2237 ἀρκτικὸς
1824 2167 1930 2220 ἀπὸ

354 2253 449 2307 τοῦ
471 2253 682 2327 θερινοῦ
708 2255 969 2326 τροπικοῦ
999 2255 1264 2311 διίσταται
1295 2257 1488 2329 μοίρας
1511 2257 1553 2311 λ’
1571 2276 1586 2292 ο
1613 2259 1756 2330 ἅπερ
1784 2259 1929 2312 ἐστὶν

356 2346 624 2416 ὲξηκοστὰ
662 2353 722 2402 ε’.
769 2347 827 2400 Ὁ
854 2347 908 2400 δὲ
954 2346 1162 2418 θερινὸς
1192 2349 1448 2420 τροπικός
1474 2348 1580 2402 ἀπὸ
1610 2348 1703 2402 τοῦ
1738 2350 1928 2419 ἰσημε-

357 2434 506 2506 ρινοῧ
541 2434 790 2506 διέστηκε
833 2436 1026 2508 μοίρας
1061 2435 1160 2504 κδ’,
1191 2437 1335 2509 ἅπερ
1365 2439 1511 2492 ἐστὶν
1546 2437 1810 2510 ὲξηκοστὰ
1850 2439 1925 2493 δ”

355 2529 385 2580 ὁ
419 2527 477 2581 δὲ
522 2527 832 2599 ἰσημερινὸς
885 2526 993 2582 άπὸ
1055 2529 1149 2583 τοῦ
1191 2530 1499 2601 χειμερινοῦ
1559 2531 1817 2604 τροπικοῦ
1852 2532 1929 2585 δι-

355 2617 554 2689 έστηκε
584 2617 682 2681 τὰς
715 2619 835 2681 ἴσας
875 2620 1070 2691 μοίρας
1108 2619 1218 2672 κδ’·
1253 2622 1282 2674 ό
1316 2621 1373 2674 δὲ
1404 2623 1709 2694 χειμερινὸς
1740 2639 1930 2694 τροπι-

355 2709 450 2771 κὸς
481 2707 575 2761 τοῦ
601 2708 961 2781 ἀνταρκτικοῦ
988 2709 1235 2780 διέστηκε
1268 2711 1458 2782 μοίρας
1487 2710 1556 2763 λ’·
1585 2713 1613 2764 ὁ
1640 2712 1698 2765 δὲ
1730 2713 1930 2784 ἀνταρ-

356 2800 544 2864 κτικὸς
593 2801 702 2854 ἀπὸ
743 2801 836 2854 τοῦ
877 2801 1048 2854 νοτίου
1097 2802 1259 2854 πόλου
1294 2802 1542 2873 διέστηκε
1584 2805 1777 2876 μοίρας
1806 2806 1925 2869 λς”

356 2892 502 2946 ὥστε
536 2893 697 2946 πάλιν
719 2893 827 2945 ἀπὸ
861 2893 952 2945 τοῦ
999 2892 1162 2946 πόλου
1212 2894 1304 2946 ἐπὶ
1352 2894 1445 2948 τὸν
1485 2895 1645 2950 πόλον
1699 2897 1926 2966 συνάγε-

356 2984 482 3038 σθαι
516 2985 616 3055 μὲν
649 2985 842 3055 μοίρας
872 2990 981 3055 ρπ’,
1014 2983 1279 3053 ὲξηκοστὰ
1304 2983 1360 3037 δὲ
1389 2985 1460 3036 λ”
1487 2985 1622 3055 πρὸς
1643 2985 1752 3058 γὰρ
1772 2986 1928 3039 τοῦτο

353 3075 416 3127 τὸ
444 3074 502 3129 ἓν
536 3075 704 3146 κλίμα
735 3077 829 3128 καὶ
854 3076 908 3127 αἰ
945 3076 1212 3146 κρικωταὶ
1241 3077 1462 3148 σφαῖραι
1492 3076 1926 3141 κατασκευάζον-

350 3183 464 3232 ται,
496 3166 591 3220 καὶ
635 3166 690 3219 αἰ
727 3166 963 3236 στερεαὶ,
1008 3166 1116 3219 τῶν
1149 3164 1426 3238 άρκτιδξῶν
1465 3168 1643 3237 μόνων
1696 3186 1927 3238 μεταπι-

352 3259 596 3312 πτόντων
637 3257 695 3311 ἐν
735 3275 876 3311 τισιν
914 3260 1158 3329 οἰκήσεσι
1197 3260 1338 3314 κατὰ
1372 3259 1472 3322 τὰς
1497 3260 1821 3324 διαστάσεις.
1857 3262 1924 3314 Δί

353 3351 604 3420 μέντοιγε
633 3351 692 3404 ἐν
721 3353 786 3422 τῇ
809 3353 878 3421 γῇ
901 3349 1067 3415 ζῶναι
1097 3351 1232 3423 πρὸς
1263 3351 1322 3404 τὸ
1347 3352 1636 3423 εἰρημένον
1665 3351 1723 3406 ἒν
1755 3353 1924 3423 κλίμα

349 3441 686 3512 λαμϐάνουσι
730 3442 828 3512 τὴν
872 3442 1132 3515 διαίρεσιν
1166 3442 1274 3496 τῶν
1320 3443 1412 3496 ἐπὶ
1464 3443 1562 3513 τῆς
1596 3444 1700 3514 γῆς
1740 3460 1924 3497 κατοι-

350 3531 612 3586 κούντων.
643 3533 797 3585 Ὅσοι
831 3531 928 3603 μὲν
973 3528 1064 3586 οὖν
1103 3534 1195 3586 ἐπὶ
1238 3532 1332 3586 τοῦ
1376 3531 1540 3587 αὐτοῦ
1580 3535 1922 3606 παραλλήλου

349 3623 685 3688 κατοικοῦσι,
732 3623 943 3687 τούτοις
991 3623 1060 3676 τὰ
1106 3623 1247 3677 αὐτὰ
1297 3624 1596 3695 φαινόμενα
1643 3625 1784 3678 κατὰ
1823 3623 1924 3684 τὰς

347 3717 590 3785 οἰκήσεις
619 3715 878 3783 γίνονται,
910 3715 1004 3768 καὶ
1047 3713 1116 3767 τὰ
1168 3715 1370 3786 μεγέθη
1409 3716 1517 3769 τῶν
1558 3715 1778 3786 ἡμερῶν
1810 3716 1921 3779 ῐσα,

349 3807 446 3861 καὶ
490 3807 560 3860 τὰ
613 3807 817 3877 μεγέθη
874 3805 982 3861 τῶν
1034 3807 1322 3876 ἐκλείψεων
1367 3807 1480 3878 (46)
1530 3807 1779 3871 τοιαῦτα,
1829 3808 1923 3861 καὶ

346 3897 456 3952 τῶν
499 3897 884 3968 ὡροσκοπείων
927 3898 1276 3969 κατάγραφα).
1313 3899 1369 3952 αἱ
1413 3899 1574 3952 αὐταί
1599 3915 1611 3928 ο
1656 3899 1752 3952 καὶ
1791 3898 1924 3952 καθ-

347 3985 470 4040 όλου
502 3988 680 4041 πάντα
715 3986 781 4040 τὰ
809 3987 937 4058 περὶ
968 3988 1067 4051 τὰς
1111 3989 1348 4058 οἰκήσεις
1383 3989 1482 4052 τὰς
1508 3988 1601 4042 ἐπὶ
1631 3987 1725 4042 τοῦ
1755 3988 1920 4043 αὐτοῦ

346 4077 692 4149 παραλλήλου
721 4078 996 4148 κειμένας,
1023 4078 1091 4132 τά
1121 4079 1258 4132 αὐτὰ
1284 4079 1536 4150 ὑπάρχει.
1583 4080 1656 4132 Τὸ
1688 4080 1795 4151 γὰρ
1831 4080 1922 4148 ἔγ-

345 4167 637 4239 κλιματοῦ
664 4169 866 4238 κόσμου
908 4168 1056 4239 μένει
1084 4169 1144 4222 τὸ
1181 4167 1328 4222 αὐτό.
1369 4168 1529 4240 Παρὰ
1565 4168 1674 4240 γὰρ
1717 4169 1779 4221 τὸ
1825 4168 1918 4237 ἔγ-

346 4260 517 4331 κλιμα
537 4260 629 4314 τοῦ
655 4262 860 4332 κόσμου
888 4261 1118 4332 διάφορα
1151 4263 1356 4330 γίνεται
1397 4260 1465 4314 τὰ
1496 4263 1814 4332 φαινόμενα.
1851 4263 1917 4314 Αἱ

347 4349 597 4419 μέντοιγε
637 4350 802 4422 ἀρχαὶ
847 4350 956 4403 τῶν
991 4349 1232 4420 ,ἡμερῶν
1288 4351 1381 4403 καὶ
1426 4351 1482 4402 αἱ
1534 4349 1778 4410 τελευταὶ
1819 4351 1917 4421 οὐχ

343 4438 462 4510 ἅμα
519 4441 653 4493 πᾶσι
693 4441 952 4509 γίνονται,
1004 4439 1116 4492 ἀλλ’
1160 4437 1242 4503 οἷς
1283 4441 1381 4511 μὲν
1424 4441 1705 4513 πρότερον,
1742 4435 1824 4506 οἷς
1860 4443 1916 4495 δὲ

2029 1995 2132 2042 est.
2181 1987 2448 2043 Parantur
2489 1991 2634 2044 enim
2677 1989 2986 2044 armillares
3023 1991 3248 2060 sphaera:
3279 1992 3440 2046 sic.A
3481 1993 3609 2062 polo

2028 2079 2266 2133 aret-iens
2299 2079 2466 2132 distat
2490 2079 2738 2148 partibus
2763 2078 2852 2143 36,
2877 2094 2997 2148 quae
3024 2088 3152 2133 sunt
3171 2083 3506 2152 sexagesima
3535 2083 3606 2150 6;

2029 2169 2206 2224 sexies
2231 2170 2376 2223 enim
2415 2185 2511 2224 sex
2533 2177 2663 2224 sunt
2699 2169 2789 2224 56.
2835 2169 3089 2226 Arcticus
3139 2172 3207 2226 ab
3263 2173 3450 2228 aestivo
3497 2183 3612 2228 tro-

2027 2261 2151 2330 pico
2179 2261 2344 2314 distat
2367 2261 2628 2329 gradibus
2651 2261 2743 2325 '50,
2776 2262 2870 2330 qui
2915 2260 3123 2316 faciunt
3153 2265 3490 2333 sexagesima
3535 2266 3604 2332 εἰς

2027 2351 2249 2407 aestivus
2275 2351 2520 2422 tropicus
2551 2351 2718 2405 distat
2745 2352 2814 2406 ab
2841 2353 3208 2422 aequinoctiali
3231 2355 3494 2424 gradibus
3511 2356 3604 2420 24.
3629 2419 3636 2424 ,

2027 2445 2122 2514 qui
2159 2451 2289 2499 sunt
2315 2445 2654 2514 sexagesima
2685 2442 2740 2497 4.
2773 2441 3200 2513 ᾹΞψιίιιοιιιῑιιιίε
3231 2445 3402 2500 distat
3431 2447 3500 2501 ab
3517 2446 3606 2501 hi-

2026 2537 2196 2590 berno
2231 2535 2440 2606 tr0pico
2462 2535 2683 2589 totidem
2711 2534 2970 2604 gradibus
3011 2534 3102 2590 24.
3157 2534 3374 2590 Rursus
3422 2536 3607 2591 biber-

2027 2641 2131 2680 nus
2147 2628 2388 2696 tropicus
2410 2625 2479 2678 ab
2498 2625 2797 2679 antarctico
2816 2625 2984 2680 distat
3006 2624 3266 2695 gradibus
3291 2625 3389 2690 50;
3413 2633 3603 2679 antar-

2023 2722 2200 2774 cticus
2241 2719 2309 2772 ab
2355 2718 2582 2772 australi
2635 2717 2758 2786 polo
2819 2715 2986 2770 distat
3044 2715 3308 2786 gradibus
3372 2715 3479 2782 36;
3541 2725 3603 2770 ut

2027 2823 2222 2863 rursus
2263 2823 2294 2861 a
2346 2807 2472 2876 polo
2502 2821 2676 2875 usque
2713 2804 2795 2880 ad,
2822 2806 3005 2875 polum
3039 2806 3366 2875 colligantur
3397 2806 3604 2876 gradus

2030 2899 2154 2962 180,
2187 2899 2526 2968 sexagesima
2559 2911 2686 2952 vero
2706 2897 2793 2950 '50.
2811 2897 2892 2950 Ad
2921 2897 3024 2949 hoc
3050 2897 3194 2950 enim
3222 2882 3388 2950 unum
3417 2897 3600 2960 clima,

2025 2999 2080 3045 et
2115 2991 2339 3060 sphaera:
2361 2989 2690 3055 armillares,
2714 2995 2770 3042 et
2805 2987 2994 3042 solidae
3028 2996 3310 3056 parantur,
3341 3001 3466 3040 cum
3497 2987 3602 3042 soli

2027 3081 2217 3136 arctici
2247 3081 2301 3134 in
2343 3081 2670 3150 quibusdam
2713 3079 3144 3134 habitationibus
3184 3079 3483 3134 secundum
3516 3079 3602 3133 di-

2027 3172 2258 3228 stantias
2304 3177 2604 3226 mutentur.
2646 3170 2718 3224 At
2760 3185 2909 3224 zonae
2952 3177 3238 3224 terrestres
3284 3167 3351 3223 ad
3393 3168 3600 3223 dictum

2026 3278 2193 3318 unum
2244 3263 2409 3316 clima
2462 3261 2739 3330 accipiunt
2771 3261 3095 3316 divisionem
3137 3275 3354 3321 eorum,
3403 3261 3497 3329 qui
3543 3262 3601 3314 in

2023 3363 2170 3409 terra
2200 3335 2467 3409 habitant.
2498 3351 2667 3421 Igitur
2688 3351 2782 3421 qui
2824 3350 3013 3406 eodem
3044 3349 3103 3404 in
3149 3351 3407 3419 parallelo
3445 3351 3601 3406 habi-

2022 3452 2165 3510 tant,
2190 3445 2275 3500 his
2300 3443 2498 3499 eaedem
2531 3450 2661 3497 sunt
2683 3442 3014 3512 apparentia!
3049 3441 3348 3494 secundum
3386 3441 3602 3496 habita-

2021 3535 2232 3601 tiones;
2257 3542 2310 3589 et
2337 3533 2738 3604 magnitudines
2767 3531 2981 3586 dierum
3009 3531 3246 3600 aequales
3270 3547 3286 3598 ;
3310 3538 3365 3585 et
3390 3531 3602 3600 magni-

2020 3623 2240 3680 tudines
2269 3623 2555 3692 eclipsium
2579 3621 2786 3676 similes
2815 3637 2830 3687 ;
2860 3627 2914 3675 et
2938 3619 3337 3690 descriptiones
3367 3621 3598 3674 horolo-

2023 3717 2267 3787 gicorum
2335 3715 2822 3770 instrumentorum
2875 3711 3112 3776 eaedem;
3161 3719 3217 3766 et
3281 3711 3598 3766 summatim

2020 3806 2204 3860 omnia
2232 3818 2353 3874 quae
2378 3804 2705 3874 contingunt
2733 3806 2882 3857 circa
2912 3800 3279 3876 habitationes
3320 3801 3373 3854 in
3405 3801 3596 3856 eodem

2021 3897 2283 3966 parallelo
2305 3897 2532 3966 positas,
2553 3897 2904 3950 sunteadem.
2935 3893 3071 3947 Nam
3097 3893 3381 3948 inclinatio
3403 3894 3596 3949 mundi

2019 3993 2203 4040 manet
2229 3985 2439 4040 eadem.
2486 3984 2714 4054 Propter
2745 3984 3158 4039 inclinationem
3213 3982 3359 4036 enim
3408 3983 3598 4037 mundi

2019 4074 2244 4130 diversae
2302 4082 2432 4130 sunt
2504 4075 2853 4144 apparentia.
2923 4073 3093 4144 Atqui
3155 4073 3314 4128 initia
3383 4073 3596 4126 dierum

2018 4173 2071 4221 et
2115 4165 2250 4220 ﬁnes
2294 4181 2404 4220 non
2437 4167 2600 4223 simul
2649 4166 2783 4219 Iiunt
2829 4166 3105 4228 omnibus,
3142 4165 3237 4218 sed
3269 4163 3391 4217 aliis
3420 4164 3594 4232 prius,

2018 4259 2142 4314 aliis
2186 4259 2460 4328 posterius
2493 4265 2727 4326 :estque
2777 4258 2920 4328 apud
2971 4272 3162 4311 omnes
3205 4256 3380 4326 prima
3436 4256 3591 4316 hora,

2017 4365 2141 4404 cum
2183 4364 2246 4404 ea
2293 4349 2436 4420 apud
2485 4350 2622 4404 alios
2673 4349 2746 4404 sit
2785 4350 3020 4403 medium
3071 4346 3203 4411 diei,
3271 4345 3416 4416 apud
3459 4347 3597 4401 alios

2017 4455 2267 4495 occasus.
2312 4437 2432 4493 Jam
2473 4453 2604 4493 vero
2626 4437 2806 4507 quoad
2845 4451 3090 4499 sensum,
3134 4435 3248 4490 fere
3295 4435 3365 4488 ad
3415 4435 3595 4490 stadia

344 4528 570 4602 ὕστερον
594 4571 608 4585 .
655 4531 766 4584 Καί
803 4535 948 4584 ἐστιν
990 4533 1024 4602 ἡ
1073 4531 1224 4603 παρὰ
1257 4533 1420 4585 πᾶσιν
1457 4532 1502 4563 ⁸⁸
1538 4539 1586 4585 α’
1613 4532 1752 4604 ὥρα,
1789 4535 1917 4603 παρ’

2023 4531 2123 4586 400
2170 4533 2240 4586 ab
2289 4538 2412 4585 ortu
2468 4546 2661 4586 versus
2717 4542 2973 4584 occasum
3025 4527 3168 4582 idem
3218 4534 3400 4580 manet
3437 4526 3592 4579 hori-

341 4621 523 4685 ᾶλλοις
554 4623 719 4693 μέσον
762 4623 973 4694 ἡμέρας
1026 4619 1177 4685 οὖσα,
1217 4625 1347 4695 παρ’
1379 4620 1460 4687 οἷς
1487 4623 1544 4676 δὲ
1579 4624 1729 4687 δύσις
1755 4622 1909 4678 οὖσα.

347 4715 484 4786 Ἥδη
519 4709 768 4785 μέντοιγε
806 4716 941 4786 πρὸς
961 4715 1059 4787 τήν
1075 4715 1323 4786 αἴσθησιν
1344 4716 1528 4786 σχεδὸν
1550 4718 1642 4770 ἐπὶ
1665 4718 1914 4780 σταδίους

345 4811 390 4856 υ¹
421 4805 515 4858 ἀπ’
541 4803 806 4873 ἀνατολῆς
843 4805 936 4855 ἐπὶ
967 4803 1118 4857 δύσιν
1149 4805 1177 4856 ὁ
1211 4803 1372 4866 αὐτὸς
1407 4804 1602 4875 ὁρίζων
1631 4803 1874 4874 διαμένει
1893 4820 1907 4833 ο

340 4894 482 4947 ὥστε
542 4895 677 4969 πρὸς
722 4894 969 4966 αἴσθησιν
1015 4894 1131 4964 ἅμα
1162 4894 1262 4965 τὴν
1303 4895 1566 4966 ἀνατολὴν
1607 4895 1786 4957 αὐτοῖς
1827 4894 1912 4964 γί-

339 4987 524 5040 νεσθαι
571 4988 667 5040 καὶ
715 4988 812 5059 τὴν
850 4987 1021 5040 δύσιν.
1049 4986 1218 5040 Ὅταν
1265 4986 1322 5039 δὲ
1368 4986 1549 5040 πλεῖον
1589 4986 1811 5055 γένηται
1855 4987 1916 5040 τὺ

335 5079 609 5148 διάστημα
638 5077 744 5131 τῶν
776 5085 819 5130 υ¹
855 5078 1100 5141 σταδίων,
1125 5077 1488 5150 προανατολαὶ
1509 5079 1603 5131 καὶ
1628 5078 1914 5148 προδόσεις

335 5171 596 5238 γίνονται.
631 5170 756 5233 Τοῖς
787 5170 844 5222 δὲ
877 5172 970 5223 ἐπὶ
1006 5169 1100 5223 τοῦ
1132 5169 1296 5224 αὐτοῦ
1332 5169 1700 5241 μεσημϐρινοῦ
1733 5186 1914 5224 κατοι-

335 5261 490 5315 κοῦσι
520 5261 682 5334 μέχρι
729 5260 828 5332 μὲν
877 5261 1102 5315 σταδίων
1132 5268 1176 5315 υ¹
1203 5261 1597 5332 άνεπαίσθητος
1637 5259 1849 5329 γίνεται
1873 5262 1906 5330 ή
1960 5300 1967 5306 .

407 5439 453 5470 ⁴⁸
487 5439 529 5508 f.
561 5440 724 5494 τισίν.

408 5592 519 5664 (£6)
550 5594 659 5647 Kal
699 5595 772 5649 τὰ
811 5596 1032 5665 μεγέθη
1076 5594 1194 5650 τῶν
1246 5596 1594 5664 ἐκλείψεων.
1656 5594 1896 5650 Falsum.

336 5660 470 5716 Nam
502 5660 680 5732 neque
713 5660 1139 5735 de_'lunaribus,
1192 5683 1368 5735 neque
1415 5660 1482 5721 de
1522 5667 1796 5720 solaribus
1842 5665 1895 5718 id

339 5742 486 5804 recte
518 5735 740 5787 dicitur.
792 5733 1036 5790 Lunares
1085 5733 1292 5804 quippe
1336 5752 1442 5790 non
1487 5737 1539 5788 in
1578 5737 1768 5789 iisdem
1802 5751 1895 5789 so-

341 5802 616 5857 lummodo
659 5806 932 5874 parallelis
983 5802 1235 5876 xquales
1281 5815 1580 5877 apparent,
1634 5805 1729 5860 sed
1775 5808 1894 5860 ubi-

2017 4640 2142 4679 zon.
2207 4624 2390 4693 Itaque
2453 4623 2628 4692 quoad
2708 4636 2930 4678 sensum
2979 4619 3143 4674 simul
3216 4618 3352 4688 ipsis
3412 4619 3595 4672 evenit

2017 4725 2190 4781 ortus,
2219 4722 2274 4768 et
2295 4728 2544 4769 occasus.
2573 4712 2642 4766 At
2669 4712 2759 4767 ubi
2791 4711 3051 4766 distantia
3087 4709 3254 4763 fuerit
3285 4707 3462 4777 major
3485 4708 3592 4761 400

2018 4805 2227 4869 stadiis,
2292 4803 2365 4858 ibi
2411 4802 2849 4873 antegressiones
2897 4811 3117 4856 ortuum
3175 4808 3230 4854 et
3293 4813 3592 4853 occasuum

2017 4896 2170 4950 ﬁunt.
2197 4895 2267 4949 Iis
2309 4909 2438 4949 vero
2473 4895 2568 4964 qui
2619 4895 2674 4947 in
2728 4893 2918 4948 eodem
2973 4891 3275 4945 meridiano
3318 4890 3588 4953 habitant,

2018 5003 2193 5058 usque
2229 4987 2297 5042 ad
2335 4986 2511 5043 stadia
2558 4986 2664 5040 400
2710 4984 3044 5040 insensibilis
3089 4981 3146 5035 Iit
3179 4982 3459 5037 climatum
3497 4996 3591 5033 va-

2018 5080 2187 5135 rietas
2219 5081 2400 5135 simul.
2434 5077 2822 5134 Verumtamen
2851 5078 2921 5132 ob
2945 5091 3063 5131 eam
3091 5076 3427 5138 distantiam,
3472 5089 3594 5142 quae

2019 5172 2193 5240 magis
2223 5170 2564 5224 transcendit
2595 5183 2786 5223 versus
2831 5166 3253 5235 scptentrionem
3291 5169 3386 5216 aut
3425 5165 3592 5215 meri-

2020 5260 2186 5325 diem,
2223 5261 2324 5316 alia
2355 5261 2414 5314 Iit
2445 5260 2746 5314 inclinatio.
2798 5257 2983 5327 Itaque
3025 5271 3217 5311 omnes
3259 5254 3593 5324 apparentia:

2007 5608 2226 5664 cunque
2259 5593 2395 5664 luna
2419 5591 2770 5664 prospicitur.
2813 5589 3034 5664 solares
3070 5600 3248 5642 autem
3283 5590 3446 5664 etiam
3485 5588 3589 5664 sub

2006 5661 2198 5718 eodem
2227 5663 2489 5731 parallclo
2519 5663 2814 5726 inzequales
2841 5661 3128 5722 ridentur;
3159 5671 3244 5731 aut
3273 5662 3433 5731 eli'ain
3459 5661 3587 5716 alibi

2007 5729 2239 5856 minitine—
2265 5733 2536 5789 ridentur.
2565 5732 2747 5797 Quare
2789 5733 2933 5784 aliud
2987 5731 3162 5802 agenti
3213 5730 3314 5784 hoc
3355 5729 3586 5786 Gemino

2007 5806 2122 5856 exci
2169 5805 2228 5856 it.

2005 5818 2228 5859 ειειαιι.
