4116 6400
512 430 615 486 830

1510 416 1852 472 APPENDIX
1891 414 1984 470 AD
2025 410 2295 470 EUSEBll
2338 405 2758 465 CHRONICON.

3665 401 3774 456 850

512 558 640 604 sunt
665 546 911 602 diversae.
938 542 1150 599 Etenim
1179 537 1582 610 magnitudines
1609 535 1846 598 dierum,
1890 541 1944 589 et
1969 547 2086 586 ma-

2191 529 2295 584 τῶν
2347 528 2622 599 κλιμάτων
2683 521 3008 595 παραλλαγὴ
3075 520 3193 592 ἅμα
3217 536 3230 550 ’
3292 518 3354 572 τὸ
3398 519 3444 551 δ’
3525 520 3773 590 μέντοιγε

509 638 817 709 gnitudines
857 636 1165 706 eclipsium,
1217 641 1271 686 et
1311 628 1718 698 horologiorum
1759 623 2088 694 descriptio-

510 747 608 785 nes
638 731 867 785 diversae
916 735 1140 800 prepter
1191 725 1560 780 habitationes
1605 722 1744 774 ﬁunt
1772 720 1840 773 iis
1893 717 1986 788 qui
2033 715 2089 770 in

509 823 698 876 eodem
722 821 1022 876 meridiano
1051 819 1320 874 habitant.
1350 815 1486 870 Nam
1515 814 1800 868 inclinatio
1827 819 2088 874 mutatur,

508 929 631 966 cum
665 914 750 967 vel
784 911 850 966 ad
881 913 1123 974 boream,
1156 911 1241 965 vel
1280 909 1347 962 ad
1388 907 1670 962 meridiem
1710 905 1769 958 ﬁt
1802 903 2088 958 transitus.

505 1003 669 1071 Atqui
705 1001 1021 1056 medictates
1051 1000 1264 1054 dierum
1309 1007 1363 1052 et
1391 997 1710 1051 medietates
1737 995 1978 1049 noctium
2010 993 2088 1046 si-

507 1094 618 1146 mul
650 1093 909 1146 eveniunt
955 1093 1213 1146 onmibus
1264 1090 1332 1145 iis
1378 1088 1563 1159 quiin
1608 1085 1800 1141 eodem
1842 1083 2091 1138 habitant

508 1186 826 1239 meridiano.

2193 623 2373 678 πλεῖον
2413 621 2682 689 διάστημα
2722 613 3104 699 ὑπερϐῆναι-⁵⁸
3139 612 3276 683 πρὸς
3319 610 3518 683 ἄρκτον
3553 609 3586 682 ἢ
3636 611 3775 683 πρὸς

2195 712 2563 787 μεσημϐρίαν,
2596 709 2724 762 ἄλλο
2759 708 2968 776 γίνεται
3018 705 3286 775 έγκλιμα·
3326 701 3468 756 ὥστε
3500 702 3676 755 πάντα
3705 702 3774 756 τά

2191 805 2490 874 φαινόμενα
2512 800 2744 870 διάφορα
2768 797 3034 867 γίνεσθαι.
3067 796 3176 849 Καὶ
3204 794 3312 865 γάρ
3339 793 3408 846 τὰ
3440 793 3643 864 μεγέθη
3665 793 3776 846 τῶν

2191 889 2436 962 ἡμερῶν,
2467 887 2561 941 καὶ
2594 885 2662 938 τὰ
2697 884 2901 956 μεγέθη
2947 882 3056 936 τῶν
3088 883 3402 952 ἐκλείψεων,
3445 883 3542 935 καὶ
3583 884 3640 935 αί
3669 882 3775 934 τῶν

2192 982 2499 1054 ὡρολογίων
2543 977 2892 1049 καταγραφαὶ
2934 975 3181 1046 διάφοροι
3222 973 3371 1044 παρὰ
3404 973 3504 1035 τὰς
3535 973 3781 1043 οίκήσεις,

2195 1073 2431 1141 γίνονται
2458 1073 2570 1132 τοῖς
2597 1070 2688 1122 ἐπὶ
2716 1067 2810 1121 τοῦ
2852 1067 3014 1121 αὑτοῦ
3046 1063 3416 1137 μεσημϐρινοῦ
3441 1065 3771 1118 κατοικοῦσι.

2198 1167 2272 1219 Τὸ
2291 1166 2399 1237 γὰρ
2436 1164 2668 1234 ἐγκλιμα
2716 1160 3063 1232 μεταπίπτει,
3098 1157 3132 1229 ἢ
3167 1158 3302 1229 πρὸς
3336 1157 3536 1228 ἄρκτον
3575 1156 3606 1226 ἢ
3639 1155 3778 1227 πρὸς

509 1278 851 1349 μεσημϐρίαν
889 1276 988 1348 τῆς
1032 1277 1380 1348 μεταϐάσεως
1423 1274 1734 1346 γινομένης.
1785 1271 1867 1325 Τὰ
1903 1269 2154 1340 μέντοιγε
2213 1262 2354 1332 μέσα
2396 1260 2506 1314 τῶν
2564 1256 2785 1330 ἡμερῶν
2827 1256 2922 1310 καὶ
2972 1253 3041 1308 τὰ
3075 1254 3216 1324 μέσα
3249 1253 3355 1307 τῶν
3390 1249 3600 1304 νυκτῶν
3657 1250 3774 1322 ἅμα

506 1373 638 1423 πᾶσι
667 1372 873 1440 γίνεται
911 1367 1026 1435 τοῖς
1052 1373 1144 1425 ἐπὶ
1170 1371 1263 1425 τοῦ
1298 1371 1460 1424 αὑτοῦ
1495 1367 1868 1440 μεσημϐρινοῦ
1900 1361 2267 1419 κατοικοῦσιν.

573 1464 676 1534 31
711 1466 844 1519 Cum
871 1475 1050 1520 autem
1087 1466 1154 1520 de
1188 1466 1417 1520 australi
1450 1479 1589 1519 zona
1624 1464 1882 1526 dicimus,
1925 1471 1981 1516 et
2023 1460 2091 1514 de

509 1555 578 1609 iis
609 1556 701 1624 qui
733 1557 788 1610 iu
823 1571 885 1611 ea
921 1557 1188 1621 habitant,
1227 1556 1293 1610 ad
1335 1557 1450 1611 haac
1499 1558 1567 1611 de
1610 1555 1962 1626 antipodibus
1995 1551 2089 1622 qui

509 1651 562 1698 in
585 1647 772 1700 eadem
809 1655 974 1711 sunt;
1009 1650 1259 1702 convenit
1287 1662 1350 1702 ea
1384 1664 1505 1718 quae
1523 1649 1786 1702 dicuntur
1815 1647 1896 1701 sic
1930 1645 2092 1699 intel-

509 1738 694 1807 ligere,
731 1746 791 1791 ut
828 1755 929 1794 nos
967 1740 1034 1793 de.
1063 1741 1290 1794 australi
1321 1741 1541 1808 quidem
1573 1755 1711 1795 zona
1756 1739 1963 1794 nullam
2005 1737 2090 1791 bi-

2266 1452 2434 1506 Ὂταν
2476 1450 2534 1503 δὲ
2579 1450 2708 1522 περὶ
2750 1448 2854 1518 τῆς
2906 1445 3081 1502 νοτίου
3138 1443 3315 1516 ζώνης
3362 1444 3631 1515 λέγωμεν,
3677 1447 3775 1500 καὶ

2191 1543 2302 1596 τῶν
2351 1544 2410 1595 ὲν
2452 1542 2588 1613 αὐτῇ
2645 1539 3066 1601 κατοικούντων,
3105 1537 3242 1608 πρὸς
3287 1536 3345 1589 δὲ
3395 1535 3610 1600 τούτοις
3643 1538 3781 1606 περὶ

2191 1636 2301 1689 τῶν
2358 1635 2416 1687 ὲν
2479 1633 2616 1704 αὐτῇ
2684 1630 2983 1685 ἀντιπόδων
3041 1627 3149 1681 τῶν
3202 1627 3543 1700 λεγομένων-
3601 1627 3774 1692 οὑτως

2191 1726 2410 1780 ἀκούειν
2474 1726 2776 1798 προσήκει,
2832 1723 2908 1786 ὡς
2983 1719 3256 1793 μηδεμίαν
3318 1721 3475 1793 ἡμῶν
3531 1721 3774 1793 ἱστορίαν

508 1827 730 1879 storiam
757 1829 1149 1897 acceperimus,
1183 1846 1359 1900 neque
1389 1846 1457 1884 an
1492 1831 1588 1885 ulli
1625 1833 1680 1884 in
1708 1845 1772 1884 ea
1801 1829 2084 1894 habitent;

2191 1819 2605 1890 παρειληφότων
2638 1819 2764 1889 περὶ
2803 1817 2902 1887 τῆς
2949 1816 3126 1869 νοτίου
3159 1814 3355 1886 ζώνης,
3389 1815 3522 1887 μηδὲ
3549 1815 3604 1869 εί
3629 1831 3774 1878 τινες

510 1915 604 1968 sed
644 1916 789 1985 quod
833 1918 1047 1973 ratione
1101 1921 1269 1974 totius
1312 1919 1560 1990 sphaerae,
1593 1929 1646 1975 et
1683 1919 1867 1989 ﬁgura:
1905 1927 2083 1983 terra),

509 2013 563 2058 et
598 2021 923 2075 progressus
969 2010 1122 2073 solis,
1157 2011 1248 2080 qui
1295 2011 1355 2064 ﬁt
1396 2011 1538 2066 inter
1567 2012 1830 2082 tropicos,
1865 2011 1938 2065 sit
1988 2011 2087 2063 ali-

508 2111 616 2162 qua
653 2097 818 2150 etiam
864 2099 1032 2152 altera
1077 2114 1236 2162 zona,
1270 2115 1367 2154 seu
1412 2101 1569 2170 plaga
1617 2115 1809 2155 versus
1837 2106 2086 2154 austrum

512 2184 642 2247 sita,
675 2200 795 2254 quae
827 2186 1023 2240 habeat
1055 2187 1196 2239 idem
1233 2195 1721 2256 temperamentum
1757 2203 1881 2241 cum
1922 2187 2085 2240 borea

509 2291 667 2339 zona,
711 2278 764 2329 in
793 2292 898 2346 qua
938 2293 1037 2331 nos
1075 2279 1418 2346 habitamus;
1452 2280 1704 2334 similiter
1743 2281 1908 2334 etiam
1951 2279 2086 2333 dici-

510 2379 631 2417 mus
661 2365 727 2418 de
751 2365 1119 2434 antipodibus,
1145 2381 1253 2420 non
1281 2366 1439 2436 quasi
1467 2367 1690 2420 omnino
1714 2366 1965 2420 habitent
1991 2365 2087 2418 ali-

509 2459 603 2528 qui
653 2460 709 2513 in
755 2460 943 2514 eadem
972 2461 1243 2515 diametro
1280 2461 1566 2517 nobiscum
1603 2479 1616 2515 :
1671 2459 1766 2516 sed
1811 2458 1957 2529 quod
2012 2460 2086 2514 sit

511 2549 708 2618 aliquis
750 2550 905 2605 locus
946 2551 1260 2605 habitabilis
1304 2554 1360 2606 in
1409 2560 1555 2606 terra
1587 2549 1889 2606 secundum
1938 2563 2086 2604 eam-

510 2641 632 2695 dem
656 2640 982 2697 diametrum
1007 2644 1314 2700 nobiscum.

583 2817 697 2871 Sub
746 2819 1006 2872 torridam
1058 2826 1242 2872 autem
1293 2832 1485 2871 zonam
1524 2815 1771 2871 nonnulli
1817 2825 2082 2880 veterum,

511 2910 653 2964 inter
693 2927 830 2978 quos
870 2919 955 2965 est
1005 2919 1058 2965 et
1101 2910 1398 2964 Cleanthes
1443 2907 1664 2963 Stoicus
1701 2907 2083 2978 philosOphus,

511 3001 868 3070 prodiderunt
913 3002 1097 3057 fusum
1139 3017 1261 3057 esse
1295 3002 1436 3056 inter
1487 3002 1723 3071 tropicos
1757 2999 2032 3054 Oceanum
2071 3016 2083 3051 :

512 3093 712 3162 quibus
753 3104 1122 3163 congruenter
1169 3102 1224 3148 et
1266 3095 1462 3148 Crates
1503 3093 1892 3163 grammaticus
1933 3105 2088 3145 erro-

2188 1909 2246 1961 ἐν
2297 1908 2434 1978 αὑτῇ
2493 1906 2876 1961 κατοικοῦσιν·
2939 1905 3055 1958 ἀλλ’
3098 1905 3182 1958 ὅτι
3244 1904 3430 1958 ἕνεκεν
3487 1905 3586 1976 τῆς
3643 1903 3773 1976 ὅλης

2190 1995 2592 2068 σφαιροποιίας,
2629 1996 2723 2049 καὶ
2777 1994 2872 2049 τοῦ
2921 1996 3199 2066 σχήματος
3236 1995 3335 2065 τῆς
3375 1994 3500 2064 γῆς,
3546 1993 3642 2048 καὶ
3672 1995 3772 2065 τῆς

2187 2085 2422 2156 παρόδου
2461 2084 2556 2137 τοῦ
2592 2085 2743 2156 ἡλίου
2791 2087 2891 2154 τῆς
2922 2085 3126 2155 μεταξὺ
3152 2083 3261 2137 τῶν
3309 2085 3585 2156 τροπικῶν
3623 2101 3772 2154 γινο-

2189 2178 2376 2248 μένης,
2412 2176 2525 2229 ἔστι
2553 2194 2636 2240 τις
2659 2177 2754 2230 καλ⁵
2795 2177 2958 2247 ἑτέρα
2999 2175 3143 2246 ζώνη
3177 2176 3312 2248 πρὸς
3339 2177 3488 2231 νότον
3516 2177 3769 2248 κειμένη,

2184 2271 2283 2340 τὴν
2316 2269 2485 2341 αὑτὴν
2523 2268 2820 2340 εὐκρασίαν
2863 2267 3061 2338 ἔχουσα
3099 2272 3163 2340 τῇ
3210 2267 3405 2339 βορείῳ
3448 2268 3614 2342 ζώνῃ,
3644 2271 3702 2323 ὲν

2188 2360 2544 2431 κατοικοῦμεν
2575 2360 2733 2431 ἡμεῖς
2754 2375 2769 2390 ⁶
2801 2360 3000 2430 ὁμοίως
3043 2359 3098 2412 δὲ
3125 2360 3220 2412 καὶ¹
3250 2359 3379 2431 περὶ
3412 2359 3519 2413 τῶν
3548 2361 3772 2413 ἀντιπό-

2185 2450 2290 2504 δων
2330 2450 2581 2522 λέγομεν,
2634 2450 2731 2519 οὑχ
2783 2449 2859 2513 ὡς
2907 2449 3048 2503 κατὰ
3097 2450 3204 2502 πᾶν
3262 2449 3554 2503 οίκούντων
3605 2450 3770 2525 τινῶν

2187 2543 2328 2596 κατὰ
2376 2542 2472 2612 τὴν
2515 2541 2684 2612 αὑτὴν
2741 2540 3030 2612 διάμετρον
3077 2544 3229 2612 ἡμῖν,
3279 2541 3393 2595 ἀλλ’
3426 2543 3579 2606 ὄντος
3623 2543 3770 2606 τινὸς

2185 2634 2349 2688 τόπου
2412 2634 2700 2706 οίκησίμου
2775 2635 2868 2688 ἐπὶ
2933 2635 3032 2705 τῆς
3093 2636 3198 2706 γῆς
3258 2635 3401 2689 κατὰ
3472 2633 3766 2706 διάμετρον

2188 2727 2220 2795 ὴ
2229 2728 2338 2795 μῖν.

2271 2816 2408 2868 Ὑπὸ
2436 2815 2494 2868 δὲ
2523 2816 2621 2885 τὴν
2661 2815 3100 2886 διακεκαυμένην
3139 2814 3316 2891 ζώνην
3358 2815 3504 2880 τινὲς
3534 2815 3641 2868 τῶν
3667 2815 3770 2886 ἀρ-

2188 2905 2357 2974 χαίων
2383 2905 2754 2975 ἀπεφήναντο,
2781 2899 2856 2958 ὧν
2888 2905 3007 2957 ἐστι
3044 2905 3139 2958 καὶ
3167 2905 3449 2976 Κλεάνθης
3472 2908 3500 2958 ὁ
3530 2905 3766 2969 Στωϊκὸς

2189 2995 2496 3064 φιλόσοφος,
2546 2995 2912 3066 ὑποκεχύσθαι
2963 2995 3167 3066 μεταξὺ
3210 2996 3317 3050 τῶν
3359 2996 3633 3068 τροπικῶν
3675 2997 3767 3050 τὸν

2201 3085 2484 3138 Ὠκεανόνο
2515 3081 2597 3150 οἷς
2640 3085 2948 3149 ἀκολούθως
2997 3087 3091 3138 καὶ
3121 3086 3346 3157 Κράτης
3384 3089 3767 3158 όαγραμματι-

511 3200 625 3238 rem
668 3184 880 3254 Ulyssis
920 3186 1237 3254 disponens,
1298 3195 1353 3239 et
1399 3193 1567 3238 totam
1612 3183 1880 3252 sphaeram
1929 3189 2088 3236 terra:

2191 3177 2304 3243 κὸς,
2334 3177 2432 3248 τὴν
2473 3177 2679 3248 πλάνην
2716 3176 2809 3230 τοῦ
2849 3176 3146 3241 Ὀδυσσέως
3173 3177 3494 3241 διατάσσων,
3529 3180 3621 3233 καὶ
3665 3180 3768 3251 τὴν

510 3276 830 3332 describens
864 3277 1032 3330 certis
1079 3275 1324 3343 circulis,
1351 3273 1807 3345 quemadmodum
1832 3274 2088 3344 praedixi-

512 3386 655 3434 mus,
696 3369 850 3438 ﬁngit
885 3369 1029 3422 inter
1061 3369 1304 3438 tropicos
1347 3369 1627 3422 Oceanum
1668 3381 1791 3420 esse
1825 3368 2084 3435 positum,

508 3463 702 3517 dicens
746 3473 1113 3532 congruenter
1154 3460 1557 3516 mathematicis
1601 3459 1772 3513 totius
1820 3474 1880 3513 se
1930 3467 2089 3514 terra:

511 3553 924 3622 dispositionem
961 3552 1270 3608 instituere.

581 3723 648 3778 At
707 3725 832 3779 talis
875 3723 1166 3794 dispositio
1209 3723 1386 3778 aliena
1420 3730 1504 3778 est
1537 3729 1592 3777 et
1641 3737 1672 3775 a
1706 3721 2089 3776 mathematica

511 3823 564 3866 rt
598 3832 626 3868 a
652 3816 878 3884 physica
908 3815 1178 3879 doctrina,
1204 3820 1255 3867 et
1287 3812 1431 3882 apud
1461 3813 1668 3866 nullum
1697 3820 1942 3866 veterum
1971 3827 2089 3865 ma-

512 3908 930 3960 thematicorum
966 3906 1109 3958 inter
1142 3905 1404 3974 tropicos,
1437 3912 1496 3957 ut
1522 3903 1717 3958 Crates
1747 3902 1929 3967 docet,
1974 3901 2091 3956 col-

513 3999 712 4051 locata.
757 3994 892 4050 Nam
939 3997 1145 4052 nostris
1191 3997 1528 4066 temporibus
1577 3995 1690 4065 jam
1722 4003 1776 4050 et
1807 4003 2087 4064 perspecta

511 4101 566 4145 et
613 4091 833 4146 iuventa
873 4097 1002 4144 sunt
1047 4089 1278 4159 plurima
1323 4089 1444 4142 loca
1490 4087 1828 4153 habitahilia,
1883 4095 1938 4140 et
1979 4101 2089 4140 non

513 4180 652 4232 mari
684 4179 888 4247 ubique
918 4179 1314 4248 comprehensa
1347 4196 1360 4232 :
1403 4187 1457 4232 et
1483 4193 1609 4233 cum
1643 4177 1791 4232 illius
1832 4178 2090 4231 interme-

512 4270 589 4323 dii
615 4271 910 4333 intervalli,
948 4271 1094 4340 quod
1128 4278 1212 4325 est
1241 4271 1308 4323 ab
1347 4270 1539 4324 aestivo
1573 4269 1784 4338 tropico
1819 4283 1993 4338 usque
2021 4269 2090 4323 ad

510 4363 971 4432 aequinoctialem,
1012 4362 1247 4432 spatium
1292 4361 1364 4416 sit
1403 4361 1701 4416 stadiorum
1749 4361 1943 4425 16800,
1978 4359 2089 4416 fere

515 4456 581 4508 ad
619 4453 800 4508 20800
826 4455 1030 4518 stadia,
1073 4463 1345 4523 quatenus
1391 4453 1750 4525 investigandi
1777 4455 1932 4522 copia
1963 4454 2086 4517 fuit,

2188 3270 2316 3340 ὅλην
2348 3272 2579 3341 σφαῖραν
2610 3269 2710 3338 τῆς
2740 3269 2844 3338 γῆς
2883 3269 3254 3340 καταγράφων
3282 3271 3394 3334 τοῖς
3425 3270 3768 3342 ὁριζομένοις

2189 3359 2440 3425 κύκλοις,
2500 3357 2683 3423 καθὼς
2733 3360 3164 3431 προειρήκαμεν,
3205 3364 3349 3414 ποιεῖ
3406 3361 3608 3432 μεταξὺ
3659 3363 3768 3418 τῶν

2188 3449 2464 3521 τροπικῶν
2522 3449 2615 3503 τὸν
2688 3450 2935 3504 Ὠκεανὸν
2983 3451 3268 3522 κείμενον,
3316 3451 3491 3522 λέγων
3543 3454 3770 3508 ἀκολού-

2190 3541 2299 3606 θως
2372 3546 2486 3606 τοῖς
2562 3542 2967 3613 μαθηματικοῖς
3033 3545 3133 3615 τὴν
3182 3543 3312 3616 ὅλης
3367 3546 3472 3616 γῆς
3523 3546 3767 3614 διάταξιν

2189 3633 2479 3688 ποιεῖσθαι.

2271 3724 2337 3777 Ἦ
2365 3725 2421 3778 δὲ
2457 3725 2682 3797 τοιαύτη
2716 3725 2957 3790 διάταξις
2988 3724 3244 3797 ἀλλοτρία
3270 3712 3388 3780 ἐστι
3418 3728 3628 3782 καὶτοῦ
3665 3747 3764 3800 μαι

2193 3813 2497 3885 θηματικοῦ
2544 3816 2636 3867 καὶ
2682 3813 2777 3866 τοῦ
2825 3813 3056 3882 φυσικοῦ
3088 3813 3270 3883 λόγου,
3303 3817 3398 3870 καὶ
3435 3818 3563 3888 παρ’
3592 3818 3769 3870 οὐδενὶ

2188 3906 2296 3958 τῶν
2343 3905 2584 3976 ἀρχαίων
2643 3905 3040 3977 μαθηματικῶν
3097 3910 3642 3981 κατακεχωρισμένη,
3691 3911 3768 3974 ὡς

2189 3999 2546 4068 ἀποφαίνεται
2604 3999 2849 4070 Κράτης,
2902 3996 3104 4068 μεταξὺ
3157 4000 3266 4053 τῶν
3318 4001 3618 4071 τροπικῶν.
3677 4003 3767 4056 Ἐν

2189 4089 2297 4161 γὰρ
2329 4091 2442 4153 τοῖς
2475 4088 2597 4142 καθ’
2632 4091 2780 4160 ἡμᾶς
2813 4089 3025 4162 χρόνοις
3073 4091 3172 4162 ήδη
3223 4093 3318 4144 καὶ
3363 4092 3767 4161 κατώπτευται,

2189 4182 2282 4235 καὶ
2311 4179 2538 4251 εὓρηται
2585 4180 2653 4234 τὰ
2708 4181 2934 4234 πλεῖστα
2976 4183 3258 4253 οίκήσιμα,
3296 4185 3388 4236 καὶ
3430 4185 3492 4236 οὑ
3537 4185 3768 4253 πελάγει

2190 4272 2452 4326 πάντοθεν
2485 4273 2847 4344 περιεχόμενα
2870 4289 2884 4302 ·
2918 4273 3132 4327 καὶτοῦ
3169 4273 3370 4343 μεταξὺ
3403 4275 3770 4349 διαστήματος

2191 4366 2526 4436 ὑπάρχοντος
2555 4365 2664 4418 ἀπὸ
2690 4364 2901 4436 θερινοῦ
2931 4366 3192 4436 τροπικοῦ
3231 4367 3392 4437 μέχρι
3437 4368 3532 4420 τοῦ
3586 4371 3771 4441 ἰσημεο

2195 4457 2338 4527 ρινοῦ
2369 4463 2502 4528 ,ιςων
2525 4457 2593 4520 δι,
2627 4457 2721 4509 καὶ
2749 4456 2824 4518 ὡς
2850 4457 3032 4527 σχεδὸν
3057 4458 3150 4510 ὲπὶ
3185 4457 3426 4521 σταδίους
3457 4467 3566 4532 γκω¹
3594 4461 3662 4526 ⁸³,
3692 4463 3770 4526 ὡς

513 4547 710 4600 barum
757 4561 942 4601 rerum
966 4546 1198 4601 historia
1227 4548 1540 4616 conscripta
1570 4554 1678 4610 est,
1726 4561 1850 4600 cum
1879 4561 1942 4600 ea
1992 4562 2088 4616 per

2191 4548 2513 4619 εὑπόρηται,
2536 4547 2630 4600 καὶ
2659 4549 2692 4617 ὴ
2725 4548 2852 4618 περὶ
2878 4547 3081 4600 τούτων
3116 4549 3322 4619 ἱστορία
3353 4551 3771 4623 ἀναγέγραπται

513 4654 670 4710 reges
712 4637 1114 4693 Alexandrinos
1147 4640 1218 4692 sit
1259 4638 1564 4707 explorata.
1613 4636 1767 4693 Unde
1806 4637 1929 4692 falsi
1961 4648 2088 4693 sunt

2191 4639 2281 4692 διὰ
2335 4641 2444 4691 τῶν
2499 4640 2557 4692 ὲν
2638 4638 3013 4711 Ἀλεξανδρεία
3078 4639 3339 4709 βασιλέων
3403 4642 3767 4717 ἐξητασμένη.

513 4731 604 4799 qui
631 4731 925 4800 Opinantur
967 4729 1243 4784 Oceanum
1284 4727 1465 4782 fusum
1509 4743 1632 4782 esse
1656 4731 1797 4782 inter
1823 4729 2086 4798 tropicos.

440 4885 446 4891 ι
515 4821 609 4874 Est
639 4831 821 4875 autem
855 4827 908 4875 et
935 4837 1001 4876 ex
1043 4820 1129 4874 his
1162 4819 1537 4884 manifestum,
1574 4819 1721 4888 quod
1751 4827 1806 4874 et
1836 4820 1926 4872 illa
1971 4821 2088 4888 opi-

511 4911 626 4976 nio,
657 4911 801 4980 quod
847 4911 1223 4965 inhabitabilis
1253 4911 1324 4964 sit
1354 4910 1503 4980 regio
1544 4911 1688 4964 inter
1723 4913 1963 4980 tropicos
1993 4927 2088 4980 po-

515 5004 617 5055 sita
652 5010 869 5072 propter
901 5011 1070 5056 aestus
1113 5017 1422 5065 excessum,
1474 5009 1528 5055 et
1556 5003 1792 5055 maxime
1823 5017 1888 5056 ea
1938 5003 2088 5072 regio

515 5109 635 5163 qua:
674 5104 760 5148 est
810 5096 862 5148 in
917 5094 1096 5148 medio
1141 5094 1362 5147 torrida:
1410 5108 1595 5156 zonas,
1634 5093 1703 5146 sit
1739 5093 1894 5147 falsa.
1952 5092 2088 5147 Nam

514 5187 798 5258 Aitbiopcs
819 5228 832 5251 ,
877 5189 968 5256 qui
999 5187 1051 5239 in
1082 5186 1526 5241 extremitatibus
1560 5184 1783 5239 torrida:
1813 5201 1963 5239 zonae
1993 5187 2090 5239 ha-

516 5281 712 5344 bitant,
757 5281 811 5333 in
841 5279 1316 5343 conversionibus,
1352 5294 1449 5333 seu
1499 5278 1753 5332 solstitiis
1782 5277 1986 5332 habent
2035 5278 2091 5331 in

516 5372 719 5427 vertice
742 5369 1383 5436 soletn..Existitttandutu
1401 5377 1485 5424 est
1505 5370 1653 5424 enim
1679 5368 1816 5422 duas
1841 5383 1965 5422 esse
1994 5384 2094 5420 na-

515 5471 638 5515 tura
687 5461 1020 5529 Aﬂthiopias,
1080 5474 1207 5513 cum
1259 5469 1313 5515 et
1353 5460 1500 5514 circa
1529 5461 1779 5514 :estivum
1821 5459 2092 5528 tropicum

516 5554 802 5615 circulum,
829 5553 922 5622 qui
954 5551 1096 5621 apud
1121 5568 1221 5606 nos
1254 5559 1359 5616 est,
1402 5553 1650 5607 habitent
1683 5551 2005 5620 ZEthiopes;
2039 5558 2092 5604 et

517 5647 661 5697 circa
717 5660 839 5698 eum
897 5645 1167 5714 tropicum
1235 5646 1329 5715 qui
1390 5647 1549 5700 nobis
1605 5645 1828 5716 quidem
1877 5654 1962 5699 est
2007 5643 2092 5696 hi-

624 5762 668 5792 “
700 5761 741 5836 Γ.
771 5761 868 5830 τῷ.
975 5765 1020 5836 '_°
1057 5779 1144 5829 γῇ.
1169 5764 1512 5836 ὑπερϐαῖιόν.
1593 5766 1646 5836 _"
1688 5783 1777 5833 γρ.
1825 5763 2052 5836 μυρίων.

520 5829 566 5859 ⁵*
601 5847 685 5898 γορ.
722 5831 1170 5900 ὑπεροικοῦντων.

2196 4729 2357 4782 Ὅθεν
2409 4727 2814 4796 ψευδοδοξοῦσιν
2874 4729 2924 4780 οἱ
2982 4729 3295 4799 νομίζοντες
3361 4732 3454 4785 τὸν
3518 4735 3770 4788 Ὠκεανὸν

2194 4819 2561 4890 ὑποκεχύσθαι
2603 4820 2804 4890 μεταξὺ
2849 4819 2959 4873 τῶν
3003 4822 3300 4892 τροπικῶν.
3346 4823 3440 4876 Ἐκ
3478 4824 3536 4878 δὲ
3564 4827 3771 4882 τούτων

2196 4913 2447 4983 φανερὸν,
2481 4913 2566 4965 ὅτι
2599 4905 2692 4965 καὶ
2725 4911 2786 4964 τὸ
2815 4910 3191 4982 δοξαζόμενον,
3221 4914 3303 4966 ὅτι
3333 4915 3586 4986 ἀοίκητός
3623 4921 3771 4973 ἐστιν

2195 5009 2228 5078 ἠ
2263 5006 2461 5075 μεταξὺ
2506 5006 2614 5059 τῶν
2648 5005 2924 5077 τροπικῶν
2958 5005 3185 5076 κειμένη
3219 5007 3371 5080 χώρα
3414 5009 3502 5064 διὰ
3534 5011 3632 5083 τὴν
3675 5011 3770 5066 τοῦ

2196 5099 2474 5170 καύματος
2524 5098 2868 5168 ὑπερϐολὴν,
2923 5099 3017 5152 καὶ
3068 5098 3301 5169 μάλιστα
3345 5101 3378 5171 ή
3420 5102 3547 5172 περὶ
3600 5104 3772 5175 μέσην

2195 5191 2293 5262 τὴν
2322 5190 2756 5260 διακεκαυμένην
2785 5188 2982 5260 ζώνην,
3011 5190 3202 5258 ψεῦδός
3236 5193 3403 5245 ἐστιν.
3434 5195 3496 5246 Οἱ
3532 5195 3630 5264 μὲν
3663 5197 3773 5267 γὰρ

2197 5283 2265 5335 τὰ
2305 5281 2518 5353 πέρατα
2561 5281 2660 5350 τῆς
2701 5279 3138 5352 διακεκαυμένης
3168 5281 3345 5353 ζώνης
3371 5282 3644 5348 οἰκοῦντες
3674 5288 3773 5337 Al-

2198 5371 2382 5434 θίοπές
2420 5373 2524 5424 είσι
2569 5369 2710 5424 κατὰ
2761 5371 3002 5441 κορυφὴν
3045 5371 3261 5439 ἔχοντες
3303 5374 3360 5425 έν
3392 5376 3511 5436 ταῖς
3541 5377 3772 5445 τροπαῖς

2197 5466 2286 5517 τὸν
2319 5464 2492 5534 ἥλιον.
2523 5463 2626 5515 Δύο
2664 5462 2772 5535 γάρ
2815 5462 3100 5524 Αἰθιοπίας
3125 5464 3190 5533 τῇ
3232 5462 3391 5530 φύσει
3433 5463 3773 5535 ὑποληπτέον

2199 5555 2485 5626 ὑπάρχειν,
2536 5554 2663 5627 περί
2713 5571 2772 5606 τε
2818 5553 2909 5606 τὸν
2954 5552 3165 5624 θερινὸν
3193 5554 3460 5624 ,τροπικὸν
3505 5555 3596 5608 τὸν
3642 5558 3772 5627 παρ’

2200 5648 2331 5717 ἡμῖν
2370 5647 2569 5701 κύκλον
2612 5645 3030 5717 περιοικούντων
3075 5647 3120 5678 ⁵³
3161 5647 3454 5715 Αἰθιόπων,
3497 5649 3593 5702 καὶ
3646 5652 3775 5720 περὶ

2171 5765 2216 5797 ³³
2245 5783 2338 5836 γρ.
2372 5765 2440 5838 ,β.
2471 5766 2544 5822 αι.
2579 5765 2708 5838 ,βωκ
2751 5762 2848 5820 His
2883 5780 2990 5821 non
3021 5765 3318 5821 concordat
3352 5765 3532 5822 versio
3557 5763 3777 5827 Latina.
