4124 6400
349 378 445 434 8M
521 412 534 419 -

1340 377 1574 434 GEMINI
1611 378 1986 434 ELEMENTA
2021 377 2514 436 ASTRONOMUE.

3464 383 3570 440 842

346 497 438 548 τὸν
469 495 600 564 ἡμῖν
643 493 741 563 μὲν
773 490 1078 562 χειμερινὸν
1115 493 1390 561 τροπικὴν,
1423 496 1537 557 τοῖς
1577 495 1632 548 δὲ
1663 495 1913 548 άντίποσι

2023 495 2252 559 bernus,
2317 494 2664 566 antipodibus
2715 509 2844 549 vero
2903 496 3165 552 estivus.
3225 495 3336 551 Hoc
3399 505 3578 552 autem

349 587 578 658 θερινόν.
609 585 776 638 Τοῦτο
804 584 860 638 δέ
891 600 1021 654 φησι
1061 584 1282 657 Κράτης
1316 586 1410 638 καὶ
1437 586 1527 638 τὸν
1554 587 1799 658 Ὅμηρον
1829 585 1916 638 λέ-

348 694 464 745 γειν
505 676 562 728 ἐν
589 671 670 738 οἷς
697 691 858 745 φησιν
880 690 893 702 ο
1827 699 1833 708 .

347 788 642 852 Αἰθίοπες,
686 785 773 839 τοὶ
801 783 974 854 διχθὰ
1015 783 1335 850 δεδαίαται,
1367 786 1611 854 ἔσχατοι
1632 783 1868 852 ἀνδρῶν
1893 801 1906 814 ·

352 927 416 978 Ol
447 921 564 993 μὲν
607 920 988 992 δυσσομέννου
1032 921 1392 990 Ὑπερίονος,
1439 923 1493 973 οὶ
1521 921 1573 972 δ’
1615 921 1911 984 ἀνιόντος.

348 1105 572 1177 κράτης
625 1103 723 1174 μὲν
774 1097 888 1164 οὗν,
925 1099 1382 1170 παραδοξολογῶνν
1421 1099 1487 1153 τὰ
1531 1101 1618 1168 ὑφ’
1676 1099 1913 1170 Ὁμήρου

350 1196 627 1269 ἀρχαϊκῶς
682 1196 775 1248 καὶ
825 1193 1006 1258 ἰδικῶς
1048 1193 1310 1266 εἰρημένα
1355 1193 1581 1263 μετάγει
1626 1193 1760 1264 πρὸς
1815 1193 1915 1263 τὴν

350 1291 470 1343 κατ’
517 1288 771 1359 ἀλήθειαν
816 1285 1213 1358 σφαιροποιίαν.
1251 1286 1496 1356 ’Όμηρος
1538 1285 1634 1356 μὲν
1667 1285 1776 1356 γάρ
1822 1285 1917 1338 καὶ

349 1384 400 1435 οἱ
448 1382 662 1454 ἀρχαῖοι
694 1379 914 1449 ποιηταὶ
954 1377 1159 1448 σχεδὸν,
1199 1377 1274 1440 ὼς
1322 1379 1515 1441 εἰπεῖν,
1552 1377 1748 1438 πάντες
1795 1376 1916 1427 ἐπί-

351 1473 508 1526 πεδον
535 1473 854 1541 ὑφίστανται
877 1469 973 1542 τὴν
996 1472 1121 1542 γῆν,
1146 1469 1240 1522 καί
1267 1470 1590 1522 συνάπτουσι
1622 1467 1700 1538 τῷ
1730 1468 1918 1538 κόσμῳ

349 1566 444 1619 καί
475 1565 658 1633 κύκλῳ
691 1563 781 1617 τὸν
822 1563 1070 1614 Ὠκεανὸν
1103 1562 1504 1632 περικείμενον,
1537 1560 1634 1613 καὶ
1679 1560 1777 1629 τὴν
1823 1558 1919 1611 τοῖ’)

347 1657 620 1728 ὁρίζοντος
653 1655 916 1724 ἐπέχοντα
958 1651 1129 1717 τάξιν,
1173 1653 1266 1706 καὶ
1292 1651 1389 1714 τὰς
1419 1650 1680 1713 ἀνατολάς
1713 1651 1778 1703 ὲκ
1823 1648 1918 1702 τοῦ

361 1747 636 1811 Ὠκεανοῦ,
683 1747 776 1800 καί
817 1746 915 1809 τὰς
958 1744 1137 1808 δύσεις
1178 1747 1256 1808 εἰς
1298 1744 1388 1797 τὸν
1433 1742 1719 1797 Ὠκεανόν*
1775 1740 1918 1794 ὥστε

2015 585 2204 642 Crates
2241 587 2614 656 inquinetiam
2647 585 2941 642 Homerum
2991 588 3174 644 dicere
3221 590 3277 642 in
3321 589 3430 654 his,
3485 591 3576 645 ubi

2015 676 2089 731 ait
2120 697 2132 731 :

2085 789 2380 860 ΑΞεΙιὶορεδ,
2417 792 2505 860 qui
2532 791 2783 860 bifariam
2811 793 2967 847 divisi
3001 802 3146 858 sunt,
3181 794 3406 849 extremi
3439 793 3583 848 viro-

2087 930 2195 984 ΑΙίὶ
2238 931 2446 1000 quidem
2482 929 2550 985 ad
2597 931 2911 985 occidentem
2961 935 3161 998 solem,
3206 933 3302 987 alii
3350 880 3582 988 verbum;

3307 1006 3578 1058 orientem.

2015 1109 2204 1165 Crates
2265 1110 2450 1182 igitur,
2485 1127 2610 1166 cum
2657 1113 2892 1168 absurda
2925 1115 3198 1185 loquatur,
3257 1130 3320 1169 ea
3357 1130 3479 1185 quae
3512 1115 3582 1170 ab

2018 1199 2251 1256 Homero
2286 1203 2457 1257 veteri
2528 1210 2581 1258 et
2620 1205 2841 1274 pr0prio
2870 1221 3018 1260 more
3040 1214 3168 1261 sunt
3199 1205 3364 1270 dicta,
3399 1215 3582 1262 trans-

2020 1290 2122 1345 fert
2154 1292 2221 1345 ad
2243 1307 2424 1346 veram
2451 1293 2673 1362 sphaerae
2690 1294 3088 1350 formationem.
3114 1293 3378 1351 Homerus
3409 1297 3576 1361 enim,

2019 1390 2072 1438 et
2105 1392 2316 1438 veteres
2341 1392 2514 1454 poetae
2541 1384 2675 1449 fere,
2705 1393 2763 1438 ut
2793 1387 3108 1440 summatim
3137 1377 3338 1451 dicam,
3367 1403 3578 1452 omnes,

2021 1475 2235 1545 planam
2293 1479 2636 1530 constituunt
2700 1486 2938 1544 terram,
3001 1491 3056 1532 et
3084 1494 3203 1533 eam
3255 1488 3582 1535 convertunt

2021 1566 2242 1620 mundo.
2299 1567 2606 1632 Quinetiam
2643 1569 2852 1639 ﬁngunt
2912 1571 2967 1624 in
3022 1570 3256 1624 circuitu
3304 1570 3580 1626 Oceanum

2021 1659 2438 1724 circumfusum,
2486 1669 2540 1716 et
2579 1663 2866 1718 habentem
2908 1665 3176 1719 rationem
3229 1665 3578 1721 horizontis:

2022 1751 2090 1804 ad
2139 1752 2252 1806 haec
2295 1763 2446 1808 ortus
2491 1771 2559 1808 ex
2593 1754 2809 1810 Oceano
2865 1763 2918 1811 et
2947 1771 3177 1813 occasus
3221 1757 3275 1810 in
3305 1756 3581 1813 Oceanum

348 1843 476 1904 τοὺς
502 1838 896 1911 πλησιάζοντας
925 1841 988 1909 τῇ
1016 1837 1247 1907 ἀνατολῇ
1273 1837 1366 1890 καὶ
1387 1839 1453 1908 τῇ
1483 1835 1630 1890 δύσει
1653 1834 1918 1898 Αἰθίοπας

2023 1843 2154 1899 fieri.
2220 1846 2406 1920 itaque
2435 1848 2745 1920 Aithiopas,
2789 1852 2881 1921 qui
2927 1859 3084 1907 erant
3113 1852 3405 1924 propinqui
3434 1855 3583 1908 ortui

352 1932 734 2002 ὑπελάμϐανον
767 1929 1008 1997 γίνεσθαι
1032 1926 1454 1996 καταιθομένους
1487 1925 1589 1978 ὑπὸ
1621 1924 1714 1978 τοῦ
1743 1924 1915 1995 ἡλίου.

350 2024 498 2095 Αὒτη
552 2023 609 2076 δὲ
657 2024 689 2091 ἡ
731 2019 997 2091 πρόληψις
1039 2021 1105 2090 τῇ
1163 2017 1260 2088 μὲν
1312 2016 1643 2088 προκειμένῃ
1682 2014 1920 2078 διατάξει

352 2116 644 2178 ἀκόλουθός
667 2117 803 2180 ἐστι,
832 2113 931 2183 τῆς
957 2112 1014 2164 δὲ
1047 2110 1189 2163 κατὰ
1218 2108 1376 2178 φύσιν
1420 2106 1797 2179 σφαιροποιίας
1823 2106 1918 2159 άλ-

350 2207 558 2280 λοτρία.
598 2208 662 2258 Ἡ
696 2205 804 2276 γὰρ
847 2205 918 2273 γῆ
955 2203 1092 2274 μέση
1126 2205 1300 2254 κεῖται
1342 2198 1435 2251 τοῦ
1487 2201 1798 2267 σύμπαντος
1827 2197 1920 2249 κό-

352 2317 518 2370 σμου,
550 2297 776 2368 σημείου
807 2295 958 2362 τάξιν
998 2294 1266 2363 ἐπέχουσα
1289 2309 1302 2322 ·
1331 2293 1386 2343 αἰ
1431 2290 1486 2342 δὲ
1525 2288 1780 2342 ἀνατολαὶ
1824 2287 1920 2340 τοῦ

351 2392 504 2464 ἡλίου
532 2390 772 2459 γίνονται
803 2389 895 2440 καὶ
923 2388 978 2439 αἱ
1008 2385 1186 2448 δύσεις
1223 2387 1286 2437 ἐκ
1325 2381 1419 2436 τοῦ
1448 2382 1663 2454 αἰθέρος
1706 2382 1800 2434 καὶ
1842 2383 1921 2444 εἰς

351 2484 444 2538 τὸν
473 2482 685 2552 αἰθέρα,
707 2481 792 2534 διὰ
821 2478 1020 2541 παντὸς
1055 2475 1146 2530 τοῦ
1175 2476 1326 2546 ἡλίου
1362 2475 1475 2527 ἴσον
1503 2473 1796 2542 ἀπέχοντος
1825 2471 1921 2541 τῆς

352 2579 475 2646 γῆς.
506 2574 664 2629 Ὅθεν
689 2573 744 2628 αἰ
773 2573 869 2643 μὲν
892 2568 1282 2641 προειρημέναι
1321 2564 1595 2619 Αἰθιοπίαι
1622 2563 1923 2633 άδιανόητοί

350 2670 527 2723 εἰσιν·
562 2669 618 2720 αἰ
661 2667 718 2719 δὲ
763 2665 866 2718 ὑπὸ
893 2664 1018 2725 τοὺς
1056 2664 1113 2714 ὲν
1143 2660 1221 2731 τῷ
1263 2661 1450 2730 κόσμῳ
1484 2659 1776 2730 τροπικοὺς
1810 2655 1923 2710 κεί-

358 2777 540 2831 μεναι,
570 2757 767 2819 αἵτινες
809 2755 1141 2827 ὑπάρχουσιν
1181 2752 1272 2804 ἐπὶ
1317 2752 1384 2804 τὰ
1424 2751 1636 2822 πέρατα
1662 2749 1769 2804 τῶν
1807 2749 1924 2803 δια·

353 2850 708 2921 κεκαυμένων
738 2848 941 2912 ζωνῶν,
985 2846 1122 2899 κατὰ
1163 2846 1322 2914 φύσιν
1355 2843 1584 2915 ἔχουσιν.
1632 2843 1705 2896 υὺ
1741 2843 1922 2913 μέντοι

352 2961 418 3012 γε
466 2940 800 3010 ὑποληπτέον
848 2939 1099 3008 ἀοίκητον
1150 2932 1288 2989 εἶναι
1339 2935 1437 3005 τὴν
1492 2933 1922 3006 διακεκαυμένην

353 3035 552 3105 ζώνην.
589 3033 727 3103 Ἤδη
755 3032 862 3102 γὰρ
890 3032 979 3083 ἐπὶ
1009 3029 1234 3092 πολλοὺς
1264 3027 1458 3090 τόπους
1489 3027 1587 3097 τῆς
1621 3026 1794 3097 ζώνης
1825 3026 1925 3096 τῆς

352 3125 784 3196 διακεκαυμένης
819 3121 1103 3194 ἐληλύθασί
1135 3138 1298 3185 τινες,
1347 3121 1438 3174 καὶ
1482 3119 1549 3173 τά
1592 3120 1814 3173 πλεῖστα
1842 3121 1915 3172 οἰ-

353 3215 563 3287 κὴσιμα
602 3211 848 3284 εὕρηται.

425 3305 589 3358 Ὅθεν
631 3305 725 3358 καί
758 3304 998 3374 ζητεῖται
1029 3303 1179 3376 παρὰ
1209 3301 1444 3368 πολλοῖς,
1481 3303 1527 3354 εἰ
1558 3301 1627 3354 τά
1671 3301 1798 3374 περί
1828 3300 1923 3372 μέ-

353 3414 457 3469 σην
499 3396 597 3468 τὴν
644 3395 1075 3467 διακεκαυμένην
1122 3393 1527 3465 οἰκησιμώτερα
1561 3393 1759 3464 μᾶλλόν
1805 3394 1923 3445 ἐστι

351 3487 462 3542 τῶν
487 3487 614 3559 περί
635 3487 704 3540 τὰ
737 3487 946 3558 πέρατα
971 3488 1070 3557 τῆς
1095 3485 1528 3556 διακεκαυμένης
1547 3484 1721 3555 ζώνης
1745 3484 1923 3556 ὑπαρ-

351 3581 561 3654 χουσῶν
585 3580 868 3650 οἰκήσεων.
898 3578 1156 3641 Πολύϐιος
1193 3573 1285 3631 οὑν
1318 3580 1346 3630 ὁ
1383 3577 1796 3647 ἱστοριογράφος
1833 3593 1926 3628 περ

351 3673 772 3746 πραγμάτευται
816 3672 1052 3743 βιϐλίον,
1101 3671 1128 3724 ὃ
1174 3671 1483 3741 ἐπιγραφὴν
1532 3669 1676 3739 ἔχει’
1719 3687 1737 3720 ι
1787 3669 1924 3740 Περὶ

351 3767 452 3840 τῆς
484 3767 612 3840 περὶ
649 3766 737 3819 τὸν
766 3764 1074 3836 ἰσημερινὸν
1117 3763 1414 3835 οἰκήσεωςο
1460 3781 1479 3814 ι
1515 3761 1649 3834 αὕτη
1692 3761 1749 3815 δέ
1778 3764 1924 3816 ἐστιν

350 3859 412 3912 ὲν
469 3859 607 3932 μέσῃ
669 3862 735 3930 τῇ
794 3857 1192 3928 διακεκαυμένη
1245 3855 1424 3926 ζώνῃο
1479 3855 1573 3910 καί
1627 3872 1791 3927 φησιν
1847 3856 1924 3908 οἰ-

351 3951 567 4006 κεῖσθαι
614 3951 740 4014 τοὺς
765 3951 996 4014 τόπους,
1049 3949 1142 4002 καὶ
1175 3948 1575 4018 εὑκρατοτέραν
1624 3947 1768 4017 ἔχειν
1828 3945 1926 4018 τὴν

351 4045 566 4116 οἴκησιν
591 4043 699 4096 τῶν
733 4043 862 4114 περὶ
902 4041 971 4094 τά
1003 4041 1213 4112 πέρατα
1241 4041 1334 4111 τῆς
1362 4039 1796 4110 διακεκαυμένης
1821 4037 1926 4102 ζώ-

350 4152 452 4206 νης
481 4134 802 4188 οἰκούντων·
843 4135 936 4187 καὶ
967 4131 1003 4186 ὃ.
1049 4132 1146 4203 μὲν
1187 4132 1422 4204 ἱστορίας
1451 4132 1604 4201 φέρει
1647 4129 1755 4184 τῶν
1793 4147 1926 4184 κατ-

349 4227 711 4282 ωπτευκὸτων
785 4225 884 4289 τὰς
936 4226 1206 4296 οἰκήσεις,
1256 4224 1350 4278 καὶ
1405 4220 1924 4295 ἐπιμαρτυρούντων

349 4321 466 4382 τοῖς
494 4315 836 4388 φαινομένοις
856 4335 870 4349 ⁸
900 4316 936 4372 ἃ
962 4318 1019 4370 δὲ
1049 4315 1412 4384 ὲπιλογίζεται
1445 4317 1537 4368 ἐπὶ
1564 4316 1662 4385 τῆς
1688 4314 1926 4386 φυσικῆς

351 4413 483 4485 περὶ
513 4412 604 4465 τὸν
630 4411 780 4483 ἡλιον
820 4410 1166 4480 ὑπαρχούσης
1204 4407 1489 4478 κινήσεως.
1547 4406 1606 4460 'O
1633 4405 1740 4477 γὰρ
1774 4405 1925 4476 ἥλιος

351 4504 484 4573 περὶ
517 4501 614 4572 μὲν
663 4502 791 4564 τοὺς
833 4500 1126 4572 τροπικοὺς
1173 4498 1405 4562 κύκλους
1453 4497 1620 4550 πολὺν
1671 4496 1920 4567 ἐπιμένει

350 4593 545 4666 χρόνον
590 4591 732 4668 κατά
779 4591 878 4662 τὴν
921 4589 1152 4662 πάροδον
1195 4587 1242 4622 ³⁸
1273 4589 1370 4660 τὴν
1403 4588 1540 4660 πρὸς
1569 4588 1786 4652 αὑτοὺς,
1826 4587 1920 4642 καὶ

350 4685 452 4757 τὴν
489 4682 839 4756 ἀποχώρησιν
863 4700 877 4714 σ
913 4681 1052 4736 ὥστε
1098 4682 1284 4752 σχεδὸν
1328 4681 1412 4751 ἐφ’
1435 4679 1644 4752 ἡμέρας
1679 4685 1732 4751 μ’
1771 4679 1922 4751 μένει

351 4777 493 4848 πρὸς
526 4775 775 4847 αἴσθησιν
823 4775 916 4828 ἐπὶ
947 4772 1220 4843 τροπικῶν
1261 4772 1506 4825 κύκλωνο
1541 4771 1608 4824 δι’
1637 4771 1702 4842 ἢν
1743 4769 1922 4824 αἰτίαν

348 4867 423 4922 τὰ
465 4865 669 4938 μεγέθη
700 4865 809 4920 τῶν
837 4864 1058 4937 ἡμερῶν
1085 4863 1272 4933 σχεδὸν
1302 4863 1386 4932 ἐφ’
1411 4861 1625 4934 ἡμέρας
1657 4867 1712 4932 μ’
1744 4860 1921 4914 ταύτὰ

349 4958 592 5030 διαμένει
619 4975 633 4989 ’
668 4956 809 5020 ὅθεν,
859 4954 1122 5027 ἐπιμονῆς
1147 4949 1432 5025 γινομένης
1473 4952 1610 5024 πρὸς
1641 4950 1740 5016 τὰς
1766 4952 1921 5022 οἰκή-

352 5066 468 5114 σεις
515 5048 615 5114 τὰς
658 5049 916 5119 κειμένας
943 5048 1047 5102 ὑπὸ
1071 5047 1197 5110 τοὺς
1221 5045 1534 5118 τροπικοὺς,
1562 5043 1774 5115 ἀνάγκη
1818 5045 1920 5096 ὲκ-

353 5139 660 5213 πυροῦσθαι
707 5140 804 5211 τὴν
846 5138 1078 5211 οἴκησιν,
1114 5139 1205 5191 καὶ
1239 5137 1490 5208 ἀοίκητον
1538 5135 1782 5202 γίνεσθαι
1830 5135 1920 5191 διὰ

350 5233 451 5306 τὴν
482 5231 577 5287 τοῦ
602 5233 882 5304 καύματος
911 5231 1234 5304 ὑπερϐολήν.
1296 5231 1428 5284 Ἀπὸ
1454 5231 1510 5284 δὲ
1537 5231 1632 5283 τοῦ
1672 5234 1922 5302 ἰσημερι-

351 5322 448 5377 νοῦ
483 5322 684 5377 κύκλου
725 5323 944 5395 ταχείας
985 5321 1266 5392 συμϐαίνει
1300 5321 1396 5385 τὰς
1429 5322 1810 5393 ἀποχωρήσεις
1838 5320 1924 5390 γί-

350 5416 571 5472 νεσθαι·
616 5415 736 5470 ὅθεν
779 5417 873 5470 καὶ
905 5415 973 5468 τὰ
1011 5414 1210 5486 μεγέθη
1237 5414 1343 5466 τῶν
1380 5413 1605 5484 ἡμερῶν
1653 5413 1781 5483 περὶ
1824 5411 1924 5474 τὰς

355 5508 647 5578 ἰσημερίας
679 5507 920 5578 μεγάλας
953 5507 1215 5577 λαμϐάνει
1249 5505 1348 5568 τὰς
1379 5503 1770 5575 παραυξὴσεις.
1817 5501 1922 5556 Εὕ-

351 5600 510 5670 λογον
542 5597 635 5654 οὖν
678 5609 773 5654 και
802 5602 901 5664 τὰς
939 5600 1041 5653 ὑπὸ
1066 5600 1157 5652 τὸν
1202 5598 1511 5669 ἰσημερινὸν
1548 5595 1804 5669 κειμένας
1848 5595 1925 5650 οξ-

429 5755 476 5786 "
501 5772 590 5824 τι).
631 5753 908 5826 πρόσοδον.

678 5852 951 5911 ΡΑτιιοι.
992 5850 1110 5912 Gn.
1168 5851 1340 5914 XIX;

2019 1946 2072 1992 et
2113 1941 2356 2008 occasui,
2403 1943 2669 2012 putabant
2709 1945 2954 1998 comburi
2989 1960 3018 1998 a
3056 1948 3189 2002 sole.
3247 1945 3371 2001 Haec
3399 1955 3580 2003 autem

2018 2032 2203 2100 opinio
2231 2039 2524 2104 propositae
2552 2037 2771 2105 quidem
2801 2037 3149 2106 dispositioni
3178 2053 3418 2110 congrua
3454 2047 3582 2107 est;

2019 2125 2114 2178 sed
2149 2141 2178 2178 a
2205 2142 2332 2180 vera
2367 2130 2708 2198 naturalique
2750 2129 2973 2198 sphaerae
3000 2129 3325 2184 formatione
3353 2137 3434 2185 est
3453 2131 3583 2185 alie-

2019 2230 2108 2268 na.
2171 2216 2339 2272 Terra
2381 2219 2524 2272 enim
2553 2221 2610 2274 in
2636 2220 2814 2275 medio
2855 2223 3075 2290 ponitur
3107 2222 3345 2276 universi
3368 2223 3580 2288 mundi,

2019 2309 2290 2380 habetque
2317 2313 2501 2381 puncti
2528 2313 2814 2368 rationem.
2851 2312 3020 2368 Ortus
3046 2329 3176 2369 vero
3212 2313 3346 2369 solis
3396 2322 3448 2368 et
3497 2329 3587 2370 oc-

2020 2419 2183 2461 casus
2201 2404 2334 2459 ﬁunt
2361 2421 2428 2460 ex
2453 2407 2676 2472 aethere,
2721 2415 2775 2462 et
2823 2407 2879 2462 in
2926 2411 3146 2475 aethere,
3173 2421 3298 2462 cum
3331 2407 3414 2463 sol
3440 2423 3585 2463 sem-

2021 2510 2118 2564 per
2140 2496 2419 2564 aequaliter
2447 2497 2611 2552 distet
2639 2514 2668 2552 a
2702 2507 2865 2553 terra.
2895 2499 3049 2556 Unde
3077 2501 3349 2570 praedicta:
3377 2500 3586 2557 Ethio-

2021 2587 2123 2656 piae
2147 2603 2254 2642 non
2287 2597 2416 2642 sunt
2445 2589 2781 2656 cogitandaez
2811 2607 2930 2662 quae
2951 2608 3079 2648 vero
3110 2593 3301 2663 positae
3331 2601 3460 2650 sunt
3479 2595 3586 2650 sub

2021 2680 2250 2750 tropicis
2277 2682 2484 2746 mundi,
2516 2698 2746 2754 quaeque
2773 2691 2898 2740 sunt
2925 2686 2980 2740 in
3009 2688 3448 2743 extremitatibus
3477 2695 3587 2743 tor-

2021 2771 2263 2825 ridarum
2297 2787 2583 2840 zonarum,
2627 2781 2754 2828 sunt
2800 2775 3099 2830 secundum
3147 2784 3422 2833 naturam.
3480 2776 3587 2834 Ve-

2022 2869 2330 2918 rumtamen
2361 2879 2473 2918 non
2511 2871 2596 2919 est
2633 2865 2978 2935 cogitandum
3026 2865 3430 2922 inbabitabilem
3463 2883 3584 2923 esse

2024 2971 2218 3010 zonam
2270 2956 2554 3010 torridam.
2603 2956 2724 3010 Jam
2771 2957 2915 3013 enim
2963 2957 3031 3012 ad
3084 2958 3254 3012 multa
3283 2959 3403 3012 loca
3436 2973 3585 3013 zona:

2025 3047 2246 3101 torridas
2283 3056 2546 3103 venerunt
2588 3048 2775 3120 aliqui,
2833 3056 2887 3104 et
2913 3049 3147 3119 plurima
3199 3050 3317 3105 loca
3365 3051 3584 3104 inventa

2025 3144 2152 3192 sunt
2189 3137 2523 3193 habitabilia.

2099 3315 2250 3372 Unde
2281 3317 2444 3372 etiam
2471 3317 2732 3388 quaeritur
2755 3331 2786 3371 a
2809 3316 3016 3382 multis,
3053 3332 3122 3371 an
3146 3319 3262 3374 loca
3300 3317 3446 3373 circa
3472 3333 3589 3373 me-

2025 3405 2168 3460 diam
2197 3407 2454 3461 torridam
2484 3423 2675 3462 zonam
2717 3409 2828 3463 sint
2867 3409 3037 3479 magis
3063 3408 3397 3476 habitabilia,
3422 3424 3586 3480 quam

2025 3497 2393 3551 habitationes
2434 3513 2554 3566 quae
2593 3500 2864 3554 exsistunt
2899 3501 3045 3554 circa
3079 3501 3450 3556 extremitates
3481 3510 3589 3554 tor-

2025 3587 2158 3642 ridae
2182 3603 2350 3642 zonae.
2377 3588 2634 3660 Polybius
2657 3592 2819 3660 igitur
2848 3591 3142 3645 historicus
3173 3591 3498 3659 conscripsit
3522 3590 3588 3643 li-

2024 3678 2182 3732 brum
2226 3679 2320 3748 qui
2362 3679 2702 3747 inscribitur,
2767 3680 2844 3735 De
2898 3680 3219 3736 habitatione
3249 3683 3393 3735 circa
3428 3683 3590 3747 α·αυί-

2026 3766 2326 3821 noctialem.
2384 3766 2511 3823 Hmc
2558 3778 2735 3825 autem
2785 3778 2870 3826 est
2903 3771 2959 3825 in
2991 3771 3167 3826 media
3194 3772 3396 3827 torrida
3427 3787 3586 3852 zona;

2025 3865 2187 3928 atque
2235 3858 2414 3928 inquit
2460 3860 2691 3915 habitari
2737 3861 2851 3916 haec
2887 3863 3028 3926 loca,
3085 3870 3140 3918 et
3168 3863 3367 3918 habere
3415 3864 3591 3938 magis

2025 3957 2379 4020 temperatam
2407 3952 2820 4020 habitationem,
2843 3970 3004 4025 quam
3037 3955 3237 4011 habent
3259 3957 3293 4010 ii
3325 3957 3415 4027 qui
3445 3958 3592 4012 circa

2024 4045 2397 4099 extremitates
2431 4046 2650 4100 torridte
2675 4061 2827 4101 zonae
2867 4047 3118 4103 habitant
3150 4065 3162 4100 :
3195 4063 3258 4103 ac
3287 4051 3480 4119 partim
3514 4049 3594 4104 hi-

2025 4135 2226 4189 storias
2259 4134 2413 4190 aﬂ‘ert
2442 4152 2629 4190 eorum
2688 4140 2782 4208 qui
2810 4140 3054 4193 viderant
3079 4140 3176 4194 has
3206 4140 3588 4205 habitationes,

2024 4235 2078 4282 et
2098 4227 2321 4296 insuper
2350 4229 2716 4283 testimonium
2747 4230 3057 4298 przebebant
3080 4234 3432 4301 apparentiis;
3465 4249 3591 4303 ραι-ι

2024 4317 2119 4370 tim
2154 4319 2514 4372 ratiocinatur
2547 4333 2614 4372 ex
2646 4320 2878 4373 naturali
2910 4321 3040 4375 solis
3073 4332 3241 4377 motu.
3298 4319 3392 4376 Sol
3444 4323 3589 4377 enim

2025 4409 2171 4462 circa
2202 4408 2441 4477 trapicos
2469 4407 2706 4463 circulos
2730 4409 2889 4479 longo
2925 4420 3300 4464 commoratur
3324 4419 3590 4480 tempore,

2025 4498 2326 4554 secundum
2370 4513 2653 4555 accessum
2689 4499 2755 4553 ad
2786 4503 2903 4563 eos,
2937 4508 2989 4554 et
3018 4501 3343 4568 discessum,
3384 4511 3442 4556 ut
3483 4503 3594 4558 fere

2029 4587 2094 4643 ad
2155 4590 2273 4646 dies
2324 4590 2681 4662 quadraginta
2712 4592 2818 4662 32
2850 4600 3087 4658 maneat,
3133 4593 3312 4664 quoad
3345 4609 3590 4661 sensum,

2028 4677 2084 4732 in
2129 4678 2356 4748 tropicis
2401 4680 2643 4736 circulis.
2692 4679 2865 4747 Quam
2905 4681 2976 4735 ob
3013 4695 3235 4738 causam
3267 4683 3597 4754 magnitudi-

2027 4782 2125 4823 nes
2155 4768 2365 4823 dierum
2410 4770 2523 4826 fere
2551 4770 2618 4825 ad
2645 4770 2761 4828 dies
2793 4771 2863 4826 40
2902 4780 3123 4828 manent
3156 4772 3377 4828 eaedem.
3437 4773 3595 4830 Unde

2029 4875 2152 4915 cum
2200 4877 2350 4918 mora
2378 4862 2472 4918 ﬁat
2501 4861 2568 4918 ad
2608 4863 2729 4918 illas
2780 4863 3144 4921 habitationes
3174 4879 3294 4936 qua:
3317 4864 3437 4920 sitae
3465 4873 3596 4921 sunt

2032 4952 2135 5007 sub
2177 4955 2426 5024 tropicis,
2469 4969 2696 5010 necesse
2737 4964 2821 5011 est
2871 4963 2932 5009 ut
2960 4956 3156 5022 ardpre
3176 4963 3451 5012 torreatur
3479 4955 3595 5011 haec

2029 5043 2313 5107 habitatio,
2347 5055 2511 5116 atque
2542 5045 2914 5101 inhabitabilis
2946 5045 3037 5102 ﬁat
3075 5055 3297 5120 propter
3324 5055 3490 5104 astus
3509 5063 3598 5103 ex-

2029 5151 2266 5192 cessum.
2319 5137 2390 5190 At
2428 5137 2497 5192 ab
2527 5139 2890 5208 aequinoctiali
2925 5140 3131 5195 circulo
3156 5140 3424 5211 contingit
3449 5139 3599 5195 velo-

2029 5242 2122 5282 ces
2150 5228 2264 5281 ﬁeri
2293 5227 2568 5284 discessus
2597 5248 2609 5283 :
2656 5229 2800 5284 unde
2825 5229 2989 5283 etiam
3020 5229 3424 5300 magnitudines
3474 5228 3594 5283 die-

2022 5334 2147 5374 rum
2197 5320 2344 5375 circa
2395 5321 2719 5390 aequinoctia
2751 5336 2944 5391 magna
2967 5321 3189 5390 capiunt
3231 5319 3590 5373 incrementa.

2023 5411 2467 5467 Consentaneum
2516 5414 2794 5483 estigitur
2843 5428 2938 5469 cas
2983 5414 3144 5468 etiam
3203 5411 3590 5473 habitationes,

2023 5515 2147 5573 quae
2179 5508 2306 5558 sunt
2335 5502 2452 5556 sita:
2477 5502 2579 5556 sub
2607 5503 2998 5573 aequinoctiali,
3027 5504 3201 5576 magis
3231 5517 3354 5558 esse
3379 5509 3584 5572 tempe-

2025 5603 2213 5664 ratas;
2239 5609 2363 5651 cum
2392 5594 2646 5652 ascensio
2675 5597 2892 5667 quidem
2927 5596 3018 5652 ﬁat
3051 5612 3217 5654 super
3249 5601 3450 5650 nuncto
3478 5610 3595 5648 ver-

3244 5846 3324 5908 27
