4116 6400
544 399 651 455 8ῑῦ

1533 381 1621 436 AD
1665 374 1928 434 EUSEBII
1967 369 2364 431 CHRONICON
2404 368 2775 426 APPENDlX.

3669 365 3776 423 845

542 515 714 577 ticali,
741 512 996 567 velociter
1020 519 1196 564 tamen
1226 507 1306 562 sol
1337 503 1578 560 recedat.
1619 498 1820 554 Omnes
1843 495 1983 550 enim
2011 491 2106 561 qui

2209 493 2396 560 κήσεις
2440 488 2838 560 εὑκρατοτέρας
2888 488 3172 558 ὑπάρχειν,
3204 484 3455 556 ἐπιτολῆς
3501 483 3599 554 μὲν
3631 501 3775 553 γινο-

545 613 688 668 inter
713 607 955 676 trepicos
995 603 1229 658 circulos
1263 599 1530 655 habitant,
1567 593 1633 648 ad
1665 602 1947 646 accessura
1976 583 2109 639 solis

545 709 796 768 similiter
825 712 952 762 sunt
977 698 1226 756 collocati
1266 713 1279 749 :
1323 696 1369 750 is
1396 701 1576 746 tamen
1607 684 1945 757 longioribus
1975 689 2110 732 tem-

546 801 770 872 poribus
816 795 959 865 apud
1003 807 1097 847 eos
1129 791 1523 848 commoratur,
1563 780 1655 850 qui
1690 779 1835 832 circa
1867 773 2110 840 tropicos

547 894 827 956 habitant;
856 902 1018 958 quam
1047 884 1119 938 ob
1147 894 1369 936 causam
1397 872 1811 945 temperatiores
1838 881 1961 922 esse
1986 877 2110 917 cono

545 1046 758 1132 etialem
783 1114 797 1136 ,
825 1086 1052 1142 quaeque
1087 1067 1206 1122 sitae
1239 1069 1365 1119 sunt
1399 1063 1453 1116 in
1492 1056 1670 1113 media
1710 1067 1846 1108 zona
1878 1046 2106 1109 torrida,

545 1185 708 1240 quam
739 1139 866 1223 sunt
905 1139 974 1218 iis
1005 1161 1097 1231 qui
1126 1160 1272 1214 circa
1301 1152 1675 1211 extremitates
1711 1159 1861 1200 zona:
1889 1139 2134 1195 torrida:-

545 1238 812 1324 habitant,
845 1257 1046 1328 quique
1075 1259 1202 1308 sunt
1241 1247 1403 1320 positi
1445 1243 1546 1300 sub
1580 1238 1828 1310 tropicis.

1104 1535 1328 1597 CAPUT
1372 1532 1507 1589 XIV.

863 1659 936 1713 De
969 1655 1443 1729 signiﬁcationibus
1488 1660 1780 1708 astrorum.

617 1775 806 1833 Sermo
853 1773 920 1830 de
971 1771 1458 1843 signiﬁcationibus
1507 1767 1651 1838 apud
1697 1766 1892 1821 idiotas
1931 1760 2111 1815 diver-

2218 581 2383 650 μένης
2426 583 2517 635 ἐπὶ
2565 583 2656 637 τοῦ
2695 587 2834 638 κατά
2885 581 3125 654 κορυφὴν
3178 579 3424 652 σημείου,
3469 578 3674 648 ταχέως
3719 578 3777 630 δέ

2214 672 2623 742 ἀποχωροῦντος
2674 675 2767 728 τοῦ
2811 674 2981 746 ἡλίου.
3026 673 3230 736 Πάντες
3283 671 3390 743 γὰρ
3439 669 3639 741 μεταξὺ
3667 667 3774 721 τῶν

2213 764 2486 832 τροπικῶν
2556 766 2766 819 κύκλων
2831 766 3102 828 οἰκοῦντες
3161 763 3312 835 παρὰ
3375 762 3474 832 τὴν
3542 759 3775 831 πάροδον

2211 852 2410 922 ὁμοίως
2449 856 2652 908 κεῖνται
2684 855 2777 908 τοῦ
2814 856 2962 926 ἡλίου
2984 871 2998 884 ·
3033 853 3280 915 πλείονας
3310 853 3367 905 δέ
3403 851 3625 922 χρόνους
3653 851 3774 902 ἐπι-

2216 945 2364 1016 μένει
2388 950 2499 1010 τοῖς
2545 949 2669 1019 περὶ
2711 948 2836 1012 τοὺς
2868 950 3159 1020 τροπικοὺς
3194 945 3434 999 οἰκοῦσιο
3479 943 3544 997 δι’
3577 945 3644 1016 ἦν
3692 943 3777 994 αί-

2211 1037 2332 1090 τίαν
2379 1039 2772 1112 εὑκρατοτέρας
2819 1035 2955 1093 εἶναι
3013 1039 3323 1110 συμϐέϐηκε
3375 1037 3472 1100 τὰς
3511 1037 3638 1104 περὶ
3682 1035 3776 1088 τὸν

2215 1127 2526 1199 ἰσημερινὸν
2581 1132 2854 1198 οἰκήσεις,
2904 1130 3105 1190 αἳτινες
3153 1130 3358 1180 κεῖνται
3419 1128 3474 1179 ἐν
3519 1125 3661 1197 μέσῃ
3707 1125 3774 1194 τῇ

2209 1217 2607 1290 διακεκαυμένη
2653 1219 2816 1292 ζώνῃ,
2843 1212 2950 1273 τῶν
2975 1221 3101 1291 περὶ
3128 1220 3196 1273 τὰ
3239 1219 3446 1289 πέρατα
3474 1218 3570 1289 τῆς
3596 1217 3778 1270 διακε-

2213 1309 2488 1380 καυμένης
2513 1309 2820 1374 οἰκούντων,
2847 1313 3043 1376 οἵτινες
3077 1311 3179 1365 ὑπὸ
3208 1311 3328 1374 τοὺς
3356 1310 3646 1382 τροπικοὺς
3678 1307 3774 1363 κύ-

2215 1400 2369 1464 κλους
2408 1405 2632 1457 κεῖνται.
3309 1402 3316 1410 ’

2732 1509 3126 1571 ΚΕΦΑΛΑΙΟΝ
3152 1519 3255 1570 IA'.

2434 1633 2574 1702 Περὶ
2603 1633 3019 1704 ἐπισημασιῶν
3056 1631 3176 1686 τῶν
3207 1630 3442 1700 ἄστρων
3484 1630 3551 1683 ⁸⁸.

2293 1748 2349 1800 '0
2388 1748 2513 1820 περὶ
2551 1748 2929 1820 ἐπισημασιῶν
2974 1747 3132 1816 λόγος
3170 1747 3318 1818 παρὰ
3347 1747 3442 1817 μὲν
3482 1748 3594 1808 τοῖς
3627 1742 3772 1797 ἱδιώο

545 1885 660 1928 sam
689 1869 828 1941 parit
875 1867 1210 1938 Opinionem,
1253 1863 1410 1933 quasi
1449 1870 1668 1930 propter
1698 1863 1969 1912 astrorum
2004 1865 2110 1905 or—

2209 1857 2326 1904 ταις
2370 1841 2586 1896 ἀλλοίαν
2631 1841 2742 1911 ἔχει
2795 1840 3075 1911 διάληψιν,
3118 1841 3194 1903 ὡς
3254 1838 3347 1892 ἐπὶ
3404 1837 3512 1890 τῶν
3559 1835 3775 1907 ἄστρων

546 1973 636 2020 tus
671 1969 725 2018 et
768 1975 999 2016 occasus
1031 1956 1163 2011 ﬁant
1209 1956 1351 2009 aeris
1407 1951 1758 2007 mutationes.
1812 1944 2110 1999 Mathemao

544 2055 686 2110 ticus
710 2066 840 2108 vero
864 2058 919 2105 et
956 2047 1217 2118 physicus
1251 2045 1414 2098 aliam
1444 2042 1608 2096 habet
1637 2039 1976 2110 opinionem.
2030 2032 2108 2086 Ac

543 2145 721 2215 primo
743 2139 962 2212 quidem
991 2135 1341 2195 statuendum
1386 2140 1492 2199 est,
1525 2132 1673 2202 quod
1711 2131 1796 2186 hae
1834 2125 2110 2199 signiﬁca-

546 2240 722 2296 tiones
750 2235 1006 2292 imbrium
1030 2241 1086 2289 et
1123 2239 1433 2294 ventorum,
1471 2244 1593 2300 quas
1625 2227 1779 2292 ﬁunt,
1810 2224 1959 2279 circa
1996 2229 2110 2276 ter-

543 2349 660 2389 ram
693 2332 844 2397 ﬁant,
875 2339 929 2388 et
954 2330 1021 2384 ad
1057 2328 1317 2398 majorem
1350 2325 1690 2380 altitudinem
1719 2337 1827 2377 non
1856 2319 2105 2376 tendant:

545 2425 913 2482 exhalationes
961 2421 1106 2477 enim
1133 2425 1315 2475 sunte
1353 2423 1500 2472 terra
1554 2414 1714 2470 variae
1759 2419 1814 2467 et
1859 2416 2106 2481 expertes

545 2515 776 2579 ordinis,
815 2523 876 2568 ut
911 2514 982 2568 sit
1028 2509 1363 2582 impossibile
1397 2521 1491 2562 eas
1521 2519 1696 2575 usque
1746 2501 1814 2556 ad
1857 2502 2106 2556 inerran-

547 2612 678 2663 tium
724 2607 1005 2663 stellarum
1040 2603 1307 2673 sphaeram
1343 2598 1566 2654 tendere
1600 2615 1614 2651 :
1648 2594 1744 2650 sed
1787 2608 1961 2662 neque
1988 2592 2104 2648 sin-

544 2703 682 2773 gula:
727 2700 901 2753 nubes
942 2704 1166 2767 propter
1211 2692 1554 2747 altitudinem
1585 2702 1652 2743 eo
1689 2685 1938 2742 tendunt.
2001 2680 2106 2748 Qui

543 2795 708 2865 igitur
740 2790 1042 2846 ascendunt
1070 2787 1349 2858 Cyllenen,
1383 2782 1711 2838 altissimum
1740 2779 1796 2832 in
1842 2775 2108 2843 Pelopon-

545 2897 678 2938 neso
705 2887 966 2944 montem,
996 2884 1050 2932 et
1081 2874 1348 2930 Mercurio
1379 2873 1433 2926 in
1457 2871 1660 2927 vertice
1691 2870 1895 2923 montis
1926 2865 2106 2919 dicato

546 2972 873 3036 sacriﬁcant,
907 2969 983 3027 hi.
1016 2981 1140 3021 cum
1185 2979 1376 3019 rursus
1409 2969 1533 3032 post
1560 2973 1764 3014 annum
1808 2957 2106 3012 ascenden-

544 3074 628 3119 tes
665 3061 933 3118 sacriﬁcia
990 3056 1296 3128 perﬁciunt,
1363 3051 1650 3107 inveniunt
1676 3058 1729 3104 et
1770 3047 1976 3102 femora
2052 3051 2106 3099 et

2208 1933 2481 1996 ἐπιτολαῖς
2527 1934 2621 1987 καὶ
2649 1933 2830 1986 δύσεσι
2877 1933 2984 1986 τῶν
3017 1933 3144 2001 περὶ
3171 1932 3261 1984 τὸν
3290 1930 3428 2000 ἀέρα
3462 1928 3776 2000 μεταϐολῶν

2207 2027 2536 2097 γινομένων·
2569 2029 2598 2079 ὁ
2633 2027 2689 2080 δὲ
2737 2025 3118 2096 μαθηματικὸς
3166 2025 3259 2078 καὶ
3311 2023 3537 2093 φυσικὸς
3583 2022 3774 2094 ἑτέραν

2208 2118 2320 2189 ἔχει
2363 2119 2540 2185 δόξαν.
2582 2119 2691 2172 Καὶ¹
2735 2119 2949 2190 πρῶτον
2982 2119 3078 2189 μὲν
3117 2115 3458 2186 διαληπτέον,
3491 2116 3571 2168 ὅτι
3612 2117 3666 2167 αἱ
3695 2131 3777 2182 γι-

2208 2211 2430 2284 νόμεναι
2478 2210 2834 2281 ἐπισημασίαι
2881 2209 3101 2282 ὄμϐρων
3147 2209 3240 2262 καὶ
3271 2209 3595 2279 πνευμάτων
3645 2208 3776 2278 περὶ

2206 2301 2304 2374 τὴν
2349 2303 2452 2374 γῆν
2490 2302 2750 2372 γίνονται,
2784 2305 2864 2366 είς
2896 2302 2952 2355 δὲ
2983 2302 3163 2356 πλεῖον
3211 2300 3342 2370 ὕψος
3386 2301 3446 2353 οὐ
3479 2299 3775 2353 διατείνου-

2209 2412 2322 2450 σιν·
2353 2395 2742 2467 ἀναθυμιάσεις
2782 2396 2890 2466 γάρ
2928 2397 3063 2448 εἰσιν
3094 2395 3158 2447 ὲκ
3182 2395 3287 2464 γῆς
3311 2391 3652 2447 παντοδαπαὶ
3681 2391 3776 2444 καὶ

2207 2486 2462 2540 ἄτακτοι·
2510 2485 2650 2540 ὥστε
2714 2487 2788 2558 μὴ
2833 2481 2942 2540 οἷόν
2990 2502 3052 2538 τε
3097 2480 3236 2538 εἶναι
3296 2482 3460 2555 μέχρι
3517 2484 3617 2552 τῆς
3665 2479 3777 2534 τῶν

2205 2578 2458 2632 ἀπλανῶν
2515 2578 2757 2650 ἀστέρων
2811 2578 3046 2649 σφαίρας
3099 2576 3415 2630 διατείνειν·
3465 2573 3603 2628 ἀλλὰ
3652 2572 3774 2644 μηδ’

2205 2672 2407 2726 ἐκαστα
2459 2671 2546 2725 διὰ
2591 2671 2651 2725 τὺ
2700 2671 2831 2741 ὕψος
2872 2670 3170 2725 ἀνατείνειν
3217 2669 3284 2722 τὰ
3333 2667 3491 2738 νέφη.
3539 2669 3600 2720 Oi
3643 2664 3775 2734 γοῦν

2205 2765 2297 2818 ἐπὶ
2351 2764 2446 2836 τὴν
2483 2764 2765 2836 Κυλλήνην
2819 2764 2928 2834 (47)
2982 2762 3382 2827 ἀναϐαίνοντες,
3430 2761 3556 2832 ὅρος
3606 2761 3664 2813 ἐν
3703 2761 3772 2830 τῇ

2206 2857 2595 2928 Πελοποννήσῳ
2628 2857 2978 2929 ὑψηλότατον,
3008 2855 3102 2908 καὶ
3137 2855 3355 2916 θύοντες
3388 2852 3464 2924 τῷ
3491 2851 3776 2908 καθωσιω-

2209 2949 2356 3020 μένῳ
2387 2951 2478 3002 ἐπὶ
2505 2949 2603 3020 τῆς
2649 2948 2892 3020 κορυφῆς
2935 2947 3030 3000 τοῦ
3061 2946 3218 3018 ὅρους
3261 2946 3456 3019 Ἐρμῇ,
3496 2947 3622 2999 ὅταν
3665 2954 3772 2999 πᾶ-

2205 3040 2288 3095 λιν
2317 3042 2382 3094 δι’
2413 3040 2656 3095 ἐνιαυτοῦ
2706 3039 3086 3102 ἀναϐαίνοντες
3130 3038 3229 3102 τὰς
3278 3037 3469 3104 θυσίας
3516 3037 3775 3091 ἐπιτελῶ-

546 3159 780 3212 cinerem
800 3155 868 3210 ab
891 3154 1015 3222 igne
1042 3151 1293 3205 relictum
1320 3147 1377 3200 in
1411 3145 1600 3201 eodem
1631 3145 1760 3217 loco
1804 3139 2100 3205 manentia,

2209 3150 2312 3196 σιν,
2343 3133 2652 3202 εὑρίσκουσι
2697 3131 2791 3185 καὶ
2829 3130 2898 3184 τὰ
2943 3130 3132 3202 μηρία,
3168 3129 3262 3182 καὶ
3305 3129 3403 3201 τὴν
3435 3129 3638 3200 τέφραν
3678 3128 3774 3200 τὴν

548 3253 603 3306 in
648 3263 758 3319 quo
809 3245 1179 3314 reliquerant;
1223 3247 1279 3296 et
1323 3253 1501 3307 neque
1530 3252 1562 3290 a
1588 3215 1786 3300 ventis,
1834 3249 2010 3304 neque
2039 3232 2107 3287 ab

2209 3225 2315 3278 ἀπὸ
2341 3223 2434 3277 τοῦ
2483 3225 2652 3294 πυρὸς
2702 3224 2759 3275 ἐν
2807 3225 2873 3293 τῇ
2923 3223 3057 3294 αὑτῇ
3098 3222 3246 3286 τάξει
3284 3221 3568 3292 μένουσαν,
3628 3222 3685 3274 ἐν

546 3338 812 3396 imbribus
837 3337 1142 3398 immutata,
1175 3347 1239 3388 eo
1269 3330 1411 3402 quod
1444 3343 1636 3383 omnes
1667 3327 1842 3382 nubes
1898 3335 1952 3382 et
1979 3339 2108 3379 ven-

545 3437 726 3486 torum
779 3427 1192 3483 constitutiones
1243 3423 1386 3480 infra
1428 3420 1686 3477 verticem
1727 3418 1928 3472 montis
1977 3430 2110 3470 con-

547 3523 863 3578 stituantur.
896 3517 1048 3589 Saepe
1073 3519 1233 3573 etiam
1281 3516 1361 3569 illi
1411 3513 1507 3584 qui
1536 3513 1592 3566 in
1656 3505 2003 3578 Satabyrium
2050 3520 2112 3559 a-

547 3614 833 3676 scendunt,
853 3625 949 3682 per
977 3609 1151 3664 nubes
1182 3607 1386 3661 faciunt
1417 3616 1728 3665 ascensum,
1753 3610 1806 3655 et
1835 3597 1980 3653 inira
1996 3611 2110 3652 ver-

545 3702 711 3756 ticem
766 3698 968 3754 montis
1031 3701 1277 3765 spectant
1330 3693 1554 3746 nubium
1623 3689 2016 3746 collectiones.~
2045 3685 2112 3740 Et

548 3793 797 3864 Cyllenes
831 3790 1046 3860 quidem
1079 3784 1308 3840 altitudo
1335 3794 1418 3839 est
1449 3784 1628 3838 minor
1670 3781 1862 3839 stadiis
1909 3780 1996 3844 15,
2053 3787 2112 3834 ut

551 3883 893 3936 Dicaearchus
918 3879 1241 3950 geometrice
1266 3877 1638 3940 demonstrat;
1683 3872 1955 3943 Satabyrii
1979 3886 2110 3926 vero

550 3975 994 4047 perpendiculum
1029 3973 1209 4026 minus
1245 3979 1329 4025 est
1361 3969 1555 4024 stadiis
1588 3967 1674 4021 M.
1729 3965 1932 4021 Omnes
1964 3965 2108 4019 enim

549 4067 742 4133 nubes,
782 4072 842 4118 ut
869 4063 1125 4121 diximus.
1161 4077 1284 4116 cum
1327 4075 1395 4115 ex
1431 4068 1574 4114 terra
1617 4057 1849 4111 habeant
1889 4055 2104 4112 exhala-

551 4163 776 4220 tioncm,
831 4154 977 4208 circa
1021 4160 1221 4207 terram
1252 4150 1426 4214 ﬁunt.
1488 4147 1878 4203 Praedictiones
1927 4157 2109 4201 autem

551 4246 1024 4320 signiﬁcationum,
1064 4259 1185 4314 qua:
1213 4244 1268 4298 in
1290 4242 1763 4313 parapegmatibus
1793 4240 1947 4304 ﬁunt,
2002 4256 2110 4295 non

553 4345 804 4395 constant
843 4334 1170 4407 quibusdam
1212 4336 1375 4389 certis
1417 4335 1728 4404 praeceptis,
1770 4348 1947 4404 neque
1997 4340 2113 4387 arte

552 4431 786 4501 quadam
829 4428 1151 4490 traduntur,
1186 4433 1244 4478 ut
1278 4425 1514 4479 habeant
1559 4425 1932 4480 necessarium
1983 4423 2115 4477 elle-

2208 3317 2300 3369 κα)⁵
2333 3315 2652 3370 κατέλιπον*
2692 3316 2785 3369 καὶ
2821 3313 2948 3386 μήθ’
2979 3315 3082 3368 ὑπὸ
3124 3313 3471 3386 πνευμάτων,
3509 3313 3633 3384 μήθ’
3669 3314 3774 3366 ὑπὸ

2206 3407 2425 3480 δμϐρων
2455 3406 2792 3477 ἡλλοιωμένα
2814 3423 2828 3438 ο
2859 3407 2947 3460 διὰ
2976 3406 3037 3460 τὸ
3069 3408 3243 3461 πάντα
3275 3405 3344 3460 τὰ
3382 3407 3516 3478 νέφη
3554 3408 3648 3460 καὶ
3676 3406 3774 3470 τὰς

2206 3500 2313 3554 τῶν
2351 3501 2566 3569 ἀνέμων
2610 3501 2894 3564 συστάσεις
2931 3502 3186 3555 ὑποκάτω
3228 3500 3328 3572 τῆς
3356 3500 3447 3554 τοῦ
3481 3500 3640 3572 ὅρους
3679 3517 3772 3552 κο-

2210 3592 2387 3663 ρυφῆς
2434 3591 2796 3644 συνίστασθαι.
2846 3592 3114 3655 Πολλάκις
3153 3592 3210 3646 δέ
3262 3593 3356 3646 καὶ
3397 3594 3445 3646 οἱ
3489 3593 3567 3655 είς
3594 3591 3656 3645 τὸ
3681 3592 3775 3644 Σα-

2208 3683 2464 3754 ταϐύριον
2499 3682 2608 3754 (48)
2655 3683 3034 3747 ἀναϐαίνοντες
3063 3685 3150 3738 διὰ
3182 3684 3289 3738 τῶν
3338 3683 3516 3754 νεφῶν
3561 3684 3774 3738 ποιοῦν-

2209 3795 2297 3831 ται
2326 3777 2423 3848 τὴν
2452 3777 2733 3842 ἀνάϐασιν,
2765 3778 2858 3829 καὶ
2890 3777 3147 3831 ὑποκάτω
3175 3778 3273 3848 τῆς
3301 3777 3394 3831 τοῦ
3422 3778 3580 3850 ὅρους
3611 3795 3774 3849 κορυ-

2211 3870 2318 3940 φῆς
2350 3869 2612 3941 θεωροῦσι
2660 3868 2758 3940 τὴν
2801 3869 2910 3922 τῶν
2957 3870 3137 3940 νεφῶν
3186 3870 3466 3924 σύστασιν.
3502 3871 3610 3924 Καὶ
3657 3870 3772 3924 ἐστι

2157 3957 2159 3959 ’
2216 3962 2313 4033 μὲν
2344 3963 2440 4032 τῆς
2483 3962 2766 4033 Κυλλήνης
2792 3962 2852 4014 τὸ
2883 3959 3014 4031 ὕψος
3044 3961 3269 4015 ἔλασσον
3315 3962 3540 4015 σταδίων
3571 3969 3650 4025 ιε’,
3699 3963 3776 4026 ὡς

2214 4056 2534 4125 Δικαίαρχος
2583 4055 2960 4126 ἀναμετρικῶς
3013 4055 3059 4087 ⁵⁸
3116 4055 3472 4122 ἀποφαίνεται
3505 4072 3519 4086 ο
3573 4055 3668 4108 τοῦ
3718 4055 3775 4108 δέ

2213 4147 2545 4220 Σαταϐυρίου
2574 4147 2813 4202 ἐλάσσων
2849 4147 2995 4200 ἐστὶν
3029 4149 3060 4218 ἡ
3093 4145 3316 4209 κάθετος
3364 4146 3590 4200 σταδίων
3621 4146 3682 4200 ιδ’
3706 4149 3770 4203 ⁸⁷.

2213 4240 2396 4294 Πάντα
2449 4241 2556 4313 γάρ
2603 4241 2671 4294 τά
2718 4240 2875 4310 νέφη,
2931 4239 3180 4308 καθάπερ
3237 4237 3494 4308 εἴπομεν,
3554 4239 3618 4292 ἐκ
3673 4239 3776 4310 γῆς

2214 4331 2403 4402 ἔχοντα
2433 4333 2530 4404 τὴν
2574 4332 2955 4402 ἀναθυμίασιν,
3011 4331 3139 4402 περὶ
3167 4329 3266 4400 τὴν
3295 4329 3397 4400 γῆν
3441 4329 3668 4398 γίνεται.
3709 4332 3775 4383 At

2213 4425 2270 4478 δὲ
2315 4426 2593 4496 γινόμεναι
2629 4426 2955 4496 προρρήσεις
2991 4421 3098 4474 τῶν
3143 4420 3522 4492 ἐπισημασιῶν
3561 4423 3618 4474 ἐν
3665 4422 3779 4484 τοῖς

551 4531 715 4577 ctum.
742 4519 847 4575 Sed
876 4519 969 4590 qui
1000 4534 1066 4573 ex
1097 4533 1182 4580 eo,
1220 4517 1362 4587 quod
1395 4517 1710 4587 plerumque
1743 4517 1822 4580 ﬁt,
1861 4529 1957 4585 per
1980 4529 2110 4585 quo-

2218 4518 2668 4588 παραπήγμασιν,
2704 4516 2803 4567 οὐκ
2835 4512 2940 4566 ἀπό
2969 4529 3129 4566 τινων
3154 4512 3624 4583 παραγγελμάτων
3650 4512 3778 4584 ὡρι-

550 4616 807 4669 tidianam
851 4610 1284 4667 observationem
1310 4609 1722 4680 congruentiam
1763 4607 2020 4677 capiunt,
2053 4605 2108 4660 hi

550 4705 605 4761 in
639 4704 849 4759 tabulas
904 4701 1211 4757 conferunt.
1250 4698 1417 4754 Facta
1454 4707 1537 4753 est
1576 4707 1757 4752 autem
1798 4696 1903 4751 ista
1945 4695 2111 4749 colle-

551 4799 661 4853 ctio
708 4805 762 4851 et
787 4795 1096 4851 observatio
1127 4795 1229 4848 hoc
1269 4793 1450 4847 modo.
1472 4790 1760 4860 Capientes
1786 4788 1929 4842 enim
1961 4787 2111 4857 prin-

552 4889 751 4958 cipium
783 4887 933 4953 anni,
975 4893 1028 4940 et
1071 4886 1421 4940 observantes
1473 4882 1529 4936 in
1568 4896 1676 4950 quo
1718 4883 1876 4950 signo
1909 4879 1980 4934 sit
2029 4878 2112 4932 sol

552 4981 606 5035 in
645 4980 913 5050 principio
935 4978 1083 5041 anni,
1114 4986 1167 5032 et
1195 4976 1417 5047 gradum
1451 4975 1810 5037 ascribentes,
1855 4987 1952 5041 per
1998 4971 2113 5026 sin-

553 5074 710 5144 gulos
754 5072 871 5127 dies
917 5079 970 5126 et
998 5086 1094 5141 per
1132 5070 1376 5140 singulos
1415 5081 1634 5122 menses
1665 5065 1839 5120 factas
1870 5065 2109 5134 integras

554 5165 882 5220 mutationes
935 5165 1100 5228 aeris,
1160 5171 1466 5224 ventorum,
1498 5158 1756 5213 imbrium
1813 5164 1868 5214 et
1897 5156 2116 5227 grandi-

554 5259 658 5320 nis,
713 5258 1086 5326 ascripserunt
1118 5253 1182 5306 ad
1217 5254 1348 5309 solis
1387 5253 1504 5307 loca
1531 5267 1627 5321 per
1667 5252 1880 5322 signum
1941 5251 2114 5322 quod-

551 5349 679 5402 libet
699 5355 753 5402 et
783 5346 1028 5419 gradum.
1060 5342 1212 5410 Quod
1235 5359 1329 5414 per
1347 5344 1526 5414 plures
1549 5357 1722 5398 annos
1744 5343 2114 5409 observantes,

619 5502 662 5532 ⁸³
696 5518 786 5570 γρ.
811 5501 918 5554 τῶν
945 5500 1166 5571 χρόνων.
1255 5497 1300 5529 ⁸⁸
1335 5497 1378 5565 f-
1412 5495 1902 5567 ἀναμεμετρηκώς·

627 5657 733 5727 (47)
769 5660 832 5709 υἱ
858 5657 1004 5724 γοῦν
1028 5653 1276 5727 ἐπί-τὴν
1307 5653 1652 5727 ῌυλλήνῃν.
1670 5649 1858 5727 _Cuj_us
1886 5651 2109 5704 κάθετον

557 5728 644 5778 ain
677 5721 886 5788 xit,'ali'i
919 5743 984 5778 xv
1013 5723 1204 5779 stadiis
1229 5723 1510 5779 deﬁniunt.
1545 5721 1739 5776 Strabo
1769 5722 1908 5774 libro
1931 5736 2044 5774 vm.

623 5797 732 5865 (48)
761 5798 860 5862 Εἰς
884 5796 947 5849 τὸ
971 5795 1347 5862 Σαταϐύριον.
1381 5790 1508 5863 Leg.
1547 5789 1878 5862 Ἀταϐύριον.
1910 5789 1982 5845 De
2003 5803 2111 5861 quo

2212 4609 2422 4679 σμένων
2454 4607 2709 4675 γίνονται,
2740 4607 2859 4659 οὐδέ
2905 4606 3066 4680 τέχνῃ
3099 4606 3202 4659 τινὶ
3239 4604 3610 4676 μεθοδεύονται
3649 4621 3780 4657 κατ-

2209 4701 2616 4774 ηναγκασμένον
2659 4699 2873 4768 ἔχουσαι
2921 4698 2980 4751 τὸ
3025 4699 3400 4768 ἀποτέλεσμα⁶
3449 4696 3564 4750 ἀλλ’
3609 4697 3657 4750 oi
3713 4697 3779 4750 ἐκ

2211 4791 2304 4844 τοῦ
2328 4791 2401 4854 ὼς
2431 4791 2632 4843 ἐπίπαν
2663 4789 2943 4859 γινομένου
2977 4788 3066 4841 διὰ
3083 4789 3181 4857 τῆς
3215 4787 3333 4841 καθ’
3358 4787 3570 4858 ἡμέραν
3599 4802 3779 4856 παρα-

2211 4884 2488 4954 τηρήσεως
2533 4880 2594 4932 es
2641 4879 2924 4951 σύμφωνον
2964 4879 3330 4950 λαμϐάνοντες
3377 4880 3456 4941 είς
3497 4877 3565 4930 τὰ
3598 4893 3778 4946 παρα-

2216 4976 2480 5044 πήγματα
2540 4970 2933 5042 κατεχώρισαν.
2997 4971 3242 5038 Ἐγένετο
3299 4969 3354 5022 δὲ
3422 4969 3455 5038 ή
3522 4966 3780 5030 σύστασις

2217 5066 2310 5119 καὶ
2337 5066 2369 5136 ἡ
2396 5065 2772 5135 παρατήρησις
2815 5061 2908 5116 τοῦ
2939 5062 3140 5133 τρόπου
3163 5061 3374 5115 τούτου.
3399 5058 3781 5130 Λαμϐάνοντες

2217 5157 2324 5227 γὰρ
2371 5157 2540 5228 ἀρχὴν
2585 5155 2861 5220 ἐνιαυτοῦ,
2911 5157 3004 5207 καὶ
3044 5155 3551 5226 παρατηρήσαντες,
3587 5153 3645 5204 ἐν
3676 5151 3780 5204 τίνι

2218 5245 2390 5317 ζωδίῳ
2434 5249 2462 5300 ό
2507 5246 2655 5316 ἥλιος
2712 5245 2923 5317 ὑπῆρχε
2964 5245 3106 5299 κατά
3151 5245 3248 5315 τὴν
3293 5244 3464 5315 ἀρχὴν
3512 5240 3780 5304 ἐνιαυτοῦ,

2220 5343 2313 5394 καὶ
2357 5340 2492 5410 πρὸς
2544 5340 2639 5410 τὴν
2693 5341 2884 5410 μοῖραν
2932 5337 3337 5408 ἀναγράφοντες
3379 5333 3500 5388 καθ’
3546 5333 3783 5402 ἑκάστην

1980 5497 2024 5528 ⁵⁷
2056 5513 2148 5565 γρ.
2182 5495 2406 5550 σταδίων
2439 5495 2481 5545 δ’

2216 5649 2414 5776 ῗζέἶέο
2445 5650 2536 5706 lib.
2569 5665 2679 5716 xxv,
2715 5656 2769 5704 et
2814 5647 3139 5721 Stephanus.
3177 5646 3329 5705 Mons
3367 5653 3451 5703 est
3495 5645 3553 5701 in
3587 5640 3782 5698 Rhodo

2216 5738 2231 5775 ι
2401 5757 2417 5776 ο
