4116 6400
355 408 463 466 845

1370 406 1607 465 GEMINI
1643 406 2014 464 ELEMENTA
2039 404 2531 464 ASTRONOMUE.

3478 405 3582 466 8&6

354 524 568 597 ἡμέραν
611 522 708 578 καὶ
734 523 876 596 μῆνα
902 522 998 587 τάς
1041 522 1331 593 γενομένας
1356 524 1663 595 ὁλοσχερεῖς
1697 520 1922 593 μεταϐο-

2026 536 2116 577 eas
2159 521 2511 586 mutationes,
2553 534 2675 592 qua:
2720 518 2956 576 maxime
2987 519 3135 575 circa
3154 518 3343 576 eadem
3371 520 3581 577 zodiaci

355 617 458 681 λάς
480 615 575 675 τοῦ
604 616 785 689 ἀέρος,
812 616 1157 688 πνευμάτων,
1189 614 1435 687 δμϐρων,
1490 614 1752 687 χαλάζης,
1786 632 1925 687 παρ-

356 709 603 763 ετίθεσαν
655 711 776 773 ταῖς
820 711 915 764 τοῦ
963 709 1114 781 ἡλίου
1162 710 1383 778 ἐποχαῖς
1409 707 1550 763 κατά
1600 706 1789 772 ζώδιον
1829 707 1923 761 καὶ⁴

356 798 499 853 κατά
523 801 737 870 μοῖραν.
782 798 951 853 Τοῦτο
985 800 1079 853 ἐπὶ
1118 798 1336 852 πλείονα
1362 797 1455 870 ἐτη
1494 800 1923 870 παρατηρήσαν-

354 907 465 954 τες,
495 889 592 954 τὰς
625 889 857 961 μάλιστα
901 889 1031 962 περὶ
1059 891 1186 953 τοὺς
1226 889 1421 953 αὐτοὺς
1459 889 1657 954 τόπους
1698 889 1789 943 τοῦ
1819 888 1926 955 ζω-

354 981 540 1035 διακοῦ
584 980 872 1052 γινομένας
912 981 1215 1052 μεταϐολὰς
1242 983 1300 1034 ὲν
1337 983 1447 1044 τοῖς
1488 981 1923 1052 παραπήγμασιν

356 1073 764 1145 ἀνεγράψαντο,
817 1074 917 1127 οὐκ
962 1073 1069 1127 ἀπό
1113 1089 1255 1135 τινος
1299 1072 1497 1144 τέχνης
1537 1072 1656 1125 οὐδὲ
1700 1072 1921 1143 μεθόδου

353 1164 663 1236 ὡρισμένης
716 1163 969 1228 λαϐόντες
1017 1164 1115 1234 τὴν
1158 1152 1502 1235 ἀναγραφὴν,
1551 1162 1665 1217 ἀλλ’
1711 1165 1775 1216 ἐκ
1822 1162 1923 1233 τῆς

355 1256 549 1325 πείρας
574 1256 636 1309 τὸ
661 1256 966 1327 σύμφωνον,
1001 1256 1076 1318 ὡς
1102 1254 1350 1324 ἔγγιστα,
1382 1254 1656 1317 λαϐόντες.
1706 1254 1922 1327 Ἐπειδὴ

354 1343 401 1376 ⁸⁸
427 1345 527 1397 ούκ
548 1344 799 1398 ἐδύναντο
827 1344 939 1398 οὗθ’
973 1345 1209 1416 ἡμέραν,
1236 1342 1358 1397 οὔτε
1390 1344 1554 1415 μῆνα,
1599 1342 1721 1397 οὔτε
1747 1346 1924 1398 ἐνιαυ-

354 1436 444 1490 τὸν
468 1436 772 1506 ὡρισμένον
802 1436 1132 1507 ἀναγράψαι,
1174 1438 1230 1489 ἐν
1259 1429 1303 1501 ᾧ
1337 1451 1390 1487 τι
1416 1431 1622 1488 τούτων
1664 1434 1925 1488 ἐπιτελεῖ-

355 1544 464 1593 ται,
512 1528 602 1582 διά
635 1527 696 1581 τὸ
734 1527 832 1591 τὰς
864 1528 1037 1599 ἀρχάς
1070 1527 1179 1581 τῶν
1213 1526 1476 1580 ἐνιαυτῶν
1523 1526 1597 1598 μὴ
1629 1527 1779 1599 παρά
1820 1528 1925 1581 πᾶ-

358 1632 439 1669 σιν
476 1612 616 1670 εἶναι
640 1615 739 1680 τὰς
770 1617 958 1680 αύτάς,
989 1617 1121 1688 μηδὲ
1170 1618 1292 1680 τοὺς
1335 1618 1508 1687 μῆνας
1555 1618 1680 1681 τοὺς
1727 1618 1923 1682 αὐτοὺς

356 1700 492 1760 εῖναι
519 1705 668 1776 παρά
707 1707 839 1759 πᾶσι
882 1709 1001 1770 ταῖς
1030 1706 1367 1776 ὀνομασίαις,
1403 1707 1537 1778 μηδέ
1579 1706 1675 1772 τάς
1715 1708 1925 1779 ἡμέρας

2021 612 2140 691 loca
2168 612 2512 684 contingunt,
2539 611 2596 667 in
2636 611 2838 668 tabulis
2867 611 3335 683 conscripserunt,
3381 626 3493 669 non
3513 629 3581 671 ex

2020 713 2137 762 arte
2165 705 2366 777 aliqua,
2402 721 2579 777 neque
2613 721 2679 761 ex
2707 712 2856 760 certa
2885 704 3141 761 methodo
3170 712 3452 763 sumentes
3488 707 3584 762 de-

2021 798 2394 868 scriptionem,
2425 797 2521 853 sed
2553 796 2623 853 ab
2650 796 3006 867 experientia,
3046 796 3100 852 id
3127 796 3272 867 quod
3305 794 3420 853 fere
3448 811 3586 854 con-

2020 889 2186 960 gruit,
2237 899 2536 944 sumentes.
2597 887 2735 943 Cum
2767 902 2897 944 vero
2932 893 3044 943 nbn
3076 894 3301 959 possent
3340 889 3583 959 singulos

2021 980 2158 1046 dies,
2185 994 2361 1051 neque
2380 994 2617 1045 menses,
2648 994 2821 1049 neque
2848 992 3020 1037 annos
3053 986 3233 1055 certos
3260 979 3582 1046 inscribere,

2020 1074 2077 1128 in
2102 1073 2303 1144 quibus
2323 1071 2519 1127 horum
2547 1070 2751 1142 aliquid
2778 1069 3191 1141 perﬁciebatur:
3219 1086 3286 1127 eo
3308 1070 3454 1143 quod
3486 1072 3585 1126 ini-

2023 1166 2098 1220 tia
2136 1178 2401 1219 annorum
2441 1162 2584 1234 apud
2618 1178 2809 1219 omnes
2856 1178 2964 1217 non
3025 1162 3134 1220 sint
3165 1162 3375 1230 eadem,
3409 1178 3585 1235 neque

2021 1269 2238 1311 menses
2260 1255 2371 1311 sint
2398 1255 2542 1326 apud
2563 1269 2754 1310 omnes
2780 1254 2974 1311 iisdem
2998 1254 3471 1326 appellationibus,
3495 1271 3585 1309 ne-

2021 1365 2128 1419 que
2163 1349 2281 1406 dies
2318 1349 2569 1406 similiter
2617 1355 2903 1420 agantur:
2954 1348 3194 1405 immotis
3260 1348 3583 1419 quibusdam

2022 1442 2193 1511 signis
2256 1442 2545 1498 voluerunt
2606 1441 2971 1497 determinarc
3022 1440 3351 1496 mutationes
3419 1440 3583 1496 aeris.

2023 1531 2179 1588 Unde
2206 1544 2478 1588 astrorum
2512 1533 2749 1599 ortibus,
2781 1547 2905 1588 cum
2939 1532 2995 1587 hi
3025 1532 3083 1587 in
3109 1532 3448 1603 temporibus
3475 1532 3586 1589 sint

2023 1623 2387 1689 determinati,
2420 1624 2751 1679 mutationes
2777 1623 2923 1679 aeris
2945 1614 3111 1690 ﬁunt;
3136 1637 3245 1677 non
3273 1622 3419 1693 quod
3434 1630 3584 1677 astra

2023 1715 2131 1768 vim
2158 1715 2391 1771 habeant
2420 1715 2489 1769 ad
2516 1715 2868 1771 mutationem
2895 1722 3179 1771 ventorum
3212 1721 3267 1769 et
3306 1714 3584 1777 imbrium,

353 1796 554 1867 ὁμοίως
593 1797 853 1867 ἄγεσθαι·
891 1786 1198 1868 ἱσταμένοις
1228 1799 1339 1852 τισὶ
1384 1799 1628 1870 σημείοις
1656 1800 1924 1870 ἠθέλησαν

2026 1805 2121 1860 sed
2150 1805 2297 1876 quod
2325 1805 2464 1877 signi
2492 1806 2664 1877 gratia
2690 1813 2969 1876 assumpta
2990 1805 3100 1861 sint
3128 1805 3196 1861 ad
3218 1806 3340 1870 hoc,
3370 1811 3429 1859 ut
3455 1819 3588 1874 pra-

354 1886 607 1957 ἀφορίσαι
637 1886 735 1950 τὰς
768 1887 1067 1958 μεταϐολὰς
1103 1888 1197 1942 τοῦ
1230 1889 1410 1959 ἀέρος.
1443 1889 1601 1943 Ὅθεν
1650 1869 1769 1955 ταῖς
1813 1890 1922 1945 τῶν

2026 1909 2418 1965 cognoscamus
2458 1896 2601 1951 aeris
2633 1894 2968 1951 aﬂ‘ectiones.
3032 1894 3099 1948 Et
3127 1902 3187 1950 ut
3231 1894 3460 1964 lampas,
3488 1908 3585 1948 seu

356 1977 569 2051 ἄστρων
596 1979 874 2043 ἐπιτολαῖς
913 1979 1054 2034 κατά
1098 1980 1224 2044 τοὺς
1264 1983 1487 2053 καιροὺς
1517 1983 1923 2055 ἀφωρισμέναις

354 2070 411 2122 αἱ
473 2069 764 2140 μεταϐολαὶ
811 2070 906 2125 τοῦ
959 2070 1123 2142 ἀέρος
1187 2071 1456 2141 γίνονται,
1509 2074 1607 2144 ούχ
1668 2074 1745 2137 ὡς
1812 2074 1923 2130 τῶν

354 2160 568 2233 ἄστρων
608 2160 836 2232 δύναμιν
887 2163 1118 2232 ἐχόντων
1157 2165 1295 2235 πρὸς
1331 2163 1428 2235 τὴν
1479 2165 1777 2237 μεταϐολὴν
1816 2165 1924 2220 τῶν

355 2252 678 2322 πνευμάτων
706 2251 801 2305 καὶ
841 2252 951 2307 τῶν
980 2253 1223 2325 ὄμϐρων,
1259 2254 1373 2307 ἀλλ’
1400 2254 1476 2317 ὡς
1514 2256 1738 2327 σημείου
1767 2255 1924 2327 χάριν

353 2343 811 2415 παρειλημμένων
835 2345 972 2417 πρὸς
988 2346 1051 2398 τὸ
1071 2344 1466 2418 προγινώσκειν
1491 2347 1636 2419 ἡμᾶς
1655 2347 1755 2411 τὰς
1796 2349 1925 2421 περὶ

353 2437 443 2490 τὸν
467 2436 606 2508 ἀέρα
634 2439 1003 2510 περιστάσεις.
1034 2440 1144 2493 Καὶ
1172 2438 1362 2510 ὥσπερ
1400 2441 1428 2492 ὁ
1462 2440 1666 2511 πυρσὸς
1689 2440 1787 2493 οὐκ
1824 2441 1925 2494 αύο

355 2527 446 2590 τός
507 2528 623 2580 ἐστι
670 2528 959 2599 παραίτιος
1011 2529 1109 2599 τῆς
1162 2528 1467 2599 πολεμικῆς
1531 2529 1922 2601 περιστάσεως,

355 2617 491 2674 ἀλλά
541 2619 763 2689 σημεῖόν
816 2622 933 2673 ἐστι
981 2619 1274 2689 πολεμικοῦ
1334 2618 1563 2691 καιροῦο
1609 2620 1702 2673 τὸν
1761 2622 1926 2676 αὑτὸν

354 2710 554 2781 τρόπον
582 2711 676 2763 καὶ
705 2713 761 2763 αἱ
800 2710 908 2764 τῶν
942 2710 1156 2783 ἄστρων
1188 2711 1430 2765 ἐπιτολαὶ
1468 2711 1568 2765 οὐκ
1599 2712 1759 2766 αύταὶ
1782 2730 1925 2785 παρ-

354 2802 516 2855 αίτιοί
551 2804 657 2856 είσι
701 2802 810 2858 τῶν
844 2804 972 2875 περὶ
1011 2804 1103 2857 τὸν
1132 2805 1272 2876 ἀέρα
1306 2803 1637 2876 μεταϐολῶν,
1667 2804 1802 2859 ἀλλά
1832 2822 1929 2878 ση-

358 2896 485 2965 μεῖα
516 2895 788 2949 ἐκκεινται
833 2895 942 2950 τῶν
989 2896 1245 2951 τοιούτων
1277 2898 1667 2969 περιστάσεων.
1712 2900 1775 2953 Οἱ
1818 2899 1929 2971 γὰρ

2022 1983 2134 2050 fax,
2168 1999 2279 2039 non
2310 1984 2429 2054 ipsa
2459 1991 2544 2041 est
2582 1998 2747 2040 causa
2796 1985 2977 2040 bellici
3004 1992 3203 2050 motus,
3235 1983 3332 2040 sed
3368 1985 3584 2056 signum

2021 2077 2107 2126 est
2131 2069 2309 2127 bellici
2337 2069 2444 2140 33
2471 2069 2727 2141 temporis
2763 2088 2777 2125 :
2811 2070 2886 2124 ita
2912 2076 2967 2125 et
2992 2076 3262 2126 astrorum
3293 2076 3448 2126 ortus
3476 2084 3587 2125 non

2023 2162 2127 2234 ipsi
2162 2168 2291 2217 sunt
2341 2176 2508 2217 causa
2554 2162 2916 2217 mutationum
2953 2162 3114 2229 aeris,
3168 2163 3264 2219 sed
3310 2164 3588 2234 proposita

2023 2261 2152 2309 sunt
2183 2255 2336 2325 signa
2364 2253 2557 2309 talium
2590 2252 2957 2310 aﬂ‘ectionum.
3008 2253 3142 2308 Nam
3167 2253 3263 2325 qui
3304 2268 3334 2308 a
3386 2253 3592 2325 princi-

2022 2343 2112 2413 pio
2160 2342 2588 2397 observaverunt
2637 2348 2691 2396 et
2732 2348 3156 2412 composuerunt
3182 2343 3395 2400 tabulas
3444 2343 3589 2405 illas,

2023 2435 2321 2506 exploratis
2357 2434 2495 2490 locis
2531 2434 2741 2490 zodiaci
2772 2434 2986 2499 circuli,
3022 2434 3079 2491 in
3108 2435 3307 2505 quibus
3332 2443 3393 2491 ut
3422 2435 3592 2506 pluri-

2027 2541 2173 2580 mum
2207 2526 2537 2581 mutationes
2575 2526 2719 2581 aeris
2750 2524 2911 2590 fiunt,
2949 2526 3589 2597 consideraveruntqum

2025 2624 2173 2672 astra
2208 2605 2545 2688 temporib'us
2573 2618 2681 2674 illis
2700 2619 2969 2683 oriantur,
2993 2625 3087 2673 aut
3124 2619 3289 2674 sxmul
3316 2618 3590 2684 occidant,

2025 2717 2188 2779 atque
2233 2711 2451 2779 horum,
2472 2710 2683 2765 ortibus
2711 2716 2767 2765 et
2811 2710 3100 2764 occasibus
3133 2724 3234 2780 pro
3263 2709 3434 2781 signis
3463 2717 3592 2765 sunt

2026 2802 2113 2857 usi
2157 2800 2225 2856 ad
2252 2801 2727 2872 praicognitionem
2771 2801 3173 2871 praedictorum.
3234 2801 3401 2858 Ortus
3444 2801 3591 2857 enim

2024 2909 2186 2950 veros
2228 2901 2282 2949 et
2329 2908 2560 2950 occasus
2604 2893 2870 2964 contingit
2922 2908 3045 2949 esse
3093 2893 3398 2950 invisibiles
3438 2912 3452 2948 :
3495 2908 3592 2949 eos

353 2987 450 3041 ἀπ’
497 2987 672 3059 ἀρχῆς
728 2989 1215 3059 παρατηρήσαντες
1274 2989 1369 3043 καὶ
1428 2989 1816 3061 συνταξάμενοι
1860 2991 1926 3047 τά

2026 3002 2177 3051 vero,
2226 2986 2321 3057 qui
2350 2988 2704 3056 apparebant,
2762 2995 2917 3043 ortus
2954 2993 3009 3042 et
3055 2999 3307 3052 occasus,
3342 2992 3593 3057 poterant

355 3081 795 3151 παραπήγματα,
829 3078 1179 3145 ἐξετάσαντες
1206 3081 1333 3145 τοὺς
1360 3080 1559 3147 τόπους
1597 3082 1692 3136 τοῦ
1735 3081 1926 3147 ζωδια-

2027 3077 2232 3140 vi‘dere,
2263 3085 2317 3132 et
2338 3064 2494 3133 'circa
2525 3084 2767 3148 tempora
2813 3076 2955 3132 dicta
2986 3077 3319 3141 discernere,
3351 3090 3418 3132 eo
3447 3075 3592 3146 quod

353 3169 453 3224 κοῦ
486 3170 706 3234 κύκλου,
738 3171 795 3225 ὲν
827 3164 908 3234 οἷς
939 3170 1016 3234 ὡς
1059 3168 1261 3223 ἐπίπαν
1294 3172 1352 3226 αί
1393 3171 1689 3242 μεταϐολαὶ
1713 3171 1806 3225 τοῦ
1833 3171 1926 3226 ἀέ-⁵

2029 3164 2276 3224 Pleiades
2298 3168 2612 3227 occidentes
2633 3168 2865 3224 habeant
2894 3169 3058 3224 talem
3088 3168 3221 3235 vim,
3255 3173 3316 3223 ut
3353 3166 3596 3237 humidi.

355 3278 452 3334 ρος
490 3261 745 3332 γίνονται,
780 3263 1150 3333 ἐπεσκέψαντο
1180 3263 1320 3317 κατὰ
1358 3264 1483 3328 τοὺς
1530 3264 1752 3337 χρόνους
1798 3263 1924 3318 τού-

2029 3269 2192 3318 tatem
2229 3261 2521 3331 quamdam
2562 3260 2710 3317 circa
2746 3275 2926 3317 aerem
2960 3268 3252 3331 generent;
3286 3267 3380 3315 aut
3399 3274 3593 3318 rursus

352 3368 479 3415 ¹τους
521 3351 643 3406 τίνα
671 3351 778 3406 τῶν
829 3352 1042 3425 ἄστρων
1084 3353 1384 3418 ἀνατέλλει,
1422 3354 1456 3426 ἢ
1510 3354 1922 3424 συγκαταδύνει,

2027 3354 2267 3409 orientes
2294 3355 2501 3410 aestatis
2538 3354 2756 3409 initium
2782 3353 3106 3426 signiﬁcent.
3142 3352 3297 3410 Unde
3318 3361 3374 3410 et
3400 3352 3593 3410 Hesio-

356 3443 450 3496 καὶ
479 3445 602 3506 ταῖς
625 3443 828 3498 τούτων
856 3444 1129 3508 ἐπιτολαϊς
1156 3445 1248 3498 καὶ
1278 3443 1462 3498 δύσεσι
1495 3446 1741 3517 σημείοις
1768 3446 1928 3517 ὲχρή-
2028 3444 2133 3501 dus
2156 3445 2355 3516 inquit:

356 3552 519 3592 σαντο
564 3539 645 3601 είς
684 3537 782 3609 τὴν
830 3538 1139 3608 πρόγνωσιν
1178 3539 1288 3593 τῶν
1324 3540 1754 3613 προειρημένων.
1806 3539 1917 3605 Τὰς
1956 3540 2053 3611 μὲν
2085 3537 2194 3610 γὰρ
2244 3537 2508 3602 ἀνατολὰς
2539 3538 2640 3603 τάς
2681 3537 2939 3611 ἀληθινὰς
2975 3541 3068 3595 καὶ
3122 3537 3302 3603 δύσεις
3351 3536 3596 3612 ἀθεωρησ-

354 3649 482 3695 τους
521 3628 656 3686 εἶναι
686 3633 996 3704 συμϐέϐηκε
1016 3651 1032 3667 ο
1063 3634 1161 3699 τάς
1190 3634 1246 3688 δὲ
1289 3635 1618 3707 φαινομένας
1658 3635 1920 3706 ἠδύναντο
1948 3636 2100 3708 όρᾷν,
2128 3635 2223 3689 καὶ
2253 3634 2380 3706 περὶ
2433 3633 2558 3697 τοὺς
2593 3632 2853 3704 ῥηθέντας
2908 3633 3133 3706 καιροὺς
3187 3634 3595 3706 διαλαμϐάνειν,

354 3728 438 3781 ὅτι
464 3728 521 3781 αί
552 3728 807 3793 Πλειάδες
836 3728 1086 3784 δύνουσαι
1119 3728 1302 3800 ἔχουσί
1335 3746 1459 3784 τινα
1512 3730 1766 3802 τοιαύτην
1816 3730 2063 3801 δύναμιν,
2100 3728 2240 3783 ὥστε
2274 3726 2541 3799 ὑγρασίαν
2596 3726 2718 3781 τινὰ
2747 3728 2875 3800 περὶ
2913 3728 3006 3781 τὸν
3060 3728 3199 3801 ἀέρα
3254 3730 3590 3808 ἀπογεννᾷνσ

355 3821 391 3894 ἢ
425 3821 585 3877 πάλιν
610 3823 976 3878 ἐπιτέλλουσαι
1006 3823 1194 3896 θέρους
1238 3823 1411 3897 ἀρχὴν
1444 3824 1907 3897 διασημαίνουσιν.
1935 3824 2096 3878 Ὅθεν
2126 3823 2220 3878 καὶ
2263 3822 2502 3886 Ἡσίοδός
2529 3838 2661 3894 φησι
2681 3839 2694 3853 ο

356 3938 687 4012 Πληΐὰδῳνᾲ
716 3940 1113 4012 Ἀτλαγενέων
1162 3940 1697 4012 ἐπιτελλομενάων,

361 4010 630 4079 Ἄρχεσθ’
659 4010 909 4080 ἀμήτουε
930 4012 1164 4079 ἀρότοιο
1189 4011 1276 4076 δὲ,
1300 4010 1745 4082 δυσονομενέων.

358 4122 433 4177 Οὐ
484 4122 570 4177 διά
618 4121 715 4193 τὴν
770 4121 864 4177 τοῦ
910 4121 1109 4195 ἄστρου
1172 4123 1431 4196 δύναμινο
1484 4122 1761 4187 παντελῶς
1817 4123 1925 4195 γάρ

360 4213 506 4266 ἐστιν
558 4211 902 4284 ἀπόπληκτον
920 4229 934 4242 ·
972 4214 1083 4268 εἴτε
1110 4214 1218 4286 γὰρ
1257 4214 1459 4286 πύρινά
1485 4216 1600 4268 ἐστι
1628 4214 1697 4269 τά
1727 4215 1922 4287 ἄστρα,

360 4303 471 4357 εἴτε
508 4304 742 4375 αἰθέρια,
769 4305 845 4369 ὡς
890 4305 1115 4377 ἀρέσκει
1140 4308 1271 4372 τισὶ,
1315 4308 1490 4362 πάντα
1516 4307 1615 4379 τῆς
1642 4306 1810 4377 αὐτῆς
1837 4307 1929 4360 ού-

363 4396 483 4460 σίας
514 4395 608 4450 καὶ
641 4396 921 4469 δυνάμεως
953 4398 1335 4471 κεκοινώνηκε,
1378 4400 1469 4453 καὶ
1506 4399 1759 4469 οὐδεμίαν
1792 4416 1927 4470 συμ-

2037 3939 2342 3994 Pleiadibus
2369 3938 2605 3993 Atlantis
2636 3936 2850 4007 ﬁliabus
2884 3935 3173 3991 orientibus

2033 4011 2210 4080 Incipe
2230 4024 2478 4065 messem:
2514 4005 2807 4063 arationem
2836 4024 2954 4062 vero
2986 4005 3339 4062 occidentibus

2029 4123 2149 4179 Non
2196 4129 2417 4194 propter
2448 4121 2583 4176 astri
2617 4120 2725 4175 vim
2761 4119 3026 4174 :ornnino
3071 4117 3215 4173 enim
3259 4117 3317 4174 id
3356 4125 3441 4174 est
3481 4127 3599 4175 stuc

2030 4213 2217 4285 pidum
2250 4228 2263 4263 :
2303 4214 2418 4269 sive
2461 4211 2606 4265 enim
2657 4210 2814 4282 ignea
2839 4216 2969 4266 sunt
3002 4216 3171 4275 astra,
3195 4209 3311 4265 sive
3338 4210 3595 4278 mtherea,

2030 4313 2092 4360 ιιι
2126 4307 2303 4377 placet
2354 4303 2628 4374 aliquibus
2654 4343 2668 4369 ,
2701 4303 2883 4358 omnia
2920 4302 3164 4358 eamdem
3207 4304 3503 4358 essentiam
3542 4312 3599 4358 et

2030 4398 2140 4452 vim
2174 4396 2367 4451 sortita
2410 4402 2559 4459 sunt,
2588 4401 2642 4449 et
2681 4394 2885 4448 nullam
2916 4393 3119 4448 habent
3160 4402 3403 4447 mutuam
3447 4408 3599 4448 com-

361 4486 589 4542 πάθειαν
619 4488 732 4559 ἔχει
767 4489 902 4561 πρὸς
935 4490 1003 4544 τὰ
1028 4491 1119 4544 ἐπὶ
1150 4491 1248 4561 τῆς
1276 4492 1379 4562 γῆς
1412 4489 1686 4562 γινόμενα.
1727 4491 1790 4543 Ἡ
1821 4489 1926 4561 γὰρ

2034 4488 2345 4558 passionem
2392 4501 2522 4556 erga
2572 4498 2635 4539 ea
2692 4500 2813 4555 qua:
2858 4484 2915 4538 in
2959 4492 3101 4539 terra
3139 4483 3294 4538 ﬁunt.
3329 4480 3598 4539 Universa

363 4577 717 4651 σύμπασαγῆ
748 4581 969 4655 κέντρου
1001 4582 1158 4652 λόγον
1190 4581 1300 4654 ἔχει
1335 4582 1470 4655 πρὸς
1499 4583 1597 4654 τὴν
1630 4581 1737 4635 τῶν
1760 4580 1930 4635 ἀπλα-

361 4669 465 4723 νῶν
500 4675 756 4742 σφαῖραν,
789 4673 882 4727 καὶ
925 4674 1149 4740 οὐδεμία
1185 4674 1456 4744 ἀποφορὰ,
1490 4675 1611 4728 οὐδὲ
1657 4674 1929 4745 ἀπόρῤοια

359 4762 639 4817 διικνεῖται
695 4765 802 4818 ἀπὸ
846 4766 953 4819 τῶν
998 4766 1249 4821 ἀπλανῶν
1278 4767 1519 4837 ἀστέρων
1552 4764 1645 4818 ἐπὶ
1668 4764 1764 4836 τὴν
1802 4764 1926 4834 γῆν.

361 4848 486 4916 Πῶς
517 4853 853 4925 ὑποληπτέον
878 4855 1100 4920 τούτους
1131 4856 1348 4929 ὄμϐρων
1375 4856 1468 4909 καὶ
1492 4855 1814 4925 πνευμάτων
1836 4854 1932 4909 καὶ

359 4944 599 5017 χαλάζης
632 4947 948 5020 παραιτίους
979 4949 1240 5018 γίνεσθαι,
1270 4947 1365 5015 ἀφ’
1399 4940 1474 5001 ὧν
1515 4946 1739 5017 οὐδεμία
1773 4943 1932 4998 δύνα-

364 5054 453 5106 μις
488 5037 673 5091 πίπτει
708 5040 843 5109 πρὸς
871 5042 1045 5111 ήμᾶς;
1092 5040 1223 5093 Ἀπὸ
1257 5040 1354 5110 μὲν
1382 5037 1490 5109 γὰρ
1520 5037 1671 5110 ἡλίου
1708 5037 1801 5090 καὶ
1839 5053 1931 5089 σε-

358 5126 524 5199 λήνης
554 5129 831 5184 διικνεῖται
853 5133 886 5202 ὴ
907 5131 1134 5203 δύναμις
1160 5130 1253 5183 ἐπὶ
1283 5129 1378 5203 τὴν
1400 5129 1504 5199 γῆν
1539 5127 1678 5183 κατά
1699 5128 1795 5192 τὰς
1828 5144 1932 5198 με·

358 5218 615 5284 ταϐάσεις
640 5222 817 5275 αὐτῶν
857 5224 948 5276 καὶ
991 5221 1251 5294 μειζόνων
1300 5223 1394 5275 καὶ
1441 5220 1769 5275 ἐλαττόνων·
1804 5219 1931 5273 ὅθεν

360 5307 578 5378 εὔλογον
625 5312 762 5384 πρὸς
800 5314 1024 5379 τούτους
1073 5313 1414 5386 συμπάθειαν
1455 5309 1592 5367 εἶναι
1638 5311 1779 5367 κατά
1828 5310 1932 5383 τὴν

360 5400 589 5455 ἑκάστου
627 5403 855 5475 δύναμιν
899 5405 1110 5460 αὐτῶνθ
1154 5408 1210 5461 αἱ
1253 5407 1309 5461 δὲ
1340 5407 1449 5460 τῶν
1478 5406 1733 5461 ἀπλανῶν
1766 5406 1935 5460 ἀστέ-

364 5507 470 5562 ρων
511 5494 755 5549 ἐπιτολαὶ
806 5498 899 5550 καὶ
948 5497 1127 5562 δύσεις
1180 5499 1406 5570 σημείου
1449 5497 1600 5563 τάξιν
1649 5498 1931 5569 ἐπέχουσι,

363 5580 609 5653 καθάπερ
656 5586 1002 5657 προείπομεν.
1060 5588 1221 5647 Ὅθεν
1269 5589 1387 5641 οὐδὲ
1445 5588 1784 5660 προληπτέω
1832 5588 1936 5652 τὰς

304 5672 309 5677 ’
361 5673 529 5738 αύτάς
542 5676 911 5747 ἐπισημασίας
924 5679 1281 5735 ἐπιτελεῖσθαι
1294 5680 1357 5734 ἐκ
1372 5678 1480 5734 τῶν
1495 5677 1674 5733 αὐτῶν
1691 5679 1905 5751 ἄστρων
1916 5695 1930 5711 ·

428 5806 476 5841 ⁸⁸
506 5808 549 5878 Ῑ.
578 5811 698 5865 ἐπεὶ
725 5810 801 5867 δέ.

2029 4580 2174 4634 enim
2206 4586 2353 4633 terra
2388 4577 2559 4633 centri
2592 4577 2855 4633 rationem
2894 4576 3057 4632 habet
3105 4575 3174 4631 ad
3235 4574 3598 4632 inerrantium

2031 4671 2332 4742 sphaeram;
2401 4685 2502 4724 nec
2542 4669 2650 4724 ulla
2697 4668 2781 4725 vis
2832 4681 3093 4724 cmanans
3134 4674 3227 4721 aut
3274 4665 3599 4738 proﬂuvium

2029 4763 2277 4834 pervenit
2316 4760 2386 4816 ab
2430 4760 2801 4816 inerrantibus
2848 4758 3020 4815 stellis
3064 4757 3130 4813 ad
3181 4767 3404 4813 terram.
3445 4755 3598 4822 Quo-

2030 4859 2193 4911 modo
2236 4854 2542 4926 putandum
2572 4861 2657 4909 est
2702 4853 2804 4908 has
2845 4850 3099 4906 imbrium
3127 4856 3183 4905 et
3232 4855 3519 4903 ventorum
3545 4853 3600 4902 et

2031 4948 2359 5021 grandinum
2408 4961 2604 5003 causas
2658 4959 2801 5009 esse,
2831 4959 2863 4999 a
2895 4944 3095 5015 quibus
3131 4942 3278 4996 nulla
3316 4940 3398 4996 vis
3447 4939 3598 4994 cadit

2033 5040 2103 5095 ad
2150 5039 2285 5095 nos?
2325 5037 2464 5093 Nam
2496 5053 2526 5093 a
2558 5038 2674 5094 sole
2714 5036 2933 5108 quidem
2981 5044 3036 5091 et
3065 5035 3195 5089 luna
3235 5032 3484 5105 pervenit
3514 5030 3597 5086 vis

2034 5130 2101 5184 ad
2134 5138 2335 5185 terram
2367 5128 2665 5185 secundum
2701 5126 2968 5181 transitus
2995 5139 3185 5181 eorum
3242 5130 3296 5178 et
3328 5122 3597 5192 majorum

2032 5228 2088 5276 et
2124 5221 2417 5276 minorum.
2460 5217 2615 5274 Unde
2665 5225 3087 5272 consentaneum
3126 5222 3212 5270 εει
3264 5219 3425 5268 terra
3470 5225 3597 5266 cum

2034 5313 2120 5369 his
2145 5328 2268 5369 esse
2302 5319 2546 5367 mutuam
2591 5308 3008 5366 consensionem
3040 5305 3340 5363 secundum
3367 5303 3476 5361 vim
3501 5316 3603 5357 cu~

2030 5407 2232 5478 jusque
2284 5420 2494 5461 eorum.
2526 5402 2897 5459 inerrantium
2943 5416 3074 5458 vero
3119 5399 3399 5456 stellarum
3444 5402 3601 5451 ortus

2034 5508 2089 5556 et
2115 5514 2348 5555 occasus
2380 5497 2524 5569 signi
2561 5496 2831 5553 rationem
2861 5494 3132 5557 obtinent,
3165 5492 3310 5548 sicut
3341 5486 3600 5561 praedixi-

2035 5603 2182 5643 mus.
2230 5585 2386 5642 Unde
2437 5602 2508 5643 ne
2561 5584 2911 5642 statuendum
2963 5583 3185 5654 quidem
3236 5588 3323 5637 est
3380 5576 3604 5635 easdem

2038 5676 2459 5750 signiﬁcationes
2488 5675 2677 5733 uertici
2707 5691 2775 5733 ex
2804 5674 2999 5733 iisdem
3026 5672 3229 5740 astris;
3286 5669 3385 5729 sed
3407 5680 3606 5729 secun-
