4124 6400
562 406 669 464 817

1534 399 1626 454 ΑΙ)
1661 398 1929 456 EUSEBH
1959 396 2360 456 'CHRONICON
2401 397 2764 454 APPE-NDIX.

3679 402 3782 460 818

559 525 689 578 dum
741 521 1051 578 earumdem
1102 521 1380 575 climatum
1428 519 1740 584 varietates,
1773 519 2017 575 diversos
2065 529 2107 573 el

2220 519 2353 574 ἀλλά
2395 520 2532 573 κατά
2592 519 2690 582 τάς
2742 518 2848 572 τῶν
2903 518 3080 572 αὐτῶν
3113 517 3388 590 κλιμάτων
3431 517 3784 590 παραλλαγάς

560 627 716 671 ortus
746 623 798 670 et
827 630 1058 670 occasus
1089 623 1359 669 astrorum
1390 613 1524 677 ﬁeri,
1569 621 1622 667 et
1653 613 1872 682 quidem
1898 614 1952 666 in
1983 627 2114 682 quo-

559 709 692 763 libet
739 708 1020 762 horizonte
1081 705 1297 777 propria
1347 705 1502 776 signa
1552 704 1752 760 habere
1804 705 2119 759 mutationis

559 801 723 854 aeris.
754 797 896 852 Idem
924 797 1069 852 enim
1110 811 1437 866 parapegma
1464 810 1572 850 non
1606 801 1783 865 potest
1817 810 2121 865 congruere

559 892 613 944 in
668 890 799 944 urbe
839 887 1030 950 Roma,
1071 895 1125 942 et
1173 889 1226 942 in
1280 887 1475 951 Ponto,
1503 893 1558 941 et
1599 887 1654 940 in
1704 885 1919 952 Rhodo,
1956 894 2010 940 et
2065 889 2119 940 in

558 985 692 1038 urbe
720 981 1098 1047 Alexandriae;
1133 979 1228 1034 sed
1268 994 1491 1034 necesse
1526 986 1610 1034 est
1653 986 1710 1032 ut
1751 979 1980 1033 diversae
2012 978 2120 1033 sint

558 1074 965 1129 observationes
1011 1072 1065 1127 in
1101 1073 1332 1126 diversis
1362 1070 1742 1126 horizontibus
1763 1110 1777 1133 ,
1809 1078 1864 1124 et
1903 1072 1954 1124 in
1987 1086 2120 1140 qua-

557 1165 687 1220 libet
715 1165 850 1219 urbe
876 1164 982 1218 alia
1027 1170 1314 1220 sumantur
1346 1169 1495 1217 astra
1552 1161 1979 1232 signiﬁcationes
2005 1160 2117 1214 elli-

556 1257 773 1312 cientia.

630 1344 780 1397 Unde
805 1341 1151 1397 manifestum
1185 1341 1427 1412 estquod
1461 1357 1570 1396 non
1594 1341 1917 1396 naturaliter
1942 1349 2118 1397 astro-

553 1448 676 1487 rum
709 1441 863 1488 ortus
907 1441 960 1488 et
989 1448 1221 1488 occasus
1259 1433 1572 1488 affectiones
1627 1434 1769 1487 aeris
1819 1441 2114 1503 generem;

554 1525 648 1580 sed
676 1526 819 1595 quod
851 1526 904 1578 in
935 1526 1178 1595 quolibet
1207 1524 1490 1579 horizonte
1517 1525 1744 1578 diversa:
1777 1524 1906 1578 ﬁant
1935 1525 2118 1579 obser-

552 1617 801 1672 vationes
833 1624 886 1670 et
943 1632 1130 1671 aerum
1161 1617 1508 1672 mutationes.
1545 1615 1910 1682 Quamobrem
1942 1632 2117 1686 neque

550 1723 742 1762 omnes
767 1705 1192 1777 signiﬁcationes
1223 1705 1276 1759 in
1301 1706 1514 1759 tabulas
1542 1706 1724 1759 relatae
1749 1719 1962 1773 semper
1983 1719 2116 1757 con-

551 1805 784 1868 gruunt;
823 1798 918 1853 sed
950 1797 1222 1851 interdum
1263 1798 1642 1850 universaliter
1673 1812 1782 1850 non
1816 1795 1950 1849 ﬁunt
1979 1812 1993 1848 τ
2019 1796 2113 1850 sed

549 1891 643 1960 qui
679 1891 946 1944 maximas
973 1897 1328 1959 tempestates
1359 1887 1830 1958 comprehendunt
1859 1896 2014 1942 ortus
2061 1897 2114 1942 et
2145 1871 2187 1926 Β

553 1996 827 2047 occasus,
885 1982 940 2035 hi
1007 1981 1245 2036 eﬂiciunt
1305 1981 1626 2035 serenitates
1670 1999 1682 2034 :
1724 1979 1996 2035 interdum
2057 1979 2112 2033 in

556 2073 688 2128 urbe
714 2074 980 2129 serenitas
1013 2072 1297 2142 contingit,
1328 2073 1382 2124 in
1413 2072 1560 2141 agris
1591 2071 1782 2124 imber.
1810 2069 1962 2140 Sarpe
1990 2077 2113 2140 post

551 2165 667 2219 dies
719 2172 833 2218 tres
879 2172 969 2216 aut
1000 2171 1234 2233 quatuor
1293 2163 1490 2231 aliquis
1522 2161 1846 2232 signiﬁcavit
1877 2177 1970 2230 per
2020 2175 2111 2214 or-

549 2263 666 2309 tum
718 2264 812 2308 aut
836 2269 1089 2308 occasum
1141 2255 1274 2307 astri
1312 2259 1666 2306 mutationem
1720 2254 1859 2306 aeris
1897 2267 1910 2303 :
1945 2255 2116 2304 inter-

547 2348 677 2401 dum
733 2346 1024 2400 antevertit
1085 2344 1540 2416 signiﬁcationem
1603 2344 1796 2398 diebus
1849 2350 2105 2413 quatuor.

549 2439 706 2495 Unde
734 2440 827 2509 qui
863 2439 1119 2493 aberrant
1163 2439 1218 2491 in
1263 2437 1706 2506 praedictionibus
1758 2434 2111 2505 signiﬁcatio-

552 2543 683 2581 num
716 2567 730 2591 ,
786 2528 988 2582 habent
1040 2531 1480 2589 excusationem,
1543 2526 1688 2595 quod
1742 2525 2112 2595 anticiparunt

547 2618 1022 2689 signiﬁcationem,
1053 2634 1116 2672 eo
1143 2617 1286 2688 quod
1312 2617 1584 2688 posterius
1607 2624 1689 2671 est
1719 2615 1884 2671 facta.

614 2709 692 2764 Ex
721 2711 922 2779 quibus
966 2710 1220 2765 omnibus
1270 2709 1620 2764 manifestum
1675 2717 1759 2766 est
1803 2712 1946 2780 quod
1992 2727 2111 2781 quae

547 2802 612 2858 ad
645 2803 1072 2874 signiﬁcationes
1113 2811 1380 2874 spectant,
1435 2819 1497 2858 ea
1530 2804 1585 2857 in
1619 2804 1822 2858 tabulis
1853 2804 1975 2858 rudi
2005 2805 2108 2858 Mi-

544 2911 707 2949 nerva
733 2895 841 2949 sint
865 2895 1148 2965 inscripta,
1193 2910 1317 2949 cum
1355 2910 1463 2948 non
1495 2902 1613 2948 arte
1654 2896 1920 2974 quadam,
1936 2911 2110 2966 neque

544 2987 872 3042 necessitate
925 2987 1035 3041 sint
1058 2985 1254 3040 tradita
1279 3025 1293 3049 ,
1326 2985 1419 3039 sed
1453 3001 1516 3041 ex
1552 2988 1812 3041 continua
1847 2988 2109 3042 observa-

543 3077 694 3132 tione
735 3077 1022 3147 inscripta.
1061 3075 1189 3129 Eam
1217 3077 1286 3130 ob
1315 3091 1534 3131 causam
1567 3093 1710 3147 saepe
1743 3078 1858 3133 hare
1889 3079 2104 3134 fallunt.

543 3167 698 3225 Unde
727 3171 987 3240 astrologi
1009 3185 1118 3224 non
1151 3171 1612 3234 suntaccusandi,
1655 3172 1701 3227 si
1735 3174 2108 3230 aberraverint

543 3262 599 3322 in
632 3262 1141 3333 signiﬁcationibus.
1178 3263 1231 3317 Si
1260 3279 1389 3318 vero
1420 3264 1647 3334 eclipsin
1673 3266 1976 3335 praedicens
2005 3268 2105 3321 ali-

541 3355 686 3424 quis,
722 3363 815 3408 aut
851 3364 1029 3408 ortum
1069 3355 1224 3418 astri,
1259 3355 1616 3419 aherraverlt,
1654 3359 1849 3411 merito
1893 3369 1945 3412 et
1989 3367 2105 3413 stu-

538 3446 782 3508 dium,et
811 3445 902 3515 qui
951 3445 1080 3498 illud
1109 3453 1327 3509 tractat,
1363 3454 1710 3501 accusantur.
1738 3446 1930 3500 Omnia
1957 3449 2103 3503 enim

538 3553 658 3608 qum
685 3545 800 3593 arte
834 3537 1122 3591 traduntur
1141 3539 1338 3593 debent
1382 3539 1718 3594 infallibilem
1743 3539 1943 3596 habere
1966 3556 2104 3612 pra:-

537 3630 849 3692 dictionem,
873 3644 967 3684 seu
997 3627 1539 3684 enuntiationem.At
1566 3644 1629 3684 ea
1675 3645 1796 3699 quae
1830 3631 1897 3684 ad
1933 3633 2104 3702 signi-

538 3719 820 3776 ﬁcationes
849 3730 1119 3791 spectant,
1150 3737 1323 3790 neque
1343 3737 1469 3775 cum
1501 3737 1564 3777 ea
1595 3723 2104 3795 assequimur,per-

537 3811 738 3865 fectam
769 3812 980 3867 laudem
1009 3852 1022 3877 ,
1054 3829 1231 3883 neque
1269 3830 1391 3868 cum
1423 3815 1492 3870 ab
1535 3816 1602 3870 iis
1639 3817 1978 3883 aberramus,
2012 3834 2104 3873 ac-

538 3903 879 3959 cusationem
950 3916 1248 3959 merentur.
1299 3905 1619 3976 Astrologiae
1656 3908 1800 3961 enim
1853 3899 1965 3964 haec
2019 3919 2103 3965 est

537 3995 780 4062 quaedam
803 4008 932 4062 pars
955 4010 1149 4065 expers
1175 3997 1310 4050 artis
1329 4035 1343 4059 ,
1374 4005 1428 4050 et
1459 3997 1683 4068 indigna
1716 4013 1837 4067 quae
1862 3999 2103 4068 profera-

535 4092 628 4139 tur
669 4085 723 4138 in
778 4085 1035 4140 medium.
1071 4088 1216 4142 ldein
1263 4088 1595 4159 opinandum
1645 4098 1730 4145 est
1767 4090 1881 4145 ﬁeri
1939 4093 2102 4146 etiam

534 4180 682 4234 circa
705 4176 871 4234 Canis
901 4189 1102 4235 ortum.
1137 4179 1336 4236 Omnes
1367 4182 1512 4236 enim
1547 4191 1758 4251 putant,
1790 4184 1932 4239 hanc
1970 4185 2101 4240 stel-

535 4269 641 4322 lam
673 4271 946 4339 propriam
975 4271 1082 4323 vim
1117 4270 1336 4335 ha‘bere,
1363 4280 1417 4326 et
1445 4287 1666 4327 causam
1693 4289 1815 4328 esse
1846 4274 2101 4329 intensio-

535 4359 623 4414 nis
653 4367 882 4414 aestuum
905 4399 920 4424 ,
957 4375 1080 4414 cum
1129 4361 1290 4415 simul
1347 4362 1524 4416 oritur
1559 4378 1682 4417 cum
1725 4364 1857 4418 sole.
1895 4364 1963 4416 At
1997 4364 2099 4418 hoc

534 4466 644 4505 non
671 4451 746 4504 ita
771 4466 829 4506 se
873 4450 1068 4505 habet:
1103 4451 1197 4505 sed
1228 4451 1485 4521 quoniam
1512 4452 1668 4522 juxta
1700 4453 2096 4509 calidissimum

534 4551 748 4610 tempus
785 4542 913 4594 anni
950 4541 1063 4594 haec
1092 4541 1248 4595 stella
1286 4549 1467 4596 ortum
1521 4542 1775 4607 faciebat,
1810 4543 1972 4612 hujus
2001 4557 2098 4611 ap-

533 4633 802 4703 paritione
825 4633 968 4688 aeris
998 4633 1052 4686 in
1082 4643 1273 4687 aestum
1302 4633 1658 4689 mutationem
1697 4642 1980 4688 notarunt.
2004 4632 2102 4690 Est

533 4737 714 4782 autem
741 4729 820 4782 sol
844 4742 1009 4781 causa
1035 4725 1361 4780 intensionis
1393 4735 1644 4781 :estuum.
1679 4724 1923 4780 Primum
1954 4725 2100 4782 enim

532 4832 657 4872 eum
695 4834 759 4872 ex
810 4819 986 4872 hieme
1031 4818 1205 4871 simus
1237 4815 1528 4887 frigefacti,
1561 4817 1860 4871 secundum
1905 4831 2101 4886 appro-

534 4910 944 4980 pinquationem
983 4925 1104 4980 quae
1137 4910 1191 4963 ﬁt
1227 4911 1293 4964 ad
1329 4924 1428 4963 nos
1452 4949 1465 4974 ,
1493 4909 1684 4979 incipit
1715 4924 1815 4965 nos
1845 4910 1924 4964 sol
1955 4908 2102 4962 cale-

535 5005 712 5060 facere
745 5004 1026 5058 :nondum
1084 5012 1261 5056 tamen
1313 5002 1655 5057 manifestam
1691 5003 1853 5058 eﬁicit
1897 5002 2100 5058 calefa-

532 5096 790 5159 etionem,
827 5110 950 5148 cum
985 5095 1160 5147 adhuc
1192 5093 1514 5162 frigefactio,
1545 5109 1666 5164 quae
1693 5103 1776 5150 est
1797 5094 1866 5148 ab
1901 5094 2096 5157 hieme,

532 5196 882 5258 permaneat;
930 5203 1052 5241 cum
1082 5202 1210 5241 vero
1263 5186 1322 5240 ﬁt
1375 5187 1753 5252 commoratio,
1797 5196 1851 5242 et
1885 5203 2098 5257 semper

532 5280 706 5350 magis
722 5277 830 5349 34
843 5279 1124 5348 magisque
1152 5279 1550 5347 appropinquat
1576 5278 1677 5344 sol,
1697 5279 1963 5350 contingit
1984 5279 2096 5334 ﬁeri

532 5386 756 5426 sensum
783 5367 1190 5432 calci-actionis;
1225 5368 1422 5424 deinde
1444 5371 1711 5440 contingit
1737 5371 1818 5426 bis
1848 5371 1914 5424 ad
1949 5387 2098 5425 eain-

529 5461 654 5514 dem
685 5459 1074 5514 habitationem
1104 5461 1365 5515 continuo
1387 5462 1556 5516 solem
1580 5462 1856 5516 accedere.
1885 5461 2098 5517 Etenim

531 5553 586 5603 in
613 5567 903 5622 progressu
937 5550 1004 5604 ad
1038 5552 1284 5605 aestivum
1322 5553 1590 5622 tropicum
1627 5553 1918 5611 circulum.
1955 5565 2008 5608 et
2044 5556 2098 5606 in

531 5656 778 5707 recessu,
811 5660 907 5713 per
938 5645 1155 5699 easdem
1186 5646 1548 5700 habitationes
1579 5647 1773 5700 transit
1804 5647 1902 5699 sol.
1936 5645 2094 5701 Unde

533 5733 712 5783 evenit
758 5743 977 5804 propter
1019 5750 1240 5791 causam
1287 5736 1428 5789 hanc
1479 5735 1817 5792 intensiones
1862 5747 2095 5793 aestuum

533 5817 668 5872 ﬁeri.
701 5819 964 5878 Przeterea
1005 5839 1262 5882 accessus
1303 5814 1371 5882 ad
1413 5829 1656 5883 aestivum
1703 5829 1974 5899 tropicum
2038 5838 2092 5886 et

2219 611 2506 681 διαφόρους
2561 613 2656 664 καὶ
2709 610 2807 673 τὰς
2857 610 3106 674 ἐπιτολὰς
3157 612 3252 664 καὶ
3294 610 3393 674 τάς
3447 610 3626 674 δύσεις
3676 611 3784 664 τῶν

2221 703 2431 773 ἄστρων
2459 702 2720 770 γίνεσθαι.
2757 703 2866 754 Καὶ
2892 701 2954 772 δὴ
2984 700 3103 754 καθ’
3141 701 3368 754 ἕκαστον
3401 701 3648 774 ὁρίζοντα
3679 701 3783 754 ἴδια

2222 796 2419 864 σημεῖα
2467 793 2608 863 ἔχειν
2636 793 2733 863 τῆς
2762 793 2888 862 περὶ
2922 793 3011 844 τὸν
3039 793 3173 862 ἀέρα
3217 781 3536 862 μεταϐολῆς.
3577 793 3650 845 Τὸ
3677 792 3784 862 γὰρ

2219 886 2349 937 αὐτὸ
2383 884 2722 956 παράπηγμα
2741 885 2799 936 ού
2821 884 3039 938 δύναται
3089 887 3392 953 συμφωνεῖν
3416 885 3471 936 ἐν
3496 887 3560 954 τῇ
3595 883 3781 956 Ῥώμῃ

2220 979 2312 1030 καὶ
2331 980 2386 1030 ἐν
2404 977 2481 1047 τῷ
2512 978 2715 1046 Πόντῳ,
2747 977 2840 1029 καὶ
2871 979 2927 1028 ἐν
2962 976 3144 1046 Ῥόδῳ,
3170 976 3259 1028 καὶ
3287 977 3345 1030 ἐν
3379 975 3768 1046 Ἀλεξανδρείᾳ·

2219 1068 2354 1122 ἀλλὰ
2399 1069 2610 1137 ἀνάγκη
2658 1068 2944 1138 διαφόρους
2984 1067 3082 1130 τὰς
3111 1069 3514 1138 παρατηρήσεις
3555 1063 3692 1120 εἶναι
3724 1070 3780 1120 ἐν

2217 1159 2487 1230 διαφόροις
2536 1159 2794 1228 ὁρίζουσι,
2836 1161 2929 1212 καὶ
2967 1159 3086 1212 καθ’
3125 1159 3362 1229 ἑκάστην
3418 1159 3570 1211 πόλιν
3602 1147 3777 1230 ¹ἕτερον

2218 1252 2584 1322 λαμϐάνεσθαι
2615 1251 2788 1322 ἄστρα
2820 1251 3184 1322 ἐπισημασίας
3213 1249 3580 1304 ἐπιτελοῦντα.

2302 1342 2390 1407 Ἐξ
2421 1337 2480 1396 οὗ
2512 1343 2762 1412 φανερὸν,
2794 1343 2873 1395 ὅτι
2910 1344 2970 1396 οὐ
3023 1342 3264 1411 φυσικῶς
3307 1344 3362 1394 αἱ
3403 1342 3509 1394 τῶν
3565 1341 3776 1412 ἄστρων

2218 1432 2458 1487 ἐπιτολαὶ
2495 1435 2586 1486 καὶ
2623 1433 2800 1496 δύσεις
2823 1433 2891 1486 τὰ
2917 1434 3042 1503 περὶ
3079 1434 3167 1486 τὸν
3201 1433 3337 1504 ἀέρα
3381 1433 3526 1503 πάθη
3548 1434 3763 1502 ἀπογεν-

2217 1527 2397 1582 νῶσιν·
2432 1525 2565 1579 ἀλλά
2591 1525 2709 1578 καθ’
2731 1526 2957 1578 ἕκαστον
2990 1525 3235 1595 ὁρίζοντα
3261 1525 3504 1596 διάφοροι
3537 1542 3770 1595 παρατη-

2221 1619 2405 1689 ρήσεις
2431 1617 2702 1684 γεγόνασι,
2726 1617 2819 1670 καὶ
2865 1616 2972 1668 τῶν
3006 1616 3181 1686 ἀέρων
3229 1616 3540 1685 μεταϐολαί.
3583 1616 3775 1687 Διόπερ

2215 1709 2336 1761 ούδέ
2371 1710 2536 1761 πᾶσαι
2567 1705 3022 1776 ἐπισημασίαι,ὲν
3053 1709 3164 1769 τοῖς
3190 1707 3622 1776 παραπήγμασιν
3654 1707 3756 1774 άγό

2220 1817 2395 1871 μεναι,
2425 1799 2509 1852 ἀεὶ
2553 1798 2952 1867 συμφωνοῦσιν·
2999 1798 3110 1851 ἀλλ’
3143 1798 3258 1850 ἐστι
3291 1797 3389 1868 μὲν
3433 1799 3520 1850 ὅτε
3552 1797 3778 1850 καθόλου

2215 1893 2276 1945 ού
2311 1891 2566 1960 γίνονται,
2601 1888 2734 1942 ἀλλά
2771 1889 2898 1952 τοὺς
2943 1889 3231 1959 μεγίστους
3275 1889 3623 1959 περιέχουσαι
3663 1905 3777 1958 χει-

2217 1982 2401 2054 μῶνας
2434 1981 2676 2034 ἐπιτολαὶ
2702 1980 2794 2033 καὶ
2817 1979 3014 2044 δύσεις,
3043 1980 3220 2044 εὐδίας
3252 1980 3603 2034 ἀποτελοῦσιν
3622 1999 3635 2011 ο
3664 1981 3779 2035 ἔστι

2213 2076 2257 2128 δ’
2283 2077 2369 2129 ὅτε
2407 2074 2548 2128 κατὰ
2580 2075 2677 2145 μὲν
2717 2073 2813 2145 τήν
2844 2073 2996 2127 πόλιν
3025 2073 3174 2126 εὐδία
3207 2074 3439 2141 ἐγένετο,
3471 2075 3562 2126 ἐπὶ
3597 2072 3779 2145 χώρας

2212 2169 2268 2222 δὲ
2317 2168 2550 2242 ὄμϐρος·
2608 2166 2863 2229 πολλάκις
2901 2167 2956 2220 δέ
3009 2184 3092 2228 τις
3139 2165 3256 2236 μεθ’
3287 2166 3500 2236 ἡμέρας
3545 2169 3691 2236 τρεῖς
3741 2167 3778 2237 ἢ

2216 2261 2486 2333 τέσσαρας
2546 2261 2858 2332 ἐπεσήμηνε
2907 2263 2973 2331 τῇ
3016 2259 3234 2330 ἐπιτολῇ
3279 2259 3310 2329 ἢ
3354 2261 3420 2329 τῇ
3472 2258 3619 2311 δύσει
3683 2257 3778 2310 τοῦ

2214 2339 2416 2422 ἄστρου
2438 2367 2452 2381 ο
2482 2351 2596 2404 ἔστι
2632 2351 2688 2404 δὲ
2722 2353 2808 2404 ὅτε
2853 2350 3118 2422 προέλαϐε
3147 2351 3242 2420 τὴν
3279 2349 3645 2418 ἐπισημασίαν
3673 2346 3779 2418 πρὸ

2213 2442 2430 2513 ήμερῶν
2478 2444 2772 2514 τεσσάρων.
2809 2443 2969 2496 Ὅθεν
3004 2443 3095 2496 καὶ
3127 2442 3672 2511 οἱάποτυγχάνοντες
3714 2441 3775 2493 ἐν

2211 2537 2327 2596 ταῖς
2349 2536 2684 2604 προρρήσεσι
2701 2534 2807 2586 τῶν
2830 2533 3208 2605 ἐπισημασιῶν
3229 2533 3440 2603 ἔχουσιν
3461 2533 3776 2600 ἀπολογίαν,

2212 2625 2293 2678 ὅτι
2318 2625 2612 2695 προέλαϐον
2651 2625 2747 2696 τὴν
2778 2625 3165 2695 ἐπισημασίαν,
3190 2625 3270 2676 ὅτι
3301 2623 3501 2693 ὑστέρα
3542 2623 3775 2690 ἐγένετο.

2292 2717 2380 2781 Ἐξ
2409 2711 2481 2770 ὧν
2512 2719 2727 2771 πάντων
2767 2718 3016 2788 φανερὸν,
3052 2718 3132 2769 ὅτι
3169 2717 3237 2769 τά
3275 2717 3415 2770 κατὰ
3445 2717 3546 2778 τὰς
3585 2719 3778 2785 ἐπιση-

2214 2809 2412 2878 μασίας
2434 2811 2489 2862 ἐν
2512 2812 2622 2872 τοῖς
2657 2811 3092 2880 παραπήγμασιν
3115 2809 3559 2880 ὁλοσχερέστερον
3587 2809 3781 2876 ἀναγέ-

2210 2912 2472 2966 γραπται,
2501 2898 2559 2949 οὐ
2611 2897 2772 2970 τέχνῃ
2819 2899 2923 2950 τιν)⁵
2951 2897 3070 2950 οὺδέ
3112 2898 3325 2970 ἀνάγκῃ
3363 2897 3776 2968 μεθοδευόμενα,

2209 2989 2321 3042 ἀλλ’
2352 2991 2415 3041 ἐκ
2437 2989 2534 3060 τῆς
2555 2989 2806 3059 συνεχοῦς
2837 2991 3268 3059 παρατηρήσεως
3295 2988 3775 3061 ἀναγεγραμμένα.

2209 3081 2300 3134 Διὸ
2346 3081 2602 3142 πολλάκις
2639 3081 2997 3151 διαψεύδεται.
3034 3081 3193 3134 Ὅθεν
3228 3081 3346 3133 ούδέ
3378 3081 3782 3151 κατηγορητέον

2210 3170 2325 3223 ἐστὶ
2347 3170 2452 3223 τῶν
2474 3169 2834 3242 ἀστρολόγων,
2853 3171 2946 3225 ἐὰν
2975 3172 3418 3241 ἀποτυγχάνωσιν
3442 3175 3499 3225 ἐν
3517 3176 3636 3234 ταῖς
3659 3173 3781 3224 ἐπι-

2213 3262 2525 3332 σημασίαις.
2573 3263 2696 3316 Ἐἀν
2749 3263 2792 3315 δ’
2836 3261 3073 3332 ἔκλειψιν
3107 3262 3380 3334 προειπών
3421 3263 3565 3333 τιςή
3599 3264 3780 3316 ἐπιτο-

2209 3354 2306 3425 λὴν
2354 3354 2553 3426 ἄστρου
2600 3355 2890 3427 διαμάρτῃ,
2943 3355 3176 3424 εὐλόγως
3218 3355 3402 3409 καὶτὸ
3440 3355 3779 3426 ἐπιτήδευμα

2211 3447 2303 3498 καὶ
2360 3448 2388 3498 ό
2444 3446 2945 3518 μεταχειριζόμενος
3007 3448 3336 3519 κατηγορίας
3396 3448 3775 3520 ἀξιωθήσεται.

2211 3536 2390 3591 Πάντα
2444 3538 2552 3609 γὰρ
2593 3538 2752 3610 τέχνῃ
2790 3539 3180 3609 μεθοδευόμενα
3208 3540 3610 3611 ἀδιαμάρτητον
3635 3539 3780 3610 ἔχειν

2209 3629 2409 3695 ὀφείλει
2443 3629 2539 3700 τὴν
2566 3631 2855 3699 ἀπόφασιν.
2886 3632 2966 3683 Τά
3011 3632 3067 3684 δὲ
3117 3631 3244 3701 περὶ
3282 3631 3379 3694 τὰς
3411 3633 3778 3702 ἐπισημασίας

2209 3717 2318 3770 οὔτ’
2346 3720 2812 3790 ἐπιτυγχανόμενα
2839 3721 3099 3793 ὁλοσχερῆ
3133 3723 3224 3775 τὸν
3252 3723 3471 3776 ἔπαινον
3503 3722 3635 3792 ἔχει,
3663 3722 3778 3776 οὕτ⁹

2209 3809 2690 3878 ἀποτυγχανόμενα
2723 3811 3072 3879 κατηγορίαν.
3109 3812 3365 3881 Ἀτεχνον
3389 3811 3498 3882 γάρ
3520 3829 3572 3864 τι
3610 3813 3779 3883 μέρος

2209 3901 2325 3952 ἐστὶ
2351 3898 2505 3951 τοῦτο
2534 3898 2633 3968 τῆς
2665 3899 3037 3970 ἀστρολογίας,
3059 3904 3152 3954 καὶ
3172 3903 3271 3954 οὐκ
3303 3901 3452 3966 ἄξιον
3475 3906 3774 3976 προφορᾶς.

2208 3995 2281 4046 Τὸ
2307 3994 2363 4046 δὲ
2391 3993 2519 4046 αὐτὸ
2557 3993 2890 4064 ὑποληπτέον
2913 3996 3006 4047 καὶ
3034 3995 3160 4065 περὶ
3193 3996 3289 4065 τὴν
3319 3997 3495 4060 Κυνὸς
3525 3997 3777 4067 ἐπιτολὴν

2208 4084 2468 4153 γίνεσθαι.
2494 4086 2699 4147 Πάντες
2723 4085 2830 4157 γάρ
2864 4086 3334 4156 ὑπολαμϐάνουσιν
3375 4088 3509 4142 ἰδίαν
3547 4089 3774 4160 δύναμιν

2206 4175 2348 4245 ἔχειν
2397 4176 2485 4228 τὸν
2527 4177 2748 4247 ἀστέρα,
2788 4178 2880 4229 καὶ
2910 4179 3194 4250 παραίτιον
3236 4179 3480 4248 γίνεσθαι
3521 4181 3622 4250 τῆς
3665 4181 3775 4234 τῶν

2206 4268 2496 4338 καυμάτων
2548 4269 2845 4332 ἐπιτάσεως
2883 4271 2997 4340 ἅμα
3030 4271 3473 4325 συνεπιτέλλοντα
3498 4271 3576 4343 τῷ
3614 4275 3771 4344 ἡλίῳ.

2206 4359 2375 4412 Τοῦτο
2417 4359 2460 4410 δ’
2505 4360 2603 4412 οὐκ
2633 4359 2776 4413 ἐστιν
2803 4361 2974 4424 οὕτως
3013 4362 3134 4432 ἕχον
3155 4381 3166 4392 ·
3196 4363 3330 4416 ἀλλά
3363 4365 3484 4417 ἐπεὶ
3517 4365 3657 4418 κατά
3685 4366 3775 4418 τὸν

2205 4449 2646 4519 προειδέστατον
2692 4451 2881 4521 καιρὸν
2925 4450 3016 4504 τοῦ
3070 4453 3312 4505 ἐνιαυτοῦ
3341 4449 3491 4516 οὗτος
3529 4456 3556 4506 ὁ
3599 4455 3774 4525 ἀστήρ

2205 4537 2474 4600 ἐπέτελλε,
2502 4541 2566 4608 τῇ
2587 4538 2775 4591 τούτου
2806 4538 2964 4607 φάσει
2995 4539 3400 4610 ἐσημειώσαντο
3424 4542 3523 4613 τήν
3555 4544 3690 4615 πρὸς
3713 4544 3774 4596 τὸ

2204 4635 2390 4704 καῦμα
2420 4633 2717 4705 μεταϐολὴν
2766 4633 2858 4686 τοῦ
2907 4635 3083 4706 ἀέρος.
3117 4636 3272 4688 Ἔστι
3300 4636 3356 4689 δὲ
3384 4639 3412 4689 ὁ
3446 4638 3596 4707 ἥλιος
3630 4656 3772 4709 παρ-

2201 4727 2370 4789 αίτιος
2404 4729 2502 4796 τῆς
2546 4727 2844 4790 ἐπιτάσεως
2894 4729 3004 4782 τῶν
3042 4730 3358 4798 καυμάτων,
3397 4731 3620 4801 Πρῶτον
3672 4733 3774 4802 μὲν

2201 4819 2329 4889 γὰρ,
2357 4821 2421 4871 ἐκ
2445 4817 2537 4870 τοῦ
2561 4819 2826 4890 χειμῶνος
2853 4819 3278 4890 κατεψυγμένων
3310 4821 3486 4891 ἡμῶν,
3517 4823 3658 4876 κατὰ
3679 4823 3774 4876 τὸν

2203 4910 2562 4981 συνεγγισμὺν
2609 4910 2698 4964 τὸν
2741 4911 2876 4982 πρὸς
2918 4913 3067 4982 ἡμᾶς
3117 4911 3341 4983 ἄρχεται
3373 4916 3518 4984 ἡμᾶς
3547 4913 3774 4986 θερμαί-

2201 5020 2310 5056 νειν
2329 5020 2340 5032 ·
2381 5002 2532 5056 οὔπω
2575 5002 2631 5055 δὲ
2671 5002 2890 5074 ἔκδηλον
2924 5005 3067 5055 ποιεῖ
3091 5003 3188 5074 τὴν
3217 5004 3539 5076 θερμασίαν,
3566 5007 3645 5059 ἔτι
3671 5008 3774 5077 τῆς

2200 5094 2547 5164 καταψύξεως
2587 5093 2693 5147 ἀπὸ
2730 5095 2822 5147 τοῦ
2855 5095 3116 5165 χειμῶνος
3159 5095 3545 5166 διαμενούσης’
3582 5099 3775 5168 ἐπιμο-

2199 5187 2294 5258 νῆς
2322 5187 2378 5238 δὲ
2410 5186 2718 5257 γινομένης,
2754 5185 2848 5238 καὶ
2883 5185 3081 5255 μᾶλλον
3114 5185 3200 5238 ἀεὶ
3226 5187 3318 5238 καὶ
3348 5186 3546 5257 μᾶλλον
3583 5205 3774 5257 συνεγ-

2198 5277 2438 5345 γίζοντος
2481 5277 2571 5330 τοῦ
2605 5278 2774 5347 ἡλίου,
2818 5278 3139 5350 ἐπαίσθησιν
3183 5277 3467 5348 συμϐαίνει
3508 5279 3606 5349 τῆς
3642 5279 3771 5350 θερο

2203 5371 2400 5440 μασίας
2431 5370 2692 5437 γίνεσθαι
2714 5369 2901 5422 ἔπειτα
2937 5369 3222 5439 συμϐαίνει
3253 5369 3333 5432 δὶς
3355 5371 3447 5422 ἐπὶ
3478 5369 3574 5440 τὴν
3601 5371 3772 5442 αὐτὴν

2198 5460 2407 5530 οἴκησιν
2443 5460 2581 5514 κατὰ
2626 5459 2686 5512 τὸ
2730 5461 2944 5531 συνεχὲς
2996 5459 3304 5513 ἐπιϐάλλειν
3341 5460 3430 5513 τὸν
3463 5460 3633 5531 ἥλιον.
3662 5462 3773 5515 Καὶ

2198 5554 2306 5624 γάρ
2323 5555 2377 5605 ἐν
2389 5555 2453 5623 τῇ
2475 5553 2691 5623 παρόδῳ
2706 5556 2769 5624 τῇ
2791 5552 2923 5623 πρὸς
2940 5553 3028 5604 τὸν
3051 5553 3259 5624 θερινὸν
3280 5553 3534 5623 τροπικὸν
3551 5552 3770 5617 κύκλον,

2199 5643 2289 5695 καὶ
2311 5643 2366 5695 ἐν
2383 5645 2447 5712 τῇ
2472 5643 2817 5714 ἀποχωρήσει
2853 5642 2949 5705 τὰς
2975 5641 3141 5704 αύτάς
3167 5643 3406 5710 οἰκήσεις
3433 5640 3723 5712 παροδεύει
3745 5644 3775 5694 ὁ

2196 5735 2363 5806 ἥλιος.
2401 5735 2559 5788 Ὅθεν
2607 5735 2890 5807 συμϐαίνει
2936 5736 3023 5788 διὰ
3082 5736 3179 5803 τὴν
3232 5734 3408 5788 αἰτίαν
3435 5734 3640 5804 ταύτην
3672 5733 3774 5796 τὰς

2199 5830 2476 5893 ἐπιτάσεις
2516 5828 2624 5883 τῶν
2677 5830 2970 5900 καυμάτων
3003 5827 3268 5897 γίνεσθαι.
3307 5827 3511 5882 Ἔτιδέ
3545 5828 3638 5880 καὶ
3671 5826 3774 5890 τὰς
