4124 6400
339 436 447 494 849

1370 428 1606 485 GEMINI
1640 424 2007 483 ELEMENTA
2044 419 2533 481 ASTRONOMIE.

3470 411 3575 468 850

343 546 638 623 προσόδους
680 545 783 623 τὰς
817 542 953 616 πρὸς
996 541 1088 596 τὸν
1135 539 1344 614 θερινὸν
1396 541 1652 613 τροπικὸν
1694 540 1788 594 καὶ
1826 538 1922 601 τὰς

2039 551 2287 594 recessus
2336 548 2557 590 omnino
2596 541 2650 586 et
2702 529 2915 601 parvos:
2963 532 3019 584 et
3062 523 3406 581 insensibiles
3456 538 3581 580 esse

343 639 725 711 ἀποχωρήσεις
758 637 958 708 μικράς
989 652 1050 688 τε
1074 633 1350 699 παντελῶς
1374 635 1468 687 καὶ
1490 630 1915 703 ἀνεπαισθήτους

345 727 483 786 εἶναι
512 728 826 801 συμϐέϐηκε
846 744 860 757 ·
902 727 1086 798 σχεδὸν
1112 727 1223 797 γὰρ
1255 728 1341 795 ἐφ’
1372 726 1582 798 ἡμέρας
1624 732 1676 794 μ’
1705 724 1798 778 ἐπὶ
1824 722 1916 777 τοῦ

345 819 404 873 θε
414 818 559 891 ρινοῦ
573 816 834 890 τροπικοῦ
854 816 1054 869 κύκλου
1075 815 1173 887 τὴν
1201 816 1466 885 ἐπιμονὴν
1488 816 1742 868 ποιεῖται.
1761 813 1920 868 Ὅθεν

345 912 440 965 καὶ
489 911 557 965 τὰ
605 909 808 982 μεγέθη
855 908 963 962 τῶν
1004 908 1226 980 ἡμερῶν
1272 909 1401 978 περὶ
1448 908 1546 971 τὰς
1586 906 1791 978 τροπὰς
1829 907 1921 959 ἁν-

346 1001 677 1072 επαίσθητον
698 1000 809 1072 ἔχει
829 998 928 1071 τὴν
962 998 1318 1071 παραὺξησιν.
1338 997 1487 1051 Ἐπεὶ
1504 998 1560 1051 δὲ
1582 997 1710 1069 περὶ
1731 996 1919 1049 τοῦτον

345 1097 438 1150 τὸν
466 1095 655 1167 καιρὸν
679 1094 961 1148 ἐπέτελλεν
977 1094 1023 1126 ⁸³
1052 1095 1081 1145 6
1111 1092 1294 1156 Κύων,
1323 1095 1389 1164 τῇ
1422 1092 1610 1145 τούτου
1646 1090 1805 1160 φάσει
1829 1089 1921 1142 τὸν

347 1186 539 1258 καιρὸν
571 1183 978 1255 ἐσημειώσαντο
1012 1184 1112 1255 τῆς
1143 1184 1252 1237 τῶν
1277 1184 1571 1254 καυμάτων
1598 1180 1919 1247 ἐπιτάσεως,

345 1279 443 1348 οὐχ
471 1276 547 1340 ὡς
575 1277 740 1332 αὑτοῦ
765 1275 861 1330 τοῦ
887 1277 1088 1348 ἄστρου
1134 1276 1421 1347 παραιτίου
1469 1274 1774 1344 γινομένου,
1805 1273 1918 1326 ἀλλ’

345 1368 423 1432 ὡς
451 1368 546 1421 τοῦ
580 1368 730 1439 ἡλίου
758 1368 856 1439 τὴν
888 1367 1066 1421 αἰτίαν
1093 1366 1323 1437 ἔχοντος.

421 1456 486 1529 Et
534 1455 633 1527 μὲν
679 1451 772 1509 οὖν
830 1455 907 1519 ὡς
942 1456 1166 1527 σημεῖόν
1194 1473 1279 1519 τις
1304 1457 1567 1528 λαμϐάνει
1603 1459 1695 1512 τοῦ
1729 1458 1920 1530 καιροῦ

358 1564 457 1618 την
508 1545 603 1600 τοῦ
640 1547 817 1611 Κυνὸς
850 1547 1121 1620 ἐπιτολὴν,
1147 1548 1322 1621 ὀρθῶς
1363 1549 1644 1620 λαμϐάνει,
1675 1548 1922 1620 καθάπερ

349 1638 607 1712 Ὅμηρός
637 1655 798 1708 φησιν
823 1640 916 1693 ἐπὶ
943 1640 1035 1693 τοῦ
1060 1641 1236 1704 Κυνὸς
1266 1641 1466 1705 οὕτως’
1730 1631 1871 1642 ⁴-”“’

631 1751 832 1807 Κακὸν
857 1752 924 1806 δέ
950 1770 1014 1807 τε
1039 1750 1206 1823 σῆμα
1229 1753 1520 1808 τέτυκται.

346 1864 421 1917 06
455 1858 563 1933 γὰρ
584 1863 660 1927 ὡς
683 1863 816 1919 ἰδίαν
841 1863 1067 1935 δύναμιν
1092 1863 1305 1937 ἔχοντος
1332 1863 1493 1918 αὑτοῦ
1524 1863 1659 1935 πρὸς
1686 1864 1787 1935 τὴν
1803 1864 1922 1917 ἐπί-

346 1954 653 2103 Ξαετϊτῶν
698 1954 1021 2030 καυμάτων,
1051 1956 1164 2013 ἀλλ’
1190 1958 1270 2023 ὡς
1307 1957 1532 2031 σημείου
1554 1958 1715 2035 χάριν
1733 1974 1924 2029 παρει-

376 2068 647 2105 τιμιιωου.

376 2068 647 2122 ημμενου.

2039 628 2320 698 contingit.
2375 623 2510 680 Fere
2537 623 2681 677 enim
2714 620 2780 675 ad
2809 619 2926 675 dies
2953 617 3024 672 40
3053 618 3108 670 in
3152 616 3339 672 aestivo
3370 613 3582 682 tropico

1977 749 1980 752 ~
2034 722 2242 777 circulo
2269 734 2476 774 moram
2508 716 2656 772 facit.
2675 713 2829 769 Unde
2856 720 2911 767 et
2933 708 3334 780 magnitudines
3372 705 3585 761 dierum

2025 815 2170 870 eirea
2187 812 2422 870 solstitia
2451 808 2768 865 insensibile
2790 805 2990 859 habent
3015 802 3427 856 incrementum.
3445 795 3583 850 Cum

2037 921 2166 961 vero
2210 905 2358 960 circa
2409 902 2512 957 hoe
2565 907 2779 969 tempus
2822 904 3001 950 ortum
3035 892 3237 947 faceret
3262 887 3448 951 Canis,
3485 885 3587 938 hu-
3681 871 3689 884 ’

2038 997 2130 1068 jus
2160 994 2500 1066 apparitione
2553 989 2992 1060 signiﬁcaverunt
3026 989 3239 1052 tempus
3263 974 3587 1033 intensionis

2035 1096 2309 1154 astuum;
2355 1100 2464 1141 non
2487 1083 2632 1154 quod
2672 1082 2847 1151 ipsum
2896 1087 3100 1133 astrum
3136 1075 3207 1128 sit
3255 1083 3450 1135 causa,
3490 1064 3583 1122 sed

2030 1185 2175 1256 quod
2205 1183 2288 1240 sol
2319 1182 2462 1236 hanc
2490 1192 2710 1234 causam
2738 1174 2952 1229 habeat.

2118 1449 2175 1505 Si
2203 1449 2370 1520 igitur
2400 1446 2597 1516 aliquis
2633 1457 2731 1514 pro
2760 1442 2916 1513 signo
2939 1437 3197 1508 temporis
3228 1431 3461 1513 accipiat
3475 1429 3584 1485 Ca-
3658 1414 3665 1425 ’

2026 1543 2113 1598 nis
2143 1551 2349 1606 ortum,
2375 1547 2527 1595 recte
2554 1536 2787 1606 accipit;
2822 1535 2962 1590 sicut
2987 1529 3256 1587 Homerus
3304 1525 3482 1595 inquit
3519 1520 3588 1577 de

2024 1633 2172 1690 Cane
2201 1631 2312 1687 sic:

2169 1752 2375 1809 Malum
2403 1759 2577 1804 autem
2603 1748 2810 1819 signum
2837 1744 3037 1814 factum
3071 1748 3167 1795 est.

2027 1865 2148 1920 Non
2184 1865 2329 1921 enim
2352 1861 2698 1935 cogitandum
2727 1867 2829 1923 est,
2860 1856 3018 1928 quasi
3049 1852 3322 1925 propriam
3346 1849 3454 1903 vim
3491 1848 3591 1903 ha-

2032 1959 2158 2015 beat
2195 1956 2359 2012 Canis
2381 1956 2448 2010 ad
2479 1952 2838 2009 intensionem
2866 1957 3122 2013 astuum,
3156 1944 3249 2001 sed
3277 1942 3421 2013 quod
3447 1937 3591 2011 signi

2026 2050 2204 2122 gratia
2236 2053 2552 2117 assumptus
2584 2045 2655 2099 sit
2676 2042 2858 2098 Canis.

423 2143 579 2196 Ὅσοι
636 2142 887 2214 μέντοιγε
940 2142 1050 2197 τῶν
1090 2141 1327 2213 ποιητῶν
1359 2142 1452 2197 καὶ
1489 2141 1790 2213 φιλοσόφων
1827 2141 1925 2214 τὴν

2039 2166 2048 2189 τ
2112 2143 2500 2199 Verumtamen
2539 2137 2633 2207 qui
2687 2152 2752 2190 ex
2792 2132 2965 2204 poetis
3008 2138 3062 2186 et
3100 2124 3435 2200 philosophis
3480 2123 3589 2177 vim

349 2231 579 2304 δύναμιν
631 2235 731 2305 τῆς
768 2235 1070 2298 ἐπιτάσεως
1118 2234 1228 2288 τῶν
1287 2233 1581 2305 καυμάτων
1646 2235 1724 2306 τῷ
1787 2236 1927 2289 Κυνὶ
1973 2232 1978 2237 ’

351 2325 747 2395 προσάπτουσι,
784 2325 918 2378 πολὺ
962 2324 1063 2395 τῆς
1103 2324 1361 2396 ἀληθείας
1407 2328 1499 2379 καὶ
1548 2323 1644 2378 τοῦ
1697 2323 1926 2395 φυσικοῦ

353 2414 513 2485 λόγου
541 2416 945 2488 πεπλανημένοι
976 2416 1132 2469 είσίν.
1180 2416 1238 2470 Ὀ
1275 2417 1384 2488 γὰρ
1425 2416 1599 2489 ἀστὴρ
1634 2413 1786 2481 οὗτος
1828 2417 1935 2487 τῆς

352 2506 524 2577 αὐτῆς
573 2507 759 2571 οὐσίας
808 2505 1174 2578 κεκοινώνηκε
1236 2510 1370 2562 πᾶσι
1397 2512 1510 2573 τοῖς
1539 2509 1777 2581 ἄστροις.
1807 2508 1929 2562 Εἴτε

351 2595 463 2668 γὰρ
513 2596 715 2669 πύρινά
762 2600 928 2665 ἐστιν,
975 2599 1085 2652 εἴτε
1128 2597 1224 2653 καὶ
1262 2599 1476 2672 αἰθέρια
1504 2600 1571 2654 τὰ
1601 2599 1796 2671 ἄστρα,
1832 2601 1930 2671 τὴν

352 2687 523 2759 αὐτὴν
566 2686 679 2758 εχει
723 2687 949 2759 δύναμιν
982 2689 1180 2755 πάντα,
1207 2690 1300 2744 καὶ
1335 2690 1537 2761 ὀφείλει
1571 2691 1930 2763 κατακρατεῖ-

356 2778 480 2833 σθαι
514 2779 618 2832 ὑπὸ
649 2779 743 2833 τοῦ
777 2780 1011 2854 πλήθους
1044 2781 1154 2836 τῶν
1182 2782 1395 2855 ἄστρων
1429 2783 1463 2853 ἡ
1496 2782 1603 2836 ἀπὸ
1627 2780 1721 2834 τοῦ
1755 2780 1931 2844 Κυνὸς

361 2871 635 2943 ἀποφορά.
679 2873 789 2926 Καὶ
830 2872 938 2946 γὰρ
968 2873 1045 2945 τῷ
1079 2873 1297 2946 μεγέθει
1333 2874 1575 2944 μείζονες
1612 2872 1772 2927 αὑτοῦ
1797 2875 1932 2928 εἰσιν

355 2963 558 3033 ἕτεροι,
594 2964 689 3016 καὶ
718 2963 796 3034 τῷ
832 2964 1027 3035 πλήθει
1057 2964 1290 3038 ἄπειροι.
1321 2966 1383 3018 El
1425 2961 1516 3020 οὖν
1567 2965 1626 3030 ἐξ
1683 2966 1933 3020 ἁπάντων

355 3051 535 3107 αὐτῶν
558 3054 592 3123 ἡ
614 3052 840 3125 δύναμις
865 3054 924 3108 οὐ
951 3055 1227 3110 διικνεῖται
1257 3055 1417 3128 μέχρι
1448 3055 1548 3127 τῆς
1570 3056 1691 3129 γῆς,
1712 3057 1831 3111 οὑδέ
1856 3060 1934 3120 είς

353 3144 455 3216 τὴν
471 3143 561 3198 τοῦ
584 3144 733 3216 ἡλίου
758 3145 984 3217 δύναμιν
1002 3147 1152 3201 οὐδὲν
1176 3147 1557 3218 συμϐάλλεται,
1582 3148 1697 3213 πῶς
1715 3147 1936 3203 πιθανὸν

2031 2235 2360 2293 intensionis
2404 2238 2635 2288 astuum
2666 2227 2799 2284 Cani
2849 2225 3153 2286 ascribunt,
3191 2219 3246 2274 bi
3292 2218 3519 2271 multum
3558 2229 3591 2268 a

2028 2326 2255 2400 veritate
2308 2332 2363 2379 et
2425 2320 2667 2377 naturali
2713 2319 2962 2374 doctrina
3017 2314 3425 2369 aberraverunt.
3467 2305 3594 2361 Hac

2028 2398 2174 2476 enim
2199 2417 2356 2472 stella
2386 2414 2631 2469 eamdem
2657 2420 2906 2465 naturam
2947 2406 3140 2463 sortita
3161 2410 3246 2459 est
3268 2416 3389 2457 cum
3419 2398 3595 2454 omni-

2029 2510 2135 2564 bus
2193 2506 2376 2563 astris.
2437 2503 2562 2559 Sive
2589 2503 2735 2557 enim
2789 2504 2949 2570 ignea
3003 2503 3154 2559 sunt,
3199 2493 3315 2549 sive
3362 2488 3596 2545 atherea

2031 2608 2202 2664 astra,
2233 2594 2479 2652 eamdem
2509 2592 2691 2648 omnia
2716 2589 2915 2643 habent
2949 2588 3080 2649 vim,
3112 2592 3166 2640 et
3202 2582 3360 2637 debet
3381 2576 3526 2633 vinci
3563 2590 3595 2629 a

2031 2684 2383 2741 multitudine
2410 2670 2684 2739 astrorum
2724 2677 2974 2735 deﬁuxus
3009 2691 3040 2730 a
3082 2673 3254 2729 Cane.
3297 2669 3432 2725 Nam
3479 2680 3596 2721 ma-

2031 2778 2318 2852 gnitudine
2345 2776 2512 2831 etiam
2547 2773 2758 2829 stellam
2791 2769 2955 2824 Canis
2984 2771 3245 2837 superant
3261 2762 3381 2817 alia
3403 2759 3591 2825 stella,

2033 2880 2087 2929 et
2120 2867 2467 2926 multitudine
2513 2874 2641 2925 sunt
2670 2863 2914 2918 inﬁnita.
2947 2858 3005 2915 Si
3035 2860 3198 2929 igitur
3243 2871 3309 2911 ex
3341 2852 3595 2909 omnibus

2034 2964 2170 3036 ipsis
2196 2964 2280 3019 vis
2306 2977 2415 3017 non
2446 2959 2692 3030 pervenit
2725 2970 2898 3024 usque
2937 2952 3005 3007 ad
3050 2961 3270 3013 terram,
3312 2960 3489 3016 neque
3528 2944 3599 2999 ad

2036 3053 2169 3109 solis
2192 3052 2302 3108 vim
2330 3050 2627 3122 quidquam
2663 3045 2897 3111 confert,
2928 3041 3201 3115 quomodo
3226 3037 3486 3094 credibile
3513 3042 3599 3092 est

2036 3144 2307 3202 deﬂuxum
2346 3143 2414 3198 ab
2439 3156 2551 3196 uno
2581 3148 2731 3195 astro
2759 3144 2964 3192 tantam
2990 3142 3219 3191 astuum
3239 3130 3598 3186 intensionem

354 3239 456 3310 τὴν
485 3239 594 3293 άπὸ
620 3239 713 3295 τοῦ
745 3242 862 3306 ἐνὸς
889 3243 1088 3318 ἄστρου
1121 3245 1398 3318 ἀποφορὰν
1436 3246 1767 3319 τηλικαύτην
1810 3247 1931 3300 ἐπί-

2039 3236 2256 3293 facere?
2318 3232 2527 3302 Quodsi
2592 3247 2701 3286 non
2760 3228 3021 3299 adjuvant
3072 3223 3367 3297 quidquam
3408 3235 3600 3276 omnes

355 3348 515 3386 τασιν
544 3332 654 3388 τῶν
697 3336 994 3410 καυμάτων
1023 3340 1230 3405 ποιεῖν;
1260 3338 1322 3391 El
1349 3327 1504 3409 δὲμὴ
1543 3338 1859 3410 συνεργοῦσί
1879 3356 1932 3392 τι

357 3424 559 3488 πάντες
601 3426 651 3478 οί
706 3425 963 3492 ἀπλανεῖς
1005 3429 1252 3500 ἀστέρες,
1304 3429 1403 3500 τῆς
1449 3431 1619 3502 αὐτῆς
1650 3432 1930 3502 δυνάμεως

356 3518 849 3587 κεκοινωνηκότες,
887 3519 986 3572 οὐκ
1039 3519 1311 3590 ἐνδέχεται
1366 3520 1465 3593 τὴν
1516 3521 1624 3574 ἀπὸ
1667 3521 1762 3575 τοῦ
1815 3520 1933 3584 ἐνὸς

357 3605 558 3678 ἄστρου
592 3607 894 3681 θερμασίαν
939 3610 1203 3683 αἰσθητὴν
1244 3611 1506 3684 διαφορὰν
1529 3612 1846 3681 ἀποφαίνειν
1875 3613 1933 3666 ἐν

356 3701 478 3762 ταῖς
507 3700 888 3765 συνανατολαῖς
913 3700 1006 3755 τοῦ
1039 3702 1210 3774 ἡλίου.

434 3792 593 3845 Ἔστι
649 3793 695 3847 δ’
748 3793 910 3858 αὐτὸς
941 3797 970 3849 ὁ
996 3794 1145 3866 ἡλιος
1172 3796 1455 3867 παραίτιος
1483 3796 1591 3850 τῶν
1616 3797 1931 3866 καυμάτων,

359 3881 503 3940 κατὰ
538 3883 600 3938 τὸ
633 3884 854 3956 συνεχὲς
896 3885 988 3939 τὸν
1021 3887 1182 3940 αὑτὸν
1214 3887 1373 3941 τόπον
1406 3888 1504 3959 τῆς
1532 3874 1793 3959 οἰκήσεως
1819 3890 1937 3942 ἐπι-

360 3976 741 4048 πορευόμενος.
770 3979 846 4032 Οὐ
879 3977 1162 4049 δυνάμενοι
1194 3978 1250 4032 δὲ
1282 3979 1467 4051 κοινὴν
1497 3979 1706 4051 ἡμέραν
1737 3979 1936 4033 ἄπασιν

358 4066 639 4138 ἀφορίσαι,
674 4069 733 4122 ἐν
812 4069 1051 4139 γίνονται
1093 4074 1146 4125 αἱ
1174 4071 1450 4136 ἐπιτάσεις
1478 4071 1587 4125 τῶν
1619 4071 1933 4142 καυμάτων,

361 4158 486 4211 ἐπεὶ
506 4159 646 4213 κατὰ
660 4160 846 4216 τοῦτον
871 4162 961 4216 τὸν
989 4162 1179 4234 καιρὸν
1207 4162 1487 4216 ἐπέτελλεν
1510 4154 1665 4226 οὗτος
1685 4163 1713 4214 ὀ
1740 4161 1934 4232 ἀστὴρ,

366 4250 427 4318 τῇ
453 4248 643 4305 τούτου
683 4253 843 4323 φάσει
879 4253 972 4307 τὸν
1006 4254 1198 4326 καιρὸν
1225 4254 1652 4326 ἐσημειώσαντο.
1686 4290 1691 4297 ~

434 4340 557 4403 Ὀτι
577 4341 634 4394 δὲ
652 4342 752 4395 οὐκ
777 4342 922 4396 ἔστιν
950 4344 979 4396 6
1011 4344 1184 4416 ἀστὴρ
1210 4343 1493 4415 παραίτιος
1517 4343 1617 4413 τῆς
1641 4342 1939 4405 ἐπιτάσεως

361 4430 471 4486 τῶν
496 4433 810 4503 καυμάτων,
835 4435 899 4487 ἐκ
923 4433 1030 4487 τῶν
1056 4434 1307 4503 λέγεσθαι
1351 4433 1652 4505 μελλόντων
1686 4432 1937 4504 φανερόν.

361 4521 586 4594 Πρῶτον
639 4525 737 4595 μὲν
777 4525 886 4597 γὰρ
923 4525 1183 4588 πολλάκις
1216 4525 1663 4579 συνανατέλλουσι
1697 4523 1773 4595 τῷ
1805 4524 1940 4595 ἡλίῳ

363 4614 459 4669 καὶ
488 4616 732 4681 πλείονες
764 4618 858 4672 καὶ
890 4616 1133 4689 μείζονες
1162 4617 1388 4689 ἀστέρες
1407 4660 1422 4685 ,
1452 4617 1547 4672 καὶ
1571 4616 1822 4688 οὐδεμίαν
1851 4618 1937 4671 αι-

366 4706 568 4780 σθητὴν
604 4710 814 4764 ποιοῦσι
848 4708 1222 4782 παραλλαγὴν,
1253 4709 1366 4762 ἀλλ’
1426 4709 1571 4763 ἐστιν
1604 4709 1692 4762 ὅτε
1727 4710 1791 4762 ἐκ
1832 4708 1942 4761 τῶν

364 4801 622 4855 ἐναντίων
651 4803 710 4854 ἐν
740 4804 859 4864 ταῖς
892 4800 1164 4865 ἐπιτολαίς
1191 4801 1369 4854 αὐτῶν
1395 4802 1488 4855 καὶ
1517 4799 1700 4854 δύσεσι
1737 4798 1942 4871 χειμῶ-

362 4907 454 4955 νες
495 4891 755 4960 γίνονται,
791 4894 886 4947 καὶ
913 4895 1101 4964 ἄνεμοι
1128 4893 1325 4965 ψυχροὶ
1362 4892 1631 4960 πνέουσιν,
1663 4891 1738 4956 ὡς
1780 4890 1943 4962 μηδὲν

363 4983 542 5037 αὐτῶν
573 4984 1024 5056 συμϐαλλομένων
1051 4986 1187 5058 πρὸς
1207 4985 1304 5056 τὴν
1331 4984 1576 5037 ἐπίτασιν
1601 4983 1709 5036 τῶν
1740 4983 1946 5053 καυμάρ

362 5087 471 5122 των
493 5086 507 5099 ’
545 5069 803 5136 πολλάκις
835 5072 892 5126 δὲ
923 5072 1017 5126 καὶ
1053 5073 1112 5124 ἐν
1165 5070 1242 5141 τῷ
1279 5070 1428 5139 αὐτῴ
1477 5068 1650 5141 ζωδίῳ
1696 5069 1772 5141 τῷ
1809 5069 1944 5141 ἡλίῳ

362 5161 603 5229 γίνονται
643 5163 870 5232 ἀστέρες
901 5164 1008 5219 τῶν
1037 5164 1078 5216 ε’
1109 5164 1393 5235 πλανητῶν
1425 5165 1474 5217 οἱ
1511 5164 1774 5236 μέγιστοι,
1811 5162 1946 5215 Φαέ-

364 5251 494 5317 θων,
535 5253 845 5325 Φωσφόρος,
887 5254 1138 5326 Πυρόεις,
1174 5254 1265 5323 ἀφ’
1294 5246 1368 5305 ὧν
1414 5255 1506 5307 καὶ
1551 5253 1805 5322 δυνάμεις
1851 5250 1946 5304 bal.

364 5344 463 5416 τὴν
491 5344 597 5415 γῆν
625 5345 907 5409 πίπτουσι,
940 5346 1034 5400 καὶ
1058 5345 1213 5398 οὐδὲν
1243 5344 1395 5416 παρὰ
1430 5344 1527 5415 τὴν
1560 5343 1736 5397 αὐτῶν
1766 5342 1944 5396 αἰτίαν

364 5435 764 5507 διαφορώτερον
797 5437 926 5508 περὶ
950 5439 1041 5490 τὸν
1068 5437 1204 5507 ἀέρα
1235 5436 1462 5505 γίνεται.
1481 5434 1571 5500 Ἐξ
1602 5429 1662 5488 οὗ
1694 5433 1943 5504 φανερὸν,

365 5529 451 5581 ὃτι
482 5529 635 5583 οὐδὲν
664 5528 1058 5599 συμϐάλλονται
1085 5529 1221 5599 πρὸς
1255 5529 1353 5599 τὴν
1386 5525 1634 5581 ἐπίτασιν
1673 5526 1779 5579 τῶν
1811 5542 1946 5578 καυ-

369 5621 559 5692 μάτων
590 5620 703 5674 οὔθ⁹
725 5622 775 5675 οἱ
804 5621 1058 5685 ἀπλανεῖς
1086 5617 1214 5675 οὔθ’⁴
1242 5623 1291 5673 οί
1319 5619 1584 5690 πλανῆται
1616 5619 1869 5690 ἀστέρεςο
1898 5618 1948 5670 εί

368 5711 483 5782 γὰρ
522 5710 749 5782 δύναμίν
799 5728 920 5764 τινα
962 5711 1325 5784 προσεφέρετο
1368 5712 1395 5763 6
1434 5709 1626 5773 Κύων,
1662 5707 1766 5761 ἔδει
1807 5707 1949 5760 κατά

440 5850 485 5882 ⁵⁸
514 5866 602 5919 π).
635 5847 921 5903 ἐπιτέλλει.

2038 3333 2344 3387 inerrantes
2392 3325 2582 3389 stella,
2633 3337 2759 3377 cum
2807 3319 3052 3376 eamdem
3082 3318 3192 3372 vim
3233 3315 3344 3370 sint
3371 3312 3599 3375 sortita,

2040 3439 2152 3479 non
2184 3420 2447 3493 possibile
2474 3424 2559 3474 est
2610 3413 3018 3470 calefactionem
3047 3411 3116 3466 ab
3148 3424 3258 3464 una
3294 3405 3448 3463 stella
3477 3417 3603 3475 pro-

2042 3514 2375 3587 gredientem
2412 3508 2627 3566 edicere
2658 3506 2971 3565 sensibilem
3014 3502 3328 3557 varietatem
3361 3498 3415 3552 in
3440 3490 3606 3551 coor-

2042 3608 2191 3663 tibus
2214 3620 2339 3660 cum
2378 3603 2516 3659 sole.

2109 3787 2209 3842 Est
2242 3794 2421 3840 autem
2452 3782 2573 3853 ipse
2614 3778 2696 3835 sol
2728 3788 2897 3831 causa
2928 3778 3182 3835 astuum,
3233 3765 3497 3822 continuo
3537 3763 3605 3819 ad

2040 3881 2290 3940 eumdem
2332 3880 2510 3934 locum
2543 3871 2895 3930 habitationis
2925 3862 3209 3924 accedens.
3235 3862 3372 3919 Cum
3425 3867 3608 3915 autem

2043 3991 2152 4032 non
2183 3978 2406 4044 possent
2437 3967 2691 4046 omnibus
2722 3963 3036 4020 hominibus
3082 3969 3428 4015 communem
3462 3952 3607 4008 diem

2043 4066 2428 4130 determinare,
2466 4062 2520 4116 in
2551 4075 2661 4131 qua
2690 4058 2774 4113 ha
2820 4054 3160 4111 intensiones
3186 4061 3414 4106 astuum
3448 4045 3607 4109 ﬁunt,

2044 4175 2278 4231 cumque
2307 4158 2455 4212 circa
2488 4154 2592 4209 hoc
2634 4160 2849 4222 tempus
2880 4148 2995 4202 hac
3036 4145 3191 4202 stella
3220 4143 3476 4204 oriretur,
3509 4136 3611 4192 hu-

2040 4255 2135 4325 jus
2173 4249 2513 4322 apparitione
2545 4246 2650 4300 hoc
2686 4253 2900 4312 tempus
2935 4238 3395 4309 signiﬁeaverunt.

2119 4320 2276 4413 Quod
2312 4350 2493 4397 autem
2522 4339 2639 4393 hac
2667 4335 2822 4393 stella
2855 4347 2961 4387 non
2993 4331 3065 4385 sit
3093 4339 3258 4383 causa
3283 4320 3611 4378 intensionis

2047 4412 2302 4501 astuum,
2354 4450 2422 4490 ex
2476 4432 2544 4487 iis
2591 4443 2713 4500 qua
2775 4425 3029 4480 dicentur
3080 4419 3183 4475 erit
3237 4412 3609 4471 manifestum.

2047 4530 2292 4585 Primum
2321 4525 2466 4581 enim
2498 4535 2642 4591 sape
2667 4516 2989 4574 cooriuntur
3020 4524 3144 4566 eum
3178 4507 3292 4564 sole
3344 4511 3399 4559 et
3428 4503 3612 4572 plures

1969 4597 2015 4653 θ
2047 4629 2103 4678 et
2154 4618 2393 4688 majores
2425 4613 2624 4678 stella,
2655 4618 2711 4665 et
2754 4607 2960 4662 nullam
3012 4600 3326 4659 sensibilem
3373 4593 3614 4650 eﬁiciunt

2045 4717 2391 4777 varietatem,
2445 4706 2541 4764 sed
2598 4700 2869 4760 interdum
2908 4693 3218 4753 eeontrario
3248 4691 3303 4744 in
3326 4687 3536 4743 ortibus
3559 4692 3615 4740 et

2047 4804 2339 4863 occasibus
2361 4813 2549 4856 earum
2579 4798 2931 4864 tempestates
2976 4788 3133 4852 ﬁunt,
3167 4791 3223 4840 et
3247 4780 3393 4838 venti
3430 4776 3615 4849 frigidi

2049 4899 2283 4970 spirant,
2319 4903 2577 4964 tanquam
2612 4887 2667 4942 hi
2702 4896 2858 4942 ortus
2886 4889 2939 4938 et
2980 4893 3211 4934 occasus
3250 4874 3387 4929 nihil
3429 4868 3616 4945 confe-

2049 4961 2175 5045 rant
2200 4986 2268 5043 ad
2299 4961 2663 5041 intensionem
2689 4987 2943 5033 astuum.
2981 4970 3135 5042 Saepe
3162 4968 3326 5024 etiam
3351 4966 3405 5018 in
3426 4961 3616 5019 eodem

2050 5082 2208 5153 signo
2232 5094 2357 5135 cum
2388 5076 2504 5132 sole
2526 5079 2655 5129 sunt
2683 5086 2713 5126 e
2730 5069 2971 5140 quinque
2989 5061 3222 5136 planetis
3251 5057 3422 5115 stella
3443 5053 3620 5109 maxi-

2055 5145 2176 5238 ma,
2203 5171 2437 5242 Jupiter,
2467 5164 2686 5222 Lucifer
2727 5170 2782 5216 et
2808 5159 2987 5224 Mars;
3024 5170 3054 5209 a
3089 5153 3290 5225 quibus
3316 5156 3371 5204 et
3392 5147 3538 5202 vires
3561 5145 3618 5213 in

2051 5275 2254 5322 terram
2284 5265 2523 5321 cadunt,
2555 5264 2609 5311 et
2654 5264 2835 5311 tamen
2888 5255 3112 5320 propter
3152 5246 3348 5298 horum
3396 5251 3617 5293 causam

2047 5355 2186 5410 nihil
2217 5354 2367 5407 circa
2390 5363 2569 5405 aerem
2596 5343 2770 5415 magis
2793 5340 2851 5395 ﬁt
2880 5339 3174 5393 diversum.
3202 5330 3282 5386 Ex
3304 5342 3414 5400 quo
3444 5325 3621 5380 mani-

2057 5445 2260 5499 festum
2300 5447 2391 5496 est
2426 5436 2570 5509 quod
2610 5433 2745 5489 nihil
2793 5428 3084 5485 conferant
3136 5424 3204 5478 ad
3254 5418 3619 5476 intensionem

2057 5544 2288 5589 astuum
2318 5544 2497 5600 neque
2526 5527 2832 5581 inerrantes
2862 5534 3038 5590 neque
3063 5521 3311 5572 errantes
3348 5510 3535 5568 stella.
3561 5505 3621 5561 Si

2052 5625 2196 5681 enim
2251 5622 2361 5676 vim
2406 5596 2703 5690 quamdam
2745 5612 2961 5668 afferret
3010 5607 3195 5667 Canis,
3240 5598 3525 5675 oportebat
3563 5596 3621 5652 in

2063 5730 2192 5772 vero
2240 5723 2364 5767 ortu
2411 5708 2775 5766 intensionem
2833 5712 3065 5765 astuum
3117 5696 3255 5753 ﬁeri.
3288 5692 3443 5749 Tunc
3476 5689 3623 5746 enim
