4116 6400
550 408 652 467 851

1508 402 1603 460 AD
1636 400 1904 460 EUSEBII
1942 396 2338 457 CHRONICON
2379 395 2779 455 APPPENDIX.

3666 393 3771 451 852

543 531 710 587 simul
734 543 841 586 una
878 527 1054 585 oritur
1084 539 1206 582 cum
1238 525 1370 582 sole.
1392 523 1510 581 Non
1541 525 1599 580 ﬁt
1629 533 1808 581 autem
1843 524 1968 589 hoc,
2006 538 2078 578 sei

2203 520 2301 593 τὴν
2333 519 2590 591 ἀνατολὴν
2617 518 2725 573 τῶν
2753 516 3046 589 καυμάτων
3071 515 3312 586 γίνεσθαι
3342 514 3616 570 ἐπίτασιν·
3648 516 3767 570 τότε

540 619 601 678 in
647 619 929 694 apparenti
959 627 1083 675 ortu
1119 618 1347 675 maximi
1382 617 1518 672 fiunt
1566 625 1754 673 aestus.
1784 614 1947 671 Circa
1993 614 2099 669 hoc

540 713 683 770 enim
723 722 935 782 tempus
959 712 1042 766 sol
1088 717 1309 781 propter
1344 708 1521 765 dictas
1574 723 1783 765 causas
1816 707 1980 764 eﬂicit
2019 707 2099 761 in-

538 804 841 861 tensionem
874 810 1125 858 aestuum.
1156 803 1213 857 In
1267 800 1457 856 Rhodo
1482 800 1626 856 enim
1668 807 1791 871 post
1818 800 1888 855 '50
1916 799 2033 854 dies
2063 811 2096 852 a

534 896 771 953 solstitio
809 896 984 950 oritur
1026 894 1143 950 haec
1194 893 1391 961 stella;
1429 892 1485 947 in
1515 892 1637 947 aliis
1697 891 1832 947 locis
1874 898 1997 960 post
2025 889 2096 945 40

532 986 648 1041 dies
673 984 847 1041 aestivi
876 982 1129 1049 solstitii;
1161 982 1283 1039 aliis
1316 989 1437 1053 post
1457 980 1556 1036 50:
1594 981 1670 1035 ita
1702 987 1762 1034 ut
1788 978 1910 1049 ejus
1938 986 2094 1033 ortus

532 1090 642 1130 non
675 1075 907 1145 amplius
941 1074 1105 1130 faciat
1131 1075 1494 1129 intensionem
1528 1080 1759 1127 aestuum
1793 1070 1976 1140 :quod
2005 1084 2096 1124 ne-

529 1164 665 1220 mini
693 1179 803 1219 non
827 1164 1176 1221 manifestum
1202 1171 1306 1229 est,
1336 1161 1483 1235 quod
1514 1178 1637 1217 cum
1671 1176 1840 1216 unum
1865 1161 1937 1216 sit
1959 1157 2094 1214 illud

529 1265 765 1328 tempus,
797 1256 943 1327 quod
975 1257 1341 1311 intensionem
1392 1262 1623 1309 aestuum
1657 1251 2089 1320 comprehendit,

528 1347 676 1418 quod
708 1354 793 1403 est
838 1356 962 1418 post
995 1347 1112 1403 dies
1148 1347 1217 1402 50
1246 1345 1469 1402 solstitii
1509 1345 1712 1411 aestivi;
1741 1344 1796 1398 in
1821 1344 1924 1397 hnc
1970 1342 2092 1413 ipso

528 1450 772 1510 tempore
803 1440 945 1509 apud
980 1438 1118 1495 alios
1149 1437 1314 1494 Canis
1359 1437 1568 1502 oritur,
1601 1444 1655 1490 et
1692 1443 1905 1505 tempus
1950 1432 2094 1488 indi-

527 1535 636 1593 cat,
673 1527 815 1599 apud
846 1529 983 1583 alios
1021 1543 1155 1583 vero
1188 1528 1336 1583 aliud
1370 1527 1646 1597 quoddam
1670 1541 1739 1581 ex
1766 1526 1929 1581 astris
1957 1540 2091 1579 con-

526 1618 925 1683 stellationum;
950 1632 1061 1671 non
1088 1618 1231 1672 enim
1256 1618 1419 1672 simul
1440 1616 1696 1672 omnibus
1738 1616 1903 1671 astris
1934 1623 2090 1672 ortus

525 1716 579 1762 et
600 1723 828 1765 occasus
858 1709 1125 1780 contingit
1149 1708 1287 1765 ﬁeri.

580 1950 735 2020 Quod
750 1966 882 2008 vero
896 1967 926 2007 a
942 1952 1189 2024 plurimis
1205 1952 1427 2021 dicitur,
1439 1952 1584 2024 quod
1599 1953 1969 2026 circatempus
1980 1955 2085 2011 hoc

521 2044 630 2118 35
651 2044 815 2103 Canis
840 2046 1051 2101 oriatur
1076 2062 1201 2103 cum
1237 2048 1371 2111 sole,
1395 2047 1618 2102 omnino
1643 2056 1727 2105 est
1752 2048 2082 2119 imperitum.

522 2135 584 2193 ιιι
609 2138 713 2194 hoc
738 2137 883 2193 enim
926 2145 1171 2210 tempore
1216 2139 1508 2209 plurimum
1539 2155 1571 2196 a
1610 2140 1724 2196 sole
1764 2141 1930 2195 distat
1969 2140 2086 2195 haec

523 2228 700 2285 stella.
731 2226 822 2284 Sol
873 2230 1018 2285 enim
1066 2231 1295 2287 omnino
1324 2232 1380 2287 in
1403 2231 1593 2289 aestivo
1635 2231 1849 2302 tropico
1877 2232 2086 2288 circulo

521 2321 629 2377 iter
672 2319 844 2377 facit:
878 2321 1046 2377 Canis
1073 2334 1208 2378 vero
1254 2323 1313 2377 in
1347 2321 1578 2379 hiberno
1617 2322 1829 2393 tropico
1873 2322 2085 2379 circulo

520 2414 660 2470 situs
684 2420 806 2480 est;
833 2413 910 2468 ita
932 2422 992 2468 ut
1014 2412 1070 2467 hi
1099 2413 1393 2468 maximam
1435 2428 1465 2467 a
1493 2428 1553 2470 se
1594 2413 1831 2469 invicem
1876 2413 2086 2470 distan-

518 2504 651 2559 tiam
676 2502 937 2561 habeant.
961 2502 1251 2569 Quomodo
1278 2503 1446 2573 igitur
1477 2512 1666 2573 posset
1706 2503 1873 2558 Canis
1913 2518 2081 2559 causa

517 2610 641 2652 esse
679 2595 1011 2651 intensionis
1055 2594 1331 2649 aestuum?
1358 2593 1560 2650 faceret
1606 2601 1788 2651 autem
1817 2595 2083 2651 intensio-

518 2701 664 2750 nem,
699 2686 936 2757 siquam
986 2685 1095 2741 vim
1141 2685 1366 2741 haberet
1405 2685 1520 2741 haec
1572 2687 1752 2753 stella,
1784 2694 1899 2742 tum
1954 2703 2081 2743 cum

514 2785 663 2834 esset
689 2778 987 2846 conjuncta
1018 2776 1120 2831 soli
1148 2776 1449 2831 secundum
1480 2775 1739 2833 hibernas
1776 2779 2084 2835 conversio-

514 2883 636 2933 nes,
679 2882 914 2938 cumque
960 2867 1193 2923 ferretur
1224 2865 1282 2921 in
1314 2866 1504 2922 eodem
1531 2867 1739 2923 circulo
1774 2868 1890 2923 haec
1923 2869 2079 2924 stella

514 2973 640 3015 cum
660 2959 810 3025 sole;
839 2968 973 3014 tunc
1000 2959 1143 3013 enim
1179 2958 1464 3029 oportebat
1503 2958 1742 3029 aliquam
1785 2959 1932 3024 ﬁeri,
1955 2974 2084 3015 con-

513 3060 599 3105 tra
629 3048 684 3103 id
723 3048 867 3119 quod
917 3054 1160 3120 apparet,
1185 3046 1497 3103 sensibilem
1529 3048 1673 3103 aeris
1700 3048 2078 3104 mutationem.

515 3141 634 3198 Non
666 3143 724 3198 (lt
759 3149 941 3197 autem
976 3141 1101 3205 hoc,
1130 3140 1221 3196 sed
1259 3154 1291 3195 ο
1318 3140 1595 3195 contrario
1640 3141 1824 3210 potius
1871 3140 2068 3197 hiems.

514 3231 670 3292 Unde
697 3233 902 3289 tabulis
938 3246 1038 3304 pro
1067 3231 1223 3302 signo
1249 3231 1542 3287 ascribitur
1565 3242 1724 3289 ortus
1744 3230 1933 3291 Canis.
1964 3232 2072 3288 Ita—
2102 3213 2148 3273 Α

514 3342 623 3397 que
648 3325 1000 3382 manifestum
1043 3334 1127 3381 est
1154 3341 1220 3381 ex
1245 3324 1528 3390 omnibus,
1567 3341 1745 3396 neque
1785 3328 1923 3384 hanc
1951 3330 2077 3384 stel-

510 3421 643 3483 lam,
694 3433 873 3489 neque
913 3419 1072 3474 aliam
1113 3419 1279 3474 ullam
1330 3427 1540 3475 tantam
1595 3420 1798 3476 habere
1846 3420 1977 3486 vim,
2015 3429 2075 3476 ut

510 3508 661 3565 circa
705 3524 886 3565 aerem
925 3511 1253 3565 mutationes
1292 3511 1524 3571 eﬂiciat:
1570 3511 1669 3566 sed
1719 3512 2072 3583 principalem

508 3616 634 3657 esse
659 3614 884 3657 causam
916 3600 1084 3656 solem
1120 3619 1134 3655 :
1164 3602 1358 3657 harum
1390 3617 1521 3656 vero
1551 3609 1706 3657 ortus
1751 3612 1808 3658 et
1841 3619 2074 3660 occasus

508 3693 567 3748 in
622 3691 991 3764 cognitionem
1034 3693 1399 3749 mutationum
1454 3695 1599 3749 aeris
1643 3696 1863 3765 apponi.
1897 3697 2074 3763 Quam

508 3784 582 3840 ob
600 3799 824 3866 causam
852 3800 1029 3856 neque
1057 3800 1273 3856 semper
1323 3796 1647 3857 congruunt.
1694 3786 1845 3843 Unde
1881 3790 2073 3845 melio-

509 3878 665 3934 ribus
686 3878 886 3948 aliquis
914 3885 1160 3933 uteretur
1186 3879 1255 3940 iis
1273 3879 1445 3949 signis
1475 3894 1596 3950 quae
1629 3895 1661 3934 a
1685 3888 1884 3936 natura
1908 3883 2072 3940 nobis

509 3969 732 4031 dantur,
756 3967 957 4038 quibus
990 3975 1047 4023 et
1069 3968 1268 4024 Aratus
1309 3977 1395 4025 est
1428 3985 1585 4025 usus.
1624 3968 1759 4025 Nam
1804 3987 1899 4028 eas
1931 3975 2072 4029 aeris

509 4060 856 4124 mutationes,
873 4073 994 4129 quae
1020 4057 1234 4114 ﬁuntex
1262 4061 1472 4117 ortibus
1506 4070 1561 4118 et
1587 4063 1871 4119 occasibus
1894 4071 2073 4120 astro-

506 4166 650 4215 rum,
678 4151 889 4221 putavit
919 4165 1042 4207 esse
1084 4150 1249 4207 falsas
1279 4171 1293 4208 :
1321 4167 1413 4208 eas
1435 4169 1565 4209 vero
1593 4171 1718 4226 quae
1763 4157 1900 4209 ﬁunt
1922 4165 2073 4211 natu-

506 4244 713 4308 raliter,
738 4251 792 4301 et
815 4243 1048 4315 quadam
1073 4260 1141 4301 ex
1172 4260 1360 4309 causa,
1402 4249 1631 4303 seorsim
1673 4250 1857 4319 posuit
1880 4251 1933 4304 in
1963 4251 2072 4321 Ap-

508 4334 885 4404 parentiarum
911 4341 1165 4397 tractatu,
1190 4335 1245 4389 in
1262 4344 1503 4391 extrema
1539 4339 1663 4393 libri
1692 4340 1862 4394 totius
1892 4349 2065 4411 parte.

507 4422 687 4479 Sumit
714 4426 859 4480 enim
882 4418 1255 4495 praescientias
1271 4442 1302 4481 a
1323 4429 1454 4484 solis
1488 4437 1610 4483 ortu
1634 4437 1687 4484 et
1709 4446 1930 4499 occasu,
1958 4441 2012 4487 et
2036 4449 2067 4487 a

504 4515 648 4572 lunae
665 4516 878 4573 ortibus
900 4526 954 4572 et
980 4517 1284 4585 occasibus,
1308 4517 1378 4574 ab
1400 4534 1548 4583 area,
1564 4522 1679 4576 sive
1703 4536 1927 4586 corona,
1948 4539 2069 4594 quae

503 4606 566 4661 lit
603 4607 753 4662 circa
795 4607 1000 4671 lunam,
1065 4622 1097 4662 a
1131 4602 1304 4663 stellis
1352 4608 1675 4667 cadentibus
1710 4620 1764 4667 et
1801 4627 1832 4666 a
1875 4614 2051 4671 brutis

504 4685 860 4754 animalibus.
883 4697 1018 4753 Nam
1047 4714 1170 4769 qua;
1182 4701 1539 4770 praescientia:
1562 4715 1685 4756 cum
1716 4703 1951 4773 quadam
1973 4719 2073 4759 na-

503 4789 668 4845 turali
697 4803 866 4846 causa
891 4806 956 4845 ex
979 4790 1065 4846 his
1089 4790 1244 4857 ﬁunt,
1288 4794 1604 4849 necessaria
1628 4794 1830 4851 habent
1857 4795 2070 4853 eil’ecta.

503 4872 661 4934 Unde
683 4888 736 4935 et
755 4879 992 4936 Boethus
1022 4882 1402 4952 philosOphus,
1430 4885 1486 4938 in
1514 4892 1712 4955 quarto
1732 4887 1874 4942 libro
1898 4904 2070 4960 espo-

504 4969 721 5026 sitionis
745 4971 918 5039 Arati,
948 4973 1201 5046 physicas
1241 4989 1439 5031 causas
1469 4990 1595 5029 cum
1622 4984 1931 5047 ventorum,
1955 4991 2069 5038 tum

574 5086 688 5164 (49)
728 5090 799 5144 Τὸ
840 5087 909 5164 δὲ
939 5091 1311 5164 Jsrdysror._
1330 5090 1524 5164 Mirum
1559 5092 1831 5164 insignem
1861 5099 2072 5157 mathe-

501 5159 765 5213 maticum
802 5159 940 5214 adeo
978 5162 1260 5229 pueriliter
1298 5159 1697 5217 hallucinatuni
1745 5180 1884 5221 esse.
1933 5164 2068 5225 Nam

501 5229 814 5295 cujusmodi
866 5237 970 5290 est,
1023 5231 1272 5292 obsecro,
1331 5234 1478 5287 illius
1526 5235 1704 5288 ratio?
1750 5236 2067 5294 Caniculam

500 5313 626 5353 cum
664 5300 779 5354 sole
811 5300 1159 5367 conjunctain
1194 5301 1329 5356 nihil
1370 5301 1438 5356 ad
1469 5304 1687 5360 aestivos
1733 5307 1944 5363 calores
1972 5325 2071 5365 au-

498 5368 707 5449 gendos
740 5369 1011 5449 conferre.
1037 5386 1146 5439 quo
1164 5380 1405 5449 tempore
1431 5382 1677 5449 cx_ortum
1699 5373 1877 5449 facere
1906 5380 2068 5449 vulgo

498 5438 823 5511 dici_tur,_ex
849 5455 921 5511 eo
952 5438 1313 5508 demonstrat,
1350 5444 1492 5511 quod
1528 5452 1642 5497 tum
1677 5446 1745 5499 ab
1769 5461 1829 5498 ea
1863 5450 1944 5501 sol
1974 5438 2071 5504 ab-

499 5516 585 5559 est
603 5506 846 5586 longius.
880 5508 993 5586 H_oc
1019 5526 1148 5565 vero
1174 5506 1627 5586 indc'gon‘cludit,
1654 5516 1799 5584 quod
1830 5525 1961 5573 tunc
1983 5520 2068 5574 sol

497 5581 749 5660 aestivum
782 5581 1050 5660 tropicum
1079 5587 1224 5635 tenet
1254 5600 1264 5635 :
1302 5581 1565 5660 Canicula
1595 5581 1724 5660 vero
1754 5586 1808 5639 in
1841 5588 2069 5660 hiberno

498 5653 715 5723 tropico
753 5653 858 5723 sita
901 5657 984 5704 est
1018 5666 1240 5723 square
1282 5654 1330 5708 si
1369 5669 1532 5722 quam
1562 5654 1672 5709 vim
1707 5656 2066 5715 incendendis

496 5713 724 5799 testibus
760 5717 984 5773 haberet
1017 5713 1162 5799 illius
1193 5737 1316 5799 cum
1351 5713 1465 5799 sole
1489 5723 1839 5799 coniunctio,
1870 5742 1932 5782 ea
1962 5713 2062 5799 po;

497 5780 772 5867 tissimum
800 5798 1090 5867 appareret
1119 5794 1338 5867 quando
1372 5793 1454 5847 sol
1488 5794 1541 5848 in
1557 5780 1803 5867 ‘hiberno
1831 5780 2059 5867 ἰήιρῖέο

494 5856 775 5919 Versatur.
811 5855 913 5912 hoc
950 5866 1032 5912 cst
1077 5855 1348 5917 in'eodcm
1382 5879 1505 5918 cum
1544 5864 1802 5921 Canicula
1830 5855 2055 5926 circ'ulo.

2204 611 2315 683 γὰρ
2344 611 2458 682 ἅμα
2487 609 2857 665 συνανατέλλει
2887 608 2962 679 τῷ
2989 607 3141 679 ἡλίῳ.
3160 608 3233 661 Οὐ
3263 606 3467 677 γίνεται
3496 607 3553 660 δὲ
3575 606 3732 660 τοῦτο
3749 621 3764 636 ·

2197 702 2331 757 ἀλλὰ
2364 702 2505 757 κατά
2542 701 2641 771 τὴν
2681 697 3103 769 ἐπιφαινομένην
3140 697 3390 768 ἐπιτολὴν
3425 696 3496 750 τά
3538 698 3768 768 μέγιστα

2198 795 2451 865 καύματα
2504 792 2729 861 γίνεται.
2786 790 2922 861 Περὶ
2967 788 3076 858 γὰρ
3123 788 3214 842 τὸν
3271 786 3459 857 καιρὸν
3500 786 3686 840 τοῦτον
3736 788 3767 840 ὁ

2195 889 2343 959 ἥλιος
2364 888 2453 941 διά
2479 886 2580 951 τὰς
2607 883 3008 958 προειρημένας
3029 882 3206 945 αἰτίας
3227 880 3511 951 παραίτιός
3528 881 3641 933 ἐστι
3668 880 3767 950 τῆς

2195 979 2497 1043 ἐπιτάσεως
2523 977 2631 1032 τῶν
2661 976 2979 1046 καυμάτων.
3030 974 3118 1027 Ἐν
3158 972 3322 1042 Ῥόδῳ
3349 971 3447 1042 μὲν
3480 970 3591 1043 γὰρ
3628 970 3768 1040 μετὰ

2195 1072 2238 1124 λ’
2271 1072 2482 1143 ἡμέρας
2515 1073 2614 1141 τῆς
2658 1070 2868 1141 τροπῆς
2898 1066 3167 1120 ἐπιτέλλει
3211 1065 3241 1116 6
3284 1063 3476 1135 ἀστὴρ,
3505 1065 3563 1117 ἐν
3589 1062 3766 1126 ἄλλοις

2192 1163 2249 1218 δὲ
2279 1164 2461 1225 τόποις
2487 1161 2625 1233 μετά
2648 1168 2699 1232 μ’
2727 1160 2940 1231 ἡμέρας
2968 1159 3064 1229 τῆς
3095 1156 3312 1230 θερινῆς
3339 1156 3565 1226 τροπῆς,
3596 1149 3676 1218 οἷς
3701 1155 3760 1208 δὲ

2197 1254 2334 1326 μετά
2379 1261 2420 1307 ν’
2442 1271 2456 1284 ο
2504 1248 2646 1306 ὥστε
2696 1251 2890 1323 μηκέτι
2923 1250 3019 1321 τὴν
3052 1249 3295 1301 ἐπίτασιν
3329 1246 3439 1300 τῶν
3471 1245 3764 1316 καυμάτων

2190 1344 2289 1415 τὴν
2331 1342 2581 1414 ἐπιτολὴν
2625 1342 2788 1395 αὑτοῦ
2821 1338 3084 1395 ποιεῖσθαι
3131 1337 3344 1407 ἑκάστῳ
3373 1338 3626 1406 φανερὸν,
3681 1336 3764 1389 ὅτι

2190 1438 2219 1490 6
2256 1436 2363 1507 μὲν·
2381 1435 2478 1507 τὴν
2511 1436 2760 1489 ἐπίτασιν
2793 1433 2900 1487 τῶν
2927 1431 3222 1502 καυμάτων
3268 1429 3534 1501 περιέχων
3574 1428 3765 1500 καιρὸς

2190 1523 2269 1592 εἷς
2298 1529 2445 1581 ἐστιν
2474 1529 2503 1581 ό
2543 1526 2681 1598 μετά
2726 1524 2826 1588 τάς
2861 1523 3078 1593 θερινὰς
3116 1519 3323 1593 τροπὰς
3354 1519 3564 1592 ἡμέρας
3589 1518 3666 1572 λ”
3703 1520 3762 1573 ἐν

2187 1617 2244 1670 δὲ
2268 1617 2346 1688 τῷ
2379 1616 2555 1691 χρόνῳ
2597 1616 2769 1686 τούτῳ
2814 1615 2942 1687 παρ’
2979 1609 3061 1678 οἷς
3092 1614 3188 1685 μέν
3213 1616 3243 1668 6
3271 1613 3431 1667 Κύων
3472 1612 3757 1677 ἐπιτέλλει,

2195 1709 2291 1762 καὶ
2317 1709 2407 1761 τὸν
2436 1704 2627 1779 καιρὸν
2664 1704 2876 1777 μηνύει,
2898 1704 3026 1777 παρ’
3052 1698 3132 1767 οἷς
3153 1704 3210 1757 δέ
3240 1702 3365 1758 ἄλλο
3405 1719 3460 1755 τι
3502 1702 3609 1755 τῶν
3634 1719 3763 1755 κατ-

2188 1799 2599 1872 ηστερισμένων
2632 1798 2863 1870 ἄστρωνο
2881 1798 2942 1850 οὐ
2971 1795 3079 1868 γάρ
3109 1795 3223 1865 ἃμα
3244 1796 3376 1847 πᾶσι
3402 1795 3513 1856 τοῖς
3542 1792 3760 1863 ἄστροις

2116 1857 2157 1916 Β
2187 1857 2283 1955 τὰς
2309 1857 2558 1954 ἐπιτολὰς
2589 1890 2683 1943 καὶ
2712 1857 2813 1948 τὰς
2838 1857 3019 1951 δύσεις
3050 1857 3338 1956 συμϐαίνει
3365 1881 3628 1952 γίνεσθαι.

2259 1982 2332 2034 Τὸ
2375 1981 2432 2034 δὲ
2462 1980 2752 2050 λεγόμενον
2784 1977 2894 2049 (49)
2927 1976 3031 2030 ὑπὸ
3067 1975 3178 2028 τῶν
3207 1973 3491 2037 πλείστων,
3519 1974 3599 2026 ὅτι
3635 1972 3761 2043 περὶ

2182 2074 2275 2126 τὸν
2303 2072 2494 2142 καιρὸν
2520 2070 2706 2124 τοῦτον
2753 2068 3033 2124 ἀνατέλλει
3063 2068 3159 2121 σὺν
3188 2065 3266 2137 τῷ
3297 2066 3449 2137 ἡλίῳ,
3483 2063 3761 2125 παντελῶς

2183 2164 2330 2217 ἐστιν
2380 2162 2667 2215 ἰδιωτικόν.
2712 2162 2800 2215 Ἐν
2826 2158 2936 2231 γὰρ
2972 2158 3144 2229 τούτῳ
3187 2155 3267 2228 τῷ
3307 2155 3481 2227 χρόνῳ
3514 2154 3760 2208 πλεῖστον

2184 2253 2293 2307 ἀπὸ
2326 2252 2423 2307 τοῦ
2454 2253 2602 2325 ἡλίου
2630 2252 2909 2324 διέστηκεν
2955 2252 2984 2304 6
3023 2251 3219 2321 ἀστήρ.
3256 2251 3316 2302 '0
3355 2248 3454 2320 μὲν
3480 2248 3585 2319 γὰρ
3611 2247 3760 2319 ἣλιος

2184 2346 2402 2409 πάντως
2447 2340 2539 2398 ἐπὶ
2576 2343 2669 2398 τοῦ
2713 2342 2926 2415 Θερινοῦ
2963 2340 3224 2413 τροπικοῦ
3263 2340 3462 2395 κύκλου
3495 2340 3592 2411 τὴν
3619 2341 3760 2411 πάρ-
3800 2405 3807 2411 ι

2182 2437 2299 2492 οδον
2331 2439 2560 2491 ποιεῖται
2579 2453 2593 2467 ο
2623 2439 2651 2491 6
2679 2437 2736 2491 δὲ
2775 2436 2869 2489 ἐπὶ
2914 2434 3008 2488 τοῦ
3050 2434 3357 2507 χειμερινοῦ
3380 2434 3635 2507 τροπικοῦ
3664 2433 3761 2488 κύ-

2183 2530 2312 2583 κλου
2358 2531 2532 2583 κεῖται
2554 2548 2565 2559 ·
2609 2528 2746 2582 ὥστε
2782 2527 3028 2580 πλεῖστον
3076 2528 3169 2580 ἀπ’
3204 2526 3445 2597 ἀλλήλων
3488 2526 3760 2596 διάστημα

2183 2620 2408 2692 ἀπέχειν
2442 2620 2656 2683 αὐτούς.
2685 2620 2807 2682 Πῶς
2835 2619 2900 2672 ἂν
2931 2615 3023 2672 οὖν
3053 2616 3265 2673 δύναιτο
3300 2618 3585 2689 παραίτιος
3611 2619 3758 2687 γίνε-

2185 2708 2306 2765 σθαι
2330 2712 2427 2783 τῆς
2448 2711 2747 2774 ὲπιτάσεως
2768 2710 2875 2764 τῶν
2897 2710 3224 2781 καυμάτων;
3248 2710 3492 2764 ἐπίτασιν
3507 2710 3561 2763 δὲ
3586 2710 3758 2763 ἐποίει

2183 2802 2269 2866 ἂν,
2300 2804 2351 2855 εἴ
2374 2819 2494 2856 τινα
2524 2802 2751 2874 δύναμιν
2788 2799 2932 2872 εἶχεν
2960 2804 2989 2855 6
3011 2800 3207 2873 ἀστὴρ,
3235 2801 3351 2872 ἅμα
3379 2800 3660 2873 γινόμενος
3679 2802 3757 2873 τῷ

2182 2896 2319 2967 ἡλίῳ
2376 2895 2516 2950 κατά
2560 2896 2875 2968 χειμερινὰς
2918 2895 3126 2968 τροπὰς
3146 2937 3159 2960 ,
3189 2896 3316 2949 ὅταν
3344 2896 3434 2950 ἐπὶ
3465 2896 3559 2950 τοῦ
3589 2895 3755 2950 αὐτοῦ

2184 2988 2381 3041 κύκλου
2414 2988 2642 3059 φέρηται
2676 2990 2704 3041 6
2745 2987 2921 3057 ἀστὴρ
2948 2985 3025 3057 τῷ
3054 2986 3205 3058 ἡλίῳ.
3234 2986 3367 3039 Τότε
3394 2986 3503 3058 γὰρ
3530 2986 3636 3039 ἔδει
3664 3003 3758 3054 γε·

2184 3079 2367 3133 νέσθαι
2399 3079 2522 3133 τινὰ
2550 3080 2686 3152 πρὸς
2720 3077 2779 3132 τὸ
2822 3080 3141 3150 φαινόμενον
3173 3076 3433 3149 αἰσθητὴν
3489 3078 3615 3149 περὶ
3663 3078 3757 3131 τὸν

2183 3169 2320 3239 ἀέρα
2350 3169 2717 3241 παραλλαγήν.
2745 3170 2820 3223 Οὐ
2849 3169 3056 3237 γίνεται
3084 3168 3141 3222 δὲ
3173 3166 3349 3231 τοῦτο,
3392 3166 3506 3220 ἀλλ’
3539 3169 3605 3219 ὲκ
3644 3166 3757 3219 τῶν

2182 3261 2435 3315 ἐναντίων
2471 3261 2696 3332 χειμών.
2731 3261 2892 3314 Ὅθεν
2920 3264 3034 3325 τοῖς
3056 3260 3462 3332 παραπὴγμασι
3491 3257 3757 3329 παράκει-

2179 3369 2268 3405 ται
2302 3355 2550 3423 σημεῖον·
2579 3351 2721 3405 ὥστε
2752 3346 2889 3404 εἶναι
2924 3351 3155 3423 φανερὸν
3180 3352 3246 3404 ἐκ
3269 3351 3507 3414 πάντων,
3530 3350 3612 3402 δτι
3638 3345 3752 3402 οὗθ’

2179 3435 2330 3504 οὗτος
2356 3444 2384 3494 ὁ
2412 3441 2608 3512 ἀστὴρ,
2631 3439 2742 3494 οὔτ’
2771 3440 2927 3504 ἄλλος
2962 3441 3136 3504 οὐδεὶς
3163 3438 3490 3511 τηλικαύτην
3514 3438 3635 3493 τινὰ
3662 3436 3755 3490 δύ-

2178 3547 2339 3600 ναμιν
2369 3529 2498 3600 ἔχει,
2520 3529 2659 3583 ὥστε
2687 3529 2984 3601 μεταϐολὰς
3008 3532 3135 3602 περὶ
3159 3529 3248 3582 τὸν
3268 3529 3406 3601 ἀέρα
3425 3526 3757 3581 κατασκευά-

2180 3622 2318 3687 ζειν⁸
2371 3622 2485 3676 ἀλλ’
2530 3621 2728 3675 ἔστιτὸ
2762 3621 3084 3693 ἡγεμονικὸν
3109 3619 3278 3675 αἴτιον
3308 3621 3435 3693 περὶ
3457 3619 3547 3673 τὸν
3578 3619 3752 3690 ἡλιονο

2178 3715 2236 3767 αἱ
2269 3713 2327 3765 δὲ
2354 3712 2555 3767 τούτων
2585 3714 2830 3768 ἐπιτολαὶ
2863 3715 2957 3767 καὶ
2984 3713 3165 3778 δύσεις
3193 3714 3286 3765 ἐπὶ
3334 3714 3433 3782 τὴν
3460 3711 3754 3781 ἐπίγνωσιν

2176 3803 2285 3857 τῶν
2311 3805 2439 3876 περ)⁸
2479 3805 2573 3859 τὸν
2605 3806 2743 3877 ἀέρα
2782 3805 3093 3877 μεταϐολῶν
3128 3806 3509 3877 παράκεινται.
3561 3803 3639 3857 Δι’
3684 3803 3753 3874 ἡν

2178 3894 2356 3949 αἰτίαν
2392 3895 2513 3949 οὐδὲ
2539 3895 2626 3950 διὰ
2648 3897 2847 3960 παντὸς
2882 3897 3447 3968 συμφωνοῦσιν.”06εν
3489 3896 3754 3969 βελτίοσιν

2178 3988 2242 4043 ἄν
2282 4007 2364 4054 τις
2405 3989 2648 4060 σημείοις
2676 3991 2935 4062 χρήσαιτο
2969 3994 3078 4055 τοῖς
3109 3991 3214 4045 ὑπὸ
3239 3993 3339 4060 τῆς
3367 3989 3577 4060 φύσεως
3618 3992 3756 4061 ἡμῖν

2176 4079 2466 4149 διδομένοις
2484 4096 2497 4111 ⁸
2524 4076 2604 4145 οἷς
2620 4082 2713 4134 καὶ
2738 4083 2967 4153 ’Ἄρατος
2994 4083 3273 4155 κέχρηται.
3295 4081 3405 4145 Τὰς
3432 4082 3529 4152 μὲν
3561 4082 3668 4152 γὰρ
3687 4083 3757 4135 ὲκ

2176 4172 2283 4225 τῶν
2310 4173 2568 4227 ὲπιτολῶν
2595 4175 2688 4228 καὶ
2707 4175 2909 4229 δύσεων
2924 4176 3030 4229 τῶν
3041 4178 3253 4248 ἄστρων
3272 4176 3558 4246 γινομένας
3582 4191 3748 4246 μετα·-

2176 4261 2335 4325 ϐολάς
2354 4262 2446 4315 τοῦ
2467 4264 2625 4334 ἀέρος
2650 4262 2802 4335 ᾠήθη
2830 4259 3379 4336 εἶναιδιεψευσμέναςσ
3401 4264 3498 4329 τὰς
3517 4264 3574 4317 δὲ
3592 4281 3750 4334 φυσιν

2175 4352 2286 4416 κῶς
2321 4354 2610 4423 γινομένας
2630 4355 2722 4407 καὶ
2753 4355 2889 4425 μετά
2921 4372 3063 4420 τινος
3112 4357 3290 4419 αἰτίας
3306 4353 3669 4427 κατεχώρισεν
3691 4357 3749 4409 ὲν

2172 4445 2237 4515 τῇ
2281 4445 2389 4498 τῶν
2431 4445 2765 4517 Φαινομένων
2810 4446 3158 4518 πραγματείᾳ
3199 4448 3290 4501 ἐπὶ
3310 4449 3445 4501 πᾶσι
3471 4448 3570 4518 τῆς
3620 4447 3749 4518 ὅλης

2103 4576 2148 4631 D
2176 4535 2496 4601 συντάξεως.
2531 4535 2808 4608 Λαμδάνει
2839 4537 2945 4608 γὰρ
2988 4538 3085 4602 τὰς
3124 4538 3461 4610 προγνώσεις
3498 4539 3605 4593 ἀπὸ
3648 4541 3749 4611 τῆς

2173 4628 2266 4681 τοῦ
2298 4630 2450 4699 ἡλίου
2488 4631 2751 4701 ἀνατολῆς
2774 4632 2868 4686 καὶ
2888 4631 3224 4697 δύσεως,καὶ
3250 4636 3357 4687 ἀπὸ
3389 4636 3489 4705 τῆς
3520 4633 3747 4704 σελήνης

2172 4719 2443 4774 ἀνατολῶν
2480 4724 2573 4776 καὶ
2602 4724 2825 4789 δύσεων,
2854 4725 2948 4778 καὶ
2979 4725 3086 4778 ἀπὸ
3117 4725 3218 4795 τῆς
3253 4726 3366 4779 ἆλω
3395 4726 3495 4795 τῆς
3524 4724 3745 4796 γινομέ-

2174 4826 2270 4881 νης
2298 4811 2426 4882 περὶ
2445 4812 2541 4884 τὴν
2573 4814 2821 4887 σελήνην,
2847 4816 2941 4870 καὶ
2969 4816 3078 4870 ἀπὸ
3098 4816 3203 4870 τῶν
3221 4814 3566 4870 διαῖσσόντων
3591 4817 3748 4869 ἀστέ-

2177 4917 2306 4972 ρων,
2347 4903 2440 4956 καὶ
2477 4903 2583 4957 ἀπὸ
2613 4905 2719 4958 τῶν
2748 4905 2957 4975 ἀλόγων
2984 4905 3167 4971 ζώωνο
3202 4908 3257 4960 αί
3281 4907 3390 4979 γὰρ
3413 4906 3521 4961 ἀπὸ
3541 4904 3747 4960 τούτων

2175 4991 2529 5063 προγνώσεις,
2578 4995 2716 5067 μετά
2764 5013 2909 5060 τινος
2962 4996 3198 5068 φυσικῆς
3230 4998 3407 5061 αἰτίας
3442 4996 3745 5069 γινόμεναι,

2173 5106 2317 5182 Nihil
2347 5110 2955 5182 liaciargumentatione
2984 5112 3200 5169 falsius.
3244 5112 3377 5180 Quae
3406 5120 3519 5167 tum
3555 5128 3748 5182 proce-

2174 5178 2347 5265 deret,
2383 5178 2637 5265 si‘liicins
2658 5192 2995 5265 mstas'essct
3014 5222 3041 5264 ,.
3059 5192 3152 5236 aut
3155 5185 3235 5265 "in
3261 5178 3381 5265 ipso
3408 5178 3745 5265 Capricorno

2172 5244 2459 5321 siPa‘esset
2479 5252 2760 5306 Canicula.
2797 5252 2919 5306 Haec
2959 5244 3101 5307 enim
3150 5244 3367 5309 Gemini
3413 5244 3657 5321 tempore
3687 5256 3743 5309 in

2172 5318 2339 5386 gradu
2363 5319 2712 5375 Geminorum
2744 5323 2961 5376 circiter
2982 5340 3048 5377 xv
3072 5323 3461 5378 collocabatur.
3496 5318 3744 5377 Distabat

2173 5388 2250 5463 ab
2288 5392 2655 5463 acquinoctiali
2692 5394 2953 5461 gradibus
2997 5392 3110 5447 fere
3159 5410 3280 5459 xvi,
3314 5408 3345 5446 a
3389 5394 3599 5463 tropico
3626 5401 3680 5449 et
3708 5410 3742 5449 a

2172 5459 2286 5533 sole
2311 5475 2475 5528 prope
2503 5476 2591 5516 ιιι..
2615 5459 2750 5515 Cum
2787 5470 2969 5516 autem
2993 5465 3072 5516 sol
3105 5463 3157 5516 in
3182 5459 3499 5531 Capricorni
3530 5465 3743 5533 trepico

2180 5530 2376 5590 stabat,
2412 5533 2756 5585 intervallum
2800 5534 2941 5585 inter
2984 5534 3130 5585 hunc
3175 5541 3228 5587 et
3259 5530 3576 5588 Caniculam
3618 5530 3741 5587 am-

2179 5598 2323 5665 plius
2350 5608 2467 5654 erat
2497 5602 2861 5672 semicirculo.
2889 5601 3029 5667 Quid
3054 5603 3220 5671 igitur
3249 5604 3521 5672 cogitabat
3551 5602 3740 5657 Genii-

2175 5681 2302 5730 nus,
2368 5684 2493 5723 cum
2550 5671 2999 5740 propinquiorem
3074 5672 3177 5725 soli
3242 5671 3558 5728 Caniculam
3615 5689 3743 5727 esse

2175 5740 2462 5802 scriberet,
2498 5740 2722 5815 quando
2752 5741 3038 5815 hibernum
3076 5742 3461 5815 illetropicum
3508 5752 3739 5813 occupat

2172 5822 2335 5876 quam
2376 5825 2501 5863 cum
2552 5811 2606 5864 in
2665 5812 2855 5867 aestivo
2899 5812 3182 5867 moratur?
