4124 6400
354 419 458 476 855

1385 426 1620 483 GEMINI
1659 429 2035 487 ELEMENTA
2075 431 2566 490 ASTBONOMIE.
3482 433 3581 487 85:

354 538 851 610 κατηναγκασμένα
876 539 1056 611 ἔχουσι
1090 540 1158 596 τά
1185 540 1615 617 ἀποτελέσματα.
1647 549 1808 603 Ὅθεν
1836 553 1928 605 καὶ

2035 550 2290 606 imbrium
2326 551 2600 621 exposuit,
2628 565 2696 605 ex
2734 547 3009 620 praedictis
3059 547 3346 620 generibus
3390 559 3592 615 praeco-

355 626 557 700 Βόηθος
588 633 616 684 6
636 631 932 701 ⁴φιλόσοφος
958 635 1015 686 ἐν
1043 633 1118 705 τῷ
1148 634 1388 707 τετάρτῳ
1412 637 1599 709 βιϐλίῳ
1620 641 1716 712 τῆς
1763 641 1920 712 Ἀρά-

351 737 446 774 του
497 721 828 794 ἐξηγήσεως,
871 725 1103 794 φυσικὰς
1145 725 1244 790 τὰς
1282 729 1455 794 αἰτίας
1485 731 1788 786 ἀποδέδωκε
1813 733 1920 786 τῶν

352 828 413 865 τε
440 815 763 884 πνευμάτων
817 817 911 869 καὶ
970 816 1208 888 ὄμϐρων,
1240 820 1304 872 ἐκ
1355 821 1462 874 τῶν
1511 823 1919 894 προειρημένων

2025 643 2303 710 gnitioncs
2341 643 2658 699 ostendens.
2693 641 2790 696 His
2823 643 2994 710 signis
3025 649 3079 696 ct
3115 638 3435 695 Aristoteles
3460 636 3585 706 phi-

2024 734 2285 805 losophus
2318 751 2454 791 usus
2486 747 2589 800 est,
2625 742 2678 790 et
2709 734 2988 798 Eudoxus,
3009 742 3062 788 et
3090 734 3274 804 plures
3301 729 3393 783 alii
3415 734 3593 782 astro--

2023 827 2152 897 logi.

356 906 511 961 εἰδῶν
535 909 632 973 τάς
669 911 1006 982 προγνώσεις
1033 913 1482 986 ἀποφαινόμενος.
1499 916 1720 981 Τούτοις
1739 919 1795 972 δὲ
1819 922 1933 982 τοῖς
1970 922 2214 992 σημείοις
2247 924 2338 978 καί
2380 922 2750 994 Ἀριστοτέλης
2776 922 3034 994 κέχρηται
3083 921 3110 972 6
3139 917 3440 988 φιλόσοφος,
3495 911 3583 964 καὶ

355 1001 603 1069 Εὔδοξος,
630 1004 726 1059 καὶ
752 1008 926 1079 ἕτεροι
960 1010 1202 1074 πλείονες
1229 1012 1337 1065 τῶν
1361 1012 1724 1084 ἀστρολόγων.

883 1126 1276 1179 ΚΕΦΑΛΑΙΟΝ
1322 1128 1419 1183 1Ε’.

812 1239 950 1307 Περὶ
981 1239 1295 1311 ἐξελιγμοῦ
1336 1241 1466 1314 (50).

443 1353 755 1426 Ἐξελιγμός
787 1358 902 1410 ἐστι
931 1358 1120 1428 χρόνος
1157 1360 1434 1431 ἐλάχιστος
1469 1363 1734 1434 περιέχων
1773 1364 1924 1428 ὅλους

363 1447 541 1519 μῆνας
566 1489 581 1512 ,
609 1450 702 1503 καὶ
729 1450 855 1513 ὅλας
884 1451 1123 1524 ἡμέρας,
1155 1455 1250 1507 καὶ
1293 1454 1419 1518 ὅλας
1456 1456 1924 1518 ἀποκαταστάσεις

358 1534 461 1608 τῆς
505 1538 750 1610 σελήνης.
799 1541 949 1594 Ἐπεὶ
989 1544 1097 1613 γὰρ
1129 1543 1157 1595 6
1191 1547 1438 1614 μηνιαῖος
1471 1546 1660 1616 χρόνος
1686 1563 1927 1617 παρετη-

363 1630 500 1702 ρήθη
521 1631 780 1703 ὑπάρχων
808 1633 1028 1704 ἡμερῶν
1049 1634 1247 1688 εἴκοσιν
1266 1637 1418 1691 ἐννέα
1435 1638 1586 1707 ovi/6',
1603 1639 1678 1702 ὡς
1701 1639 1928 1707 ἔγγιστα

363 1722 460 1774 καὶ
488 1723 812 1794 τριακοστοῦ
842 1725 1047 1795 τρίτου,
1083 1727 1114 1796 ή
1148 1726 1203 1778 δὲ
1235 1728 1676 1793 ἀποκατάστασις
1704 1730 1802 1800 τῆς
1836 1747 1925 1783 σε-

360 1813 527 1884 λήνης
566 1807 791 1887 τήμερῶν
821 1816 901 1881 κζ’
933 1817 1026 1870 καὶ
1058 1817 1517 1900 ὀκτωκαιδεκάτου
1559 1818 1632 1883 ὡς
1661 1820 1884 1889 ἔγγιστα
1909 1834 1922 1849 ⁸

2617 1127 2846 1184 CAPUT
2874 1129 2989 1182 XV.
3099 1151 3102 1156 ·

2603 1244 2680 1297 De
2709 1243 3016 1298 evolutione.

2092 1363 2341 1419 Evolutio
2369 1368 2454 1417 est
2473 1368 2686 1430 tempus
2717 1359 3020 1423 minimum,
3044 1359 3327 1414 continens
3348 1359 3589 1432 integros

2021 1463 2317 1524 menses,et
2333 1457 2573 1525 integros
2585 1453 2782 1514 dies,et
2793 1451 3030 1522 integras
3045 1453 3413 1508 restitutiones
3426 1452 3582 1508 lunae.

2028 1547 2163 1601 Cum
2195 1546 2340 1601 enim
2375 1551 2716 1600 menstruum
2753 1550 2965 1610 tempus
3000 1541 3342 1595 observatum
3368 1541 3439 1596 sit
3465 1557 3586 1596 esse

2026 1637 2236 1693 dierum
2249 1636 2319 1691 29
2340 1636 2363 1689 1
2369 1636 2463 1706 /2,
2478 1635 2500 1687 1
2508 1635 2634 1704 /55,
2650 1633 2760 1688 fere
2776 1651 2788 1686 :
2808 1633 3077 1686 restitutio
3088 1647 3212 1686 vero
3231 1633 3370 1686 luna:
3379 1630 3586 1688 dierum

2027 1731 2091 1784 Ἦ
2120 1722 2258 1799 4/18
2281 1728 2411 1784 fere.
2436 1726 2720 1793 quaesitum
2745 1733 2827 1780 est
2857 1735 3066 1793 tempus
3101 1724 3412 1787 minimum,
3441 1724 3587 1793 quod

2026 1821 2267 1878 continet
2287 1820 2523 1890 integros
2540 1817 2678 1880 dies,
2696 1825 2750 1871 et
2767 1817 3002 1886 integros
3029 1831 3262 1880 menses,
3282 1823 3335 1870 et
3350 1815 3587 1885 integras

361 1904 604 2002 ἐζητεῖτο
649 1906 838 1978 χρόνος
881 1910 908 1961 6
954 1907 1263 1978 ἐλάχιστος,
1305 1910 1452 1973 ὅστις
1510 1911 1751 1982 περιέχει
1800 1912 1928 1974 ὅλας

2035 1912 2406 1968 restitutiones
2433 1930 2444 1965 :
2471 1910 2710 1964 inventio
2733 1916 2911 1962 autem
2931 1914 3013 1962 est
3032 1906 3156 1960 talis
3177 1925 3189 1960 :
3209 1905 3357 1961 Luna
3378 1907 3588 1977 irregu-

359 1994 594 2066 ἡμέρας,
626 1996 717 2051 καὶ
747 1998 898 2062 ὅλους
931 1999 1122 2069 μῆνας,
1147 2000 1241 2052 καὶ
1269 1999 1394 2063 ὅλας
1422 2001 1891 2066 ἀποκαταστάσεις
1911 2021 1924 2034 ’

362 2085 478 2140 ἐστι
509 2087 565 2139 δὲ
595 2087 818 2159 τοιαύτη
863 2089 1098 2161 εὕρεσιςο
1149 2093 1214 2144 Ἠ
1245 2091 1438 2162 σελήνη
1477 2092 1775 2163 ἀνωμάλως
1806 2094 1930 2162 φαί-

361 2192 512 2229 νεται
534 2176 962 2251 διαπορευομένη
985 2181 1075 2234 τὸν
1113 2180 1374 2246 ζωδιακὸν
1409 2181 1625 2248 κύκλον,
1661 2185 1754 2238 καὶ
1784 2201 1932 2255 περι.

361 2267 589 2340 φέρειάν
628 2285 753 2324 τινα
783 2271 1061 2341 ἐνεχθεῖσα
1081 2310 1096 2338 ,
1123 2275 1180 2327 ἐν
1211 2276 1278 2344 τῇ
1323 2274 1555 2346 ἐχομένῃ
1595 2276 1778 2348 ἡμέρα
1814 2276 1932 2347 μεί-

361 2357 493 2422 ζονα
539 2359 740 2432 ταύτης
789 2365 1041 2427 κινεῖται,
1087 2363 1180 2417 καὶ
1226 2364 1312 2417 ἀεὶ
1367 2365 1586 2434 μείζονα
1637 2369 1756 2429 ταῖς
1806 2365 1931 2438 ἑξῆς

361 2451 620 2524 ἡμέραις,
649 2453 754 2518 ἐως
783 2455 849 2510 ἂν
885 2455 1145 2526 μεγίστην
1188 2456 1540 2528 περιφέρειαν
1568 2457 1792 2530 κινηθῇ·
1833 2455 1930 2512 εἶτ’

361 2540 518 2607 αὖθις
545 2547 625 2609 εἰς
654 2545 751 2617 τὴν
797 2547 1055 2599 ἐλάττονα
1101 2549 1199 2618 τῆς
1241 2549 1675 2620 προηγουμένης,
1716 2550 1820 2613 ἕως
1867 2549 1933 2604 ἂν

362 2637 456 2690 ἐπὶ
492 2637 593 2708 τὴν
635 2636 695 2702 ἐξ
738 2639 910 2710 ἀρχῆς
950 2639 1235 2709 ἐλαχίστην
1276 2641 1623 2712 περιφέρειαν
1659 2642 1935 2694 ἀποκατα-

365 2726 556 2799 σταθῇ.
594 2727 650 2781 '0
678 2729 735 2781 δὲ
775 2729 964 2800 χρόνος
1067 2729 1172 2783 ἀπὸ
1203 2730 1301 2802 τῆς
1339 2730 1626 2801 ἐλαχίστης
1668 2731 1934 2801 κινήσεως

364 2819 455 2872 ἐπὶ
478 2819 576 2891 τὴν
610 2820 895 2892 ἐλαχίστην
938 2821 1152 2892 κίνησιν
1195 2821 1633 2884 ἀποκατάστασις
1667 2821 1930 2876 καλεῖται.

365 2913 818 2984 Παρατετήρηται
849 2913 906 2967 δὲ
928 2915 954 2966 6
978 2914 1259 2984 ἐξελιγμὸς
1289 2914 1553 2985 περιέχων
1584 2915 1737 2979 ὅλους
1763 2916 1936 2987 μῆνας

366 3004 498 3074 χεῦ’,
542 3005 753 3079 ἡμέρας
793 3004 850 3058 δὲ
896 3005 1129 3076 ,ιβψνςη
1188 3007 1274 3059 Ἐν
1321 3005 1378 3058 δὲ
1424 3005 1500 3078 τῷ
1547 3007 1722 3078 χρόνῳ
1761 3007 1936 3078 τούτῳ

367 3098 600 3151 ποιεῖται
625 3098 724 3167 τῆς
751 3098 893 3152 κατά
919 3099 1089 3169 μῆκος
1115 3098 1477 3170 ἀνωμαλίαςή
1507 3098 1701 3170 σελήνη
1725 3100 1936 3154 ἀποκα-

367 3189 656 3254 ταστάσεις
690 3189 818 3261 ψιξ,
844 3191 1073 3255 κύκλους
1103 3191 1159 3245 δὴ
1183 3190 1481 3256 ζωδιακοὺς
1510 3193 1934 3265 διαπορευομένη

2029 2004 2216 2059 lariter
2238 2016 2530 2073 peragrare
2560 2000 2840 2056 zodiacum
2869 1997 3152 2060 circulum,
3171 2005 3225 2052 et
3249 1997 3361 2052 ﬁeri
3385 2014 3478 2068 per
3504 2011 3590 2053 ar-

2027 2113 2148 2154 cum
2181 2095 2469 2167 quemdam
2499 2093 2851 2163 conspicitur.
2893 2091 2991 2146 Die
3016 2090 3262 2160 sequenti
3299 2091 3402 2145 hoe
3458 2105 3588 2146 arcu

2026 2190 2287 2259 majorem
2305 2187 2520 2243 coniicit
2534 2227 2549 2252 ,
2569 2195 2622 2240 et
2635 2200 2847 2255 semper
2863 2183 3120 2254 majorem
3133 2182 3322 2237 diebus
3333 2183 3591 2237 continuo

2029 2281 2379 2352 sequentibus
2399 2319 2415 2346 ,
2445 2281 2616 2334 donec
2629 2293 2722 2348 per
2736 2276 3030 2332 maximum
3047 2290 3234 2330 arcum
3250 2282 3394 2329 mota
3409 2274 3588 2330 fuerit.

2029 2374 2234 2429 Deinde
2259 2388 2454 2429 rursus
2503 2371 2560 2426 in
2605 2385 2790 2425 arcum
2822 2367 3084 2422 minorem
3109 2364 3432 2437 praecedenti
3465 2365 3552 2420 die
3573 2403 3591 2428 ,

2029 2468 2202 2522 donec
2226 2466 2279 2519 in
2297 2464 2602 2538 minimum,
2622 2462 2713 2532 qui
2733 2460 2832 2515 fuit
2847 2459 3103 2523 abinitio,
3137 2474 3322 2514 arcum
3345 2458 3593 2513 restituta

2032 2559 2215 2614 fuerit.
2242 2556 2477 2626 Tempus
2499 2568 2648 2617 vero,
2673 2553 2815 2623 quod
2832 2560 2916 2606 est
2942 2567 2971 2605 a
2994 2551 3220 2604 minimo
3241 2557 3386 2604 motu
3410 2548 3476 2603 ad
3499 2549 3596 2602 mi-

2033 2651 2238 2706 nimum
2263 2657 2490 2711 motum,
2523 2645 2793 2700 restitutio
2809 2650 3052 2698 vocatur.
3086 2641 3383 2696 Observata
3413 2647 3592 2693 autem

2033 2749 2117 2798 est
2149 2740 2386 2797 evolutio
2433 2739 2717 2793 continens
2758 2737 2998 2804 integros
3031 2749 3245 2789 menses
3291 2731 3430 2797 669,
3477 2731 3597 2787 dies

2036 2843 2162 2883 vero
2193 2825 2386 2882 19756.
2417 2823 2476 2880 In
2503 2826 2605 2879 hoc
2644 2833 2821 2879 autem
2857 2830 3104 2893 tempore
3139 2823 3267 2876 luna
3313 2821 3595 2876 anomaliae

2036 2916 2334 2972 secundum
2374 2912 2764 2984 longitudinem
2787 2910 2916 2965 facit
2942 2909 3311 2964 restitutiones
3336 2905 3458 2968 7i7,
3489 2906 3598 2959 cir-

2036 3009 2190 3064 culos
2213 3005 2467 3061 zodiacos
2501 3016 2797 3074 peragrans
2819 3002 2872 3055 in
2898 3001 3009 3071 jam
3036 3000 3181 3053 dicto
3199 3007 3439 3066 tempore
3458 2995 3558 3048 725
3575 3033 3594 3059 ,

2036 3110 2091 3158 et
2140 3102 2365 3170 insuper
2395 3111 2680 3153 assumens
2724 3093 2924 3165 gradus
2974 3091 3062 3146 52.
3104 3089 3372 3145 Habentes
3414 3096 3592 3142 autem
3685 3098 3690 3103 ‘

2038 3195 2138 3250 has
2165 3193 2507 3264 apparentias
2537 3204 2602 3244 ex
2629 3187 2902 3242 veteribus
2941 3183 3276 3253 temporibus
3305 3181 3560 3251 quaesitas
3579 3219 3597 3245 ,

367 3280 427 3332 ἐν
452 3277 531 3350 τῷ
564 3281 940 3352 προειρημένῳ
969 3282 1146 3352 χρόνῳ
1169 3281 1316 3353 ψκγ’,
1359 3283 1451 3337 καὶ
1490 3281 1934 3355 προσεπιλαμϐά-

2037 3286 2256 3359 quando
2283 3283 2615 3339 constituere
2638 3286 2850 3349 oportet
2865 3291 2984 3332 eam
3015 3276 3264 3330 diurnam
3296 3273 3436 3327 lunae
3465 3287 3600 3326 ano-

367 3389 536 3426 νουσα
579 3373 772 3444 μοίρας
801 3372 901 3444 λβ’.
936 3375 1190 3445 Ἔχοντες
1230 3375 1286 3428 δὲ
1320 3374 1490 3430 ταῦτα
1530 3375 1598 3428 τά
1639 3375 1938 3445 φαινόμενα

369 3467 434 3518 ἐκ
467 3465 709 3520 παλαιῶν
733 3465 935 3538 χρόνων
958 3463 1124 3537 ἐζητη
1132 3465 1284 3537 μένα,
1311 3465 1430 3520 δέον
1455 3465 1822 3536 συστήσασθαι
1841 3465 1939 3536 τὴν

371 3558 513 3612 κατά
549 3557 721 3628 μῆκος
757 3558 1072 3628 ἀνωμαλίαν
1101 3559 1401 3630 ἡμερήσιον
1427 3557 1528 3628 τῆς
1562 3557 1822 3629 σελήνης,
1856 3558 1940 3622 τίς

372 3653 520 3705 ἐστιν
543 3650 800 3721 ἐλαχίστη
835 3651 1045 3722 κίνησις
1071 3652 1256 3721 αὐτῆς,
1284 3651 1376 3704 καὶ
1397 3649 1477 3714 τίς
1503 3652 1537 3721 ή
1572 3651 1820 3722 μεγίστη,
1849 3650 1942 3704 καὶ

373 3743 456 3806 τίς
489 3745 522 3814 ή
554 3743 690 3814 μέση
713 3783 726 3807 ,
767 3744 861 3797 καὶ
898 3744 980 3806 τίς
1007 3746 1040 3813 ἠ
1069 3743 1190 3796 καθ’
1223 3744 1432 3814 ἡμέραν
1472 3742 1811 3815 παραύξησις
1850 3743 1942 3796 καὶ

378 3837 600 3907 μείωσις
647 3838 847 3908 αὑτῆςο
883 3837 1340 3907 ἐπιλαμϐάνοντες
1381 3837 1444 3890 ἐκ
1483 3835 1575 3889 τοῦ
1619 3835 1941 3906 φαινομένου

377 3930 468 3983 καὶ
495 3928 652 3982 τοῦτο
673 3969 688 3994 ,
721 3929 801 3982 ὅτι
837 3927 930 3982 ἐὰν
969 3929 1064 3998 μὲν
1097 3929 1188 3982 καὶ
1229 3928 1326 3991 τὰς
1363 3927 1648 3998 ἐλαχίστας
1686 3928 1899 3998 κινῆται
1926 3966 1941 3989 ,

378 4022 594 4076 πλείονα
626 4022 724 4093 μὲν
751 4020 859 4074 τῶν
886 4021 954 4074 ια’
987 4020 1188 4092 μοιρῶν
1208 4022 1454 4084 κινεῖται,
1485 4020 1738 4074 ἐλάττονα
1763 4019 1817 4072 δὲ
1837 4019 1944 4072 τῶν

377 4113 446 4184 ιβ’
465 4131 479 4145 ·
509 4115 637 4168 ὅταν
669 4113 726 4166 δέ
753 4114 851 4177 τάς
885 4112 1142 4183 μεγίστας
1177 4115 1423 4184 κινῆται,
1453 4112 1670 4166 πλείονα
1710 4112 1806 4183 μὲν
1837 4112 1945 4165 τῶν

381 4211 440 4260 ιε’
475 4204 677 4276 μοιρῶν
702 4208 952 4267 κινεῖται,
987 4191 1240 4258 ἐλάττονα
1265 4203 1320 4256 δέ
1346 4202 1455 4256 τῶν
1481 4209 1555 4268 ις’
1573 4221 1585 4234 ·
1615 4205 1738 4256 ἐπεὶ
1767 4202 1947 4256 τοίνυν

379 4298 822 4369 παρατετήρηται
853 4297 886 4366 ἡ
919 4295 1111 4368 σελήνη
1151 4295 1211 4347 ἐν
1249 4294 1485 4365 ἡμέραις
1513 4293 1722 4365 ,ι,θψνς’
1753 4293 1945 4347 διαπο-

382 4389 647 4462 ρευομένη
691 4386 986 4452 ζωδιακοὺς
1029 4387 1259 4450 κύκλους
1303 4386 1429 4455 ψκγ¹
1454 4425 1469 4450 ,
1500 4386 1592 4440 καὶ
1635 4385 1715 4438 ἔτι
1752 4385 1947 4456 μοίρας

378 4479 480 4552 λβ’,
523 4479 750 4543 ἕκαστος
777 4478 834 4535 δὲ
865 4478 974 4532 τῶν
1005 4477 1217 4531 κύκλων
1250 4476 1362 4546 ἔχει
1399 4476 1594 4548 μοίρας
1619 4475 1692 4540 τξ¹
1711 4492 1723 4506 ο
1757 4475 1948 4528 ἀνελύ-

2043 3357 2280 3434 maliam,
2309 3381 2430 3438 quae
2456 3372 2541 3422 est
2573 3361 2870 3420 secundum
2914 3359 3300 3430 longitudinem
3329 3397 3346 3424 ,
3377 3357 3500 3428 quis
3528 3357 3596 3412 sit

1997 3478 2001 3484 '
2043 3462 2303 3518 minimus
2327 3465 2508 3514 motus
2537 3456 2675 3526 ejus,
2692 3461 2747 3511 et
2768 3453 2893 3524 quis
2911 3451 3200 3517 maximus,
3216 3449 3338 3520 quis
3365 3447 3600 3512 medius,

2043 3563 2098 3609 et
2146 3549 2290 3622 quod
2333 3547 2710 3620 quotidianum
2750 3541 3154 3610 incrementum}
3201 3549 3255 3596 et
3289 3538 3604 3596 decremen-

2046 3652 2158 3698 tum
2189 3642 2309 3712 ejus
2336 3659 2349 3696 :
2381 3637 2680 3710 accipimus
2711 3634 2936 3704 insuper
2959 3648 3026 3688 ex
3057 3629 3371 3703 apparentia
3401 3634 3456 3684 et
3477 3629 3603 3694 hoc,

2045 3752 2170 3793 cum
2203 3735 2333 3790 luna
2361 3738 2542 3786 motus
2573 3727 2829 3783 minimos
2875 3725 3038 3790 facit,
3086 3724 3209 3794 plus
3249 3737 3370 3778 eam
3400 3719 3612 3777 moveri

2046 3827 2298 3882 undecim
2346 3821 2634 3896 gradibus,
2687 3819 2871 3874 minus
2924 3816 3255 3872 duodecim:
3301 3829 3425 3870 cum
3478 3824 3611 3868 vero

2047 3917 2316 3973 maximos
2364 3913 2584 3969 conﬁcit
2634 3920 2834 3974 motus,
2863 3907 3097 3978 amplius
3131 3920 3250 3960 eam
3299 3902 3502 3960 moveri
3545 3902 3612 3957 15

2049 4009 2332 4081 gradibus,
2366 4005 2549 4061 minus
2577 4018 2706 4060 vero
2734 4001 2798 4056 16
2828 4001 3116 4072 gradibus;
3157 4011 3280 4051 cum
3315 3995 3480 4065 igitur
3514 3993 3612 4047 ob-

2050 4107 2325 4158 servatum
2358 4099 2450 4162 sit,
2480 4098 2665 4152 lunam
2702 4095 2758 4148 in
2790 4093 2982 4147 diebus
3009 4089 3179 4145 19756
3205 4101 3492 4159 peragrare
3521 4101 3614 4139 zo-

2050 4193 2237 4246 diacos
2257 4189 2495 4244 circulos
2525 4187 2655 4249 725,
2692 4195 2745 4240 et
2773 4192 3033 4254 praeterea
3071 4179 3248 4234 adhuc
3283 4177 3484 4248 gradus
3502 4175 3610 4231 52:

2052 4281 2428 4352 unusquisque
2457 4287 2638 4334 autem
2669 4277 2997 4330 circulorum
3038 4272 3232 4326 habeat
3257 4269 3458 4340 gradus
3487 4268 3612 4332 360,

2051 4375 2289 4431 refundit
2333 4375 2461 4427 luna
2493 4369 2823 4426 circulorum
2866 4363 3260 4420 multitudinem
3294 4361 3348 4415 in
3381 4361 3612 4431 gradus,

2052 4473 2106 4523 et
2129 4466 2277 4521 addit
2306 4464 2506 4535 gradus
2548 4461 2634 4516 '52.
2672 4458 2758 4514 Fit
2790 4458 2955 4529 igitur
3003 4464 3148 4510 totus
3193 4467 3453 4507 numerus
3493 4465 3616 4521 gra-

381 4539 514 4628 σατο
540 4573 649 4628 τῶν
678 4539 892 4626 κύκλων
922 4571 1124 4641 πλῆθος
1160 4574 1240 4635 είς
1279 4539 1611 4643 μοίραςίκαὶ
1643 4569 1934 4641 προσέθηκε

2053 4556 2219 4611 duum
2256 4552 2486 4608 260512.
2518 4550 2576 4605 ln
2611 4549 2802 4604 diebus
2830 4547 2994 4618 igitur
3026 4542 3263 4598 maxime
3291 4539 3464 4596 19756
3496 4554 3617 4609 per-

379 4667 478 4731 τὰς
509 4665 608 4736 λβ’.
648 4666 861 4720 Γίνεται
895 4667 923 4718 6
955 4635 1061 4729 πάς
1092 4635 1323 4738 ἀριθμός
1366 4635 1567 4735 μοιρῶν
1598 4635 1810 4736 ,σδξτιβπ
1861 4635 1934 4714 {Et

2055 4648 2226 4703 currit
2277 4646 2407 4699 luna
2451 4641 2766 4713 prazdictum
2800 4652 3081 4693 numerum
3112 4635 3374 4706 graduum
3404 4652 3418 4688 :
3455 4647 3616 4702 quam

381 4725 488 4830 ἄρα
517 4725 753 4830 ήμέραις
784 4757 1016 4829 μάλιστα
1270 4725 1717 4827 διαπορεύεταιμή
1747 4725 1934 4825 ’σελήντ

2056 4737 2457 4795 multitudinem
2506 4735 2562 4788 in
2617 4733 2826 4787 dierum
2873 4728 3273 4785 multitudinem
3323 4725 3620 4781 dividentes

380 4816 441 4905 τὲ
466 4816 861 4922 προειρημένον
885 4816 1224 4918 πλῆθᾷξὲῶᾷ
1247 4816 1482 4918 μοιρῶν·
1509 4846 1614 4918 ὃδὴ
1639 4816 1934 4914 πλῆθος,ὲι‹

2055 4831 2395 4888 inveniemus
2432 4825 2670 4882 medium
2714 4823 2969 4878 diurnum
3019 4828 3225 4874 motum
3273 4817 3435 4873 lunas.
3483 4816 3621 4872 Cum

379 4939 442 4992 τὸ
479 4909 587 4995 τῶν
627 4909 850 5012 ilus-epti
880 4909 1082 5008 πλῆθος
1125 4909 1478 5007 μερίσαντες,
1513 4909 1816 5006 εὑρήσομεν
1855 4931 1934 5002 τὴπ

2055 4923 2200 4978 enim
2226 4933 2402 4989 neque
2425 4916 2777 4971 intentionem
2812 4921 3014 4974 motus,
3042 4925 3218 4981 neque
3242 4909 3628 4965 remissionem-

385 5033 558 5104 μέσην
599 5000 900 5103 ἡμερήσιον
945 5000 1157 5099 κίνησιν
1199 5000 1301 5098 τῆς
1342 5000 1591 5100 σελήνης,
1634 5000 1801 5078 ιὈταν
1843 5000 1934 5094 γάὴε

2056 5021 2393 5085 reputantes,
2424 5026 2491 5066 ex
2515 5008 2710 5080 mquali
2757 5006 3103 5062 diviserimus
3143 5001 3408 5074 graduum
3439 5000 3624 5053 multi-

387 5126 524 5197 μήτε
559 5124 658 5196 τὴν
699 5123 945 5177 ἐπίτασιν
981 5121 1080 5191 τῆς
1118 5121 1402 5191 κινήσεως,
1450 5119 1588 5190 μήτε
1633 5117 1728 5188 τὴν
1771 5116 1934 5171 ἄνεσις

2061 5106 2323 5169 tudinem,
2361 5111 2490 5157 tunc
2522 5102 2774 5156 inventus
2803 5108 2981 5153 motus
3009 5097 3118 5168 36
3143 5102 3368 5150 vocatur
3389 5093 3621 5148 medius.
3730 5141 3734 5144 .

383 5185 874 5286 ύττολογισάμενοι,
908 5213 970 5278 ἐξ
1009 5185 1554 5282 ὁμαλοῦ-μερίσωμεν
1583 5207 1644 5262 τδ
1686 5185 1792 5262 τῶν
1835 5225 1934 5279 μοι·

2060 5199 2364 5278 Ιηνεηίιυι·¹
2397 5203 2578 5251 autem
2635 5193 2724 5250 hic
2771 5192 2984 5246 medius
3030 5197 3207 5244 motus
3260 5186 3522 5258 graduum
3559 5185 3626 5238 15

388 5307 496 5379 ρῶν
524 5277 746 5378 πλῆθος,
785 5306 905 5360 τότε
935 5307 969 5376 ή
995 5277 1278 5374 εύρεθεῖσα
1296 5277 1507 5371 κίνησις
1532 5300 1669 5371 μέση
1691 5277 1931 5352 καλείται

2063 5293 2359 5362 primorum
2430 5286 2890 5358 sexagesimorum
2939 5281 3022 5337 10’
3057 5321 3072 5346 ,
3142 5289 3195 5335 et
3261 5277 3624 5334 secundorum

384 5367 817 5471 iZOpiaxezrat'SE
859 5367 996 5467 αύτή
1031 5367 1288 5465 γινομένη
1335 5367 1544 5464 μοιρῶν.
1602 5367 1668 5460 ιγί
1731 5390 1934 5462 πρώτω

2067 5381 2184 5437 55".
2246 5379 2483 5436 Vocatur
2525 5387 2702 5432 autem
2757 5376 2920 5430 unius
2960 5373 3160 5444 gradus
3205 5367 3624 5439 sexagesimum,

387 5457 717 5561 ἐξήκοστῶν,
746 5488 841 5542 καὶ
862 5457 1127 5557 δευτέρων
1143 5457 1236 5538 λε’.
1257 5457 1514 5538 Καλεῖται
1539 5483 1596 5536 δὲ
1618 5457 1678 5534 τὸ
1704 5457 1802 5552 τῆς
1835 5483 1931 5552 μιᾶ

2068 5476 2300 5545 primum
2327 5471 2754 5542 sexagesimum;
2805 5479 2858 5525 et
2904 5467 3067 5522 unius
3093 5464 3253 5535 primi
3303 5457 3623 5531 sexagesimi

392 5552 586 5653 ρας
605 5580 892 5652 ἑξηκοστὸν
914 5552 1124 5650 πρῶτον
1142 5576 1452 5649 ἑξηκοστὸν,
1470 5575 1530 5628 τὸ
1558 5574 1613 5628 δὲ
1639 5573 1730 5627 τοῦ
1749 5571 1934 5645 πρώτα

2069 5568 2464 5636 sexagesimum
2511 5573 2736 5621 vocatur
2766 5561 3063 5619 secundum
3098 5558 3526 5630 sexagesimum;
3553 5552 3630 5607 si-

389 5671 683 5743 ἐξηκοστοῦ
711 5671 1000 5743 ἑξηκοστὸν
1025 5668 1272 5740 δεύτερον
1301 5666 1606 5738 ἑξηκοστόν·
1626 5663 1824 5735 ὁμοίως
1836 5663 1890 5716 δὲ
1907 5681 1934 5716 τ

2071 5661 2271 5716 militer
2299 5659 2462 5715 etiam
2496 5673 2661 5713 unum
2693 5655 2991 5712 secundum
3036 5649 3430 5722 sexagesimum
3452 5687 3467 5713 ,
3507 5657 3632 5701 cum

457 5828 567 5902 (5η)
597 5828 736 5897 Περὶ
782 5825 1116 5898 ἐξελιγμοί).
1178 5822 1313 5879 Vide
1369 5821 1716 5878 Ptolemaeum
1763 5818 1854 5874 lib.
1885 5832 1956 5882 Iv,
2006 5829 2124 5885 cap.
2156 5811 2210 5870 2.
