4124 6400
522 397 633 456 858

519 517 756 573 divisum
785 525 870 574 est
899 517 955 573 in
982 527 1165 591 partes
1214 517 1285 576 60
1306 556 1324 583 ο

522 612 745 666 tertium
792 611 1207 684 sexagesimum.
1249 610 1450 668 Eadem
1502 620 1588 670 est
1631 615 1774 672 ratio
1815 618 1981 673 etiam
2030 620 2087 675 in

524 700 751 773 reliquis
780 702 1152 774 sexagesimis.

590 788 729 847 Cum
762 806 1115 848 numerorum
1142 793 1231 848 hic
1263 793 1337 851 sit
1359 794 1515 862 ordo,
1544 810 1576 851 a
1599 796 1869 856 Chaldaeis
1895 799 2086 858 inven-

522 889 613 940 tus
639 891 726 939 est
751 882 966 941 medius
992 893 1174 942 motus
1210 886 1351 943 luna:
1394 888 1662 960 graduum
1716 892 1932 960 15,10¹,
1963 893 2083 962 35",

521 990 755 1047 cumque
790 977 846 1033 in
876 977 1068 1034 diebus
1110 978 1282 1035 19756
1320 980 1449 1037 luna
1493 981 1657 1039 faciat
1710 986 2086 1042 restitutiones

524 1068 648 1132 717,
680 1069 727 1125 si
759 1070 1096 1128 voluerimus
1121 1086 1451 1142 cognoscere
1489 1088 1654 1130 unam
1682 1076 2084 1134 restitutionem

521 1158 578 1214 in
606 1165 737 1227 quot
767 1157 959 1216 diebus
999 1159 1162 1216 faciat
1199 1162 1350 1225 luna,
1379 1160 1685 1221 dividemus
1704 1165 1912 1221 dierum
1937 1166 2082 1220 mul-

520 1251 809 1308 titudinem
850 1253 906 1308 in
932 1255 1339 1325 restitutionum
1394 1256 1828 1324 multitudinem;
1861 1267 1914 1313 et
1946 1257 2084 1313 ﬁunt

520 1342 638 1398 dies
667 1345 1028 1401 restitutionis
1052 1347 1143 1411 27,
1179 1354 1234 1402 et
1262 1348 1426 1404 unius
1468 1346 1575 1403 diei
1603 1348 1942 1419 sexagesima
1970 1349 2081 1419 pri-

518 1445 607 1486 ma
638 1432 728 1497 33,
762 1442 817 1489 et
844 1436 1084 1492 secunda
1111 1437 1201 1492 20.
1241 1436 1298 1491 In
1328 1446 1409 1492 tot
1457 1437 1623 1509 igitur
1650 1438 1843 1495 diebus
1892 1439 2020 1494 luna
2050 1454 2082 1493 a

519 1523 748 1579 minimo
777 1534 929 1582 motu
962 1527 1027 1583 ad
1074 1529 1357 1583 minimum
1387 1538 1593 1584 motum
1623 1532 2008 1600 proficiscitur.

1520 403 1616 459 AD
1649 403 1922 464 EUSEBII
1957 405 2347 465 CHBONICON
2381 406 2742 466 APPENDIX.

1380 527 1609 578 vocatur
1663 538 1771 579 una
1822 526 2078 596 particula

2192 526 2443 599 δεύτερον
2481 526 2788 599 ἑξηκοστὸν,
2814 526 3081 599 διαιρεθὲν
3113 528 3194 593 εις
3236 528 3385 602 μέρη.
3411 528 3475 595 ξ’,
3507 527 3748 585 καλεῖται

2188 619 2251 672 τὸ
2280 618 2339 671 ἐν
2367 618 2530 691 μέρος
2556 618 2739 690 τρίτον
2768 617 3076 689 ἑξηκοστόν.
3115 619 3174 673 '0
3200 618 3258 674 δέ
3295 620 3455 683 αὐτὸς
3479 619 3634 688 λόγος
3656 620 3749 674 καὶ

2188 710 2280 764 ἐπὶ
2312 710 2420 764 τῶν
2442 709 2642 763 λοιπῶν
2669 708 2993 781 ἑξηκοστῶν.

2256 802 2526 873 Τοιαύτης
2556 801 2613 855 δέ
2654 804 2754 873 τῆς
2784 800 3077 868 διατάξεως
3113 804 3458 876 ὑπαρχούσης
3487 803 3597 858 τῶν
3628 805 3749 877 ἀρι-

2185 894 2361 966 θμῶν,
2395 895 2502 949 ὑπὸ
2546 894 2653 949 τῶν
2690 894 2989 959 Χαλδαίων,
3011 893 3237 968 εὕρηται
3276 898 3311 968 ἡ
3357 897 3493 968 μέση
3536 897 3747 968 κίνησις

2184 990 2284 1059 τῆς
2318 987 2550 1059 σελήνης
2584 986 2786 1061 μοιρῶν
2814 994 2902 1059 ιγ’,
2934 994 2985 1053 ι’,
3023 986 3096 1041 λε’
3118 1003 3131 1017 ο
3161 989 3256 1042 καὶ
3290 989 3415 1042 ἐπεὶ
3430 991 3488 1042 ἐν
3517 989 3748 1060 ἡμέραις

2183 1078 2393 1152 ,ιοθψνᾷ
2424 1079 2898 1145 ἀποκαταστάσεις
2930 1082 3163 1135 ποιεῖται
3192 1083 3234 1153 ἡ⁴
3269 1082 3463 1153 σελήνη
3493 1080 3623 1152 ψιξ,
3651 1080 3747 1135 ἐὰν

2185 1170 2502 1243 βουλώμεθα
2543 1171 2838 1241 ἐπιγνῶναι
2881 1170 2979 1243 την
3031 1171 3161 1243 μίαν
3207 1172 3643 1226 ἀποκατάστασιν
3686 1171 3748 1224 ἐν

2183 1261 2379 1325 πόσαις
2404 1260 2637 1333 ἡμέραις
2658 1264 2888 1315 ποιεῖται
2915 1263 2947 1333 ἡ
2982 1260 3197 1333 σελήνη,
3234 1260 3527 1333 μεριοῦμεν
3556 1260 3615 1314 τὸ
3638 1258 3747 1313 τῶν

2183 1351 2405 1423 ἡμερῶν
2433 1351 2633 1423 πλῆθος
2664 1355 2744 1416 είς
2765 1353 2826 1407 τὸ
2856 1351 2965 1406 τῶν
2992 1353 3480 1407 ἀποκαταστάσεσιν
3514 1350 3743 1421 πλῆθος

2186 1445 2424 1513 γίνονται
2484 1445 2540 1499 δὲ
2593 1446 2795 1518 ἡμέραι
2845 1446 2945 1518 τῆς
3002 1445 3505 1508 ἀποκαταστάσεως
3546 1442 3748 1498 εἴκοσιν

2188 1535 2325 1589 ἐπτά
2351 1575 2365 1600 ,
2399 1538 2489 1591 καὶ
2539 1540 2666 1610 μιᾶς
2718 1540 2931 1612 ἡμέρας
2973 1538 3240 1611 ἑξηκοστά
3281 1536 3471 1612 πρῶτα
3512 1536 3615 1605 λγ’,
3650 1533 3751 1589 καὶ

516 1613 742 1688 δεύτερα
764 1620 835 1669 κ’.
879 1617 967 1670 Ἐν
989 1617 1096 1689 ἀρα
1119 1618 1354 1690 ἡμέραις
1381 1619 1668 1683 τοσαύταις
1690 1622 1724 1692 ἡ
1763 1622 1956 1694 σελήνη
1983 1623 2092 1677 ἀπὸ
2153 1626 2257 1697 τῆς
2298 1626 2585 1699 ἐλαχίστης
2619 1630 2883 1700 κινήσεως
2932 1629 3025 1682 ἐπὶ
3047 1629 3146 1701 τὴν
3188 1627 3473 1700 ἐλαχίστην
3509 1627 3748 1698 παραγίσ-

518 1722 687 1760 νεται.

589 1801 657 1857 Et
683 1818 807 1859 cum
831 1805 885 1859 in
907 1805 1058 1861 omni
1088 1806 1432 1865 restitutione
1453 1810 1488 1865 4
1508 1810 1618 1867 sint
1640 1816 1884 1882 tempora
1903 1827 2078 1883 aequa-

2249 1811 2364 1865 Καὶ
2412 1810 2532 1864 ἐπεὶ
2575 1810 2632 1863 ἐν
2672 1810 2820 1884 πάσῃ
2864 1809 3299 1863 ἀποκαταστάσει
3343 1808 3386 1863 δ’
3421 1811 3527 1864 είσι
3566 1812 3749 1883 χρόνοι

518 1895 613 1958 lia,
646 1906 971 1967 acceperunt
998 1908 1249 1969 quartam
1298 1910 1506 1971 partem
1535 1902 1745 1958 dierum
1775 1905 1863 1969 27,
1895 1905 1996 1969 ὅδ’,
2028 1913 2082 1960 et

518 1987 639 2053 20",
663 1997 719 2043 et
747 1988 883 2043 llunt
930 1989 1048 2045 dies
1081 1992 1135 2055 6,
1181 1990 1286 2058 55',
1313 1999 1371 2048 et
1395 1992 1516 2049 20".
1557 1992 1617 2049 In
1644 2001 1723 2051 tot
1772 1995 1940 2065 igitur
1966 1995 2081 2052 die-

518 2078 624 2136 bus
653 2079 783 2135 luna
813 2095 845 2135 a
878 2082 1104 2136 minimo
1141 2092 1290 2139 motu
1319 2085 1387 2138 ad
1411 2085 1645 2141 medium
1678 2086 2042 2156 proﬁciscitur
2062 2126 2077 2152 ,

518 2180 574 2227 et
606 2186 637 2226 a
657 2172 837 2228 medio
868 2172 935 2228 ad
959 2176 1252 2229 maximum
1279 2194 1293 2244 ;
1321 2183 1376 2231 et
1404 2192 1594 2233 rursus
1626 2179 1879 2234 similiter
1906 2194 1936 2233 a
1960 2193 2079 2233 ma-

520 2261 670 2317 ximo
697 2261 766 2316 ad
800 2263 1033 2319 medium
1061 2305 1077 2331 ,
1127 2274 1181 2320 et
1208 2281 1238 2320 a
1285 2266 1464 2323 medio
1491 2267 1561 2322 ad
1606 2268 1912 2324 minimum.
1943 2269 2078 2325 Nam

521 2354 639 2409 hac
662 2361 900 2425 quatuor
932 2365 1175 2428 tempora
1205 2357 1347 2414 inter
1376 2374 1434 2415 se
1464 2367 1591 2415 sunt
1616 2361 1866 2433 aequalia.

589 2619 818 2688 Etcum,
842 2622 887 2678 si
915 2622 1114 2679 fuerint
1135 2631 1246 2680 tres
1284 2625 1493 2701 numeri
1526 2641 1590 2681 ex
1618 2641 1773 2697 aequo
1813 2642 1871 2683 se
1918 2641 2079 2697 supe-

520 2722 743 2780 rantes,
792 2716 1019 2771 extremi
1055 2716 1216 2773 simul
1258 2720 1461 2788 sumpti
1500 2719 1611 2775 sint
1636 2718 1801 2790 duplo
1843 2720 2078 2790 majores

517 2807 716 2874 medio,
745 2808 801 2863 in
830 2817 979 2864 motu
1012 2818 1191 2866 autem
1246 2810 1387 2867 luna:
1438 2819 1548 2867 tres
1597 2812 1708 2867 sint
1752 2811 1963 2866 numeri
2012 2826 2078 2867 ex

518 2914 674 2970 aequo
700 2909 759 2957 se”
789 2900 1019 2956 invicem
1069 2910 1426 2971 superantes,
1476 2917 1667 2973 nempe
1698 2911 1879 2962 motus
1917 2903 2075 2958 mini-

517 3006 658 3051 mus,
690 2999 744 3046 et
772 2992 1007 3057 medius,
1032 3000 1086 3051 et
1113 2993 1382 3050 maximus
1410 3013 1423 3048 :
1458 2996 1505 3050 si
1536 2994 1700 3065 igitur
1728 3002 1932 3049 motum
1961 3009 2078 3049 ma-

518 3082 723 3136 ximum
767 3090 821 3139 et
850 3084 1131 3140 minimum
1185 3100 1609 3157 componamus,
1651 3093 1813 3141 erunt
1842 3086 1894 3140 hi
1932 3102 2081 3141 com-

2184 1903 2286 1956 ίσοι
2308 1944 2322 1968 ,
2375 1901 2565 1956 ἔλαϐον
2618 1902 2872 1973 τέταρτον
2913 1903 3075 1974 μέρος
3118 1901 3227 1955 τῶν
3269 1899 3349 1967 κζ’
3387 1902 3625 1973 ἡμερῶν,
3662 1903 3751 1972 λγ⁹

2181 1993 2389 2047 λεπτῶν
2417 1992 2668 2065 πρώτων,
2705 1994 2799 2048 καὶ
2834 2000 2882 2047 κ’
2902 1993 3167 2064 δευτέρων
3196 1993 3424 2059 λεπτῶν,
3452 1994 3546 2047 καὶ
3567 1994 3749 2062 γίνονυ

2178 2103 2267 2139 ται
2305 2084 2506 2156 ἡμέραι
2534 2090 2607 2149 ς’,
2638 2090 2737 2153 vf,
2768 2085 2860 2138 καὶ
2901 2091 2967 2137 κ’.
3012 2083 3101 2137 Ἐν
3133 2084 3240 2155 άρα
3264 2083 3552 2148 τοσαύταις
3588 2087 3622 2157 ἡ
3652 2102 3752 2138 σε-

2181 2176 2314 2248 λήνη
2347 2176 2578 2247 ἡμέραις
2613 2176 2720 2229 ἀπὸ
2759 2176 2855 2246 τῆς
2891 2174 3176 2248 ἐλαχίστης
3208 2177 3474 2247 κινήσεως
3510 2175 3601 2227 ἐπὶ
3643 2174 3746 2247 τὴν

2182 2269 2354 2340 μέσην
2386 2268 2763 2339 παραγίνεται,
2788 2268 2880 2321 καὶ
2902 2267 3010 2320 ἀπὸ
3031 2268 3129 2339 τῆς
3157 2268 3327 2339 μέσης
3359 2270 3450 2322 ἐπὶ
3471 2268 3566 2340 τὴν
3591 2268 3745 2340 μεγί-

2181 2374 2331 2429 στην,
2375 2358 2469 2412 καὶ
2494 2356 2654 2412 πάλιν
2690 2358 2889 2427 ὁμοίως
2931 2357 3037 2411 ἀπὸ
3071 2358 3169 2429 τῆς
3214 2358 3473 2429 μεγίστης
3508 2360 3600 2412 ἐπὶ
3641 2358 3745 2430 τὴν

2182 2450 2373 2521 μέσην,
2397 2451 2489 2505 καὶ
2525 2450 2632 2504 ἀπὸ
2660 2449 2756 2521 τῆς
2782 2450 2953 2521 μέσης
2978 2452 3068 2504 ἐπὶ
3089 2451 3187 2522 τὴν
3207 2450 3510 2522 ἐλαχίστην.
3539 2451 3603 2505 Oi
3632 2450 3744 2523 γάρ

2177 2542 2219 2595 δ’
2247 2537 2388 2597 οὗτοι
2410 2542 2590 2614 χρόνοι
2616 2541 2752 2594 εἰσὶν
2782 2540 3029 2613 ἀλλήλοις
3064 2541 3184 2595 ἶσοι.

2247 2636 2358 2690 Καὶ
2389 2635 2511 2688 ἐπεὶ
2538 2634 2602 2688 ἂν
2631 2628 2731 2688 ὦσι
2758 2637 2905 2705 τρεῖς
2929 2633 3149 2706 ἀριθμοὶ
3179 2634 3278 2705 ίσῳ
3303 2631 3544 2703 ἀλλήλων
3571 2632 3743 2703 ύπερο

2179 2725 2411 2797 έχοντες,
2445 2725 2680 2794 γίνονται
2728 2725 2777 2776 οἱ
2821 2724 2977 2794 ἄκροι
3023 2723 3117 2775 τοῦ
3156 2724 3323 2793 μέσου
3365 2720 3738 2783 διπλασίονες·

2177 2818 2236 2870 ἑν
2263 2816 2318 2869 δὲ
2349 2819 2414 2887 τῇ
2452 2818 2659 2888 κινήσει
2689 2814 2789 2884 τῆς
2828 2813 3054 2885 σελήνης
3082 2816 3230 2885 τρεῖς
3256 2814 3391 2866 εἰσιν
3420 2811 3640 2884 ἀριθμοὶ
3664 2808 3743 2879 τῷ

2180 2910 2279 2979 ῐσῳ
2303 2907 2544 2979 ἀλλήλων
2574 2907 2946 2979 ὑπερέχοντες,
2977 2907 3013 2976 ἥ
3039 2923 3096 2959 τε
3115 2905 3369 2976 ἐλαχίστη
3397 2904 3624 2975 κίνησις,
3647 2901 3743 2954 καὶ

2176 3003 2209 3072 ἡ
2242 3001 2402 3072 μέση,
2449 3000 2543 3053 καὶ
2574 3001 2607 3068 ἡ
2632 2998 2860 3070 μεγίστη
2885 3015 2897 3027 ·
2936 2997 3028 3051 ἐὰν
3060 2998 3167 3067 ἄρα
3210 2997 3311 3067 τὴν
3347 2996 3604 3066 μεγίστην
3646 2992 3744 3047 καὶ

2176 3088 2275 3160 τὴν
2317 3089 2603 3161 ἐλαχίστην
2650 3088 2961 3158 συνθῶμεν,
3008 3088 3218 3141 ἔσονται
3261 3086 3595 3148 διπλασίονες
3641 3084 3743 3156 τῆς

518 3174 682 3243 positi
731 3175 899 3246 duplo
951 3176 1187 3247 majores
1218 3177 1417 3233 medio.
1457 3176 1586 3232 Erat
1641 3184 1820 3233 autem
1874 3177 2078 3235 medius

2191 3180 2360 3251 μέσης
2389 3182 2668 3250 κινήσεως.
2694 3176 2801 3233 Ἦν
2827 3179 2939 3251 δὲή
2984 3180 3121 3250 μέση
3159 3179 3371 3251 κίνησις
3410 3178 3607 3249 μοιρῶν
3647 3183 3738 3243 ιγ’,

516 3272 700 3321 motus
725 3266 990 3336 graduum
1040 3267 1128 3333 15,
1162 3266 1268 3332 10',
1291 3266 1408 3322 35".
1445 3265 1936 3337 Multiplicaverunt
1965 3268 2078 3323 haec

515 3357 600 3413 bis
623 3397 638 3421 ,
667 3364 721 3411 et
747 3358 1070 3427 proveniunt
1125 3373 1191 3414 ex
1244 3359 1700 3431 multiplicatione
1725 3360 1928 3432 gradus
1972 3360 2074 3429 26,

513 3448 620 3513 21',
656 3448 774 3504 10".
828 3449 1092 3508 Maximus
1120 3450 1283 3522 igitur
1309 3460 1494 3508 motus
1522 3453 1685 3517 lunas,
1714 3462 1769 3508 et
1818 3453 2076 3507 minimus

515 3541 740 3608 praecise
767 3539 1055 3612 compositi
1084 3549 1212 3595 sunt
1236 3540 1355 3597 dies
1380 3542 1471 3606 26,
1494 3542 1597 3607 21',
1622 3542 1734 3598 i0".
1770 3542 1932 3614 Atqui
1955 3558 2077 3613 gra-

515 3635 619 3690 dus
643 3649 708 3690 ex
741 3634 1121 3691 observatione
1145 3634 1349 3703 sumpti
1379 3648 1487 3689 non
1523 3642 1716 3688 exacte
1772 3636 1994 3688 maximi
2021 3644 2076 3689 et

514 3724 726 3778 minimi
760 3731 941 3779 motus
974 3724 1103 3778 su'nt
1130 3723 1331 3795 gradus
1355 3722 1443 3778 26.
1495 3721 1726 3794 Reliqua
1755 3724 1923 3794 igitur
1948 3732 2078 3779 sunt

513 3830 580 3869 ea
605 3815 963 3882 sexagesima,
1006 3829 1129 3884 quae
1177 3812 1480 3884 effugerunt
1505 3814 1936 3886 observationem
1982 3831 2078 3885 per

515 3906 859 3975 apparentias
880 3913 934 3961 et
960 3920 1164 3976 organa
1196 3904 1418 3969 factam,
1457 3906 1710 3962 videlicet
1760 3907 1923 3963 unius
1953 3922 2077 3977 gra-

514 3996 618 4052 dus
646 3997 819 4067 prima
854 3998 1187 4069 sexagesima
1215 3998 1299 4052 2l'
1328 4037 1343 4061 ,
1395 4006 1451 4052 et
1499 3998 1737 4053 secunda
1776 3998 1892 4053 i0".
1951 3996 2076 4053 Haec

516 4090 678 4161 igitur
718 4097 934 4160 oportet
1009 4091 1236 4162 insuper
1285 4089 1584 4146 attribuere
1640 4098 1695 4146 et
1738 4091 1965 4145 minimo
2022 4098 2076 4146 et

514 4179 753 4236 maximo
784 4181 990 4235 motui:
1018 4187 1076 4235 ut
1107 4180 1214 4235 duo
1233 4179 1287 4235 bi
1317 4190 1496 4236 motus
1528 4181 1815 4251 compositi
1844 4180 2077 4237 eﬂiciant

513 4270 716 4340 gradus
746 4269 835 4333 26,
864 4269 969 4335 2l',
1004 4270 1119 4325 40".
1140 4269 1353 4326 Addere
1370 4281 1549 4326 autem
1583 4279 1796 4340 oportet
1835 4271 1914 4327 sic
1936 4272 2077 4326 hanc

511 4362 880 4417 necessariam
910 4360 1284 4431 appendicem,
1317 4369 1377 4415 ut
1401 4376 1578 4432 neque
1596 4361 1860 4417 minimus
1894 4369 2075 4417 motus

2177 3272 2386 3325 λεπτῶν
2418 3278 2469 3333 ι’,
2498 3271 2590 3325 λε’.
2633 3270 3160 3323 Ἐπολλαπλασίασαν
3190 3269 3360 3324 ταῦτα
3400 3269 3508 3334 δίς·
3534 3267 3625 3321 καὶ
3652 3265 3740 3335 γί-

2177 3380 2356 3418 νονται
2402 3365 2583 3436 μοῖραι
2629 3369 2855 3427 κς’,κι’,
2902 3367 2951 3415 ι’.
3000 3361 3063 3415 Ἦ
3110 3361 3218 3433 ἀρα
3259 3359 3487 3431 μεγίστη
3530 3358 3745 3428 κίνησις

2178 3456 2274 3527 τῆς
2297 3455 2522 3526 σελήνης
2546 3454 2639 3508 καὶ
2661 3456 2693 3525 ἡ
2720 3453 2996 3523 ἐλαχίστη,
3016 3454 3102 3505 ἐπ’
3130 3452 3356 3523 ἀκριϐὲς
3384 3450 3740 3511 συντεθεῖσαι,

2175 3547 2414 3613 γίνονται
2457 3546 2658 3617 ἡμέραι
2691 3545 2735 3577 ⁸⁸
2779 3550 2891 3610 κς,
2932 3550 3037 3609 κω,
3080 3549 3132 3596 ι’.
3192 3542 3351 3595 Ἀλλά
3395 3542 3452 3596 αἱ
3499 3541 3638 3594 κατὰ
3678 3539 3743 3593 τὸ

2174 3638 2456 3708 ὁλοσχερὲς
2481 3641 2545 3691 ὲκ
2573 3638 2851 3709 τηρήσεως
2877 3633 3221 3707 είλημμέναι,
3241 3634 3278 3703 ἥ
3308 3649 3367 3685 τε
3398 3631 3622 3702 μεγίστη
3645 3630 3741 3684 καὶ

2175 3730 2450 3800 ἐλαχίστη,
2493 3732 2675 3801 μοῖραι
2708 3735 2819 3794 κςθ.
2859 3727 3038 3781 Λοιπά
3069 3727 3175 3797 ἄρα
3196 3726 3312 3779 ἐστὶ
3342 3724 3413 3780 τὰ
3437 3724 3741 3793 ἐκφυγόντα

2172 3822 2270 3894 τὴν
2293 3821 2381 3876 διὰ
2409 3821 2516 3876 τῶν
2550 3821 2886 3892 φαινομένων
2907 3821 3001 3874 καὶ
3028 3819 3125 3888 τὴν
3149 3817 3256 3871 τῶν
3287 3817 3532 3889 ὀργάνων
3563 3833 3742 3887 παρα-

2172 3917 2420 3987 τήρησιν,
2458 3915 2585 3985 μιᾶς
2612 3914 2804 3985 μοίρας
2834 3913 3023 3985 πρῶτα
3052 3910 3315 3981 ἑξηκοστά
3349 3917 3455 3973 κα’,
3490 3910 3585 3964 καὶ
3617 3907 3741 3962 δεύ-

2173 4022 2303 4076 τερα
2331 4012 2381 4059 ι’.
2417 4003 2601 4057 Ταῦτα
2625 4003 2732 4074 ἀρα
2773 4003 2852 4055 δεῖ
2880 4002 3334 4073 προσεπιμερίσαι
3373 4004 3438 4071 τῇ
3476 4017 3537 4053 τε
3564 4000 3743 4071 ἐλαχί-

2175 4113 2274 4169 στη
2300 4096 2395 4150 καὶ⁸
2422 4098 2487 4167 τῇ
2539 4095 2788 4167 μεγίστῃ,
2819 4094 2983 4175 ὅπως⁹
3006 4094 3064 4146 αἱ
3104 4093 3197 4146 δύο
3225 4092 3556 4146 συντεθεῖσαι
3587 4094 3741 4163 κινὴ-

2176 4203 2289 4249 σεις
2336 4185 2637 4241 ἀποτελῶσι
2681 4184 2873 4256 μοίρας
2917 4189 3030 4248 κςν,
3077 4189 3183 4249 κα’,
3228 4189 3280 4235 ι’.
3326 4180 3644 4252 Προσθεῖναι
3678 4180 3739 4233 δὲ

2172 4280 2270 4351 τὴν
2304 4278 2559 4332 ἐπουσίαν
2595 4276 2786 4340 οὕτως,
2818 4275 2956 4329 ὥστε
2994 4276 3128 4346 μήτε
3155 4275 3254 4346 τὴν
3290 4273 3576 4345 ἐλαχίστην
3618 4271 3739 4344 μεί-

2174 4369 2301 4435 ζονα
2337 4370 2564 4440 ἄγεσθαι
2608 4368 2715 4423 τῶν
2762 4368 2828 4439 ιβ’
2875 4367 3096 4439 μοιρῶν,
3152 4368 3289 4439 μήτε
3333 4366 3430 4435 τὴν
3476 4365 3739 4436 μεγίστην

511 4461 705 4524 agatur
733 4453 907 4523 major
939 4453 1197 4524 gradibus
1227 4453 1330 4520 12,
1385 4469 1565 4525 neque
1593 4455 1865 4510 maximus
1902 4454 2078 4523 major

2178 4458 2395 4529 μείζονα
2432 4456 2635 4529 μοιρῶν
2678 4463 2770 4522 ις’.
2815 4455 3236 4527 Ἐπιμεριοῦμεν
3265 4455 3322 4509 δὲ
3348 4454 3545 4519 οὕτως’
3587 4454 3741 4508 Ἐπεὶ

511 4542 771 4614 gradibus
800 4542 888 4598 16.
914 4539 1006 4596 Sic
1034 4551 1211 4598 autem
1238 4542 1596 4599 attribuemus
1622 4561 1636 4596 :
1688 4541 1822 4597 Cum
1857 4543 1984 4597 luna
2016 4543 2069 4597 in
2101 4525 2150 4585 ί)

510 4634 700 4690 diebus
723 4634 776 4699 6,
804 4634 907 4697 55',
935 4634 1033 4690 20"
1062 4634 1439 4705 proficiscatur
1481 4649 1511 4687 a
1552 4633 1778 4689 minimo
1830 4643 1977 4688 motu
2005 4634 2073 4690 ad

510 4725 771 4790 medium,
791 4734 846 4781 et
870 4741 902 4781 a
937 4725 1115 4782 medio
1137 4726 1203 4781 ad
1220 4726 1539 4793 maximum,
1568 4733 1622 4781 et
1645 4740 1858 4796 semper
1878 4725 2072 4796 aequali

510 4820 853 4874 incremento
880 4830 935 4873 et
963 4818 1310 4873 decremento
1342 4824 1527 4871 utatur
1556 4837 1569 4871 :
1608 4817 1963 4872 inveniendus
1988 4826 2073 4873 est

508 4925 770 4966 numerus
790 4910 906 4980 qui,
930 4909 1301 4980 multiplicans
1326 4916 1575 4980 quartam
1606 4915 1814 4980 partem
1844 4910 2071 4965 restitu-

509 5003 606 5057 tivi
635 5003 919 5073 temporis,
948 5000 1144 5057 eﬂiciat
1174 5015 1461 5056 numerum
1489 5001 1606 5071 qui,
1647 5000 1864 5056 additus
1891 5001 2072 5056 medio

506 5097 702 5161 motui,
717 5096 935 5168 colligat
953 5095 1240 5166 quemdam
1259 5110 1543 5151 numerum
1566 5095 1829 5164 majorem
1853 5094 2069 5163 quidem

507 5189 575 5243 l5
621 5189 900 5259 gradibus,
937 5188 1200 5242 minorem
1233 5201 1361 5241 vero
1413 5186 1510 5254 l6;
1556 5187 1804 5242 sublatus
1834 5194 2012 5241 autem
2037 5201 2069 5239 a

404 5318 409 5327 »
505 5282 682 5337 medio
704 5288 874 5344 motu,
890 5279 1162 5350 relinquat
1185 5294 1469 5334 numerum
1493 5279 1779 5349 quemdam
1808 5280 2069 5348 majorem

503 5375 721 5444 quidem
755 5374 813 5427 H
853 5372 1132 5444 gradibus,
1161 5372 1426 5427 minorem
1457 5385 1584 5425 vero
1613 5370 1696 5423 i2.
1732 5370 1801 5423 At
1834 5385 1954 5439 quae
1973 5369 2071 5422 ad-

503 5468 708 5521 duntur
733 5466 936 5536 gradus
964 5464 1052 5523 l5.
1084 5471 1138 5519 et
1167 5463 1424 5534 gradibus
1459 5463 1545 5525 Η,
1580 5475 1643 5515 ea
1672 5469 1832 5517 erunt
1853 5475 2070 5530 quoque

504 5558 675 5626 prima
699 5560 1038 5629 sexagesima
1056 5556 1161 5620 21’,
1180 5564 1235 5610 et
1266 5555 1505 5611 secunda
1538 5556 1648 5609 10".
1668 5540 1946 5609 invenitur
1970 5568 2069 5607 au-

503 5658 610 5704 tem
636 5649 741 5705 hoc
763 5649 936 5705 facere
965 5663 1230 5715 numerus
1261 5648 1330 5703 l8
1368 5649 1832 5720 sexagesimorum
1860 5646 2066 5716 primo-

606 5803 650 5836 “
684 5804 723 5858 Γ.
756 5807 954 5870 μοῖραι.
1037 5804 1077 5835 ⁶¹
1108 5821 1197 5873 γρ.
1241 5806 1477 5874 ποιήσει.

2175 4552 2209 4620 ἡ
2244 4548 2440 4620 σελήνη
2488 4550 2547 4601 ἐν
2597 4547 2834 4619 ἡμέραις
2867 4554 2918 4612 ςδ
2957 4563 3017 4598 τε
3065 4547 3160 4600 καὶ
3198 4553 3278 4615 νγ¹
3320 4544 3589 4616 πρώτοις,
3643 4544 3740 4598 καὶ

2171 4639 2440 4710 δευτέροις
2461 4644 2508 4691 κι
2528 4636 2883 4708 παραγίνεται
2904 4634 3012 4688 ἀπὸ
3037 4634 3137 4705 τῆς
3159 4632 3443 4704 ἐλαχίστης
3473 4633 3740 4703 κινήσεως

2171 4731 2264 4785 ἐπὶ
2290 4730 2390 4801 τὴν
2425 4729 2616 4801 μέσην,
2645 4726 2737 4781 καὶ
2764 4727 2871 4781 ἀπὸ
2888 4726 2985 4797 τῆς
3015 4725 3183 4796 μέσης
3207 4724 3298 4778 ἐπὶ
3328 4723 3426 4795 τὴν
3456 4722 3737 4793 μεγίστην,

2171 4824 2265 4878 καὶ
2295 4823 2382 4876 διὰ
2404 4820 2604 4884 παντὸς
2632 4822 2697 4890 τῇ
2733 4819 2822 4890 ἴση
2854 4814 3189 4887 παραυξὴσει
3227 4815 3320 4869 καὶ
3355 4813 3576 4886 μειώσει
3601 4814 3740 4886 χρῆ-

2169 4933 2278 4971 ται’
2304 4916 2384 4969 δεῖ
2404 4916 2582 4986 εὑρεῖν
2607 4912 2857 4985 ἀριθμὸν,
2890 4911 2948 4975 ὃς
2975 4906 3451 4970 πολλαπλασιάσας
3475 4905 3536 4959 τὸ
3553 4907 3740 4977 τέταρ-

2168 5026 2259 5063 τον
2301 5009 2465 5079 μέρος
2492 5006 2584 5059 τοῦ
2629 5000 3136 5060 ἀποκαταστατικοῦ
3178 5000 3391 5071 χρόνου,
3423 4996 3739 5052 ἀποτελέσει

2167 5101 2291 5155 τινὰ
2336 5099 2586 5171 ἀριθμὸν,
2625 5098 2704 5163 ὃς,
2736 5095 3044 5169 προστιθεὶς
3074 5093 3173 5166 μὲν
3205 5094 3273 5164 τῇ
3319 5091 3459 5163 μέσῃ
3501 5090 3736 5160 κινήσει,

2172 5191 2386 5257 συνάξει
2411 5192 2454 5223 ⁸³
2488 5190 2609 5245 τινὰ
2637 5190 2867 5260 ἀριθμὸν
2895 5187 3114 5258 μείζονα
3150 5185 3247 5256 μὲν
3282 5183 3390 5237 τῶν
3422 5188 3480 5235 ιε’
3511 5181 3737 5253 μοιρῶν,

2170 5285 2425 5339 ἐλάττονα
2461 5283 2519 5336 δὲ
2550 5281 2654 5335 τῶν
2695 5286 2768 5346 ις’
2795 5297 2806 5308 ·
2841 5279 3153 5351 ἀφαιρεθεὶς
3196 5276 3253 5330 δέ
3280 5275 3388 5329 ἀπὸ
3428 5273 3526 5344 τῆς
3564 5272 3740 5344 μέσης

2169 5380 2452 5449 κινήσεως,
2488 5374 2769 5443 ἀπολείψει
2794 5373 2924 5426 τινά⁶
2958 5370 3210 5443 ἀριθμὸν,
3242 5368 3461 5440 μείζονα
3494 5366 3593 5437 μὲν
3624 5364 3736 5418 τῶν

2171 5477 2237 5525 ια’
2275 5469 2499 5541 μοιρῶν,
2530 5468 2783 5521 ἐλάττονα
2802 5466 2860 5519 δὲ
2882 5465 2988 5518 τῶν
3023 5463 3109 5533 ιβ’.
3142 5461 3223 5516 Τά
3250 5462 3305 5515 δὲ
3335 5458 3739 5533 προστιθέμενα

2168 5567 2287 5627 ταῖς
2316 5569 2375 5616 ιε’
2403 5562 2619 5633 μοίραις
2641 5561 2737 5612 καὶ
2767 5561 2887 5622 ταῖς
2912 5563 3001 5620 ια’,
3029 5555 3181 5608 ἔσται
3207 5555 3299 5606 ἐπὶ
3312 5553 3372 5606 τὸ
3393 5551 3522 5606 αὐτὸ
3540 5550 3734 5622 πρῶτα

2169 5651 2431 5723 ἐξηκοστὰ
2466 5656 2572 5713 κα’,
2615 5650 2709 5703 καὶ
2747 5647 2975 5719 δεύτερα
3013 5653 3070 5699 ι’,
3111 5644 3438 5716 Εὑρίσκεται
3477 5641 3533 5696 δὲ
3573 5640 3740 5695 τοῦτο
