4124 6400
393 374 496 431 857

1406 379 1642 436 GEMINI
1680 381 2057 439 ELEMENTA
2091 384 2579 442 ASTRONOMLE.

3523 387 3627 444 838

395 497 565 551 ποιῶν
591 499 620 551 ό
643 496 751 550 τῶν
781 503 850 568 ιη’
879 497 1185 567 ἑξηκοστῶν
1214 499 1443 572 πρώτων
1466 519 1479 531 ·
1523 502 1615 556 ἐὰν
1647 501 1755 574 γὰρ
1791 500 1958 557 ταῦτα

2066 521 2217 572 rum;
2252 507 2298 562 si
2325 507 2469 561 enim
2498 507 2612 562 haec
2640 507 2992 579 multiplicata
3023 507 3224 563 fuerint
3271 505 3327 560 in
3377 511 3627 576 quartam

394 587 870 659 πολλαπλασιασθῇ
903 589 994 641 ἐπὶ
1025 589 1087 642 τὸ
1122 590 1382 661 τέταρτον
1431 593 1592 663 μέρος
1623 593 1721 662 τῆς
1760 593 1962 646 ἀποκα-

397 680 741 745 ταστάσεως,
774 681 867 734 ἐπὶ
903 679 1004 743 τὰς
1046 681 1256 752 ἡμέρας
1302 690 1375 747 ς’,
1422 689 1486 752 ιγ’
1527 683 1716 754 πρῶτα
1753 683 1960 748 λεπτὰ,

397 775 492 826 καὶ
535 779 582 824 κ’
613 773 838 842 δεύτερα
861 814 875 838 ,
907 772 1288 827 ἀποτελοῦνται
1323 777 1506 846 μοῖραι
1552 775 1595 844 β’
1640 776 1732 828 καὶ
1772 774 1963 846 πρῶτα

393 863 661 935 ἑξηκοστά
697 863 756 917 δ’.
788 863 970 934 Τοαῦτα
1020 864 1333 936 προσέθηκα
1363 869 1427 936 τῇ
1459 866 1595 938 μέσῃ
1631 868 1840 937 κινήσει
1873 873 1959 934 ιγ’,

395 962 446 1019 ι’,
482 955 576 1020 λε’,
604 955 698 1008 καὶ
735 953 1198 1026 γίνονταιυιοῖραι
1233 963 1312 1020 ιε’,
1361 957 1438 1022 ιδ’,
1474 957 1581 1008 λε”
1618 958 1710 1010 καὶ
1749 958 1962 1026 ἀφεῖλον

391 1047 500 1100 ἀπὸ
551 1044 652 1114 τῆς
709 1044 882 1116 μέσης
935 1052 1201 1114 κινήσεως
1255 1046 1354 1109 τάς
1411 1047 1453 1117 β’
1499 1047 1710 1119 μοίρας,
1757 1049 1849 1101 καὶ
1895 1048 1964 1101 τὰ

389 1137 584 1210 πρῶτα
621 1136 889 1208 ἑξηκοστά
915 1137 977 1203 δ’,
1013 1140 1106 1192 καὶ
1141 1139 1210 1192 τὰ
1253 1139 1503 1193 λείποντα
1539 1141 1604 1203 ⁸³,
1644 1141 1835 1210 μοίρας
1873 1147 1959 1206 ια’,

391 1226 466 1294 ς’,
497 1228 590 1283 λε’.
621 1228 860 1300 Εὕρηται
897 1229 1004 1301 ἄρα
1032 1231 1065 1300 ἡ
1102 1229 1198 1300 μὲν
1231 1230 1486 1300 ἐλαχίστη
1518 1231 1728 1302 κίνησις
1753 1231 1848 1301 τῆς
1875 1248 1962 1284 σε-

386 1320 556 1392 λήνης
583 1338 725 1393 μοιρ.
762 1327 850 1383 ια’,
879 1320 1108 1392 πρώτων
1133 1319 1437 1392 ἐξηκοστῶν
1475 1328 1570 1387 ις’,
1609 1321 1874 1393 δευτέρων
1905 1321 1963 1375 δὲ

391 1411 482 1477 ια’,
515 1413 712 1482 τρίτων
741 1412 814 1466 λε’
843 1431 856 1443 ·
890 1416 923 1485 ἡ
955 1415 1012 1468 δὲ
1051 1415 1188 1485 μέση
1219 1415 1432 1486 κίνησις
1460 1431 1606 1487 μοιρ.
1643 1421 1732 1483 ιγ’,
1765 1421 1818 1482 ι’,
1851 1413 1922 1466 λε’
1957 1430 1970 1445 ·
2007 1415 2040 1484 ἡ
2079 1416 2310 1488 μεγίστη
2342 1417 2552 1488 κίνησις
2587 1435 2731 1490 μοιρ.
2777 1425 2854 1483 ιε’,

390 1502 732 1575 παραύξησις
758 1503 986 1575 πρώτων
1011 1504 1314 1576 ἑξηκοστῷν
1346 1504 1436 1576 ιη’.

895 1621 1286 1674 ΚΕΦΑΛΑῙΟΝ
1326 1623 1443 1688 ις’.

389 1734 601 1804 Χρόνοι
625 1732 744 1786 τῶν
768 1731 984 1793 ζωδίων
1011 1733 1079 1804 ἐν
1107 1728 1197 1799 οἷς
1214 1713 1475 1804 ἕκαστον
1493 1731 1754 1804 amore
1783 1733 1955 1800 ἣλιος

2073 605 2280 668 partem
2311 598 2674 652 restitutionis
2695 639 2708 663 ,
2749 613 2941 666 nempe
2974 596 3030 651 in
3067 597 3184 651 dies
3206 594 3260 660 6,
3289 594 3391 660 15’,
3419 601 3473 649 et
3506 593 3624 657 20",

2073 690 2448 758 producuntur
2472 689 2673 760 gradus
2699 689 2734 743 2
2763 701 2814 745 et
2842 689 2908 744 ι’.
2950 687 3075 743 Haec
3099 687 3277 742 addidi
3312 685 3490 739 medio
3512 699 3629 737 mo-

2071 781 2186 845 tui,
2233 797 2424 851 nempe
2449 782 2704 851 gradibus
2735 782 2836 848 15,
2887 782 2987 847 10’,
3018 781 3134 844 55”,
3161 787 3214 834 et
3251 777 3394 836 fiunt
3427 776 3627 846 gradus

2070 870 2158 931 15,
2194 869 2296 932 Μ’,
2328 869 2444 923 55¹¹.
2475 868 2727 923 Subtraxi
2760 885 2787 922 a
2828 870 3006 925 medio
3039 877 3188 923 motu
3220 868 3320 922 hos
3353 867 3551 936 gradus
3593 866 3629 917 2

2067 968 2122 1014 et
2152 961 2218 1025 ιν,
2252 968 2305 1014 et
2339 961 2532 1030 reliqui
2589 968 2716 1016 sunt
2747 961 2950 1032 gradus
2982 961 3066 1023 11,
3110 961 3178 1024 6',
3217 959 3332 1014 55".
3371 957 3628 1011 Inventus

2067 1057 2154 1103 cst
2188 1049 2349 1117 igitur
2399 1049 2658 1104 minimus
2704 1057 2884 1105 motus
2943 1051 3082 1104 luna:
3131 1049 3393 1119 graduum
3426 1047 3526 1108 11,
3557 1045 3624 1108 6',

2070 1140 2183 1203 11”,
2211 1141 2354 1204 55”’;
2392 1141 2601 1196 medius
2657 1152 2834 1197 motus
2888 1142 3152 1213 graduum
3202 1141 3290 1201 15,
3343 1139 3444 1203 10’,
3497 1138 3625 1203 35";

2068 1231 2336 1286 maximus
2369 1240 2548 1288 motus
2594 1233 2858 1303 graduum
2922 1235 3005 1298 15,
3039 1235 3142 1298 11’,
3203 1233 3337 1299 55";
3373 1231 3626 1285 diurnum

2070 1332 2248 1376 autem
2278 1323 2670 1380 incrementum
2705 1326 3003 1396 primorum
3038 1327 3494 1398 sexagesimorum
3525 1321 3621 1380 18'.

2917 1426 3006 1484 ια’,
3061 1419 3134 1471 λε’
3155 1437 3167 1449 υ
3197 1420 3233 1490 ἡ
3262 1417 3316 1470 δὲ
3355 1414 3628 1501 ἡμερησία

2644 1615 2871 1672 CAPUT
2908 1616 3046 1672 XVI.

2070 1727 2328 1807 Tempora
2363 1729 2630 1799 signorum
2679 1731 2733 1807 in
2777 1731 2966 1807 _q_uibu_s
3003 1750 3400 1807 unumquoaque
3446 1755 3625 1794 eorum

459 1803 868 1882 διαπορεύεται
896 1821 910 1835 ·
955 1803 1062 1882 καὶ,
1099 1806 1158 1856 al
1199 1804 1324 1882 καθ’
1354 1802 1614 1858 ἕκαστον
1639 1799 1852 1882 ,ζῴδιον
1877 1821 1958 1882 τι·

2129 1799 2209 1852 sol
2235 1808 2481 1882 peragrat
2507 1814 2525 1850 :
2561 1809 2611 1853 et
2649 1799 3061 1882 signiﬁcationes
3099 1799 3425 1876 singulorum
3449 1812 3627 1882 signo-

459 1875 704 1943 νόμεναι
731 1874 1125 1942 ἐπισημασίαι
1157 1876 1214 1925 al
1239 1873 1754 1942 ὑπογεγραμμέναι
1780 1874 1956 1927 είσίν.

672 1985 988 2057 Ἀρξώμεθα
1015 1987 1070 2040 δὲ
1091 1987 1200 2040 ἀπὸ
1222 1986 1441 2058 θερινῆς
1464 1987 1691 2058 τροπῆς.

461 2101 734 2173 Καρκίνον
761 2099 1137 2172 διαπορεύεται
1167 2102 1194 2153 ὁ
1216 2100 1363 2170 ἣλιος
1391 2102 1447 2153 ἐν
1478 2099 1708 2170 ἡμέραις
1735 2098 1835 2150 λα’.
1910 2093 1912 2095 ’

471 2193 558 2244 Ἐν
603 2191 658 2244 δὲ
705 2195 770 2262 τῇ
806 2199 852 2244 α’
889 2191 1073 2263 ἡμέρᾳ
1117 2190 1390 2260 Καλίππῳ
1431 2191 1702 2262 Καρκίνος
1737 2189 1960 2260 ἄρχεται

388 2282 719 2346 ἀνατέλλειν,
758 2283 955 2354 τροπαὶ
989 2280 1216 2354 θεριναὶ,
1244 2281 1338 2334 καὶ
1370 2281 1740 2352 ἐπισημαίνει.

474 2373 561 2425 Ἐν
589 2372 645 2425 δὲ
677 2375 742 2444 τῇ
780 2371 824 2424 θ’
854 2372 1034 2442 ἡμέρᾳ
1066 2371 1276 2442 Εὐδόξῳ
1308 2371 1455 2434 νότος
1476 2373 1616 2425 πνεῖ.

473 2465 562 2517 Ἐν
588 2463 644 2516 δὲ
669 2466 734 2534 τῇ
765 2469 832 2516 ια’
859 2463 1038 2534 ἡμέρᾳ
1058 2460 1269 2532 Εὐδόξῳ
1301 2460 1491 2531 Ὠρίων
1518 2459 1650 2530 ἑῷος
1675 2458 1956 2514 ἐπιτέλλει.

471 2554 560 2609 Ἕν
595 2555 653 2607 δὲ
682 2557 749 2626 τῇ
781 2561 848 2623 ιγ’
887 2553 1071 2625 ἡμέρᾳ
1111 2552 1415 2622 Εὐκτήμονι
1453 2550 1642 2621 Ὠρίων
1686 2550 1805 2614 ὅλος
1845 2551 1961 2602 ἐπι-

390 2647 588 2703 τέλλει.

473 2741 559 2792 Ἐν
594 2739 650 2792 δὲ
679 2740 744 2810 τῇ
779 2743 855 2802 ις’
885 2734 1120 2806 Δοσιθέῳ
1154 2734 1420 2804 Στέφανος
1451 2732 1583 2804 ἑῷος
1617 2731 1843 2804 ἄρχεται
1868 2729 1959 2784 δύ-

389 2847 524 2884 νειν.

475 2926 560 2978 Ἐν
584 2924 639 2978 δὲ
670 2925 734 2996 τῇ
761 2929 844 2992 κγ’
872 2920 1106 2992 Δοσιθέῳ
1144 2920 1200 2973 ἐν
1228 2918 1487 2989 Αἰγύπτῳ
1517 2918 1678 2971 Κύων
1717 2918 1958 2989 ἐκφανὴς

387 3016 618 3086 γίνεται.

469 3110 556 3163 Ἐν
586 3108 641 3160 δὲ
664 3109 731 3178 τῇ
761 3110 836 3158 κε’
865 3103 1078 3157 Μέτωνι
1101 3101 1264 3156 Κύων
1293 3099 1556 3154 ἐπιτέλλει
1591 3099 1742 3171 ἑῷος.

467 3203 557 3254 Ἐν
603 3199 659 3252 δὲ
707 3200 774 3268 τῇ
828 3195 910 3259 κζ’
956 3196 1263 3266 Εὐκτήμονι
1310 3194 1472 3247 Κύων
1511 3193 1806 3246 ἐπιτέλλει·
1846 3192 1952 3246 Εὐ-

382 3291 519 3364 δόξῳ
547 3290 707 3344 Κύων
752 3286 884 3358 ἑῷος
930 3286 1216 3350 ἐπιτέλλει,
1256 3285 1349 3338 καὶ
1383 3283 1483 3347 τὰς
1521 3286 1790 3353 ἑπομένας
1820 3282 1953 3353 ἡμέ-

385 3403 485 3458 ρας
529 3390 568 3437 ε’
611 3384 656 3416 ⁸³
690 3381 901 3453 ἐτησίαι
942 3378 1223 3432 πνέουσιν·
1259 3378 1314 3430 αἱ
1357 3377 1411 3430 δὲ
1453 3375 1613 3428 πέντε
1648 3376 1702 3427 αἱ
1738 3374 1951 3445 πρῶται

383 3475 680 3546 πρόδρομοι
717 3470 1023 3527 καλοῦνται.
1056 3468 1331 3540 Καλίππῳ
1349 3467 1622 3539 Καρκίνος
1653 3465 1795 3520 δύνει
1826 3466 1952 3519 όινα⁸

379 3567 580 3621 τέλλων
607 3562 1014 3635 πνευματώδης.

465 3657 552 3710 Ἐν
574 3655 629 3708 δὲ
657 3658 722 3727 τῇ
748 3661 832 3726 κη’
851 3654 1153 3723 Εὐκτήμονι
1183 3651 1361 3715 Ἀετὸς
1386 3649 1517 3721 ἑῷος
1543 3649 1687 3702 δύνει
1709 3665 1722 3680 ο
1748 3646 1949 3719 χειμὼν

383 3747 525 3804 κατά
554 3747 825 3801 θάλασσαν
863 3743 1180 3810 ἐπιγίνεται.

465 3839 551 3892 Ἐν
580 3838 635 3891 δὲ
671 3840 737 3909 τῇ
781 3837 823 3889 λ’
864 3834 1136 3903 Καλίππῳ
1173 3833 1322 3886 Λέων
1347 3831 1575 3903 ἄρχεται
1611 3829 1945 3885 ἀνατέλλεινο

379 3928 528 3991 νότος
555 3930 676 3981 πνεῖ
698 3944 711 3957 ·
749 3927 843 3979 καὶ
867 3924 1028 3977 Κύων
1058 3923 1358 3977 ἀνατέλλων
1391 3923 1619 3994 φανερὸς
1649 3923 1874 3990 γίνεται.

462 4019 548 4072 Ἐν
571 4019 626 4071 δὲ
657 4019 723 4088 τῇ
749 4017 830 4070 λα’
858 4016 1072 4086 Εὐδόξῳ
1097 4015 1246 4077 νότος
1277 4017 1418 4067 πνεῖ.

459 4109 518 4162 '0
548 4109 698 4179 ἥλιος
726 4109 816 4161 τὸν
843 4109 1044 4161 Λέοντα
1087 4105 1462 4178 διαπορεύεται
1493 4107 1548 4157 ἐν
1584 4105 1816 4176 ἡμέραις
1843 4105 1942 4157 λα’.

460 4200 548 4253 Ἐν
574 4201 670 4272 μὲν
712 4197 804 4254 οὖν
848 4203 913 4270 τῇ
964 4199 1012 4252 α’
1057 4199 1239 4270 ἡμέρᾳ
1289 4198 1594 4267 Εὐκτήμονι
1651 4196 1810 4249 Κύων
1851 4197 1947 4267 μὲν

374 4291 636 4361 ἐκφανὴς,
668 4292 855 4359 πνῖγος
877 4290 933 4342 δὲ
961 4289 1280 4356 ἐπιγίνεται,
1308 4285 1675 4355 ἐπισημαίνει.

459 4385 547 4438 Ἐν
571 4385 626 4437 δὲ
652 4385 718 4456 τῇ
752 4390 790 4436 ε’
817 4381 1029 4451 Εὐδόξῳ
1063 4380 1243 4442 Ἀετὸς
1275 4379 1406 4450 ἑῷος
1432 4379 1595 4431 δύνει.

457 4475 544 4527 Ἐν
567 4474 623 4527 δὲ
647 4477 713 4545 τῇ
751 4480 780 4526 ι’
817 4473 1000 4544 ἡμέρᾳ
1025 4470 1234 4540 Εὐδόξῳ
1258 4469 1524 4539 Στέφανος
1547 4469 1708 4521 δύνει.

459 4565 544 4617 Ἐν
586 4564 644 4617 δὲ
684 4565 751 4634 τῇ
803 4561 866 4632 ιβ’
920 4563 1193 4632 Καλίππῳ
1237 4560 1388 4614 Λέων
1434 4559 1596 4629 μέσος
1644 4555 1946 4611 ἀνατέλλων

375 4657 542 4728 πνίγη
571 4655 805 4726 μάλιστα
838 4658 999 4708 ποιεῖ.

458 4749 544 4800 Ἑν
580 4749 637 4801 δὲ
666 4750 734 4819 τῇ
766 4746 824 4799 ιδ’
854 4747 1162 4817 Εὐκτήμονι
1191 4745 1352 4816 πνίγη
1381 4745 1614 4815 μάλιστα
1643 4743 1871 4812 γίνεται.

456 4840 542 4892 Ἐν
574 4839 630 4892 δὲ
653 4842 718 4911 τῇ
752 4838 824 4904 ις’
849 4839 1032 4910 ἡμέρᾳ
1058 4837 1268 4908 Εὐδόξῳ
1294 4837 1658 4908 ἐπισημαίνει.

455 4931 543 4983 Ἐν
574 4931 630 4983 δὲ
668 4933 732 5001 τῇ
770 4931 832 4995 ιζ’
866 4931 1174 5000 Εὐκτήμονι
1205 4928 1356 5001 Λύρα
1383 4928 1583 4988 δύεται,
1614 4928 1708 4981 καὶ
1734 4927 1812 4980 ἐτι
1839 4925 1940 4988 ὐει,

373 5021 468 5074 καὶ
495 5021 707 5086 ἐτησίαι
731 5020 1015 5083 παύονται,
1040 5022 1134 5074 καὶ
1157 5022 1346 5083 Ἵππος
1375 5019 1658 5074 ἐπιτέλλει.

458 5113 544 5163 Ἐν
571 5112 628 5164 δὲ
669 5114 736 5183 τῇ
773 5120 843 5184 ιη’
869 5112 1080 5182 Εὐδόξῳ
1116 5111 1308 5180 Δελφίς
1339 5112 1470 5182 ἑῷος
1509 5112 1672 5165 δύνει.
1710 5111 1941 5181 Δοσιθέῳ

373 5210 771 5282 Προτρυγητὴρ
795 5209 1090 5280 ἀκρόνυχος
1118 5207 1402 5261 ἐπιτέλλει.

457 5302 544 5355 Ἐν
576 5301 633 5354 δὲ
675 5303 740 5372 τῇ
775 5299 856 5370 κβ¹
889 5300 1100 5371 Εὐδόξῳ
1135 5299 1284 5371 Λύρα
1325 5298 1455 5368 ἑῷος
1501 5298 1662 5362 δύνει,
1702 5298 1794 5351 καὶ
1823 5299 1940 5350 ἐπι-

373 5410 442 5447 cn
452 5395 650 5447 μαίνει.
1886 5431 1888 5434 ,

491 5410 650 5447 αινει.
1886 5431 1888 5434 ,

410 5410 546 5536 ηιξΕν
574 5483 630 5536 δὲ
659 5487 722 5554 τῇ
754 5484 834 5537 κθ¹
860 5484 1070 5553 Εὐδόξῳ
1099 5481 1464 5552 ἐπισημαίνει.
1492 5477 1761 5554 Καλίππῳ
1790 5483 1937 5554 Παρ-

373 5572 525 5639 θένος
557 5573 844 5642 ἐπιτέλλει,
868 5573 1234 5644 ἐπισημαίνει.

331 5744 339 5751 ’
445 5751 488 5783 ⁶¹
512 5768 599 5820 γρ.
625 5751 1065 5819 καταλειφθέντα.
1145 5749 1190 5782 ⁸⁸
1224 5768 1310 5818 πρ.
1345 5756 1437 5803 νε’.

2132 1885 2250 1921 rum
2289 1880 2408 1921 sunt
2435 1871 2710 1938 ejusmodi.

2227 1981 2556 2050 Incipiamus
2583 1991 2759 2038 autem
2795 1984 2862 2038 ab
2886 1985 3074 2040 aestiva
3098 1991 3465 2047 conversione.

2129 2095 2398 2149 Cancrum
2433 2107 2681 2167 peragrat
2707 2099 2786 2151 sol
2815 2101 2869 2153 in
2901 2099 3092 2156 diebus
3119 2102 3205 2156 51.

2128 2187 2311 2242 Primo
2342 2190 2430 2243 die
2458 2189 2683 2258 Calippo
2710 2190 2916 2244 Cancer
2941 2193 3129 2263 incipit
3149 2194 3301 2259 oriri,
3321 2197 3625 2252 conversio-

2059 2294 2155 2334 nes
2184 2282 2405 2345 aestivae,
2439 2291 2490 2335 et
2528 2280 2812 2350 signiﬁcat.

2129 2372 2225 2428 Die
2256 2373 2288 2427 9
2320 2372 2543 2427 Eudoxo
2566 2373 2657 2426 ﬂat
2682 2382 2887 2428 auster.

2128 2464 2224 2520 Die
2251 2464 2312 2517 11
2353 2464 2577 2518 Eudoxo
2606 2463 2773 2518 Orion
2798 2481 2956 2520 mane
2986 2468 3180 2523 oritur.

2126 2559 2232 2629 37
2271 2556 2367 2611 Die
2402 2557 2470 2610 15
2506 2557 2822 2612 Euctemoni
2859 2556 3027 2614 Orion
3059 2567 3204 2614 totus
3239 2560 3432 2614 oritur.

2127 2735 2223 2792 Die
2261 2735 2324 2789 16
2355 2734 2612 2789 Dositheo
2640 2734 2854 2790 Corona
2895 2749 3052 2787 mane
3089 2733 3279 2804 incipit
3309 2733 3579 2791 occidere.

2129 2911 2226 2967 Die
2257 2911 2329 2964 25
2360 2909 2620 2965 Dositheo
2649 2909 2704 2962 in
2744 2907 2980 2980 Egypto
3012 2907 3177 2964 Canis
3211 2915 3445 2976 apparet.

2127 3086 2224 3141 Die
2255 3085 2327 3140 25
2357 3084 2557 3141 Μειοηὶ
2592 3085 2757 3141 Canis
2791 3086 2965 3140 oritur
2999 3101 3157 3140 mane
3555 3138 3557 3140 .

2124 3179 2222 3234 Die
2256 3178 2328 3232 27
2361 3177 2678 3232 Euctemoni
2712 3177 2878 3231 Canis
2915 3177 3110 3231 oritur.
3169 3174 3394 3230 Eudoxo
3449 3175 3618 3232 Canis

2053 3286 2214 3326 mane
2244 3271 2439 3335 oritur,
2472 3277 2527 3325 et
2557 3285 2652 3340 per
2686 3269 2802 3324 dies
2841 3278 3132 3340 sequentes
3165 3269 3406 3338 quinque
3434 3269 3619 3323 etesia:

2053 3365 2262 3433 spirant
2301 3382 2314 3417 :
2354 3377 2384 3417 e
2421 3362 2620 3432 quibus
2653 3361 2844 3416 diebus
2884 3361 3043 3431 primi
3081 3361 3320 3430 quinque
3351 3368 3617 3413 vocantur

2051 3469 2438 3526 prmcursores.
2482 3452 2704 3523 Calippo
2758 3451 2964 3508 Cancer
3011 3453 3244 3517 occidit,
3304 3454 3487 3508 oriens
3516 3452 3614 3506 tia-

2051 3552 2262 3599 ῑιιοευε.

2119 3635 2216 3689 Die
2253 3635 2323 3689 28
2361 3633 2679 3688 Euctemoni
2719 3632 2916 3702 Aquila
2953 3648 3110 3688 mane
3141 3632 3377 3700 occidit;
3410 3640 3613 3704 tempe-

2050 3735 2162 3783 stas
2193 3743 2289 3796 per
2322 3741 2471 3780 mare
2503 3732 2623 3794 post
2654 3725 2940 3778 excitatur.

2119 3817 2214 3872 Die
2246 3818 2314 3872 50
2346 3816 2569 3886 Calippo
2599 3814 2709 3869 Leo
2741 3815 2931 3884 incipit
2961 3816 3092 3870 oriri
3121 3834 3135 3882 ;
3181 3823 3365 3872 auster
3404 3815 3609 3885 spirat;

2047 3917 2102 3965 et
2135 3910 2300 3964 Canis
2336 3910 2520 3963 oriens
2557 3909 2614 3961 fit
2646 3907 2994 3976 conspicuus.

2119 4002 2214 4056 Die
2247 4002 2306 4055 51
2345 4000 2568 4054 Eudoxo
2602 4007 2788 4054 auster
2819 4000 3008 4068 spirat.

2124 4092 2359 4146 Leonem
2400 4093 2482 4146 sol
2517 4099 2770 4163 peragrat
2801 4091 2989 4145 diebus
3023 4091 3108 4144 51.

2118 4188 2301 4241 Primo
2339 4187 2506 4257 igitur
2544 4185 2633 4240 die
2685 4184 3002 4239 Euctemoni
3055 4183 3220 4238 Canis
3261 4181 3478 4251 quidem
3526 4190 3610 4237 est

2046 4279 2382 4347 conspicuus
2409 4294 2420 4329 :
2453 4281 2575 4344 post
2605 4282 2784 4328 autem
2821 4273 2877 4326 ﬁt
2909 4283 3074 4327 aestus
3094 4312 3108 4336 ,
3145 4271 3430 4342 signiﬁcat.

2118 4370 2214 4423 Die
2253 4369 2286 4422 5
2322 4367 2545 4421 Eudoxo
2585 4365 2780 4432 Aquila
2815 4379 2974 4419 mane
3011 4364 3227 4419 occidit.

1970 4472 2014 4526 [ι
2118 4458 2214 4513 Die
2249 4458 2315 4512 10
2353 4457 2577 4511 Eudoxo
2605 4457 2818 4510 Corona
2851 4456 3070 4510 occidit.

2117 4547 2213 4603 Die
2245 4549 2311 4601 12
2337 4547 2563 4618 Calippo
2592 4537 2701 4600 Leo
2729 4545 2940 4600 medius
2971 4546 3151 4600 oriens
3176 4551 3340 4599 aestus
3371 4543 3604 4598 maxime

2045 4642 2191 4698 facit.

2112 4732 2208 4788 Die
2242 4731 2307 4785 14
2340 4728 2658 4785 Euctemoni
2693 4738 2859 4782 aestus
2893 4727 3128 4781 maxime
3163 4725 3321 4780 ﬁunt.

2112 4824 2206 4878 Die
2237 4823 2304 4878 16
2327 4821 2553 4876 Eudoxo
2585 4821 2872 4891 signiﬁcat.

2112 4916 2206 4971 Die
2239 4917 2306 4969 17
2331 4915 2651 4969 Euctemoni
2682 4913 2820 4984 Lyra
2845 4911 3070 4974 occidit,
3100 4921 3152 4966 et
3181 4911 3403 4982 insuper
3430 4910 3600 4981 pluit,

2040 5016 2095 5064 et
2127 5009 2310 5063 etesia:
2337 5014 2556 5062 cessant
2582 5025 2594 5060 :
2631 5005 2816 5075 Equus
2847 5006 3038 5060 oritur.

2114 5099 2210 5154 Die
2241 5101 2307 5154 18
2335 5098 2561 5153 Eudoxo
2595 5095 2894 5167 Delphinus
2920 5112 3078 5151 mane
3103 5095 3321 5151 occidit.
3347 5095 3602 5151 Dositheo

2041 5189 2414 5244 Vindemiator
2437 5187 2648 5257 vesperi
2667 5189 2860 5242 oritur.

2113 5281 2209 5337 Die
2239 5281 2310 5334 22
2343 5281 2573 5336 Eudoxo
2605 5279 2743 5351 Lyra
2782 5295 2938 5334 mane
2968 5280 3198 5345 occidit,
3229 5286 3282 5334 et
3312 5276 3596 5351 signiﬁcat.

2110 5462 2206 5517 Die
2254 5459 2323 5515 29
2366 5459 2593 5514 Eudoxo
2640 5456 3091 5529 signiﬁcationem
3142 5455 3322 5512 habet.
3376 5452 3600 5523 Calippo

2041 5555 2207 5628 Virgo
2235 5554 2432 5620 oritur,
2467 5551 2751 5623 signiﬁcat.
