4116 6400
513 403 619 460 859

586 517 860 589 Virginem
895 516 1164 588 percurrit
1199 515 1281 570 sol
1311 512 1504 568 diebus
1537 515 1625 568 50.

579 695 679 753 Die
713 697 747 753 5
775 696 1000 751 Eudoxo
1034 706 1228 753 ventus
1259 698 1431 766 spirat
1464 713 1729 767 magnus,
1767 704 1821 751 et
1855 699 2076 766 insuper

511 798 684 844 tonat.
721 789 949 860 Calippo
978 789 1193 844 humeri
1225 788 1466 859 Virginis
1497 791 1773 852 oriuntur,
1809 799 1861 843 et
1895 790 2078 844 etesia:

511 882 746 950 spirant.

581 969 677 1024 Die
704 971 769 1022 10
796 969 1117 1024 Euctemoni
1137 969 1512 1024 Vindemiator
1538 975 1798 1038 apparet;
1829 971 2003 1023 oritur
2025 975 2078 1022 et

510 1063 797 1125 Arcturus,
817 1071 869 1116 et
894 1061 1098 1131 Sagitta
1129 1064 1328 1118 occidit
1353 1077 1530 1118 mane.
1557 1061 1874 1132 Tempestas
1905 1062 1961 1114 ﬁt
1987 1077 2079 1131 per

511 1169 679 1207 mare.
738 1153 961 1208 Eudoxo
997 1155 1177 1224 pluvia
1203 1195 1218 1221 ,
1258 1155 1543 1218 tonitrua;
1598 1162 1794 1210 ventus
1846 1170 2078 1225 maglms

509 1246 700 1316 spirat.

579 1339 675 1393 alio
711 1340 776 1393 17
807 1340 1030 1408 Calippo
1059 1337 1228 1409 Virgo
1258 1339 1433 1393 media
1465 1339 1652 1393 oriens
1681 1339 1950 1410 signiﬁcat
1970 1379 1983 1403 ,
2025 1350 2079 1394 et

508 1427 778 1485 Arcturus
810 1433 995 1486 oriens
1027 1440 1112 1486 est
1141 1432 1489 1501 conspicuus.

581 1587 676 1644 Die
703 1590 769 1643 l9
797 1589 1024 1643 Eudoxo
1057 1591 1326 1646 Arcturus
1362 1606 1522 1645 mane
1552 1590 1749 1655 oritur,
1775 1598 1828 1644 et
1862 1607 1958 1660 per
1987 1606 2076 1646 se-

508 1687 740 1750 quentes
769 1680 887 1735 dies
915 1681 945 1733 7
977 1681 1190 1750 spirant
1217 1682 1397 1744 venti,
1430 1681 1699 1737 serenitas
1728 1691 1812 1736 est
1840 1682 2079 1750 plerum-

508 1786 636 1840 que.
672 1769 938 1828 Cessante
973 1773 1074 1828 lioe
1109 1781 1385 1842 tempore,
1420 1782 1614 1828 ventus
1651 1773 1720 1827 ab
1753 1787 1950 1825 aurora
1983 1788 2078 1826 ex-

508 1862 676 1918 sistit.

580 1953 677 2009 l)ie
700 1954 769 2008 20
795 1955 1059 2010 Arcturus
1089 1954 1408 2011 Euctemoni
1433 1957 1788 2027 conspicuus.
1817 1955 2077 2010 Autumni

509 2045 724 2100 initium
747 2086 762 2108 ,
799 2055 853 2101 et
881 2047 1058 2118 Capra
1089 2047 1290 2112 oritur,
1327 2048 1485 2102 stella
1516 2064 1712 2120 magna
1747 2049 1804 2102 in
1839 2047 2040 2118 Auriga
2060 2089 2075 2115 ,

506 2145 563 2191 et
596 2137 791 2195 deinde
823 2139 1111 2210 signiﬁcat.
1145 2138 1467 2210 Tempestas
1502 2157 1599 2212 per
1631 2155 1802 2197 mare.

583 2316 678 2371 Die
706 2317 776 2370 24
803 2316 1032 2386 Calippo
1061 2317 1214 2388 spica
1246 2318 1491 2390 Virginis
1521 2324 1716 2376 oritur.

585 2498 799 2554 Libram
832 2515 913 2555 so.
943 2507 1197 2570 peragrat
1229 2500 1424 2555 diebus
1457 2501 1543 2556 30.

583 2590 677 2646 Die
708 2593 730 2644 1
769 2591 1090 2646 Euctemoni
1124 2593 1511 2660 aaquinoctium
1542 2599 1859 2648 autumna.e
1879 2634 1896 2660 ,
1923 2601 1978 2649 et
2005 2595 2082 2650 si-

511 2682 751 2752 gniﬁcat.
787 2682 1012 2752 Calippo
1061 2681 1218 2736 Aries
1249 2682 1440 2753 incipit
1489 2684 1760 2740 occidere.
1812 2683 2082 2754 Equino-

511 2776 680 2830 ctium
718 2775 1052 2828 autumnale.

583 2865 679 2922 Die
705 2867 739 2922 3
767 2865 1083 2920 Euctemoni
1115 2865 1269 2921 ll-Jedi
1295 2867 1590 2938 vespertini
1617 2867 1889 2923 oriuntur.
1921 2867 2083 2925 Tem-

512 2969 695 3032 pestas
726 2960 964 3015 exsistit.

585 3051 680 3106 Die
705 3051 739 3105 4
774 3051 996 3105 Eudoxo
1025 3051 1203 3122 Capra
1235 3051 1447 3120 vesperi
1477 3051 1672 3106 oritur.

585 3141 681 3199 Die
710 3144 743 3198 5
771 3142 1092 3198 Euctemoni
1145 3143 1474 3213 vespertinae
1521 3150 1784 3212 apparent
1833 3140 2080 3198 Pleiades

513 3237 584 3291 ab
614 3243 760 3291 ortu.
793 3237 1024 3306 Calippo
1058 3234 1225 3306 Virgo
1259 3244 1438 3291 cessat
1469 3235 1627 3292 oriri.

587 3411 684 3466 Die
713 3411 743 3463 7
773 3411 1092 3468 Euctemoni
1123 3411 1339 3467 Corona
1374 3410 1570 3465 oritur.
1603 3409 1927 3482 Tempestas
1975 3420 2080 3468 est.

586 3596 682 3653 Die
709 3597 743 3653 8
771 3597 994 3653 Eudoxo
1020 3597 1268 3656 Pleiades
1297 3601 1568 3657 oriuntur.

587 3689 683 3745 Die
714 3692 782 3746 10
812 3691 1039 3745 Eudoxo
1073 3733 1085 3746 .
1120 3734 1134 3748 .
1170 3731 1184 3746 .
1217 3707 1378 3747 mane
1409 3695 1604 3750 oritur.

586 3783 682 3839 Die
713 3785 779 3840 l2
807 3785 1033 3840 Eudoxo
1061 3784 1322 3856 Scorpius
1350 3787 1560 3857 vesperi
1597 3787 1787 3856 incipit
1811 3788 2081 3852 occidere,

515 3885 572 3931 et
604 3885 901 3948 tempestas
928 3881 1152 3950 insuper
1188 3879 1384 3946 oritur,
1411 3887 1465 3934 et
1489 3889 1685 3935 ventus
1715 3879 1805 3935 tlat
1833 3896 2082 3952 magnus.

591 4055 686 4113 Die
717 4057 784 4110 l7
816 4057 1042 4113 Eudoxo
1091 4065 1243 4116 totus
1289 4059 1553 4132 Scorpius
1599 4062 1861 4132 vesperi;
1910 4063 2086 4134 Capra

519 4149 736 4219 penitus
769 4149 990 4205 occidit.
1019 4151 1248 4222 Calippo
1279 4151 1467 4209 Chelae
1500 4154 1772 4226 incipiunt
1805 4157 1980 4224 oriri,
2011 4158 2086 4214 si-

517 4239 801 4310 gniiicant.

589 4331 685 4386 Die
719 4332 784 4385 19
815 4331 1040 4387 Eudoxo
1071 4333 1250 4389 boreae
1280 4342 1335 4390 et
1366 4336 1540 4391 austri
1569 4338 1804 4407 spirant.

591 4422 686 4480 Die
715 4425 786 4478 22
816 4425 1040 4480 Eudoxo
1073 4425 1286 4498 llyades
1317 4430 1530 4500 vesperi
1561 4431 1836 4487 oriuntur.

591 4603 685 4659 Die
713 4605 782 4658 ‘28
810 4603 1036 4676 Calippo
1064 4605 1229 4661 Tauri
1259 4607 1433 4662 cauda
1461 4608 1690 4676 occidit‘,
1723 4609 2011 4679 signiﬁcat.

592 4781 690 4838 Die
713 4783 783 4838 29
810 4783 1036 4840 Eudoxo
1069 4786 1265 4840 boreas
1293 4793 1350 4841 et
1381 4795 1566 4842 auster
1592 4787 1822 4856 Spirant.

591 4874 687 4932 Die
713 4877 782 4931 50
811 4876 1130 4949 Euctemoni
1164 4895 1356 4950 magna
1385 4895 1482 4950 per
1513 4896 1664 4935 mare
1696 4886 2011 4949 tempestas.

595 5052 882 5124 Scorpium
911 5055 993 5110 sol
1022 5062 1264 5126 permeat
1293 5054 1487 5110 diebus
1515 5055 1603 5112 50.

593 5232 686 5290 Die
713 5233 749 5288 3
777 5232 1032 5290 Dositheo
1061 5214 1360 5305 tempestas
1389 5240 1492 5289 est.

592 5326 688 5381 Die
712 5327 746 5378 ι
772 5326 1082 5382 Democrito
1102 5327 1348 5382 Pleiades
1371 5325 1629 5381 occidunt
1652 5339 1866 5382 summo
1886 5337 2044 5377 mane
2069 5366 2085 5389 ,

522 5419 668 5473 venti
716 5419 930 5474 hiberni
987 5419 1307 5489 plerumque
1365 5425 1420 5472 et
1473 5417 1710 5488 frigora,
1763 5425 1818 5472 et
1867 5416 2082 5486 pruina.

526 5507 676 5564 Solet
708 5510 837 5564 oriri
875 5509 1050 5566 ﬂatus.
1087 5510 1237 5564 Folia
1268 5511 1508 5578 abjicere
1539 5509 1776 5564 maxime
1821 5508 2091 5577 incipiunt

527 5599 776 5656 arbores.
809 5600 1036 5672 Calippo
1069 5601 1278 5671 Scorpii
1317 5601 1468 5657 frons
1498 5602 1675 5656 oritur
1710 5615 1834 5656 cum
1867 5599 2020 5654 ﬂatu.

590 5815 633 5844 “
673 5833 758 5884 γρ.
786 5815 1058 5885 λήγονται.

1500 393 1592 448 ΔΙ)
1631 387 1900 448 EllSEBll
1937 383 2330 444 CliRONlCON
2371 376 2737 438 APPENDIX.

2103 519 2145 570 Α
2243 502 2352 572 Τὴν
2399 501 2454 553 δέ
2504 497 2778 569 Παρθένον
2820 488 3198 562 διαπορεύεται
3242 488 3270 539 ὁ
3307 484 3459 555 ἥλιος
3505 483 3562 536 ἐν
3607 483 3745 553 ἡμέ-

3643 361 3747 418 860

2181 613 2299 664 ραις
2330 600 2390 646 λ’.

2259 687 2346 738 Ἐν
2396 687 2493 756 μὲν
2544 679 2636 736 οὖν
2677 684 2742 751 τῇ
2788 686 2828 732 ε’
2878 677 3060 749 ἡμέρᾳ.
3092 673 3302 743 Εὐδόξῳ
3334 671 3531 740 ἄνεμος
3572 668 3744 739 μέγας

2177 779 2318 838 πνεῖ,
2349 775 2442 827 καὶ
2473 772 2782 841 ἐπιϐροντᾷ.
2816 767 3086 836 Καλίππῳ
3113 764 3170 817 δέ
3199 765 3246 816 οἱ
3285 756 3425 831 ὦμοι
3460 759 3556 830 τῆς
3598 759 3744 827 Παρ-

2178 865 2328 917 θένου
2362 862 2714 921 ἐπιτέλλουσι,
2746 858 2840 911 καὶ
2866 856 3078 926 ἐτησίαι
3113 854 3363 907 πνέουσιν
3397 850 3462 904 ⁸⁵.

2259 956 2346 1008 Ἐν
2384 955 2437 1007 δὲ
2476 956 2540 1024 τῇ
2578 959 2607 1005 ι’
2649 950 2832 1022 ἡμέρᾳ
2863 947 3167 1016 Εὐκτήμονι
3197 939 3588 1016 Προτρυγητὴρ
3617 938 3742 1007 φαί-

2177 1063 2364 1100 νεται·
2415 1045 2682 1098 ἐπιτέλλει
2732 1044 2790 1096 δὲ
2838 1042 2932 1094 καὶ
2986 1037 3346 1110 Ἀρκτοῦρος·
3391 1035 3486 1088 καὶ
3542 1032 3744 1096 Ὀῖστὸς

2177 1139 2360 1192 δύεται
2391 1137 2610 1208 ὄρθρου.
2655 1131 2877 1203 Χειμὼν
2905 1131 3044 1184 κατὰ
3081 1129 3372 1183 θάλασσαν.
3421 1125 3631 1196 Εὐδόξῳ
3658 1126 3746 1178 ὐε-

2176 1230 2286 1292 τὸς,
2320 1230 2558 1300 βρονταὶ,
2596 1229 2642 1259 ⁸⁵
2675 1227 2872 1296 ἄνεμος
2910 1225 3081 1295 μέγας
3117 1223 3257 1274 πνεῖ.

2260 1321 2348 1373 Ἐν
2385 1321 2441 1372 δὲ
2491 1323 2557 1390 τῇ
2609 1319 2677 1383 ιζ’
2709 1317 2979 1386 Καλίππῳ
3021 1313 3294 1384 Παρθένος
3345 1309 3481 1380 μέση
3538 1307 3744 1362 ἐπιτέλ‹

2175 1412 2342 1465 λουσα
2385 1411 2753 1482 ἐπισημαίνει,
2798 1408 2892 1463 καὶ
2934 1403 3261 1477 Ἀρκτοῦρος
3305 1401 3608 1456 ἀνατέλλων
3653 1418 3748 1470 φα-

2179 1504 2356 1568 νερός.

2385 1595 2442 1647 δὲ
2469 1597 2535 1665 τῇ
2574 1593 2638 1648 ιθ¹
2671 1590 2882 1661 Εὐδόξῳ
2921 1588 3244 1662 ’Δρκτοῦρος
3287 1587 3418 1657 ἐῷος
3462 1584 3746 1645 ἐπιτέλλει,

2178 1688 2273 1740 καὶ
2307 1685 2406 1750 τὰς
2439 1685 2711 1756 ἑπομένας
2741 1684 2949 1756 ἡμέρας
2986 1681 3029 1745 ζ’
3075 1682 3264 1752 ἄνεμοι
3302 1677 3572 1740 πνέουσιν,
3601 1675 3750 1727 εὐδία

2179 1777 2254 1840 ὡς
2291 1775 2360 1829 τὰ
2421 1775 2608 1828 πολλὰ.
2671 1776 2940 1845 Λήγοντος
2987 1772 3043 1824 δὲ
3095 1769 3187 1824 τοῦ
3237 1768 3448 1840 χρόνου,
3500 1766 3592 1820 ἀπ’
3622 1764 3750 1833 ήοῦς

2115 1851 2154 1904 Β
2182 1864 2397 1936 πνεῦμα
2436 1867 2664 1933 γίνεται.

2257 1955 2345 2006 Ἐν
2373 1954 2429 2006 δέ
2457 1957 2521 2025 τῇ
2544 1961 2589 2007 κ’
2617 1952 2941 2025 Ἀρκτοῦρος
2977 1951 3285 2020 Εὐκτήμονι
3321 1948 3578 2016 ἐκφανής.
3608 1947 3752 1999 Μετ-

2181 2045 2396 2116 οπώρου
2453 2045 2617 2118 ἀρχή,
2653 2047 2746 2098 καὶ
2789 2044 2885 2110 Αἲξ
2924 2041 3212 2107 ἐπιτέλλει,
3258 2040 3430 2110 ἀστὴρ
3459 2038 3629 2109 μέγας
3661 2037 3752 2089 ἐπὶ

2177 2136 2270 2188 τοῦ
2324 2137 2590 2207 Ἡνιόχου,
2640 2137 2872 2190 κᾶπειτα
2919 2134 3290 2206 ἐπισημαίνει.
3342 2130 3560 2201 Χειμὼν
3613 2127 3754 2183 κατὰ

2179 2230 2474 2284 θάλασσαν.

2261 2323 2347 2374 Ἐν
2376 2322 2431 2374 δὲ
2472 2323 2537 2392 τῇ
2585 2320 2661 2374 κδ’
2703 2319 2888 2392 ἡμέρᾳ
2921 2317 3194 2387 Καλίππῳ
3242 2314 3444 2386 στάχυς
3485 2313 3752 2367 ἐπιτέλλει

2177 2415 2274 2484 τῆς
2308 2411 2608 2482 Παρθένου.

2249 2505 2352 2558 Τὸν
2384 2505 2441 2557 δέ
2483 2503 2646 2572 ζυγὸν
2686 2500 3064 2572 διαπορεύεται
3099 2502 3127 2554 ό
3163 2501 3316 2570 ἥλιος
3345 2500 3402 2551 ἐν
3428 2497 3658 2570 ἡμέραις
3683 2496 3748 2548 λ’.

2263 2599 2349 2650 Ἐν
2374 2597 2430 2649 δὲ
2457 2598 2524 2666 τῇ
2554 2594 2738 2666 πρώτῃ
2783 2594 2962 2665 ἡμέρᾳ.
2989 2594 3294 2664 Εὐκτήμονι
3324 2589 3582 2661 ίσημερία
3623 2604 3752 2658 μετ-

2176 2687 2438 2760 οπωρινή,
2478 2687 2570 2740 καὶ
2608 2685 2974 2757 ἐπισημαίνει.
3009 2683 3280 2755 Καλίππῳ
3307 2685 3336 2736 ό
3376 2680 3542 2752 Κριὸς
3583 2678 3749 2750 ἄρχε-

2180 2799 2266 2835 ται
2297 2781 2492 2834 δύνειν.
2541 2779 2820 2849 Ἰσημερία
2857 2777 3222 2848 μετοπωρινή.

2262 2874 2351 2927 Ἐν
2379 2873 2434 2926 δὲ
2461 2875 2526 2943 τῇ
2553 2878 2600 2940 γ’
2628 2871 2934 2941 Εὐκτήμονι
2963 2869 3178 2940 Ἔριφοι
3213 2866 3578 2920 ἐπιτέλλουσιν
3597 2862 3734 2920 ισπέ

2185 2983 2310 3038 ριοι.
2339 2965 2646 3036 Χειμαίνει.

2264 3059 2352 3110 Ἐν
2377 3057 2434 3110 δὲ
2460 3059 2525 3128 τῇ
2555 3056 2594 3110 δ’
2626 3053 2838 3124 Εὐδόξῳ
2872 3053 2968 3119 Αἲξ
3001 3053 3299 3124 ἀκρόνυχος
3329 3049 3615 3103 ἐπιτέλλει.

2265 3149 2354 3202 Ἐν
2386 3149 2444 3202 δέ
2469 3151 2533 3220 τῇ
2565 3155 2603 3202 ε’
2632 3147 2938 3217 Εὐκτήμονι
2970 3143 3225 3207 Πλειάδες
3259 3141 3510 3214 ἑσπέριαι
3543 3139 3758 3210 φαίνον-

2181 3259 2269 3294 ται
2298 3243 2363 3295 ἐκ
2404 3241 2496 3294 τοῦ
2525 3241 2662 3312 πρὸς
2699 3240 2793 3292 ἔω.
2827 3237 3102 3308 Καλίππῳ
3144 3235 3417 3297 Παοθένος
3444 3233 3598 3304 λήγει
3632 3232 3761 3285 ἀνα-

2181 3331 2464 3386 τέλλουσα.
3738 3315 3748 3322 ⁸

2264 3423 2354 3479 Ἐν
2388 3424 2445 3477 δέ
2489 3427 2555 3495 τῇ
2597 3423 2637 3488 ζ’
2669 3422 2850 3494 ἡμέρᾳ
2892 3421 3202 3494 Εὐκτήμονι
3230 3418 3500 3488 Στέφανος
3533 3413 3757 3470 ἀνατέλ-

2182 3515 2284 3570 λει.
2311 3515 2611 3586 Χειμαίνει.

2267 3607 2354 3659 Ἐν
2378 3607 2434 3658 δέ
2462 3609 2527 3677 τῇ
2562 3606 2610 3676 η’
2643 3603 2854 3674 Εὐδόξῳ
2881 3601 3138 3666 Πλειάδες
3160 3599 3547 3654 ἐπιτέλλουσιν.

2269 3697 2356 3751 Ἐν
2394 3699 2448 3750 δὲ
2489 3701 2553 3769 τῇ
2583 3703 2613 3750 ι’
2643 3696 2919 3767 Εὐδόξῳ...
2952 3695 3083 3765 ἐῷος
3116 3693 3403 3747 ἐπιτέλλει.

2183 3799 2186 3803 ’
2265 3791 2353 3844 Ἐν
2381 3789 2437 3842 δὲ
2470 3793 2536 3861 τῇ
2579 3790 2643 3859 ιβ’
2684 3789 2866 3861 ἡμέρᾳ.
2912 3785 3124 3857 Εὐδόξῳ
3158 3785 3424 3857 Σκορπίος
3463 3782 3760 3855 ἀκρόνυχος

2184 3883 2409 3954 ἄρχεται
2440 3880 2635 3946 δύνειν,
2671 3881 2764 3934 καὶ
2793 3879 2996 3952 χειμὼν
3039 3878 3377 3948 ἐπιγίνεται,
3427 3875 3520 3929 καὶ
3562 3874 3764 3944 ἄνεμος

2190 3974 2363 4044 μέγας
2391 3975 2532 4026 πνεῖ.

2269 4065 2356 4117 Ἐν
2407 4064 2464 4118 δὲ
2509 4067 2575 4134 τῇ
2613 4064 2677 4127 ιζ’
2708 4062 2921 4134 Εὐδόξῳ
2951 4062 3219 4133 Σκορπίος
3261 4061 3382 4124 ὅλος
3419 4059 3719 4130 ἀκρόνυχος
3744 4077 3756 4088 ·

2184 4156 2283 4223 Αἲξ
2323 4155 2458 4219 ὅλως
2490 4154 2655 4208 δύνει.
2690 4155 2966 4226 Καλίππῳ
3009 4153 3186 4223 Χηλαὶ
3233 4153 3490 4224 ἄρχον-ται
3537 4150 3761 4204 ἀνατέλ-

2185 4248 2298 4301 λειν
2322 4263 2334 4276 ·
2373 4245 2845 4315 ἐπισημαίνουσιν.

2277 4334 2366 4386 Ἐν
2395 4332 2451 4386 δὲ
2479 4335 2545 4403 τῇ
2579 4332 2642 4384 ιϐ’
2671 4332 2884 4402 Εὐδόξῳ
2919 4330 3102 4402 βορέαι
3129 4331 3220 4384 καὶ
3253 4329 3392 4384 νότοι
3420 4327 3691 4382 πνέουσιν.

2264 4426 2351 4478 Ἐν
2398 4425 2455 4478 δὲ
2503 4427 2567 4495 τῇ
2605 4423 2687 4494 κβ⁹
2727 4423 2941 4495 Εὐδόξῳ
2980 4423 3170 4487 Ὑάδες
3215 4421 3501 4495 ἀκρόνυχοι
3549 4421 3764 4474 ἐπιτέλ-

2122 4536 2166 4591 ι)
2195 4517 2399 4571 λουσιν.

2270 4609 2356 4661 Ἐν
2380 4608 2438 4661 δὲ
2466 4611 2531 4679 τῇ
2571 4614 2656 4679 κη’
2685 4606 2956 4678 Καλίππῳ
2985 4606 3082 4660 τοῦ
3109 4605 3323 4677 Ταύρου
3366 4605 3561 4676 κέρκος
3595 4603 3760 4666 δύνει,

2190 4701 2561 4772 ἐπισημαίνει.

2266 4793 2352 4844 Ἐν
2375 4793 2431 4845 δέ
2462 4795 2526 4862 τῇ
2563 4790 2642 4844 κθ¹
2673 4791 2884 4862 Εὐδόξῳ
2924 4791 3116 4862 βορέας
3169 4791 3264 4843 καὶ
3304 4789 3454 4850 νότος
3488 4787 3759 4841 πνέουσιν.

2268 4884 2355 4936 Ἐν
2379 4883 2434 4936 δέ
2461 4887 2527 4955 τῇ
2563 4883 2604 4935 λ’
2626 4883 2933 4953 Εὐκτήμονι
2955 4881 3160 4953 χειμὼν
3192 4879 3332 4934 κατὰ
3359 4879 3630 4933 θάλασσαν
3659 4895 3758 4931 πο-

2190 4974 2303 5038 λύς.

2261 5067 2365 5118 Τὸν
2410 5065 2468 5119 δὲ
2513 5065 2779 5136 Σκορπίον
2816 5065 2844 5117 ό
2889 5064 3039 5135 ἥλιος
3091 5062 3475 5134 διαπορεύεται
3523 5062 3579 5114 ἐν
3630 5058 3764 5131 ἡμέ-

2197 5171 2316 5226 ραις
2338 5152 2402 5208 λ’.

2275 5250 2364 5302 Ἐν
2397 5249 2495 5319 μὲν
2523 5244 2615 5301 οὗν
2637 5251 2704 5320 τῇ
2733 5248 2891 5321 τρίτῃ
2917 5247 3150 5318 Δοσιθέῳ
3185 5247 3476 5318 χειμαίνει.

2267 5341 2356 5393 Ἐν
2382 5339 2438 5392 δέ
2465 5342 2530 5411 τῇ
2565 5341 2605 5393 δ’
2645 5342 2824 5412 ἡμέρᾳ
2854 5340 3181 5411 Δημοκρίτῳ
3220 5338 3478 5401 Πλειάδες
3518 5335 3766 5390 δύνουσιν

2194 5430 2310 5502 ἅμα
2341 5433 2457 5501 ﬁo?"
2488 5432 2678 5503 ἄνεμοι
2712 5432 2976 5502 χειμέριοι
3004 5431 3078 5494 ὡς
3118 5429 3187 5484 τὰ
3219 5428 3408 5490 πολλὰ,
3457 5427 3550 5481 καὶ
3595 5426 3764 5497 ψύχη,

2191 5521 2290 5592 ήδη
2325 5522 2415 5574 καὶ
2439 5523 2634 5592 πάχνη.
2656 5523 2934 5574 Ἐπιπνεῖν
2959 5519 3117 5589 φιλεῖ.
3146 5519 3499 5590 Φυλλορροεῖν
3541 5518 3766 5588 ἄρχεται

2189 5613 2256 5666 τὰ
2279 5613 2468 5685 δένδρα
2504 5615 2756 5684 μάλιστα.
2786 5613 3059 5682 Καλίππῳ
3087 5611 3179 5664 τοῦ
3230 5611 3497 5683 Σκορπίου
3541 5609 3601 5662 τὸ
3638 5607 3766 5660 ιιέτ-

2191 5721 2334 5758 ωπον
2373 5706 2660 5769 ἐπιτέλλει,
2701 5705 3081 5775 πνευματῶδες
3108 5704 3172 5758 ⁸⁸.

1137 5818 1178 5848 ⁸⁸
1219 5837 1303 5887 ςγδ.
1345 5817 1556 5890 βροντᾷ.
1640 5819 1681 5849 ⁸⁸
1713 5815 2186 5888 κμπνευματώδη.
