4124 6400
348 423 444 483 861
1375 425 1612 484 GEMINI
1662 424 2035 486 ELEMENTA
2073 430 2565 490 ASTRONOMIIE.
3473 422 3580 478 8ῧῖ

429 535 518 590 Ἐν
548 533 605 588 δὲ
639 535 706 606 τῇ
747 531 788 588 ε’
813 534 1120 607 Εὐκτήμονι
1161 539 1484 612 Ἀρκτοῦρος
1529 542 1778 614 ἑσπέριος
1807 541 1920 595 δύεο
1946 558 1994 606 Α

1950 558 1994 606 Δ
2089 546 2184 604 Die
2213 549 2247 604 5
2273 547 2591 604 Euctemoni
2627 547 2895 603 Arcturus
2945 543 3161 616 vesperi
3193 540 3428 605 occidit,
3464 557 3578 594 ma-

345 645 458 691 ται,
492 627 586 680 καὶ
620 626 810 698 ἄνεμοι
845 627 1070 698 μεγάλοι
1092 630 1359 685 πνέουσιν.

1031 645 1070 681 ιι
1092 630 1359 685 πνέουσιν.
2022 641 2223 712 gnique
2253 641 2464 710 spirant
2493 637 2659 694 venti.

433 719 522 772 Ἐν
549 718 604 771 δὲ
627 720 691 788 τῇ
715 725 764 790 η’
786 718 998 789 Εὐδόξῳ
1032 720 1353 794 Ἀρκτοῦρος
1381 724 1677 794 ἀκρόνυχος
1710 723 1917 794 πρωῖας

2093 733 2188 788 Die
2241 733 2274 787 8
2327 732 2554 787 Eudoxo
2605 732 2874 785 Arcturus
2917 732 2971 784 in
3011 729 3354 783 extremitate
3403 726 3581 780 noctis

347 809 516 871 δύνει,
548 809 639 862 καὶ
679 811 1050 880 ἐπισημαίνει,
1081 813 1174 865 καὶ
1201 813 1398 884 ἄνεμος
1424 818 1563 870 πνεῖ.

2023 841 2182 879 mane
2210 824 2411 878 occidit
2437 863 2449 886 ,
2480 831 2534 878 et
2562 822 2864 894 signiﬁcat;
2898 832 3092 876 ventus
3117 822 3309 888 spirat.

430 897 518 952 'Ev
545 898 601 950 δέ
628 901 692 969 τῇ
729 897 774 951 θ’
802 900 1074 972 Καλίππῳ
1129 901 1222 954 τοῦ
1253 902 1464 974 Ταύρου
1519 903 1663 957 δύνει
1712 903 1918 974 κεφαλὴ

2103 917 2197 973 Die
2225 917 2258 970 9
2287 917 2514 987 Calippo
2539 914 2706 969 Tauri
2736 921 2897 984 caput
2922 913 3122 967 occidit
3149 926 3303 965 mane
3328 927 3341 977 ;
3371 908 3579 978 pluviae.

351 990 464 1061 ἑῴα
477 1007 490 1020 '
527 991 671 1043 ὑετοί
701 991 767 1044 ⁸⁷.

435 1083 522 1135 Ἐν
545 1081 602 1134 δὲ
633 1084 699 1153 τῇ
732 1089 763 1134 ι’
801 1083 1108 1154 Εὐκτήμονι
1138 1084 1291 1156 Λύρα
1333 1085 1464 1155 ἑῷος
1507 1086 1795 1149 ἐπιτέλλει,
1828 1084 1923 1138 καὶ

2095 1097 2192 1152 Die
2221 1097 2286 1152 10
2316 1096 2636 1152 Euctemoni
2663 1095 2801 1166 Lyra
2832 1112 2989 1151 mane
3015 1098 3209 1159 oritur,
3240 1101 3402 1164 atque
3431 1095 3583 1147 insu-

351 1173 768 1244 ὲπιχειμάζεται
798 1175 959 1245 ὐετῷ.

2029 1204 2123 1258 per
2155 1189 2326 1244 hiems
2355 1197 2438 1243 est
2472 1204 2594 1242 cum
2625 1189 2821 1258 pluvia.

438 1269 526 1322 Ἐν
555 1269 611 1322 δὲ
654 1271 720 1340 τῇ
766 1268 829 1339 ιβ’
873 1268 1085 1339 Εὐδόξῳ
1125 1269 1313 1341 Ὠρίων
1360 1271 1657 1342 ἀκρόνυχος
1699 1269 1921 1341 ἄρχεται

354 1359 678 1412 ἐπιτέλλειν.

1760 1285 1921 1340 δχεται
2098 1279 2194 1336 Die
2228 1282 2294 1334 l2
2324 1279 2549 1336 Eudoxo
2582 1280 2749 1336 Orion
2784 1280 2991 1349 vesperi
3020 1277 3208 1348 incipit
3235 1277 3388 1332 oriri.

388 1375 598 1412 πιτεΑΛε
607 1375 678 1412 ιν.

440 1451 528 1506 Ἐν
552 1451 608 1506 δὲ
633 1454 697 1522 τῇ
728 1451 796 1521 ιγ’
821 1452 1144 1524 Δημοκρίτῳ
1164 1452 1316 1525 Λύρα
1348 1454 1622 1506 ἐπιϐάλλει
1650 1453 1763 1525 ἅμα
1790 1453 1924 1524 ήλίῳ

2101 1473 2196 1528 Die
2229 1473 2296 1527 15
2326 1472 2642 1528 Democrito
2692 1471 2826 1543 Lyra
2876 1468 3120 1525 ascendit
3163 1483 3268 1522 una
3311 1482 3432 1520 cum
3476 1467 3588 1520 sole

355 1543 666 1613 ἀνίσχοντι·
700 1543 794 1597 καὶ
823 1545 852 1596 6
892 1544 998 1616 ἀὴρ
1037 1545 1344 1616 χειμερινὸς
1382 1545 1588 1612 γίνεται
1620 1545 1694 1608 ὼς
1734 1545 1825 1596 ἐπὶ
1856 1542 1925 1596 τὰ

356 1635 548 1689 πολλά.

1885 1542 1925 1596 ’ἀ
2027 1566 2137 1637 38
2155 1567 2398 1632 oriente,
2439 1574 2492 1620 et
2526 1581 2618 1620 aer
2653 1565 2711 1619 ﬁt
2739 1542 3142 1633 tcmpestuosus
3177 1562 3513 1632 plerumque.

356 1651 548 1690 πολλα.

443 1727 533 1780 Ἐν
565 1727 621 1780 δὲ
651 1730 717 1798 τῇ
746 1727 804 1780 ιδ’
843 1727 1054 1799 Εὐδόξῳ
1092 1728 1265 1782 ὐετία.

1261 1767 1265 1781 ⁵
1328 1819 1337 1820 ί
1440 1819 1447 1820 ί
1479 1818 1486 1820 Α
1765 1817 1774 1820 Α
1820 1819 1827 1820 ί
2101 1749 2196 1806 Die
2227 1751 2293 1805 M
2323 1749 2546 1805 Eudoxo
2577 1757 2660 1806 est
2691 1751 2889 1820 pluvia.

443 1819 531 1872 Ἐν
551 1819 607 1872 δὲ
634 1822 701 1890 τῇ
733 1826 791 1871 ιε’
817 1821 1124 1890 Εὐκτήμονι
1151 1819 1406 1882 Πλειάδες
1431 1818 1666 1882 δύνουσι,
1694 1817 1788 1871 καὶ
1815 1819 1928 1870 ἐπι-

1964 1905 2006 1913 __
2105 1840 2201 1896 Die
2229 1842 2296 1896 l5
2339 1841 2659 1897 Euctemoni
2691 1817 2937 1896 Pleiades
2967 1842 3224 1895 occidunt
3251 1882 3264 1905 ,
3294 1848 3347 1894 et.
3380 1841 3589 1913 signiﬁ—

361 1913 638 1984 σημαίνει,
690 1914 784 1965 καὶ
826 1912 1019 1982 Ὠρίων
1051 1913 1276 1982 ἄρχεται
1320 1912 1412 1965 καὶ
1445 1910 1692 1982 μεσοῦντι
1723 1911 1818 1964 καὶ
1849 1909 1935 1981 λή-
1964 1905 1989 1963 Ι

1964 1905 2008 1963 Β
2035 1939 2182 1986 cant.
2227 1930 2394 1984 Orion
2429 1930 2620 2000 incipit
2655 1945 2776 1983 cum
2815 1929 2993 1983 mcdio
3025 1944 3240 1992 mense,
3287 1935 3400 1982 tum
3432 1905 3587 1982 desi-

358 2023 510 2076 τοντι
547 2003 942 2076 ἐπιχειμόιζειν.

2033 2030 2196 2076 nente
2217 2061 2232 2084 ,
2265 2027 2641 2089 tempestatem
2673 2021 2929 2073 excitare.

445 2097 536 2150 Ἐν
560 2097 616 2150 δὲ
648 2099 714 2167 τῇ
749 2103 822 2161 ις’
850 2094 1122 2165 Καλίππῳ
1153 2096 1181 2147 6
1214 2097 1269 2148 ἐν
1297 2095 1376 2165 τῷ
1408 2094 1660 2166 Σκορπίῳ
1689 2093 1936 2164 λαμπρὸς

2105 2110 2200 2165 Die
2235 2110 2301 2164 lﬁ
2329 2109 2557 2179 Calippo
2588 2108 2870 2178 splendida
2896 2109 2948 2162 in
2974 2105 3198 2176 Scorpio
3223 2106 3376 2160 stella
3399 2105 3592 2171 oritur,

361 2188 538 2260 ἀστὴρ
563 2187 860 2251 ἀνατέλλει,
894 2187 1270 2256 ἐπισημαίνει·
1315 2188 1409 2240 καὶ
1446 2185 1701 2249 Πλειάδες
1725 2185 1935 2239 δύνουσι

363 2277 616 2330 φανεραί.

1758 2185 1935 2239 τίνουσι
2036 2203 2309 2272 signiﬁcat
2341 2218 2355 2267 ;
2387 2209 2441 2257 ct
2467 2201 2721 2258 Pleiades
2751 2200 3008 2256 occidunt
3039 2205 3380 2268 apparentcr.

363 2295 498 2347 φανε
507 2295 616 2349 ραι.

448 2372 535 2425 Ἐν
566 2371 624 2424 δὲ
657 2375 724 2444 τῇ
761 2379 828 2442 ιη’
863 2372 1076 2442 Εὐδόξῳ
1102 2371 1368 2443 Σκορπίος
1389 2369 1614 2443 ἄρχεται
1643 2372 1937 2426 ἐπιτέλλειν

1829 2372 1937 2426 λειν
2107 2378 2203 2433 Die
2234 2378 2302 2433 18
2334 2376 2562 2432 Eudoxo
2595 2375 2859 2447 Scorpius
2891 2372 3082 2442 incipit
3115 2371 3247 2426 oriri
3279 2384 3457 2424 mane.

364 2465 518 2536 ἑῷος.

447 2558 537 2610 Ἐν
563 2557 620 2610 δὲ
641 2559 709 2628 τῇ
743 2557 804 2610 ιθ¹
851 2556 1063 2626 Εὐδόξῳ
1107 2555 1364 2619 Πλειάδες
1399 2555 1529 2628 ὲῷαι
1558 2555 1808 2609 δύνουσι·
1847 2556 1940 2610 καὶ

2107 2561 2204 2616 Die
2230 2561 2296 2616 19
2326 2559 2553 2614 Eudoxo
2579 2558 2826 2613 Pleiades
2851 2571 3006 2610 mane
3033 2553 3288 2610 occidunt
3314 2570 3329 2620 ;
3356 2561 3409 2608 et
3434 2549 3601 2607 Orion

377 2647 569 2718 Ὠρίων
600 2646 822 2718 ἄρχεται
849 2648 1045 2710 δύνειν,
1074 2647 1169 2700 καὶ
1200 2647 1476 2718 χειμάζει.

2038 2653 2227 2722 incipit
2257 2652 2537 2714 occidere,
2568 2656 2622 2705 et
2652 2656 3024 2720 tempestatem
3057 2646 3275 2701 excitat.

451 2739 539 2792 Ἐν
571 2738 625 2792 δὲ
651 2741 716 2809 τῇ
751 2743 837 2791 κα⁹
859 2739 1073 2810 Εὐδόξῳ
1097 2739 1251 2811 Λύρα
1279 2738 1413 2810 ἑῷος
1439 2738 1730 2794 ἐπιτέλλει.

1505 2738 1730 2794 τιτέλλει.
2107 2744 2204 2802 Die
2228 2745 2289 2798 21
2323 2743 2548 2798 Eudoxo
2581 2742 2718 2814 Lyra
2753 2757 2912 2796 mane
2938 2740 3133 2794 oritur.

451 2832 538 2883 ‘Ev
567 2831 622 2884 δὲ
651 2834 716 2903 τῇ
743 2827 824 2896 κζ’
865 2832 1170 2903 Εὐκτήμονι
1205 2831 1388 2896 Ὑάδες
1416 2830 1660 2886 δύνονται
1684 2848 1699 2862 ο
1734 2831 1829 2884 καὶ
1856 2829 1938 2883 ἔτι

2109 2835 2205 2890 Die
2234 2836 2304 2889 27
2338 2835 2658 2889 Euctemoni
2709 2831 2924 2903 Hyades
2975 2829 3270 2893 occidunt,
3315 2834 3479 2898 atque
3519 2826 3606 2880 in-

368 2920 474 2976 ὐει.
823 2963 826 2966 .

823 2963 826 2966 ~
2041 2940 2205 2994 super
2236 2923 2393 2994 pluit.

452 3013 540 3066 Ἐν
561 3011 615 3066 δὲ
647 3015 712 3086 τῇ
740 3013 825 3084 κη’
854 3014 1127 3086 Καλίππῳ
1149 3013 1242 3068 τοῦ
1269 3014 1481 3087 Ταύρου
1505 3013 1572 3068 τὰ
1601 3013 1805 3086 κέρατα
1831 3012 1945 3066 δύεο

2114 3016 2212 3070 Die
2255 3015 2328 3070 98
2378 3015 2604 3084 Calippo
2658 3012 2823 3068 Tauri
2879 3026 3084 3068 cornua
3132 3008 3429 3074 occidunt;
3461 3014 3515 3060 et
3550 3004 3608 3058 ﬁt

369 3120 456 3156 ται
476 3119 490 3133 ’
521 3102 692 3157 ὐετία.
732 3162 734 3165 τ

619 3102 692 3157 ία.
732 3162 734 3165 τ
2043 3109 2241 3180 pluvia.

453 3194 542 3246 Ἐν
576 3193 632 3247 δὲ
661 3197 729 3266 τῇ
761 3192 841 3248 κθν
868 3193 1080 3265 Εὐδόξῳ
1123 3193 1314 3257 Ὑάδες
1335 3193 1572 3256 δύνουσι,
1599 3191 1693 3245 καὶ
1727 3191 1940 3263 χειμαί-
1973 3251 2010 3271 ﬂ

1981 3251 2010 3271 η
2116 3201 2213 3256 Die
2239 3201 2310 3256 29
2343 3199 2569 3255 Eudoxo
2603 3197 2820 3271 Hyades
2850 3195 3149 3262 occidunt;
3185 3201 3238 3248 et
3287 3204 3480 3263 magna
3525 3195 3609 3244 est

371 3304 450 3341 νει
478 3287 701 3358 σφόδρα.
1971 3287 1999 3310 ι

1971 3287 2012 3310 ν
2047 3302 2362 3363 tempestas.

443 3380 548 3432 Τὸν
596 3380 653 3432 δὲ
709 3379 942 3450 Τοξότην
993 3379 1022 3431 6
1067 3377 1217 3449 ἥλιος
1270 3375 1648 3448 διαπορεύεται
1694 3377 1751 3430 ἐν
1812 3373 1946 3447 ἡμέ-

1606 3393 1648 3430 ιιι
1694 3377 1751 3430 ὲν
1812 3373 1946 3447 ἡμέ-
2119 3384 2472 3457 Sagittarium
2505 3383 2585 3438 sol
2619 3380 2891 3453 percurrit
2921 3378 3115 3434 diebus
3143 3376 3234 3431 29.

376 3488 498 3541 ραις
532 3469 636 3524 κθν.

457 3563 545 3616 Ἐν
581 3561 678 3634 μὲν
710 3558 803 3616 οὖν
837 3564 903 3633 τῇ
943 3559 1142 3632 ἐϐδόμῃ
1190 3561 1502 3631 Εὐκτήμονι
1547 3558 1709 3612 Κύων
1740 3556 1943 3622 δύεται,
2050 3590 2052 3593 -

2050 3590 2052 3593 -
2118 3560 2215 3616 Die
2261 3560 2292 3614 7
2341 3559 2656 3614 Euctemoni
2701 3558 2865 3612 Canis
2906 3555 3142 3621 occidit,
3176 3562 3340 3624 atque
3385 3551 3611 3622 insuper

372 3655 468 3708 καὶ
509 3653 870 3725 ἐπιχειμάζει.
917 3652 1192 3723 Καλίππῳ
1223 3655 1250 3706 6
1283 3652 1515 3722 Τοξότης
1555 3651 1782 3722 ἄρχεται
1825 3651 1950 3703 ἀνα-

2049 3654 2108 3708 ﬁt
2140 3660 2461 3723 tempestas.
2507 3651 2734 3720 Calippo
2769 3648 3100 3720 Sagittarius
3136 3646 3327 3715 incipit
3359 3644 3526 3711 oriri,
3561 3650 3613 3697 et

372 3746 577 3801 τέλλειν
600 3764 616 3780 ο
643 3748 739 3800 καὶ
772 3747 962 3818 Ὠρίων
992 3745 1169 3799 δύνειν
1194 3744 1461 3815 φανερῶς.
1500 3741 1806 3814 Χειμαίνει.

2050 3745 2219 3802 Orion
2249 3745 2502 3801 occidere
2531 3749 2876 3814 apparenter.
2911 3741 3100 3795 Oritur
3128 3746 3448 3808 tempestas.

459 3838 545 3892 Ἐν
577 3837 635 3890 δὲ
667 3839 734 3908 τῇ
761 3844 812 3907 η’
843 3835 1054 3907 Εὐδόξῳ
1091 3835 1283 3908 Ὠρίων
1308 3834 1441 3904 ἐῷος
1467 3834 1631 3887 δύνει.

1532 3851 1631 3886 νει.
2119 3836 2216 3891 Die
2245 3839 2277 3891 8
2304 3836 2528 3889 Eudoxo
2557 3834 2722 3890 Orion
2752 3847 2910 3887 mane
2939 3830 3159 3885 occidit.

460 3927 548 3981 Ἐν
578 3927 635 3980 δὲ
665 3929 730 3997 τῇ
767 3933 795 3980 ι’
825 3928 1133 3997 Εὐκτήμονι
1185 3923 1278 3977 τοῦ
1309 3924 1575 3996 Σκορπίου
1622 3924 1683 3976 τὸ
1727 3921 1950 3992 κέντρον

1747 3921 1950 3992 εέντρον
2121 3927 2219 3984 Die
2248 3927 2315 3983 10
2343 3927 2658 3981 Euctemoni
2690 3923 2901 3994 Scorpii
2933 3921 3158 3976 aculeus
3182 3913 3375 3973 oritur.

378 4017 668 4071 ἐπιτέλλει.

461 4108 547 4161 Ἐν
587 4108 644 4161 δὲ
675 4111 742 4180 τῇ
795 4107 857 4179 ιβ’
885 4108 1098 4178 Εὐδόξῳ
1131 4107 1292 4161 Κύων
1334 4105 1468 4175 ἑῷος
1513 4105 1683 4170 δύνει,
1735 4105 1949 4176 χειμαί-
2052 4107 2077 4174 ξ,

2052 4107 2077 4174 ζ,
2122 4103 2219 4158 Die
2244 4105 2310 4158 12
2334 4102 2559 4157 Eudoxo
2579 4101 2746 4158 Canis
2767 4115 2928 4156 mane
2952 4097 3185 4163 occidit,
3217 4095 3274 4150 ﬁt
3299 4100 3613 4159 tempestas.

377 4216 481 4255 νει.

460 4292 546 4347 Ἐν
582 4293 640 4346 δὲ
664 4294 730 4363 τῇ
765 4291 824 4345 ιδ’
858 4291 1070 4362 Εὐδόξῳ
1102 4291 1277 4353 ὐετός.

2122 4281 2220 4337 Die
2250 4281 2318 4335 M
2349 4281 2574 4335 Eudoxo
2598 4288 2683 4335 est
2713 4278 2916 4341 pluvia.

458 4385 546 4440 Ἐν
587 4385 646 4439 δὲ
685 4388 752 4456 τῇ
797 4391 855 4438 ιε’
900 4385 1206 4454 Εὐκτήμονι
1240 4381 1419 4444 Ἀετὸς
1465 4378 1752 4443 ἐπιτέλλει,
1805 4378 1952 4442 νότος

1853 4378 1952 4442 ἱτος
2125 4373 2224 4428 Die
2255 4372 2321 4427 15
2352 4371 2669 4426 Euctemoni
2701 4369 2898 4440 Aquila
2926 4368 3121 4432 oritur,
3156 4365 3249 4420 ﬁat
3277 4373 3481 4420 auster.

379 4479 523 4530 πνεῖ.

461 4571 550 4622 Ἐν
597 4568 655 4622 δέ
698 4571 764 4639 τῇ
813 4573 886 4633 ις’
933 4566 1258 4637 Δημοκρίτῳ
1307 4564 1488 4626 Ἀετὸς
1530 4561 1794 4616 ἐπιτέλλει
1840 4561 1955 4630 ἅμα
1986 4597 2034 4655 D

1990 4597 2034 4655 ι)
2131 4568 2228 4624 Die
2256 4567 2322 4622 16
2354 4565 2662 4622 Democrito
2687 4563 2883 4635 Aquila
2915 4564 3093 4618 oritur
3121 4561 3283 4618 simul
3312 4575 3436 4614 cum
3468 4558 3581 4612 sole
3604 4596 3618 4620 ,

376 4660 534 4732 ἡλίῳ,
569 4660 664 4712 καὶ
709 4657 1089 4728 ἐπισημαίνειν
1139 4655 1284 4725 φιλεί
1326 4653 1568 4726 βροντὴν,
1617 4653 1709 4707 καὶ
1750 4653 1953 4721 ἀστρα-
1990 4653 2004 4655 “

1990 4653 2017 4655 7
2057 4670 2111 4718 et
2151 4663 2374 4731 insuper
2405 4660 2712 4730 signiﬁcare
2757 4659 2894 4714 solet
2935 4657 3142 4711 tonitru
3173 4663 3228 4709 et
3265 4654 3467 4722 fulgur,
3497 4665 3617 4702 cum

379 4753 511 4822 πὴν,
561 4752 656 4805 καὶ
697 4750 850 4803 ὕδατι
892 4749 924 4820 ἦ
977 4749 1184 4818 ἀνέμῳ,
1225 4747 1258 4817 ἢ
1305 4745 1586 4816 ἀμφότερα
1629 4743 1703 4806 ὼς
1745 4743 1837 4796 ἐπί
1882 4741 1952 4795 τὰ

2057 4768 2198 4824 aqua
2242 4759 2336 4806 aut
2373 4759 2569 4814 vento,
2602 4757 2696 4804 aut
2739 4757 2970 4818 utraque
3015 4748 3348 4817 plerumque.
3398 4741 3622 4815 Eudogto

380 4843 572 4898 πολλά.
624 4842 834 4912 Εὐδόξῳ
882 4841 1043 4894 Κύων
1087 4838 1383 4908 ἀκρόνυχος
1428 4838 1472 4868 ⁵⁸
1518 4835 1806 4898 ἐπιτέλλει,
1859 4834 1952 4886 καὶ

2055 4845 2222 4901 Canis
2249 4843 2460 4913 vesperi
2489 4843 2684 4906 oritur,
2712 4857 2777 4896 eo
2797 4840 2942 4911 quod
2966 4840 3190 4911 Calippo
3211 4835 3418 4892 Gemini
3446 4843 3620 4888 trans-

378 4937 464 4989 ὅτ’.
493 4934 764 5005 Καλίππῳ
804 4934 853 4986 οἱ
897 4932 1114 5002 Δίδυμοι
1154 4930 1364 5001 μετίασι
1399 4929 1663 4999 δυόμενοι,
1703 4927 1851 4980 νοτία
1881 4929 1946 4980 ⁸³.

1266 4930 1364 4982 ἴασι
1399 4929 1663 4999 δυόμενοι,
1703 4927 1851 4980 νοτία
1881 4929 1946 4980 ⁸³·
2055 4945 2188 4994 eunt
2221 4935 2552 4999 occidentes,
2602 4932 2660 4987 ﬁt
2691 4933 2894 5003 pluvia.

466 5025 552 5078 Ἐν
573 5025 630 5078 δὲ
654 5027 721 5094 τῇ
753 5023 818 5078 ιΘ’
846 5025 1170 5094 Εὐκτήμονι,
1202 5021 1411 5092 Εὐδόξῳ
1437 5019 1600 5072 δύνει.

2127 5029 2220 5083 Die
2249 5029 2313 5082 19
2349 5026 2669 5082 Euctemoni
2704 5031 2757 5079 et
2789 5021 3015 5077 Eudoxo
3044 5019 3265 5076 occidit.

466 5117 553 5186 Ἐν
577 5115 634 5170 δὲ
656 5119 723 5188 τῇ
749 5121 833 5168 κα¹
869 5114 1078 5185 Εὐδόξῳ
1101 5113 1366 5184 Σκορπίος
1390 5111 1522 5183 ἑῷος
1547 5109 1833 5173 ἐπιτέλλει,
1861 5106 1954 5161 καὶ

2114 5119 2223 5175 Die
2265 5121 2330 5173 ‘Zl
2387 5119 2618 5174 Eudoxo
2667 5115 2930 5187 Scorpius
2987 5129 3144 5168 mane
3190 5111 3384 5176 oritur,
3434 5115 3624 5176 estque

379 5207 673 5279 χειμαίνει.

2055 5220 2371 5282 tempestas.

465 5303 553 5356 'Ev
576 5302 632 5355 δὲ
656 5305 722 5374 τῇ
753 5308 837 5371 κγ’
865 5300 1080 5371 Εὐδόξῳ
1102 5298 1202 5363 Αἲξ
1233 5297 1344 5368 ἐῴα
1369 5297 1535 5350 δύνει.

2131 5304 2228 5358 Die
2254 5303 2326 5358 9.3
2356 5302 2582 5357 Eudoxo
2610 5299 2784 5371 Capra
2817 5314 2977 5352 mane
3001 5295 3221 5351 occidit.

467 5395 554 5448 Ἐν
578 5396 636 5448 δὲ
659 5399 726 5466 τῇ
759 5401 849 5460 κς¹
874 5392 1085 5464 Εὐδόξῳ
1123 5391 1301 5454 Ἀετὸς
1328 5389 1461 5460 ἑῷος
1490 5389 1779 5444 ἐπιτέλλει.

1587 5389 1779 5444 τέλλει.
2134 5395 2229 5450 Die
2253 5395 2324 5448 26
2354 5394 2578 5448 Eudoxo
2605 5392 2801 5462 Aquila
2832 5405 2990 5445 mane
3018 5389 3211 5444 oritur.

455 5489 558 5542 Τὸν
586 5490 643 5544 δὲ
681 5489 991 5557 Αίγόκερων
1033 5488 1061 5539 6
1103 5484 1254 5556 ἥλιος
1295 5481 1677 5552 διαπορεύεται
1722 5485 1779 5536 ἐν
1825 5483 1960 5554 ήμέ-

1640 5501 1677 5535 ιι
1722 5485 1779 5536 ἐν
1825 5483 1960 5554 ήμέ-
2135 5485 2531 5557 Capricornum
2567 5484 2654 5538 sol
2678 5490 2928 5553 peragrat
2957 5480 3150 5536 diebus
3181 5477 3268 5531 29.

462 5597 509 5644 ις
538 5580 641 5635 κθ’.

462 5598 476 5633 ι
538 5597 641 5635 κυ’.

384 5597 558 5725 ρα’ῗῖν
588 5671 686 5741 μὲν
715 5665 808 5724 οὖν
831 5673 897 5741 τῇ
934 5675 982 5722 α’
1007 5668 1191 5738 ἡμέρᾳ
1219 5663 1527 5733 Εὐκτήμονι
1560 5665 1757 5734 τροπαὶ
1787 5681 1963 5734 χειμε-

2141 5663 2234 5720 Die
2275 5663 2295 5717 1
2332 5660 2652 5718 Euctemoni
2693 5659 2989 5716 solstitium
3023 5655 3309 5711 hibernum
3339 5646 3627 5720 signiﬁcat.

458 5825 501 5857 "
535 5843 623 5894 γρ.
657 5825 911 5879 ὐετοσίαι.
991 5826 1034 5858 ⁸⁸
1071 5843 1159 5894 γρ.
1193 5824 1446 5897 ἀκρόνυξ.
1485 5799 1492 5807 1
1525 5823 1566 5856 ⁸³
1603 5840 1686 5890 π).
1724 5833 1892 5874 vomu.
