4116 6400
513 413 620 471 863

516 624 843 693 contingunt
875 622 1114 676 hibernae
1135 662 1149 686 ,
1187 622 1246 675 iit
1275 628 1587 691 tempestas.

590 711 685 768 Die
718 712 756 766 2
787 712 1103 768 Euctemoni
1137 711 1433 783 Delphinus
1462 712 1659 779 oritur,
1693 713 1907 767 exsistit
1948 721 2083 768 tem-

517 810 727 872 pestas.

590 892 688 949 Die
715 894 751 948 ι
794 893 1023 949 Eudoxo
1064 893 1203 949 ﬁunt
1240 893 1484 948 hibernae
1528 894 1948 958 conversiones,
1989 910 2086 950 ex-

521 985 667 1040 sistit
701 992 1021 1054 tempestas.

592 1072 688 1128 Die
719 1074 749 1127 7
777 1072 1099 1128 Euctemoni
1129 1072 1326 1142 Aquila
1369 1071 1584 1141 vesperi
1628 1072 1869 1139 occidit,
1920 1072 2088 1143 ﬁtque

523 1171 840 1234 tempestas.

592 1254 689 1310 Die
717 1257 750 1311 9
781 1254 1006 1310 Eudoxo
1037 1255 1256 1311 Corona
1282 1256 1499 1325 vesperi
1519 1254 1729 1311 "oritur.

592 1346 690 1401 Die
719 1346 787 1400 l2
817 1347 1130 1402 Democrito
1160 1357 1350 1403 auster
1380 1347 1557 1416 spirat
1591 1388 1607 1403 .
1642 1385 1657 1400 .
1693 1386 1708 1401 .
1749 1347 1945 1401 oritur.

593 1437 689 1492 Die
721 1439 785 1494 14
815 1438 1139 1495 Euctemoni
1169 1439 1347 1495 media
1390 1438 1588 1495 hiems.
1636 1440 1843 1495 Auster
1886 1439 2090 1495 multus

522 1530 615 1584 ﬂat
640 1530 902 1586 hibernus
930 1546 1027 1601 per
1057 1546 1225 1587 mare.

596 1618 694 1675 Die
738 1620 805 1674 15
843 1620 1072 1683 Calippo
1114 1619 1491 1691 Capricornus
1536 1618 1728 1688 incipit
1774 1618 1947 1682 oriri,
2000 1616 2093 1671 ﬂat

525 1715 734 1763 auster.

594 1798 691 1855 Die
722 1798 789 1854 16
815 1798 1134 1855 Euctemoni
1166 1809 1354 1855 auster
1385 1799 1651 1855 hibernus
1685 1814 1781 1870 per
1810 1813 1978 1853 mare.

594 1976 692 2032 Die
719 1976 784 2031 18
811 1977 1027 2048 vesperi
1074 1985 1198 2047 post
1221 1977 1393 2033 solem
1441 1977 1647 2032 occidit
1706 1975 1987 2039 Perseus,
2036 1982 2093 2028 et

524 2068 701 2138 spirat
737 2074 942 2123 auster.

597 2158 695 2215 Die
721 2159 792 2212 27
826 2158 1145 2214 Euctemoni
1179 2158 1476 2229 Delphinus
1502 2157 1846 2227 vespertinus
1873 2154 2089 2210 occidit.

525 2250 752 2323 Calippo
777 2249 990 2307 Cancer
1015 2251 1217 2307 desinit
1245 2252 1529 2318 occidere;
1560 2257 1647 2306 est
1674 2254 1987 2319 tempestas.

597 2342 900 2413 Aquarium
927 2350 1171 2412 permeat
1198 2342 1283 2399 sol
1311 2342 1505 2399 diebus
1531 2342 1620 2398 50.

598 2521 695 2577 Die
722 2521 757 2575 2
785 2521 897 2576 Leo
922 2520 1114 2591 incipit
1140 2520 1393 2577 occidere
1411 2560 1426 2587 ,
1458 2519 1518 2575 ﬁt
1546 2520 1752 2592 pluvia.
1786 2519 2095 2578 Democrito

526 2612 704 2668 hiems
729 2611 964 2668 exsistit.

594 2705 693 2760 Die
717 2705 753 2759 1
781 2703 1006 2759 Eudoxo
1038 2702 1339 2774 Delphinus
1368 2704 1584 2774 vesperi
1612 2702 1829 2760 occidit.

596 2875 696 2933 Die
747 2877 807 2932 11
858 2875 1084 2932 Eudoxo
1124 2874 1266 2948 Lyra
1323 2876 1534 2948 vesperi
1584 2876 1805 2932 occidit.
1870 2876 2096 2934 Exsistit

525 2968 730 3040 pluvia.

596 3060 692 3116 Die
718 3060 786 3116 u.
812 3060 1042 3117 Eudoxo
1072 3060 1339 3118 serenitas
1359 3100 1376 3127 ,
1404 3060 1678 3118 interdum
1702 3061 1866 3117 etiam
1890 3061 1982 3116 ﬂat
2006 3077 2096 3118 ze-

526 3155 751 3225 pbyrus.

595 3244 691 3301 Die
725 3245 792 3299 l6
826 3243 1136 3301 Democrito
1170 3245 1440 3317 zephyrus
1474 3244 1664 3315 incipit
1693 3243 1859 3312 ﬂare,
1892 3252 1947 3299 et
1973 3258 2090 3298 ma-
2119 3240 2164 3302 C

524 3349 614 3393 net
645 3352 744 3408 per
773 3337 893 3392 dies
920 3336 991 3391 45
1021 3352 1051 3391 a
1080 3337 1554 3392 conversionibus.

599 3429 697 3485 Die
717 3430 780 3483 17
802 3428 1123 3485 Euctemoni
1147 3436 1361 3498 tempus
1381 3435 1465 3483 est
1496 3436 1556 3481 ut
1608 3426 1778 3496 spiret
1801 3425 2088 3495 zephyrus.

523 3520 751 3592 Calippo
778 3521 1054 3591 Aquarius
1081 3519 1292 3575 medius
1317 3520 1502 3574 oriens
1529 3526 1614 3573 est
1636 3538 1649 3585 ;
1673 3517 1766 3570 ﬂat
1800 3518 2086 3589 zephyros.

595 3610 693 3667 Die
715 3610 787 3665 25
810 3610 1131 3667 Euctemoni
1157 3612 1369 3682 vesperi
1393 3608 1631 3675 occidit,
1655 3616 1710 3663 et
1733 3609 1951 3678 insuper
1976 3622 2091 3662 ma-

525 3717 632 3773 gna
661 3713 745 3758 est
777 3711 1090 3772 tempestas.

591 3792 778 3847 Pisces
813 3792 897 3847 sol
929 3792 1198 3863 percurrit
1230 3790 1424 3847 diebus
1458 3790 1542 3847 50.

592 3884 689 3940 Die
719 3885 755 3937 2
790 3894 1003 3955 tempus
1032 3893 1116 3940 est
1162 3885 1509 3940 hirundinem
1542 3899 1805 3955 apparere
1828 3923 1843 3946 ,
1882 3888 1938 3937 et
1976 3882 2091 3953 spi-

521 3984 646 4031 rant
675 3977 949 4041 ornithiae,
991 3993 1087 4032 seu
1121 3979 1271 4033 venti
1306 3979 1519 4033 aviarii.
1555 3978 1781 4047 Calippo
1812 3975 1919 4032 Leo
1947 3975 2090 4031 desi-

520 4068 603 4124 nit
628 4068 908 4134 occidere,
941 4076 996 4123 et
1035 4069 1272 4125 hirundo
1302 4075 1561 4140 apparet,
1592 4068 1879 4139 signiﬁcat.

593 4159 690 4215 Die
733 4159 768 4213 4
822 4160 1132 4216 Democrito
1170 4160 1305 4214 varii
1350 4166 1479 4215 sunt
1520 4160 1635 4215 dies
1688 4160 1782 4230 qui
1827 4166 2089 4223 vocantur

518 4253 637 4309 dies
661 4254 1011 4325 halcyonum.
1039 4252 1264 4308 Eudoxo
1288 4254 1555 4310 Arcturus
1580 4253 1790 4324 vesperi
1812 4252 2007 4316 oritur,
2035 4261 2089 4307 et

517 4346 736 4401 exsistit
764 4345 976 4416 pluvia,
1012 4345 1249 4399 hirundo
1293 4352 1548 4414 apparet,
1584 4351 1640 4398 et
1673 4359 1768 4414 per
1799 4349 2087 4412 sequentes

521 4437 640 4491 dies
662 4436 731 4491 50
751 4437 928 4491 boreae
950 4437 1194 4506 spirant,
1228 4444 1282 4489 et
1306 4436 1538 4501 maxime
1570 4435 1649 4489 illi
1685 4433 1779 4505 qui
1830 4433 2088 4488 dicuntur

516 4530 873 4602 proornithim
893 4572 907 4592 .
943 4544 1041 4584 seu
1072 4528 1220 4583 venti
1250 4527 1591 4582 anteaviarii.

589 4620 685 4675 Die
713 4620 1122 4696 l2.Euctemuni
1144 4620 1409 4689 Arcturus
1431 4620 1644 4687 vesperi
1664 4618 1857 4684 oritur,
1878 4624 1931 4671 et
1949 4614 2083 4668 Vin-

516 4712 782 4767 demiator
809 4711 867 4765 lit
898 4725 1191 4781 apparens.
1223 4708 1453 4780 insuper
1482 4707 1575 4763 ﬂat
1608 4707 1839 4778 frigidus
1867 4706 2084 4762 boreas.

585 4884 696 4955 39
717 4883 815 4939 Die
846 4884 913 4939 M
938 4883 1242 4939 Democrito
1264 4881 1448 4952 frigidi
1475 4880 1609 4935 ﬂant
1635 4881 1784 4936 venti
1811 4879 1904 4949 qui
1935 4878 2086 4932 orni-

519 4974 649 5028 thiae
674 4984 963 5040 vocantur,
990 4989 1085 5044 per
1109 4972 1226 5029 dies
1262 4972 1499 5027 maxime
1529 4986 1740 5026 novem.
1766 4968 2084 5024 Euctemoni

514 5065 702 5137 Equus
734 5081 895 5122 mane
923 5065 1126 5122 occidit
1152 5085 1167 5121 :
1202 5067 1424 5137 insuper
1452 5065 1683 5136 frigidus
1712 5062 1803 5118 ﬂat
1832 5064 2047 5118 boreas.

586 5157 683 5211 Die
710 5158 776 5212 17
801 5155 1025 5211 Eudoxo
1047 5155 1263 5211 exsistit
1289 5162 1604 5224 tempestas,
1629 5162 1682 5208 et
1703 5154 1900 5207 milvus
1924 5167 2084 5221 appa-

510 5258 616 5306 ret.
640 5246 865 5318 Calippo
885 5246 1125 5304 Piscium
1148 5246 1402 5303 australis
1422 5244 1619 5311 oritur,
1642 5244 1843 5301 desinit
1863 5244 2076 5299 boreas.

582 5430 681 5488 Die
715 5430 781 5486 2i
823 5429 1051 5485 Eudoxo
1084 5429 1301 5485 Corona
1326 5426 1768 5500 vesperi-oritur,
1812 5425 2078 5496 incipiunt

509 5523 765 5576 ornithiae
794 5521 1024 5591 spirare.

582 5612 679 5669 Die
713 5614 784 5667 22
821 5614 1139 5669 Euctemoni
1176 5612 1375 5668 milvus
1414 5620 1653 5682 apparet,
1680 5611 1929 5666 ornithiae
1961 5611 2075 5682 spi-

511 5711 633 5756 rant
663 5719 837 5774 usque
867 5703 933 5757 ad
961 5703 1365 5774 mquiuoctium.

600 5818 645 5849 το
681 5818 1019 5889 ,μάκράνυξ
1059 5818 1277 5889 ubique.
1367 5817 1409 5849 ⁷¹
1444 5816 1485 5887 Ῑ.
1518 5816 1705 5882 νότιος,
1742 5814 1815 5872 al.
1848 5813 2068 5883 ἄλοπος.

1518 411 1610 466 AD
1667 408 1935 466 EUSEBII
1973 406 2359 465 CBBONICON
2398 404 2756 462 APPENDIX.

515 528 744 601 Calippo
800 528 1135 600 Sagittarius
1189 529 1392 585 desinit
1453 518 1637 595 oriri;
1698 529 2079 588 conversiones

2194 526 2339 598 ptval.
2381 524 2819 596 ἑπισημαίνουσι.
2859 522 3133 593 Καλῐππῳ
3171 521 3403 592 Τοξότης
3435 520 3588 592 λήγει
3625 522 3750 577 ἀναέ
3853 563 3856 565 .

3640 403 3744 458 864

2185 617 2405 671 τέλλων.
2431 616 2641 688 Τροπαὶ
2662 615 2985 685 χειμεριναὶ,
3009 613 3293 685 χειμαίνει.

2271 710 2359 763 Ἐν
2381 709 2439 763 δὲ
2478 711 2544 780 τῇ
2579 706 2622 777 β’
2652 707 2957 776 Εὐκτήμονι
2995 705 3186 773 Δελφὶς
3225 702 3511 771 ἐπιτέλλει,
3537 701 3750 773 χειμαί-

2186 820 2283 858 νει.
3500 820 3505 825 ⁴

2270 892 2359 944 Ἑν
2405 889 2467 943 δὲ
2491 891 2557 959 τῇ
2605 888 2645 941 δ’
2672 887 2882 959 Εὐδόξῳ
2925 888 3124 959 τροπαὶ
3168 885 3489 957 χειμεριναὶ,
3536 883 3752 954 χειμαί-

2185 1000 2285 1037 νει.

2274 1075 2361 1128 Ἐν
2405 1074 2461 1128 δὲ
2495 1078 2561 1147 τῇ
2606 1075 2650 1140 ζ’
2682 1073 2990 1144 Εὐκτήμονι
3036 1068 3220 1133 Ἀετὸς
3259 1068 3507 1137 ἑσπέριος
3545 1066 3750 1131 δύεται,

2189 1166 2283 1220 καὶ
2309 1167 2596 1237 χειμαίνει.

2271 1256 2359 1308 Ἐν
2392 1254 2447 1308 δὲ
2478 1257 2542 1326 τῇ
2575 1252 2619 1307 ϐ’
2645 1251 2857 1322 Εὐδόξῳ
2888 1251 3156 1319 Στέφανος
3185 1249 3477 1321 ἀκρόνυχος
3515 1247 3677 1301 δύνει.

2270 1346 2358 1400 Ἐν
2377 1347 2434 1400 δὲ
2451 1349 2516 1417 τῇ
2538 1345 2602 1416 ιβ’
2618 1344 2938 1417 Δημοκρίτῳ
2961 1343 3109 1419 νότος
3124 1345 3264 1405 πνεῖ,
3369 1341 3444 1404 ὡς
3463 1339 3752 1394 ἐπιτέλλει.

2272 1439 2359 1492 Ἐν
2385 1437 2443 1491 δὲ
2471 1440 2535 1508 τῇ
2569 1437 2629 1490 ιδ’
2666 1436 2972 1507 Εὐκτήμονι
3007 1434 3169 1504 μέσος
3205 1432 3429 1504 χειμών.
3458 1432 3624 1495 Νότος
3650 1448 3751 1484 πο-

2188 1530 2283 1593 λὺς
2308 1530 2528 1583 ὲπιπνεῖ
2549 1527 2856 1599 χειμερινὸς
2876 1526 3016 1579 κατὰ
3045 1525 3334 1578 Θάλασσαν.

2271 1622 2358 1675 Ἐν
2385 1621 2442 1675 δὲ
2467 1623 2534 1692 τῇ
2573 1627 2633 1673 ιε’
2662 1619 2933 1688 Καλίππῳ
2955 1617 3263 1686 Αἰγόκερως
3283 1614 3508 1686 ἄρχεται
3539 1612 3756 1667 ἀνατέλ-

2189 1714 2323 1778 λειν,
2362 1713 2533 1776 νότος.

2276 1807 2365 1859 Ἐν
2391 1805 2449 1859 δὲ
2484 1807 2548 1875 τῇ
2586 1809 2657 1868 ις’
2688 1802 2993 1873 Εὐκτήμονι
3020 1800 3169 1863 νότος
3201 1797 3473 1870 χειμέριος
3503 1795 3643 1851 κατὰ
3669 1795 3756 1851 θά-

2124 1907 2168 1963 Β
2194 1901 2416 1953 λασσαν.

2279 1989 2368 2042 Ἐν
2420 1986 2478 2040 δὲ
2513 1988 2580 2057 τῇ
2615 1990 2685 2056 ιη’
2735 1983 3030 2055 ἀκρόνυχος
3056 1979 3293 2034 ἑπιδύνει
3324 1980 3353 2032 ό
3374 1976 3635 2049 Περσεὺς,
3665 1976 3759 2029 καὶ

2194 2081 2344 2142 νότος
2373 2079 2515 2131 πνεῖ.

2279 2170 2366 2223 Ἐν
2398 2167 2456 2221 δὲ
2500 2169 2565 2239 τῇ
2614 2164 2694 2230 κζ’
2735 2163 3043 2233 Εὐκτήμονι
3074 2160 3267 2231 Δελφὶς
3301 2159 3554 2231 ἑσπέριος
3590 2156 3758 2213 δύνει.

2190 2260 2462 2331 Καλίππῳ
2486 2257 2759 2330 Καρκίνος
2783 2254 2937 2325 λήγει
2965 2253 3133 2307 δύνων
3152 2269 3166 2284 ·
3192 2251 3457 2324 χειμαίνει

2264 2350 2368 2404 Τὸν
2404 2349 2462 2402 δὲ
2498 2346 2777 2420 Ὑδροχόον
2822 2343 3201 2416 διαπορεύεται
3247 2346 3277 2396 ὁ
3319 2343 3470 2414 ἥλιος
3511 2344 3570 2395 ἑν
3619 2340 3756 2413 ιήμιξ⁴

2397 2479 2494 2603 μὲν
2526 2527 2618 2585 οὖν
2654 2533 2721 2602 τῇ
2757 2530 2800 2601 β’
2822 2530 3095 2600 Καλίππῳ
3120 2528 3273 2583 Λέων
3300 2526 3525 2599 ἄρχεται
3555 2524 3759 2580 δύνειν

2195 2626 2366 2680 ὐετία.
2402 2624 2724 2697 Δημοκρίτῳ
2757 2622 2992 2695 [ἄλοχος]
3026 2620 3250 2693 χειμών.

2278 2718 2365 2772 Ἐν
2392 2717 2451 2771 δὲ
2492 2718 2559 2787 τῇ
2605 2715 2649 2768 δ’
2686 2713 2868 2787 ἡμέρᾳ
2910 2712 3126 2784 Εὐδόξῳ
3168 2711 3362 2782 Δελφὶν
3381 2711 3679 2783 ἀκρόνυχος
3709 2707 3756 2738 ⁷⁸

2193 2810 2368 2955 Mign;
2392 2900 2449 2953 δὲ
2469 2901 2536 2972 τῇ
2563 2905 2630 2952 ια’
2647 2896 2860 2968 Εὐδόξῳ
2888 2895 3041 2969 Λύρα
3064 2896 3355 2968 ἀκρόνυχος
3374 2892 3538 2948 δύνει.
3554 2891 3756 2955 ’Υετόςο

2280 3060 2369 3114 Ἐν
2407 3060 2464 3113 δὲ
2498 3062 2561 3132 τῇ
2604 3060 2662 3114 ιδ’
2694 3058 2907 3130 Εὐδόξῳ
2954 3057 3131 3111 εὐδία’
3178 3056 3349 3127 ἐνίοτε
3374 3055 3486 3122 ⁸καί
3520 3053 3754 3119 Cataonas

2195 3155 2337 3210 πνεῖ.

2278 3245 2365 3298 Ἐν
2405 3244 2462 3298 δὲ
2487 3247 2552 3316 τῇ
2591 3251 2663 3310 ις’
2690 3243 3014 3315 Δημοκρίτῳ
3052 3241 3283 3313 ζέφυρος
3326 3240 3477 3293 πνεῖν
3510 3237 3754 3308 ἄρχεται,

2192 3336 2285 3389 καὶ
2324 3336 2630 3407 παραμένει
2657 3316 2871 3406 ἡμέρας
2899 3339 2946 3403 γ’
2971 3333 3065 3387 καὶ
3100 3332 3152 3403 μ’
3183 3332 3291 3386 ἀπὸ
3325 3329 3561 3403 τροπῶν.

2276 3428 2364 3480 Ἐν
2400 3427 2457 3479 δὲ
2502 3431 2569 3498 τῇ
2599 3427 2661 3492 ιζ’
2686 3428 2992 3498 Εὐκτήμονι
3033 3425 3262 3497 ζέφυρος
3305 3425 3445 3479 πνεῖ.
3487 3420 3753 3489 Καλίππῳ

2202 3517 2482 3590 ’Υδροχόος
2516 3520 2677 3591 μέσος
2707 3520 3036 3573 ἀνατέλλων·
3075 3517 3306 3590 ζέφυρος
3332 3517 3472 3569 πνεῖ.

2275 3613 2361 3666 Ἐν
2387 3612 2444 3665 δὲ
2465 3616 2530 3684 τῇ
2565 3612 2642 3666 κε’
2675 3614 2981 3685 Εὐκτήμονι
3008 3611 3258 3684 ἑσπέριος
3285 3609 3430 3664 δύνει
3450 3625 3462 3639 ·
3502 3607 3597 3663 καὶ
3625 3605 3753 3678 σφόο

2188 3703 2290 3776 δρα
2317 3704 2682 3774 ἑπιχειμάζει.
3083 3687 3089 3695 ’

2260 3794 2400 3858 Τοὺς
2420 3796 2477 3848 δὲ
2504 3796 2709 3866 Ἰχθύας
2729 3798 2758 3850 ὁ
2779 3797 2928 3868 ἥλιος
2949 3793 3329 3867 διαπορεύεται
3351 3794 3408 3846 έν
3429 3790 3665 3863 ἡμέραις
3686 3789 3751 3845 λ’.

2271 3886 2359 3941 Ἐν
2389 3886 2488 3956 μὲν
2513 3883 2604 3941 οὖν
2630 3891 2695 3959 τῇ
2734 3887 2779 3959 β’
2801 3887 3042 3959 χελιδόνα
3070 3887 3190 3959 ὥρα
3214 3882 3516 3955 φαίνεσθαι,
3546 3882 3641 3935 καὶ
3666 3882 3741 3951 ὀρ

2189 3977 2354 4033 νιθίαι
2387 3980 2626 4038 πνέουσι.
2665 3980 2939 4052 Καλίππῳ
2970 3980 3029 4034 δὲ
3059 3980 3210 4034 Λέων
3238 3976 3408 4033 δύνων
3447 3974 3624 4045 λήγει,
3663 3975 3752 4029 καὶ

2189 4069 2409 4141 χελιδὼν
2437 4071 2701 4139 φαίνεται,
2740 4071 3107 4143 ἑπισημαὲνει.

2271 4164 2358 4216 Ἐν
2398 4163 2457 4217 δὲ
2487 4166 2554 4234 τῇ
2602 4163 2642 4216 δ’
2676 4163 3000 4236 Δημοκρίτῳ
3047 4161 3289 4216 ποικίλαι
3329 4161 3535 4235 ἡμέραι
3582 4157 3746 4228 γίνον·

2188 4271 2276 4307 ται
2320 4254 2628 4319 ἁλκυονίδες
2674 4256 3026 4325 καλούμεναι.
3072 4254 3285 4323 Εὐδόξῳ
3333 4253 3390 4306 δὲ
3436 4250 3751 4324 Ἀρκτοῦρος

2188 4345 2485 4416 ἀκρόνυχος
2517 4345 2804 4411 ἐπιτέλλει,
2829 4346 2922 4398 καὶ
2958 4344 3111 4408 ὑετὸς
3151 4345 3379 4412 γίνεται,
3416 4344 3507 4397 καὶ
3532 4339 3751 4412 χελιδὼν

2188 4437 2467 4507 φαίνεται·
2506 4439 2600 4495 καὶ
2641 4438 2740 4501 τὰς
2779 4438 3052 4508 ἑπομένας
3085 4437 3296 4508 ἡμέρας
3338 4435 3380 4488 λ’
3414 4433 3596 4505 βορέαι
3636 4430 3751 4485 me

2188 4546 2328 4591 ουσι,
2364 4529 2456 4582 καὶ
2498 4529 2728 4599 μάλιστα
2755 4527 3161 4600 οἱπροορνιθίαι
3184 4526 3524 4597 καλούμενοι.

2271 4618 2359 4670 Ἐν
2382 4618 2438 4670 δὲ
2466 4622 2532 4689 τῇ
2564 4618 2630 4688 ιβ’
2657 4619 2965 4689 Εὐκτήμονι
3001 4616 3329 4688 Ἀρκτοῦρος
3357 4615 3608 4685 ἑσπέριος
3642 4614 3750 4667 ἑπιο

2187 4707 2382 4772 τέλλει,
2412 4708 2507 4763 καὶ⁵
2542 4707 2934 4780 Προτρυγητὴρ
2977 4708 3233 4778 ἐκφανής.
3280 4707 3528 4760 Ἐπιπνεῖ
3562 4704 3750 4776 βορέας

2185 4797 2410 4869 ψυχρός-

2266 4889 2352 4940 Ἐν
2380 4888 2437 4941 δὲ
2459 4891 2525 4960 τῇ
2561 4888 2620 4941 ιδ’
2646 4888 2972 4960 Δημοκρίτῳ
3005 4888 3194 4958 ἄνεμοι
3223 4886 3439 4939 πνέουσι
3466 4883 3681 4954 ψυχροὶ,
3704 4883 3752 4935 οἱ

2184 4979 2418 5051 ὀρνιθίαι
2449 4980 2793 5051 καλούμενοι,
2835 4980 3047 5051 ἡμέρας
3080 4979 3312 5050 μάλιστα
3342 4977 3406 5031 θ’.
3443 4976 3752 5046 Εὐκτήμονι

2179 5072 2236 5125 δὲ
2256 5073 2450 5136 Ἵππος
2481 5072 2614 5143 ἑῷος
2641 5071 2783 5126 δύνει
2809 5090 2822 5103 υ
2856 5073 3075 5125 ἐπιπνεῖ
3104 5070 3295 5142 βορέας
3315 5067 3539 5140 ψυχρός.

2261 5160 2348 5213 Ἐν
2379 5161 2435 5214 δὲ
2460 5164 2524 5232 τῇ
2554 5161 2614 5226 ιζ’
2642 5160 2853 5232 Εὐδόξῳ
2886 5179 2969 5231 χει
2979 5160 3178 5231 μαίνει,
3206 5161 3302 5214 καὶ
3349 5160 3547 5219 ἰκτῖνος
3567 5153 3751 5225 φαίνε-

2177 5270 2289 5306 ται.
2330 5252 2605 5324 Καλιππῳ
2626 5252 2737 5306 τῶν
2775 5253 2992 5323 Ἰχθύων
3037 5254 3066 5305 ὁ
3091 5252 3238 5314 νότος
3262 5250 3305 5282 ⁷¹
3334 5246 3631 5302 ἐπιτέλλει·
3661 5244 3751 5316 λή-

2179 5360 2264 5411 γει
2287 5342 2494 5414 βορέας.
2546 5356 2563 5373 ⁸
3168 5330 3170 5333 ’

2265 5435 2351 5486 Ἐν
2377 5414 2432 5486 δὲ
2459 5437 2525 5505 τῇ
2558 5431 2642 5487 κα⁹
2665 5434 2877 5504 Εὐδόξῳ
2911 5435 3180 5502 Στέφανος
3221 5432 3514 5503 ἀκρόνυχος
3537 5425 3751 5481 ἑπιτέλ-

2180 5522 2260 5575 λει
2280 5538 2294 5553 ·
2319 5523 2572 5594 ἄρχονται
2606 5524 2839 5595 ὀρνιθίαι
2867 5523 3137 5588 πνέοντες.

2261 5615 2348 5668 Ἐν
2382 5615 2439 5669 δὲ
2470 5619 2535 5687 τῇ
2572 5616 2654 5687 κβν
2688 5617 2996 5688 Εὐκτήμονι
3065 5618 3261 5681 ἰκτῖνος
3306 5612 3570 5684 φαίνεται,
3603 5606 3748 5683 ὀρνι-

2180 5703 2288 5758 Θίαι
2313 5706 2530 5761 πνέουσι
2567 5707 2758 5780 μέχρις
2787 5707 3088 5779 ἰσημερίας.
