  <div class='ocr_page' id='page_1' title='image "/cluster/home/n/w/nwhite01/storage/ocr_20150623/19/nnc1.0037127454/452.png"; bbox 0 0 4116 6400; ppageno 0'>
   <div class='ocr_carea' id='block_1_1' title="bbox 366 412 3599 491">
    <p class='ocr_par' dir='ltr' id='par_1_1' title="bbox 366 412 3599 491">
     <span class='ocr_line' id='line_1_1' title="bbox 366 412 3599 491; baseline -0.007 -1"><span class='ocrx_word' id='word_1_1' title='bbox 366 432 476 491; x_wconf 77' lang='grc'><strong>865</strong></span> <span class='ocrx_word' id='word_1_2' title='bbox 1381 423 1616 481; x_wconf 80' lang='lat' dir='ltr'>GEMINI</span> <span class='ocrx_word' id='word_1_3' title='bbox 1653 422 2022 479; x_wconf 78' lang='lat' dir='ltr'><strong>ELEMENTA</strong></span> <span class='ocrx_word' id='word_1_4' title='bbox 2062 421 2550 478; x_wconf 61' lang='lat' dir='ltr'>ASTRONOHIIE.</span> <span class='ocrx_word' id='word_1_5' title='bbox 3493 412 3599 469; x_wconf 84' lang='lat'>866</span> 
     </span>
    </p>
   </div>
   <div class='ocr_carea' id='block_1_2' title="bbox 454 522 2079 613">
    <p class='ocr_par' dir='ltr' id='par_1_2' title="bbox 454 537 2011 613">
     <span class='ocr_line' id='line_1_2' title="bbox 454 537 2011 613; baseline -0.006 -13"><span class='ocrx_word' id='word_1_6' title='bbox 454 546 542 600; x_wconf 85' lang='grc' dir='ltr'>Ἑν</span> <span class='ocrx_word' id='word_1_7' title='bbox 574 545 631 598; x_wconf 79' lang='grc' dir='ltr'>δέ</span> <span class='ocrx_word' id='word_1_8' title='bbox 660 543 728 613; x_wconf 78' lang='grc' dir='ltr'>τῇ</span> <span class='ocrx_word' id='word_1_9' title='bbox 760 540 840 596; x_wconf 71' lang='grc' dir='ltr'>κθθ</span> <span class='ocrx_word' id='word_1_10' title='bbox 874 538 1183 611; x_wconf 77' lang='grc' dir='ltr'>Εὐκτήμονι</span> <span class='ocrx_word' id='word_1_11' title='bbox 1209 537 1304 592; x_wconf 80' lang='grc' dir='ltr'>τοῦ</span> <span class='ocrx_word' id='word_1_12' title='bbox 1337 540 1603 611; x_wconf 85' lang='grc' dir='ltr'>Σκορπίου</span> <span class='ocrx_word' id='word_1_13' title='bbox 1648 542 1696 592; x_wconf 84' lang='grc' dir='ltr'>οἱ</span> <span class='ocrx_word' id='word_1_14' title='bbox 1729 539 1935 609; x_wconf 85' lang='grc' dir='ltr'>πρῶτοι</span> <span class='ocrx_word' id='word_1_15' title='bbox 1964 545 2011 599; x_wconf 82' lang='grc' dir='ltr'><strong>Α</strong></span> 
     </span>
    </p>
   </div>
   <div class='ocr_carea' id='block_1_3' title="bbox 2037 522 3662 613">
    <p class='ocr_par' dir='ltr' id='par_1_3' title="bbox 2107 522 3662 605">
     <span class='ocr_line' id='line_1_3' title="bbox 2107 522 3662 605; baseline -0.006 -14"><span class='ocrx_word' id='word_1_16' title='bbox 2107 536 2203 594; x_wconf 89' lang='lat' dir='ltr'>Die</span> <span class='ocrx_word' id='word_1_17' title='bbox 2231 538 2303 594; x_wconf 92' lang='lat'><strong>29</strong></span> <span class='ocrx_word' id='word_1_18' title='bbox 2325 536 2642 593; x_wconf 88' lang='lat' dir='ltr'><strong>Euctemoni</strong></span> <span class='ocrx_word' id='word_1_19' title='bbox 2670 533 2882 605; x_wconf 88' lang='lat' dir='ltr'><strong>Seorpii</strong></span> <span class='ocrx_word' id='word_1_20' title='bbox 2905 532 3094 604; x_wconf 74' lang='lat' dir='ltr'><strong>prima:</strong></span> <span class='ocrx_word' id='word_1_21' title='bbox 3125 529 3294 587; x_wconf 71' lang='lat' dir='ltr'><strong>stella:</strong></span> <span class='ocrx_word' id='word_1_22' title='bbox 3320 526 3600 594; x_wconf 87' lang='lat' dir='ltr'><strong>occidunt,</strong></span> <span class='ocrx_word' id='word_1_23' title='bbox 3630 522 3662 573; x_wconf 68' lang='grc' dir='ltr'><strong>ἶ</strong></span> 
     </span>
    </p>
   </div>
   <div class='ocr_carea' id='block_1_4' title="bbox 371 628 1996 709">
    <p class='ocr_par' dir='ltr' id='par_1_4' title="bbox 371 631 1616 709">
     <span class='ocr_line' id='line_1_4' title="bbox 371 631 1616 709; baseline -0.006 -15"><span class='ocrx_word' id='word_1_24' title='bbox 371 633 597 709; x_wconf 67' lang='grc' dir='ltr'>ἀστέρες</span> <span class='ocrx_word' id='word_1_25' title='bbox 628 635 893 698; x_wconf 90' lang='grc' dir='ltr'>δύνουσιν,</span> <span class='ocrx_word' id='word_1_26' title='bbox 927 633 1144 685; x_wconf 77' lang='grc' dir='ltr'>ἐπιπνεῖ</span> <span class='ocrx_word' id='word_1_27' title='bbox 1174 631 1367 704; x_wconf 87' lang='grc' dir='ltr'>βορέας</span> <span class='ocrx_word' id='word_1_28' title='bbox 1392 632 1616 705; x_wconf 79' lang='grc' dir='ltr'>ψυχρός.</span> 
     </span>
    </p>
   </div>
   <div class='ocr_carea' id='block_1_5' title="bbox 1012 628 2637 709">
    <p class='ocr_par' dir='ltr' id='par_1_5' title="bbox 1012 628 2637 705">
     <span class='ocr_line' id='line_1_5' title="bbox 1012 628 2637 705; baseline -0.002 -20"><span class='ocrx_word' id='word_1_29' title='bbox 1012 634 1144 685; x_wconf 70' lang='grc' dir='ltr'>ιπνεί</span> <span class='ocrx_word' id='word_1_30' title='bbox 1174 631 1367 704; x_wconf 88' lang='grc' dir='ltr'>βορέας</span> <span class='ocrx_word' id='word_1_31' title='bbox 1392 632 1616 705; x_wconf 80' lang='grc' dir='ltr'>ψυχρός.</span> <span class='ocrx_word' id='word_1_32' title='bbox 2040 628 2132 684; x_wconf 88' lang='lat' dir='ltr'>ﬁat</span> <span class='ocrx_word' id='word_1_33' title='bbox 2162 630 2391 700; x_wconf 81' lang='lat' dir='ltr'><strong>frigidus</strong></span> <span class='ocrx_word' id='word_1_34' title='bbox 2420 630 2637 685; x_wconf 89' lang='lat' dir='ltr'><strong>borcas.</strong></span> 
     </span>
    </p>
   </div>
   <div class='ocr_carea' id='block_1_6' title="bbox 457 708 2082 798">
    <p class='ocr_par' dir='ltr' id='par_1_6' title="bbox 457 708 1938 798">
     <span class='ocr_line' id='line_1_6' title="bbox 457 708 1938 798; baseline -0.005 -16"><span class='ocrx_word' id='word_1_35' title='bbox 457 708 544 782; x_wconf 75' lang='grc' dir='ltr'>Ἐν</span> <span class='ocrx_word' id='word_1_36' title='bbox 564 728 623 782; x_wconf 85' lang='grc' dir='ltr'>δὲ</span> <span class='ocrx_word' id='word_1_37' title='bbox 653 728 721 798; x_wconf 78' lang='grc' dir='ltr'>τῇ</span> <span class='ocrx_word' id='word_1_38' title='bbox 750 725 793 778; x_wconf 74' lang='grc' dir='ltr'>λυ</span> <span class='ocrx_word' id='word_1_39' title='bbox 818 724 1093 795; x_wconf 85' lang='grc' dir='ltr'>Καλίππῳ</span> <span class='ocrx_word' id='word_1_40' title='bbox 1119 723 1483 794; x_wconf 81' lang='grc' dir='ltr'>τῶν”1χθύων</span> <span class='ocrx_word' id='word_1_41' title='bbox 1511 727 1540 778; x_wconf 87' lang='lat'>6</span> <span class='ocrx_word' id='word_1_42' title='bbox 1582 724 1788 796; x_wconf 88' lang='grc' dir='ltr'>βόρειος</span> <span class='ocrx_word' id='word_1_43' title='bbox 1820 725 1938 776; x_wconf 81' lang='grc' dir='ltr'>ἐπι-</span> 
     </span>
    </p>
   </div>
   <div class='ocr_carea' id='block_1_7' title="bbox 1980 708 3605 798">
    <p class='ocr_par' dir='ltr' id='par_1_7' title="bbox 2109 708 3605 792">
     <span class='ocr_line' id='line_1_7' title="bbox 2109 708 3605 792; baseline -0.009 -17"><span class='ocrx_word' id='word_1_44' title='bbox 2109 722 2205 779; x_wconf 91' lang='lat' dir='ltr'><strong>Die</strong></span> <span class='ocrx_word' id='word_1_45' title='bbox 2254 723 2324 778; x_wconf 84' lang='lat'>50</span> <span class='ocrx_word' id='word_1_46' title='bbox 2371 720 2598 792; x_wconf 89' lang='lat' dir='ltr'><strong>Calippo</strong></span> <span class='ocrx_word' id='word_1_47' title='bbox 2642 718 2881 774; x_wconf 81' lang='lat' dir='ltr'><strong>Piscium</strong></span> <span class='ocrx_word' id='word_1_48' title='bbox 2934 714 3168 771; x_wconf 85' lang='lat' dir='ltr'><strong>borealis</strong></span> <span class='ocrx_word' id='word_1_49' title='bbox 3222 710 3424 769; x_wconf 75' lang='lat' dir='ltr'>desinit</span> <span class='ocrx_word' id='word_1_50' title='bbox 3462 708 3605 765; x_wconf 89' lang='lat' dir='ltr'><strong>occi-</strong></span> 
     </span>
    </p>
   </div>
   <div class='ocr_carea' id='block_1_8' title="bbox 374 809 1999 888">
    <p class='ocr_par' dir='ltr' id='par_1_8' title="bbox 374 814 1709 888">
     <span class='ocr_line' id='line_1_8' title="bbox 374 814 1709 888; baseline -0.003 -15"><span class='ocrx_word' id='word_1_51' title='bbox 374 819 571 873; x_wconf 87' lang='grc' dir='ltr'>τέλλων</span> <span class='ocrx_word' id='word_1_52' title='bbox 608 817 784 888; x_wconf 83' lang='grc' dir='ltr'>λήγει,</span> <span class='ocrx_word' id='word_1_53' title='bbox 829 817 1025 878; x_wconf 78' lang='grc' dir='ltr'>ἰκτῖνος</span> <span class='ocrx_word' id='word_1_54' title='bbox 1057 815 1322 884; x_wconf 79' lang='grc' dir='ltr'>φαίνεται,</span> <span class='ocrx_word' id='word_1_55' title='bbox 1354 814 1545 886; x_wconf 83' lang='grc' dir='ltr'>βορέας</span> <span class='ocrx_word' id='word_1_56' title='bbox 1571 818 1709 870; x_wconf 90' lang='grc' dir='ltr'>πνεῖ.</span> 
     </span>
    </p>
   </div>
   <div class='ocr_carea' id='block_1_9' title="bbox 1446 809 3071 888">
    <p class='ocr_par' dir='ltr' id='par_1_9' title="bbox 1446 809 3071 884">
     <span class='ocr_line' id='line_1_9' title="bbox 1446 809 3071 884; baseline -0.002 -17"><span class='ocrx_word' id='word_1_57' title='bbox 1446 816 1545 878; x_wconf 54' lang='grc' dir='ltr'>κέας</span> <span class='ocrx_word' id='word_1_58' title='bbox 1571 818 1709 870; x_wconf 87' lang='grc' dir='ltr'>πνεῖ.</span> <span class='ocrx_word' id='word_1_59' title='bbox 2039 815 2205 879; x_wconf 90' lang='lat' dir='ltr'><strong>dere;</strong></span> <span class='ocrx_word' id='word_1_60' title='bbox 2236 815 2458 884; x_wconf 81' lang='lat' dir='ltr'>apparet</span> <span class='ocrx_word' id='word_1_61' title='bbox 2484 813 2702 875; x_wconf 87' lang='lat' dir='ltr'><strong>milvus,</strong></span> <span class='ocrx_word' id='word_1_62' title='bbox 2729 809 2822 864; x_wconf 86' lang='lat' dir='ltr'>ﬁat</span> <span class='ocrx_word' id='word_1_63' title='bbox 2855 809 3071 864; x_wconf 85' lang='lat' dir='ltr'>boreas.</span> 
     </span>
    </p>
   </div>
   <div class='ocr_carea' id='block_1_10' title="bbox 448 899 2073 982">
    <p class='ocr_par' dir='ltr' id='par_1_10' title="bbox 448 907 1936 982">
     <span class='ocr_line' id='line_1_10' title="bbox 448 907 1936 982; baseline 0 -18"><span class='ocrx_word' id='word_1_64' title='bbox 448 910 554 964; x_wconf 90' lang='grc' dir='ltr'>Τὸν</span> <span class='ocrx_word' id='word_1_65' title='bbox 586 909 644 963; x_wconf 89' lang='grc' dir='ltr'>δέ</span> <span class='ocrx_word' id='word_1_66' title='bbox 670 909 839 979; x_wconf 82' lang='grc' dir='ltr'>Κριὸν</span> <span class='ocrx_word' id='word_1_67' title='bbox 867 907 1239 979; x_wconf 83' lang='grc' dir='ltr'>διαπορεύεται</span> <span class='ocrx_word' id='word_1_68' title='bbox 1269 911 1298 961; x_wconf 98' lang='lat'>6</span> <span class='ocrx_word' id='word_1_69' title='bbox 1326 908 1473 979; x_wconf 80' lang='grc' dir='ltr'>ἥλιος</span> <span class='ocrx_word' id='word_1_70' title='bbox 1490 911 1552 962; x_wconf 88' lang='grc' dir='ltr'>ἑν</span> <span class='ocrx_word' id='word_1_71' title='bbox 1577 909 1812 982; x_wconf 81' lang='grc' dir='ltr'>ἡμέραις</span> <span class='ocrx_word' id='word_1_72' title='bbox 1837 910 1936 964; x_wconf 88' lang='grc' dir='ltr'>λα’.</span> 
     </span>
    </p>
   </div>
   <div class='ocr_carea' id='block_1_11' title="bbox 1510 899 3135 982">
    <p class='ocr_par' dir='ltr' id='par_1_11' title="bbox 1510 899 3135 982">
     <span class='ocr_line' id='line_1_11' title="bbox 1510 899 3135 982; baseline -0.006 -21"><span class='ocrx_word' id='word_1_73' title='bbox 1510 925 1552 962; x_wconf 71' lang='grc' dir='ltr'>ιν</span> <span class='ocrx_word' id='word_1_74' title='bbox 1577 909 1812 982; x_wconf 81' lang='grc' dir='ltr'>ἡμέραις</span> <span class='ocrx_word' id='word_1_75' title='bbox 1837 910 1936 964; x_wconf 87' lang='grc' dir='ltr'>λα’.</span> <span class='ocrx_word' id='word_1_76' title='bbox 2109 904 2346 960; x_wconf 85' lang='lat' dir='ltr'><strong>Arietem</strong></span> <span class='ocrx_word' id='word_1_77' title='bbox 2379 901 2678 974; x_wconf 74' lang='lat' dir='ltr'><strong>pertransit</strong></span> <span class='ocrx_word' id='word_1_78' title='bbox 2707 901 2789 956; x_wconf 89' lang='lat' dir='ltr'>sol</span> <span class='ocrx_word' id='word_1_79' title='bbox 2821 900 3017 955; x_wconf 88' lang='lat' dir='ltr'><strong>diebus</strong></span> <span class='ocrx_word' id='word_1_80' title='bbox 3048 899 3135 953; x_wconf 84' lang='grc'><strong>51.</strong></span> 
     </span>
    </p>
   </div>
   <div class='ocr_carea' id='block_1_12' title="bbox 460 985 2085 1071">
    <p class='ocr_par' dir='ltr' id='par_1_12' title="bbox 460 996 1942 1071">
     <span class='ocr_line' id='line_1_12' title="bbox 460 996 1942 1071; baseline 0.002 -20"><span class='ocrx_word' id='word_1_81' title='bbox 460 1000 546 1052; x_wconf 87' lang='grc' dir='ltr'>Ἐν</span> <span class='ocrx_word' id='word_1_82' title='bbox 571 998 669 1068; x_wconf 87' lang='grc' dir='ltr'>μὲν</span> <span class='ocrx_word' id='word_1_83' title='bbox 681 1000 747 1069; x_wconf 80' lang='grc' dir='ltr'>τῇ</span> <span class='ocrx_word' id='word_1_84' title='bbox 775 996 966 1071; x_wconf 81' lang='grc' dir='ltr'>πρώτῃ</span> <span class='ocrx_word' id='word_1_85' title='bbox 986 997 1258 1068; x_wconf 82' lang='grc' dir='ltr'>Καλίππῳ</span> <span class='ocrx_word' id='word_1_86' title='bbox 1280 998 1571 1070; x_wconf 84' lang='grc' dir='ltr'>σύνδεσμος</span> <span class='ocrx_word' id='word_1_87' title='bbox 1593 999 1702 1052; x_wconf 83' lang='grc' dir='ltr'>τῶν</span> <span class='ocrx_word' id='word_1_88' title='bbox 1725 999 1942 1071; x_wconf 82' lang='grc' dir='ltr'>Ἰχθύων</span> 
     </span>
    </p>
   </div>
   <div class='ocr_carea' id='block_1_13' title="bbox 1984 985 3609 1071">
    <p class='ocr_par' dir='ltr' id='par_1_13' title="bbox 2110 985 3609 1071">
     <span class='ocr_line' id='line_1_13' title="bbox 2110 985 3609 1071; baseline -0.005 -22"><span class='ocrx_word' id='word_1_89' title='bbox 2110 996 2206 1051; x_wconf 89' lang='lat' dir='ltr'><strong>Die</strong></span> <span class='ocrx_word' id='word_1_90' title='bbox 2238 996 2263 1049; x_wconf 99' lang='grc'>1</span> <span class='ocrx_word' id='word_1_91' title='bbox 2289 994 2514 1065; x_wconf 90' lang='lat' dir='ltr'><strong>Calippo</strong></span> <span class='ocrx_word' id='word_1_92' title='bbox 2543 993 2821 1048; x_wconf 84' lang='lat' dir='ltr'>vinculum</span> <span class='ocrx_word' id='word_1_93' title='bbox 2850 990 3088 1046; x_wconf 85' lang='lat' dir='ltr'>Piscium</span> <span class='ocrx_word' id='word_1_94' title='bbox 3113 987 3308 1043; x_wconf 84' lang='lat' dir='ltr'><strong>oritur.</strong></span> <span class='ocrx_word' id='word_1_95' title='bbox 3331 985 3419 1042; x_wconf 89' lang='lat' dir='ltr'><strong>Fit</strong></span> <span class='ocrx_word' id='word_1_96' title='bbox 3440 985 3609 1071; x_wconf 60' lang='lat' dir='ltr'><strong>aequi:</strong></span> 
     </span>
    </p>
   </div>
   <div class='ocr_carea' id='block_1_14' title="bbox 376 1063 2001 1162">
    <p class='ocr_par' dir='ltr' id='par_1_14' title="bbox 376 1063 1944 1162">
     <span class='ocr_line' id='line_1_14' title="bbox 376 1063 1944 1162; baseline -0.001 -18"><span class='ocrx_word' id='word_1_97' title='bbox 376 1063 676 1144; x_wconf 83' lang='grc' dir='ltr'>ἀνατέλλει.</span> <span class='ocrx_word' id='word_1_98' title='bbox 722 1063 1003 1160; x_wconf 54' lang='grc' dir='ltr'>Πσήμερέα</span> <span class='ocrx_word' id='word_1_99' title='bbox 1033 1063 1243 1159; x_wconf 72' lang='grc' dir='ltr'>ἐαρινὴ,</span> <span class='ocrx_word' id='word_1_100' title='bbox 1276 1089 1369 1142; x_wconf 74' lang='grc' dir='ltr'>καὶ</span> <span class='ocrx_word' id='word_1_101' title='bbox 1397 1063 1571 1158; x_wconf 64' lang='grc' dir='ltr'>ψεκάς</span> <span class='ocrx_word' id='word_1_102' title='bbox 1597 1063 1801 1162; x_wconf 40' lang='grc' dir='ltr'>λεπτήῗ</span> <span class='ocrx_word' id='word_1_103' title='bbox 1830 1108 1944 1161; x_wconf 92' lang='grc' dir='ltr'>χει-</span> 
     </span>
    </p>
   </div>
   <div class='ocr_carea' id='block_1_15' title="bbox 1983 1063 3608 1162">
    <p class='ocr_par' dir='ltr' id='par_1_15' title="bbox 2043 1063 3608 1152">
     <span class='ocr_line' id='line_1_15' title="bbox 2043 1063 3608 1152; baseline -0.005 -12"><span class='ocrx_word' id='word_1_104' title='bbox 2043 1086 2284 1140; x_wconf 88' lang='lat' dir='ltr'><strong>noctium</strong></span> <span class='ocrx_word' id='word_1_105' title='bbox 2325 1063 2578 1146; x_wconf 76' lang='lat' dir='ltr'><strong>vernum,</strong></span> <span class='ocrx_word' id='word_1_106' title='bbox 2620 1092 2675 1138; x_wconf 91' lang='lat' dir='ltr'>et</span> <span class='ocrx_word' id='word_1_107' title='bbox 2728 1082 2913 1152; x_wconf 84' lang='lat' dir='ltr'><strong>pluvia</strong></span> <span class='ocrx_word' id='word_1_108' title='bbox 2957 1081 3227 1135; x_wconf 90' lang='lat' dir='ltr'><strong>minutula</strong></span> <span class='ocrx_word' id='word_1_109' title='bbox 3260 1097 3276 1148; x_wconf 88' lang='lat'><strong>;</strong></span> <span class='ocrx_word' id='word_1_110' title='bbox 3316 1092 3511 1150; x_wconf 89' lang='lat' dir='ltr'><strong>magna</strong></span> <span class='ocrx_word' id='word_1_111' title='bbox 3547 1063 3608 1132; x_wconf 58' lang='lat' dir='ltr'>ﬁt</span> 
     </span>
    </p>
   </div>
   <div class='ocr_carea' id='block_1_16' title="bbox 383 1173 2008 1253">
    <p class='ocr_par' dir='ltr' id='par_1_16' title="bbox 383 1180 1215 1253">
     <span class='ocr_line' id='line_1_16' title="bbox 383 1180 1215 1253; baseline 0.002 -20"><span class='ocrx_word' id='word_1_112' title='bbox 383 1181 561 1253; x_wconf 83' lang='grc' dir='ltr'>μαίνει</span> <span class='ocrx_word' id='word_1_113' title='bbox 594 1180 816 1252; x_wconf 81' lang='grc' dir='ltr'>σφόδρα,</span> <span class='ocrx_word' id='word_1_114' title='bbox 849 1180 1215 1250; x_wconf 81' lang='grc' dir='ltr'>ἐπισημαίνει.</span> 
     </span>
    </p>
   </div>
   <div class='ocr_carea' id='block_1_17' title="bbox 1055 1173 2680 1253">
    <p class='ocr_par' dir='ltr' id='par_1_17' title="bbox 1058 1173 2680 1245">
     <span class='ocr_line' id='line_1_17' title="bbox 1058 1173 2680 1245; baseline -0.006 -12"><span class='ocrx_word' id='word_1_115' title='bbox 1058 1180 1215 1235; x_wconf 77' lang='grc' dir='ltr'>αἰνει.</span> <span class='ocrx_word' id='word_1_116' title='bbox 2043 1182 2360 1245; x_wconf 89' lang='lat' dir='ltr'><strong>tempestas,</strong></span> <span class='ocrx_word' id='word_1_117' title='bbox 2392 1173 2680 1244; x_wconf 86' lang='lat' dir='ltr'><strong>signiﬁcat.</strong></span> 
     </span>
    </p>
   </div>
   <div class='ocr_carea' id='block_1_18' title="bbox 463 1255 2088 1349">
    <p class='ocr_par' dir='ltr' id='par_1_18' title="bbox 463 1273 1940 1349">
     <span class='ocr_line' id='line_1_18' title="bbox 463 1273 1940 1349; baseline 0.004 -22"><span class='ocrx_word' id='word_1_118' title='bbox 463 1275 552 1327; x_wconf 87' lang='grc' dir='ltr'>Ἐν</span> <span class='ocrx_word' id='word_1_119' title='bbox 584 1274 641 1326; x_wconf 83' lang='grc' dir='ltr'>δὲ</span> <span class='ocrx_word' id='word_1_120' title='bbox 670 1277 736 1346; x_wconf 82' lang='grc' dir='ltr'>τῇ</span> <span class='ocrx_word' id='word_1_121' title='bbox 767 1273 816 1343; x_wconf 82' lang='grc' dir='ltr'>γ’</span> <span class='ocrx_word' id='word_1_122' title='bbox 846 1273 1118 1347; x_wconf 83' lang='grc' dir='ltr'>Καλίππῳ</span> <span class='ocrx_word' id='word_1_123' title='bbox 1145 1275 1314 1346; x_wconf 88' lang='grc' dir='ltr'>Κριὸς</span> <span class='ocrx_word' id='word_1_124' title='bbox 1355 1277 1581 1349; x_wconf 78' lang='grc' dir='ltr'>ἄρχεται</span> <span class='ocrx_word' id='word_1_125' title='bbox 1613 1277 1940 1333; x_wconf 80' lang='grc' dir='ltr'>ἐπιτέλλειν·</span> 
     </span>
    </p>
   </div>
   <div class='ocr_carea' id='block_1_19' title="bbox 1984 1255 3609 1349">
    <p class='ocr_par' dir='ltr' id='par_1_19' title="bbox 2114 1255 3609 1333">
     <span class='ocr_line' id='line_1_19' title="bbox 2114 1255 3609 1333; baseline -0.004 -18"><span class='ocrx_word' id='word_1_126' title='bbox 2114 1261 2211 1317; x_wconf 87' lang='lat' dir='ltr'><strong>Die</strong></span> <span class='ocrx_word' id='word_1_127' title='bbox 2237 1263 2271 1316; x_wconf 88' lang='grc'>5</span> <span class='ocrx_word' id='word_1_128' title='bbox 2299 1261 2523 1333; x_wconf 89' lang='lat' dir='ltr'><strong>Calippo</strong></span> <span class='ocrx_word' id='word_1_129' title='bbox 2553 1260 2712 1315; x_wconf 84' lang='lat' dir='ltr'><strong>Aries</strong></span> <span class='ocrx_word' id='word_1_130' title='bbox 2747 1258 2938 1330; x_wconf 89' lang='lat' dir='ltr'><strong>incipit</strong></span> <span class='ocrx_word' id='word_1_131' title='bbox 2970 1257 3106 1314; x_wconf 91' lang='lat' dir='ltr'><strong>oriri</strong></span> <span class='ocrx_word' id='word_1_132' title='bbox 3135 1276 3150 1326; x_wconf 89' lang='lat'><strong>;</strong></span> <span class='ocrx_word' id='word_1_133' title='bbox 3181 1257 3398 1314; x_wconf 74' lang='lat' dir='ltr'><strong>exsistit</strong></span> <span class='ocrx_word' id='word_1_134' title='bbox 3428 1255 3609 1327; x_wconf 88' lang='lat' dir='ltr'><strong>pluvia</strong></span> 
     </span>
    </p>
   </div>
   <div class='ocr_carea' id='block_1_20' title="bbox 379 1353 2004 1437">
    <p class='ocr_par' dir='ltr' id='par_1_20' title="bbox 379 1365 876 1437">
     <span class='ocr_line' id='line_1_20' title="bbox 379 1365 876 1437; baseline 0.002 -18"><span class='ocrx_word' id='word_1_135' title='bbox 379 1366 554 1430; x_wconf 81' lang='grc' dir='ltr'>ὑετὸς,</span> <span class='ocrx_word' id='word_1_136' title='bbox 588 1365 621 1437; x_wconf 80' lang='grc' dir='ltr'>ἢ</span> <span class='ocrx_word' id='word_1_137' title='bbox 645 1367 876 1435; x_wconf 83' lang='grc' dir='ltr'>νιφετός.</span> 
     </span>
    </p>
   </div>
   <div class='ocr_carea' id='block_1_21' title="bbox 658 1353 2283 1437">
    <p class='ocr_par' dir='ltr' id='par_1_21' title="bbox 658 1353 2283 1435">
     <span class='ocr_line' id='line_1_21' title="bbox 658 1353 2283 1435; baseline -0.006 -16"><span class='ocrx_word' id='word_1_138' title='bbox 658 1367 876 1435; x_wconf 68' lang='grc' dir='ltr'>νιφετός.</span> <span class='ocrx_word' id='word_1_139' title='bbox 2045 1364 2140 1409; x_wconf 88' lang='lat' dir='ltr'>aut</span> <span class='ocrx_word' id='word_1_140' title='bbox 2168 1353 2283 1409; x_wconf 90' lang='lat' dir='ltr'><strong>nix.</strong></span> 
     </span>
    </p>
   </div>
   <div class='ocr_carea' id='block_1_22' title="bbox 465 1442 2090 1533">
    <p class='ocr_par' dir='ltr' id='par_1_22' title="bbox 465 1458 1800 1533">
     <span class='ocr_line' id='line_1_22' title="bbox 465 1458 1800 1533; baseline 0.005 -22"><span class='ocrx_word' id='word_1_141' title='bbox 465 1459 552 1512; x_wconf 84' lang='lat' dir='ltr'><strong>&#39;Ev</strong></span> <span class='ocrx_word' id='word_1_142' title='bbox 578 1458 635 1511; x_wconf 88' lang='grc' dir='ltr'>δέ</span> <span class='ocrx_word' id='word_1_143' title='bbox 663 1461 729 1530; x_wconf 81' lang='grc' dir='ltr'>τῇ</span> <span class='ocrx_word' id='word_1_144' title='bbox 762 1466 815 1524; x_wconf 82' lang='grc' dir='ltr'>ς’</span> <span class='ocrx_word' id='word_1_145' title='bbox 843 1458 1053 1531; x_wconf 81' lang='grc' dir='ltr'>Εὐδόξῳ</span> <span class='ocrx_word' id='word_1_146' title='bbox 1086 1460 1362 1533; x_wconf 75' lang='grc' dir='ltr'>ἰσημερία,</span> <span class='ocrx_word' id='word_1_147' title='bbox 1394 1463 1545 1527; x_wconf 80' lang='grc' dir='ltr'>ὑετὸς</span> <span class='ocrx_word' id='word_1_148' title='bbox 1578 1462 1800 1533; x_wconf 78' lang='grc' dir='ltr'>γίνεται.</span> 
     </span>
    </p>
   </div>
   <div class='ocr_carea' id='block_1_23' title="bbox 1774 1442 3399 1533">
    <p class='ocr_par' dir='ltr' id='par_1_23' title="bbox 1774 1442 3399 1518">
     <span class='ocr_line' id='line_1_23' title="bbox 1774 1442 3399 1518; baseline -0.004 -16"><span class='ocrx_word' id='word_1_149' title='bbox 1774 1484 1800 1518; x_wconf 56' lang='grc' dir='ltr'>ι,</span> <span class='ocrx_word' id='word_1_150' title='bbox 2113 1446 2212 1501; x_wconf 90' lang='lat' dir='ltr'>Die</span> <span class='ocrx_word' id='word_1_151' title='bbox 2240 1446 2273 1501; x_wconf 89' lang='lat'><strong>6</strong></span> <span class='ocrx_word' id='word_1_152' title='bbox 2298 1446 2526 1502; x_wconf 83' lang='lat' dir='ltr'><strong>Eudoxo</strong></span> <span class='ocrx_word' id='word_1_153' title='bbox 2558 1452 2641 1501; x_wconf 84' lang='lat' dir='ltr'>est</span> <span class='ocrx_word' id='word_1_154' title='bbox 2669 1444 3074 1514; x_wconf 69' lang='lat' dir='ltr'><strong>aequinoctium,</strong></span> <span class='ocrx_word' id='word_1_155' title='bbox 3115 1442 3172 1498; x_wconf 87' lang='lat' dir='ltr'>ﬁt</span> <span class='ocrx_word' id='word_1_156' title='bbox 3200 1443 3399 1514; x_wconf 88' lang='lat' dir='ltr'><strong>pluvia.</strong></span> 
     </span>
    </p>
   </div>
   <div class='ocr_carea' id='block_1_24' title="bbox 465 1535 2090 1628">
    <p class='ocr_par' dir='ltr' id='par_1_24' title="bbox 465 1550 1946 1628">
     <span class='ocr_line' id='line_1_24' title="bbox 465 1550 1946 1628; baseline 0.004 -25"><span class='ocrx_word' id='word_1_157' title='bbox 465 1551 556 1604; x_wconf 83' lang='lat' dir='ltr'>’Ev</span> <span class='ocrx_word' id='word_1_158' title='bbox 599 1550 656 1602; x_wconf 84' lang='grc' dir='ltr'>δὲ</span> <span class='ocrx_word' id='word_1_159' title='bbox 705 1552 772 1621; x_wconf 77' lang='grc' dir='ltr'>τῇ</span> <span class='ocrx_word' id='word_1_160' title='bbox 800 1557 829 1603; x_wconf 89' lang='grc' dir='ltr'>ι’</span> <span class='ocrx_word' id='word_1_161' title='bbox 868 1551 1176 1622; x_wconf 84' lang='grc' dir='ltr'>Εὐκτήμονι</span> <span class='ocrx_word' id='word_1_162' title='bbox 1222 1553 1475 1619; x_wconf 78' lang='grc' dir='ltr'>Πλειάδες</span> <span class='ocrx_word' id='word_1_163' title='bbox 1527 1555 1766 1626; x_wconf 81' lang='grc' dir='ltr'>ἑσπέριοι</span> <span class='ocrx_word' id='word_1_164' title='bbox 1813 1554 1946 1628; x_wconf 88' lang='grc' dir='ltr'>κρύ-</span> 
     </span>
    </p>
   </div>
   <div class='ocr_carea' id='block_1_25' title="bbox 1985 1535 3610 1628">
    <p class='ocr_par' dir='ltr' id='par_1_25' title="bbox 2118 1535 3610 1607">
     <span class='ocr_line' id='line_1_25' title="bbox 2118 1535 3610 1607; baseline -0.002 -15"><span class='ocrx_word' id='word_1_165' title='bbox 2118 1537 2215 1594; x_wconf 91' lang='lat' dir='ltr'><strong>Die</strong></span> <span class='ocrx_word' id='word_1_166' title='bbox 2255 1537 2321 1593; x_wconf 89' lang='grc'><strong>10</strong></span> <span class='ocrx_word' id='word_1_167' title='bbox 2355 1537 2673 1594; x_wconf 87' lang='lat' dir='ltr'><strong>Euctemoni</strong></span> <span class='ocrx_word' id='word_1_168' title='bbox 2704 1535 2951 1593; x_wconf 89' lang='lat' dir='ltr'><strong>Pleiades</strong></span> <span class='ocrx_word' id='word_1_169' title='bbox 2997 1536 3211 1607; x_wconf 81' lang='lat' dir='ltr'><strong>vesperi</strong></span> <span class='ocrx_word' id='word_1_170' title='bbox 3249 1536 3610 1591; x_wconf 90' lang='lat' dir='ltr'><strong>occultantur.</strong></span> 
     </span>
    </p>
   </div>
   <div class='ocr_carea' id='block_1_26' title="bbox 385 1656 628 1695">
    <p class='ocr_par' dir='ltr' id='par_1_26' title="bbox 385 1656 628 1695">
     <span class='ocr_line' id='line_1_26' title="bbox 385 1656 628 1695; baseline 0.012 -3"><span class='ocrx_word' id='word_1_171' title='bbox 385 1656 628 1695; x_wconf 78' lang='grc' dir='ltr'>πτονται.</span> 
     </span>
    </p>
   </div>
   <div class='ocr_carea' id='block_1_27' title="bbox 469 1713 2094 1807">
    <p class='ocr_par' dir='ltr' id='par_1_27' title="bbox 469 1729 1945 1807">
     <span class='ocr_line' id='line_1_27' title="bbox 469 1729 1945 1807; baseline 0.006 -26"><span class='ocrx_word' id='word_1_172' title='bbox 469 1730 558 1782; x_wconf 90' lang='grc' dir='ltr'>Ἐν</span> <span class='ocrx_word' id='word_1_173' title='bbox 591 1729 647 1782; x_wconf 87' lang='grc' dir='ltr'>δὲ</span> <span class='ocrx_word' id='word_1_174' title='bbox 669 1733 735 1802; x_wconf 83' lang='grc' dir='ltr'>τῇ</span> <span class='ocrx_word' id='word_1_175' title='bbox 765 1738 831 1800; x_wconf 86' lang='grc' dir='ltr'>ιγ’</span> <span class='ocrx_word' id='word_1_176' title='bbox 863 1730 1078 1803; x_wconf 81' lang='grc' dir='ltr'>Εὐδόξῳ</span> <span class='ocrx_word' id='word_1_177' title='bbox 1104 1733 1357 1799; x_wconf 88' lang='grc' dir='ltr'>Πλειάδες</span> <span class='ocrx_word' id='word_1_178' title='bbox 1385 1735 1670 1807; x_wconf 79' lang='grc' dir='ltr'>ἀκρόνυχοι</span> <span class='ocrx_word' id='word_1_179' title='bbox 1702 1735 1945 1791; x_wconf 89' lang='grc' dir='ltr'>δύνουσι·</span> 
     </span>
    </p>
   </div>
   <div class='ocr_carea' id='block_1_28' title="bbox 1992 1713 3617 1807">
    <p class='ocr_par' dir='ltr' id='par_1_28' title="bbox 2123 1713 3617 1786">
     <span class='ocr_line' id='line_1_28' title="bbox 2123 1713 3617 1786; baseline -0.001 -15"><span class='ocrx_word' id='word_1_180' title='bbox 2123 1716 2220 1773; x_wconf 89' lang='lat' dir='ltr'>Die</span> <span class='ocrx_word' id='word_1_181' title='bbox 2269 1718 2336 1772; x_wconf 89' lang='grc'>15</span> <span class='ocrx_word' id='word_1_182' title='bbox 2385 1717 2615 1773; x_wconf 78' lang='lat' dir='ltr'><strong>Eudoxo</strong></span> <span class='ocrx_word' id='word_1_183' title='bbox 2665 1716 2917 1773; x_wconf 86' lang='lat' dir='ltr'><strong>Pleiades</strong></span> <span class='ocrx_word' id='word_1_184' title='bbox 2967 1715 3180 1786; x_wconf 83' lang='lat' dir='ltr'><strong>vesperi</strong></span> <span class='ocrx_word' id='word_1_185' title='bbox 3236 1713 3524 1779; x_wconf 86' lang='lat' dir='ltr'><strong>occidunt,</strong></span> <span class='ocrx_word' id='word_1_186' title='bbox 3563 1723 3617 1769; x_wconf 88' lang='lat' dir='ltr'>et</span> 
     </span>
    </p>
   </div>
   <div class='ocr_carea' id='block_1_29' title="bbox 389 1806 2014 1900">
    <p class='ocr_par' dir='ltr' id='par_1_29' title="bbox 389 1806 2014 1900">
     <span class='ocr_line' id='line_1_29' title="bbox 389 1806 2014 1900; baseline 0.006 -27"><span class='ocrx_word' id='word_1_187' title='bbox 389 1820 484 1874; x_wconf 73' lang='grc' dir='ltr'>καὶ</span> <span class='ocrx_word' id='word_1_188' title='bbox 523 1821 711 1892; x_wconf 83' lang='grc' dir='ltr'>Ὠρίων</span> <span class='ocrx_word' id='word_1_189' title='bbox 741 1822 964 1894; x_wconf 84' lang='grc' dir='ltr'>ἄρχεται</span> <span class='ocrx_word' id='word_1_190' title='bbox 991 1825 1166 1880; x_wconf 89' lang='grc' dir='ltr'>δύνειν</span> <span class='ocrx_word' id='word_1_191' title='bbox 1193 1827 1300 1880; x_wconf 86' lang='grc' dir='ltr'>ἀπὸ</span> <span class='ocrx_word' id='word_1_192' title='bbox 1331 1806 1628 1900; x_wconf 86' lang='grc' dir='ltr'>ἀκρονύχου</span> <span class='ocrx_word' id='word_1_193' title='bbox 1648 1846 1661 1858; x_wconf 90' lang='grc'><strong>·</strong></span> <span class='ocrx_word' id='word_1_194' title='bbox 1693 1829 1846 1892; x_wconf 83' lang='grc' dir='ltr'>ὑετὸς</span> <span class='ocrx_word' id='word_1_195' title='bbox 1870 1828 1952 1898; x_wconf 78' lang='grc' dir='ltr'>γί-</span> <span class='ocrx_word' id='word_1_196' title='bbox 1984 1894 2014 1900; x_wconf 87' lang='lat'><strong>_</strong></span> 
     </span>
    </p>
   </div>
   <div class='ocr_carea' id='block_1_30' title="bbox 1992 1806 3617 1900">
    <p class='ocr_par' dir='ltr' id='par_1_30' title="bbox 2052 1806 3617 1881">
     <span class='ocr_line' id='line_1_30' title="bbox 2052 1806 3617 1881; baseline -0.004 -15"><span class='ocrx_word' id='word_1_197' title='bbox 2052 1810 2220 1867; x_wconf 89' lang='lat' dir='ltr'><strong>Orion</strong></span> <span class='ocrx_word' id='word_1_198' title='bbox 2252 1810 2443 1881; x_wconf 87' lang='lat' dir='ltr'><strong>incipit</strong></span> <span class='ocrx_word' id='word_1_199' title='bbox 2488 1812 2740 1867; x_wconf 89' lang='lat' dir='ltr'><strong>occidere</strong></span> <span class='ocrx_word' id='word_1_200' title='bbox 2784 1811 3098 1881; x_wconf 80' lang='lat' dir='ltr'><strong>veSpertino</strong></span> <span class='ocrx_word' id='word_1_201' title='bbox 3152 1823 3374 1864; x_wconf 87' lang='lat' dir='ltr'><strong>occasu.</strong></span> <span class='ocrx_word' id='word_1_202' title='bbox 3428 1806 3617 1861; x_wconf 86' lang='lat' dir='ltr'><strong>Pluvia</strong></span> 
     </span>
    </p>
   </div>
   <div class='ocr_carea' id='block_1_31' title="bbox 389 1894 2014 1991">
    <p class='ocr_par' dir='ltr' id='par_1_31' title="bbox 389 1894 2014 1991">
     <span class='ocr_line' id='line_1_31' title="bbox 389 1894 2014 1991; baseline 0.007 -29"><span class='ocrx_word' id='word_1_203' title='bbox 389 1926 560 1967; x_wconf 90' lang='grc' dir='ltr'>νεται.</span> <span class='ocrx_word' id='word_1_204' title='bbox 598 1912 917 1985; x_wconf 84' lang='grc' dir='ltr'>Δημοκρίτῳ</span> <span class='ocrx_word' id='word_1_205' title='bbox 961 1915 1216 1980; x_wconf 86' lang='grc' dir='ltr'>Πλειάδες</span> <span class='ocrx_word' id='word_1_206' title='bbox 1259 1894 1589 1990; x_wconf 73' lang='grc' dir='ltr'>κρύπτονται</span> <span class='ocrx_word' id='word_1_207' title='bbox 1647 1919 1762 1989; x_wconf 74' lang='grc' dir='ltr'>ἅμα</span> <span class='ocrx_word' id='word_1_208' title='bbox 1819 1894 1953 1991; x_wconf 73' lang='grc' dir='ltr'>ἡλίῳ</span> <span class='ocrx_word' id='word_1_209' title='bbox 1984 1894 2014 1953; x_wconf 69' lang='grc' dir='ltr'>Ε</span> 
     </span>
    </p>
   </div>
   <div class='ocr_carea' id='block_1_32' title="bbox 1994 1894 3619 1991">
    <p class='ocr_par' dir='ltr' id='par_1_32' title="bbox 1994 1894 3619 1959">
     <span class='ocr_line' id='line_1_32' title="bbox 1994 1894 3619 1959; baseline -0.002 -6"><span class='ocrx_word' id='word_1_210' title='bbox 1994 1894 2025 1953; x_wconf 88' lang='grc' dir='ltr'>Β</span> <span class='ocrx_word' id='word_1_211' title='bbox 2051 1901 2287 1958; x_wconf 82' lang='lat' dir='ltr'><strong>exsistit.</strong></span> <span class='ocrx_word' id='word_1_212' title='bbox 2318 1900 2629 1956; x_wconf 89' lang='lat' dir='ltr'><strong>Democrito</strong></span> <span class='ocrx_word' id='word_1_213' title='bbox 2655 1899 2902 1959; x_wconf 84' lang='lat' dir='ltr'><strong>Pleiades</strong></span> <span class='ocrx_word' id='word_1_214' title='bbox 2931 1899 3275 1955; x_wconf 84' lang='lat' dir='ltr'><strong>occultantur</strong></span> <span class='ocrx_word' id='word_1_215' title='bbox 3309 1896 3471 1953; x_wconf 89' lang='lat' dir='ltr'><strong>simul</strong></span> <span class='ocrx_word' id='word_1_216' title='bbox 3492 1910 3619 1950; x_wconf 81' lang='lat' dir='ltr'>cum</span> 
     </span>
    </p>
   </div>
   <div class='ocr_carea' id='block_1_33' title="bbox 386 1987 2011 2080">
    <p class='ocr_par' dir='ltr' id='par_1_33' title="bbox 386 1987 1934 2080">
     <span class='ocr_line' id='line_1_33' title="bbox 386 1987 1934 2080; baseline 0.006 -25"><span class='ocrx_word' id='word_1_217' title='bbox 386 2000 685 2072; x_wconf 79' lang='grc' dir='ltr'>ἀνίσχοντι,</span> <span class='ocrx_word' id='word_1_218' title='bbox 711 2003 806 2057; x_wconf 80' lang='grc' dir='ltr'>καὶ</span> <span class='ocrx_word' id='word_1_219' title='bbox 836 2004 1057 2074; x_wconf 84' lang='grc' dir='ltr'>ἀφανεῖς</span> <span class='ocrx_word' id='word_1_220' title='bbox 1080 1987 1319 2075; x_wconf 77' lang='grc' dir='ltr'>γίνονται</span> <span class='ocrx_word' id='word_1_221' title='bbox 1349 2009 1550 2073; x_wconf 88' lang='grc' dir='ltr'>νύκτας</span> <span class='ocrx_word' id='word_1_222' title='bbox 1582 2016 1658 2080; x_wconf 86' lang='grc' dir='ltr'>μ’.</span> <span class='ocrx_word' id='word_1_223' title='bbox 1690 1987 1699 1989; x_wconf 17' lang='grc' dir='ltr'><strong>ἠ</strong></span> <span class='ocrx_word' id='word_1_224' title='bbox 1841 1987 1851 1991; x_wconf 20' lang='grc' dir='ltr'>ὴ</span> <span class='ocrx_word' id='word_1_225' title='bbox 1924 1987 1934 1990; x_wconf 25' lang='grc' dir='ltr'>ν</span> 
     </span>
    </p>
   </div>
   <div class='ocr_carea' id='block_1_34' title="bbox 1882 1987 3507 2080">
    <p class='ocr_par' dir='ltr' id='par_1_34' title="bbox 1924 1987 3507 2063">
     <span class='ocr_line' id='line_1_34' title="bbox 1924 1987 3507 2063; baseline -0.005 -14"><span class='ocrx_word' id='word_1_226' title='bbox 1924 1987 1934 1990; x_wconf 54' lang='grc'>⁷</span> <span class='ocrx_word' id='word_1_227' title='bbox 2056 1994 2170 2049; x_wconf 90' lang='lat' dir='ltr'><strong>sole</strong></span> <span class='ocrx_word' id='word_1_228' title='bbox 2202 1993 2549 2059; x_wconf 84' lang='lat' dir='ltr'><strong>ascendente,</strong></span> <span class='ocrx_word' id='word_1_229' title='bbox 2573 2000 2627 2049; x_wconf 86' lang='lat' dir='ltr'>et</span> <span class='ocrx_word' id='word_1_230' title='bbox 2654 2008 2764 2048; x_wconf 89' lang='lat' dir='ltr'>non</span> <span class='ocrx_word' id='word_1_231' title='bbox 2795 2002 3056 2063; x_wconf 84' lang='lat' dir='ltr'><strong>apparent</strong></span> <span class='ocrx_word' id='word_1_232' title='bbox 3082 2005 3179 2061; x_wconf 87' lang='lat' dir='ltr'>per</span> <span class='ocrx_word' id='word_1_233' title='bbox 3202 1997 3391 2045; x_wconf 88' lang='lat' dir='ltr'><strong>noctes</strong></span> <span class='ocrx_word' id='word_1_234' title='bbox 3418 1987 3507 2043; x_wconf 72' lang='grc'>40.</span> 
     </span>
    </p>
   </div>
   <div class='ocr_carea' id='block_1_35' title="bbox 475 2082 2100 2174">
    <p class='ocr_par' dir='ltr' id='par_1_35' title="bbox 475 2095 1952 2174">
     <span class='ocr_line' id='line_1_35' title="bbox 475 2095 1952 2174; baseline 0.007 -26"><span class='ocrx_word' id='word_1_235' title='bbox 475 2095 562 2148; x_wconf 91' lang='grc' dir='ltr'>Ἐν</span> <span class='ocrx_word' id='word_1_236' title='bbox 587 2095 645 2150; x_wconf 82' lang='grc' dir='ltr'>δὲ</span> <span class='ocrx_word' id='word_1_237' title='bbox 674 2099 739 2169; x_wconf 80' lang='grc' dir='ltr'>τῇ</span> <span class='ocrx_word' id='word_1_238' title='bbox 781 2104 867 2151; x_wconf 84' lang='grc' dir='ltr'>κα¹</span> <span class='ocrx_word' id='word_1_239' title='bbox 901 2098 1114 2171; x_wconf 84' lang='grc' dir='ltr'>Εὐδόξῳ</span> <span class='ocrx_word' id='word_1_240' title='bbox 1149 2101 1338 2165; x_wconf 89' lang='grc' dir='ltr'>Ὑάδες</span> <span class='ocrx_word' id='word_1_241' title='bbox 1370 2103 1657 2174; x_wconf 86' lang='grc' dir='ltr'>ἀκρόνυχοι</span> <span class='ocrx_word' id='word_1_242' title='bbox 1688 2104 1952 2161; x_wconf 91' lang='grc' dir='ltr'>δύνουσιν.</span> 
     </span>
    </p>
   </div>
   <div class='ocr_carea' id='block_1_36' title="bbox 1735 2082 3360 2174">
    <p class='ocr_par' dir='ltr' id='par_1_36' title="bbox 1735 2082 3360 2169">
     <span class='ocr_line' id='line_1_36' title="bbox 1735 2082 3360 2169; baseline -0.007 -24"><span class='ocrx_word' id='word_1_243' title='bbox 1735 2104 1952 2161; x_wconf 57' lang='grc' dir='ltr'>ςνουσιν,</span> <span class='ocrx_word' id='word_1_244' title='bbox 2126 2083 2223 2141; x_wconf 89' lang='lat' dir='ltr'><strong>Die</strong></span> <span class='ocrx_word' id='word_1_245' title='bbox 2246 2085 2311 2139; x_wconf 76' lang='lat' dir='ltr'><strong>2i</strong></span> <span class='ocrx_word' id='word_1_246' title='bbox 2347 2084 2575 2142; x_wconf 78' lang='lat' dir='ltr'><strong>Eudoxo</strong></span> <span class='ocrx_word' id='word_1_247' title='bbox 2599 2083 2815 2153; x_wconf 85' lang='lat' dir='ltr'><strong>Hyades</strong></span> <span class='ocrx_word' id='word_1_248' title='bbox 2843 2084 3057 2154; x_wconf 89' lang='lat' dir='ltr'><strong>vesperi</strong></span> <span class='ocrx_word' id='word_1_249' title='bbox 3087 2082 3360 2169; x_wconf 80' lang='lat' dir='ltr'><strong>occidunt.</strong></span> 
     </span>
    </p>
   </div>
   <div class='ocr_carea' id='block_1_37' title="bbox 477 2175 2102 2268">
    <p class='ocr_par' dir='ltr' id='par_1_37' title="bbox 477 2187 1958 2268">
     <span class='ocr_line' id='line_1_37' title="bbox 477 2187 1958 2268; baseline 0.007 -27"><span class='ocrx_word' id='word_1_250' title='bbox 477 2187 732 2261; x_wconf 83' lang='grc' dir='ltr'>Ἐνδέτῇ</span> <span class='ocrx_word' id='word_1_251' title='bbox 780 2197 865 2259; x_wconf 87' lang='grc' dir='ltr'>κγ’</span> <span class='ocrx_word' id='word_1_252' title='bbox 890 2192 1198 2263; x_wconf 83' lang='grc' dir='ltr'>Εὐκτήμονι</span> <span class='ocrx_word' id='word_1_253' title='bbox 1235 2194 1421 2258; x_wconf 86' lang='grc' dir='ltr'>Ὑάδες</span> <span class='ocrx_word' id='word_1_254' title='bbox 1466 2195 1815 2268; x_wconf 87' lang='grc' dir='ltr'>κρύπτονται,</span> <span class='ocrx_word' id='word_1_255' title='bbox 1864 2201 1958 2253; x_wconf 74' lang='grc' dir='ltr'>καὶ</span> 
     </span>
    </p>
   </div>
   <div class='ocr_carea' id='block_1_38' title="bbox 1996 2175 3621 2268">
    <p class='ocr_par' dir='ltr' id='par_1_38' title="bbox 2126 2175 3621 2248">
     <span class='ocr_line' id='line_1_38' title="bbox 2126 2175 3621 2248; baseline 0.002 -19"><span class='ocrx_word' id='word_1_256' title='bbox 2126 2175 2225 2233; x_wconf 87' lang='lat' dir='ltr'><strong>Die</strong></span> <span class='ocrx_word' id='word_1_257' title='bbox 2260 2176 2331 2232; x_wconf 79' lang='lat'>25</span> <span class='ocrx_word' id='word_1_258' title='bbox 2366 2176 2684 2232; x_wconf 86' lang='lat' dir='ltr'><strong>Euctemoni</strong></span> <span class='ocrx_word' id='word_1_259' title='bbox 2715 2175 2932 2245; x_wconf 84' lang='lat' dir='ltr'><strong>Hyades</strong></span> <span class='ocrx_word' id='word_1_260' title='bbox 2956 2178 3317 2242; x_wconf 89' lang='lat' dir='ltr'><strong>occultantur,</strong></span> <span class='ocrx_word' id='word_1_261' title='bbox 3339 2184 3392 2232; x_wconf 90' lang='lat' dir='ltr'>et</span> <span class='ocrx_word' id='word_1_262' title='bbox 3415 2176 3621 2248; x_wconf 87' lang='lat' dir='ltr'><strong>grando</strong></span> 
     </span>
    </p>
   </div>
   <div class='ocr_carea' id='block_1_39' title="bbox 395 2265 2020 2359">
    <p class='ocr_par' dir='ltr' id='par_1_39' title="bbox 395 2265 1958 2359">
     <span class='ocr_line' id='line_1_39' title="bbox 395 2265 1958 2359; baseline 0.008 -28"><span class='ocrx_word' id='word_1_263' title='bbox 395 2276 602 2347; x_wconf 79' lang='grc' dir='ltr'>χάλαζα</span> <span class='ocrx_word' id='word_1_264' title='bbox 628 2279 946 2348; x_wconf 82' lang='grc' dir='ltr'>ἐπιγίνεται,</span> <span class='ocrx_word' id='word_1_265' title='bbox 970 2284 1064 2334; x_wconf 77' lang='grc' dir='ltr'>καὶ</span> <span class='ocrx_word' id='word_1_266' title='bbox 1087 2281 1314 2354; x_wconf 79' lang='grc' dir='ltr'>ζέφυρος</span> <span class='ocrx_word' id='word_1_267' title='bbox 1335 2288 1475 2339; x_wconf 86' lang='grc' dir='ltr'>πνεῖ.</span> <span class='ocrx_word' id='word_1_268' title='bbox 1498 2265 1769 2359; x_wconf 74' lang='grc' dir='ltr'>Καλίππῳ</span> <span class='ocrx_word' id='word_1_269' title='bbox 1789 2289 1958 2358; x_wconf 84' lang='grc' dir='ltr'>Ζυγὸς</span> 
     </span>
    </p>
   </div>
   <div class='ocr_carea' id='block_1_40' title="bbox 1999 2265 3624 2359">
    <p class='ocr_par' dir='ltr' id='par_1_40' title="bbox 2058 2265 3624 2341">
     <span class='ocr_line' id='line_1_40' title="bbox 2058 2265 3624 2341; baseline -0.003 -15"><span class='ocrx_word' id='word_1_270' title='bbox 2058 2278 2184 2341; x_wconf 92' lang='lat' dir='ltr'><strong>post</strong></span> <span class='ocrx_word' id='word_1_271' title='bbox 2211 2269 2446 2332; x_wconf 80' lang='lat' dir='ltr'><strong>exsistit,</strong></span> <span class='ocrx_word' id='word_1_272' title='bbox 2471 2276 2526 2323; x_wconf 88' lang='lat' dir='ltr'>et</span> <span class='ocrx_word' id='word_1_273' title='bbox 2550 2268 2642 2322; x_wconf 87' lang='lat' dir='ltr'>ﬁat</span> <span class='ocrx_word' id='word_1_274' title='bbox 2666 2268 2959 2339; x_wconf 88' lang='lat' dir='ltr'><strong>zephyrus.</strong></span> <span class='ocrx_word' id='word_1_275' title='bbox 2988 2266 3213 2337; x_wconf 89' lang='lat' dir='ltr'><strong>Calippo</strong></span> <span class='ocrx_word' id='word_1_276' title='bbox 3246 2265 3409 2321; x_wconf 87' lang='lat' dir='ltr'><strong>Libra</strong></span> <span class='ocrx_word' id='word_1_277' title='bbox 3438 2266 3624 2338; x_wconf 89' lang='lat' dir='ltr'><strong>incipit</strong></span> 
     </span>
    </p>
   </div>
   <div class='ocr_carea' id='block_1_41' title="bbox 390 2357 2015 2447">
    <p class='ocr_par' dir='ltr' id='par_1_41' title="bbox 390 2357 1883 2447">
     <span class='ocr_line' id='line_1_41' title="bbox 390 2357 1883 2447; baseline 0.009 -26"><span class='ocrx_word' id='word_1_278' title='bbox 390 2368 621 2441; x_wconf 71' lang='grc' dir='ltr'>ἄρχεται</span> <span class='ocrx_word' id='word_1_279' title='bbox 649 2370 846 2436; x_wconf 85' lang='grc' dir='ltr'>δύνειν,</span> <span class='ocrx_word' id='word_1_280' title='bbox 892 2372 1129 2446; x_wconf 83' lang='grc' dir='ltr'>πολλαχῆ</span> <span class='ocrx_word' id='word_1_281' title='bbox 1159 2375 1216 2428; x_wconf 86' lang='grc' dir='ltr'>δὲ</span> <span class='ocrx_word' id='word_1_282' title='bbox 1246 2376 1338 2429; x_wconf 75' lang='grc' dir='ltr'>καὶ</span> <span class='ocrx_word' id='word_1_283' title='bbox 1363 2376 1591 2447; x_wconf 81' lang='grc' dir='ltr'>χάλαζα.</span> <span class='ocrx_word' id='word_1_284' title='bbox 1741 2357 1749 2359; x_wconf 16' lang='lat'><strong><em>7</em></strong></span> <span class='ocrx_word' id='word_1_285' title='bbox 1879 2357 1883 2358; x_wconf 9' lang='grc' dir='ltr'>ί</span> 
     </span>
    </p>
   </div>
   <div class='ocr_carea' id='block_1_42' title="bbox 1512 2357 3137 2447">
    <p class='ocr_par' dir='ltr' id='par_1_42' title="bbox 1512 2357 3137 2442">
     <span class='ocr_line' id='line_1_42' title="bbox 1512 2357 3137 2442; baseline -0.009 -16"><span class='ocrx_word' id='word_1_286' title='bbox 1512 2376 1591 2442; x_wconf 77' lang='grc' dir='ltr'>ζα,</span> <span class='ocrx_word' id='word_1_287' title='bbox 1741 2357 1749 2359; x_wconf 37' lang='grc'><strong><em>⁷</em></strong></span> <span class='ocrx_word' id='word_1_288' title='bbox 1879 2357 1883 2358; x_wconf 21' lang='grc' dir='ltr'>ί</span> <span class='ocrx_word' id='word_1_289' title='bbox 2057 2362 2330 2426; x_wconf 84' lang='lat' dir='ltr'><strong>occidere,</strong></span> <span class='ocrx_word' id='word_1_290' title='bbox 2354 2361 2555 2431; x_wconf 86' lang='lat' dir='ltr'><strong>passim</strong></span> <span class='ocrx_word' id='word_1_291' title='bbox 2589 2359 2802 2415; x_wconf 88' lang='lat' dir='ltr'><strong>exsistit</strong></span> <span class='ocrx_word' id='word_1_292' title='bbox 2830 2365 2896 2439; x_wconf 48' lang='lat' dir='ltr'><strong>et.</strong></span> <span class='ocrx_word' id='word_1_293' title='bbox 2912 2357 3137 2429; x_wconf 84' lang='lat' dir='ltr'><strong>grando.</strong></span> 
     </span>
    </p>
   </div>
   <div class='ocr_carea' id='block_1_43' title="bbox 483 2452 2108 2541">
    <p class='ocr_par' dir='ltr' id='par_1_43' title="bbox 483 2463 1955 2541">
     <span class='ocr_line' id='line_1_43' title="bbox 483 2463 1955 2541; baseline 0.007 -25"><span class='ocrx_word' id='word_1_294' title='bbox 483 2463 568 2517; x_wconf 82' lang='grc' dir='ltr'>Ἐν</span> <span class='ocrx_word' id='word_1_295' title='bbox 591 2464 648 2517; x_wconf 89' lang='grc' dir='ltr'>δὲ</span> <span class='ocrx_word' id='word_1_296' title='bbox 677 2467 742 2536; x_wconf 85' lang='grc' dir='ltr'>τῇ</span> <span class='ocrx_word' id='word_1_297' title='bbox 779 2464 859 2530; x_wconf 80' lang='grc' dir='ltr'>κζ’</span> <span class='ocrx_word' id='word_1_298' title='bbox 896 2464 1112 2538; x_wconf 83' lang='grc' dir='ltr'>Εὐδόξῳ</span> <span class='ocrx_word' id='word_1_299' title='bbox 1158 2466 1311 2541; x_wconf 91' lang='grc' dir='ltr'>Λύρα</span> <span class='ocrx_word' id='word_1_300' title='bbox 1342 2469 1637 2541; x_wconf 85' lang='grc' dir='ltr'>ἀκρόνυχος</span> <span class='ocrx_word' id='word_1_301' title='bbox 1673 2472 1955 2527; x_wconf 82' lang='grc' dir='ltr'>ἐπιτέλλει.</span> 
     </span>
    </p>
   </div>
   <div class='ocr_carea' id='block_1_44' title="bbox 1578 2452 3203 2541">
    <p class='ocr_par' dir='ltr' id='par_1_44' title="bbox 1578 2452 3203 2534">
     <span class='ocr_line' id='line_1_44' title="bbox 1578 2452 3203 2534; baseline -0.006 -18"><span class='ocrx_word' id='word_1_302' title='bbox 1578 2487 1637 2534; x_wconf 84' lang='grc' dir='ltr'>ος</span> <span class='ocrx_word' id='word_1_303' title='bbox 1673 2472 1955 2527; x_wconf 67' lang='grc' dir='ltr'>ἐπιτέλλει,</span> <span class='ocrx_word' id='word_1_304' title='bbox 2129 2456 2226 2511; x_wconf 89' lang='lat' dir='ltr'>Die</span> <span class='ocrx_word' id='word_1_305' title='bbox 2249 2455 2320 2508; x_wconf 89' lang='lat'><strong>27</strong></span> <span class='ocrx_word' id='word_1_306' title='bbox 2345 2454 2569 2509; x_wconf 86' lang='lat' dir='ltr'><strong>Eudoxo</strong></span> <span class='ocrx_word' id='word_1_307' title='bbox 2595 2452 2747 2524; x_wconf 85' lang='lat' dir='ltr'><strong>Lyra-</strong></span> <span class='ocrx_word' id='word_1_308' title='bbox 2766 2453 2977 2522; x_wconf 89' lang='lat' dir='ltr'><strong>vesperi</strong></span> <span class='ocrx_word' id='word_1_309' title='bbox 3011 2453 3203 2506; x_wconf 90' lang='lat' dir='ltr'><strong>oritur.</strong></span> 
     </span>
    </p>
   </div>
   <div class='ocr_carea' id='block_1_45' title="bbox 473 2543 2098 2636">
    <p class='ocr_par' dir='ltr' id='par_1_45' title="bbox 473 2550 1959 2636">
     <span class='ocr_line' id='line_1_45' title="bbox 473 2550 1959 2636; baseline 0.009 -31"><span class='ocrx_word' id='word_1_310' title='bbox 473 2550 572 2607; x_wconf 84' lang='grc' dir='ltr'>Τὸν</span> <span class='ocrx_word' id='word_1_311' title='bbox 594 2554 653 2607; x_wconf 84' lang='grc' dir='ltr'>δὲ</span> <span class='ocrx_word' id='word_1_312' title='bbox 675 2553 886 2625; x_wconf 81' lang='grc' dir='ltr'>Ταῦρον</span> <span class='ocrx_word' id='word_1_313' title='bbox 907 2555 1287 2629; x_wconf 86' lang='grc' dir='ltr'>διαπορεύεται</span> <span class='ocrx_word' id='word_1_314' title='bbox 1314 2560 1343 2612; x_wconf 93' lang='lat'>6</span> <span class='ocrx_word' id='word_1_315' title='bbox 1358 2558 1506 2630; x_wconf 81' lang='grc' dir='ltr'>ἥλιος</span> <span class='ocrx_word' id='word_1_316' title='bbox 1525 2562 1581 2613; x_wconf 90' lang='grc' dir='ltr'>ἐν</span> <span class='ocrx_word' id='word_1_317' title='bbox 1602 2562 1834 2632; x_wconf 78' lang='grc' dir='ltr'>ἡμέραις</span> <span class='ocrx_word' id='word_1_318' title='bbox 1860 2564 1959 2636; x_wconf 86' lang='grc' dir='ltr'>λβ’.</span> 
     </span>
    </p>
   </div>
   <div class='ocr_carea' id='block_1_46' title="bbox 1469 2543 3094 2636">
    <p class='ocr_par' dir='ltr' id='par_1_46' title="bbox 1469 2543 3094 2636">
     <span class='ocr_line' id='line_1_46' title="bbox 1469 2543 3094 2636; baseline -0.009 -25"><span class='ocrx_word' id='word_1_319' title='bbox 1469 2577 1506 2623; x_wconf 72' lang='grc' dir='ltr'>»ς</span> <span class='ocrx_word' id='word_1_320' title='bbox 1525 2562 1581 2613; x_wconf 85' lang='grc' dir='ltr'>ἐν</span> <span class='ocrx_word' id='word_1_321' title='bbox 1602 2562 1834 2632; x_wconf 78' lang='grc' dir='ltr'>ἡμέραις</span> <span class='ocrx_word' id='word_1_322' title='bbox 1860 2564 1959 2636; x_wconf 76' lang='grc' dir='ltr'>λβσ,</span> <span class='ocrx_word' id='word_1_323' title='bbox 2131 2546 2369 2602; x_wconf 83' lang='lat' dir='ltr'><strong>Taurum</strong></span> <span class='ocrx_word' id='word_1_324' title='bbox 2404 2546 2486 2602; x_wconf 89' lang='lat' dir='ltr'>sol</span> <span class='ocrx_word' id='word_1_325' title='bbox 2510 2554 2762 2636; x_wconf 77' lang='lat' dir='ltr'><strong>peragrat</strong></span> <span class='ocrx_word' id='word_1_326' title='bbox 2788 2543 2980 2600; x_wconf 88' lang='lat' dir='ltr'><strong>diebus</strong></span> <span class='ocrx_word' id='word_1_327' title='bbox 3004 2544 3094 2598; x_wconf 75' lang='lat'>32.</span> 
     </span>
    </p>
   </div>
   <div class='ocr_carea' id='block_1_47' title="bbox 484 2634 2109 2727">
    <p class='ocr_par' dir='ltr' id='par_1_47' title="bbox 484 2634 1965 2727">
     <span class='ocr_line' id='line_1_47' title="bbox 484 2634 1965 2727; baseline 0.008 -30"><span class='ocrx_word' id='word_1_328' title='bbox 484 2644 574 2697; x_wconf 82' lang='lat' dir='ltr'><strong>‘Ev</strong></span> <span class='ocrx_word' id='word_1_329' title='bbox 604 2645 702 2716; x_wconf 86' lang='grc' dir='ltr'>μὲν</span> <span class='ocrx_word' id='word_1_330' title='bbox 736 2641 828 2699; x_wconf 82' lang='grc' dir='ltr'>οὐν</span> <span class='ocrx_word' id='word_1_331' title='bbox 856 2649 924 2719; x_wconf 80' lang='grc' dir='ltr'>τῇ</span> <span class='ocrx_word' id='word_1_332' title='bbox 966 2654 1013 2701; x_wconf 87' lang='grc' dir='ltr'>α’</span> <span class='ocrx_word' id='word_1_333' title='bbox 1042 2648 1224 2721; x_wconf 79' lang='grc' dir='ltr'>ἡμέρᾳ</span> <span class='ocrx_word' id='word_1_334' title='bbox 1247 2649 1461 2721; x_wconf 82' lang='grc' dir='ltr'>Εὐδόξῳ</span> <span class='ocrx_word' id='word_1_335' title='bbox 1505 2652 1693 2723; x_wconf 82' lang='grc' dir='ltr'>Ὠρίων</span> <span class='ocrx_word' id='word_1_336' title='bbox 1740 2634 1965 2727; x_wconf 83' lang='grc' dir='ltr'>ἀκρόνυ-</span> 
     </span>
    </p>
   </div>
   <div class='ocr_carea' id='block_1_48' title="bbox 1994 2634 3619 2727">
    <p class='ocr_par' dir='ltr' id='par_1_48' title="bbox 2129 2634 3619 2706">
     <span class='ocr_line' id='line_1_48' title="bbox 2129 2634 3619 2706; baseline -0.002 -14"><span class='ocrx_word' id='word_1_337' title='bbox 2129 2638 2225 2695; x_wconf 91' lang='lat' dir='ltr'><strong>Die</strong></span> <span class='ocrx_word' id='word_1_338' title='bbox 2256 2639 2281 2691; x_wconf 89' lang='grc'>1</span> <span class='ocrx_word' id='word_1_339' title='bbox 2327 2637 2552 2693; x_wconf 85' lang='lat' dir='ltr'><strong>Eudoxo</strong></span> <span class='ocrx_word' id='word_1_340' title='bbox 2583 2635 2749 2692; x_wconf 89' lang='lat' dir='ltr'><strong>Orion</strong></span> <span class='ocrx_word' id='word_1_341' title='bbox 2778 2636 2991 2706; x_wconf 87' lang='lat' dir='ltr'><strong>vesperi</strong></span> <span class='ocrx_word' id='word_1_342' title='bbox 3021 2634 3222 2691; x_wconf 90' lang='lat' dir='ltr'><strong>occidit</strong></span> <span class='ocrx_word' id='word_1_343' title='bbox 3249 2678 3263 2701; x_wconf 93' lang='lat'>,</span> <span class='ocrx_word' id='word_1_344' title='bbox 3297 2634 3355 2689; x_wconf 90' lang='lat' dir='ltr'>ﬁt</span> <span class='ocrx_word' id='word_1_345' title='bbox 3390 2634 3572 2705; x_wconf 84' lang='lat' dir='ltr'><strong>pluvia</strong></span> <span class='ocrx_word' id='word_1_346' title='bbox 3606 2653 3619 2689; x_wconf 94' lang='lat'>:</span> 
     </span>
    </p>
   </div>
   <div class='ocr_carea' id='block_1_49' title="bbox 398 2726 2023 2815">
    <p class='ocr_par' dir='ltr' id='par_1_49' title="bbox 398 2726 1960 2815">
     <span class='ocr_line' id='line_1_49' title="bbox 398 2726 1960 2815; baseline 0.01 -27"><span class='ocrx_word' id='word_1_347' title='bbox 398 2755 494 2808; x_wconf 82' lang='grc' dir='ltr'>χος</span> <span class='ocrx_word' id='word_1_348' title='bbox 514 2736 658 2792; x_wconf 88' lang='grc' dir='ltr'>δύνει</span> <span class='ocrx_word' id='word_1_349' title='bbox 681 2755 695 2769; x_wconf 89' lang='grc'>·</span> <span class='ocrx_word' id='word_1_350' title='bbox 728 2738 903 2796; x_wconf 80' lang='grc' dir='ltr'>ὐετια.</span> <span class='ocrx_word' id='word_1_351' title='bbox 925 2739 1198 2812; x_wconf 79' lang='grc' dir='ltr'>Καλιππῳ</span> <span class='ocrx_word' id='word_1_352' title='bbox 1219 2745 1248 2796; x_wconf 90' lang='lat'>6</span> <span class='ocrx_word' id='word_1_353' title='bbox 1275 2743 1443 2815; x_wconf 89' lang='grc' dir='ltr'>Κριὸς</span> <span class='ocrx_word' id='word_1_354' title='bbox 1464 2744 1618 2815; x_wconf 85' lang='grc' dir='ltr'>λήγει</span> <span class='ocrx_word' id='word_1_355' title='bbox 1649 2726 1960 2804; x_wconf 68' lang='grc' dir='ltr'>ἐπιτέλλων*</span> 
     </span>
    </p>
   </div>
   <div class='ocr_carea' id='block_1_50' title="bbox 2000 2726 3625 2815">
    <p class='ocr_par' dir='ltr' id='par_1_50' title="bbox 2062 2726 3625 2804">
     <span class='ocr_line' id='line_1_50' title="bbox 2062 2726 3625 2804; baseline -0.006 -15"><span class='ocrx_word' id='word_1_356' title='bbox 2062 2733 2286 2804; x_wconf 80' lang='lat' dir='ltr'><strong>Calippo</strong></span> <span class='ocrx_word' id='word_1_357' title='bbox 2323 2731 2479 2786; x_wconf 84' lang='lat' dir='ltr'><strong>Aries</strong></span> <span class='ocrx_word' id='word_1_358' title='bbox 2522 2729 2723 2785; x_wconf 90' lang='lat' dir='ltr'><strong>desinit</strong></span> <span class='ocrx_word' id='word_1_359' title='bbox 2764 2728 2901 2785; x_wconf 89' lang='lat' dir='ltr'><strong>oriri</strong></span> <span class='ocrx_word' id='word_1_360' title='bbox 2933 2745 2948 2794; x_wconf 93' lang='lat'><strong>;</strong></span> <span class='ocrx_word' id='word_1_361' title='bbox 2987 2726 3044 2782; x_wconf 91' lang='lat' dir='ltr'>ﬁt</span> <span class='ocrx_word' id='word_1_362' title='bbox 3088 2727 3288 2798; x_wconf 82' lang='lat' dir='ltr'><strong>pluvia,</strong></span> <span class='ocrx_word' id='word_1_363' title='bbox 3329 2734 3383 2782; x_wconf 89' lang='lat' dir='ltr'>et</span> <span class='ocrx_word' id='word_1_364' title='bbox 3422 2728 3625 2798; x_wconf 82' lang='lat' dir='ltr'><strong>passim</strong></span> 
     </span>
    </p>
   </div>
   <div class='ocr_carea' id='block_1_51' title="bbox 404 2827 2029 2901">
    <p class='ocr_par' dir='ltr' id='par_1_51' title="bbox 404 2827 1320 2901">
     <span class='ocr_line' id='line_1_51' title="bbox 404 2827 1320 2901; baseline 0.005 -22"><span class='ocrx_word' id='word_1_365' title='bbox 404 2827 588 2881; x_wconf 73' lang='grc' dir='ltr'>ὐετιαο</span> <span class='ocrx_word' id='word_1_366' title='bbox 624 2828 863 2900; x_wconf 85' lang='grc' dir='ltr'>πολλαχῆ</span> <span class='ocrx_word' id='word_1_367' title='bbox 887 2829 943 2883; x_wconf 85' lang='grc' dir='ltr'>δέ</span> <span class='ocrx_word' id='word_1_368' title='bbox 963 2830 1056 2883; x_wconf 78' lang='grc' dir='ltr'>καὶ</span> <span class='ocrx_word' id='word_1_369' title='bbox 1092 2830 1320 2901; x_wconf 81' lang='grc' dir='ltr'>χάλαζα.</span> 
     </span>
    </p>
   </div>
   <div class='ocr_carea' id='block_1_52' title="bbox 665 2827 2290 2901">
    <p class='ocr_par' dir='ltr' id='par_1_52' title="bbox 666 2827 2290 2901">
     <span class='ocr_line' id='line_1_52' title="bbox 666 2827 2290 2901; baseline 0.001 -20"><span class='ocrx_word' id='word_1_370' title='bbox 666 2828 863 2900; x_wconf 84' lang='grc' dir='ltr'>ολλαχῆ</span> <span class='ocrx_word' id='word_1_371' title='bbox 887 2829 943 2883; x_wconf 85' lang='grc' dir='ltr'>δέ</span> <span class='ocrx_word' id='word_1_372' title='bbox 963 2830 1056 2883; x_wconf 78' lang='grc' dir='ltr'>καὶ</span> <span class='ocrx_word' id='word_1_373' title='bbox 1092 2830 1320 2901; x_wconf 81' lang='grc' dir='ltr'>χάλαζα.</span> <span class='ocrx_word' id='word_1_374' title='bbox 2064 2827 2290 2899; x_wconf 78' lang='lat' dir='ltr'><strong>grando.</strong></span> 
     </span>
    </p>
   </div>
   <div class='ocr_carea' id='block_1_53' title="bbox 486 2911 2111 3003">
    <p class='ocr_par' dir='ltr' id='par_1_53' title="bbox 486 2918 1968 3003">
     <span class='ocr_line' id='line_1_53' title="bbox 486 2918 1968 3003; baseline 0.009 -31"><span class='ocrx_word' id='word_1_375' title='bbox 486 2919 574 2972; x_wconf 88' lang='grc' dir='ltr'>Ἐν</span> <span class='ocrx_word' id='word_1_376' title='bbox 600 2918 657 2973; x_wconf 87' lang='grc' dir='ltr'>δὲ</span> <span class='ocrx_word' id='word_1_377' title='bbox 686 2922 751 2992; x_wconf 80' lang='grc' dir='ltr'>τῇ</span> <span class='ocrx_word' id='word_1_378' title='bbox 785 2919 828 2990; x_wconf 82' lang='grc' dir='ltr'>β’</span> <span class='ocrx_word' id='word_1_379' title='bbox 856 2922 1165 2993; x_wconf 88' lang='grc' dir='ltr'>Εὐκτήμονι</span> <span class='ocrx_word' id='word_1_380' title='bbox 1196 2922 1357 2977; x_wconf 89' lang='grc' dir='ltr'>Κύων</span> <span class='ocrx_word' id='word_1_381' title='bbox 1397 2925 1711 2997; x_wconf 86' lang='grc' dir='ltr'>κρύπτεται,</span> <span class='ocrx_word' id='word_1_382' title='bbox 1749 2931 1843 2984; x_wconf 81' lang='grc' dir='ltr'>καὶ</span> <span class='ocrx_word' id='word_1_383' title='bbox 1873 2932 1968 3003; x_wconf 88' lang='grc' dir='ltr'>χά-</span> 
     </span>
    </p>
   </div>
   <div class='ocr_carea' id='block_1_54' title="bbox 2004 2911 3629 3003">
    <p class='ocr_par' dir='ltr' id='par_1_54' title="bbox 2138 2911 3629 2985">
     <span class='ocr_line' id='line_1_54' title="bbox 2138 2911 3629 2985; baseline -0.004 -9"><span class='ocrx_word' id='word_1_384' title='bbox 2138 2920 2234 2976; x_wconf 91' lang='lat' dir='ltr'>Die</span> <span class='ocrx_word' id='word_1_385' title='bbox 2275 2919 2311 2974; x_wconf 86' lang='lat'>2</span> <span class='ocrx_word' id='word_1_386' title='bbox 2358 2916 2681 2975; x_wconf 88' lang='lat' dir='ltr'><strong>Euctemoni</strong></span> <span class='ocrx_word' id='word_1_387' title='bbox 2733 2916 2899 2973; x_wconf 86' lang='lat' dir='ltr'><strong>Canis</strong></span> <span class='ocrx_word' id='word_1_388' title='bbox 2945 2916 3272 2981; x_wconf 88' lang='lat' dir='ltr'><strong>occultatur,</strong></span> <span class='ocrx_word' id='word_1_389' title='bbox 3316 2922 3370 2969; x_wconf 90' lang='lat' dir='ltr'>et</span> <span class='ocrx_word' id='word_1_390' title='bbox 3421 2911 3629 2985; x_wconf 77' lang='lat' dir='ltr'><strong>grando</strong></span> 
     </span>
    </p>
   </div>
   <div class='ocr_carea' id='block_1_55' title="bbox 403 3002 2028 3094">
    <p class='ocr_par' dir='ltr' id='par_1_55' title="bbox 403 3007 1964 3094">
     <span class='ocr_line' id='line_1_55' title="bbox 403 3007 1964 3094; baseline 0.01 -32"><span class='ocrx_word' id='word_1_391' title='bbox 403 3007 541 3074; x_wconf 79' lang='grc' dir='ltr'>λαζα</span> <span class='ocrx_word' id='word_1_392' title='bbox 565 3010 794 3079; x_wconf 87' lang='grc' dir='ltr'>γίνεται.</span> <span class='ocrx_word' id='word_1_393' title='bbox 826 3012 904 3084; x_wconf 83' lang='grc' dir='ltr'>Τῇ</span> <span class='ocrx_word' id='word_1_394' title='bbox 930 3011 972 3065; x_wconf 87' lang='grc' dir='ltr'>δ’</span> <span class='ocrx_word' id='word_1_395' title='bbox 999 3013 1134 3085; x_wconf 81' lang='grc' dir='ltr'>αὐτῇ</span> <span class='ocrx_word' id='word_1_396' title='bbox 1180 3013 1334 3086; x_wconf 87' lang='grc' dir='ltr'>Λύρα</span> <span class='ocrx_word' id='word_1_397' title='bbox 1366 3016 1409 3048; x_wconf 80' lang='grc'>⁷³</span> <span class='ocrx_word' id='word_1_398' title='bbox 1443 3017 1707 3071; x_wconf 85' lang='grc' dir='ltr'>ἐπιτέλλει</span> <span class='ocrx_word' id='word_1_399' title='bbox 1733 3021 1964 3094; x_wconf 79' lang='grc' dir='ltr'>Εὐδόξῳ.</span> 
     </span>
    </p>
   </div>
   <div class='ocr_carea' id='block_1_56' title="bbox 2005 3002 3630 3094">
    <p class='ocr_par' dir='ltr' id='par_1_56' title="bbox 2067 3002 3630 3080">
     <span class='ocr_line' id='line_1_56' title="bbox 2067 3002 3630 3080; baseline -0.006 -11"><span class='ocrx_word' id='word_1_400' title='bbox 2067 3011 2286 3070; x_wconf 84' lang='lat' dir='ltr'><strong>exsistit</strong></span> <span class='ocrx_word' id='word_1_401' title='bbox 2326 3030 2341 3067; x_wconf 94' lang='lat'><strong>:</strong></span> <span class='ocrx_word' id='word_1_402' title='bbox 2389 3011 2577 3067; x_wconf 89' lang='lat' dir='ltr'><strong>eodem</strong></span> <span class='ocrx_word' id='word_1_403' title='bbox 2618 3009 2708 3065; x_wconf 92' lang='lat' dir='ltr'>die</span> <span class='ocrx_word' id='word_1_404' title='bbox 2755 3007 2897 3080; x_wconf 87' lang='lat' dir='ltr'><strong>Lyra</strong></span> <span class='ocrx_word' id='word_1_405' title='bbox 2943 3005 3122 3061; x_wconf 88' lang='lat' dir='ltr'><strong>oritur</strong></span> <span class='ocrx_word' id='word_1_406' title='bbox 3169 3004 3412 3059; x_wconf 78' lang='lat' dir='ltr'><strong>Eudeo.</strong></span> <span class='ocrx_word' id='word_1_407' title='bbox 3463 3002 3630 3059; x_wconf 77' lang='lat' dir='ltr'><strong>Canis</strong></span> 
     </span>
    </p>
   </div>
   <div class='ocr_carea' id='block_1_57' title="bbox 406 3095 2031 3184">
    <p class='ocr_par' dir='ltr' id='par_1_57' title="bbox 406 3100 1970 3184">
     <span class='ocr_line' id='line_1_57' title="bbox 406 3100 1970 3184; baseline 0.007 -30"><span class='ocrx_word' id='word_1_408' title='bbox 406 3100 569 3155; x_wconf 80' lang='grc' dir='ltr'>Κύων</span> <span class='ocrx_word' id='word_1_409' title='bbox 589 3102 889 3175; x_wconf 84' lang='grc' dir='ltr'>ἀκρόνυχος</span> <span class='ocrx_word' id='word_1_410' title='bbox 924 3103 1089 3170; x_wconf 88' lang='grc' dir='ltr'>δύνει,</span> <span class='ocrx_word' id='word_1_411' title='bbox 1131 3106 1225 3158; x_wconf 79' lang='grc' dir='ltr'>καὶ</span> <span class='ocrx_word' id='word_1_412' title='bbox 1254 3105 1406 3169; x_wconf 81' lang='grc' dir='ltr'>ὑετὸς</span> <span class='ocrx_word' id='word_1_413' title='bbox 1437 3106 1663 3174; x_wconf 79' lang='grc' dir='ltr'>γίνεται.</span> <span class='ocrx_word' id='word_1_414' title='bbox 1698 3110 1970 3184; x_wconf 84' lang='grc' dir='ltr'>Καλιππῳ</span> 
     </span>
    </p>
   </div>
   <div class='ocr_carea' id='block_1_58' title="bbox 2005 3095 3630 3184">
    <p class='ocr_par' dir='ltr' id='par_1_58' title="bbox 2068 3095 3630 3175">
     <span class='ocr_line' id='line_1_58' title="bbox 2068 3095 3630 3175; baseline -0.006 -15"><span class='ocrx_word' id='word_1_415' title='bbox 2068 3105 2284 3175; x_wconf 87' lang='lat' dir='ltr'><strong>vesperi</strong></span> <span class='ocrx_word' id='word_1_416' title='bbox 2317 3102 2539 3167; x_wconf 89' lang='lat' dir='ltr'><strong>occidit,</strong></span> <span class='ocrx_word' id='word_1_417' title='bbox 2572 3109 2628 3157; x_wconf 88' lang='lat' dir='ltr'>et</span> <span class='ocrx_word' id='word_1_418' title='bbox 2661 3101 2722 3156; x_wconf 88' lang='lat' dir='ltr'>ﬁt</span> <span class='ocrx_word' id='word_1_419' title='bbox 2747 3101 2951 3172; x_wconf 84' lang='lat' dir='ltr'><strong>pluvia.</strong></span> <span class='ocrx_word' id='word_1_420' title='bbox 2988 3096 3215 3169; x_wconf 87' lang='lat' dir='ltr'><strong>Calippo</strong></span> <span class='ocrx_word' id='word_1_421' title='bbox 3246 3097 3412 3153; x_wconf 77' lang='lat' dir='ltr'><strong>Tauri</strong></span> <span class='ocrx_word' id='word_1_422' title='bbox 3455 3095 3630 3151; x_wconf 87' lang='lat' dir='ltr'><strong>cauda</strong></span> 
     </span>
    </p>
   </div>
   <div class='ocr_carea' id='block_1_59' title="bbox 401 3193 2026 3269">
    <p class='ocr_par' dir='ltr' id='par_1_59' title="bbox 401 3194 2026 3269">
     <span class='ocr_line' id='line_1_59' title="bbox 401 3194 2026 3269; baseline 0.008 -23"><span class='ocrx_word' id='word_1_423' title='bbox 401 3194 499 3248; x_wconf 84' lang='grc' dir='ltr'>τοῦ</span> <span class='ocrx_word' id='word_1_424' title='bbox 518 3194 728 3268; x_wconf 87' lang='grc' dir='ltr'>Ταύρου</span> <span class='ocrx_word' id='word_1_425' title='bbox 753 3197 786 3268; x_wconf 81' lang='grc' dir='ltr'>ἡ</span> <span class='ocrx_word' id='word_1_426' title='bbox 810 3196 1006 3269; x_wconf 86' lang='grc' dir='ltr'>κέρκος</span> <span class='ocrx_word' id='word_1_427' title='bbox 1037 3197 1336 3252; x_wconf 89' lang='grc' dir='ltr'>ἐπιτέλλει·</span> <span class='ocrx_word' id='word_1_428' title='bbox 1363 3200 1532 3256; x_wconf 82' lang='grc' dir='ltr'>νοτία.</span> <span class='ocrx_word' id='word_1_429' title='bbox 1996 3250 2026 3269; x_wconf 71' lang='grc'><strong><em>,</em></strong></span> 
     </span>
    </p>
   </div>
   <div class='ocr_carea' id='block_1_60' title="bbox 1232 3193 2857 3269">
    <p class='ocr_par' dir='ltr' id='par_1_60' title="bbox 1232 3193 2857 3269">
     <span class='ocr_line' id='line_1_60' title="bbox 1232 3193 2857 3269; baseline -0.001 -17"><span class='ocrx_word' id='word_1_430' title='bbox 1232 3200 1302 3252; x_wconf 67' lang='lat' dir='ltr'>lat</span> <span class='ocrx_word' id='word_1_431' title='bbox 1323 3215 1336 3229; x_wconf 88' lang='grc'><strong>·</strong></span> <span class='ocrx_word' id='word_1_432' title='bbox 1363 3200 1532 3256; x_wconf 82' lang='grc' dir='ltr'>νοτία.</span> <span class='ocrx_word' id='word_1_433' title='bbox 1996 3250 2038 3269; x_wconf 56' lang='grc' dir='ltr'><em>η</em></span> <span class='ocrx_word' id='word_1_434' title='bbox 2069 3197 2264 3262; x_wconf 91' lang='lat' dir='ltr'><strong>oritur,</strong></span> <span class='ocrx_word' id='word_1_435' title='bbox 2296 3195 2510 3251; x_wconf 83' lang='lat' dir='ltr'><strong>exsistit</strong></span> <span class='ocrx_word' id='word_1_436' title='bbox 2539 3193 2857 3250; x_wconf 88' lang='lat' dir='ltr'><strong>humiditas.</strong></span> 
     </span>
    </p>
   </div>
   <div class='ocr_carea' id='block_1_61' title="bbox 487 3250 2112 3363">
    <p class='ocr_par' dir='ltr' id='par_1_61' title="bbox 487 3250 2093 3363">
     <span class='ocr_line' id='line_1_61' title="bbox 487 3250 2093 3363; baseline 0.002 -20"><span class='ocrx_word' id='word_1_437' title='bbox 487 3291 576 3345; x_wconf 89' lang='grc' dir='ltr'>Ἐν</span> <span class='ocrx_word' id='word_1_438' title='bbox 599 3250 656 3343; x_wconf 69' lang='grc' dir='ltr'>δὲ</span> <span class='ocrx_word' id='word_1_439' title='bbox 684 3293 749 3362; x_wconf 81' lang='grc' dir='ltr'>τῇ</span> <span class='ocrx_word' id='word_1_440' title='bbox 775 3250 832 3355; x_wconf 71' lang='grc' dir='ltr'>’ς</span> <span class='ocrx_word' id='word_1_441' title='bbox 859 3250 1071 3363; x_wconf 79' lang='grc' dir='ltr'>Εὐδόξῳ</span> <span class='ocrx_word' id='word_1_442' title='bbox 1104 3250 1257 3357; x_wconf 64' lang='grc' dir='ltr'>δετδξ</span> <span class='ocrx_word' id='word_1_443' title='bbox 1286 3250 1532 3361; x_wconf 41' lang='lat' dir='ltr'><strong>mea?</strong></span> <span class='ocrx_word' id='word_1_444' title='bbox 1993 3250 2040 3312; x_wconf 71' lang='lat' dir='ltr'>C</span> <span class='ocrx_word' id='word_1_445' title='bbox 2080 3250 2093 3251; x_wconf 29' lang='grc' dir='ltr'>ί</span> 
     </span>
    </p>
   </div>
   <div class='ocr_carea' id='block_1_62' title="bbox 1408 3250 3033 3363">
    <p class='ocr_par' dir='ltr' id='par_1_62' title="bbox 1408 3250 3033 3356">
     <span class='ocr_line' id='line_1_62' title="bbox 1408 3250 3033 3356; baseline -0.004 -9"><span class='ocrx_word' id='word_1_446' title='bbox 1408 3311 1512 3347; x_wconf 89' lang='grc' dir='ltr'>ται.</span> <span class='ocrx_word' id='word_1_447' title='bbox 1993 3250 2040 3312; x_wconf 74' lang='lat' dir='ltr'>C</span> <span class='ocrx_word' id='word_1_448' title='bbox 2138 3289 2237 3344; x_wconf 88' lang='lat' dir='ltr'>Die</span> <span class='ocrx_word' id='word_1_449' title='bbox 2266 3288 2297 3342; x_wconf 91' lang='lat'><strong>7</strong></span> <span class='ocrx_word' id='word_1_450' title='bbox 2332 3286 2557 3343; x_wconf 90' lang='lat' dir='ltr'><strong>Eudoxo</strong></span> <span class='ocrx_word' id='word_1_451' title='bbox 2591 3286 2817 3341; x_wconf 75' lang='lat' dir='ltr'><strong>exsistit</strong></span> <span class='ocrx_word' id='word_1_452' title='bbox 2833 3285 3033 3356; x_wconf 88' lang='lat' dir='ltr'><strong>pluvia.</strong></span> 
     </span>
    </p>
   </div>
   <div class='ocr_carea' id='block_1_63' title="bbox 489 3371 2114 3456">
    <p class='ocr_par' dir='ltr' id='par_1_63' title="bbox 489 3381 1965 3456">
     <span class='ocr_line' id='line_1_63' title="bbox 489 3381 1965 3456; baseline 0.002 -21"><span class='ocrx_word' id='word_1_453' title='bbox 489 3383 578 3436; x_wconf 83' lang='lat' dir='ltr'><strong>’Ev</strong></span> <span class='ocrx_word' id='word_1_454' title='bbox 608 3381 666 3436; x_wconf 77' lang='grc' dir='ltr'>δὲ</span> <span class='ocrx_word' id='word_1_455' title='bbox 691 3384 758 3454; x_wconf 81' lang='grc' dir='ltr'>τῇ</span> <span class='ocrx_word' id='word_1_456' title='bbox 780 3389 829 3454; x_wconf 83' lang='grc' dir='ltr'>η’</span> <span class='ocrx_word' id='word_1_457' title='bbox 860 3383 1168 3456; x_wconf 87' lang='grc' dir='ltr'>Εὐκτήμονι</span> <span class='ocrx_word' id='word_1_458' title='bbox 1194 3382 1291 3451; x_wconf 80' lang='grc' dir='ltr'>Αἲξ</span> <span class='ocrx_word' id='word_1_459' title='bbox 1317 3383 1428 3456; x_wconf 86' lang='grc' dir='ltr'>ἑῴα</span> <span class='ocrx_word' id='word_1_460' title='bbox 1452 3383 1760 3438; x_wconf 62' lang='grc' dir='ltr'>άνατέλλεν</span> <span class='ocrx_word' id='word_1_461' title='bbox 1795 3383 1965 3438; x_wconf 82' lang='grc' dir='ltr'>εὐδία·</span> 
     </span>
    </p>
   </div>
   <div class='ocr_carea' id='block_1_64' title="bbox 2001 3371 3626 3456">
    <p class='ocr_par' dir='ltr' id='par_1_64' title="bbox 2139 3371 3626 3448">
     <span class='ocr_line' id='line_1_64' title="bbox 2139 3371 3626 3448; baseline -0.002 -16"><span class='ocrx_word' id='word_1_462' title='bbox 2139 3378 2237 3435; x_wconf 85' lang='lat' dir='ltr'>Die</span> <span class='ocrx_word' id='word_1_463' title='bbox 2264 3379 2300 3435; x_wconf 89' lang='lat'><strong>8</strong></span> <span class='ocrx_word' id='word_1_464' title='bbox 2330 3379 2650 3434; x_wconf 88' lang='lat' dir='ltr'><strong>Euctemoni</strong></span> <span class='ocrx_word' id='word_1_465' title='bbox 2678 3376 2857 3448; x_wconf 81' lang='lat' dir='ltr'><strong>Capra</strong></span> <span class='ocrx_word' id='word_1_466' title='bbox 2888 3391 3049 3431; x_wconf 87' lang='lat' dir='ltr'><strong>mane</strong></span> <span class='ocrx_word' id='word_1_467' title='bbox 3078 3382 3293 3441; x_wconf 81' lang='lat' dir='ltr'><strong>oritur;</strong></span> <span class='ocrx_word' id='word_1_468' title='bbox 3326 3371 3587 3429; x_wconf 67' lang='lat' dir='ltr'><strong>serenitas</strong></span> <span class='ocrx_word' id='word_1_469' title='bbox 3611 3387 3626 3438; x_wconf 91' lang='lat'><strong>;</strong></span> 
     </span>
    </p>
   </div>
   <div class='ocr_carea' id='block_1_65' title="bbox 399 3471 2024 3546">
    <p class='ocr_par' dir='ltr' id='par_1_65' title="bbox 399 3471 853 3546">
     <span class='ocr_line' id='line_1_65' title="bbox 399 3471 853 3546; baseline 0.004 -20"><span class='ocrx_word' id='word_1_470' title='bbox 399 3473 491 3527; x_wconf 72' lang='grc' dir='ltr'>ὕει</span> <span class='ocrx_word' id='word_1_471' title='bbox 517 3474 654 3546; x_wconf 82' lang='grc' dir='ltr'>νότῳ</span> <span class='ocrx_word' id='word_1_472' title='bbox 680 3471 853 3528; x_wconf 81' lang='grc' dir='ltr'>ὕδατι.</span> 
     </span>
    </p>
   </div>
   <div class='ocr_carea' id='block_1_66' title="bbox 825 3471 2450 3546">
    <p class='ocr_par' dir='ltr' id='par_1_66' title="bbox 825 3472 2450 3544">
     <span class='ocr_line' id='line_1_66' title="bbox 825 3472 2450 3544; baseline -0.002 -16"><span class='ocrx_word' id='word_1_473' title='bbox 825 3496 853 3528; x_wconf 65' lang='grc' dir='ltr'>ι.</span> <span class='ocrx_word' id='word_1_474' title='bbox 2069 3472 2208 3544; x_wconf 90' lang='lat' dir='ltr'><strong>pluit</strong></span> <span class='ocrx_word' id='word_1_475' title='bbox 2244 3478 2450 3529; x_wconf 87' lang='lat' dir='ltr'><strong>austro.</strong></span> 
     </span>
    </p>
   </div>
   <div class='ocr_carea' id='block_1_67' title="bbox 488 3557 2113 3637">
    <p class='ocr_par' dir='ltr' id='par_1_67' title="bbox 488 3563 1640 3637">
     <span class='ocr_line' id='line_1_67' title="bbox 488 3563 1640 3637; baseline 0.004 -19"><span class='ocrx_word' id='word_1_476' title='bbox 488 3566 577 3618; x_wconf 76' lang='grc' dir='ltr'>Ἐν</span> <span class='ocrx_word' id='word_1_477' title='bbox 600 3566 657 3619; x_wconf 77' lang='grc' dir='ltr'>δὲ</span> <span class='ocrx_word' id='word_1_478' title='bbox 686 3568 752 3637; x_wconf 78' lang='grc' dir='ltr'>τῇ</span> <span class='ocrx_word' id='word_1_479' title='bbox 787 3565 830 3619; x_wconf 85' lang='grc' dir='ltr'>θ’</span> <span class='ocrx_word' id='word_1_480' title='bbox 859 3565 1070 3637; x_wconf 82' lang='grc' dir='ltr'>Εὐδόξῳ</span> <span class='ocrx_word' id='word_1_481' title='bbox 1093 3563 1193 3631; x_wconf 79' lang='grc' dir='ltr'>Αἲξ</span> <span class='ocrx_word' id='word_1_482' title='bbox 1215 3565 1325 3637; x_wconf 80' lang='grc' dir='ltr'>ἑῴα</span> <span class='ocrx_word' id='word_1_483' title='bbox 1352 3568 1640 3623; x_wconf 86' lang='grc' dir='ltr'>ἐπιτέλλει.</span> 
     </span>
    </p>
   </div>
   <div class='ocr_carea' id='block_1_68' title="bbox 1539 3557 3164 3637">
    <p class='ocr_par' dir='ltr' id='par_1_68' title="bbox 1539 3557 3164 3630">
     <span class='ocr_line' id='line_1_68' title="bbox 1539 3557 3164 3630; baseline -0.007 -7"><span class='ocrx_word' id='word_1_484' title='bbox 1539 3568 1640 3623; x_wconf 89' lang='grc' dir='ltr'>λει.</span> <span class='ocrx_word' id='word_1_485' title='bbox 2144 3561 2239 3618; x_wconf 89' lang='lat' dir='ltr'><strong>Die</strong></span> <span class='ocrx_word' id='word_1_486' title='bbox 2269 3562 2302 3617; x_wconf 91' lang='lat'><strong>9</strong></span> <span class='ocrx_word' id='word_1_487' title='bbox 2327 3560 2551 3617; x_wconf 90' lang='lat' dir='ltr'><strong>Eudoxo</strong></span> <span class='ocrx_word' id='word_1_488' title='bbox 2578 3558 2753 3630; x_wconf 90' lang='lat' dir='ltr'><strong>Capra</strong></span> <span class='ocrx_word' id='word_1_489' title='bbox 2782 3573 2942 3613; x_wconf 89' lang='lat' dir='ltr'><strong>mane</strong></span> <span class='ocrx_word' id='word_1_490' title='bbox 2969 3557 3164 3612; x_wconf 86' lang='lat' dir='ltr'><strong>oritur.</strong></span> 
     </span>
    </p>
   </div>
   <div class='ocr_carea' id='block_1_69' title="bbox 487 3642 2112 3733">
    <p class='ocr_par' dir='ltr' id='par_1_69' title="bbox 487 3654 1970 3733">
     <span class='ocr_line' id='line_1_69' title="bbox 487 3654 1970 3733; baseline 0.003 -25"><span class='ocrx_word' id='word_1_491' title='bbox 487 3655 580 3708; x_wconf 80' lang='grc' dir='ltr'>Ἐν</span> <span class='ocrx_word' id='word_1_492' title='bbox 619 3654 678 3709; x_wconf 83' lang='grc' dir='ltr'>δὲ</span> <span class='ocrx_word' id='word_1_493' title='bbox 703 3658 770 3726; x_wconf 78' lang='grc' dir='ltr'>τῇ</span> <span class='ocrx_word' id='word_1_494' title='bbox 795 3663 860 3709; x_wconf 88' lang='grc' dir='ltr'>ια’</span> <span class='ocrx_word' id='word_1_495' title='bbox 902 3656 1116 3729; x_wconf 82' lang='grc' dir='ltr'>Εὐδόξῳ</span> <span class='ocrx_word' id='word_1_496' title='bbox 1145 3657 1411 3729; x_wconf 82' lang='grc' dir='ltr'>Σκορπίος</span> <span class='ocrx_word' id='word_1_497' title='bbox 1450 3658 1583 3730; x_wconf 85' lang='grc' dir='ltr'>ἑῷος</span> <span class='ocrx_word' id='word_1_498' title='bbox 1611 3658 1786 3715; x_wconf 86' lang='grc' dir='ltr'>δύνειν</span> <span class='ocrx_word' id='word_1_499' title='bbox 1806 3659 1970 3733; x_wconf 79' lang='grc' dir='ltr'>ἄρχε-</span> 
     </span>
    </p>
   </div>
   <div class='ocr_carea' id='block_1_70' title="bbox 2010 3642 3635 3733">
    <p class='ocr_par' dir='ltr' id='par_1_70' title="bbox 2142 3642 3635 3722">
     <span class='ocr_line' id='line_1_70' title="bbox 2142 3642 3635 3722; baseline -0.006 -16"><span class='ocrx_word' id='word_1_500' title='bbox 2142 3653 2239 3708; x_wconf 91' lang='lat' dir='ltr'><strong>Die</strong></span> <span class='ocrx_word' id='word_1_501' title='bbox 2275 3652 2338 3706; x_wconf 83' lang='grc'>11</span> <span class='ocrx_word' id='word_1_502' title='bbox 2373 3649 2635 3722; x_wconf 89' lang='lat' dir='ltr'><strong>Scorpius</strong></span> <span class='ocrx_word' id='word_1_503' title='bbox 2676 3649 3004 3704; x_wconf 86' lang='lat' dir='ltr'><strong>matutinum</strong></span> <span class='ocrx_word' id='word_1_504' title='bbox 3038 3660 3294 3702; x_wconf 87' lang='lat' dir='ltr'><strong>occasum</strong></span> <span class='ocrx_word' id='word_1_505' title='bbox 3332 3643 3512 3701; x_wconf 78' lang='lat' dir='ltr'><strong>facere</strong></span> <span class='ocrx_word' id='word_1_506' title='bbox 3552 3642 3635 3698; x_wconf 90' lang='lat' dir='ltr'><strong>in-</strong></span> 
     </span>
    </p>
   </div>
   <div class='ocr_carea' id='block_1_71' title="bbox 402 3742 2027 3818">
    <p class='ocr_par' dir='ltr' id='par_1_71' title="bbox 402 3746 1070 3817">
     <span class='ocr_line' id='line_1_71' title="bbox 402 3746 1070 3817; baseline 0.009 -18"><span class='ocrx_word' id='word_1_507' title='bbox 402 3763 521 3811; x_wconf 76' lang='grc' dir='ltr'>ται,</span> <span class='ocrx_word' id='word_1_508' title='bbox 553 3748 648 3801; x_wconf 78' lang='grc' dir='ltr'>καὶ</span> <span class='ocrx_word' id='word_1_509' title='bbox 671 3746 821 3811; x_wconf 87' lang='grc' dir='ltr'>ὐετὸς</span> <span class='ocrx_word' id='word_1_510' title='bbox 843 3748 1070 3817; x_wconf 86' lang='grc' dir='ltr'>γίνεται.</span> 
     </span>
    </p>
   </div>
   <div class='ocr_carea' id='block_1_72' title="bbox 1161 3742 2786 3818">
    <p class='ocr_par' dir='ltr' id='par_1_72' title="bbox 2071 3742 2786 3818">
     <span class='ocr_line' id='line_1_72' title="bbox 2071 3742 2786 3818; baseline -0.008 -17"><span class='ocrx_word' id='word_1_511' title='bbox 2071 3745 2227 3818; x_wconf 89' lang='lat' dir='ltr'><strong>cipit,</strong></span> <span class='ocrx_word' id='word_1_512' title='bbox 2259 3751 2314 3800; x_wconf 89' lang='lat' dir='ltr'>et</span> <span class='ocrx_word' id='word_1_513' title='bbox 2336 3743 2521 3815; x_wconf 88' lang='lat' dir='ltr'><strong>pluvia</strong></span> <span class='ocrx_word' id='word_1_514' title='bbox 2549 3742 2786 3798; x_wconf 87' lang='lat' dir='ltr'><strong>exsistit.</strong></span> 
     </span>
    </p>
   </div>
   <div class='ocr_carea' id='block_1_73' title="bbox 493 3827 2118 3920">
    <p class='ocr_par' dir='ltr' id='par_1_73' title="bbox 493 3838 1973 3920">
     <span class='ocr_line' id='line_1_73' title="bbox 493 3838 1973 3920; baseline 0.006 -29"><span class='ocrx_word' id='word_1_515' title='bbox 493 3839 581 3891; x_wconf 88' lang='grc' dir='ltr'>Ἐν</span> <span class='ocrx_word' id='word_1_516' title='bbox 607 3838 665 3893; x_wconf 86' lang='grc' dir='ltr'>δέ</span> <span class='ocrx_word' id='word_1_517' title='bbox 690 3842 756 3912; x_wconf 83' lang='grc' dir='ltr'>τῇ</span> <span class='ocrx_word' id='word_1_518' title='bbox 796 3846 864 3909; x_wconf 84' lang='grc' dir='ltr'>ιγ’</span> <span class='ocrx_word' id='word_1_519' title='bbox 890 3840 1198 3914; x_wconf 86' lang='grc' dir='ltr'>Εὐκτήμονι</span> <span class='ocrx_word' id='word_1_520' title='bbox 1226 3842 1425 3907; x_wconf 83' lang='grc' dir='ltr'>Πλειὰς</span> <span class='ocrx_word' id='word_1_521' title='bbox 1463 3845 1759 3900; x_wconf 76' lang='grc' dir='ltr'>ἐπιτέλλειο</span> <span class='ocrx_word' id='word_1_522' title='bbox 1784 3845 1973 3920; x_wconf 67' lang='grc' dir='ltr'>θέρούς</span> 
     </span>
    </p>
   </div>
   <div class='ocr_carea' id='block_1_74' title="bbox 2013 3827 3638 3920">
    <p class='ocr_par' dir='ltr' id='par_1_74' title="bbox 2146 3827 3638 3896">
     <span class='ocr_line' id='line_1_74' title="bbox 2146 3827 3638 3896; baseline -0.007 -3"><span class='ocrx_word' id='word_1_523' title='bbox 2146 3838 2242 3893; x_wconf 91' lang='lat' dir='ltr'><strong>Die</strong></span> <span class='ocrx_word' id='word_1_524' title='bbox 2296 3837 2362 3892; x_wconf 88' lang='grc'>15</span> <span class='ocrx_word' id='word_1_525' title='bbox 2412 3834 2735 3891; x_wconf 86' lang='lat' dir='ltr'><strong>Euctemoni</strong></span> <span class='ocrx_word' id='word_1_526' title='bbox 2788 3832 2970 3890; x_wconf 89' lang='lat' dir='ltr'><strong>Pleias</strong></span> <span class='ocrx_word' id='word_1_527' title='bbox 3023 3831 3244 3896; x_wconf 91' lang='lat' dir='ltr'><strong>oritur;</strong></span> <span class='ocrx_word' id='word_1_528' title='bbox 3296 3827 3504 3885; x_wconf 74' lang='lat' dir='ltr'><strong>aestatis</strong></span> <span class='ocrx_word' id='word_1_529' title='bbox 3552 3835 3638 3884; x_wconf 81' lang='lat' dir='ltr'>est</span> 
     </span>
    </p>
   </div>
   <div class='ocr_carea' id='block_1_75' title="bbox 409 3921 2034 4012">
    <p class='ocr_par' dir='ltr' id='par_1_75' title="bbox 409 3930 1974 4012">
     <span class='ocr_line' id='line_1_75' title="bbox 409 3930 1974 4012; baseline 0.006 -28"><span class='ocrx_word' id='word_1_530' title='bbox 409 3930 575 4004; x_wconf 84' lang='grc' dir='ltr'>ἀρχὴ,</span> <span class='ocrx_word' id='word_1_531' title='bbox 599 3932 691 3985; x_wconf 79' lang='grc' dir='ltr'>καὶ</span> <span class='ocrx_word' id='word_1_532' title='bbox 739 3933 1107 4005; x_wconf 83' lang='grc' dir='ltr'>ἐπισημαίνει.</span> <span class='ocrx_word' id='word_1_533' title='bbox 1133 3935 1408 4008; x_wconf 84' lang='grc' dir='ltr'>Καλιππῳ</span> <span class='ocrx_word' id='word_1_534' title='bbox 1433 3937 1466 4009; x_wconf 87' lang='grc' dir='ltr'>ἡ</span> <span class='ocrx_word' id='word_1_535' title='bbox 1497 3937 1591 3992; x_wconf 81' lang='grc' dir='ltr'>τοῦ</span> <span class='ocrx_word' id='word_1_536' title='bbox 1629 3938 1842 4012; x_wconf 85' lang='grc' dir='ltr'>Ταύρου</span> <span class='ocrx_word' id='word_1_537' title='bbox 1884 3956 1974 3993; x_wconf 88' lang='grc' dir='ltr'>κε-</span> 
     </span>
    </p>
   </div>
   <div class='ocr_carea' id='block_1_76' title="bbox 2011 3921 3636 4012">
    <p class='ocr_par' dir='ltr' id='par_1_76' title="bbox 2074 3921 3636 4002">
     <span class='ocr_line' id='line_1_76' title="bbox 2074 3921 3636 4002; baseline -0.006 -18"><span class='ocrx_word' id='word_1_538' title='bbox 2074 3929 2310 3994; x_wconf 91' lang='lat' dir='ltr'><strong>initium,</strong></span> <span class='ocrx_word' id='word_1_539' title='bbox 2343 3938 2397 3984; x_wconf 92' lang='lat' dir='ltr'>et</span> <span class='ocrx_word' id='word_1_540' title='bbox 2433 3928 2722 4002; x_wconf 83' lang='lat' dir='ltr'><strong>signiﬁcat.</strong></span> <span class='ocrx_word' id='word_1_541' title='bbox 2763 3925 2991 3997; x_wconf 88' lang='lat' dir='ltr'><strong>Calippo</strong></span> <span class='ocrx_word' id='word_1_542' title='bbox 3042 3923 3209 3979; x_wconf 87' lang='lat' dir='ltr'><strong>Tauri</strong></span> <span class='ocrx_word' id='word_1_543' title='bbox 3245 3929 3408 3994; x_wconf 87' lang='lat' dir='ltr'><strong>caput</strong></span> <span class='ocrx_word' id='word_1_544' title='bbox 3442 3921 3636 3984; x_wconf 91' lang='lat' dir='ltr'><strong>oritur,</strong></span> 
     </span>
    </p>
   </div>
   <div class='ocr_carea' id='block_1_77' title="bbox 416 4020 2041 4100">
    <p class='ocr_par' dir='ltr' id='par_1_77' title="bbox 416 4025 1298 4100">
     <span class='ocr_line' id='line_1_77' title="bbox 416 4025 1298 4100; baseline 0.003 -21"><span class='ocrx_word' id='word_1_545' title='bbox 416 4025 560 4096; x_wconf 82' lang='grc' dir='ltr'>φαλὴ</span> <span class='ocrx_word' id='word_1_546' title='bbox 594 4025 859 4080; x_wconf 80' lang='grc' dir='ltr'>ἐπιτέλλει</span> <span class='ocrx_word' id='word_1_547' title='bbox 882 4043 896 4056; x_wconf 79' lang='grc'><strong>’</strong></span> <span class='ocrx_word' id='word_1_548' title='bbox 930 4029 1298 4100; x_wconf 76' lang='grc' dir='ltr'>ἐπισημαίνει.</span> 
     </span>
    </p>
   </div>
   <div class='ocr_carea' id='block_1_78' title="bbox 741 4020 2366 4100">
    <p class='ocr_par' dir='ltr' id='par_1_78' title="bbox 741 4020 2366 4100">
     <span class='ocr_line' id='line_1_78' title="bbox 741 4020 2366 4100; baseline 0 -23"><span class='ocrx_word' id='word_1_549' title='bbox 741 4025 859 4080; x_wconf 76' lang='grc' dir='ltr'>ἱλλει</span> <span class='ocrx_word' id='word_1_550' title='bbox 882 4043 896 4056; x_wconf 80' lang='lat'>&#39;</span> <span class='ocrx_word' id='word_1_551' title='bbox 930 4029 1091 4100; x_wconf 83' lang='grc' dir='ltr'>ἐπιση</span> <span class='ocrx_word' id='word_1_552' title='bbox 1099 4031 1298 4099; x_wconf 75' lang='grc' dir='ltr'>μαίνει.</span> <span class='ocrx_word' id='word_1_553' title='bbox 2074 4020 2366 4094; x_wconf 83' lang='lat' dir='ltr'><strong>signiﬁcat.</strong></span> 
     </span>
    </p>
   </div>
   <div class='ocr_carea' id='block_1_79' title="bbox 500 4106 2125 4199">
    <p class='ocr_par' dir='ltr' id='par_1_79' title="bbox 500 4118 1974 4199">
     <span class='ocr_line' id='line_1_79' title="bbox 500 4118 1974 4199; baseline 0.007 -28"><span class='ocrx_word' id='word_1_554' title='bbox 500 4118 587 4171; x_wconf 89' lang='grc' dir='ltr'>Ἐν</span> <span class='ocrx_word' id='word_1_555' title='bbox 613 4119 669 4172; x_wconf 87' lang='grc' dir='ltr'>δέ</span> <span class='ocrx_word' id='word_1_556' title='bbox 707 4122 772 4191; x_wconf 77' lang='grc' dir='ltr'>τῇ</span> <span class='ocrx_word' id='word_1_557' title='bbox 812 4120 909 4192; x_wconf 79' lang='grc' dir='ltr'>μιᾷ</span> <span class='ocrx_word' id='word_1_558' title='bbox 941 4121 1035 4174; x_wconf 80' lang='grc' dir='ltr'>καὶ</span> <span class='ocrx_word' id='word_1_559' title='bbox 1069 4121 1243 4175; x_wconf 69' lang='grc' dir='ltr'>εἰκάδι</span> <span class='ocrx_word' id='word_1_560' title='bbox 1282 4122 1495 4197; x_wconf 82' lang='grc' dir='ltr'>Εὐδόξῳ</span> <span class='ocrx_word' id='word_1_561' title='bbox 1538 4126 1804 4199; x_wconf 81' lang='grc' dir='ltr'>Σκορπίος</span> <span class='ocrx_word' id='word_1_562' title='bbox 1842 4128 1974 4198; x_wconf 84' lang='grc' dir='ltr'>ἑῷος</span> 
     </span>
    </p>
   </div>
   <div class='ocr_carea' id='block_1_80' title="bbox 1874 4106 3499 4199">
    <p class='ocr_par' dir='ltr' id='par_1_80' title="bbox 1874 4106 3499 4198">
     <span class='ocr_line' id='line_1_80' title="bbox 1874 4106 3499 4198; baseline -0.013 -17"><span class='ocrx_word' id='word_1_563' title='bbox 1874 4128 1974 4198; x_wconf 82' lang='grc' dir='ltr'>ᾦος</span> <span class='ocrx_word' id='word_1_564' title='bbox 2147 4117 2244 4174; x_wconf 88' lang='lat' dir='ltr'>Die</span> <span class='ocrx_word' id='word_1_565' title='bbox 2264 4116 2329 4171; x_wconf 83' lang='lat'><strong>2|</strong></span> <span class='ocrx_word' id='word_1_566' title='bbox 2364 4113 2591 4170; x_wconf 85' lang='lat' dir='ltr'><strong>Eudoxo</strong></span> <span class='ocrx_word' id='word_1_567' title='bbox 2616 4113 2880 4183; x_wconf 88' lang='lat' dir='ltr'><strong>Scorpius</strong></span> <span class='ocrx_word' id='word_1_568' title='bbox 2903 4117 3053 4167; x_wconf 90' lang='lat' dir='ltr'><strong>totus</strong></span> <span class='ocrx_word' id='word_1_569' title='bbox 3091 4123 3249 4164; x_wconf 90' lang='lat' dir='ltr'><strong>mane</strong></span> <span class='ocrx_word' id='word_1_570' title='bbox 3275 4106 3499 4163; x_wconf 91' lang='lat' dir='ltr'><strong>occidit.</strong></span> 
     </span>
    </p>
   </div>
   <div class='ocr_carea' id='block_1_81' title="bbox 415 4209 728 4265">
    <p class='ocr_par' dir='ltr' id='par_1_81' title="bbox 415 4209 728 4265">
     <span class='ocr_line' id='line_1_81' title="bbox 415 4209 728 4265; baseline 0 -1"><span class='ocrx_word' id='word_1_571' title='bbox 415 4210 536 4265; x_wconf 80' lang='grc' dir='ltr'>ὅλος</span> <span class='ocrx_word' id='word_1_572' title='bbox 560 4209 728 4265; x_wconf 84' lang='grc' dir='ltr'>δύνει.</span> 
     </span>
    </p>
   </div>
   <div class='ocr_carea' id='block_1_82' title="bbox 498 4227 2123 4377">
    <p class='ocr_par' dir='ltr' id='par_1_82' title="bbox 498 4227 1976 4377">
     <span class='ocr_line' id='line_1_82' title="bbox 498 4227 728 4272; baseline 0.013 -11"><span class='ocrx_word' id='word_1_573' title='bbox 498 4227 536 4272; x_wconf 70' lang='grc' dir='ltr'>ις</span> <span class='ocrx_word' id='word_1_574' title='bbox 560 4227 728 4265; x_wconf 87' lang='grc' dir='ltr'>ουνει.</span> 
     </span>
     <span class='ocr_line' id='line_1_83' title="bbox 498 4302 1976 4377; baseline 0.006 -22"><span class='ocrx_word' id='word_1_575' title='bbox 498 4304 586 4356; x_wconf 82' lang='grc' dir='ltr'>Ἐν</span> <span class='ocrx_word' id='word_1_576' title='bbox 610 4303 665 4356; x_wconf 86' lang='grc' dir='ltr'>δὲ</span> <span class='ocrx_word' id='word_1_577' title='bbox 679 4304 745 4375; x_wconf 86' lang='grc' dir='ltr'>τῆ</span> <span class='ocrx_word' id='word_1_578' title='bbox 762 4302 843 4373; x_wconf 59' lang='lat' dir='ltr'><strong>ac?!</strong></span> <span class='ocrx_word' id='word_1_579' title='bbox 867 4304 1078 4377; x_wconf 81' lang='grc' dir='ltr'>Εὐδόξῳ</span> <span class='ocrx_word' id='word_1_580' title='bbox 1092 4304 1348 4370; x_wconf 86' lang='grc' dir='ltr'>Πλειάδες</span> <span class='ocrx_word' id='word_1_581' title='bbox 1371 4306 1725 4375; x_wconf 81' lang='grc' dir='ltr'>ἐπιτέλλουσι,</span> <span class='ocrx_word' id='word_1_582' title='bbox 1741 4310 1835 4364; x_wconf 77' lang='grc' dir='ltr'>καὶ</span> <span class='ocrx_word' id='word_1_583' title='bbox 1858 4311 1976 4364; x_wconf 88' lang='grc' dir='ltr'>ἐπι-</span> 
     </span>
    </p>
   </div>
   <div class='ocr_carea' id='block_1_83' title="bbox 2009 4227 3634 4377">
    <p class='ocr_par' dir='ltr' id='par_1_83' title="bbox 2146 4284 3634 4359">
     <span class='ocr_line' id='line_1_84' title="bbox 2146 4284 3634 4359; baseline -0.009 -8"><span class='ocrx_word' id='word_1_584' title='bbox 2146 4296 2241 4353; x_wconf 90' lang='lat' dir='ltr'>Die</span> <span class='ocrx_word' id='word_1_585' title='bbox 2271 4296 2342 4353; x_wconf 83' lang='lat'>22</span> <span class='ocrx_word' id='word_1_586' title='bbox 2373 4295 2598 4351; x_wconf 86' lang='lat' dir='ltr'><strong>Eudoxo</strong></span> <span class='ocrx_word' id='word_1_587' title='bbox 2627 4293 2876 4351; x_wconf 89' lang='lat' dir='ltr'><strong>Pleiades</strong></span> <span class='ocrx_word' id='word_1_588' title='bbox 2910 4292 3184 4357; x_wconf 87' lang='lat' dir='ltr'><strong>oriuntur,</strong></span> <span class='ocrx_word' id='word_1_589' title='bbox 3214 4296 3269 4344; x_wconf 88' lang='lat' dir='ltr'>et</span> <span class='ocrx_word' id='word_1_590' title='bbox 3306 4284 3634 4359; x_wconf 85' lang='lat' dir='ltr'><strong>signiﬁcant.</strong></span> 
     </span>
    </p>
   </div>
   <div class='ocr_carea' id='block_1_84' title="bbox 418 4396 789 4469">
    <p class='ocr_par' dir='ltr' id='par_1_84' title="bbox 418 4396 789 4469">
     <span class='ocr_line' id='line_1_85' title="bbox 418 4396 789 4469; baseline 0.008 -20"><span class='ocrx_word' id='word_1_591' title='bbox 418 4396 789 4469; x_wconf 81' lang='grc' dir='ltr'>σημαίνουσιν.</span> 
     </span>
    </p>
   </div>
   <div class='ocr_carea' id='block_1_85' title="bbox 498 4467 2123 4565">
    <p class='ocr_par' dir='ltr' id='par_1_85' title="bbox 498 4489 1889 4565">
     <span class='ocr_line' id='line_1_86' title="bbox 498 4489 1889 4565; baseline 0.006 -23"><span class='ocrx_word' id='word_1_592' title='bbox 498 4491 586 4543; x_wconf 88' lang='grc' dir='ltr'>Ἐν</span> <span class='ocrx_word' id='word_1_593' title='bbox 612 4489 669 4542; x_wconf 84' lang='grc' dir='ltr'>δέ</span> <span class='ocrx_word' id='word_1_594' title='bbox 698 4493 764 4561; x_wconf 84' lang='grc' dir='ltr'>τῇ</span> <span class='ocrx_word' id='word_1_595' title='bbox 797 4497 874 4543; x_wconf 84' lang='grc' dir='ltr'>κε’</span> <span class='ocrx_word' id='word_1_596' title='bbox 902 4491 1209 4563; x_wconf 88' lang='grc' dir='ltr'>Εὐκτήμονι</span> <span class='ocrx_word' id='word_1_597' title='bbox 1250 4493 1429 4558; x_wconf 82' lang='grc' dir='ltr'>Ἀετὸς</span> <span class='ocrx_word' id='word_1_598' title='bbox 1453 4494 1700 4565; x_wconf 84' lang='grc' dir='ltr'>ἑσπέριος</span> <span class='ocrx_word' id='word_1_599' title='bbox 1725 4493 1889 4553; x_wconf 90' lang='grc' dir='ltr'>δύνει.</span> 
     </span>
    </p>
   </div>
   <div class='ocr_carea' id='block_1_86' title="bbox 1785 4467 3410 4565">
    <p class='ocr_par' dir='ltr' id='par_1_86' title="bbox 1785 4467 3410 4553">
     <span class='ocr_line' id='line_1_87' title="bbox 1785 4467 3410 4553; baseline -0.01 -17"><span class='ocrx_word' id='word_1_600' title='bbox 1785 4512 1889 4553; x_wconf 68' lang='grc' dir='ltr'><strong>νει,</strong></span> <span class='ocrx_word' id='word_1_601' title='bbox 2145 4480 2244 4537; x_wconf 89' lang='lat' dir='ltr'>Die</span> <span class='ocrx_word' id='word_1_602' title='bbox 2286 4480 2357 4536; x_wconf 85' lang='lat'>25</span> <span class='ocrx_word' id='word_1_603' title='bbox 2391 4475 2705 4533; x_wconf 89' lang='lat' dir='ltr'><strong>Euctemoni</strong></span> <span class='ocrx_word' id='word_1_604' title='bbox 2734 4473 2927 4545; x_wconf 87' lang='lat' dir='ltr'><strong>Aquila</strong></span> <span class='ocrx_word' id='word_1_605' title='bbox 2958 4471 3169 4542; x_wconf 86' lang='lat' dir='ltr'><strong>vesperi</strong></span> <span class='ocrx_word' id='word_1_606' title='bbox 3193 4467 3410 4526; x_wconf 88' lang='lat' dir='ltr'><strong>occidit.</strong></span> 
     </span>
    </p>
   </div>
   <div class='ocr_carea' id='block_1_87' title="bbox 498 4568 3148 4657">
    <p class='ocr_par' dir='ltr' id='par_1_87' title="bbox 498 4568 3148 4657">
     <span class='ocr_line' id='line_1_88' title="bbox 498 4568 3148 4657; baseline 0 -22"><span class='ocrx_word' id='word_1_607' title='bbox 498 4583 589 4635; x_wconf 89' lang='grc' dir='ltr'>Ἐν</span> <span class='ocrx_word' id='word_1_608' title='bbox 617 4581 674 4635; x_wconf 84' lang='grc' dir='ltr'>δὲ</span> <span class='ocrx_word' id='word_1_609' title='bbox 702 4586 769 4653; x_wconf 79' lang='grc' dir='ltr'>τῇ</span> <span class='ocrx_word' id='word_1_610' title='bbox 798 4582 841 4635; x_wconf 78' lang='grc' dir='ltr'>λ’</span> <span class='ocrx_word' id='word_1_611' title='bbox 865 4583 1171 4655; x_wconf 84' lang='grc' dir='ltr'>Εὐκτήμονι</span> <span class='ocrx_word' id='word_1_612' title='bbox 1207 4584 1454 4657; x_wconf 86' lang='grc' dir='ltr'>ἑσπέριος</span> <span class='ocrx_word' id='word_1_613' title='bbox 1486 4586 1770 4641; x_wconf 89' lang='grc' dir='ltr'>ἐπιτέλλει.</span> <span class='ocrx_word' id='word_1_614' title='bbox 2003 4596 2049 4652; x_wconf 80' lang='grc' dir='ltr'>ι)</span> <span class='ocrx_word' id='word_1_615' title='bbox 2147 4572 2242 4628; x_wconf 71' lang='lat' dir='ltr'>Die</span> <span class='ocrx_word' id='word_1_616' title='bbox 2271 4573 2341 4627; x_wconf 73' lang='lat'>30</span> <span class='ocrx_word' id='word_1_617' title='bbox 2369 4569 2683 4626; x_wconf 74' lang='grc' dir='ltr'>Ευοῑθωοηί</span> <span class='ocrx_word' id='word_1_618' title='bbox 2714 4568 2925 4638; x_wconf 66' lang='lat' dir='ltr'>Vesperi</span> <span class='ocrx_word' id='word_1_619' title='bbox 2953 4568 3148 4657; x_wconf 66' lang='grc' dir='ltr'>οῖ’ίῑυτς</span> 
     </span>
    </p>
   </div>
   <div class='ocr_carea' id='block_1_88' title="bbox 497 4651 2122 4746">
    <p class='ocr_par' dir='ltr' id='par_1_88' title="bbox 497 4651 2023 4746">
     <span class='ocr_line' id='line_1_89' title="bbox 497 4651 2023 4746; baseline 0.004 -23"><span class='ocrx_word' id='word_1_620' title='bbox 497 4670 587 4723; x_wconf 91' lang='grc' dir='ltr'>Ἐν</span> <span class='ocrx_word' id='word_1_621' title='bbox 605 4671 663 4724; x_wconf 85' lang='grc' dir='ltr'>δὲ</span> <span class='ocrx_word' id='word_1_622' title='bbox 687 4651 850 4742; x_wconf 61' lang='grc' dir='ltr'>τῂλω</span> <span class='ocrx_word' id='word_1_623' title='bbox 870 4651 1179 4743; x_wconf 81' lang='grc' dir='ltr'>Εὐκτήμονι</span> <span class='ocrx_word' id='word_1_624' title='bbox 1208 4651 1386 4738; x_wconf 81' lang='grc' dir='ltr'>Ἀετὸς</span> <span class='ocrx_word' id='word_1_625' title='bbox 1421 4673 1672 4746; x_wconf 87' lang='grc' dir='ltr'>ἑσπέριος</span> <span class='ocrx_word' id='word_1_626' title='bbox 1691 4673 1971 4729; x_wconf 78' lang='grc' dir='ltr'>ἐπιτέλλει.</span> <span class='ocrx_word' id='word_1_627' title='bbox 2014 4651 2023 4652; x_wconf 16' lang='lat'><em>7</em></span> 
     </span>
    </p>
   </div>
   <div class='ocr_carea' id='block_1_89' title="bbox 1751 4651 3376 4746">
    <p class='ocr_par' dir='ltr' id='par_1_89' title="bbox 1751 4651 3376 4746">
     <span class='ocr_line' id='line_1_90' title="bbox 1751 4651 3376 4746; baseline -0.012 -22"><span class='ocrx_word' id='word_1_628' title='bbox 1751 4673 1971 4729; x_wconf 78' lang='grc' dir='ltr'>τιτέλ),ει,</span> <span class='ocrx_word' id='word_1_629' title='bbox 2014 4651 2023 4652; x_wconf 21' lang='grc' dir='ltr'>ί</span> <span class='ocrx_word' id='word_1_630' title='bbox 2148 4663 2244 4720; x_wconf 89' lang='lat' dir='ltr'><strong>Die</strong></span> <span class='ocrx_word' id='word_1_631' title='bbox 2270 4663 2332 4718; x_wconf 83' lang='grc'>51</span> <span class='ocrx_word' id='word_1_632' title='bbox 2363 4660 2681 4717; x_wconf 88' lang='lat' dir='ltr'><strong>Euctemoni</strong></span> <span class='ocrx_word' id='word_1_633' title='bbox 2707 4658 2902 4730; x_wconf 86' lang='lat' dir='ltr'><strong>Aquila</strong></span> <span class='ocrx_word' id='word_1_634' title='bbox 2937 4654 3150 4728; x_wconf 89' lang='lat' dir='ltr'><strong>vesperi</strong></span> <span class='ocrx_word' id='word_1_635' title='bbox 3181 4651 3376 4746; x_wconf 75' lang='lat' dir='ltr'><strong>oritur.</strong></span> 
     </span>
    </p>
   </div>
   <div class='ocr_carea' id='block_1_90' title="bbox 499 4740 2124 4838">
    <p class='ocr_par' dir='ltr' id='par_1_90' title="bbox 499 4740 1973 4838">
     <span class='ocr_line' id='line_1_91' title="bbox 499 4740 1973 4838; baseline 0.002 -21"><span class='ocrx_word' id='word_1_636' title='bbox 499 4765 586 4817; x_wconf 90' lang='grc' dir='ltr'>Ἐν</span> <span class='ocrx_word' id='word_1_637' title='bbox 611 4764 667 4817; x_wconf 88' lang='grc' dir='ltr'>δὲ</span> <span class='ocrx_word' id='word_1_638' title='bbox 805 4763 882 4834; x_wconf 83' lang='grc' dir='ltr'>λβ¹</span> <span class='ocrx_word' id='word_1_639' title='bbox 913 4740 1221 4837; x_wconf 81' lang='grc' dir='ltr'>Εὐκτήμονι</span> <span class='ocrx_word' id='word_1_640' title='bbox 1263 4740 1585 4838; x_wconf 74' lang='grc' dir='ltr'>Ἀρκτοῦρος</span> <span class='ocrx_word' id='word_1_641' title='bbox 1630 4766 1763 4838; x_wconf 85' lang='grc' dir='ltr'>ἑῷος</span> <span class='ocrx_word' id='word_1_642' title='bbox 1797 4767 1973 4820; x_wconf 83' lang='grc' dir='ltr'>δύνει·</span> 
     </span>
    </p>
   </div>
   <div class='ocr_carea' id='block_1_91' title="bbox 2015 4740 3640 4838">
    <p class='ocr_par' dir='ltr' id='par_1_91' title="bbox 2148 4740 3640 4814">
     <span class='ocr_line' id='line_1_92' title="bbox 2148 4740 3640 4814; baseline -0.009 -5"><span class='ocrx_word' id='word_1_643' title='bbox 2148 4756 2241 4812; x_wconf 89' lang='lat' dir='ltr'><strong>Die</strong></span> <span class='ocrx_word' id='word_1_644' title='bbox 2274 4755 2342 4811; x_wconf 83' lang='lat'>‘52</span> <span class='ocrx_word' id='word_1_645' title='bbox 2380 4753 2700 4809; x_wconf 89' lang='lat' dir='ltr'><strong>Euctemoni</strong></span> <span class='ocrx_word' id='word_1_646' title='bbox 2731 4752 3001 4806; x_wconf 87' lang='lat' dir='ltr'><strong>Arcturus</strong></span> <span class='ocrx_word' id='word_1_647' title='bbox 3031 4763 3191 4804; x_wconf 90' lang='lat' dir='ltr'><strong>mane</strong></span> <span class='ocrx_word' id='word_1_648' title='bbox 3217 4744 3439 4809; x_wconf 76' lang='lat' dir='ltr'><strong>occidit,</strong></span> <span class='ocrx_word' id='word_1_649' title='bbox 3471 4740 3640 4814; x_wconf 87' lang='lat' dir='ltr'><strong>signi-</strong></span> 
     </span>
    </p>
   </div>
   <div class='ocr_carea' id='block_1_92' title="bbox 418 4832 2043 4930">
    <p class='ocr_par' dir='ltr' id='par_1_92' title="bbox 418 4832 1974 4930">
     <span class='ocr_line' id='line_1_93' title="bbox 418 4832 1974 4930; baseline 0.004 -22"><span class='ocrx_word' id='word_1_650' title='bbox 418 4832 781 4927; x_wconf 79' lang='grc' dir='ltr'>ἐπισημαίνει.</span> <span class='ocrx_word' id='word_1_651' title='bbox 826 4832 1114 4929; x_wconf 26' lang='grc' dir='ltr'>Καλίππῳν</span> <span class='ocrx_word' id='word_1_652' title='bbox 1146 4860 1176 4911; x_wconf 89' lang='lat'>6</span> <span class='ocrx_word' id='word_1_653' title='bbox 1222 4832 1433 4930; x_wconf 70' lang='grc' dir='ltr'>Ταύρος</span> <span class='ocrx_word' id='word_1_654' title='bbox 1456 4832 1626 4930; x_wconf 73' lang='grc' dir='ltr'>λήγει</span> <span class='ocrx_word' id='word_1_655' title='bbox 1651 4832 1974 4915; x_wconf 76' lang='grc' dir='ltr'>ἀνατέλλων.</span> 
     </span>
    </p>
   </div>
   <div class='ocr_carea' id='block_1_93' title="bbox 2014 4832 3639 4930">
    <p class='ocr_par' dir='ltr' id='par_1_93' title="bbox 2081 4832 3639 4918">
     <span class='ocr_line' id='line_1_94' title="bbox 2081 4832 3639 4918; baseline -0.012 -14"><span class='ocrx_word' id='word_1_656' title='bbox 2081 4849 2223 4904; x_wconf 89' lang='lat' dir='ltr'><strong>ﬁcat.</strong></span> <span class='ocrx_word' id='word_1_657' title='bbox 2251 4847 2475 4918; x_wconf 86' lang='lat' dir='ltr'><strong>Calippo</strong></span> <span class='ocrx_word' id='word_1_658' title='bbox 2512 4844 2728 4900; x_wconf 89' lang='lat' dir='ltr'><strong>Taurus</strong></span> <span class='ocrx_word' id='word_1_659' title='bbox 2753 4843 2952 4899; x_wconf 90' lang='lat' dir='ltr'><strong>desinit</strong></span> <span class='ocrx_word' id='word_1_660' title='bbox 2976 4841 3131 4898; x_wconf 88' lang='lat' dir='ltr'><strong>oriri.</strong></span> <span class='ocrx_word' id='word_1_661' title='bbox 3154 4835 3470 4893; x_wconf 88' lang='lat' dir='ltr'><strong>Euctemoni</strong></span> <span class='ocrx_word' id='word_1_662' title='bbox 3497 4832 3639 4906; x_wconf 85' lang='lat' dir='ltr'><strong>Hya-</strong></span> 
     </span>
    </p>
   </div>
   <div class='ocr_carea' id='block_1_94' title="bbox 414 4934 2039 5023">
    <p class='ocr_par' dir='ltr' id='par_1_94' title="bbox 414 4935 1980 5023">
     <span class='ocr_line' id='line_1_95' title="bbox 414 4935 1980 5023; baseline 0.003 -24"><span class='ocrx_word' id='word_1_663' title='bbox 414 4935 726 5017; x_wconf 79' lang='grc' dir='ltr'>Εὐκτήμονι</span> <span class='ocrx_word' id='word_1_664' title='bbox 771 4945 956 5010; x_wconf 86' lang='grc' dir='ltr'>Ὑάδες</span> <span class='ocrx_word' id='word_1_665' title='bbox 983 4946 1232 5018; x_wconf 88' lang='grc' dir='ltr'>ἑσπέριαι</span> <span class='ocrx_word' id='word_1_666' title='bbox 1269 4947 1654 5013; x_wconf 85' lang='grc' dir='ltr'>ἐπιτέλλουσιν,</span> <span class='ocrx_word' id='word_1_667' title='bbox 1687 4950 1980 5023; x_wconf 80' lang='grc' dir='ltr'>ἐπισημαί-</span> 
     </span>
    </p>
   </div>
   <div class='ocr_carea' id='block_1_95' title="bbox 1453 4934 3078 5023">
    <p class='ocr_par' dir='ltr' id='par_1_95' title="bbox 1454 4934 3078 5023">
     <span class='ocr_line' id='line_1_96' title="bbox 1454 4934 3078 5023; baseline -0.009 -22"><span class='ocrx_word' id='word_1_668' title='bbox 1454 4948 1654 5013; x_wconf 85' lang='grc' dir='ltr'>λουσιν,</span> <span class='ocrx_word' id='word_1_669' title='bbox 1687 4950 1980 5023; x_wconf 80' lang='grc' dir='ltr'>ὲπισημαί-</span> <span class='ocrx_word' id='word_1_670' title='bbox 2079 4943 2175 4997; x_wconf 90' lang='lat' dir='ltr'>des</span> <span class='ocrx_word' id='word_1_671' title='bbox 2208 4941 2418 5011; x_wconf 85' lang='lat' dir='ltr'><strong>vesperi</strong></span> <span class='ocrx_word' id='word_1_672' title='bbox 2449 4939 2722 5004; x_wconf 89' lang='lat' dir='ltr'><strong>oriuntur,</strong></span> <span class='ocrx_word' id='word_1_673' title='bbox 2753 4934 3078 5009; x_wconf 87' lang='lat' dir='ltr'><strong>signiﬁcant.</strong></span> 
     </span>
    </p>
   </div>
   <div class='ocr_carea' id='block_1_96' title="bbox 416 5054 589 5091">
    <p class='ocr_par' dir='ltr' id='par_1_96' title="bbox 416 5054 589 5091">
     <span class='ocr_line' id='line_1_97' title="bbox 416 5054 589 5091; baseline -0.006 0"><span class='ocrx_word' id='word_1_674' title='bbox 416 5054 589 5091; x_wconf 65' lang='lat'>9906!.</span> 
     </span>
    </p>
   </div>
   <div class='ocr_carea' id='block_1_97' title="bbox 490 5114 2115 5200">
    <p class='ocr_par' dir='ltr' id='par_1_97' title="bbox 490 5125 1974 5200">
     <span class='ocr_line' id='line_1_98' title="bbox 490 5125 1974 5200; baseline 0.003 -22"><span class='ocrx_word' id='word_1_675' title='bbox 490 5127 628 5190; x_wconf 84' lang='grc' dir='ltr'>Τούς</span> <span class='ocrx_word' id='word_1_676' title='bbox 641 5126 697 5179; x_wconf 86' lang='grc' dir='ltr'>δὲ</span> <span class='ocrx_word' id='word_1_677' title='bbox 712 5125 973 5196; x_wconf 89' lang='grc' dir='ltr'>Διδύμους</span> <span class='ocrx_word' id='word_1_678' title='bbox 985 5129 1012 5180; x_wconf 91' lang='lat'>6</span> <span class='ocrx_word' id='word_1_679' title='bbox 1023 5126 1169 5197; x_wconf 80' lang='grc' dir='ltr'>ἥλιος</span> <span class='ocrx_word' id='word_1_680' title='bbox 1179 5126 1549 5199; x_wconf 84' lang='grc' dir='ltr'>διαπορεύεται</span> <span class='ocrx_word' id='word_1_681' title='bbox 1562 5131 1618 5181; x_wconf 83' lang='grc' dir='ltr'>ἐν</span> <span class='ocrx_word' id='word_1_682' title='bbox 1634 5128 1666 5199; x_wconf 92' lang='grc' dir='ltr'>ἡ</span> <span class='ocrx_word' id='word_1_683' title='bbox 1674 5145 1864 5200; x_wconf 86' lang='grc' dir='ltr'>μεραις</span> <span class='ocrx_word' id='word_1_684' title='bbox 1879 5129 1974 5200; x_wconf 65' lang='grc' dir='ltr'>λβν.</span> 
     </span>
    </p>
   </div>
   <div class='ocr_carea' id='block_1_98' title="bbox 1519 5114 3144 5200">
    <p class='ocr_par' dir='ltr' id='par_1_98' title="bbox 1519 5114 3144 5200">
     <span class='ocr_line' id='line_1_99' title="bbox 1519 5114 3144 5200; baseline -0.007 -20"><span class='ocrx_word' id='word_1_685' title='bbox 1519 5128 1864 5200; x_wconf 83' lang='grc' dir='ltr'>ιιένὴμεραις</span> <span class='ocrx_word' id='word_1_686' title='bbox 1879 5129 1974 5200; x_wconf 68' lang='grc' dir='ltr'>λβν.</span> <span class='ocrx_word' id='word_1_687' title='bbox 2150 5123 2410 5180; x_wconf 84' lang='lat' dir='ltr'><strong>Geminos</strong></span> <span class='ocrx_word' id='word_1_688' title='bbox 2438 5122 2520 5178; x_wconf 91' lang='lat' dir='ltr'>sol</span> <span class='ocrx_word' id='word_1_689' title='bbox 2560 5129 2802 5193; x_wconf 89' lang='lat' dir='ltr'><strong>permeat</strong></span> <span class='ocrx_word' id='word_1_690' title='bbox 2831 5117 3024 5174; x_wconf 86' lang='lat' dir='ltr'><strong>diebus</strong></span> <span class='ocrx_word' id='word_1_691' title='bbox 3056 5114 3144 5170; x_wconf 82' lang='lat'>&#39;52.</span> 
     </span>
    </p>
   </div>
   <div class='ocr_carea' id='block_1_99' title="bbox 499 5203 2124 5293">
    <p class='ocr_par' dir='ltr' id='par_1_99' title="bbox 499 5214 1980 5293">
     <span class='ocr_line' id='line_1_100' title="bbox 499 5214 1980 5293; baseline 0.003 -22"><span class='ocrx_word' id='word_1_692' title='bbox 499 5220 587 5271; x_wconf 89' lang='grc' dir='ltr'>Ἐν</span> <span class='ocrx_word' id='word_1_693' title='bbox 618 5216 715 5289; x_wconf 85' lang='grc' dir='ltr'>μὲν</span> <span class='ocrx_word' id='word_1_694' title='bbox 758 5214 850 5272; x_wconf 74' lang='grc' dir='ltr'>οὖν</span> <span class='ocrx_word' id='word_1_695' title='bbox 875 5221 940 5289; x_wconf 87' lang='grc' dir='ltr'>τῇ</span> <span class='ocrx_word' id='word_1_696' title='bbox 987 5219 1029 5288; x_wconf 83' lang='grc' dir='ltr'>β’</span> <span class='ocrx_word' id='word_1_697' title='bbox 1055 5218 1326 5289; x_wconf 81' lang='grc' dir='ltr'>Καλίππῳ</span> <span class='ocrx_word' id='word_1_698' title='bbox 1374 5222 1423 5273; x_wconf 80' lang='grc' dir='ltr'>οἱ</span> <span class='ocrx_word' id='word_1_699' title='bbox 1469 5221 1687 5290; x_wconf 85' lang='grc' dir='ltr'>Δίδυμοι</span> <span class='ocrx_word' id='word_1_700' title='bbox 1727 5222 1980 5293; x_wconf 86' lang='grc' dir='ltr'>ἄρχονται</span> 
     </span>
    </p>
   </div>
   <div class='ocr_carea' id='block_1_100' title="bbox 2016 5203 3641 5293">
    <p class='ocr_par' dir='ltr' id='par_1_100' title="bbox 2150 5203 3641 5289">
     <span class='ocr_line' id='line_1_101' title="bbox 2150 5203 3641 5289; baseline -0.008 -18"><span class='ocrx_word' id='word_1_701' title='bbox 2150 5218 2248 5274; x_wconf 90' lang='lat' dir='ltr'><strong>Die</strong></span> <span class='ocrx_word' id='word_1_702' title='bbox 2292 5219 2328 5273; x_wconf 91' lang='lat'>2</span> <span class='ocrx_word' id='word_1_703' title='bbox 2364 5218 2590 5289; x_wconf 83' lang='lat' dir='ltr'><strong>Calippo</strong></span> <span class='ocrx_word' id='word_1_704' title='bbox 2642 5215 2856 5272; x_wconf 88' lang='lat' dir='ltr'><strong>Gemini</strong></span> <span class='ocrx_word' id='word_1_705' title='bbox 2903 5212 3172 5285; x_wconf 90' lang='lat' dir='ltr'><strong>incipiunt</strong></span> <span class='ocrx_word' id='word_1_706' title='bbox 3219 5207 3397 5277; x_wconf 88' lang='lat' dir='ltr'><strong>oriri;</strong></span> <span class='ocrx_word' id='word_1_707' title='bbox 3428 5203 3641 5264; x_wconf 78' lang='lat' dir='ltr'><strong>exsistit</strong></span> 
     </span>
    </p>
   </div>
   <div class='ocr_carea' id='block_1_101' title="bbox 416 5310 2041 5367">
    <p class='ocr_par' dir='ltr' id='par_1_101' title="bbox 416 5310 951 5365">
     <span class='ocr_line' id='line_1_102' title="bbox 416 5310 951 5365; baseline -0.002 0"><span class='ocrx_word' id='word_1_708' title='bbox 416 5310 716 5365; x_wconf 85' lang='grc' dir='ltr'>ἐπιτέλλειν</span> <span class='ocrx_word' id='word_1_709' title='bbox 734 5328 747 5341; x_wconf 91' lang='grc'><strong>·</strong></span> <span class='ocrx_word' id='word_1_710' title='bbox 783 5310 951 5364; x_wconf 81' lang='grc' dir='ltr'>νοτία.</span> 
     </span>
    </p>
   </div>
   <div class='ocr_carea' id='block_1_102' title="bbox 773 5310 2398 5367">
    <p class='ocr_par' dir='ltr' id='par_1_102' title="bbox 783 5310 2398 5367">
     <span class='ocr_line' id='line_1_103' title="bbox 783 5310 2398 5367; baseline 0 -3"><span class='ocrx_word' id='word_1_711' title='bbox 783 5310 951 5364; x_wconf 81' lang='grc' dir='ltr'>νοτία.</span> <span class='ocrx_word' id='word_1_712' title='bbox 2084 5312 2398 5367; x_wconf 86' lang='lat' dir='ltr'><strong>humiditas.</strong></span> 
     </span>
    </p>
   </div>
   <div class='ocr_carea' id='block_1_103' title="bbox 502 5398 2127 5475">
    <p class='ocr_par' dir='ltr' id='par_1_103' title="bbox 502 5403 1888 5475">
     <span class='ocr_line' id='line_1_104' title="bbox 502 5403 1888 5475; baseline 0.003 -19"><span class='ocrx_word' id='word_1_713' title='bbox 502 5404 590 5456; x_wconf 83' lang='grc' dir='ltr'>Ἐν</span> <span class='ocrx_word' id='word_1_714' title='bbox 615 5405 671 5458; x_wconf 82' lang='grc' dir='ltr'>δὲ</span> <span class='ocrx_word' id='word_1_715' title='bbox 698 5406 764 5475; x_wconf 82' lang='grc' dir='ltr'>τῇ</span> <span class='ocrx_word' id='word_1_716' title='bbox 796 5409 837 5456; x_wconf 88' lang='grc' dir='ltr'>ε’</span> <span class='ocrx_word' id='word_1_717' title='bbox 869 5404 1082 5475; x_wconf 80' lang='grc' dir='ltr'>Εὐδόξῳ</span> <span class='ocrx_word' id='word_1_718' title='bbox 1124 5404 1314 5469; x_wconf 85' lang='grc' dir='ltr'>Ὑάδες</span> <span class='ocrx_word' id='word_1_719' title='bbox 1342 5403 1471 5475; x_wconf 85' lang='grc' dir='ltr'>ἐῷαι</span> <span class='ocrx_word' id='word_1_720' title='bbox 1504 5404 1888 5460; x_wconf 84' lang='grc' dir='ltr'>ἐπιτέλλουσιν.</span> 
     </span>
    </p>
   </div>
   <div class='ocr_carea' id='block_1_104' title="bbox 1669 5398 3294 5475">
    <p class='ocr_par' dir='ltr' id='par_1_104' title="bbox 1669 5398 3294 5474">
     <span class='ocr_line' id='line_1_105' title="bbox 1669 5398 3294 5474; baseline -0.007 -14"><span class='ocrx_word' id='word_1_721' title='bbox 1669 5405 1888 5460; x_wconf 67' lang='lat' dir='ltr'><strong>unum.</strong></span> <span class='ocrx_word' id='word_1_722' title='bbox 2151 5406 2248 5462; x_wconf 90' lang='lat' dir='ltr'><strong>Die</strong></span> <span class='ocrx_word' id='word_1_723' title='bbox 2275 5407 2309 5461; x_wconf 82' lang='lat'><strong>5</strong></span> <span class='ocrx_word' id='word_1_724' title='bbox 2338 5403 2564 5459; x_wconf 85' lang='lat' dir='ltr'><strong>Eudoxo</strong></span> <span class='ocrx_word' id='word_1_725' title='bbox 2592 5401 2806 5474; x_wconf 82' lang='lat' dir='ltr'><strong>Hyades</strong></span> <span class='ocrx_word' id='word_1_726' title='bbox 2837 5414 2996 5455; x_wconf 91' lang='lat' dir='ltr'><strong>mane</strong></span> <span class='ocrx_word' id='word_1_727' title='bbox 3026 5398 3294 5454; x_wconf 88' lang='lat' dir='ltr'><strong>oriuntur.</strong></span> 
     </span>
    </p>
   </div>
   <div class='ocr_carea' id='block_1_105' title="bbox 502 5488 2127 5569">
    <p class='ocr_par' dir='ltr' id='par_1_105' title="bbox 502 5493 1978 5569">
     <span class='ocr_line' id='line_1_106' title="bbox 502 5493 1978 5569; baseline 0.003 -21"><span class='ocrx_word' id='word_1_728' title='bbox 502 5497 590 5548; x_wconf 83' lang='grc' dir='ltr'>Ἐν</span> <span class='ocrx_word' id='word_1_729' title='bbox 615 5496 672 5548; x_wconf 87' lang='grc' dir='ltr'>δέ</span> <span class='ocrx_word' id='word_1_730' title='bbox 704 5499 770 5567; x_wconf 76' lang='grc' dir='ltr'>τῇ</span> <span class='ocrx_word' id='word_1_731' title='bbox 803 5493 846 5559; x_wconf 78' lang='grc' dir='ltr'>ζ’</span> <span class='ocrx_word' id='word_1_732' title='bbox 876 5496 1088 5567; x_wconf 80' lang='grc' dir='ltr'>Εὐδόξῳ</span> <span class='ocrx_word' id='word_1_733' title='bbox 1132 5497 1310 5561; x_wconf 86' lang='grc' dir='ltr'>Ἀετὸς</span> <span class='ocrx_word' id='word_1_734' title='bbox 1355 5497 1651 5569; x_wconf 88' lang='grc' dir='ltr'>ἀκρόνυχος</span> <span class='ocrx_word' id='word_1_735' title='bbox 1694 5500 1978 5553; x_wconf 79' lang='grc' dir='ltr'>ἐπιτέλλει.</span> 
     </span>
    </p>
   </div>
   <div class='ocr_carea' id='block_1_106' title="bbox 1638 5488 3263 5569">
    <p class='ocr_par' dir='ltr' id='par_1_106' title="bbox 1638 5488 3263 5565">
     <span class='ocr_line' id='line_1_107' title="bbox 1638 5488 3263 5565; baseline -0.006 -13"><span class='ocrx_word' id='word_1_736' title='bbox 1638 5515 1651 5561; x_wconf 89' lang='lat'><strong><em>;</em></strong></span> <span class='ocrx_word' id='word_1_737' title='bbox 1694 5500 1978 5553; x_wconf 76' lang='grc' dir='ltr'>ἐπιτέλλει.</span> <span class='ocrx_word' id='word_1_738' title='bbox 2148 5499 2247 5555; x_wconf 89' lang='lat' dir='ltr'><strong>Die</strong></span> <span class='ocrx_word' id='word_1_739' title='bbox 2286 5499 2317 5551; x_wconf 89' lang='lat'><strong>7</strong></span> <span class='ocrx_word' id='word_1_740' title='bbox 2347 5496 2574 5551; x_wconf 87' lang='lat' dir='ltr'><strong>Eudoxo</strong></span> <span class='ocrx_word' id='word_1_741' title='bbox 2600 5494 2794 5565; x_wconf 83' lang='lat' dir='ltr'><strong>Aquila</strong></span> <span class='ocrx_word' id='word_1_742' title='bbox 2819 5491 3030 5562; x_wconf 89' lang='lat' dir='ltr'><strong>vesperi</strong></span> <span class='ocrx_word' id='word_1_743' title='bbox 3067 5488 3263 5544; x_wconf 88' lang='lat' dir='ltr'><strong>oritur.</strong></span> 
     </span>
    </p>
   </div>
   <div class='ocr_carea' id='block_1_107' title="bbox 504 5583 2129 5659">
    <p class='ocr_par' dir='ltr' id='par_1_107' title="bbox 504 5586 2035 5659">
     <span class='ocr_line' id='line_1_108' title="bbox 504 5586 2035 5659; baseline 0.003 -20"><span class='ocrx_word' id='word_1_744' title='bbox 504 5588 591 5639; x_wconf 82' lang='lat' dir='ltr'><strong>’Ev</strong></span> <span class='ocrx_word' id='word_1_745' title='bbox 616 5586 673 5640; x_wconf 83' lang='grc' dir='ltr'>δὲ</span> <span class='ocrx_word' id='word_1_746' title='bbox 701 5590 767 5658; x_wconf 83' lang='grc' dir='ltr'>τῇ</span> <span class='ocrx_word' id='word_1_747' title='bbox 804 5594 833 5640; x_wconf 85' lang='grc' dir='ltr'>ι’</span> <span class='ocrx_word' id='word_1_748' title='bbox 854 5589 1175 5659; x_wconf 76' lang='grc' dir='ltr'>Δημοκρίτῳ</span> <span class='ocrx_word' id='word_1_749' title='bbox 1202 5588 1342 5659; x_wconf 73' lang='grc' dir='ltr'>ὕδωρ</span> <span class='ocrx_word' id='word_1_750' title='bbox 1376 5589 1602 5657; x_wconf 82' lang='grc' dir='ltr'>γίνεται.</span> <span class='ocrx_word' id='word_1_751' title='bbox 2034 5586 2035 5589; x_wconf 37' lang='grc'><em>“</em></span> 
     </span>
    </p>
   </div>
   <div class='ocr_carea' id='block_1_108' title="bbox 1492 5583 3117 5659">
    <p class='ocr_par' dir='ltr' id='par_1_108' title="bbox 1495 5583 3117 5656">
     <span class='ocr_line' id='line_1_109' title="bbox 1495 5583 3117 5656; baseline -0.002 -14"><span class='ocrx_word' id='word_1_752' title='bbox 1495 5606 1602 5643; x_wconf 89' lang='grc' dir='ltr'>ται.</span> <span class='ocrx_word' id='word_1_753' title='bbox 2034 5586 2035 5589; x_wconf 59' lang='grc'><em>“</em></span> <span class='ocrx_word' id='word_1_754' title='bbox 2152 5591 2248 5646; x_wconf 92' lang='lat' dir='ltr'><strong>Die</strong></span> <span class='ocrx_word' id='word_1_755' title='bbox 2277 5589 2344 5643; x_wconf 89' lang='grc'><strong>10</strong></span> <span class='ocrx_word' id='word_1_756' title='bbox 2371 5587 2681 5644; x_wconf 90' lang='lat' dir='ltr'><strong>Democrito</strong></span> <span class='ocrx_word' id='word_1_757' title='bbox 2711 5600 2851 5656; x_wconf 89' lang='lat' dir='ltr'><strong>aqua</strong></span> <span class='ocrx_word' id='word_1_758' title='bbox 2882 5583 3117 5641; x_wconf 88' lang='lat' dir='ltr'><strong>exsistit.</strong></span> 
     </span>
    </p>
   </div>
   <div class='ocr_carea' id='block_1_109' title="bbox 501 5672 2126 5751">
    <p class='ocr_par' dir='ltr' id='par_1_109' title="bbox 501 5674 1820 5751">
     <span class='ocr_line' id='line_1_110' title="bbox 501 5674 1820 5751; baseline 0.004 -22"><span class='ocrx_word' id='word_1_759' title='bbox 501 5678 589 5729; x_wconf 84' lang='lat' dir='ltr'>’Ev</span> <span class='ocrx_word' id='word_1_760' title='bbox 625 5676 684 5730; x_wconf 81' lang='grc' dir='ltr'>δὲ</span> <span class='ocrx_word' id='word_1_761' title='bbox 714 5679 781 5746; x_wconf 82' lang='grc' dir='ltr'>τῇ</span> <span class='ocrx_word' id='word_1_762' title='bbox 818 5676 886 5745; x_wconf 84' lang='grc' dir='ltr'>ιγ’</span> <span class='ocrx_word' id='word_1_763' title='bbox 910 5674 1121 5746; x_wconf 77' lang='grc' dir='ltr'>Εὐδόξῳ</span> <span class='ocrx_word' id='word_1_764' title='bbox 1160 5678 1482 5751; x_wconf 70' lang='grc' dir='ltr'>Ἀρκτοῦρος</span> <span class='ocrx_word' id='word_1_765' title='bbox 1510 5678 1642 5746; x_wconf 79' lang='grc' dir='ltr'>ἑῷος</span> <span class='ocrx_word' id='word_1_766' title='bbox 1678 5679 1820 5734; x_wconf 86' lang='grc' dir='ltr'>δύνει</span> 
     </span>
    </p>
   </div>
   <div class='ocr_carea' id='block_1_110' title="bbox 1700 5672 3325 5751">
    <p class='ocr_par' dir='ltr' id='par_1_110' title="bbox 1700 5672 3325 5739">
     <span class='ocr_line' id='line_1_111' title="bbox 1700 5672 3325 5739; baseline -0.002 -8"><span class='ocrx_word' id='word_1_767' title='bbox 1700 5679 1820 5734; x_wconf 76' lang='grc' dir='ltr'>ἱύνει</span> <span class='ocrx_word' id='word_1_768' title='bbox 2156 5682 2251 5738; x_wconf 89' lang='lat' dir='ltr'><strong>Die</strong></span> <span class='ocrx_word' id='word_1_769' title='bbox 2279 5682 2344 5737; x_wconf 81' lang='grc'>15</span> <span class='ocrx_word' id='word_1_770' title='bbox 2365 5680 2590 5739; x_wconf 88' lang='lat' dir='ltr'><strong>Eudoxo</strong></span> <span class='ocrx_word' id='word_1_771' title='bbox 2620 5679 2887 5737; x_wconf 85' lang='lat' dir='ltr'><strong>Arcturus</strong></span> <span class='ocrx_word' id='word_1_772' title='bbox 2918 5692 3077 5733; x_wconf 88' lang='lat' dir='ltr'><strong>mane</strong></span> <span class='ocrx_word' id='word_1_773' title='bbox 3104 5672 3325 5733; x_wconf 89' lang='lat' dir='ltr'><strong>occidit.</strong></span> 
     </span>
    </p>
   </div>
   <div class='ocr_carea' id='block_1_111' title="bbox 524 5849 1184 5924">
    <p class='ocr_par' dir='ltr' id='par_1_111' title="bbox 524 5849 1184 5924">
     <span class='ocr_line' id='line_1_112' title="bbox 524 5849 1184 5924; baseline 0.006 -20"><span class='ocrx_word' id='word_1_774' title='bbox 524 5849 573 5886; x_wconf 72' lang='lat'>&quot;</span> <span class='ocrx_word' id='word_1_775' title='bbox 608 5870 696 5922; x_wconf 71' lang='grc' dir='ltr'>πρ.</span> <span class='ocrx_word' id='word_1_776' title='bbox 726 5853 819 5906; x_wconf 77' lang='grc' dir='ltr'>καὶ</span> <span class='ocrx_word' id='word_1_777' title='bbox 848 5852 977 5907; x_wconf 86' lang='grc' dir='ltr'>αὐτὸ</span> <span class='ocrx_word' id='word_1_778' title='bbox 1012 5852 1184 5924; x_wconf 77' lang='grc' dir='ltr'>Λύρα.</span> 
     </span>
    </p>
   </div>
  </div>
