4124 6400
509 416 620 471 87-5

574 531 638 589 ό.
680 529 825 586 [lora
857 540 950 587 xiv
992 527 1176 585 lucida
1206 525 1443 582 horealis
1484 524 1665 580 Chelm
1693 523 1871 579 oritur
1910 527 1962 576 et
1987 519 2090 573 Ar-
2117 521 2164 579 Α

512 630 706 680 cturus
762 620 1068 675 matutinus
1130 616 1367 673 occidit.
1434 613 1711 687 Egyptiis
1763 620 1951 667 auster
2008 607 2096 664 vel

516 710 745 768 africus.
797 712 1045 782 Calippo,
1086 707 1405 764 Euctemoni
1447 708 1594 762 venti
1636 702 2094 761 vehementiores.

511 804 717 863 Caesari
758 813 852 861 aut
881 803 1193 861 Metrodoro
1228 809 1424 858 ventus
1453 799 1814 871 procellosus.

584 899 637 957 5.
681 898 827 955 Hora
876 914 971 953 xiv
1003 897 1186 953 lucida
1239 894 1476 951 horealis
1529 894 1710 949 Chelae
1736 892 1947 959 oritur;
1976 901 2098 960 qua:

514 993 583 1049 ad
613 1007 754 1065 genu
805 999 890 1048 est
915 990 1197 1062 Sagittarii
1232 990 1564 1046 occultatur.
1617 987 1831 1044 Cononi
1878 994 1934 1043 et
1984 984 2099 1041 Eu-

513 1087 660 1143 doxo
691 1086 1047 1156 intemperies
1086 1091 1398 1139 ventorum.

578 1176 636 1234 6.
677 1175 1034 1249 Intemperies
1083 1176 1275 1244 aeris;
1340 1175 1562 1247 aquilo,
1614 1174 1705 1230 vel
1756 1180 1946 1230 auster
1999 1170 2099 1226 fri-

512 1272 694 1346 sidus.

583 1363 639 1421 7.
680 1362 826 1420 "ora
857 1378 950 1420 ιιν
981 1361 1160 1419 lucida
1190 1360 1517 1418 Sucularum
1547 1360 1862 1431 vespertina
1900 1358 2095 1414 oritur.

516 1452 788 1527 Egyptiis
825 1462 1010 1512 auster
1054 1454 1368 1514 vehemens.
1419 1451 1622 1509 Metoni
1670 1454 1964 1523 zephyros,
2011 1454 2100 1506 in-

509 1548 809 1618 temperies
847 1547 991 1602 acris
1018 1553 1073 1602 et
1113 1545 1317 1617 pluvia.
1509 1616 1518 1626 '

588 1637 642 1694 8.
676 1637 821 1693 Hora
842 1654 940 1694 xm
966 1638 1146 1693 lucida
1169 1638 1497 1694 Sucularum
1528 1653 1755 1711 vespere
1781 1639 1979 1695 oritur.
1999 1637 2098 1695 Ca-

516 1728 665 1801 iippo
693 1729 873 1800 pluvia
894 1730 1187 1798 signiﬁcat.

588 1821 639 1876 9.
675 1820 820 1875 liora
855 1837 923 1876 xv
956 1820 1261 1876 communis
1282 1815 1474 1877 Fluvio
1500 1828 1556 1878 et
1582 1819 1709 1893 pedi
1730 1817 1952 1877 Orionis
1984 1818 2099 1874 ori-

519 1926 633 1971 tur.
664 1913 936 1986 Egyptiis
959 1915 1166 1986 pluvia.

594 2012 681 2067 10.
722 2010 872 2064 Hora
897 2025 990 2063 xlv
1018 2006 1281 2065 Canobus
1331 2007 1637 2064 matutinus
1688 2008 1909 2064 occidit.
1938 2009 2109 2083 Egy—

520 2103 649 2176 ptiis
679 2110 865 2158 auster
892 2110 985 2156 aut
1008 2101 1258 2156 favonius
1299 2100 1557 2157 Dositheo
1583 2101 1807 2158 hiemat.

595 2193 682 2249 11.
724 2193 870 2250 Hora
926 2210 996 2249 xv
1047 2195 1226 2249 lucida
1255 2194 1407 2265 [σιω
1449 2210 1609 2251 mane
1650 2196 1849 2251 oritur.
1902 2194 2104 2252 Metoni

514 2287 731 2359 pluvia,
762 2287 1037 2359 procellae.
1082 2284 1394 2356 Hipparcho
1417 2301 1643 2342 caurus.

595 2377 683 2434 12.
726 2376 875 2432 liora
904 2393 974 2431 'xv
995 2376 1266 2433 Arcturus
1316 2378 1664 2448 vespertinus
1694 2376 1917 2445 occidit,
1954 2395 2107 2437 com-

516 2467 916 2524 munisFiuvio
941 2476 995 2522 et
1018 2466 1236 2522 Orionis
1270 2468 1391 2538 pedi
1423 2471 1685 2525 matutina
1708 2472 1928 2527 occidit.

596 2562 687 2617 15.
728 2558 875 2616 [lora
900 2575 1000 2615 xui
1025 2575 1148 2633 quae
1175 2560 1243 2614 ad
1276 2576 1417 2632 genu
1441 2568 1525 2617 est
1561 2560 1839 2634 Sagittarii
1862 2564 2108 2620 occulta-

524 2664 637 2710 tur.
695 2653 969 2727 Egyptiis
1015 2663 1223 2717 auster,
1286 2653 1370 2708 vel
1416 2667 1586 2710 eurus
1625 2670 1722 2726 per
1751 2656 1897 2712 diem
1935 2658 2107 2713 stillat

523 2750 776 2805 imbrem.
810 2745 1124 2801 Metrodoro
1152 2746 1348 2810 hiems,
1381 2747 1654 2815 procellae.

597 2838 685 2894 14.
728 2837 875 2892 liora
916 2853 971 2892 ιιι
1023 2837 1334 2892 communis
1397 2837 1563 2892 ﬂuvio
1613 2848 1668 2893 et
1718 2836 1939 2896 Orionis
1982 2840 2108 2912 pedi

524 2944 688 2987 mane
723 2928 949 2986 occidit.
1010 2926 1262 2998 Philippo
1288 2937 1343 2983 et
1373 2924 1697 2985 Euctemoni
1745 2930 1954 3001 pluvia,
1998 2930 2110 2988 hie-

525 3028 660 3077 luat.

600 3113 701 3170 15.
763 3110 910 3169 Hora
968 3128 1069 3168 xm
1128 3111 1311 3168 lucida
1379 3110 1565 3169 Persei
1635 3113 1878 3182 occidit;
1928 3114 2111 3171 lucida

1510 398 1602 462 AD
1640 399 1906 461 EUSEBII
1944 387 2345 457 cunorucou
2383 378 2752 451 Apparuit.

3664 382 3779 444 816

2260 516 2323 571 δ’.
2352 515 2493 588 Ὦρα
2523 513 2582 568 ιδ’
2607 515 2636 569 6
2659 511 2911 585 λαμπρὸς
2933 509 3031 582 τῆς
3049 506 3258 582 βορείου
3285 505 3472 580 xm;
3486 502 3781 568 ἐπιτέλλει,

2198 606 2294 661 καὶ
2337 603 2663 678 Ἀρκτοῦρος
2699 601 2834 674 ἑῷος
2869 601 3035 657 δύνει.
3080 598 3397 669 Αἰγυπτίοις
3423 594 3634 667 νότοςῆ
3664 594 3782 664 λίψ.

2196 697 2490 770 Καλίππῳ,
2536 698 2847 768 Εὐκτήμονι
2897 693 3184 765 πνεύματα
3246 690 3470 762 σφόδρα.
3538 686 3784 758 Καίσαρι

2181 793 2231 866 ἢ
2267 789 2622 865 Μητροδώρῳ
2652 791 2854 861 ἄνεμος
2885 787 3158 861 χειμάζει.

2268 891 2330 940 ε’.
2362 886 2503 957 ’Ὥρα
2531 884 2590 937 ιδ’
2613 884 2641 937 6
2666 882 2918 953 λαμπρὸς
2938 880 3037 951 τῆς
3065 877 3276 950 βορείου
3290 873 3478 947 Χηλῆς
3493 870 3782 927 ἔπι-τέλλιν

2188 977 2293 1031 καὶ
2324 978 2354 1029 6
2386 976 2527 1031 κατὰ
2566 976 2629 1029 τὸ
2658 974 2787 1044 γόνυ
2820 972 2913 1028 τοῦ
2943 971 3172 1039 Τοξότου
3201 966 3527 1042 κρύπτεται.
3571 963 3787 1019 Κόνωνι

2198 1069 2293 1122 καὶ
2320 1066 2533 1140 Εὐδόξῳ
2557 1067 2798 1140 ἀκρασία
2829 1065 3174 1137 πνευμάτων.

2271 1166 2347 1227 ς’.
2389 1159 2655 1232 Ἀκρασία
2688 1156 2870 1231 ἀέρος’
2900 1156 3103 1228 βορρᾶς
3130 1154 3164 1227 ἢ
3198 1153 3350 1218 νότος
3380 1149 3608 1224 ψυχρός.

2272 1341 2336 1409 ζ’.
2361 1342 2505 1415 Ὥρα
2527 1340 2583 1394 ιδ’
2600 1342 2628 1395 6
2648 1338 2901 1413 λαμπρὸς
2924 1336 3033 1391 τῶν
3058 1334 3265 1390 Ὑάδων
3279 1332 3531 1406 ἑσπέριος
3556 1329 3782 1387 ἀνατέλ-

2196 1433 2303 1488 λει.
2357 1432 2676 1504 Αἰγυπτίοις
2721 1432 2874 1495 νότος
2920 1427 3190 1501 λαμπρός.
3252 1423 3468 1480 Μέτωνι
3526 1421 3780 1496 ζέφυρος,

2201 1527 2441 1601 ἀκρασία
2479 1526 2677 1599 ἀέρων,
2713 1523 2887 1587 ύετός.

2271 1627 2341 1693 η’.
2372 1620 2512 1694 ’Ὡρᾳ
2543 1616 2610 1687 ιγ’
2647 1618 2676 1670 6
2707 1613 2957 1686 λαμπρὸς
2997 1611 3103 1667 τῶν
3129 1609 3338 1665 Ὑάδων
3357 1607 3611 1682 ἑσπέριος
3657 1605 3790 1662 ἀναν-

2199 1712 2395 1766 τέ).λει.
2434 1709 2710 1778 Καλίππῳ
2741 1704 2898 1758 ύετία
2934 1701 3304 1774 ἐπισημαίνει.

2274 1802 2337 1859 θ’.
2374 1803 2515 1873 Ἥρᾳ
2557 1806 2617 1853 ιε’
2661 1802 2690 1853 6
2730 1795 2907 1859 κοινὸς
2931 1792 3184 1864 Ποταμοῦ
3219 1792 3314 1846 καὶ
3345 1788 3504 1853 ποδδς
3535 1786 3789 1861 Ὠρίωνος

2127 1876 2176 1933 Β
2207 1893 2507 1951 ἀνατέλλει.
2542 1890 2860 1960 Αἰγυπτίοις
2892 1887 3065 1951 ύετός.

2281 1994 2333 2043 ι’.
2376 1987 2516 2057 Ὥρα
2548 1985 2608 2039 ιδ’
2634 1983 2664 2036 6
2690 1981 3021 2053 καλούμενος
3035 1977 3296 2043 Κάνωϐος
3317 1976 3451 2048 ἑῷος
3492 1973 3660 2030 δύνει.
3682 1972 3787 2027 Al-

2208 2074 2454 2146 γυπτίοις
2486 2073 2637 2136 νότος
2665 2072 2697 2145 ἢ
2738 2070 2987 2142 ζέφυρος.
3023 2068 3260 2140 Δοσιθέῳ
3294 2065 3568 2139 χειμάζει.

2281 2172 2371 2220 ια’.
2399 2166 2539 2237 Ὥρα
2569 2170 2628 2218 ιε’
2652 2165 2680 2217 6
2710 2162 2959 2235 λαμπρὸς
2991 2161 3092 2233 τῆς
3122 2159 3305 2231 Δύρας
3345 2158 3477 2229 ἑῷος
3490 2155 3786 2212 ἀνατέλλει.

2207 2260 2423 2316 Μέτωνι
2453 2258 2626 2322 ὑετὸς,
2665 2255 2902 2310 Θύελλαι.
2953 2253 3235 2327 Ἱππάρχῳ
3268 2254 3561 2324 ἀργέστης.

2282 2354 2371 2426 ιβ’.
2400 2353 2542 2425 Ὥρα
2575 2348 2635 2404 ιε’
2653 2347 2978 2422 Ἀρκτοῦρος
3010 2346 3261 2418 ἑσπέριος
3289 2344 3455 2409 δύνει,
3485 2344 3581 2398 καὶ
3611 2341 3641 2393 6
3676 2358 3794 2397 20v»

2206 2447 2296 2512 νὸς
2329 2443 2604 2517 Ποταμοῦ,
2636 2443 2728 2497 καὶ
2756 2440 2914 2505 ποδὸς
2955 2439 3205 2511 Ὠρίωνος
3229 2437 3363 2509 ἑῷος
3383 2437 3549 2491 δύνει.

2280 2546 2368 2610 ιγ’.
2410 2538 2553 2611 Ὥρα
2584 2542 2651 2605 ιγ’
2678 2537 2707 2589 6
2744 2533 2886 2588 κατὰ
2907 2532 2967 2587 τὸ
3008 2532 3137 2602 γόνυ
3165 2530 3258 2585 τοῦ
3291 2530 3518 2595 Τοξότου
3549 2527 3789 2601 κρύπτε-

2205 2651 2316 2688 ται.
2352 2628 2669 2701 Αἰγυπτίοις
2712 2628 2863 2691 νότος
2915 2626 2949 2698 ἢ
3001 2620 3159 2697 εὖρος
3184 2623 3251 2679 δι’
3283 2623 3499 2695 ἡμέρας
3540 2619 3792 2692 ψεκάζει.

2208 2723 2559 2797 Μητροδώρῳ
2587 2719 2815 2793 χειμὼν,
2849 2717 3091 2773 θύελλαι.

2283 2817 2362 2872 ιδ’.
2396 2817 2539 2891 Ὦρα
2580 2820 2646 2869 ια’
2679 2815 2708 2867 6
2741 2811 2917 2875 κοινὸς
2938 2808 3191 2883 Ποταμοῦ
3214 2811 3308 2864 καὶ
3348 2808 3508 2873 ποδὸς
3542 2808 3796 2879 Ὢριωνος

2212 2911 2347 2986 ἑῷος
2367 2910 2533 2966 δύνει.
2560 2907 2811 2978 Φιλίππῳ
2833 2906 2928 2959 καὶ
2956 2905 3268 2975 Εὐκτήμονι
3297 2900 3454 2964 ὑετὸς
3471 2940 3486 2966 ,
3519 2898 3791 2973 χειμάζει.

2287 3106 2369 3155 ιε’.
2404 3098 2549 3172 Ὦρα
2579 3103 2648 3166 ιγ’
2675 3097 2705 3149 6
2742 3092 2994 3168 λαμπρὸς
3012 3089 3107 3147 τοῦ
3144 3089 3402 3163 Περσέως
3433 3088 3612 3144 δύνειο
3646 3088 3742 3144 καὶ
3766 3085 3799 3141 ό

525 3220 746 3279 quoque
804 3206 1040 3262 horealis
1107 3205 1335 3261 Coronre
1387 3206 1703 3277 vespertina
1760 3177 2000 3263 occidit.
2046 3207 2112 3261 Et

2214 3190 2465 3265 λαμπρὸς
2487 3188 2583 3243 τοῦ
2616 3186 2828 3260 βορείου
2850 3182 3121 3253 Στεφάνου
3157 3181 3409 3253 ἑσπέριος
3436 3178 3610 3233 δύνειο
3646 3177 3741 3232 καὶ
3767 3178 3800 3230 6

527 3271 709 3356 lucida
763 3297 1111 3355 'Sucularum
1189 3315 1349 3353 mane
1417 3271 1653 3356 occidit.
1714 3300 1988 3373 Egyptiis
2056 3310 2112 3356 et

2214 3284 2465 3357 λαμπρὸς
2488 3282 2596 3338 τῶν
2640 3280 2844 3336 Ὑάδων
2869 3278 3002 3350 ἑῷος
3028 3276 3193 3331 δύνει.
3217 3275 3535 3343 Αἰγυπτίοις
3557 3271 3653 3327 καὶ
3690 3272 3801 3325 '11s-

526 3394 842 3467 liipparcho
886 3393 1082 3448 hiemis
1120 3392 1364 3446 initium.
1405 3393 1617 3448 Cononi
1645 3392 1939 3465 signiticet.

599 3489 685 3544 16.
728 3487 873 3543 llora
902 3504 992 3543 xv:
1022 3486 1205 3542 lucida
1229 3484 1558 3541 Surularum
1591 3488 1861 3544 matutino
1885 3488 2107 3544 occidit.

508 3579 809 3635 -l!ibernat.

601 3675 688 3730 17.
730 3672 939 3730 ιιίοιῐιίε
977 3670 1218 3735 initium,
1261 3678 1315 3726 et
1346 3664 1618 3741 Signiﬁcat
1650 3669 1896 3728 Eudoxo.

594 3768 689 3822 48.
730 3767 863 3834 Quae
892 3768 948 3821 in
984 3765 1179 3835 capite
1221 3772 1307 3818 est
1341 3765 1710 3835 praecedentis
1756 3765 2110 3820 Geminorum

528 3864 838 3933 vespertina
868 3862 1064 3915 oritur.
1096 3859 1320 3915 Eudoxo
1361 3860 1556 3915 hiemis
1584 3859 1823 3923 initium,
1854 3870 1907 3915 et
1940 3860 2112 3931 signi-

529 3954 675 4010 ﬁcat.
712 3952 1023 4008 Democrito
1056 3958 1354 4021 tempestas
1382 3958 1526 4005 terra
1557 3954 1826 4020 marique.

482 4122 486 4129 '
603 4117 689 4172 19.
730 4114 878 4172 Hora
906 4130 997 4169 xxv
1019 4113 1199 4170 lucida
1222 4111 1376 4186 Lyra:
1412 4113 1680 4168 matutino
1717 4113 1914 4169 oritur.
1938 4110 2112 4185 Egy-

528 4212 661 4286 ptiis
692 4216 898 4274 auster,
927 4208 1011 4264 vel
1049 4223 1237 4263 curus.
1261 4207 1465 4262 Cresari
1497 4207 1720 4261 hiemat.

598 4304 690 4359 ‘20.
735 4301 880 4357 liora
928 4314 1028 4355 xm
1069 4299 1377 4355 communis
1434 4295 1607 4352 Fluvii
1659 4307 1713 4352 et
1762 4297 1914 4368 pedis
1952 4295 2112 4354 Orio-

528 4400 617 4456 nis
668 4412 828 4452 mane
885 4394 1122 4458 occidit;
1163 4391 1344 4447 lucida
1379 4389 1564 4447 Persei
1587 4394 1858 4446 matutina
1885 4393 2107 4447 occidit:

526 4508 652 4564 qua:
709 4492 766 4547 in
819 4488 1160 4561 praecedente
1208 4484 1430 4540 Orionis
1478 4485 1705 4539 humero
1732 4492 1837 4551 est,
1878 4486 2108 4552 occidit;

2214 3381 2410 3454 πάρχῳ
2442 3374 2712 3450 χειμῶνος
2753 3374 2918 3447 ἀρχή.
2960 3371 3169 3426 Κόνωνι
3207 3367 3578 3439 ἐπισημαίνει.

2289 3481 2385 3540 ις’.
2410 3472 2555 3544 ’Ὥρα
2585 3475 2661 3535 ις’
2704 3470 2734 3522 6
2780 3463 3029 3537 λαμπρὸς
3068 3463 3177 3517 τῶν
3211 3460 3419 3515 Ὑάδων
3446 3458 3582 3532 ἑῷος
3631 3456 3796 3513 δύνει.

2212 3563 2503 3638 Χειμάζει.

2287 3659 2374 3724 ιζ’.
2412 3653 2695 3728 Χειμῷνος
2728 3651 2894 3725 ἀρχὴ,
2928 3649 3023 3704 καὶ
3052 3646 3308 3721 σημαίνει
3343 3645 3575 3718 Εὐδόξῳ.

2284 3753 2374 3819 ιη’.
2417 3746 2478 3798 '0
2528 3743 2622 3797 ἐπὶ
2672 3741 2773 3811 τῆς
2807 3738 3048 3810 κεφαλῆς
3081 3736 3176 3791 τοῦ
3228 3736 3531 3808 ἡγουμένου
3568 3734 3802 3807 Διδύμου

2215 3838 2469 3910 ἑσπέριος
2493 3833 2796 3891 ἀνατέλλει.
2827 3830 3039 3902 Εὐδόξῳ
3067 3828 3334 3902 χειμῶνος
3358 3829 3523 3901 ἀρχὴ,
3551 3829 3644 3881 καὶ
3684 3830 3805 3881 ἑπι-

2217 3930 2490 4002 σημαίνει.
2523 3926 2849 4001 Δημοκρίτῳ
2875 3921 3079 3996 χειμὼν
3111 3922 3205 3976 καὶ
3245 3919 3386 3976 κατὰ
3409 3924 3513 3993 γῆν
3543 3918 3805 3975 καὶκατὰ

2214 4023 2511 4078 θάλασσαν.

2288 4117 2372 4172 ιϐ’.
2406 4117 2545 4188 Ὥρα
2575 4114 2633 4169 ιδ’
2667 4115 2695 4169 6
2715 4111 2968 4184 λαμπρὸς
2997 4109 3099 4180 τῆς
3122 4107 3305 4180 Δύρας
3335 4106 3468 4179 ἑῷος
3501 4106 3802 4162 ἀνατέλλει.

2213 4209 2531 4279 Αἰγυπτίοις
2563 4207 2713 4271 νότος
2745 4205 2779 4277 ἢ
2808 4201 2987 4277 εὖρος.
3019 4203 3260 4274 Καίσαρι
3288 4199 3561 4273 χειμάζει.

2286 4308 2354 4355 κ’.
2380 4301 2522 4372 Ὠρᾳ
2553 4303 2619 4367 ιγ’
2647 4297 2674 4349 6
2717 4295 2894 4356 κοινὸς
2943 4291 3194 4362 Ποταμοῖ)
3246 4291 3341 4344 καὶ
3379 4288 3537 4351 ποδὸς
3553 4287 3806 4358 Ὠρίωνος

2216 4396 2348 4467 ἑῷος
2371 4392 2549 4447 δύνειο
2585 4389 2681 4443 καὶ
2701 4387 2729 4440 6
2764 4384 3013 4457 λαμπρὸς
3039 4381 3134 4436 τοῦ
3165 4381 3420 4453 Περσέως
3458 4378 3593 4450 ἑῷος
3618 4379 3803 4432 δύνει·

2218 4488 2311 4542 καὶ
2336 4487 2365 4538 6
2403 4485 2459 4538 ἑν
2486 4481 2564 4553 τῷ
2584 4478 2875 4552 ἡγουμένῳ
2920 4476 3058 4545 (ομῳ
3088 4473 3184 4528 τοῦ
3225 4473 3476 4545 Ὠρίωνος
3504 4472 3651 4525 δύνει
3669 4490 3684 4501 ο
3711 4472 3807 4526 καὶ

529 4563 712 4640 media
744 4582 910 4638 baltei
936 4578 1157 4636 Orionis
1198 4579 1401 4633 occidit
1440 4578 1731 4633 matutino.
1767 4577 1970 4634 Caesari
1999 4579 2112 4635 hie-

2219 4581 2247 4633 6
2282 4579 2447 4652 μὲσος
2474 4577 2573 4647 τῆς
2601 4572 2776 4643 ζώνης
2806 4568 2902 4623 τοῦ
2946 4568 3199 4640 Ὠρίωνος
3219 4566 3364 4619 δύνει
3387 4565 3540 4636 ἑῷος.
3565 4563 3806 4636 Καίσαρι

529 4685 666 4733 mat.

602 4768 692 4824 21.
733 4765 881 4823 Hora
902 4782 973 4822 xv
999 4780 1120 4837 quae
1149 4765 1204 4820 in
1236 4763 1563 4835 przecedenti
1594 4768 1822 4819 humero
1843 4773 1931 4821 est
1956 4763 2118 4820 Orio-

528 4862 620 4917 nis
670 4874 832 4915 mane
884 4859 1131 4916 occidit:
1183 4856 1430 4928 ejusdem
1478 4838 1657 4913 baltei.
1697 4855 1877 4911 media
1930 4864 2116 4911 matu-

452 5004 456 5013 ,
530 4955 648 5007 tina
695 4950 918 5008 occidit.
974 4950 1248 5024 Egyptiis
1299 4949 1494 5006 boreas
1561 4957 1676 5004 tota
1713 4949 1804 5005 die
1828 4964 1894 5005 ac
1930 4955 2112 5004 nocte.

531 5042 760 5099 Eudoxo
782 5042 986 5113 pluvia.

602 5132 695 5188 22.
735 5107 883 5188 Hora
914 5149 1005 5187 xiv
1044 5147 1164 5204 quae
1214 5131 1270 5185 in
1308 5128 1655 5202 prascedcnte
1694 5129 1928 5185 humero
1957 5107 2119 5185 orio-

533 5229 620 5285 nis
649 5235 734 5283 est
757 5227 1025 5281 matutino
1049 5222 1271 5279 occidit.

603 5320 694 5375 25.
737 5317 882 5373 Hora
919 5332 1020 5371 xm
1058 5314 1317 5371 Canobus
1350 5329 1511 5369 mane
1536 5314 1759 5368 occidit.
1791 5308 2117 5368 Lucidabo—

535 5416 702 5471 realis
738 5414 972 5468 Corona:
1010 5410 1325 5480 vespertina
1357 5409 1579 5465 occidit.
1625 5406 1687 5461 Et
1719 5423 1840 5478 qua:
1875 5407 1931 5462 iu
1964 5415 2121 5463 ante-

536 5506 764 5562 cedente
791 5505 1021 5560 humero
1051 5500 1302 5568 Orionis;
1332 5516 1453 5571 quae
1489 5501 1543 5555 iu
1595 5501 1775 5571 capite
1802 5499 2117 5570 praeceden-

537 5599 612 5653 t-is
639 5594 992 5652 Geminorum
1021 5604 1126 5661 est,
1177 5608 1403 5665 vespere
1441 5592 1636 5649 oritur.
1673 5590 1902 5647 Eudoxo
1933 5589 2117 5646 hiber-

538 5702 646 5746 nus
678 5690 802 5745 ειειί
835 5697 1035 5745 status.

603 5866 649 5899 "
677 5867 717 5937 ί.
756 5866 1026 5941 ἑσπέριος.

2258 4673 2493 4744 ειμάζει.

2222 4694 2580 4833 χῦῒαῗῗῗὶλρᾳ
2613 4764 2671 4811 ιε’
2704 4758 2734 4811 6
2767 4756 2826 4808 ἑν
2853 4753 2931 4824 τῷ
2953 4752 3241 4825 ἡγουμένῳ
3263 4751 3397 4824 ὤμῳ
3420 4750 3513 4805 τοῦ
3558 4751 3809 4824 Ὠρίωνος

2224 4858 2358 4931 ἑῷος
2387 4854 2554 4918 δύνει,
2587 4851 2683 4905 καὶ
2724 4850 2754 4903 6
2802 4847 2963 4919 μέσος
2987 4845 3087 4914 τῆς
3120 4844 3297 4913 ζώνης
3327 4841 3493 4897 αὐτοῦ
3535 4843 3671 4913 ἑῷος
3715 4843 3809 4895 δύ-

2222 4968 2325 5007 νει.
2370 4945 2687 5016 Αίγυπτίοις
2725 4940 2922 5013 βορέας
2959 4937 3026 4991 δι’
3075 4937 3291 5009 ἡμέρας
3325 4934 3422 4989 καὶ
3461 4934 3673 4998 νυκτός.
3708 4933 3816 4985 E6-

2223 5038 2359 5110 δὸξῳ
2384 5035 2560 5099 ύετός.

2294 5130 2398 5201 κβ’.
2435 5128 2578 5201 Ὥρα
2609 5126 2667 5181 ιδ’
2702 5126 2730 5178 6
2753 5125 2811 5178 ἑν
2848 5121 2928 5194 τῷ
2956 5120 3245 5193 ἡγουμένῳ
3273 5117 3409 5190 ὤμῳ
3446 5115 3542 5170 τοῦ
3559 5114 3818 5188 Ὠρίωνος

2226 5226 2357 5297 ἑῷος
2389 5224 2556 5278 δύνει.

2294 5324 2400 5387 κγ’.
2430 5316 2575 5387 Ὦρα
2619 5319 2685 5384 ιγ’
2729 5312 2758 5364 6
2811 5305 3143 5380 καλούμενος
3181 5300 3445 5365 Κάνωϐος
3476 5299 3611 5372 ἑῷος
3642 5297 3816 5353 δύνει.

2252 5413 2294 5465 0
2315 5408 2567 5481 λαμπρὸς
2584 5406 2678 5460 τοῦ
2707 5403 2917 5477 βορείου
2940 5398 3212 5469 Στεφάνου
3238 5394 3492 5464 ἑσπέριος
3512 5390 3660 5446 δύνει
3679 5406 3693 5420 ο
3718 5390 3821 5442 καὶ

2204 5501 2253 5572 ,ό
2282 5505 2337 5556 ἑν
2356 5499 2434 5572 τῷ
2465 5497 2753 5571 ἡγουμένῳ
2786 5493 2921 5565 ῶμῳ
2953 5489 3046 5543 τοῦ
3086 5489 3365 5572 Ὠρίωνος’
3402 5484 3499 5539 καὶ
3529 5482 3559 5535 6
3590 5481 3682 5535 ἐπὶ
3723 5496 3823 5535 κερ

2226 5569 2516 5662 φαλῆςντού
2540 5586 2843 5660 ἡγουμένου
2874 5580 3105 5652 Διδύμου
3134 5569 3393 5651 ἑσπερίου
3433 5577 3482 5608 ⁷⁸
3508 5573 3820 5630 ἀνατέλλει.

2224 5681 2439 5760 Εὐδόξῳ
2468 5678 2743 5752 χειμέριος
2772 5674 3112 5745 περίστασις.
3139 5665 3158 5705 ”
