4124 6400
421 369 535 431 '8‘77

1282 352 1645 414 promum
1679 355 1770 410 ne
1804 350 2265 445 Ai’PARENTllS
2302 335 2820 411 iNERRANTlUM.

3556 349 3666 408 878

504 492 602 546 κδ’.
632 489 774 562 Ὦρᾳ
823 500 878 556 ιγ
917 487 944 540 6
995 483 1054 538 ἑν
1096 481 1172 552 τῷ
1214 479 1526 554 ἑμπροσθίῳ
1554 477 1709 547 δεξιῷ
1758 475 1998 546 βραχίονι

2170 470 2259 524 24.
2296 469 2438 524 Hora
2492 485 2591 525 xm
2631 485 2752 540 qua
2793 471 2849 524 in
2894 466 3154 524 anteriori
3211 466 3405 522 dextro
3441 464 3668 520 brachio
3752 531 3757 536 Α

431 583 525 639 τοῦ
578 579 890 650 Κενταύρου
932 576 1220 630 ἐπιτέλλει.
1262 574 1318 625 '0
1369 571 1529 642 μέσος
1567 569 1667 638 τῆς
1705 565 1875 634 ζώνης
1906 565 1997 618 τοῦ

443 678 695 752 Ὠρίωνος
719 673 852 744 ἑῷος
876 670 1037 724 δύνει.
1084 669 1288 720 Κόνωνι
1321 662 1452 733 ἑῷος
1483 661 1646 714 δύνει.
1689 657 2004 726 Αἰγυπτίοις

431 751 708 844 χειμέριος
736 765 1068 836 περίστασις.
1097 759 1308 827 Εὐδόξῳ
1334 756 1523 826 βορέας
1549 751 1774 844 ψυχρός.

499 839 606 918 ,ξεί
639 861 698 913 σο
746 860 804 910 ἐν
843 854 920 924 τῷ
959 850 1244 924 ἡγουμένῳ
1279 845 1526 917 ῶμῳτοῦ
1569 843 1816 916 Ὠρίωνος
1869 839 2004 911 ἑῷος

2102 562 2358 618 Centauri
2408 572 2494 618 est
2549 566 2744 620 oritur.
2794 563 2968 618 Media
3020 575 3171 616 zona
3215 559 3439 614 Orionis
3505 571 3666 610 mane

2101 657 2321 710 occidit.
2381 655 2588 712 Cononi
2629 671 2787 713 mane
2833 656 3055 712 occidit.
3129 651 3400 724 Egyptiis
3437 648 3668 703 hiberna

2101 747 2224 800 εωιι
2264 747 2600 802 constitutio:
2631 747 2853 803 Eudoxo
2891 749 3086 802 boreas
3127 745 3380 816 frigidus.

2171 837 2260 895 25.
2301 839 2431 907 Quae
2459 841 2510 894 in
2538 841 2872 911 pracedente
2892 839 3111 896 Orionis
3141 841 3367 898 humero
3391 851 3673 909 est,mano

423 955 609 1010 δύνειο
659 952 752 1006 καὶ
811 951 839 1002 6
898 945 1227 1013 καλούμενος
1295 940 1556 1008 Ἀντάρης
1608 933 1894 988 ἐπιτέλλει.
1947 933 2005 984 'O

2119 931 2323 986 )ccidit.
2347 933 2580 986 Antares
2609 933 2803 986 oritur.
2833 931 3036 986 Lucida
3059 931 3243 989 Persei
3275 949 3434 990 mane
3465 934 3673 990 occidit

430 1045 678 1118 λαμπρὸς
705 1039 799 1094 τοῦ
822 1038 1071 1110 Περσέως
1094 1033 1224 1104 ἑῷος
1250 1030 1391 1084 δύνει
1418 1028 1744 1098 Εὐκτήμονι.
1773 1022 2005 1104 Δοσιθέῳ

426 1138 701 1211 ,χειμαίνει
716 1150 729 1165 ’
759 1133 853 1187 καὶ
884 1130 1056 1192 ὐετός.

501 1205 611 1293 δίςκ
641 1227 784 1296 Ὥρα
817 1221 951 1290 ιγ’ὃη
979 1221 1007 1271 6
1036 1221 1091 1271 ὲν
1115 1214 1190 1286 τῷ
1216 1211 1497 1284 ἡίουμένῳ
1525 1207 1659 1280 ὤμῳ
1695 1205 1788 1259 τοῦ
1821 1205 2008 1275 Ὠρίω-

431 1340 521 1387 νος
547 1320 798 1390 ἑσπέριος
837 1313 1131 1370 ἀνατέλλει.
1175 1311 1231 1363 '0
1259 1306 1503 1379 λαμπρὸς
1532 1304 1629 1373 τῆς
1663 1301 1844 1374 Δύρας
1875 1298 2008 1390 ἑῷος

431 1389 731 1464 ἀνατέλλει.
775 1407 834 1458 '0
867 1402 1129 1473 Ἀντάρης
1169 1396 1454 1452 ἐπιτέλλει.
1501 1390 1712 1463 Εὐδόξῳ
1753 1389 2006 1460 σημαίνει

541 1517 661 1553 οοα.

431 1503 708 1657 Φίῗὲῗαῖο
753 1587 1010 1658 Ἀντόιρης
1056 1581 1340 1637 ἐπιτέλλει.
1383 1577 1544 1632 Κύων
1581 1574 1714 1647 ἑῷος
1745 1572 1909 1626 δύνειο
1951 1571 2007 1623 ’θ

427 1685 686 1756 λαμπρὸς
717 1680 811 1736 τοῦ
845 1677 1093 1752 Ὄρνιθος
1121 1675 1252 1747 ἑῷος
1286 1671 1595 1727 ἀνατέλλει·
1631 1668 1724 1722 καὶ
1770 1669 1799 1720 6
1836 1667 1894 1719 ἑν
1929 1663 2000 1732 τῷ

435 1777 688 1848 ἑπομένῳ
727 1772 862 1844 ώμῳ
897 1770 988 1824 τοῦ
1029 1770 1279 1844 Ὠρίωνος
1307 1764 1440 1836 ἑῷος
1481 1764 1644 1816 δύνει.
1689 1757 2006 1829 Αἰγυπτίοις

2105 1023 2446 1082 Ευοιεηιοιιί.
2477 1025 2736 1082 Dositheo
2773 1025 2991 1086 hiemat.
3032 1042 3155 1082 cum
3195 1028 3399 1097 pluvia.

2173 1206 2264 1263 26.
2286 1205 2428 1262 liora
2458 1223 2554 1260 xm
2581 1206 2682 1278 1/2
2699 1221 2818 1276 qua
2835 1209 2887 1260 in
2908 1207 3242 1277 pracedente
3259 1205 3484 1260 humero
3508 1203 3675 1260 Orio-

2108 1302 2193 1358 nis
2231 1310 2317 1358 est
2356 1313 2578 1370 vespere
2619 1300 2811 1353 oritur.
2850 1298 3052 1354 Lucida
3083 1297 3235 1370 Lyra
3273 1313 3433 1352 mane
3471 1299 3668 1352 oritur.

2107 1393 2340 1449 Antares
2368 1393 2561 1448 oritur.
2596 1390 2821 1446 Eudoxo
2841 1391 3190 1446 vehementer
3211 1390 3496 1462 signiﬁcat.

2177 1571 2264 1625 27.
2302 1569 2535 1625 Antares
2584 1569 2779 1626 oritur.
2829 1568 2994 1624 Canis
3018 1568 3196 1623 o‘ritur
3232 1582 3412 1623 mane.
3462 1565 3669 1624 Lucida

2109 1662 2276 1733 Cygni
2305 1677 2463 1717 mane
2486 1661 2700 1724 oritur;
2748 1676 2868 1732 qua
2891 1661 2945 1714 in
2973 1659 3301 1714 succedente
3329 1659 3556 1713 humero
3586 1665 3672 1713 est

2110 1755 2327 1811 Orionis
2353 1770 2511 1810 mane
2541 1754 2762 1810 occidit.
2809 1751 3078 1823 Egyptiis
3115 1759 3169 1806 et
3198 1750 3508 1822 Hipparcho
3551 1765 3674 1805 cro-

436 1833 849 1937 καὶιῚππάρὲῳ
896 1863 1044 1925 νότος
1089 1833 1308 1922 πυκνός.
1351 1833 1562 1927 Εὐδόξῳ
1585 1896 1600 1920 ,
1645 1853 1854 1908 Κόνωνι
1898 1870 2010 1924 χει-

2119 1851 2204 1906 ber
2226 1851 2431 1906 auster.
2467 1849 2690 1904 Eudoxo
2718 1856 2773 1903 et
2808 1847 3018 1904 ϐοοοηί
3060 1845 3282 1904 hiemat.

484 1959 622 2026 ἀζει.

432 1981 622 2123 ﬂetis]:
653 2051 712 2103 '0
738 2050 794 2103 ἑν
814 2046 892 2118 τῷ
913 2043 1198 2118 ἡγουμένῳ
1223 2038 1356 2114 ὤμῳ
1376 2038 1470 2094 τού
1486 2041 1734 2110 Ὠρίωνος
1760 2037 2010 2107 ἑσπέριος

438 2142 745 2200 ἀνατέλλειο
775 2139 868 2194 καί
887 2141 914 2193 6
942 2138 1032 2191 ἑπὶ
1054 2137 1151 2206 τῆς
1180 2134 1420 2204 κεφαλῆς
1448 2131 1539 2185 τοῦ
1568 2130 1869 2202 ἡγουμένου
1902 2127 2010 2180 τῶν

436 2233 684 2304 Διδύμων
707 2230 957 2302 ἑσπέριος
1005 2224 1303 2280 ἀνατέλλει.
1328 2223 1468 2294 "Op;
1494 2221 1622 2274 ιε’8’⁹
1651 2221 1679 2272 6
1710 2217 1871 2290 μέσος
1905 2216 2009 2286 τῆς

440 2328 616 2399 ζώνης
646 2324 738 2380 τοῦ
770 2323 1019 2396 Ὠρίωνος
1048 2319 1179 2391 ἑῷος
1215 2319 1380 2372 δύνει.
1421 2317 1478 2370 'O
1510 2313 1838 2386 καλούμενος
1863 2313 2014 2364 Ἀντο

433 2417 579 2490 ἂρης
618 2414 906 2470 ἐπιτέλλει.
937 2410 1252 2480 Αἰγυπτίοις
1280 2409 1534 2480 ψακάζει.

512 2509 615 2564 κδ’.
647 2509 786 2579 "Dp;
845 2505 978 2576 ιγ’5”
1014 2507 1042 2558 6
1085 2503 1248 2575 μέσος
1292 2502 1389 2572 τῆς
1417 2498 1590 2570 ζώνης
1633 2497 1725 2550 τοῦ
1763 2495 2012 2570 Ὠρίωνος

433 2601 760 2676 ἑῷοςδύνει.
779 2600 920 2670 "Dp;
949 2603 1007 2650 ιε’
1029 2597 1058 2650 6
1080 2595 1406 2666 καλούμενος
1433 2592 1693 2662 Ἀντάρης
1715 2588 2011 2643 ἀνατέλλει.

515 2695 579 2748 λ’.
624 2694 682 2747 '0
735 2690 898 2763 μέσος
939 2691 1038 2760 τῆς
1083 2686 1257 2758 ζώνης
1275 2684 1368 2739 τοῦ
1409 2685 1659 2756 Ὠρίωνος
1701 2681 1832 2752 ἑῷος
1870 2681 2014 2734 δύνει

434 2784 564 2860 ὗρᾳ
598 2785 657 2840 ιδ’
664 2825 678 2849 ,
713 2785 808 2838 καὶ
851 2785 905 2838 6°
926 2784 982 2836 ἑν
1026 2781 1106 2852 τῷ
1139 2778 1422 2851 ἡγουμένῳ
1468 2776 1600 2848 ὢμῳ
1630 2775 1723 2828 τοῦ
1766 2773 2015 2847 Ὠρίωνος

439 2879 694 2951 ἑσπέριος
717 2874 1016 2930 ἀνατέλλει.
1054 2873 1194 2942 "Op;
1237 2869 1368 2924 te'S"
1410 2869 1503 2923 καὶ
1532 2869 1560 2921 6
1589 2867 1678 2921 ἑπὶ
1721 2867 1818 2937 τῆς
1841 2878 2014 2935 κείρασ-

433 2968 542 3042 λῆς
569 2969 661 3024 τοῦ
693 2969 958 3041 ἑπομένου
989 2965 1223 3036 Διδύμου
1249 2962 1503 3034 ἑσπέριος
1532 2959 1824 3016 ἀνατέλλει.

828 3080 968 3149 Μὴν
1012 3079 1211 3141 Χοιὰκ,
1257 3077 1621 3147 Δεκέμϐριος.

2177 2026 2269 2083 28.
2311 2025 2442 2093 Qua
2471 2027 2525 2081 in
2567 2025 2921 2081 antecedente
2951 2023 3170 2082 Orionis
3201 2024 3427 2080 humero
3471 2030 3553 2077 est
3591 2038 3677 2077 ve-

2113 2135 2269 2190 spere
2311 2121 2489 2176 oritur
2521 2139 2533 2172 :
2571 2135 2692 2189 qua
2721 2119 2774 2173 in
2810 2119 2988 2192 capite
3031 2128 3113 2175 est
3158 2117 3529 2176 antecedentis
3569 2115 3677 2170 Ge-

2112 2213 2385 2267 minorum
2429 2226 2654 2281 vespere
2675 2212 2872 2266 oritur.
2920 2208 3068 2264 Hora
3106 2225 3176 2264 xv
3195 2206 3297 2282 i/‘Z
3327 2209 3504 2263 media
3525 2223 3678 2264 zona

2113 2309 2331 2366 Orionis
2382 2327 2542 2368 mane
2583 2312 2825 2370 occidit.
2874 2312 3104 2367 Antares
3158 2312 3354 2367 oritur.
3408 2311 3678 2384 [Egyptiis

2113 2397 2353 2458 Stillatim
2397 2403 2552 2474 pluit.

2183 2495 2274 2552 29.
2300 2493 2443 2549 liora
2479 2511 2574 2550 xui
2594 2495 2697 2567 1/2
2715 2495 2889 2550 media
2924 2511 3075 2552 zona
3099 2493 3318 2551 Orionis
3347 2511 3508 2551 mane
3532 2497 3648 2552 occi
3667 2527 3680 2543 ς

2115 2591 2215 2646 dit.
2249 2589 2394 2644 Hora
2429 2604 2499 2643 xv
2531 2588 2769 2643 Antares
2809 2587 3006 2642 oritur.

2185 2680 2272 2738 50.
2313 2675 2485 2734 Media
2523 2694 2675 2732 zona
2701 2676 2919 2733 Orionis
2951 2693 3109 2734 mane
3143 2680 3340 2734 occidit
3385 2680 3519 2737 hora
3550 2696 3676 2747 xiv;

2114 2788 2235 2845 qua
2263 2773 2318 2828 in
2350 2771 2705 2826 antecedente
2731 2771 2960 2826 humero
2979 2771 3198 2826 Orionis
3216 2779 3298 2824 est
3321 2787 3542 2840 vespere
3568 2773 3680 2828 ori-

2114 2875 2227 2924 tur.
2250 2865 2396 2920 liora
2424 2881 2494 2920 xv
2520 2863 2620 2934 1/2
2657 2872 2711 2920 et
2741 2881 2860 2934 qua
2893 2867 2946 2918 iu
2969 2866 3146 2934 capite
3167 2865 3548 2936 subsequentis
3577 2864 3681 2919 Ge~

2117 2962 2392 3017 minorum
2421 2968 2525 3021 est.
2561 2974 2788 3028 vespere
2819 2961 3016 3012 oritur.

2330 3073 2437 3146 45
2478 3072 2676 3128 Mensis
2709 3073 2915 3134 Ghanc,
2940 3073 3028 3144 qui
3055 3082 3130 3127 est
3155 3072 3450 3127 December.

513 3181 584 3228 α’.
602 3174 743 3245 Ὠρᾳ
774 3171 832 3226 ιδ’
854 3170 1013 3226 Κύων
1031 3169 1196 3222 δύνει.
1221 3169 1361 3240 Ὥρα
1381 3174 1435 3220 ιε’
1451 3171 1480 3220 6
1499 3164 1749 3236 λαμπρὸς
1765 3162 1856 3217 τοῦ
1879 3165 2015 3233 Περ-

2190 3168 2238 3225 Ι.
2276 3166 2419 3222 Hora
2439 3182 2527 3221 xw
2542 3164 2704 3220 Canis
2734 3163 3084 3236 [matutinus]
3101 3164 3320 3218 occidit.
3340 3164 3484 3219 Hora
3511 3180 3579 3219 xv
3602 3165 3685 3218 lu-

439 3266 584 3328 σέως
608 3264 740 3334 ἑῷος
774 3263 938 3316 δύνει.
980 3260 1293 3330 Αἰγυπτίοις
1315 3260 1460 3322 νότος
1483 3258 1575 3310 καὶ
1599 3258 1770 3320 ύετός.
1802 3255 2015 3327 Εὐδόξῳ

445 3352 685 3427 ἀκρασία
717 3355 912 3424 ἀέρων.
958 3351 1190 3422 Δοσιθέῳ
1225 3349 1593 3421 ἑπισημαίνει.
1623 3348 1946 3420 Δημοκρίτῳ
1987 3349 2016 3400 6

438 3444 673 3516 οὐρανὸς
705 3443 1046 3515 ταραχώδης,
1076 3443 1170 3496 καὶ
1203 3441 1238 3512 ἡ
1263 3440 1504 3494 Θάλασσα
1533 3439 1608 3503 ὡς
1639 3438 1707 3493 τὰ
1729 3437 1916 3490 πολλά.

519 3625 585 3696 β’.
619 3626 762 3698 ’Ὠρᾳ
819 3634 890 3694 ιγ’
919 3628 945 3679 ό
971 3625 1028 3680 ἑν
1061 3625 1138 3696 τῷ
1169 3622 1423 3695 ἑπομένῳ
1453 3617 1587 3694 ὤμῳ
1622 3618 1717 3677 τού
1768 3623 2020 3694 Ὠρίωνος

445 3713 703 3789 ἑσπέριος
743 3718 1041 3771 ἀνατέλλει.
1070 3715 1212 3788 ’Ὠρᾳ
1257 3715 1393 3785 ιγ’8”
1425 3713 1518 3768 καὶ
1561 3713 1737 3778 κοινὸς
1766 3713 2018 3786 Ποταμοῦ

449 3811 546 3864 καὶ
576 3809 732 3874 ποδὸς
798 3808 1050 3880 Ὠρίωνος
1095 3807 1375 3862 ἀνατέλλει
1423 3806 1692 3878 ἑσπέριος.
1721 3806 1864 3877 Ἥρᾳ
1890 3807 1953 3859 ιδ’
1993 3807 2022 3859 6

450 3900 545 3953 ἐπὶ
597 3901 698 3971 τῆς
749 3899 988 3971 κεφαλῆς
1015 3897 1110 3952 τοῦ
1162 3898 1464 3970 ἡγουμένου
1498 3898 1728 3968 Διδύμου
1768 3897 2023 3968 ἑσπέριος

449 3991 747 4048 ἀνατέλλει.
777 3993 918 4064 ’Ὠρᾳ
964 3989 1102 4059 ιγ’5”
1130 3992 1224 4044 καὶ
1249 3994 1278 4045 6
1303 3991 1362 4045 ἑν
1385 3989 1462 4060 τῷ
1495 3991 1743 4061 ἑπομένῳ
1772 3987 1906 4060 ώμῳ
1928 3988 2022 4042 τοῦ

464 4078 714 4150 Ὠρίωνος
736 4079 867 4150 ἑῷος
895 4079 1062 4135 δύνει.
1094 4080 1231 4152 Ὥρα
1264 4079 1328 4132 ιδ’
1356 4080 1384 4131 6
1408 4077 1661 4150 λαμπρὸς
1692 4077 1786 4132 τοῦ
1811 4077 2023 4151 βορείου

449 4171 723 4240 Στεφάνου
747 4171 998 4242 ἑσπέριος
1029 4171 1196 4227 δύνει.
1799 4153 1804 4157 ’

518 4270 589 4333 γ’.
621 4265 764 4336 ’Ὥρα
785 4271 843 4318 ιε’
861 4267 889 4318 6
920 4265 1010 4320 ἐπὶ
1028 4263 1120 4318 τοῦ
1143 4263 1444 4336 ἡγουμένου
1469 4263 1624 4334 ὤμου
1641 4263 1750 4318 τῶν
1779 4263 2028 4335 Διδύμων

450 4353 586 4425 ἑῷος
623 4356 788 4409 δύνει.

519 4445 582 4499 δ’.
611 4447 753 4518 Ὥρα
801 4445 858 4503 ιδ’
885 4447 915 4499 6
938 4445 1184 4516 λαμπρὸς
1219 4444 1321 4515 τῆς
1351 4443 1536 4516 Δύρας
1566 4443 1698 4516 ἑῷος
1723 4445 2024 4509 ἀνατέλλει,

2116 3261 2238 3317 cida
2276 3257 2460 3314 Persei
2491 3256 2751 3310 matutina
2792 3256 3012 3310 occidit.
3055 3255 3327 3326 Aigyptiis
3377 3263 3580 3319 auster,
3631 3263 3686 3310 et

2117 3352 2320 3425 pluvia.
2364 3349 2589 3405 Eudoxo
2635 3350 2778 3405 aeris
2811 3349 3179 3419 intemperies.
3227 3347 3484 3402 Dositheo
3519 3349 3688 3418 signi-

2119 3445 2262 3498 ﬁcat.
2313 3440 2624 3498 Democrito
2661 3442 2860 3497 etclam
2899 3441 3293 3506 turbulentum,
3335 3446 3396 3495 ut
3423 3448 3476 3496 et
3536 3456 3688 3497 mare

2119 3536 2336 3606 sapius.

2187 3629 2242 3682 2.
2277 3625 2420 3681 Hora
2451 3641 2545 3681 xm
2579 3641 2698 3695 qua!
2731 3632 2814 3680 est
2861 3623 2917 3678 in
2967 3624 3292 3679 succedente
3330 3622 3550 3677 Orionis
3585 3606 3691 3676 hu-

2120 3733 2271 3774 mero
2291 3717 2596 3788 vespertina
2614 3718 2811 3770 oritur.
2832 3713 2971 3769 Hora
2992 3729 3086 3767 xm
3111 3715 3208 3785 1/9.
3225 3715 3528 3768 communis
3561 3710 3690 3765 Flu-

2121 3813 2208 3865 vio
2231 3818 2284 3865 et
2314 3807 2532 3864 Orionis
2566 3808 2687 3878 pedi
2717 3807 2892 3861 oritur
2937 3821 3180 3875 vespere.
3235 3803 3379 3859 liora
3426 3819 3517 3858 xiv
3568 3819 3692 3872 qua

2122 3904 2178 3959 in
2209 3903 2385 3972 capite
2413 3899 2768 3973 pracedentis
2798 3908 2882 3955 est
2908 3898 3262 3954 Geminorum
3308 3912 3532 3967 vespere
3577 3899 3692 3950 ori-

2122 4001 2232 4048 tur.
2266 3991 2409 4048 liora
2427 4008 2520 4046 xm
2545 3991 2646 4062 1/2
2662 4007 2782 4061 qua
2808 3998 2891 4044 est
2909 3990 2961 4044 in
2981 3988 3307 4044 succedente
3333 3985 3553 4042 Orionis
3590 3985 3693 4039 hn-

2123 4101 2278 4142 mero
2322 4084 2591 4140 matutino
2643 4084 2864 4138 occidit.
2919 4081 3064 4136 liora
3117 4097 3207 4135 xlv
3247 4079 3426 4134 lucida
3456 4077 3695 4137 borealls

2125 4177 2356 4232 Corona
2382 4190 2606 4246 vespere
2635 4174 2857 4229 occidit.

2186 4269 2247 4323 ὅ.
2277 4268 2426 4323 Hora
2453 4283 2525 4322 xv
2546 4282 2667 4337 qua
2694 4273 2780 4321 est
2810 4265 2866 4319 in
2896 4262 3230 4336 praecedente
3258 4261 3490 4318 humero
3513 4260 3697 4318 Genti.

2129 4375 2324 4416 norum
2359 4373 2519 4415 mane
2545 4357 2767 4414 occidit.

2200 4453 2254 4506 ι.
2288 4449 2432 4506 Hora
2458 4469 2549 4508 xiv
2577 4450 2757 4506 lucida
2789 4447 2944 4520 Lyra
2965 4462 3124 4502 mane
3160 4447 3356 4512 oritur,
3403 4455 3458 4502 et
3481 4461 3604 4518 qua
3635 4445 3694 4503 in

450 4547 544 4594 και
587 4540 617 4592 6
671 4541 730 4592 ἑν
761 4539 839 4609 τῷ
868 4539 1121 4610 ἑπομένῳ
1168 4536 1303 4610 ώμῳ
1345 4537 1440 4592 τοῦ
1484 4538 1733 4609 Ὠρίωνος
1769 4537 2015 4610 ἑσπέριος

2128 4545 2454 4601 succedente
2507 4543 2649 4598 inest
2701 4539 2920 4597 Orionis
2965 4539 3191 4594 humero
3228 4551 3452 4609 vespere
3497 4537 3693 4597 oritur.

451 4629 727 4686 ἀνατέλλει
747 4646 762 4661 ο
801 4631 897 4684 καὶ
922 4633 950 4683 6
969 4630 1131 4701 μέσος
1157 4631 1255 4702 τῆς
1271 4629 1444 4702 ζώνης
1467 4630 1560 4683 τοῦ
1593 4630 1840 4702 Ὠρίωνος
1866 4630 2027 4689 ἑσπέ-

452 4737 566 4790 ριος
595 4720 877 4775 ἀνατέλλει
895 4739 908 4752 ·
961 4722 1056 4774 καὶ
1085 4722 1114 4773 6
1141 4723 1234 4774 ἐπὶ
1259 4721 1355 4792 τῆς
1383 4721 1620 4792 κεφαλῆς
1639 4720 1732 4774 τοῦ
1756 4722 2024 4792 ἑπομένου

448 4811 698 4882 Διδύμων
742 4811 993 4883 ἑσπέριος
1038 4810 1334 4867 ἀνατέλλει.
1375 4812 1689 4882 Αἰγυπτίοις
1731 4811 2022 4884 ζέφυροςῆ

452 4901 602 4967 νότος
629 4903 698 4957 δι’
727 4902 958 4974 ἡμέρας.
984 4902 1190 4956 Κόνωνι
1212 4903 1501 4975 χειμαίνει.

523 4999 586 5046 ε’.
629 4991 686 5044 'O
726 4990 1056 5062 καλούμενος
1081 4991 1179 5056 Αἲξ
1229 4993 1364 5063 ἑῷος
1392 4993 1537 5046 δύνει
1561 5009 1575 5024 ο
1607 4996 1702 5047 καὶ
1749 4995 1778 5051 6
1811 4995 1906 5048 ἐπὶ
1929 4996 2028 5066 τῆς

454 5080 697 5154 κεφαλῆς
721 5080 813 5135 τοῦ
843 5082 1145 5152 ἡγουμένου
1183 5081 1410 5153 Διδύμου
1442 5083 1695 5154 ἑσπέριος
1725 5085 2025 5139 ἀνατέλλει.

455 5173 620 5228 Κύων
673 5171 807 5242 ἑῷος
845 5171 1010 5226 δύνει.
1053 5173 1112 5226 'O
1155 5175 1212 5226 ἑν
1239 5176 1305 5245 τῇ
1338 5175 1548 5246 κεφαλῇ
1591 5175 1685 5228 τοῦ
1723 5177 2026 5248 ἡγουμένου

455 5264 688 5334 Διδύμου
736 5263 988 5334 ἑσπέριος
1039 5261 1337 5318 ἀνατέλλει,
1389 5263 1649 5337 Καίσαρι,
1699 5268 2028 5340 Εὐκτήμονι,

455 5353 730 5422 Καλίππῳ
761 5357 1051 5427 χειμαίνει.

528 5450 603 5509 ς’.
649 5446 787 5516 ’Ὠρᾳ
821 5446 952 5502 ιδ’δη
988 5448 1016 5500 6
1047 5447 1106 5499 ἑν
1135 5444 1212 5517 τῷ
1256 5447 1574 5522 ἑμπροσθίῳ
1617 5447 1893 5522 βατραχίῳ
1938 5446 2032 5504 τοῦ

458 5534 771 5607 Κενταύρου
821 5537 1118 5592 ἐπιτέλλει*
1172 5540 1204 5592 6
1257 5540 1315 5592 ἑν
1355 5538 1434 5610 τῷ
1479 5539 1728 5610 ἑπομένῳ
1774 5540 1912 5612 ὤμῳ
1940 5540 2032 5594 τοῦ

472 5625 725 5699 Ὠρίωνος
780 5629 1081 5684 ἀνατέλλει.
1111 5628 1460 5702 Μητροδώρῳ
1479 5629 1732 5701 χειμερία
1772 5632 2033 5703 περίστα-

462 5735 565 5782 σις.
597 5720 925 5793 Εὐκτήμονι,
955 5722 1228 5792 Καλίππῳ
1254 5721 1471 5792 ἀνέμων
1505 5722 1718 5788 ἀταξία.

531 5810 596 5879 ζ’.
634 5812 774 5886 Ὠρᾳ
827 5814 956 5871 ιδ¹5”
989 5818 1016 5869 6
1039 5815 1214 5880 κοινὸς
1245 5814 1495 5887 Ποταμού
1527 5815 1619 5874 καὶ
1652 5816 1810 5890 ποδὸς
1837 5818 2031 5898 Ὠρίω-

2128 4635 2301 4692 Media
2333 4649 2483 4690 zona
2515 4633 2734 4690 Orionis
2759 4647 2984 4701 vespere
3006 4631 3203 4687 oritur.
3236 4630 3367 4697 Qua
3401 4637 3487 4684 est
3517 4630 3572 4684 in
3604 4643 3693 4682 ea-

2124 4727 2240 4797 pite
2305 4723 2646 4780 succedentis
2715 4721 3066 4778 Geminorum
3126 4719 3436 4791 vespertina
3497 4719 3697 4781 oritur.

2129 4816 2400 4888 Egyptiis
2445 4815 2716 4888 zephyrus
2765 4815 2850 4871 vel
2909 4821 3094 4870 auster
3155 4821 3269 4868 tota
3321 4813 3430 4870 die.
3483 4813 3703 4872 Conoui

2128 4911 2351 4965 hiemat.

2200 4999 2252 5054 5.
2296 4997 2474 5068 Capra
2506 5012 2665 5054 mane
2708 4995 2911 5054 occidit
2942 5015 2955 5050 :
2982 5012 3103 5068 qua
3141 5004 3226 5052 est
3255 4998 3311 5052 in
3353 4997 3527 5068 capite
3562 5010 3703 5066 ιιι-ιε-

2131 5090 2375 5146 cedentis
2404 5088 2755 5145 Geminorum
2788 5103 3014 5158 vespere
3066 5089 3264 5143 oritur.
3309 5085 3474 5142 Canis
3523 5095 3701 5140 matu-

2131 5180 2280 5235 tinus
2306 5178 2546 5233 occidit:
2577 5193 2698 5248 qua
2724 5183 2809 5233 est
2842 5178 2896 5232 in
2929 5178 3105 5248 capite
3137 5176 3494 5248 praecedentis
3518 5175 3703 5232 Gemi-

2133 5285 2328 5324 norum
2363 5283 2585 5338 vespere
2605 5268 2801 5324 oritur.
2837 5267 3062 5331 Caesari,
3099 5267 3440 5334 Euetemoni,
3475 5266 3703 5339 Calippo

2135 5357 2363 5415 hiemat.

2207 5450 2258 5505 6.
2285 5449 2428 5506 Hora
2455 5467 2546 5506 xiv
2563 5450 2666 5523 1/2
2680 5467 2802 5522 qua
2823 5458 2908 5508 est
2940 5451 2995 5508 in
3013 5453 3273 5509 anteriori
3301 5452 3550 5508 musculo
3564 5449 3705 5506 Cen-

2138 5543 2280 5600 tauri
2324 5544 2499 5600 oritur
2540 5562 2555 5600 :
2589 5560 2710 5616 qua
2751 5554 2834 5600 est
2867 5545 2923 5600 in
2972 5547 3300 5602 succedente
3343 5545 3564 5601 Orionis
3605 5543 3710 5596 hu.

2136 5651 2292 5691 mero
2347 5638 2542 5693 oritur.
2597 5637 2905 5693 Metrodoro
2947 5638 3174 5694 hiberna
3226 5640 3351 5694 cali
3398 5637 3707 5708 temperies.
3779 5642 3783 5646 '

2138 5727 2484 5795 Euetemoni,
2517 5729 2746 5800 calippo
2771 5737 3057 5785 ventorum
3088 5731 3474 5785 inconstantia.

2210 5823 2262 5911 7.
2297 5821 2441 5882 liora
2469 5837 2559 5880 xlv
2579 5823 3001 5911 /2‘eommunis
3033 5822 3207 5881 Fluvii
3229 5832 3278 5880 ct
3311 5824 3466 5895 pedis
3494 5820 3717 5884 Otionit
