4124 6400
413 444 514 502 881

1259 447 1634 506 Ρτυιιειιλει
1669 450 1758 506 DE
1796 452 2257 511 APPARENTHS
2295 449 2808 509 ιΝΕιιιιΑΝτιυΜ..

3560 445 3682 504 882'.

487 563 588 628 κζ’·
615 565 756 636 Ὥρᾳ
783 571 850 634 ιγ’
876 566 902 618 6
921 564 1167 637 λαμπρὸς
1187 565 1280 619 τοῦ
1295 567 1483 622 Ἀετοῦ
1509 567 1828 640 κρύπτεται·
1850 571 1990 642 Προ-
2016 576 2061 636 Α

2165 571 2255 626 27.
2291 570 2435 626 liora
2474 586 2574 625 xm
2605 569 2786 624 lucida
2811 565 3024 636 Aquilae
3055 567 3382 623 occultatur.
3419 565 3675 638 Procyon.

413 655 561 708 κύων
600 655 851 728 ἑσπέριος
873 656 1170 710 ἀνατέλλει.

485 753 592 819 κη’.
637 746 694 801 '0
715 749 772 800 ἐν
797 747 872 818 τῷ
903 749 1150 821 ἑπομένῳ
1166 747 1300 821 ὢμῳ
1313 749 1404 804 τοῦ
1420 751 1662 822 Ἠνιόχου
1679 751 1812 822 ἑῷος
1825 750 1991 806 δύνει.

422 837 485 892 Ὀ
531 838 782 909 λαμπρὸς
828 839 920 892 τοῦ
974 841 1147 893 νοτίου
1205 841 1406 912 Ἰχθύος
1453 842 1776 915 κρύπτεται.
1823 845 1993 912 Αἰγυ-

412 929 588 992 πτίοις
618 929 906 998 χειμαίνει.
945 931 1159 985 Μέτωνι
1186 931 1557 1002 ἐπισημαίνει.
1595 933 1859 1006 Ὄμϐρος.

480 1018 584 1071 κθ’.
644 1020 905 1090 Προκύων
937 1023 1189 1094 ἑσπέριος
1223 1025 1524 1081 ἀνατέλλει.
1551 1027 1872 1095 Αἰγυπτίοις
1898 1025 1996 1080 καὶ

410 1109 628 1165 Μέτωνι
658 1113 1027 1182 ἐπισημαίνει.
1073 1116 1355 1188 Ἀκρασία.

481 1201 544 1254 λ’.
583 1203 724 1275 Ὥρα
761 1205 820 1258 ιδ’
851 1207 880 1258 6
919 1206 1173 1278 λαμπρὸς
1203 1209 1298 1262 τοῦ
1339 1209 1524 1264 Ἀετοῦ
1550 1211 1801 1283 ἑσπέριος
1822 1211 1990 1268 δύνει.

411 1294 732 1362 Αἰγυπτίοις
751 1294 864 1365 λίψ,
898 1297 994 1351 καὶ
1026 1298 1267 1370 ἀκρασία
1291 1299 1468 1372 ἀέρος.

794 1429 938 1501 Μὴν
974 1431 1352 1502 Ἰανουάριος,
1383 1433 1421 1502 ἣ
1458 1434 1615 1489 Τυεί.

485 1572 554 1622 α’.
584 1566 727 1638 Ὦρα
767 1567 827 1620 ιδ’
880 1567 1043 1623 Κύων
1103 1569 1352 1641 ἑσπέριος
1380 1569 1678 1625 ἀνατέλλει.
1732 1569 1996 1642 Προκύων

414 1650 668 1735 ἑσπέριος
698 1663 999 1719 ἀνατέλλει.
1027 1665 1353 1736 Δημοκρίτῳ
1393 1665 1598 1737 χειμὼν
1620 1665 1993 1737 ἐπισημαίνει.

491 1849 554 1920 β’.
591 1847 650 1899 '0
700 1846 794 1899 ἐπὶ
851 1844 952 1915 τῆς
1002 1843 1245 1914 κεφαλῆς
1285 1843 1381 1897 τοῦ
1428 1843 1730 1916 ἡγουμένου
1762 1845 1994 1918 Διδύμου

418 1941 554 2012 ἑῷος
576 1939 745 1992 δύνει.
786 1936 1021 2006 Δοσιθέῳ
1038 1935 1328 2006 χειμαίνει.

485 2040 558 2102 γ’.
598 2033 658 2085 '0
708 2030 958 2102 λαμπρός
1017 2029 1112 2082 τοῦ
1191 2028 1373 2082 Ἀετοῦ
1400 2029 1691 2083 ἐπιτέλλει.
1738 2029 1999 2102 Προκύων

412 2127 670 2198 ἑσπέριος
701 2124 998 2178 ἀνατέλλει.
1024 2123 1284 2193 Φιλήμονι
1310 2123 1679 2194 ἐπισημαίνει.

487 2218 548 2272 δ’.
578 2219 718 2290 Ὦρα
745 2223 811 2286 ιγ’
837 2217 866 2268 6
890 2215 1140 2286 λαμπρὸς
1153 2214 1247 2268 τοῦ
1274 2215 1523 2288 Ὄρνιθος
1550 2215 1681 2286 ἑῷος
1700 2214 1996 2269 ἀνατέλλει.

427 2307 488 2361 '0
511 2308 601 2360 ἐπί
627 2308 726 2379 τῆς
754 2305 998 2376 κεφαλῆς
1041 2304 1134 2358 τοῦ
1180 2306 1447 2376 ἑπομένου
1476 2305 1708 2376 Διδύμου
1751 2304 1883 2375 ἑῷος
1911 2305 2001 2358 δύ-

414 2417 521 2455 νει.
562 2399 620 2454 '0
649 2399 900 2472 λαμπρὸς
917 2398 1010 2452 τοῦ
1050 2397 1235 2451 Ἀετοῦ
1272 2399 1527 2470 ἑσπέριος
1566 2397 1732 2452 δύνει.
1780 2398 1837 2452 '0
1861 2398 2001 2468 λαμ-

415 2489 556 2563 πρὸς
589 2488 681 2542 τοῦ
714 2489 888 2544 νοτίου
929 2486 1132 2559 ’ἰχθύος
1165 2487 1486 2558 κρύπτεται.
1537 2488 1856 2556 Αἰγυπτίοις
1884 2505 1997 2560 χει-

354 2629 360 2632 .
418 2580 583 2652 μάζει
613 2579 753 2635 κατὰ
784 2579 1077 2634 θάλασσαν.
1123 2579 1432 2650 Εὐκτήμονι
1467 2578 1830 2650 ἑπιχειμάζει.

489 2767 554 2818 ε’.
587 2761 730 2834 Ὥρα
761 2760 820 2815 ιδ’
850 2760 984 2815 όὲπί
1002 2760 1101 2832 τῆς
1133 2759 1377 2831 κεφαλῆς
1391 2757 1485 2813 τοῦ
1509 2759 1814 2831 ἡγουμένου
1841 2759 1999 2814 Διδύ-

416 2871 523 2926 μου
547 2853 680 2924 ἑῷος
698 2853 862 2908 δύνει.

490 2950 566 3009 ς’.
600 2945 742 3016 Ὦρα
769 2951 834 3014 ιγ’
864 2946 892 2999 6
920 2943 1061 2998 κατὰ
1092 2945 1153 3000 τὸ
1171 2945 1299 3015 γόνυ
1323 2945 1417 2999 τοῦ
1447 2944 1677 3012 Τοξότου
1707 2946 1994 3000 ἐπιτέλλει.

414 3035 581 3090 Κύων
615 3036 866 3109 ἑσπέριος
896 3037 1063 3092 δύνει.

489 3128 554 3194 ζ’.
589 3129 728 3201 Ὥρα
753 3135 813 3182 ιε’
847 3131 874 3182 6
907 3128 1158 3201 λαμπρὸς
1185 3127 1278 3182 τοῦ
1307 3129 1489 3184 ’Λετοῦ
1534 3130 1788 3204 ἑσπέριος
1827 3131 1994 3186 δύνει.

425 3222 812 3293 Ἐπισημαίνει
846 3221 920 3285 ὼς
957 3221 1214 3294 Δοσιθέῳ.

483 3322 559 3388 η’.
593 3317 733 3387 Ὥρα
769 3315 826 3368 ιδ’
854 3318 882 3369 6
907 3317 999 3369 ἐπὶ
1017 3315 1118 3386 τῆς
1158 3314 1404 3385 κεφαλῆς
1434 3315 1528 3369 τοῦ
1571 3317 1874 3388 ἡγουμένου
1912 3317 2002 3368 Δι-

412 3405 585 3478 δύμου
621 3407 756 3478 ἑῷος
804 3405 970 3472 δύνει,
1002 3407 1097 3460 καί
1128 3408 1156 3460 6
1184 3407 1439 3478 λαμπρὸς
1467 3407 1562 3462 τοῦ
1585 3408 1760 3462 νοτίου
1801 3406 2002 3478 Ἰχθύος

415 3499 741 3570 κρύπτεται.
771 3499 1090 3568 Αἰγυπτίοις
1117 3500 1296 3571 πυκνὴ
1321 3500 1672 3564 κατάστασις.

489 3588 553 3642 θ’.
587 3590 728 3661 Ὦρα
760 3589 818 3643 ιδ’
867 3592 896 3644 6
927 3589 1175 3662 λαμπρὸς
1199 3592 1300 3662 τῆς
1330 3592 1514 3663 Λύρας
1548 3592 1802 3664 ἑσπέριος
1833 3591 1999 3646 δύνει·

412 3682 446 3734 6
476 3680 723 3754 λαμπρὸς
746 3682 842 3736 τοῦ
882 3681 1065 3736 Ἀετοῦ
1094 3683 1341 3755 ἑσπέριος
1361 3683 1523 3740 δύνει.
1555 3683 1870 3751 Αἰγυπτίοις
1885 3685 2006 3738 ἑπι-

421 3771 694 3842 σημαίνει.
753 3773 1080 3845 Δημοκρίτῳ
1130 3774 1280 3838 νότος
1326 3775 1401 3839 ὡς
1451 3775 1520 3829 τὰ
1556 3775 1744 3832 πολλά.

488 3869 542 3919 ι’.
571 3862 734 3917 Κύων
755 3864 1008 3934 ἑσπέριος
1033 3863 1311 3916 ἀνατέλλει
1334 3863 1452 3935 ὥρᾳ
1479 3869 1530 3919 ι’.

489 3962 579 4012 ια’.
621 3956 762 4028 Ὥρα
794 3963 854 4009 ιε’
891 3959 920 4010 6
945 3957 1037 4010 ἐπὶ
1058 3957 1154 4026 τῆς
1183 3956 1424 4029 κεφαλῆς
1462 3956 1556 4011 τοῦ
1581 3956 1884 4028 ἡγουμένου
1913 3957 2002 4009 Δι-

413 4045 584 4119 δύμου
612 4047 745 4118 ἑῷος
773 4047 938 4102 δύνει.

491 4140 577 4210 ιβ’.
614 4140 756 4212 Ὦρα
791 4140 852 4193 ιδ’
878 4140 907 4192 6
932 4139 1075 4194 κατά
1105 4139 1167 4193 τὸ
1191 4141 1322 4210 γόνυ
1336 4139 1431 4194 τοῦ
1446 4139 1674 4206 Τοξότου
1707 4138 1996 4195 ἐπιτέλλει.

427 4230 729 4303 Ἱππάρχῳ,
761 4230 975 4301 Εὐδόξῳ
998 4232 1290 4303 χειμαίνει.

489 4329 578 4392 ιγ’.
610 4324 753 4396 Ὥρα
789 4323 850 4376 ιδ’
871 4324 900 4375 6
927 4323 1178 4396 λαμπρὸς
1192 4322 1287 4376 τοῦ
1321 4322 1496 4378 νοτίου
1522 4323 1724 4395 Ἰχθύος
1759 4323 1999 4395 κρύπτε-

413 4433 523 4469 ται.
557 4416 701 4488 ’Ὢριᾳ⁸
729 4421 787 4468 ιε’
815 4417 843 4470 6
885 4414 1114 4486 ἔσχατος
1155 4413 1248 4472 τοῦ
1286 4413 1538 4487 Ποτειμοῦ
1571 4415 1822 4486 ἑσπέριος
1869 4416 2002 4468 ἀνα-

411 4506 678 4561 τέλλεται.
723 4507 1039 4576 Αἰγυπτίοις
1067 4506 1217 4569 νότος
1249 4506 1282 4577 ἢ
1314 4505 1546 4578 ζέφυρος
1565 4524 1578 4536 ο
1604 4507 1874 4579 χειμαίνει
1904 4508 2000 4561 καὶ

414 4601 558 4655 κατά
582 4600 684 4669 γῆν
710 4601 806 4654 καὶ
835 4599 977 4652 κατά
1010 4598 1306 4655 θάλασσαν.

488 4691 569 4748 ιδ’.
602 4693 744 4764 Ὥρα
773 4699 832 4745 ιε’
861 4695 890 4746 6
919 4692 1014 4746 ἐπὶ
1040 4692 1139 4762 τῆς
1153 4691 1396 4762 κεφαλῆς
1427 4691 1522 4745 τοῦ
1553 4691 1818 4763 ἑπομένου
1846 4690 2000 4745 Διδύ-

418 4803 521 4856 μου
576 4785 743 4840 δύνει.
803 4785 862 4838 Ὀ
892 4784 1142 4858 λαμπρὸς
1186 4783 1282 4838 τοῦ
1339 4784 1625 4856 ’Υδροχόου
1667 4785 1800 4857 ἑῷος
1833 4786 1998 4840 δύνει.

407 4878 574 4934 Κύων
608 4879 861 4952 ἑσπέριος
903 4876 1203 4933 ἀνατέλλει.
1249 4877 1563 4946 Αἰγυπτίοις
1611 4879 1761 4944 νότος
1799 4879 2002 4952 σφόδρα

415 4974 511 5027 καὶ
530 4973 705 5037 ύετός.

487 5075 568 5122 ιε’.
600 5067 774 5132 Νότος
813 5067 1001 5132 πολὺς,
1050 5066 1144 5134 καὶ
1166 5065 1516 5139 ἐπισημαίνει
1553 5065 1695 5120 κατά
1727 5065 2002 5124 θάλασσαν

418 5159 616 5232 βροντὴ
644 5161 738 5215 καὶ
762 5160 962 5232 ψακάς.

491 5261 592 5320 ις’.
625 5254 768 5326 Ὦρα
807 5261 868 5306 ιε’
891 5255 920 5306 6
951 5251 1308 5325 λαμπρὸςτοῦ
1347 5251 1630 5324 ’Υδροχόου
1647 5251 1781 5322 ἑῷος
1823 5253 1993 5307 δύνει’

416 5347 512 5402 καὶ
540 5349 569 5400 6
600 5348 694 5401 ἑπί
721 5347 822 5418 τῆς
860 5346 1105 5416 κεφαλῆς
1141 5345 1236 5399 τοῦ
1265 5345 1568 5416 ἡγουμένου
1597 5344 1831 5416 Διδύμου
1865 5343 1998 5415 ἑῷος

415 5439 583 5494 δύνει.
611 5439 826 5511 Εὐδόξῳ
842 5439 993 5504 νότος
1023 5439 1393 5510 ἐπισημαίνειο
1427 5437 1648 5510 ἀνέμων
1665 5436 1881 5506 ἀταξία.

494 5620 583 5686 ιζ’.
605 5622 750 5696 Ὥρα
777 5630 844 5693 ιγ’
859 5621 1014 5696 [ιδ’]ό
1040 5622 1289 5695 λαμπρὸς
1319 5619 1414 5674 τοῦ
1443 5619 1616 5675 νοτίου
1644 5620 1847 5692 ’ἰχθύος
1868 5623 2000 5696 κρύ-

421 5729 615 5768 πτεται
623 5751 637 5768 ι

495 5811 587 5878 ιη’.
612 5806 753 5878 Ὦρα
793 5805 852 5860 ιδ’
879 5809 908 5861 6
939 5806 1188 5878 λαμπρὸς
1213 5805 1314 5877 τῆς
1338 5803 1522 5877 Δύρας
1543 5804 1795 5877 ἑσπέριος
1829 5804 1993 5862 δύνει.

433 5897 495 5954 Ὀ
521 5898 580 5953 ἑν
607 5897 686 5970 τῷ
712 5899 897 5970 γόνατι
935 5899 1029 5954 τοῦ
1055 5898 1282 5966 Τοξότου
1313 5897 1565 5970 ἑσπέριος
1601 5897 1766 5954 δύνει.

2091 667 2438 734 vespertinus
2466 663 2659 717 oritur.

2161 755 2253 810 28.
2287 758 2418 824 Quae
2447 763 2529 810 est
2558 755 2614 810 in
2648 755 2971 812 succedente
2993 755 3209 825 Aurigae
3235 753 3464 808 humero
3487 758 3669 806 metu»

2092 848 2208 904 tina
2237 847 2348 920 46
2373 847 2592 903 occidit.
2627 846 2921 918 Splendida
2955 847 3132 904 Piscis
3161 845 3418 901 australis
3437 845 3674 900 occulta-

2093 948 2206 996 tur.
2231 940 2502 1011 Egyptiis
2526 940 2749 995 hiemat.
2785 939 2984 994 Metoni
3017 938 3308 1009 signiﬁcat.
3341 936 3538 993 Imber.

2163 1032 2254 1089 29.
2295 1032 2542 1104 Procyon
2567 1032 2916 1102 vespertinus
2941 1032 3142 1086 oritur.
3178 1027 3450 1101 [Egyptiis
3479 1038 3535 1086 et
3562 1030 3674 1086 Me-

2093 1125 2205 1178 toni
2237 1124 2528 1194 signiﬁcat.
2557 1122 2932 1193 Intemperies.

2167 1215 2254 1270 50.
2287 1215 2433 1270 Hora
2467 1231 2557 1270 xw
2593 1215 2877 1286 splendida
2926 1213 3138 1284 Aquilae
3176 1211 3492 1280 vespertina
3524 1213 3676 1268 oeci-

2092 1305 2199 1362 dit.
2225 1306 2502 1381 Egyptiis
2524 1304 2752 1374 africus,
2774 1313 2830 1361 et
2861 1305 3007 1360 aeris
3038 1304 3412 1374 intemperies.

2576 1436 2897 1503 Ianuarius,
2928 1437 3007 1492 vel
3042 1434 3194 1508 Tybi.

2169 1571 2222 1626 i.
2255 1569 2401 1625 Hora
2435 1585 2529 1626 xw
2577 1568 2746 1624 Canis
2783 1569 3130 1640 vespertinus
3185 1567 3384 1624 oritur.
3425 1565 3676 1636 Procyon

2096 1664 2443 1734 vespertinus
2505 1664 2700 1720 oritur.
2767 1660 3080 1719 Democrito
3146 1666 3446 1732 tempestas
3503 1659 3676 1730 sigui-
3724 1683 3730 1690 -

2098 1754 2246 1812 ﬁcat.

2165 1845 2222 1901 2.
2261 1845 2391 1912 Quae
2451 1852 2536 1901 est
2569 1845 2626 1900 in
2659 1842 2864 1915 'capite
2913 1840 3272 1916 praecedentis
3323 1838 3678 1898 Geminorum

2029 1921 2072 1978 Β
2103 1939 2370 1992 matutino
2395 1937 2616 1992 occidit.
2649 1934 2908 1990 Dositheo
2939 1935 3161 1990 hiemat.

2172 2029 2226 2085 5.
2261 2028 2468 2084 Lucida
2521 2028 2731 2098 Aquilae
2788 2029 2986 2083 oritur.
3033 2025 3282 2098 Procyon
3335 2023 3678 2095 vespertinus

2101 2123 2298 2178 oritur.
2330 2121 2634 2177 Philemoni
2663 2120 2959 2192 signiﬁcat.

2173 2215 2227 2270 4.
2260 2213 2405 2269 Hora
2432 2229 2534 2268 xm
2562 2212 2742 2267 lucida
2785 2211 2960 2282 Cygni
3001 2209 3276 2266 matutino
3306 2209 3501 2266 oritur.
3549 2207 3680 2274 Quae

2101 2305 2261 2362 estin
2295 2306 2472 2376 capite
2501 2304 2846 2361 succedentis
2891 2303 3246 2358 Geminorum
3283 2301 3550 2356 matutino
3580 2314 3675 2355 oc-

2101 2397 2255 2452 cidit.
2304 2396 2510 2452 Lucida
2548 2396 2761 2466 Aquilae
2795 2410 3024 2466 vespere
3075 2393 3297 2449 occidit.
3335 2391 3542 2447 Lucida
3583 2407 3682 2446 au-

2101 2489 2286 2546 stralis
2316 2488 2492 2545 Piscis
2514 2489 2846 2544 occultatur.
2891 2487 3166 2558 Egyptiis
3201 2494 3499 2556 tempestas
3538 2483 3596 2538 ﬁt
3628 2486 3680 2538 in

2101 2583 2262 2638 mari.
2317 2580 2640 2638 Euctemoni
2686 2588 2981 2652 tempestas
3018 2581 3124 2637 sub
3162 2589 3373 2648 tempus
3414 2584 3679 2634 statutum

2098 2674 2297 2729 oritur.
3348 2685 3358 2697 '

2170 2766 2224 2821 5.
2257 2765 2403 2821 liora
2433 2783 2525 2822 xw
2548 2782 2668 2838 qum
2696 2767 2754 2822 in
2785 2765 2964 2836 capite
2985 2771 3069 2821 est
3101 2761 3457 2835 praecedentis
3500 2761 3680 2818 Gemi-

2101 2873 2296 2914 norum
2331 2859 2596 2914 matutina
2627 2859 2821 2914 oritur.

2170 2950 2224 3005 6.
2272 2949 2418 3005 Hora
2447 2967 2545 3005 xm
2577 2965 2698 3022 quae
2748 2949 2815 3004 ad
2845 2965 2986 3020 genu
3032 2945 3315 3020 Sagittarii
3356 2953 3444 3002 est
3482 2945 3676 3001 oritur.

2101 3041 2268 3098 Canis
2299 3042 2650 3112 vespertinus
2679 3040 2903 3097 occidit.
3612 3033 3626 3050 '

2168 3135 2221 3188 7.
2255 3133 2400 3190 Hora
2431 3151 2501 3190 xv
2529 3134 2710 3190 lucida
2744 3134 2956 3204 Aquilae
2989 3145 3214 3204 vespere
3239 3129 3463 3187 occidit.
3497 3127 3682 3200 Signi-

2026 3258 2072 3321 C
2106 3227 2412 3321 ﬁcationem
2455 3228 2619 3284 habet
2652 3227 2932 3321 Dositheo.

2175 3319 2231 3374 8.
2266 3318 2415 3374 Hora
2446 3335 2538 3375 xw
2558 3335 2679 3391 quae
2703 3321 2760 3374 in
2789 3319 2967 3390 capite
2991 3324 3077 3374 est
3101 3308 3485 3372 antecedentis
3501 3313 3682 3370 Gemi-

2103 3425 2302 3467 norum
2331 3427 2492 3467 mane
2527 3412 2751 3476 occidit,
2792 3409 2976 3466 lucida
3031 3409 3172 3466 notii
3217 3407 3394 3464 Piscis
3439 3407 3674 3463 occulta-

2103 3511 2213 3560 tur.
2249 3502 2522 3576 Aigyptiis
2555 3503 2817 3559 densatur
2843 3517 2954 3557 aer.

2174 3595 2225 3650 9.
2254 3595 2395 3650 Hora
2425 3613 2517 3651 xw
2547 3595 2724 3650 lucida
2762 3593 2920 3666 Lyra:
2951 3608 3181 3664 vespere
3221 3591 3443 3648 occidit.
3475 3589 3681 3645 Lucida

2105 3689 2315 3760 Aquilae
2340 3705 2567 3759 vespere
2599 3687 2822 3743 occidit.
2848 3685 3122 3759 Egyptiis
3160 3684 3452 3757 signiﬁcat.
3485 3682 3683 3740 Demo-

2103 3783 2244 3838 crito
2267 3793 2454 3837 auster
2483 3791 2541 3837 ut
2572 3781 2890 3852 plurimum.

2176 3875 2261 3930 tO.
2298 3874 2466 3930 Canis
2494 3889 2720 3944 vespere
2747 3874 2924 3928 oritur
2964 3872 3098 3926 hora
3135 3887 3191 3926 x.

2171 3969 2259 4022 11.
2293 3967 2441 4023 Hora
2478 3983 2546 4022 xv
2578 3982 2701 4037 qua:
2731 3973 2816 4022 est
2862 3964 2918 4020 in
2956 3963 3135 4035 capite
3174 3957 3548 4018 antecedentis
3576 3957 3682 4016 Ge-

2101 4059 2236 4116 mini
2268 4075 2430 4114 mane
2449 4059 2670 4114 occidit.

2182 4152 2270 4206 12.
2295 4147 2441 4206 Hora
2472 4168 2564 4206 xw
2592 4167 2714 4221 qua:
2753 4157 2838 4204 est
2881 4149 2936 4203 in
2963 4164 3109 4220 genu
3149 4144 3432 4219 Sagittarii
3481 4144 3679 4202 oritur.

2103 4243 2414 4314 Hipparcho
2444 4249 2500 4296 et
2523 4241 2749 4296 Eudoxo
2777 4241 3000 4296 hiemat.

2173 4337 2261 4390 15.
2295 4333 2440 4388 Hora
2470 4350 2560 4388 xw
2591 4332 2873 4403 Splendida
2903 4329 3078 4386 Piscis
3107 4327 3366 4384 australis
3398 4323 3683 4380 abscondi-

2102 4438 2210 4484 tur.
2252 4427 2397 4483 Hora
2419 4445 2486 4484 xv
2513 4437 2786 4499 postrema
2818 4425 2993 4481 Fluvii
3032 4439 3260 4494 vespere
3293 4423 3489 4477 oritur.
3513 4418 3681 4490 [Egy-

2103 4522 2230 4593 ptiis
2258 4528 2445 4576 auster
2467 4521 2552 4576 vel
2585 4519 2900 4591 zephyrus:
2956 4525 3251 4588 tempestas
3299 4514 3498 4571 accidit
3537 4521 3679 4567 terra

2029 4619 2076 4674 ι)
2102 4614 2368 4684 marique.

2176 4706 2264 4760 Ην.
2303 4704 2449 4760 Hora
2483 4721 2554 4760 xv
2581 4717 2703 4774 quae
2734 4709 2821 4757 est
2851 4702 2908 4756 in
2957 4701 3138 4772 capite
3177 4695 3525 4756 succedentis
3571 4693 3682 4750 Ge-

2101 4794 2378 4849 minorum
2432 4794 2658 4849 occidit.
2704 4791 2912 4847 Lucida
2957 4790 3190 4862 Aquarii
3239 4803 3397 4844 mane
3458 4783 3678 4841 occidit.

2099 4885 2267 4943 Canis
2299 4886 2650 4956 vespertinus
2690 4885 2891 4940 oritur.
2935 4882 3211 4954 [Egyptiis
3243 4879 3538 4937 vehemens
3582 4891 3683 4930 au-

2100 4988 2214 5033 ster
2245 4993 2370 5032 cum
2396 4979 2601 5048 pluvia.

2168 5071 2258 5127 15.
2290 5071 2488 5127 Auster
2525 5073 2738 5143 ingens,
2790 5078 2845 5127 et
2875 5067 3147 5141 signiﬁcat
3189 5067 3246 5123 in
3273 5066 3412 5122 mari
3446 5063 3676 5129 tonitru.

2097 5168 2152 5217 et
2180 5162 2394 5217 stillans
2423 5164 2626 5233 pluvia.

2173 5253 2260 5309 16.
2298 5252 2444 5309 Hora
2479 5271 2551 5310 xv
2588 5252 2769 5308 lucida
2803 5251 3028 5322 Aquarii
3057 5266 3219 5305 mane
3259 5247 3478 5304 occidit.
3546 5244 3678 5312 Quze

2099 5345 2154 5400 in
2178 5346 2358 5416 capite
2397 5344 2755 5415 praecedentis
2801 5351 2886 5398 est
2934 5341 3288 5397 Geminorum
3340 5352 3497 5392 mane
3538 5339 3680 5390 oeci.

2098 5439 2198 5493 dit.
2261 5437 2484 5491 Eudoxo
2545 5443 2732 5491 auster
2791 5433 3098 5505 signiﬁcat;
3153 5439 3436 5487 ventorum
3485 5427 3678 5483 incon.

2099 5532 2323 5591 stantia.
3210 5534 3212 5536 ⁷

2170 5625 2266 5682 17.
2295 5622 2437 5679 Hora
2467 5636 2559 5677 xw
2591 5620 2771 5676 lucida
2795 5621 2930 5676 notii
2958 5618 3136 5676 Ρὶεειε
3161 5617 3538 5673 absconditur.

2175 5801 2262 5856 18.
2285 5799 2430 5855 Hora
2453 5813 2545 5852 xw
2591 5795 2774 5851 lucida
2805 5795 2962 5868 Lyrae
3008 5807 3235 5864 vespere
3272 5790 3494 5848 occidit.
3545 5786 3677 5855 Quae

2107 5895 2160 5951 in
2191 5909 2334 5966 genu
2367 5889 2644 5962 Sagittarii
2681 5896 2763 5946 est
2792 5902 3018 5960 vespere
3039 5882 3258 5942 occidit.
