4124 6400
533 413 641 474 895
1588 420 1680 476 AD
1719 419 1986 479 EUSEBII
2026 420 2423 482 CIIRONICON
2464 425 2832 485 A'.‘PENDIX.
3689 439 3800 496 896

605 532 658 588 1.
692 534 1006 605 llipparcho
1035 542 1222 591 auster
1253 547 1346 591 aut
1371 536 1643 595 favonius.
2135 543 2182 598 Α

1546 538 1643 595 ius.
2135 543 2182 598 Α
2277 543 2338 599 δ’.
2381 545 2665 618 Ἱππάρχῳ
2689 547 2894 618 νότοςῆ
2926 546 3174 620 ζέφυρος.

602 627 654 682 5.
697 625 842 681 Hora
874 643 965 681 xw
995 627 1099 699 1/2
1127 643 1248 698 quae
1275 628 1342 682 ad
1373 630 1755 686 succedentem
1799 634 2110 690 musculum

2281 641 2342 689 ε’.
2381 637 2522 709 Ὣρᾳ
2554 638 2679 693 t6'S"
2707 641 2735 692 6
2765 641 2822 692 ἑν
2850 640 2928 710 τῷ
2955 642 3206 712 ἑπομένῳ
3249 641 3524 715 βατραχίῳ
3539 644 3634 699 τοῦ
3661 647 3791 700 Κεν-

530 719 794 775 Centauri
826 729 911 774 est
944 735 1172 790 vespere
1204 722 1401 775 oritur.
1424 720 1570 776 llora
1602 739 1670 778 xv
1687 721 1865 795 Capra
1887 741 2113 796 vespere

2211 727 2410 798 ταύρου
2433 729 2681 800 ἑσπέριος
2701 731 3002 785 ἀνατέλλει.
3031 733 3173 805 Ὦρᾳ
3194 740 3254 786 ιε’
3275 735 3305 787 6
3332 735 3663 806 καλούμενος
3691 740 3787 804 Αἲξ

529 810 768 866 occidit:
807 826 927 881 qua:
958 811 1012 866 in
1060 812 1393 870 succedente
1437 823 1521 871 est
1570 815 1834 874 Heniochi
1881 818 2110 876 humero

2210 819 2464 891 ἑσπέριος
2491 821 2656 877 δύνει·
2689 825 2718 877 6
2745 824 2802 880 ἑν
2831 822 2911 895 τῷ
2941 825 3190 896 ἑπομένῳ
3219 825 3312 880 τοῦ
3349 827 3592 899 Ἦνιόχου
3626 830 3787 883 ἑσπέ-

527 917 758 972 vespere
786 903 1017 959 occidit.

891 903 1017 959 idit.
2209 925 2323 982 ριος
2348 908 2517 966 δύνει.

597 994 650 1048 6.
687 992 832 1049 llora
862 1011 955 1050 xw
996 995 1246 1067 Procyon
1287 999 1632 1068 occultatur;
1672 1000 1860 1058 lucida
1892 1000 2108 1076 Aquilae

2281 1007 2357 1065 ς’.
2390 1001 2532 1074 Ὦρα
2575 1001 2636 1056 ιδ’
2669 1003 2928 1076 Προκύων
2957 1005 3276 1078 κρύπτεται·
3327 1009 3356 1062 6
3399 1009 3651 1083 λαμπρὸς
3687 1012 3780 1092 τοῦ

523 1100 752 1155 vespere
774 1087 952 1143 oritur
977 1103 991 1141 :
1022 1105 1143 1161 qua:
1161 1090 1229 1146 ad
1253 1107 1392 1164 genu
1420 1091 1704 1166 Sagittarii
1734 1101 1818 1152 est
1837 1098 2106 1155 matutino

2221 1091 2403 1146 Ἀετοῦ
2437 1094 2687 1167 ἑσπέριος
2720 1097 3023 1152 ἀνατέλλει·
3058 1099 3152 1154 καὶ
3184 1103 3214 1156 6
3253 1100 3394 1156 κατὰ
3423 1102 3485 1156 τὸ
3515 1104 3644 1173 γόνυ
3683 1087 3783 1157 Το-

525 1178 748 1233 occidit.

2208 1181 2360 1246 ξότου
2393 1185 2526 1254 ἑῷος
2552 1185 2716 1241 δύνει,
3271 1201 3273 1207 ’

597 1269 645 1322 7.
685 1267 831 1324 Hora
865 1287 957 1326 xw
979 1271 1083 1344 1/2
1113 1273 1297 1329 lucida
1331 1273 1662 1331 Sucularum
1679 1277 1874 1336 oritur.
1905 1277 2106 1335 Arctu-

2275 1273 2340 1339 ζ’.
2379 1277 2520 1350 Ὦρᾳ
2558 1276 2684 1332 t6'S"
2717 1279 2746 1332 6
2781 1278 3032 1354 λαμπρὸς
3080 1281 3189 1335 τῶν
3231 1281 3437 1337 Ὑάδων
3487 1283 3775 1338 ἐπιτέλλει.

520 1373 619 1413 rus
649 1361 952 1418 matutinus
982 1365 1518 1439 occidit.‘AEgyptiis
1560 1367 1834 1428 favonius.
1877 1369 2104 1430 Eudoxo

2218 1367 2541 1442 ’Δρκτοῦρος
2567 1371 2702 1443 ἑῷος
2733 1373 2902 1428 δύνει.
2933 1375 3250 1443 Αἰγυπτίοις
3277 1375 3532 1448 ζέφυρος.
3562 1376 3793 1449 Εὐδόξῳ,

521 1451 808 1516 humidum
838 1459 1059 1512 ccnfum.

767 1471 808 1516 [η
838 1459 1059 1512 omium.
2203 1463 2395 1516 νοτίαι.

595 1543 646 1598 8.
684 1543 826 1599 Hora
857 1563 892 1601 x
924 1547 1196 1620 Egyptiis
1226 1549 1477 1608 favonius
1508 1552 1680 1623 spirat
1705 1559 1798 1609 aut
1830 1570 2051 1612 caurus.

2272 1560 2342 1626 η’.
2374 1554 2516 1627 Ὥρᾳ
2553 1555 2582 1609 ι’
2609 1557 2922 1626 Αἰγυπτίοις
2952 1558 3184 1632 ζέφυρος
3214 1563 3336 1614 πνεῖ
3363 1561 3394 1632 ἢ
3424 1561 3710 1634 ἀργέστης.

590 1635 644 1690 9.
673 1635 817 1691 [lora
847 1655 939 1694 xw
964 1641 1068 1712 1/2
1091 1657 1212 1712 qua:
1248 1642 1314 1696 ad
1345 1660 1484 1714 genu
1506 1645 1787 1716 Sagittarii
1821 1656 1904 1705 est
1937 1666 2099 1708 mane

2275 1646 2341 1700 θ’.
2379 1646 2520 1719 Ὦρα
2563 1649 2691 1704 ιδ’8⁸’
2745 1652 2773 1704 6
2808 1649 2948 1705 κατὰ
2979 1651 3038 1705 τὸ
3079 1653 3209 1720 γόνυ
3247 1652 3341 1706 τοῦ
3369 1651 3596 1718 Τοξότου
3640 1653 3773 1724 ἑιῖγλς

515 1728 737 1785 occidit.
761 1729 907 1786 Hora
947 1749 1018 1788 xv
1063 1734 1240 1790 lucida
1279 1737 1506 1806 Aquarii
1561 1741 1888 1796 occultatur.
1923 1741 2094 1816 Egy-

2198 1737 2364 1794 δύνει.
2397 1740 2538 1813 Ὥρα
2565 1749 2625 1796 ιε’
2656 1743 2684 1796 6
2707 1741 2960 1816 λαμπρὸς
2991 1743 3085 1797 τοῦ
3127 1743 3410 1816 Ὑδροχὸου
3446 1743 3765 1816 κρύπτεται.

516 1820 646 1889 ptiis
678 1836 881 1880 caurus
927 1832 983 1880 ct
1023 1827 1239 1884 stillans
1271 1827 1466 1885 imber.
1504 1828 1817 1890 Democrito
1846 1835 2091 1907 pluvium
2127 1891 2144 1908 _

2161 1830 2517 1908 ..Αἰγυπτίοις
2553 1833 2826 1905 ἀργέστης
2857 1833 2951 1889 καὶ
3000 1833 3200 1902 ψακάς.
3250 1836 3582 1908 Δημοκρίτῳ
3630 1836 3789 1907 ὕδωρ..

513 1913 741 1970 οωιιιιη.
2125 1891 2141 1948 1

1846 1891 1864 1907 ⁵
2125 1891 2170 1948 Β
2197 1891 2290 1976 ἑπί
2316 1924 2441 1992 γῆν.

582 2003 671 2060 10.
704 2005 848 2062 Hora
890 2023 987 2078 xm
1014 2009 1118 2081 1/2
1149 2028 1270 2082 qua:
1299 2013 1353 2068 in
1382 2016 1560 2086 capite
1586 2017 1961 2078 antecedentis
1989 2020 2095 2078 Ge-

2267 2015 2319 2072 ι’.
2355 2018 2497 2091 ’Ὢρᾳ
2537 2017 2674 2087 ιγ’8”
2717 2019 2746 2072 6
2777 2018 2871 2072 ἑπὶ
2913 2022 3012 2092 τῆς
3053 2019 3292 2091 κεφαλῆς
3333 2019 3427 2072 τοῦ
3466 2021 3785 2092 ἡγουμένου.

509 2096 822 2166 minorum,
857 2101 1237 2160 absconditur.
1266 2105 1473 2163 Caesari
1521 2109 1768 2166 tonitrua
1804 2127 1931 2168 cum
1970 2112 2094 2185 plu-

1995 2112 2094 2169 ilu-
2194 2107 2427 2180 Διδύμου
2462 2108 2786 2182 κρύπτεται.
2817 2110 3058 2183 Καίσαρι
3087 2110 3306 2186 βρονταὶ
3327 2111 3421 2164 καὶ
3449 2109 3623 2175 ύετός.

513 2203 624 2244 V13.

578 2275 666 2330 11.
697 2279 843 2334 Hora
875 2296 972 2336 xm
993 2281 1097 2354 1/2
1111 2299 1232 2354 qua:
1259 2285 1315 2341 in
1336 2287 1517 2359 capite
1533 2291 1892 2362 praecedentis
1908 2293 2093 2352 Gemi-

2262 2295 2353 2344 ια’.
2391 2289 2533 2361 ’Ὢρᾳ
2573 2287 2712 2358 ιγ¹8”
2737 2289 2766 2342 6
2798 2290 2890 2344 ἑπὶ
2935 2287 3033 2362 τῆς
3064 2287 3308 2360 κεφαλῆς
3341 2287 3437 2342 τοῦ
3466 2287 3777 2360 ἡγουμένου.

506 2380 725 2435 norum,
758 2371 1135 2428 absconditur.

2189 2379 2422 2451 Διδύμου
2455 2379 2777 2451 κρύπτεται.

577 2456 664 2513 12.
704 2458 848 2516 Hora
871 2477 962 2518 xw
988 2464 1225 2537 1/2qure
1251 2466 1319 2523 ad
1348 2485 1489 2542 genu
1515 2469 1901 2543 Sagittariiest
1929 2491 2091 2534 mane

2263 2473 2349 2544 ιβ’.
2387 2473 2528 2546 ’Ὧρᾳ
2566 2472 2694 2526 ιδἐη
2716 2474 2746 2526 6
2767 2471 2907 2526 κατὰ
2929 2470 3056 2541 γόνυ
3075 2469 3170 2525 τοῦ
3190 2471 3419 2538 Τοξότου
3439 2469 3572 2542 ἑῷος
3599 2471 3774 2526 δύνειι

502 2551 739 2620 occidit;
773 2561 826 2609 et
864 2572 984 2626 quae
1012 2559 1067 2613 in
1107 2561 1286 2630 capite
1309 2571 1394 2618 est
1434 2565 1792 2634 praecedentis
1831 2566 2091 2626 Gemino-

2189 2565 2283 2616 καὶ
2308 2566 2335 2618 6
2363 2565 2456 2618 ἑπὶ
2493 2564 2588 2635 τῆς
2621 2563 2867 2634 κεφαλῆς
2901 2562 2996 2617 τοῦ
3024 2563 3332 2634 ἡγουμένου
3368 2562 3598 2634 Διδύμου
3635 2561 3767 2632 ἑῷος

503 2656 626 2696 rum
655 2659 816 2700 mane
832 2649 1170 2718 occultatur;
1202 2660 1258 2708 et
1303 2654 1486 2711 lucida
1530 2655 1858 2714 Sucularum
1888 2663 2083 2718 oritur.

2043 2678 2083 2718 r.
2187 2656 2511 2730 κρύπτεταιο
2549 2658 2641 2710 καὶ
2667 2659 2696 2710 6
2723 2656 2972 2728 λαμπρὸς
3001 2657 3110 2710 τῶν
3149 2656 3353 2710 Ὑάδων
3375 2656 3671 2710 ἀνατέλλει.

574 2733 659 2789 13.
688 2733 831 2791 Hora
864 2755 932 2793 xv
955 2740 1054 2811 1/2
1074 2757 1195 2812 quae
1210 2743 1264 2798 in
1285 2746 1462 2817 capite
1481 2755 1566 2804 est
1590 2750 1964 2809 antecedentis
1985 2752 2088 2810 Ge-

2260 2755 2348 2818 ιγ’.
2384 2749 2526 2820 ’Ὡρᾳ
2568 2745 2701 2802 te'S"
2732 2749 2760 2801 6
2802 2748 2896 2802 ἑπὶ
2935 2748 3033 2818 τῆς
3057 2748 3301 2820 κεφαλῆς
3332 2749 3427 2803 τοῦ
3459 2749 3778 2821 ἡγουμένου.

505 2826 784 2883 minorum
818 2831 1196 2893 absconditur.
2041 2896 2044 2900 .

1142 2850 1196 2893 ετ.
2041 2896 2044 2900 ,
2185 2838 2307 2893 Διδύ
2317 2856 2416 2909 μου
2447 2837 2770 2911 κρύπτεται.

569 2919 657 2974 14.
688 2919 832 2977 llora
850 2939 949 2978 xm
969 2925 1071 2997 1/2
1087 2943 1209 2998 quae
1230 2929 1282 2983 in
1302 2945 1443 3001 genu
1464 2941 1548 2994 est
1565 2931 1842 3006 Sagittarii
1861 2949 2086 3008 vespere

2263 2932 2345 2988 t6'.
2379 2933 2522 3004 Ὥρᾳ
2545 2925 2683 3001 ιγ’ὃ”
2713 2932 2742 2986 6
2785 2931 2925 2986 κατὰ
2948 2932 3010 2987 τδ
3033 2932 3162 3002 γόνυ
3193 2932 3286 2988 τοῦ
3317 2931 3546 2999 Τοξότου
3605 2935 3766 2989 ἑσπέιε

497 3012 696 3068 oritur.
728 3014 893 3071 Clara
922 3019 1080 3072 stella
1113 3020 1336 3092 Aquarii
1361 3025 1742 3081 absconditur.

2185 3041 2302 3096 ριος
2333 3023 2632 3078 ἀνατέλλειο
2663 3023 2691 3076 6
2715 3023 2968 3096 λαμπρὸς
2995 3024 3088 3078 τοῦ
3123 3024 3406 3096 Ὑδροχόου
3441 3025 3767 3096 κρύπτεται.

577 3098 657 3154 15.
702 3099 845 3157 Hora
880 3119 974 3158 xm
1006 3103 1108 3176 1/2
1132 3107 1312 3162 lucida
1332 3108 1512 3184 borea:
1543 3110 1772 3168 Coronae
1797 3111 2020 3170 occidit.

2257 3114 2336 3172 ιε’.
2371 3117 2513 3190 Ὢρᾳ
2555 3115 2693 3186 ιγ¹5”
2737 3118 2766 3170 6
2803 3115 3058 3188 λαμπρὸς
3099 3115 3194 3171 τοῦ
3227 3116 3440 3190 βορείου
3490 3118 3761 3188 Στεφάνου

2184 3207 2349 3262 δύνει.

575 3274 661 3330 16.
685 3275 891 3333 Lucida
934 3278 1261 3338 Sucularum
1285 3286 1559 3343 matutine
1587 3288 1782 3344 oritur.
1806 3288 2078 3363 Egyptiis
2109 3230 2153 3288 ο
2184 3230 2203 3262 c

2135 3265 2153 3288 ἢ
2184 3230 2351 3365 wgf:
2399 3298 2457 3353 '0
2490 3297 2741 3370 λαμπρὸς
2760 3297 2868 3352 τῶν
2910 3298 3117 3353 Ὑάδων
3157 3297 3292 3370 ἑῷος
3334 3299 3636 3356 ἀνατέλλει.
3669 3303 3763 3356 Αί-

497 3383 596 3438 per
616 3369 763 3424 diem
794 3372 966 3426 stillat
999 3374 1194 3430 imber.

2178 3393 2432 3464 γυπτίοις
2459 3390 2527 3445 δι’
2556 3369 2772 3462 ἡμέρας
2799 3389 3056 3461 ψακάζει.

572 3461 660 3516 17.
709 3461 855 3518 llora
885 3481 977 3519 xw
1000 3482 1122 3536 quae
1165 3467 1221 3522 in
1272 3485 1414 3542 genu
1456 3481 1541 3528 est
1577 3471 1860 3546 Sagitta‘rii
1901 3477 2079 3534 oritur
2191 3461 2200 3464 Ἴ

2191 3461 2200 3464 Ἴ
2253 3484 2337 3548 ιζ’.
2375 3485 2517 3556 Ὦρα
2553 3461 2611 3536 ιδ’
2645 3461 2834 3537 ὁίκατὰ
2859 3482 2920 3536 τὸ
2956 3483 3086 3552 γόνυ
3125 3483 3220 3538 τοῦ
3248 3485 3478 3552 Τοξότου
3509 3489 3763 3558 ἑσπέριος

496 3567 748 3621 vespere.
780 3553 1053 3646 Arcturus
1088 3574 1250 3615 mane
1279 3561 1502 3619 occidit.

2178 3553 2503 3630 ἀνατέλλει-ν
2525 3573 2852 3646 Ἀρκτοῦρος
2882 3573 3015 3644 ἑῷος
3041 3574 3207 3631 δύνει.

574 3651 660 3705 18.
693 3650 839 3708 llora
868 3671 961 3708 xw
989 3633 1138 3712 clara
1189 3657 1470 3730 Sagittarii
1517 3663 1808 3735 conditur;
1863 3682 1986 3740 qua:
2021 3667 2078 3724 in

2249 3673 2337 3740 ιη’.
2369 3668 2509 3739 ’Ὦρα
2551 3633 2609 3719 ιδ’
2650 3666 2679 3719 6
2718 3633 2970 3738 λαμπρός
2996 3633 3092 3720 τοῦ
3115 3667 3348 3742 Διδύμου
3382 3669 3700 3741 κρύπτεται“
3735 3675 3765 3726 6

496 3760 641 3814 genu
676 3762 906 3818 vespere
943 3750 1140 3804 oritur.

2179 3761 2320 3814 κατὰ
2358 3759 2418 3814 τὸ
2450 3759 2578 3829 γόνυ
2615 3759 2868 3830 ἑσπέριος
2898 3759 3200 3815 ἀνατέλλει.

567 3836 655 3892 19.
687 3837 828 3893 Hora
858 3856 960 3903 xm
993 3841 1098 3912 1/2
1126 3859 1249 3914 qua
1273 3844 1328 3901 in
1354 3849 1695 3917 praecedente
1723 3850 1944 3910 Orionis
1976 3854 2080 3908 hu-

2251 3849 2336 3906 ιθ’.
2356 3850 2496 3921 ’Ὡρᾳ
2519 3847 2655 3918 ιγ’δν
2675 3851 2704 3902 ὁ
2724 3850 2781 3904 ἑν
2813 3849 2893 3921 τῷ
2911 3849 3198 3923 ἡγουμένῳ
3227 3850 3363 3924 ὤμῳ
3389 3852 3484 3907 τοῦ
3513 3855 3759 3926 Ὠρίωνος

497 3943 673 3996 mero,
703 3933 1016 4002 vespertina
1042 3935 1251 4004 oritur;
1279 3937 1472 3994 ultima
1490 3938 1666 3996 Fluvii
1688 3943 1886 4000 oritur.
1911 3943 2081 4018 Egy-

2181 3941 2433 4014 ἑσπέριος
2464 3940 2763 3995 ἀνατέλλει’
2788 3942 2885 3996 καὶ
2907 3945 2937 3998 6
2963 3942 3191 4014 ἔσχατος
3220 3943 3319 3998 τοῦ
3346 3946 3602 4018 Ποταμοῦ
3637 3947 3761 4000 ἑπι-

497 4019 630 4090 puis
657 4020 835 4076 imber
857 4025 1095 4080 stillans.

2178 4034 2372 4090 τέλλει.
2401 4033 2719 4103 Αἰγυπτίοις
2743 4032 2945 4104 ψακὰς.

565 4111 655 4202 20.
693 4112 837 4169 Hora
866 4131 936 4171 xv
966 4116 1070 4188 1/2
1098 4118 1280 4175 lucida
1309 4119 1636 4180 Sucularum
1666 4127 1866 4182 oritur.

2249 4135 2320 4184 κ’.
2359 4130 2501 4201 Ὢρᾳ
2550 4128 2680 4183 ιε’8”
2725 4131 2754 4182 6
2782 4130 3033 4202 λαμπρὸς
3063 4130 3393 4188 τῶνὙάδων
3419 4132 3709 4190 ἑπιτέλλει.

567 4201 658 4259 21.
689 4204 870 4276 Capra
891 4223 1054 4264 mane
1077 4211 1279 4266 oritur.
1634 4228 1646 4239 '

1634 4228 1646 4239 '
2251 4227 2356 4277 κα’.
2391 4222 2491 4287 Αἲξ
2519 4221 2652 4293 ἑῷος
2685 4223 2971 4278 ἐπιτέλλει.

569 4429 658 4486 2'5.
692 4431 838 4487 Hora
870 4450 941 4489 xv
985 4450 1108 4505 quae
1135 4444 1222 4493 est
1271 4438 1328 4494 in
1356 4455 1498 4510 genu
1537 4440 1823 4516 Sagittarii
1849 4460 2078 4520 vespere

2249 4453 2355 4514 κγ’.
2401 4446 2543 4519 ’Ὧρᾳ
2569 4453 2628 4500 ιε’
2649 4447 2680 4501 6
2706 4446 2849 4502 κατὰ
2876 4446 2937 4501 τὸ
2970 4446 3100 4517 γόνυ
3121 4445 3216 4502 τοῦ
3244 4447 3474 4516 Τοξότου
3507 4448 3761 4523 ἑσπέριος

493 4521 690 4576 oritur.
716 4521 988 4595 Egyptiis
1020 4525 1271 4585 favonius
1297 4531 1378 4584 vel
1413 4538 1620 4588 auster.
2106 4591 2121 4614 1

2106 4591 2150 4614 ἢ
2179 4540 2480 4598 ἀνατέλλει.
2508 4541 2826 4610 Αἰγυπτίοις
2859 4540 3094 4614 ζέφυρος
3125 4541 3158 4614 ἢ
3184 4542 3353 4606 νότος.

569 4591 941 4670 24.110ra'xw
970 4615 1075 4688 1/2
1091 4633 1213 4689 quae
1247 4621 1299 4673 in
1339 4623 1700 4681 antecedente
1727 4623 1948 4684 Orionis
1967 4626 2072 4683 hu-
2106 4591 2154 4648 Β
2185 4591 2197 4594 -

2129 4593 2154 4648 ³
2185 4591 2213 4594 ’⁷
2229 4591 2357 4685 ..ξ
2368 4591 2526 4705 1;...
2529 4591 2686 4686 1.15;:
2702 4591 2740 4686 ε’
2751 4591 2823 4686 ἐξ
2840 4591 2918 4703 τῌ
2933 4591 3238 4704 ⁷ἧᾷᾼᾷμὲνῷ
3256 4591 3416 4706 ’ἐμίν
3442 4634 3536 4689 τοῦ
3567 4637 3757 4708 Ὠρίω-

497 4721 652 4761 mero
691 4715 776 4762 est
814 4707 1023 4777 oritur;
1068 4716 1122 4765 et
1175 4710 1357 4766 lucida
1410 4714 1638 4786 Aquarii
1687 4719 2072 4778 absconditur.

2177 4740 2265 4787 νος
2287 4722 2572 4777 ἐπιτέλλει·
2607 4723 2703 4778 καὶ
2733 4726 2760 4779 6
2792 4724 3044 4796 λαμπρὸς
3071 4724 3166 4779 τοῦ
3212 4725 3496 4798 Ὑδροχόου
3521 4707 3760 4800 κρύπτε-

499 4797 774 4870 Εεγριίἰε
798 4801 1004 4871 pluvia.

2174 4833 2286 4870 ται.
2315 4817 2632 4885 Αἰγυπτίοις
2665 4815 2839 4880 ύετός.

568 4890 659 4945 25.
681 4889 827 4946 Hora
859 4909 958 4948 xm
991 4893 1095 4966 1/2
1123 4911 1245 4967 quae
1288 4897 1345 4953 in
1369 4901 1726 4960 antecedente
1755 4903 2075 4962 estOrionis

2244 4915 2344 4962 κε’.
2377 4909 2518 4981 Ὠρᾳ
2548 4909 2686 4980 ιγ’δη
2727 4910 2758 4962 6
2786 4909 2844 4964 ἑν
2877 4908 2956 4981 τῷ
2975 4907 3266 4982 ἡγουμένῳ
3293 4907 3432 4981 ὤμῳ
3459 4909 3759 4981 τοῢὮρίω-

496 4983 726 5042 humero
747 4987 940 5046 oritur.

2176 5019 2266 5067 νος
2293 5002 2581 5057 ἐπιτέλλει.

567 5075 658 5131 26.
684 5075 829 5152 ljora
860 5095 950 5134 xw
973 5079 1153 5137 lucida
1169 5083 1350 5140 boreze
1383 5085 1613 5144 Coronae
1654 5104 1816 5147 mane
1835 5091 2073 5161 occidit;

2249 5102 2362 5160 κς’.
2395 5096 2535 5168 ’Ὠρᾳ
2558 5094 2619 5149 ιδ’
2647 5096 2677 5149 6
2698 5095 2950 5167 λαμπρὸς
2975 5093 3068 5148 τοῦ
3089 5093 3298 5166 βορείου
3326 5095 3598 5165 Στεφάνου
3623 5094 3758 5165 ἑῷος

496 5183 622 5238 quae
654 5169 707 5223 in
733 5171 1103 5241 subsequente
1125 5176 1374 5232 musculo
1396 5176 1725 5235 Centauri...

2174 5187 2336 5241 δύνειο
2362 5188 2391 5239 6
2418 5188 2474 5241 ἑν
2501 5187 2580 5258 τῷ
2608 5187 2856 5258 ἑπομένῳ
2886 5186 3162 5258 βατραχίῳ
3187 5186 3280 5240 τοῦ
3311 5188 3717 5260 Κενταύρου....

568 5260 670 5332 51
703 5262 794 5318 27.
832 5262 976 5319 liora
1008 5281 1107 5340 xui
1150 5265 1253 5337 1/2
1283 5271 1594 5328 communis
1636 5270 1813 5330 Fluvii
1845 5283 1897 5332 et
1919 5276 2075 5347 pedis

2247 5279 2348 5342 κζ’.
2385 5278 2526 5350 ’Ὡρίι⁸
2555 5278 2691 5348 ιγ’ὃη
2729 5280 2758 5331 6
2781 5279 2958 5343 κοινὸς
2978 5278 3234 5350 Ποταμοῢ
3259 5280 3350 5332 καὶ
3369 5278 3529 5344 ποδὸς
3570 5279 3757 5351 Ὠρίω-

494 5353 720 5410 Orionis
748 5355 942 5412 oritur.
980 5356 1292 5416 Democrito
1329 5361 1623 5432 signiﬁcat.

2176 5387 2266 5434 νος
2297 5370 2585 5424 ἑπιτέλλει.
2621 5369 2946 5442 Δημοκρίτῳ
2973 5369 3343 5441 ἐπισημαίνει.

571 5445 661 5501 28.
700 5445 847 5502 Hora
888 5465 959 5503 xv
988 5451 1094 5520 1/2
1121 5468 1244 5524 quae
1290 5454 1347 5508 in
1391 5469 1537 5526 genu
1575 5455 1857 5528 Sagittarii
1879 5465 1964 5514 est
1982 5474 2076 5516 ve—

2247 5469 2354 5533 κη’.
2391 5464 2534 5535 Ὦρα
2573 5461 2705 5518 te’S"
2735 5466 2763 5518 6
2793 5463 2934 5517 κατὰ
2965 5463 3028 5517 τὸ
3070 5465 3200 5533 γόνυ
3216 5462 3308 5517 τοῦ
3341 5462 3570 5530 Τοξὸτου
3603 5463 3757 5516 ἑσπέ-

497 5549 656 5605 spere
685 5537 883 5595 oritur.
913 5539 1227 5612 Hipparcho
1258 5543 1530 5612 favonius,
1560 5548 1648 5603 vel
1681 5559 1872 5605 auster
1906 5548 2022 5604 ﬂat.

2007 5589 2022 5604 .
2181 5569 2292 5625 ριος
2321 5553 2618 5608 ἀνατέλλει.
2667 5553 2954 5627 Ἱππάρχῳ
2983 5554 3213 5627 ζέφυρος
3241 5555 3275 5626 ἢ
3305 5554 3458 5619 νότος
3489 5557 3631 5612 πνεῖ.

568 5644 661 5700 29.
692 5645 840 5704 Hora
870 5688 886 5706 .
919 5689 934 5705 .
973 5693 986 5706 .
1019 5651 1202 5710 lucida
1250 5655 1476 5727 Aquarii
1524 5658 1817 5730 conditur;
1861 5669 1916 5718 et
1955 5678 2077 5734 quae

2247 5664 2345 5720 7.6'.
2385 5665 2528 5738 ’Ὡρᾳ
2653 5667 2682 5721 6
2703 5665 2955 5740 λαμπρὸς
2985 5667 3079 5722 τοῦ
3104 5666 3385 5740 Ὑδροχόου
3413 5667 3750 5736 κρύπτεται·

501 5733 561 5790 in
602 5738 944 5806 praecedente
993 5739 1214 5806 Orionis
1267 5747 1499 5832 humero
1554 5750 1753 5809 oritur.
1803 5733 2075 5814 Arcturus

2177 5755 2272 5812 καὶ
2298 5758 2328 5811 6
2353 5758 2412 5811 ἑν
2553 5733 2839 5830 ἡγουμένῳ
2865 5733 3006 5831 ῷμῳ
3042 5759 3136 5814 τοῦ
3178 5733 3431 5832 ’ἀρίιυνος
3454 5733 3751 5816 ἑπιτέλλει.

503 5826 806 5888 matutinus
837 5831 1050 5890 occidit.
1327 5837 1333 5846 '
1417 5829 1419 5832 ’

1327 5837 1333 5846 ’
1417 5829 1419 5832 ’
2191 5826 2515 5924 Ἀρκτοῦρος
2546 5826 2679 5922 ἑῷος
2695 5826 2872 5906 ⁷διῖινέι.
