4116 6400
789 484 925 554 Μὴν
953 481 1218 550 Ἰούλιος,
1236 483 1456 554 Ἐπιφί.

398 611 471 660 α’.
509 601 654 674 Ὥρα
697 599 758 655 ιδ’
793 602 821 654 6
856 599 1020 672 μέσος
1044 599 1143 671 τῆς
1177 597 1353 669 ζώνης
1375 596 1470 652 τοῦ
1513 596 1762 669 Ὠρίωνος
1790 597 1913 648 ἐπι-

326 695 530 750 τέλλει.
563 691 880 762 Αἰγυπτίοις
911 691 1144 762 ζέφυρος
1167 689 1260 744 καὶ
1281 689 1491 760 καῦμα.

399 785 464 858 β’.
503 785 643 857 Ὠρᾳ
682 782 814 838 te’S"
857 785 886 837 6
925 782 1177 855 λαμπρὸς
1221 781 1316 835 τοῦ
1360 779 1618 853 Περσέως
1657 779 1916 852 ἑσπέριος

325 877 636 932 ἀνατέλλει.

399 975 465 1040 γ’.
501 966 822 1038 Αἰγυπτίοις
847 965 1077 1037 ζέφυρος
1105 963 1253 1018 πνεῖ.

396 1061 462 1118 δ’.
506 1059 746 1129 Δοσιθέῳ
785 1056 1156 1128 ἐπισημαίνει.
1195 1053 1522 1126 Δημοκρίτῳ
1543 1053 1776 1126 ζέφυρος
1819 1051 1914 1109 καὶ

322 1153 468 1224 ὕδωρ
502 1151 657 1222 ἐῷονζ
688 1145 822 1202 Εἶτα
859 1148 1044 1219 βορέαι
1075 1145 1169 1201 ἐπὶ
1190 1145 1403 1217 ἡμέρας
1431 1144 1593 1198 ἑπτά.

391 1250 453 1298 ε’.
489 1243 630 1314 Ὤρᾳ
658 1239 790 1294 t6'S"
813 1241 841 1292 6
876 1238 1052 1302 κοινὸς
1071 1236 1326 1308 Ποταμοῦ
1353 1236 1449 1289 καὶ
1477 1235 1637 1298 ποδὸς
1660 1234 1912 1306 Ὠρίωνος

321 1333 612 1390 ἐπιτέλλει.
645 1331 758 1386 Καὶ
782 1333 810 1385 6
837 1330 929 1383 ἐπὶ
962 1327 1054 1382 τοῦ
1085 1327 1389 1401 ἡγουμένου
1411 1327 1564 1399 ώμου
1593 1325 1687 1381 τοῦ
1726 1325 1913 1398 Ὠρίω-

322 1443 412 1491 νος
439 1425 731 1479 ἐπιτέλλει.
768 1420 983 1492 Εὐδόξῳ
1007 1419 1380 1492 ἐπισημαίνει.

395 1525 469 1585 ς’.
505 1518 648 1590 ’Ὦρα
685 1513 825 1584 ιγ’δη
868 1515 897 1566 ὁ
929 1513 1022 1566 ἐπὶ
1058 1513 1156 1584 τῆς
1184 1511 1428 1582 κεφαλῆς
1473 1507 1568 1563 τοῦ
1605 1508 1908 1581 ἡγουμένου

322 1610 554 1682 Διδύμου
581 1625 594 1639 ·
633 1608 728 1662 καί.
758 1607 786 1660 ὁ
821 1605 986 1678 μέσος
1014 1605 1115 1676 τῆς
1153 1602 1332 1676 ζώνης
1366 1602 1461 1656 τοῦ
1501 1601 1753 1673 Ὠρίωνος
1785 1603 1907 1654 ἐπιέ-

319 1701 528 1755 τέλλει’
561 1699 655 1754 καί
692 1697 920 1768 ἔσχατος
966 1694 1221 1767 Ποταμοῦ
1260 1693 1550 1748 ἐπιτέλλει.
1589 1693 1908 1764 Αἰγυπτίοις

317 1792 608 1865 ἀνεμώδης
632 1791 727 1845 καί.
765 1789 929 1860 ἀέρος
950 1787 1216 1861 ἀκρασία.

393 1882 459 1947 ζ’.
496 1881 639 1953 Ὥρα
669 1880 730 1932 ιδ’
761 1881 790 1933 6
820 1877 1072 1950 λαμπρὸς
1107 1877 1202 1930 τοῦ
1233 1874 1446 1948 βορείου
1481 1875 1754 1947 Στεφάνου
1773 1874 1907 1946 ἑῷος

317 1971 462 2027 δύνει
487 1989 500 2001 ’
530 1971 624 2024 καὶ
651 1971 680 2022 ὁ
704 1969 798 2023 ἐπί¹
825 1967 926 2040 τῆς
952 1967 1198 2037 κεφαλῆς
1218 1967 1314 2020 τοῦ
1338 1967 1640 2038 ἡγουμένου
1671 1965 1794 2020 Διδύ
1804 1983 1904 2037 μου

319 2062 587 2118 ἐπιτέλλει
609 2079 626 2098 ο
653 2061 750 2117 καί
773 2064 802 2116 6
841 2061 1020 2126 κοινὸς
1056 2059 1152 2114 τοῦ
1182 2061 1380 2114 Ἵππου
1411 2061 1505 2113 καὶ
1550 2058 1908 2126 Ἀνδοομέδας

317 2157 573 2229 ἑσπέριος
605 2153 908 2209 ἀνατέλλει.

388 2226 482 2322 η’.ν,
514 2248 580 2303 θ’.
615 2248 756 2320 Ὥρα
798 2248 856 2301 ιδ’
885 2249 914 2301 6
945 2244 1037 2300 ἐπὶ
1063 2249 1164 2317 τῆς
1203 2244 1444 2315 κεφαλῆς
1473 2226 1566 2298 τοῦ
1601 2242 1905 2315 ἡγουμένου

315 2341 550 2415 Διδὸμου
601 2339 892 2395 ἐπιτέλλει.
936 2339 1295 2409 Αἰγυπτίοις,
1340 2337 1584 2409 Καίσαρι
1623 2336 1775 2400 νότος
1811 2335 1907 2404 καὶ

316 2431 532 2506 καῦμα.

389 2531 442 2580 ι’.
480 2525 625 2598 Ὥρα
678 2523 811 2580 ιδ’8”
843 2524 871 2579 6
904 2525 963 2577 ἐν
990 2523 1070 2594 τῷ
1101 2522 1352 2594 ἑπομένῳ
1379 2519 1517 2593 ὤμῳ
1542 2518 1638 2576 τοῦ
1655 2519 1906 2591 Ὠρίωνος

313 2614 588 2670 ἐπιτέλλει
616 2631 630 2646 ο
660 2616 757 2670 καὶ
781 2617 808 2669 ὁ
841 2615 934 2669 ἐπὶ
962 2615 1064 2686 τῆς
1103 2614 1332 2688 καρδίας
1368 2613 1464 2666 τοῦ
1507 2613 1738 2676 Λέοντος
1771 2611 1907 2684 κρύ-

314 2719 534 2760 πτεται.
563 2705 885 2776 Αἰγυπτίοις
916 2706 1192 2779 ἀργέστης
1221 2705 1318 2760 καί
1351 2704 1527 2759 ὐετία.

387 2804 478 2852 ια’.
536 2798 675 2870 Ὦρα
723 2795 854 2852 t6’S"
895 2799 924 2851 6
961 2798 1125 2869 μέσος
1160 2797 1261 2869 τῆς
1298 2795 1476 2868 ζώνης
1521 2794 1617 2850 τοῦ
1654 2795 1908 2868 Ὠρίωνος

309 2888 605 2943 ἐπιτέλλει.
633 2889 774 2961 Ὤρᾳ
802 2894 862 2942 ιε’
881 2889 910 2942 6
939 2888 998 2943 ἐν
1023 2887 1099 2960 τῷ
1122 2887 1412 2960 ἡγουμένῳ
1438 2885 1574 2959 ὤμῳ
1597 2886 1692 2940 τοῦ
1725 2887 1908 2959 Ὠρίω-

309 2993 406 3046 νος
445 2980 734 3036 ἐπιτέλλει.
785 2979 1106 3051 Αἰγυπτίοις
1145 2978 1412 3052 ζέφυρος,
1441 2978 1754 3051 ἀργέστης,
1808 2978 1907 3035 καὶ

315 3072 559 3144 βρονταί.
595 3069 950 3143 Μητροδώρῳ
980 3069 1076 3122 καὶ
1105 3068 1385 3140 Καλίππῳ
1410 3067 1583 3130 νότος.

392 3163 482 3234 ιβ’·
516 3165 660 3236 ’Ὧρᾳ
693 3168 769 3229 ις’
800 3163 828 3215 ὁ
871 3161 967 3216 ἐπὶ
993 3161 1093 3234 τῆς
1122 3159 1348 3231 καρδίας
1365 3159 1459 3214 τοῦ
1497 3158 1726 3222 Λέοντος
1765 3157 1902 3231 κρύ-
1930 3179 1976 3238 C

1167 354 1548 422 ‘PTOLEMEI
1578 359 1670 416 DE
1706 351 2174 416 APPARENTHS
2209 351 2717 412 lNERRANTlUM.

1935 493 1982 548 Α

3482 350 3588 411 898

2565 469 2770 534 Julius,
2805 467 3018 540 Epip'hi.

2091 591 2142 644 1.
2160 587 2307 643 liora
2334 603 2427 642 xiv
2458 585 2640 642 media
2667 599 2819 641 zonae
2847 582 3069 640 Orionis
3092 548 3291 638 oritur.
3317 578 3588 653 Egyptiis

2018 680 2269 736 favonius
2301 687 2358 734 et
2385 686 2576 734 aestus.

2079 772 2134 825 2.
2171 768 2318 826 Hora
2347 782 2416 823 xv
2447 770 2465 822 1
2475 766 2548 838 /2
2571 766 2724 821 clara
2741 763 2928 821 Persei
2947 763 3107 819 stella
3137 775 3364 833 vespere
3389 760 3587 818 oritur.

2083 947 2138 1002 5.
2173 943 2448 1017 Egyptiis
2474 940 2728 998 favonius
2757 939 2932 1011 spirat

2084 1039 2140 1093 4.
2191 1037 2452 1092 Dositheo
2505 1033 2802 1105 signiﬁcat.
2847 1031 3160 1088 Democrito
3204 1028 3484 1093 favonius,
3538 1036 3592 1084 et

2010 1129 2197 1200 pluvia
2234 1128 2526 1182 matutina.
2557 1125 2696 1180 Tum
2729 1122 3017 1194 aquilones
3045 1123 3115 1177 ad
3149 1122 3269 1177 dies
3297 1137 3396 1175 vn.

2083 1220 2137 1276 5.
2157 1217 2302 1274 Hora
2330 1234 2421 1272 xlv
2442 1216 2541 1288 1/2
2558 1217 2866 1272 communis
2893 1213 3069 1269 Fluvii
3095 1228 3161 1268 ac
3189 1211 3346 1283 pedis
3373 1209 3591 1266 Orionis

2010 1310 2225 1378 oritur;
2251 1325 2372 1380 qua:
2399 1309 2454 1362 in
2483 1307 2838 1364 antecedente
2859 1306 3090 1361 humero
3110 1312 3204 1360 est
3230 1301 3451 1360 Orionis
3479 1303 3592 1358 ori-

2010 1407 2122 1456 tur.
2155 1399 2385 1454 Eudoxo
2417 1397 2878 1468 signilicationem
2910 1395 3096 1449 habet.

2083 1492 2136 1547 6.
2180 1491 2324 1545 Hora
2359 1506 2459 1544 xm
2491 1489 2596 1560 1/2
2618 1505 2739 1559 qua:
2762 1489 2818 1544 in
2861 1486 3041 1558 capite
3093 1492 3174 1541 est
3227 1481 3590 1554 praecedentis

2005 1582 2362 1639 Geminorum
2396 1596 2542 1635 :nec
2591 1594 2702 1633 non
2738 1579 2918 1634 media
2960 1575 3165 1648 cinguli
3215 1572 3439 1629 Orionis
3478 1575 3592 1626 ori-

2010 1684 2133 1740 tur;
2179 1672 2373 1727 ultima
2397 1671 2579 1726 Fluvii
2621 1670 2821 1727 oritur.
2852 1667 3130 1740 Egyptiis
3166 1664 3318 1722 venti
3351 1670 3406 1718 et
3447 1664 3592 1720 aeris

2007 1763 2382 1833 intemperies.

1939 1831 1980 1886 Β
2078 1856 2134 1912 7.
2165 1831 2311 1910 Hora
2339 1866 2434 1909 xiv
2463 1853 2612 1908 clara
2652 1853 2834 1908 boreae
2858 1849 3090 1906 Coronae
3130 1847 3405 1904 matutino
3449 1846 3591 1903 occi-

2006 1949 2124 2014 dit;
2171 1964 2292 2020 quae
2334 1947 2392 2000 in
2440 1946 2623 2017 capite
2676 1943 3054 2000 antecedentis
3097 1949 3183 1998 est
3231 1940 3587 1997 Geminorum

2005 2039 2220 2107 oritur;
2281 2036 2592 2093 communis
2649 2033 2790 2105 Equi
2842 2040 2898 2088 et
2950 2030 3310 2087 Andromedae
3361 2045 3590 2100 vespere
3675 2066 3686 2074 μ

2006 2131 2206 2187 oritur.

2075 2223 2130 2290 8,
2163 2221 2217 2278 9.
2250 2219 2397 2276 Hora
2424 2236 2517 2276 xlv
2544 2233 2665 2290 quae
2694 2224 2780 2274 est
2808 2216 2865 2271 in
2889 2215 3072 2285 capite
3105 2212 3463 2284 pracedentis
3485 2211 3588 2269 Gc-

2006 2313 2283 2370 minorum
2322 2315 2520 2370 oritur.
2553 2310 2826 2383 Egyptiis
2869 2323 2934 2363 ac
2975 2308 3181 2363 Caesari
3230 2314 3418 2362 auster
3462 2322 3586 2362 cum

2108 2422 2165 2460 u.

2108 2422 2165 2460 u.

2005 2413 2166 2554 mtto.
2185 2494 2332 2551 Hora
2360 2512 2453 2550 xiv
2472 2494 2576 2567 1/2
2592 2507 2714 2565 quae
2745 2493 2801 2547 iu
2834 2491 3208 2562 subsequente
3228 2488 3448 2545 Orionis
3485 2489 3588 2542 hu-

2005 2605 2157 2645 mero
2189 2596 2275 2644 est
2305 2589 2501 2643 oritur.
2546 2585 2655 2643 Cor
2696 2584 2899 2640 Leonis
2941 2584 3274 2641 occultatur.
3311 2581 3587 2653 Egyptiis'

1953 2748 1958 2757 _
2005 2694 2210 2734 caurus
2233 2687 2286 2732 et
2309 2676 2514 2748 pluvia.

2077 2773 2166 2828 11.
2200 2770 2348 2828 Hora
2383 2785 2474 2827 ιιν
2492 2769 2596 2842 1/2
2613 2768 2791 2825 media
2815 2781 2966 2822 zonae
2983 2765 3202 2822 Orionis
3218 2765 3414 2821 oritur.
3437 2763 3585 2819 Hora

2005 2880 2076 2919 xv
2108 2879 2230 2935 qua:
2257 2863 2312 2918 in
2338 2861 2678 2932 praecedenle
2707 2860 2938 2914 humero
2992 2857 3212 2913 Orionis
3233 2864 3338 2935 est
3385 2855 3580 2910 oritur.

2006 2933 2279 3028 Egvptiis
2309 2956 2561 3011 favonius
2600 2961 2664 3009 et
2685 2967 2890 3008 caurus
2921 2967 3046 3007 cum
3076 2933 3354 3006 tonitruis.
3391 2947 3588 3004 Metro-

2005 3050 2141 3103 doro
2174 3053 2228 3102 et
2258 3045 2489 3118 Calippo
2519 3051 2728 3100 auster.

2078 3139 2166 3194 12.
2224 3137 2370 3194 Hora
2412 3152 2504 3193 xvr
2537 3152 2636 3192 cor
2678 3134 2880 3190 Leonis
2930 3134 3261 3190 occultatur.
3311 3129 3586 3203 Egyptiis

315 3224 531 3314 πτέται.
567 3224 885 3327 Αἰγυπτίοις
937 3224 1310 3328 ἐπισημαίνει.
1352 3252 1634 3325 Ἱππάρχῳ
1670 3224 1902 3325 πρόδρο-
1933 3224 1976 3238 ν
2007 3229 2301 3305 εἱειιίῦεει·
2331 3227 2646 3302 ΗῘΡΡ³Γθ¹¹⁰
2679 3227 3011 3300 Ιποάτοωυε
3043 3224 3233 3282 σθηίδο

312 3367 421 3416 μσς
458 3349 654 3414 Κυνός.

388 3449 476 3512 ιγ’.
514 3443 655 3514 Ὥρα
688 3440 749 3495 ιε’
777 3442 806 3496 6
837 3441 932 3494 ἐπὶ
972 3439 1072 3512 τῆς
1092 3437 1337 3509 κεφαλῆς
1377 3455 1470 3492 του
1503 3435 1774 3509 ἑπομένου
1813 3437 1904 3489 Δις-

320 3532 486 3606 -δύμου
519 3532 812 3588 ἐπιτέλλει.
843 3531 1062 3587 Μέτωνι
1091 3529 1286 3584 νοτίαι.

382 3623 468 3678 ἰδ’.
507 3623 650 3696 Ὠρᾳ
689 3623 747 3676 ιδ’
777 3623 806 3676 ὁ
833 3623 926 3676 ἐπὶ
955 3620 1050 3676 τοῦ
1079 3621 1348 3691 ἑπομένου
1369 3618 1520 3690 ώμου
1541 3618 1635 3673 τοῦ
1652 3616 1903 3690 Ὠρίωνος

316 3703 607 3770 επιτέλλει.
638 3715 960 3787 Αἰγυπτίοις
1003 3714 1300 3787 ἀργέστης.
1337 3712 1650 3783 Εὐκτήμονι
1679 3711 1775 3766 καί
1811 3712 1911 3764 duo

316 3803 503 3875 λίππῳ
530 3804 702 3859 νοτία.

386 3901 468 3950 ιε’.
507 3895 648 3968 "Op;
677 3897 779 3950 ιε’ὁ
806 3893 898 3948 ἐπὶ
926 3893 1027 3966 τῆς
1054 3893 1281 3966 καρδίας
1302 3891 1396 3946 τοῦ
1419 3890 1646 3956 Λέοντος
1666 3889 1906 3964 κρύπτε-

323 4001 426 4043 ται.
453 3988 775 4057 Αἰγυπτίοις
797 3987 1118 4060 δυσκρασία.

388 4085 484 4144 ις’.
523 4081 662 4152 Ὦρα
698 4080 804 4133 ιδ’ό
826 4079 1002 4142 κοινὸς
1031 4077 1126 4131 τοῦ
1165 4078 1364 4132 Ἵππου
1407 4073 1504 4129 καὶ
1546 4074 1903 4147 Ἀνδρομέδας

320 4173 567 4244 ισπέριος
621 4171 936 4226 ἀνατέλλειο
995 4171 1090 4226 καί
1135 4171 1164 4224 6
1209 4169 1374 4241 μέσος
1419 4171 1519 4240 τῆς
1583 4167 1762 4240 ζώνης
1805 4167 1902 4222 τοῦ

326 4263 582 4336 Ὠρίωνος
612 4263 910 4318 ἐπιτέλλει.
966 4293 977 4310 σ

390 4355 476 4422 ιζ’.
512 4357 652 4428 ’Ὦρα
668 4354 728 4410 ιε’
749 4357 778 4410 6
806 4352 898 4409 ἐπὶ
921 4353 1022 4426 τῆς
1043 4351 1272 4426 καρδίας
1294 4350 1390 4407 τοῦ
1412 4351 1641 4415 Λέοντος
1666 4349 1905 4422 κρύπτε-

317 4465 410 4503 ται
437 4462 453 4478 ·
485 4449 515 4502 6
543 4443 798 4519 λαμπρὸς
841 4446 936 4502 τοῦ
984 4447 1197 4520 βορείου
1225 4445 1498 4514 Στεφάνου
1532 4444 1667 4514 ἐῷος
1709 4442 1856 4496 δύνει
1884 4451 1901 4474 δ

316 4539 462 4594 καὶὸ
495 4539 674 4604 κοινὸς
713 4536 964 4610 Ποταμοῦ
1001 4537 1096 4592 καὶ
1124 4535 1285 4600 ποδὸς
1321 4535 1575 4608 Ὠρίωνος
1603 4532 1895 4589 ἐπιτέλλει.
1929 4523 1974 4578 Ῑ)

314 4627 635 4700 Αἰγυπτίοις
657 4627 974 4700 πρόδρομοι.
1004 4625 1356 4699 Μητροδώρῳ
1383 4624 1638 4696 ζέφυρος.

389 4725 480 4791 ιη’.
515 4719 656 4792 Ὦρα
683 4719 742 4774 ιδπ
771 4717 1034 4793 Προκύων
1070 4716 1358 4773 ἐπιτέλλει.
1374 4717 1656 4789 Ἱππάρχῳ
1678 4713 1898 4786 ἀνέμων

314 4811 582 4886 ἀκρασία.

389 4902 476 4958 ιϐ’.
509 4902 830 4972 Αἰγυπτίοις
851 4901 1320 4975 καῦμα.’Καίσαρι
1335 4900 1535 4972 ἄνεμος
1558 4897 1725 4964 πολὺς
1749 4899 1893 4954 πνεῐ.

327 4995 608 5066 Ἱππάρχῳ
639 4995 822 5068 βορέαι
859 4995 1137 5067 ἄρχονται.

385 5092 454 5140 κ’.
493 5087 633 5159 Ὤρᾳ
674 5085 810 5156 ιγ’8”
839 5089 869 5141 ὁ
897 5086 990 5141 ἐπὶ
1015 5087 1115 5158 τῆς
1138 5085 1366 5159 καρδίας
1393 5082 1488 5138 τοῦ
1511 5082 1738 5146 Λέοντος
1764 5078 1898 5152 κρύ-

317 5194 512 5231 πτεται
520 5216 536 5233 ο
915 5247 922 5256 Ι

388 5274 493 5324 κα’.
529 5269 671 5341 Ὥρα
707 5267 846 5339 ιγ’Ξν
889 5269 1052 5324 Κύων
1079 5309 1094 5335 ,
1138 5269 1232 5323 καὶ
1273 5267 1535 5339 Προκυων
1581 5264 1851 5320 ἐπιτέλλει
1877 5280 1892 5298 ο

317 5356 414 5410 καὶ
448 5359 476 5412 ὁ
509 5356 732 5428 ἔσχατος
767 5357 1023 5430 Ποταμοῦ
1058 5357 1348 5412 ἐπιτέλλει.
1397 5354 1717 5426 Αἰγυπτίοις
1767 5353 1896 5409 ἄνε-

321 5466 422 5520 μος
445 5451 540 5504 καὶ
559 5450 736 5507 ὑετία.

388 5544 493 5616 κβ’.
533 5546 675 5619 Ὢρᾳ
723 5547 833 5600 ιε’ὁ
877 5545 1130 5619 λαμπρὸς
1174 5541 1271 5600 τοῦ
1321 5541 1578 5615 Περσέως
1639 5539 1897 5610 ἑσπέριος

319 5635 599 5691 ἀνατέλλει
629 5653 643 5667 ·
677 5638 706 5690 6
734 5636 899 5708 μέσος
926 5637 1025 5707 τῆς
1048 5632 1356 5706 ζώνηςτοῧ
1395 5631 1648 5704 Ὠρίωνος
1680 5624 1896 5682 ἐπιτέλ-

317 5725 422 5783 λει.
456 5729 773 5798 Αἰγυπτίοις
804 5729 900 5783 καὶ
922 5728 1155 5799 Δοσιθέῳ
1182 5727 1330 5790 νότος
1358 5725 1456 5779 καὶ
1483 5721 1694 5793 καῦμα.

395 5819 498 5892 κγ’.
538 5824 675 5895 Ὢρᾳ
724 5823 783 5877 ιδ’
822 5823 1084 5895 Προκύων
1129 5821 1395 5896 ἐπιτέλλει
1421 5837 1434 5851 ·
1482 5817 1660 5887 κοινὸς
1699 5816 1894 5870 Ἵππου

2077 3405 2164 3462 15.
2202 3404 2349 3460 Hora
2394 3421 2467 3460 xv
2495 3403 2696 3475 quaein
2735 3402 2918 3473 capite
2969 3398 3356 3471 subsequentis
3398 3397 3584 3453 Gemi-

2003 3514 2224 3568 norum,
2252 3498 2448 3554 oritnr.
2472 3496 2674 3553 Metoni
2711 3495 2925 3567 pluviae.

2075 3594 2166 3649 14.
2201 3593 2349 3648 Hora
2383 3606 2476 3646 xtv
2505 3605 2628 3661 quae
2655 3589 2709 3644 in
2738 3587 3070 3644 succedente
3098 3583 3319 3641 Orionis
3350 3584 3582 3638 humero

2003 3696 2088 3744 est
2112 3686 2309 3744 oritur.
2342 3682 2618 3757 Egyptiis
2641 3697 2863 3738 caurus.
2893 3677 3216 3736 Euctemoni
3250 3686 3304 3734 et
3331 3675 3582 3747 Philippo

2004 3781 2186 3927 pug.“
2196 3820 2346 3925 Hora
2381 3883 2454 3926 xv
2493 3881 2592 3924 cor
2630 3862 2834 3924 Leonis
2878 3862 3261 3921 absconditur.
3305 3857 3583 3934 Egyptiis

2004 3961 2376 4034 intemperies.

2075 4052 2165 4108 16.
2196 4051 2342 4108 Hora
2370 4067 2464 4106 xtv
2495 4049 2804 4108 communis
2835 4046 2975 4119 Equi
3009 4055 3064 4103 et
3087 4044 3453 4102 Andromedae
3488 4058 3583 4099 ve-

2005 4159 2164 4216 spere
2194 4144 2407 4211 oritur;
2436 4141 2614 4197 media
2637 4154 2788 4195 zonae
2815 4137 3038 4195 Orionis
3078 4138 3257 4192 oritur

2075 4318 2163 4372 1’ῑ.
2197 4315 2345 4374 Hora
2362 4331 2434 4372 xv
2448 4331 2545 4372 cor
2563 4314 2766 4372 Leonis
2786 4309 3178 4376 absconditur;
3201 4305 3386 4364 lucida
3401 4306 3583 4362 boreae

2002 4406 2233 4464 Coronae
2278 4422 2440 4463 mane
2483 4405 2726 4472 occidit;
2778 4399 3089 4458 communis
3124 4398 3302 4454 Fluvii
3341 4405 3396 4452 et
3427 4397 3586 4466 pedis

2003 4496 2227 4554 Orionis
2268 4497 2466 4552 oritur.
2497 4491 2776 4566 Egyptiis
2804 4489 3108 4563 prodromi.
3142 4486 3452 4544 Metrodoro
3491 4502 3584 4540 ze-

2003 4591 2238 4662 phyrus.

2075 4681 2164 4736 18.
2210 4679 2356 4735 Hora
2384 4693 2476 4733 xlv
2500 4674 2752 4748 Procyon
2792 4673 2992 4731 oritur.
3035 4668 3353 4744 Hipparcho
3389 4675 3584 4724 vento-

2002 4785 2125 4826 rum
2154 4768 2528 4840 intemperies.

2073 4861 2163 4917 19.
2202 4860 2476 4933 Egyptiis
2519 4867 2707 4916 aestus.
2749 4856 2953 4914 Caesari
2980 4863 3180 4912 ventus
3204 4853 3583 4912 vehementior

2002 4953 2116 5008 ﬂat.
2147 4950 2463 5024 Hipparcho
2486 4951 2776 5022 aquilones
2799 4947 3088 5019 incipiunt.

2069 5045 2164 5102 20.
2195 5044 2344 5101 Hora
2372 5059 2474 5100 xm
2502 5041 2610 5116 1/2
2635 5056 2731 5098 cor
2755 5039 2956 5097 Leonis
2981 5036 3357 5096 absconditur.

2072 5243 2164 5299 2|.
2217 5241 2364 5297 Hora
2388 5257 2488 5298 xm
2522 5239 2626 5310 1/2
2648 5239 2812 5297 Canis
2840 5247 2896 5296 et
2950 5237 3249 5295 Antecanis
3288 5235 3578 5304 oriuntur;

2005 5335 2196 5390 ultima
2221 5333 2400 5389 Fluvii
2433 5333 2628 5410 oritur.
2661 5330 2933 5404 Egyptiis
2959 5337 3157 5386 ventus
3183 5337 3238 5384 et
3267 5329 3470 5400 pluvia.

2074 5534 2167 5589 Ἡ.
2210 5530 2358 5588 Hora
2382 5547 2452 5587 xv
2476 5529 2663 5585 lucida
2695 5527 2878 5584 Persei
2908 5542 3138 5597 vespere
3177 5526 3374 5596 oritur.
3403 5523 3583 5580 Mediae

2005 5641 2157 5684 zonae
2184 5623 2406 5680 Orionis
2450 5621 2649 5679 oritur.
2685 5619 2959 5693 [Egyptiis
3006 5631 3062 5676 et
3089 5617 3349 5674 Dositheo
3395 5624 3588 5673 auster

2005 5734 2128 5775 cum
2156 5723 2316 5776 £85111.

2073 5809 2164 5865 9.5.
2210 5807 2369 5865 Hora‘
2399 5823 2491 5890 xlv
2528 5807 2780 5878 Procyon
2822 5804 3040 5882 oritur;
3089 5801 3400 5860 communis
3439 5798 3583 5872 Equi
