4124 6400
319 441 445 500 VH

1205 425 1576 489 PTOLEMEI
1627 425 1717 482 DE
1752 418 2219 483 APPARENTIIS
2255 412 2765 474 fNL‘RRANTiUM.

3513 405 3618 461 om

415 555 520 629 15'.
553 553 696 626 Ὦρα
723 550 858 623 ιγεη
889 548 918 604 6
951 549 1045 604 ἐπὶ
1077 549 1175 620 τῆς
1203 548 1370 620 οὐρᾶς
1401 543 1496 598 τοῦ
1540 542 1767 604 Λέοντος
1797 537 1930 611 κρύ-
1957 546 1989 604 Α

2096 532 2189 589 22.
2240 529 2386 586 Hora
2406 545 2504 585 xm
2536 528 2643 600 1/9.
2670 542 2788 598 qua:
2821 526 2875 580 in
2907 522 3082 578 cauda
3128 518 3330 578 Leonis
3360 529 3446 577 est
3489 526 3618 578 abs-

340 665 537 703 πτεται
555 663 568 676 ·
601 647 630 699 6
655 643 905 718 λαμπρδς
931 641 1025 696 τοῦ
1067 641 1352 711 ’Υδροχόου
1377 635 1670 690 ἐπιτέλλει.

417 746 524 806 κγ’.
557 738 700 808 "Op;
759 735 896 805 ιγ’δη
933 736 961 786 6
1006 734 1099 786 ἐπὶ
1149 730 1227 802 τῷ
1278 729 1436 800 δεξιῷ
1475 724 1794 799 ἐμπροσθίῳ
1842 722 1938 794 βα-

340 827 552 902 τραχίῳ
591 826 686 880 τοῦ
731 822 1048 894 Κενταύρου
1101 821 1438 892 κρύπτεται·
1491 817 1586 871 καὶ
1630 817 1658 869 6
1702 815 1794 868 ἐπὶ
1839 813 1939 884 τῆς

343 923 512 993 οὐρᾶς
542 919 636 973 τοῦ
662 918 890 980 Λέοντος
917 915 1240 987 κρύπτεται.
1276 913 1516 982 Καίσαρι
1551 909 1890 982 περίστασις.

413 1014 512 1070 κδ’.
547 1013 690 1084 ’Ὠρᾳ
729 1010 858 1064 t6'S"
910 1010 939 1062 6
970 1008 1220 1079 λαμπρὸς
1252 1005 1347 1059 τοῦ
1388 1003 1673 1076 ’Υδροχόου
1721 997 1937 1054 ἐπιτέλ-

345 1118 450 1166 λει.
484 1106 703 1177 Εὐδόξῳ
730 1103 1106 1174 ἐπισημαίνει.

417 1206 520 1256 κε’.
554 1194 696 1270 ’Ὧρᾳ
747 1195 875 1252 ιε¹8”
907 1198 937 1250 6
965 1195 1056 1248 ἐπὶ
1093 1193 1193 1264 τῆς
1221 1193 1387 1265 οὐρᾶς
1424 1187 1516 1244 τοῦ
1551 1188 1780 1249 Λέοντος
1807 1185 1941 1258 κρύ-

349 1310 574 1348 πτεται.

421 1387 536 1452 κς’.
575 1383 717 1456 ’Ὡρᾳ
748 1378 887 1452 ιγ’5η
910 1379 939 1432 6
961 1376 1213 1450 λαμπρδς
1240 1374 1335 1429 τοῦ
1353 1374 1528 1428 νοτίου
1561 1370 1763 1444 Ἰχθύος
1786 1367 1942 1422 ἑσπέ-

352 1486 468 1547 ριος
512 1472 814 1528 ἀνατέλλει.
862 1468 1182 1538 Αἰγυπτίοις
1224 1466 1374 1529 νότος
1404 1465 1438 1535 ἢ
1480 1463 1732 1534 ζέφυρος.
1765 1462 1943 1531 Δημο-

351 1565 523 1638 κρίτῳ
550 1561 904 1635 ἐπισημαίνει
939 1559 1093 1612 ὓδασι
1127 1557 1222 1610 καὶ
1253 1555 1497 1626 ἀνέμοις.

383 1679 396 1690 ·
424 1658 529 1724 κζ’.
563 1657 705 1728 Ὥρα
754 1653 812 1707 ιδ’
858 1655 887 1707 6
929 1651 1182 1724 λαμπρὸς
1219 1645 1614 1719 τοῦὙδροχόου
1652 1641 1938 1699 ἐπιτέλλει.

353 1747 670 1818 Αἰγυπτίοις
705 1743 895 1815 καῦμα
923 1743 1018 1796 καὶ
1043 1740 1265 1812 ὀμίχλη.

423 1848 666 1914 aqu...
1032 1861 1034 1864 ν

2038 625 2327 689 conditur;
2356 621 2537 678 lucida
2561 619 2786 689 Aquarii
2815 617 3013 672 oritur.

2108 714 2200 770 25.
2242 711 2389 768 Hora
2452 727 2549 765 xm
2583 709 2689 781 1/2
2725 723 2848 779 qua:
2912 707 2978 762 ad
3009 706 3262 760 dextrum
3292 707 3622 761 anteriorem

2038 803 2349 862 musculum
2377 801 2665 868 Centauri,
2695 800 2990 860 conditur;
3024 813 3147 869 qua:
3184 798 3236 852 in
3281 799 3458 852 cauda
3488 795 3625 854 Leo-

2038 896 2125 950 nis
2153 901 2238 949 est.
2271 893 2601 947 occultatur.
2640 890 2840 945 (ἐπετινί
2880 887 3027 944 acris
3060 887 3298 942 alfcctio.

2109 985 2197 1039 24.
2226 978 2369 1038 Hora
2397 998 2488 1037 xlv
2519 980 2623 1034 ΗΞ).
2652 979 2802 1034 clara
2841 980 3000 1034 stella
3024 977 3254 1048 Aquarii
3278 977 3479 1033 oritur.
3516 974 3626 1031 Eu-

2040 1073 2183 1133 doxo
2214 1076 2507 1148 significat.

2109 1170 2202 1225 25.
2237 1169 2383 1224 llora
2422 1185 2492 1223 xv
2519 1165 2624 1238 1/2
2656 1179 2777 1236 quae
2799 1164 2853 1219 in
2890 1164 3064 1220 cauda
3093 1162 3296 1220 Leonis
3335 1158 3627 1218 cstoccul-

2041 1272 2213 1318 tatur.

2111 1350 2202 1405 26.
2233 1349 2378 1404 Hora
2409 1362 2511 1402 xm
2539 1347 2644 1419 1/2
2671 1347 2854 1403 lucida
2895 1345 3077 1403 Piscis
3100 1344 3360 1400 australis
3401 1357 3628 1415 vespero

2041 1441 2237 1496 oritur.
2278 1439 2552 1512 lEgyptiis
2590 1447 2807 1502 auster,
2856 1439 2940 1494 vel
2989 1436 3266 1493 favonius.
3315 1433 3628 1490 Democrito

2044 1535 2317 1608 signiticat
2349 1533 2548 1605 pluviis
2580 1539 2636 1588 et
2669 1531 2868 1587 ventis.

2112 1626 2202 1680 27.
2251 1614 2540 1680 Ιιοιιιίιν
2579 1623 2763 1679 lucida
2813 1621 3046 1694 Aquarii
3088 1621 3289 1678 oritur.
3354 1617 3628 1693 (Egyptlis

2042 1727 2212 1775 :estus
2249 1727 2303 1774 et
2333 1717 2553 1773 nebula.

2115 1810 2206 1866 28.

573 1885 716 2004 λορᾳ
767 1927 895 1984 ιδ’5’¹
926 1929 956 1981 6
983 1924 1233 1998 λαμπρὸς
1264 1922 1360 1978 τοῦ
1395 1920 1653 1995 Περσέως
1689 1919 1943 1991 ἑσπέριος
1972 1899 1989 1955 Ῑ

2121 1904 2211 1960 29.
2240 1885 2386 1959 liora
2410 1918 2504 1958 xiv
2521 1901 2624 1957 1/2
2642 1899 2821 1956 lucida
2837 1898 3024 1955 Persei
3053 1913 3280 1969 vespere
3301 1899 3500 1954 oritur.
3519 1897 3632 1955 Lu-

356 2023 654 2082 ἀνατέλλει·
684 2024 714 2076 6
739 2018 991 2092 λαμπρὸς
1019 2017 1113 2072 τοῦ
1142 2016 1426 2089 ’Υδροχόου
1459 2013 1757 2069 ἀνατέλλει.
1783 2012 1949 2082 Λίγυ-

357 2118 554 2182 πτίοις,
609 2113 850 2185 Καίσαρι
903 2109 1255 2181 ἐπισημαίνει
1291 2123 1306 2139 ⁶
1365 2105 1629 2178 δυσαερία
1684 2104 1943 2175 Εὐδόξῳι

358 2208 581 2284 βρονταὶ
604 2206 794 2262 εἴωθεν
825 2205 893 2259 ⁷⁸.
1477 2217 1487 2228 ·

425 2300 492 2357 λ’.
532 2300 672 2371 Ὧρᾳ
705 2296 835 2353 ta'S"
891 2299 920 2351 6
954 2297 1012 2350 ἐν
1055 2293 1134 2366 τῷ
1167 2291 1418 2363 ἑπομένῳ
1461 2290 1598 2363 ὤμῳ
1637 2288 1733 2343 τοῦ
1775 2286 1951 2342 Ἡνιό-

359 2410 455 2464 χου
505 2392 758 2464 ἑσπέριος
809 2387 1108 2445 ἀνατέλλει.
1163 2384 1485 2455 Αἰγυπτίοις
1535 2382 1803 2455 ζέφυρος,
1847 2382 1950 2450 ἀρ-

366 2485 581 2555 ιέστηςο

935 2612 1370 2686 Ἐ’παγομένων.

423 2768 501 2814 ἀ.
541 2757 680 2830 Ὥρα
707 2755 837 2812 ts'S"
859 2757 888 2810 6
915 2755 1008 2808 ἐπὶ
1051 2755 1150 2826 τῆς
1178 2753 1360 2824 Λύρας
1383 2750 1519 2822 ἑῷος
1549 2743 1723 2803 δύνει-
1757 2749 1786 2803 6
1811 2748 1949 2820 λαμ-

353 2851 500 2924 πρὸς
523 2851 619 2904 τοῦ
646 2848 844 2920 ’Υδρου
883 2845 1171 2900 ἐπιτέλλει.
1204 2842 1422 2915 Εὐδόξῳ
1459 2844 1555 2897 καὶ
1598 2838 1948 2914 Μητροδώρῳ

361 2944 523 3013 επιση
534 2942 736 3013 μαίνει.

430 3033 500 3107 β’.
539 3035 679 3106 Ὦρα
707 3031 836 3088 t6'S"
862 3035 890 3087 6
923 3031 1257 3102 καλούμενος
1282 3027 1545 3092 Κάνωϐος
1580 3023 1886 3081 ἐπιτέλλει·
1920 3023 1949 3078 6

362 3126 613 3201 καμπρδς
641 3125 734 3180 τοῦ
767 3125 940 3179 νοτίου
985 3123 1188 3194 Ἰχθύος
1229 3121 1481 3190 ἑσπέριος
1511 3117 1823 3191 ἀνατέλλει.
1851 3116 1949 3171 Αί-

363 3220 613 3288 γυπτίοις
641 3217 849 3290 καῦμα.
877 3215 1111 3287 Εὐδόξῳ,
1151 3214 1391 3285 Καίσαρι
1415 3210 1790 3283 ἐπισημαίνει.
1834 3210 1948 3264 Ἰπ-
1975 3251 2022 3313 C

363 3313 558 3385 πόρχῳ
581 3311 754 3376 νότος,
791 3311 884 3364 καὶ
907 3310 1121 3381 ἐτησίαι
1151 3307 1437 3361 παύονται.

431 3410 502 3474 γ’.
540 3404 683 3476 Ὥρα
750 3402 886 3472 ιγ’5”
925 3403 1137 3473 Στάχυς
1180 3399 1499 3472 κρύπτεται.
1537 3396 1679 3470 "ap;
1728 3393 1858 3450 ts'S"
1915 3393 1945 3447 6

363 3496 456 3550 ἐπὶ
491 3496 590 3568 τῆς
637 3494 879 3566 κεφαλῆς
925 3493 1019 3549 τοῦ
1069 3493 1298 3555 Λέοντος
1326 3487 1612 3544 ἐπιτέλλει.
1661 3488 1946 3560 Ἱππάρχῳ

359 3584 580 3660 ἀνέμων
612 3589 915 3662 συστροφή.

429 3682 493 3736 δ’.
524 3681 761 3753 Ἥρῃ...
798 3682 826 3734 6
851 3679 944 3733 ἐπὶ
967 3679 1066 3750 τῆς
1094 3677 1263 3750 ούρᾶς
1288 3675 1382 3729 τοῦ
1409 3674 1636 3737 Λέοντος
1657 3671 1943 3728 ἐπιτέλλει.

363 3770 637 3842 Καλίππῳ
671 3771 1044 3843 ἐπισημαίνει.

431 3871 495 3920 ε’.
533 3865 675 3938 Ὥρα
728 3863 857 3918 te'S"
885 3865 913 3917 6
940 3863 1190 3936 λαμπρὸς
1212 3858 1308 3915 τοῦ
1338 3858 1590 3933 Ὄρνιθος
1622 3854 1756 3930 ἑῷος
1780 3855 1946 3912 δύνει.

365 3960 680 4031 Αἰγυπτίοις
713 3960 969 4033 ζέφυρος,
1005 3957 1299 4030 ἀργέστηςυ

2048 1999 2169 2054 cida
2195 1997 2420 2069 Aquarii
2461 1996 2661 2052 oritur.
2695 1992 2971 2065 Aigyptiis
3003 2000 3059 2048 et
3091 1992 3296 2048 Caesari
3332 1992 3625 2063 signiticat.

2049 2091 2206 2146 Aeris
2232 2089 2586 2160 intemperies
2613 2086 2876 2154 Eudoxo;
2911 2085 3153 2140 tonitrua
3189 2087 3460 2141 matutino
3491 2094 3629 2141 tem-

2087 2200 2204 2241 ore.

2087 2201 2204 2241 ore.

2048 2201 2083 2258 Ρ
2119 2278 2209 2333 50.
2254 2274 2400 2332 Hora
2439 2289 2508 2328 xv
2539 2272 2644 2344 ιβ
2661 2287 2782 2342 quae
2804 2270 2859 2325 in
2907 2268 3239 2326 succedente
3276 2269 3508 2326 humero
3539 2270 3632 2326 'est

2049 2368 2314 2425 Heniochi
2369 2379 2598 2438 vespere
2665 2364 2866 2420 oritur.
2938 2360 3214 2434 Egyptiis
3275 2361 3529 2418 favonius
3576 2370 3685 2417 et-

2049 2472 2274 2516 caurus.

2649 2589 3021 2662 Epagomemc.

2121 2733 2175 2788 1.
2200 2724 2346 2787 Hora
2369 2746 2438 2786 xv
2472 2728 2577 2800 1/2
2593 2742 2713 2799 quae
2738 2727 2794 2781 in
2823 2724 2986 2797 Lyra,
3007 2738 3168 2779 mane
3183 2723 3418 2790 occidit;
3453 2721 3633 2780 lucida

2051 2822 2221 2896 llydri
2253 2822 2448 2879 oritur.
2483 2819 2711 2874 Eudoxo
2740 2824 2796 2872 et
2831 2815 3149 2870 Metrodoro
3175 2815 3472 2886 signiﬁcat.

2117 3001 2173 3059 2.
2200 3000 2348 3056 Hora
2373 3017 2464 3056 xiv
2481 2999 2587 3070 1/2
2605 2997 2859 3054 Canobus
2875 2997 3083 3063 oritur;
3116 2996 3299 3051 lucida
3326 2993 3504 3052 Piscis
3535 3010 3631 3050 auo

2051 3096 2238 3154 stralis
2276 3095 2590 3166 vespertina
2621 3096 2823 3149 oritur.
2857 3092 3134 3164 Aﬂgyptiis
3161 3101 3349 3147 aestus.
3381 3090 3632 3153 Eudoxo,

2051 3187 2255 3244 Caesari
2273 3185 2885 3259 signiticat.llipparcho
2903 3194 3090 3241 auster
3119 3191 3174 3240 et
3189 3184 3375 3239 etesia:
3391 3192 3631 3240 cessant.

2121 3387 2177 3444 5.
2211 3386 2356 3444 liora
2373 3401 2473 3441 xm
2493 3385 2596 3458 1/2
2614 3383 2776 3457 Spica
2799 3385 3029 3441 celatur.
3049 3382 3189 3438 Hora
3219 3399 3287 3438 xv
3305 3382 3410 3454 1/2
3427 3397 3549 3454 qua:
3578 3381 3633 3436 in

2053 3482 2234 3554 capite
2260 3491 2348 3539 est
2373 3481 2577 3538 Leonis
2626 3483 2823 3538 oritur.
2863 3480 3178 3552 Hipparcho
3209 3490 3496 3537 ventorum
3529 3491 3637 3534 tur-

2053 3581 2233 3636 binos.

2126 3671 2181 3727 4.
2214 3666 2359 3726 liora
2395 3709 2409 3725 .
2448 3712 2464 3726 .
2502 3712 2516 3726 .
2552 3712 2566 3726 .
2601 3686 2724 3743 quae
2751 3669 2806 3726 in
2851 3671 3024 3727 cauda
3065 3669 3266 3725 Leonis
3306 3677 3390 3724 est
3435 3669 3634 3723 oritur.

2056 3763 2284 3835 Calippo
2313 3758 2610 3834 signiﬁcat.

2123 3856 2176 3911 5.
2215 3853 2360 3908 Hora
2388 3869 2457 3907 xv
2487 3852 2591 3924 1[2
2621 3850 2801 3908 lucida
2836 3850 3008 3924 Cygni
3033 3866 3194 3906 mane
3213 3849 3437 3907 occidit.
3468 3843 3637 3920 Egy-

2053 3949 2183 4021 ptiis
2214 3947 2488 4012 favonius,
2523 3962 2746 4002 caurus.

924 4134 1054 4201 Qua:
1081 4141 1367 4204 sequuntur
1396 4129 1599 4184 utiliter
1627 4127 1692 4183 ab
1724 4127 1832 4183 alio
1863 4143 2025 4200 quam
2057 4120 2419 4194 Hemerologii
2439 4091 2694 4192 scriptore
2718 4129 2904 4174 notata
2939 4129 3086 4175 sunt.

445 4317 511 4372 Ἦ
546 4316 643 4387 μέν
664 4309 756 4369 οὖν
788 4311 1104 4385 ἀναστροφὴ
1130 4309 1226 4364 τοῦ
1257 4309 1551 4382 προχείρου
1578 4306 1741 4379 χάριν
1771 4303 1951 4358 τοιαύ-

365 4427 462 4482 της
489 4408 646 4478 ἔτυχε
676 4405 777 4477 τῆς
808 4403 948 4458 κατὰ
974 4404 1072 4473 τὴν
1095 4401 1313 4455 ἔκθεσιν
1341 4399 1550 4464 τάξεως
1572 4417 1584 4429 ·
1623 4397 1724 4451 οὐκ
1751 4397 1952 4451 ἄτοπον

366 4501 422 4555 δέ
449 4491 597 4564 ῐσωξ,
624 4498 720 4552 καὶ
763 4492 1346 4566 συγκεφαλαιώσασθαι
1385 4491 1494 4545 τῶν
1539 4489 1952 4560 κατατεταγμέ-

2130 4300 2247 4357 Hoc
2279 4299 2446 4372 igitur
2472 4297 2780 4372 exponendi
2826 4297 3041 4360 ordine,
3080 4303 3141 4349 ut
3171 4295 3224 4348 in
3253 4301 3511 4365 promptu
3549 4307 3636 4349 es-

2058 4405 2202 4461 sent,
2243 4396 2359 4451 suis
2399 4408 2628 4465 qumque
2661 4393 2796 4446 locis
2842 4390 3056 4446 reddita
3108 4389 3240 4443 sint.
3279 4387 3386 4443 Nec
3435 4386 3636 4441 absur-

2056 4485 2184 4540 dum
2211 4485 2424 4540 videtur
2447 4497 2715 4538 summam
2747 4480 3006 4552 colligere
3042 4488 3156 4533 tum
3182 4479 3464 4534 stellarum
3491 4479 3638 4534 incra

367 4613 472 4648 νων
513 4591 768 4646 ἀπλανῶν
821 4590 1065 4661 ἀστέρων
1094 4588 1138 4618 ⁷⁷
1184 4585 1322 4658 μετά
1351 4585 1555 4638 τούτων
1597 4583 1950 4654 συνηγμένων
1985 4642 1989 4661 Ι

2055 4578 2292 4633 rantium
2333 4593 2453 4648 qua:
2483 4574 2806 4647 percensitzc
2837 4582 3006 4640 sunt;
3038 4581 3153 4626 tum
3187 4572 3636 4642 apparentiarutn

259 4673 262 4675 λ
784 4641 1151 4749 ἐλεχχόντῶν
1184 4641 1242 4728 ἐν
1279 4678 1398 4738 ταῖς
1435 4641 1955 4745 γραφικαίξάμαρ-
1984 4642 1989 4701 1

2055 4686 2178 4742 qua:
2204 4685 2330 4724 cum
2360 4669 2554 4724 iisdem
2587 4673 2920 4729 memoratae,
2959 4673 3018 4718 ut
3048 4665 3092 4720 si
3119 4664 3253 4734 quid
3285 4663 3637 4741 librariorum

367 4779 508 4841 τίαις
548 4769 1165 4848 παραλειφθησομένων,
1195 4769 1288 4822 καί
1317 4767 1432 4820 ἔστι
1463 4767 1510 4796 ⁷⁸
1539 4765 1648 4818 τῶν
1673 4764 1772 4828 τὰς
1798 4781 1956 4834 περι-

369 4872 587 4933 στάσεις
620 4862 1131 4937 ἐπισημαινομένων
1162 4859 1391 4931 ἀνδρῶν,
1426 4858 1484 4910 ἐν
1525 4850 1612 4920 αἷς
1645 4872 1705 4908 τε
1747 4853 1955 4926 χώραις

366 4966 573 5017 ἕκαστα
611 4960 939 5030 τυγχάνουσι
979 4953 1342 5024 τετηρηκότες
1363 4969 1375 4980 ·
1415 4948 1502 5002 ἵνα
1546 4951 1662 5012 ταῖς
1695 4949 1826 5019 περὶ
1856 4947 1954 5018 τὴν

367 5055 540 5124 αὐτὴν
572 5047 912 5122 παράλληλον
943 5045 1043 5108 τὰς
1084 5043 1277 5114 ὁμοίας
1306 5041 1414 5096 τῶν
1453 5038 1776 5110 ἁφορισμῶν
1805 5040 1851 5070 τ’
1876 5041 1954 5091 οἱ-

367 5164 430 5199 κε
441 5143 646 5215 ιότερὸν
673 5159 788 5205 πως
817 5135 1220 5211 ἐφαρμόζωμεν

442 5325 565 5379 Εἰσὶ
582 5323 639 5377 δέ
673 5321 780 5376 τῶν
810 5317 1054 5390 ἀστέρων
1087 5315 1304 5389 πρώτου
1337 5313 1603 5387 μεγέθους
1642 5319 1724 5364 ιε’.

457 5419 516 5471 '0
538 5414 872 5485 καλούμενος
895 5410 993 5477 Αἴξ
1009 5424 1021 5440 ⁵
1040 5411 1069 5464 6
1091 5407 1345 5479 λαμπρὸς
1367 5406 1466 5478 τῆς
1489 5404 1689 5474 Λύρας⁴
1709 5399 1959 5472 Ἀρκτοῦο

375 5525 501 5583 ροςο
531 5511 560 5561 6
597 5508 690 5560 ἐπὶ
727 5505 829 5575 τῆς
870 5503 1038 5574 οὐρᾶς
1083 5498 1179 5554 τοῦ
1223 5498 1486 5561 Λέοντος⁶
1514 5496 1544 5549 6
1571 5493 1821 5566 λαμπρὸς
1852 5491 1960 5546 τῶν

386 5602 625 5657 ’Υάδωνο
678 5595 968 5672 Προκύων·
1025 5595 1055 5647 6
1113 5595 1172 5646 ἑν
1232 5590 1311 5662 τῷ
1370 5587 1619 5659 ἑπομένῳ
1675 5585 1810 5656 ὤμῳ
1863 5581 1958 5636 τοῦ

389 5694 641 5766 Ὠρίωνος
662 5708 678 5725 ο
708 5693 737 5744 6
781 5688 990 5760 Στάχυς
1014 5704 1028 5720 ο
1061 5689 1090 5741 6
1141 5684 1318 5748 κοινὸς
1361 5680 1614 5753 Ποταμοῦ
1665 5679 1760 5732 καὶ
1801 5675 1960 5740 ποδὸς

450 5867 497 5902 ’⁸
521 5867 562 5940 f.
587 5867 775 5926 ἔωθεν.
850 5865 894 5899 τ’
926 5860 1182 5920 Mendosa
1205 5861 1308 5917 ista
1339 5866 1486 5917 sunt.
1525 5857 1707 5924 Deest,
1736 5855 1992 5928 ἀριθμόν.

2060 4764 2220 4832 culpa
2264 4761 2691 4832 praetermissum
2740 4759 2832 4825 sit,
2884 4759 3060 4828 possit
3109 4757 3330 4827 agnosci
3366 4774 3379 4810 :
3410 4755 3475 4809 ad
3522 4753 3638 4808 lucc

2059 4868 2345 4909 auctorum
2383 4853 2544 4907 etiam
2579 4849 2824 4916 nomina,
2857 4850 2950 4920 qui
2986 4849 3108 4904 illas
3137 4857 3447 4917 temporum
3480 4854 3638 4899 nota-

2059 4949 2236 5002 tiones
2279 4947 2643 5000 observarunt
2672 4964 2686 4998 :
2715 4951 2830 4998 tum
2866 4943 3067 5013 quibus
3107 4941 3163 4994 in
3200 4939 3338 4994 locis
3380 4939 3636 5008 explora-

2058 5046 2188 5093 runt
2216 5038 2428 5106 singula
2460 5055 2474 5104 ;
2505 5044 2564 5089 ιιι
2590 5036 2658 5090 ad
2703 5051 2798 5091 eas
2828 5035 3263 5094 observationes,
3307 5047 3430 5102 qua:
3461 5029 3638 5085 eidem

2061 5129 2322 5198 parallelo
2351 5134 2685 5197 congruunt,
2729 5124 3150 5181 accommodare
3185 5123 3397 5179 similes
3439 5121 3646 5176 melius
3745 5158 3747 5160 -

2059 5223 2354 5291 aptiusque
2383 5219 2683 5288 possimus.

2133 5313 2273 5369 Sunt
2301 5314 2468 5384 igitur
2493 5311 2665 5367 stella:
2684 5311 2876 5382 prima:
2901 5309 3295 5382 magnitudinis
3319 5325 3411 5362 xv.

2130 5403 2390 5474 Capella;
2424 5402 2607 5458 lucida
2643 5401 2830 5472 Lyrte;
2860 5402 3168 5466 Arcturus;
3201 5414 3322 5470 quae
3357 5400 3412 5452 in
3459 5397 3643 5454 cauda

2062 5494 2262 5550 Leonis
2297 5504 2410 5559 est;
2456 5492 2637 5548 lucida
2675 5491 3043 5558 Sucularum;
3083 5491 3370 5562 Procyon;
3422 5504 3544 5559 qua:
3583 5490 3638 5543 in

2063 5586 2390 5640 succedente
2418 5590 2501 5638 est
2535 5581 2754 5637 Orionis
2801 5582 3070 5646 humero;
3116 5579 3307 5650 Spica;
3332 5577 3646 5633 communis

2064 5675 2238 5731 Fluvii
2268 5691 2319 5731 et
2344 5675 2497 5746 pedis
2524 5672 2778 5741 Orionis;
2805 5673 3002 5739 Canis;
3034 5673 3215 5730 lucida
3250 5671 3385 5729 notii
3427 5668 3644 5735 Piscis;

2066 5855 2112 5888 τι
2142 5854 2176 5923 ί.
2214 5855 2314 5909 ετι.
2388 5853 2434 5886 τ’
2469 5853 2512 5922 [ι
2547 5852 2971 5924 ἀφωρισμένων-
