  <div class='ocr_page' id='page_1' title='image "/cluster/home/n/w/nwhite01/storage/ocr_20150623/19/nnc1.0037127454/471.png"; bbox 0 0 4124 6400; ppageno 0'>
   <div class='ocr_carea' id='block_1_1' title="bbox 457 409 578 468">
    <p class='ocr_par' dir='ltr' id='par_1_1' title="bbox 457 409 578 468">
     <span class='ocr_line' id='line_1_1' title="bbox 457 409 578 468; baseline -0.017 0"><span class='ocrx_word' id='word_1_1' title='bbox 457 409 578 468; x_wconf 71' lang='grc'><strong>’903</strong></span> 
     </span>
    </p>
   </div>
   <div class='ocr_carea' id='block_1_2' title="bbox 1495 397 2717 460">
    <p class='ocr_par' dir='ltr' id='par_1_2' title="bbox 1495 397 2717 460">
     <span class='ocr_line' id='line_1_2' title="bbox 1495 397 2717 460; baseline 0.004 -5"><span class='ocrx_word' id='word_1_2' title='bbox 1495 400 1584 455; x_wconf 83' lang='grc' dir='ltr'><strong>ΑΙ)</strong></span> <span class='ocrx_word' id='word_1_3' title='bbox 1614 398 1888 458; x_wconf 87' lang='lat' dir='ltr'><strong>EUSEBll</strong></span> <span class='ocrx_word' id='word_1_4' title='bbox 1920 397 2316 459; x_wconf 77' lang='lat' dir='ltr'><strong>CﬂRONlCON</strong></span> <span class='ocrx_word' id='word_1_5' title='bbox 2357 400 2717 460; x_wconf 54' lang='lat' dir='ltr'><strong>APPENDlXt</strong></span> 
     </span>
    </p>
   </div>
   <div class='ocr_carea' id='block_1_3' title="bbox 3632 415 3738 476">
    <p class='ocr_par' dir='ltr' id='par_1_3' title="bbox 3632 415 3738 476">
     <span class='ocr_line' id='line_1_3' title="bbox 3632 415 3738 476; baseline 0.019 -2"><span class='ocrx_word' id='word_1_6' title='bbox 3632 415 3738 476; x_wconf 69' lang='grc' dir='ltr'><strong>(ὁοι</strong></span> 
     </span>
    </p>
   </div>
   <div class='ocr_carea' id='block_1_4' title="bbox 472 513 2050 600">
    <p class='ocr_par' dir='ltr' id='par_1_4' title="bbox 472 513 2050 595">
     <span class='ocr_line' id='line_1_4' title="bbox 472 513 2050 595; baseline -0.003 -18"><span class='ocrx_word' id='word_1_7' title='bbox 472 521 578 595; x_wconf 80' lang='lat'><strong>53</strong></span> <span class='ocrx_word' id='word_1_8' title='bbox 606 529 849 577; x_wconf 81' lang='lat' dir='ltr'><strong>extrema</strong></span> <span class='ocrx_word' id='word_1_9' title='bbox 878 515 1082 585; x_wconf 87' lang='lat' dir='ltr'><strong>Fluvii;</strong></span> <span class='ocrx_word' id='word_1_10' title='bbox 1108 513 1406 584; x_wconf 83' lang='lat' dir='ltr'><strong>Canobus;</strong></span> <span class='ocrx_word' id='word_1_11' title='bbox 1441 529 1562 586; x_wconf 63' lang='lat' dir='ltr'><strong>quae</strong></span> <span class='ocrx_word' id='word_1_12' title='bbox 1592 514 1697 570; x_wconf 86' lang='lat' dir='ltr'><strong>sub</strong></span> <span class='ocrx_word' id='word_1_13' title='bbox 1721 515 2050 586; x_wconf 59' lang='lat' dir='ltr'><strong>prae-edente</strong></span> 
     </span>
    </p>
   </div>
   <div class='ocr_carea' id='block_1_5' title="bbox 2152 513 3739 600">
    <p class='ocr_par' dir='ltr' id='par_1_5' title="bbox 2174 517 3739 600">
     <span class='ocr_line' id='line_1_5' title="bbox 2174 517 3739 600; baseline 0.011 -30"><span class='ocrx_word' id='word_1_14' title='bbox 2174 517 2428 590; x_wconf 81' lang='grc' dir='ltr'><strong>Ὠρίωνος</strong></span> <span class='ocrx_word' id='word_1_15' title='bbox 2457 535 2470 550; x_wconf 75' lang='grc' dir='ltr'><strong>ο</strong></span> <span class='ocrx_word' id='word_1_16' title='bbox 2521 519 2713 573; x_wconf 84' lang='grc' dir='ltr'><strong>Κύων·</strong></span> <span class='ocrx_word' id='word_1_17' title='bbox 2745 522 2774 575; x_wconf 99' lang='lat'><strong>6</strong></span> <span class='ocrx_word' id='word_1_18' title='bbox 2804 517 3053 594; x_wconf 75' lang='grc' dir='ltr'>λαμπρὸς</span> <span class='ocrx_word' id='word_1_19' title='bbox 3089 521 3184 576; x_wconf 83' lang='grc' dir='ltr'>τοῦ</span> <span class='ocrx_word' id='word_1_20' title='bbox 3223 523 3398 579; x_wconf 82' lang='grc' dir='ltr'>νοτίου</span> <span class='ocrx_word' id='word_1_21' title='bbox 3439 525 3640 600; x_wconf 80' lang='grc' dir='ltr'><strong>Ἰχθύος</strong></span> <span class='ocrx_word' id='word_1_22' title='bbox 3660 549 3678 566; x_wconf 72' lang='grc' dir='ltr'><strong>ο</strong></span> <span class='ocrx_word' id='word_1_23' title='bbox 3709 536 3739 587; x_wconf 91' lang='lat'><strong>6</strong></span> 
     </span>
    </p>
   </div>
   <div class='ocr_carea' id='block_1_6' title="bbox 470 609 1031 670">
    <p class='ocr_par' dir='ltr' id='par_1_6' title="bbox 470 609 1031 670">
     <span class='ocr_line' id='line_1_6' title="bbox 470 609 1031 670; baseline -0.011 -2"><span class='ocrx_word' id='word_1_24' title='bbox 470 613 722 670; x_wconf 86' lang='lat' dir='ltr'><strong>musculo</strong></span> <span class='ocrx_word' id='word_1_25' title='bbox 749 609 1031 669; x_wconf 74' lang='lat' dir='ltr'><strong>Centauri.</strong></span> 
     </span>
    </p>
   </div>
   <div class='ocr_carea' id='block_1_7' title="bbox 539 807 1344 884">
    <p class='ocr_par' dir='ltr' id='par_1_7' title="bbox 539 807 1344 884">
     <span class='ocr_line' id='line_1_7' title="bbox 539 807 1344 884; baseline -0.009 -12"><span class='ocrx_word' id='word_1_26' title='bbox 539 815 806 874; x_wconf 69' lang='lat' dir='ltr'><strong>Secunda:</strong></span> <span class='ocrx_word' id='word_1_27' title='bbox 833 807 1226 884; x_wconf 78' lang='lat' dir='ltr'><strong>magnitudinis</strong></span> <span class='ocrx_word' id='word_1_28' title='bbox 1257 826 1344 867; x_wconf 88' lang='lat' dir='ltr'><strong>xv.</strong></span> 
     </span>
    </p>
   </div>
   <div class='ocr_carea' id='block_1_8' title="bbox 537 920 2040 996">
    <p class='ocr_par' dir='ltr' id='par_1_8' title="bbox 537 920 2040 996">
     <span class='ocr_line' id='line_1_8' title="bbox 537 920 2040 996; baseline -0.003 -12"><span class='ocrx_word' id='word_1_29' title='bbox 537 927 744 984; x_wconf 82' lang='lat' dir='ltr'><strong>Lucida</strong></span> <span class='ocrx_word' id='word_1_30' title='bbox 783 925 1011 992; x_wconf 80' lang='lat' dir='ltr'><strong>Persei;</strong></span> <span class='ocrx_word' id='word_1_31' title='bbox 1053 940 1175 996; x_wconf 78' lang='lat' dir='ltr'><strong>quae</strong></span> <span class='ocrx_word' id='word_1_32' title='bbox 1214 924 1270 978; x_wconf 92' lang='lat' dir='ltr'><strong>in</strong></span> <span class='ocrx_word' id='word_1_33' title='bbox 1309 920 1641 979; x_wconf 84' lang='lat' dir='ltr'><strong>succedente</strong></span> <span class='ocrx_word' id='word_1_34' title='bbox 1680 922 1910 979; x_wconf 87' lang='lat' dir='ltr'><strong>humero</strong></span> <span class='ocrx_word' id='word_1_35' title='bbox 1954 933 2040 979; x_wconf 86' lang='lat' dir='ltr'><strong>est</strong></span> 
     </span>
    </p>
   </div>
   <div class='ocr_carea' id='block_1_9' title="bbox 467 1014 2051 1094">
    <p class='ocr_par' dir='ltr' id='par_1_9' title="bbox 467 1014 2051 1094">
     <span class='ocr_line' id='line_1_9' title="bbox 467 1014 2051 1094; baseline -0.004 -18"><span class='ocrx_word' id='word_1_36' title='bbox 467 1023 720 1094; x_wconf 68' lang='lat' dir='ltr'><strong>Aurigae;</strong></span> <span class='ocrx_word' id='word_1_37' title='bbox 753 1019 932 1075; x_wconf 86' lang='lat' dir='ltr'><strong>lucida</strong></span> <span class='ocrx_word' id='word_1_38' title='bbox 964 1017 1201 1074; x_wconf 86' lang='lat' dir='ltr'><strong>borealis</strong></span> <span class='ocrx_word' id='word_1_39' title='bbox 1227 1015 1456 1072; x_wconf 73' lang='lat' dir='ltr'><strong>Corona:</strong></span> <span class='ocrx_word' id='word_1_40' title='bbox 1483 1033 1499 1083; x_wconf 87' lang='lat'><strong>;</strong></span> <span class='ocrx_word' id='word_1_41' title='bbox 1526 1031 1648 1086; x_wconf 81' lang='lat' dir='ltr'><strong>quae</strong></span> <span class='ocrx_word' id='word_1_42' title='bbox 1671 1014 1726 1070; x_wconf 89' lang='lat' dir='ltr'><strong>in</strong></span> <span class='ocrx_word' id='word_1_43' title='bbox 1760 1015 1938 1086; x_wconf 79' lang='lat' dir='ltr'><strong>capite</strong></span> <span class='ocrx_word' id='word_1_44' title='bbox 1965 1023 2051 1072; x_wconf 88' lang='lat' dir='ltr'><strong>est</strong></span> 
     </span>
    </p>
   </div>
   <div class='ocr_carea' id='block_1_10' title="bbox 466 1106 2050 1184">
    <p class='ocr_par' dir='ltr' id='par_1_10' title="bbox 466 1106 2050 1184">
     <span class='ocr_line' id='line_1_10' title="bbox 466 1106 2050 1184; baseline -0.003 -18"><span class='ocrx_word' id='word_1_45' title='bbox 466 1111 825 1184; x_wconf 60' lang='lat' dir='ltr'><strong>pracedentis</strong></span> <span class='ocrx_word' id='word_1_46' title='bbox 873 1109 1133 1172; x_wconf 83' lang='lat' dir='ltr'><strong>Gemini;</strong></span> <span class='ocrx_word' id='word_1_47' title='bbox 1183 1107 1493 1164; x_wconf 88' lang='lat' dir='ltr'><strong>communis</strong></span> <span class='ocrx_word' id='word_1_48' title='bbox 1538 1106 1679 1178; x_wconf 88' lang='lat' dir='ltr'><strong>Equi</strong></span> <span class='ocrx_word' id='word_1_49' title='bbox 1735 1113 1790 1162; x_wconf 86' lang='lat' dir='ltr'><strong>et</strong></span> <span class='ocrx_word' id='word_1_50' title='bbox 1831 1106 2050 1162; x_wconf 61' lang='lat' dir='ltr'><strong>Andro.</strong></span> 
     </span>
    </p>
   </div>
   <div class='ocr_carea' id='block_1_11' title="bbox 464 1197 2050 1274">
    <p class='ocr_par' dir='ltr' id='par_1_11' title="bbox 464 1197 2050 1274">
     <span class='ocr_line' id='line_1_11' title="bbox 464 1197 2050 1274; baseline -0.005 -14"><span class='ocrx_word' id='word_1_51' title='bbox 464 1206 636 1261; x_wconf 66' lang='lat' dir='ltr'><strong>medae</strong></span> <span class='ocrx_word' id='word_1_52' title='bbox 661 1223 676 1271; x_wconf 95' lang='lat'><strong>;</strong></span> <span class='ocrx_word' id='word_1_53' title='bbox 701 1202 883 1259; x_wconf 91' lang='lat' dir='ltr'><strong>lucida</strong></span> <span class='ocrx_word' id='word_1_54' title='bbox 911 1202 1157 1274; x_wconf 64' lang='lat' dir='ltr'><strong>Aquilae;</strong></span> <span class='ocrx_word' id='word_1_55' title='bbox 1193 1217 1315 1272; x_wconf 77' lang='lat' dir='ltr'><strong>quae</strong></span> <span class='ocrx_word' id='word_1_56' title='bbox 1350 1200 1406 1255; x_wconf 92' lang='lat' dir='ltr'><strong>in</strong></span> <span class='ocrx_word' id='word_1_57' title='bbox 1445 1198 1790 1271; x_wconf 72' lang='lat' dir='ltr'><strong>praecedente</strong></span> <span class='ocrx_word' id='word_1_58' title='bbox 1820 1197 2050 1253; x_wconf 86' lang='lat' dir='ltr'><strong>humero</strong></span> 
     </span>
    </p>
   </div>
   <div class='ocr_carea' id='block_1_12' title="bbox 463 1291 2047 1366">
    <p class='ocr_par' dir='ltr' id='par_1_12' title="bbox 463 1291 2047 1366">
     <span class='ocr_line' id='line_1_12' title="bbox 463 1291 2047 1366; baseline -0.004 -13"><span class='ocrx_word' id='word_1_59' title='bbox 463 1305 548 1354; x_wconf 89' lang='lat' dir='ltr'><strong>est</strong></span> <span class='ocrx_word' id='word_1_60' title='bbox 583 1295 841 1364; x_wconf 86' lang='lat' dir='ltr'><strong>Orionis;</strong></span> <span class='ocrx_word' id='word_1_61' title='bbox 879 1295 1061 1350; x_wconf 86' lang='lat' dir='ltr'><strong>lucida</strong></span> <span class='ocrx_word' id='word_1_62' title='bbox 1095 1293 1303 1366; x_wconf 82' lang='lat' dir='ltr'><strong>llydri;</strong></span> <span class='ocrx_word' id='word_1_63' title='bbox 1336 1293 1518 1348; x_wconf 86' lang='lat' dir='ltr'><strong>lucida</strong></span> <span class='ocrx_word' id='word_1_64' title='bbox 1561 1293 1798 1349; x_wconf 89' lang='lat' dir='ltr'><strong>borealis</strong></span> <span class='ocrx_word' id='word_1_65' title='bbox 1827 1291 2047 1357; x_wconf 72' lang='lat' dir='ltr'><strong>Chelaa;</strong></span> 
     </span>
    </p>
   </div>
   <div class='ocr_carea' id='block_1_13' title="bbox 465 1383 2051 1454">
    <p class='ocr_par' dir='ltr' id='par_1_13' title="bbox 465 1383 2051 1454">
     <span class='ocr_line' id='line_1_13' title="bbox 465 1383 2051 1454; baseline -0.004 -9"><span class='ocrx_word' id='word_1_66' title='bbox 465 1389 645 1445; x_wconf 88' lang='lat' dir='ltr'><strong>media</strong></span> <span class='ocrx_word' id='word_1_67' title='bbox 674 1388 839 1444; x_wconf 85' lang='lat' dir='ltr'><strong>baltei</strong></span> <span class='ocrx_word' id='word_1_68' title='bbox 873 1386 1132 1454; x_wconf 85' lang='lat' dir='ltr'><strong>Orionis;</strong></span> <span class='ocrx_word' id='word_1_69' title='bbox 1171 1384 1353 1440; x_wconf 90' lang='lat' dir='ltr'><strong>lucida</strong></span> <span class='ocrx_word' id='word_1_70' title='bbox 1398 1385 1661 1442; x_wconf 83' lang='lat' dir='ltr'><strong>australis</strong></span> <span class='ocrx_word' id='word_1_71' title='bbox 1683 1383 1906 1450; x_wconf 66' lang='lat' dir='ltr'><strong>Chelaa;</strong></span> <span class='ocrx_word' id='word_1_72' title='bbox 1935 1391 2051 1439; x_wconf 84' lang='lat' dir='ltr'><strong>An-</strong></span> 
     </span>
    </p>
   </div>
   <div class='ocr_carea' id='block_1_14' title="bbox 455 1475 1534 1553">
    <p class='ocr_par' dir='ltr' id='par_1_14' title="bbox 455 1475 1534 1553">
     <span class='ocr_line' id='line_1_14' title="bbox 455 1475 1534 1553; baseline -0.003 -19"><span class='ocrx_word' id='word_1_73' title='bbox 455 1489 653 1551; x_wconf 73' lang='lat' dir='ltr'><strong>tores;</strong></span> <span class='ocrx_word' id='word_1_74' title='bbox 687 1495 809 1553; x_wconf 66' lang='lat' dir='ltr'><strong>quae</strong></span> <span class='ocrx_word' id='word_1_75' title='bbox 842 1486 929 1536; x_wconf 84' lang='lat' dir='ltr'><strong>est</strong></span> <span class='ocrx_word' id='word_1_76' title='bbox 961 1479 1029 1535; x_wconf 91' lang='lat' dir='ltr'><strong>ad</strong></span> <span class='ocrx_word' id='word_1_77' title='bbox 1056 1494 1200 1551; x_wconf 80' lang='lat' dir='ltr'><strong>genu</strong></span> <span class='ocrx_word' id='word_1_78' title='bbox 1233 1475 1534 1548; x_wconf 76' lang='lat' dir='ltr'><strong>Sagittarii.</strong></span> 
     </span>
    </p>
   </div>
   <div class='ocr_carea' id='block_1_15' title="bbox 532 1675 2048 1750">
    <p class='ocr_par' dir='ltr' id='par_1_15' title="bbox 532 1675 2048 1750">
     <span class='ocr_line' id='line_1_15' title="bbox 532 1675 2048 1750; baseline -0.003 -15"><span class='ocrx_word' id='word_1_79' title='bbox 532 1679 671 1736; x_wconf 91' lang='lat' dir='ltr'><strong>Cum</strong></span> <span class='ocrx_word' id='word_1_80' title='bbox 699 1678 894 1734; x_wconf 84' lang='lat' dir='ltr'><strong>harum</strong></span> <span class='ocrx_word' id='word_1_81' title='bbox 925 1679 1181 1750; x_wconf 67' lang='lat' dir='ltr'><strong>qurelibet</strong></span> <span class='ocrx_word' id='word_1_82' title='bbox 1208 1675 1260 1732; x_wconf 91' lang='lat' dir='ltr'><strong>in</strong></span> <span class='ocrx_word' id='word_1_83' title='bbox 1283 1691 1612 1748; x_wconf 89' lang='lat' dir='ltr'><strong>unoquoque</strong></span> <span class='ocrx_word' id='word_1_84' title='bbox 1632 1677 2014 1747; x_wconf 87' lang='lat' dir='ltr'><strong>parallelorum</strong></span> <span class='ocrx_word' id='word_1_85' title='bbox 2031 1717 2048 1744; x_wconf 92' lang='lat'><strong>,</strong></span> 
     </span>
    </p>
   </div>
   <div class='ocr_carea' id='block_1_16' title="bbox 465 1769 2050 1844">
    <p class='ocr_par' dir='ltr' id='par_1_16' title="bbox 465 1769 2050 1844">
     <span class='ocr_line' id='line_1_16' title="bbox 465 1769 2050 1844; baseline -0.002 -17"><span class='ocrx_word' id='word_1_86' title='bbox 465 1789 520 1827; x_wconf 86' lang='lat' dir='ltr'><strong>In</strong></span> <span class='ocrx_word' id='word_1_87' title='bbox 573 1773 776 1844; x_wconf 88' lang='lat' dir='ltr'><strong>quibus</strong></span> <span class='ocrx_word' id='word_1_88' title='bbox 832 1772 1089 1826; x_wconf 90' lang='lat' dir='ltr'><strong>oriuntur</strong></span> <span class='ocrx_word' id='word_1_89' title='bbox 1138 1778 1194 1826; x_wconf 85' lang='lat' dir='ltr'><strong>et</strong></span> <span class='ocrx_word' id='word_1_90' title='bbox 1255 1769 1556 1834; x_wconf 82' lang='lat' dir='ltr'><strong>occidunt,</strong></span> <span class='ocrx_word' id='word_1_91' title='bbox 1605 1777 1842 1841; x_wconf 83' lang='lat' dir='ltr'><strong>quatuor</strong></span> <span class='ocrx_word' id='word_1_92' title='bbox 1889 1779 2050 1841; x_wconf 83' lang='lat' dir='ltr'><strong>quot-</strong></span> 
     </span>
    </p>
   </div>
   <div class='ocr_carea' id='block_1_17' title="bbox 2153 607 3738 696">
    <p class='ocr_par' dir='ltr' id='par_1_17' title="bbox 2153 607 3738 696">
     <span class='ocr_line' id='line_1_17' title="bbox 2153 607 3738 696; baseline 0.011 -36"><span class='ocrx_word' id='word_1_93' title='bbox 2153 607 2379 679; x_wconf 77' lang='grc' dir='ltr'><strong>ἔσχατος</strong></span> <span class='ocrx_word' id='word_1_94' title='bbox 2421 610 2678 682; x_wconf 87' lang='grc' dir='ltr'>Ποταμοῦ</span> <span class='ocrx_word' id='word_1_95' title='bbox 2704 628 2718 643; x_wconf 79' lang='grc' dir='ltr'><strong><em>ο</em></strong></span> <span class='ocrx_word' id='word_1_96' title='bbox 2749 613 2778 664; x_wconf 92' lang='lat'><strong>6</strong></span> <span class='ocrx_word' id='word_1_97' title='bbox 2816 612 3151 684; x_wconf 85' lang='grc' dir='ltr'>καλούμενος</span> <span class='ocrx_word' id='word_1_98' title='bbox 3185 615 3474 684; x_wconf 74' lang='grc' dir='ltr'>Κάνωϐος·</span> <span class='ocrx_word' id='word_1_99' title='bbox 3503 623 3532 674; x_wconf 91' lang='lat'><strong>6</strong></span> <span class='ocrx_word' id='word_1_100' title='bbox 3569 623 3629 677; x_wconf 98' lang='lat' dir='ltr'><strong>tv</strong></span> <span class='ocrx_word' id='word_1_101' title='bbox 3658 624 3738 696; x_wconf 82' lang='grc' dir='ltr'><strong>τῷ</strong></span> 
     </span>
    </p>
   </div>
   <div class='ocr_carea' id='block_1_18' title="bbox 2150 699 3270 778">
    <p class='ocr_par' dir='ltr' id='par_1_18' title="bbox 2150 699 3270 778">
     <span class='ocr_line' id='line_1_18' title="bbox 2150 699 3270 778; baseline 0.006 -24"><span class='ocrx_word' id='word_1_102' title='bbox 2150 702 2474 776; x_wconf 76' lang='grc' dir='ltr'>ἐμπροσθίῳ</span> <span class='ocrx_word' id='word_1_103' title='bbox 2510 699 2788 776; x_wconf 81' lang='grc' dir='ltr'>βατραχίῳ</span> <span class='ocrx_word' id='word_1_104' title='bbox 2810 705 2906 759; x_wconf 81' lang='grc' dir='ltr'>τοῦ</span> <span class='ocrx_word' id='word_1_105' title='bbox 2930 705 3270 778; x_wconf 81' lang='grc' dir='ltr'><strong>Κενταύρου.</strong></span> 
     </span>
    </p>
   </div>
   <div class='ocr_carea' id='block_1_19' title="bbox 2221 813 3069 888">
    <p class='ocr_par' dir='ltr' id='par_1_19' title="bbox 2221 813 3069 888">
     <span class='ocr_line' id='line_1_19' title="bbox 2221 813 3069 888; baseline 0.007 -21"><span class='ocrx_word' id='word_1_106' title='bbox 2221 814 2487 887; x_wconf 88' lang='grc' dir='ltr'>Δευτέρου</span> <span class='ocrx_word' id='word_1_107' title='bbox 2521 817 2785 888; x_wconf 85' lang='grc' dir='ltr'>μεγέθους</span> <span class='ocrx_word' id='word_1_108' title='bbox 2812 817 2961 872; x_wconf 76' lang='grc' dir='ltr'>ἄλλοι</span> <span class='ocrx_word' id='word_1_109' title='bbox 2986 813 3069 873; x_wconf 65' lang='lat' dir='ltr'><strong>ts’.</strong></span> 
     </span>
    </p>
   </div>
   <div class='ocr_carea' id='block_1_20' title="bbox 2232 921 3735 1012">
    <p class='ocr_par' dir='ltr' id='par_1_20' title="bbox 2232 921 3735 1012">
     <span class='ocr_line' id='line_1_20' title="bbox 2232 921 3735 1012; baseline 0.01 -34"><span class='ocrx_word' id='word_1_110' title='bbox 2232 925 2290 979; x_wconf 78' lang='grc' dir='ltr'>Ὀ</span> <span class='ocrx_word' id='word_1_111' title='bbox 2327 921 2580 999; x_wconf 76' lang='grc' dir='ltr'>λαμπρὸς</span> <span class='ocrx_word' id='word_1_112' title='bbox 2618 928 2712 982; x_wconf 76' lang='grc' dir='ltr'>τοῦ</span> <span class='ocrx_word' id='word_1_113' title='bbox 2741 929 2997 1002; x_wconf 80' lang='grc' dir='ltr'><strong>Περσέως</strong></span> <span class='ocrx_word' id='word_1_114' title='bbox 3019 946 3032 961; x_wconf 84' lang='lat'><strong><em>°</em></strong></span> <span class='ocrx_word' id='word_1_115' title='bbox 3063 933 3091 986; x_wconf 94' lang='lat'><strong>6</strong></span> <span class='ocrx_word' id='word_1_116' title='bbox 3127 934 3186 985; x_wconf 89' lang='lat' dir='ltr'><strong>tv</strong></span> <span class='ocrx_word' id='word_1_117' title='bbox 3212 933 3291 1004; x_wconf 83' lang='grc' dir='ltr'>τῷ</span> <span class='ocrx_word' id='word_1_118' title='bbox 3321 928 3570 1009; x_wconf 82' lang='grc' dir='ltr'>ἐπομένῳ</span> <span class='ocrx_word' id='word_1_119' title='bbox 3601 935 3735 1012; x_wconf 79' lang='grc' dir='ltr'><strong>ὤμῳ</strong></span> 
     </span>
    </p>
   </div>
   <div class='ocr_carea' id='block_1_21' title="bbox 2148 1015 3734 1098">
    <p class='ocr_par' dir='ltr' id='par_1_21' title="bbox 2148 1015 3734 1098">
     <span class='ocr_line' id='line_1_21' title="bbox 2148 1015 3734 1098; baseline 0.01 -28"><span class='ocrx_word' id='word_1_120' title='bbox 2148 1015 2241 1070; x_wconf 76' lang='grc' dir='ltr'>τοῦ</span> <span class='ocrx_word' id='word_1_121' title='bbox 2288 1019 2533 1090; x_wconf 83' lang='grc' dir='ltr'>Ἠνιόχου</span> <span class='ocrx_word' id='word_1_122' title='bbox 2561 1037 2574 1050; x_wconf 78' lang='grc'><strong><em>⁸</em></strong></span> <span class='ocrx_word' id='word_1_123' title='bbox 2606 1022 2636 1074; x_wconf 87' lang='lat'><strong>6</strong></span> <span class='ocrx_word' id='word_1_124' title='bbox 2670 1020 2922 1094; x_wconf 81' lang='grc' dir='ltr'>λαμπρὸς</span> <span class='ocrx_word' id='word_1_125' title='bbox 2963 1023 3058 1076; x_wconf 75' lang='grc' dir='ltr'><strong>τοῦ</strong></span> <span class='ocrx_word' id='word_1_126' title='bbox 3110 1024 3326 1097; x_wconf 82' lang='grc' dir='ltr'>βορείου</span> <span class='ocrx_word' id='word_1_127' title='bbox 3366 1027 3640 1098; x_wconf 73' lang='grc' dir='ltr'><strong>Στεφάνου</strong></span> <span class='ocrx_word' id='word_1_128' title='bbox 3660 1051 3672 1062; x_wconf 90' lang='grc'>·</span> <span class='ocrx_word' id='word_1_129' title='bbox 3705 1036 3734 1085; x_wconf 90' lang='lat'><strong>6</strong></span> 
     </span>
    </p>
   </div>
   <div class='ocr_carea' id='block_1_22' title="bbox 2148 1111 3735 1192">
    <p class='ocr_par' dir='ltr' id='par_1_22' title="bbox 2148 1111 3735 1192">
     <span class='ocr_line' id='line_1_22' title="bbox 2148 1111 3735 1192; baseline 0.009 -29"><span class='ocrx_word' id='word_1_130' title='bbox 2148 1111 2242 1164; x_wconf 71' lang='grc' dir='ltr'>ἐπὶ</span> <span class='ocrx_word' id='word_1_131' title='bbox 2273 1111 2375 1182; x_wconf 82' lang='grc' dir='ltr'>τῆς</span> <span class='ocrx_word' id='word_1_132' title='bbox 2417 1113 2660 1184; x_wconf 81' lang='grc' dir='ltr'><strong>κεφαλῆς</strong></span> <span class='ocrx_word' id='word_1_133' title='bbox 2702 1114 2796 1168; x_wconf 79' lang='grc' dir='ltr'>τοῦ</span> <span class='ocrx_word' id='word_1_134' title='bbox 2844 1117 3149 1187; x_wconf 80' lang='grc' dir='ltr'>ἡγουμένου</span> <span class='ocrx_word' id='word_1_135' title='bbox 3195 1116 3427 1192; x_wconf 79' lang='grc' dir='ltr'>Διδύμου</span> <span class='ocrx_word' id='word_1_136' title='bbox 3450 1138 3464 1152; x_wconf 89' lang='grc'>·</span> <span class='ocrx_word' id='word_1_137' title='bbox 3498 1124 3526 1176; x_wconf 88' lang='lat'><strong>6</strong></span> <span class='ocrx_word' id='word_1_138' title='bbox 3559 1125 3735 1189; x_wconf 79' lang='grc' dir='ltr'>κοινδς</span> 
     </span>
    </p>
   </div>
   <div class='ocr_carea' id='block_1_23' title="bbox 2152 1203 3735 1280">
    <p class='ocr_par' dir='ltr' id='par_1_23' title="bbox 2152 1203 3735 1280">
     <span class='ocr_line' id='line_1_23' title="bbox 2152 1203 3735 1280; baseline 0.009 -25"><span class='ocrx_word' id='word_1_139' title='bbox 2152 1203 2348 1256; x_wconf 80' lang='grc' dir='ltr'>Ἵππου</span> <span class='ocrx_word' id='word_1_140' title='bbox 2397 1205 2493 1258; x_wconf 76' lang='grc' dir='ltr'>καὶ</span> <span class='ocrx_word' id='word_1_141' title='bbox 2533 1205 2925 1277; x_wconf 79' lang='grc' dir='ltr'>Ἀνδρομέδαςο</span> <span class='ocrx_word' id='word_1_142' title='bbox 2959 1210 2987 1262; x_wconf 94' lang='lat'><strong>6</strong></span> <span class='ocrx_word' id='word_1_143' title='bbox 3027 1208 3282 1280; x_wconf 82' lang='grc' dir='ltr'>λαμπρὸς</span> <span class='ocrx_word' id='word_1_144' title='bbox 3311 1213 3408 1265; x_wconf 85' lang='grc' dir='ltr'>τοῦ</span> <span class='ocrx_word' id='word_1_145' title='bbox 3454 1213 3638 1268; x_wconf 83' lang='grc' dir='ltr'><strong>Ἀετοῦ</strong></span> <span class='ocrx_word' id='word_1_146' title='bbox 3661 1235 3674 1246; x_wconf 88' lang='grc'><strong>·</strong></span> <span class='ocrx_word' id='word_1_147' title='bbox 3704 1219 3735 1270; x_wconf 90' lang='lat'><strong>6</strong></span> 
     </span>
    </p>
   </div>
   <div class='ocr_carea' id='block_1_24' title="bbox 2149 1293 3732 1378">
    <p class='ocr_par' dir='ltr' id='par_1_24' title="bbox 2149 1293 3732 1378">
     <span class='ocr_line' id='line_1_24' title="bbox 2149 1293 3732 1378; baseline 0.01 -33"><span class='ocrx_word' id='word_1_148' title='bbox 2149 1293 2208 1347; x_wconf 85' lang='lat' dir='ltr'><strong>tv</strong></span> <span class='ocrx_word' id='word_1_149' title='bbox 2253 1294 2330 1366; x_wconf 81' lang='grc' dir='ltr'>τῷ</span> <span class='ocrx_word' id='word_1_150' title='bbox 2369 1297 2656 1369; x_wconf 77' lang='grc' dir='ltr'>ἡγουμένῳ</span> <span class='ocrx_word' id='word_1_151' title='bbox 2687 1295 2824 1370; x_wconf 79' lang='grc' dir='ltr'>ὤμῳ</span> <span class='ocrx_word' id='word_1_152' title='bbox 2853 1299 2946 1352; x_wconf 80' lang='grc' dir='ltr'><strong>τοῦ</strong></span> <span class='ocrx_word' id='word_1_153' title='bbox 2995 1301 3276 1372; x_wconf 89' lang='grc' dir='ltr'>Ὠρίωνος·</span> <span class='ocrx_word' id='word_1_154' title='bbox 3304 1305 3332 1357; x_wconf 92' lang='lat'><strong>6</strong></span> <span class='ocrx_word' id='word_1_155' title='bbox 3358 1303 3606 1378; x_wconf 85' lang='grc' dir='ltr'>λαμπρὸς</span> <span class='ocrx_word' id='word_1_156' title='bbox 3637 1308 3732 1361; x_wconf 76' lang='grc' dir='ltr'><strong>τοῦ</strong></span> 
     </span>
    </p>
   </div>
   <div class='ocr_carea' id='block_1_25' title="bbox 2154 1383 3735 1469">
    <p class='ocr_par' dir='ltr' id='par_1_25' title="bbox 2154 1383 3735 1469">
     <span class='ocr_line' id='line_1_25' title="bbox 2154 1383 3735 1469; baseline 0.012 -35"><span class='ocrx_word' id='word_1_157' title='bbox 2154 1383 2354 1456; x_wconf 81' lang='grc' dir='ltr'>’Υδρου</span> <span class='ocrx_word' id='word_1_158' title='bbox 2374 1403 2388 1416; x_wconf 76' lang='grc' dir='ltr'><strong>ο</strong></span> <span class='ocrx_word' id='word_1_159' title='bbox 2424 1389 2452 1440; x_wconf 93' lang='lat'><strong>6</strong></span> <span class='ocrx_word' id='word_1_160' title='bbox 2480 1386 2732 1460; x_wconf 78' lang='grc' dir='ltr'>λαμπρὸς</span> <span class='ocrx_word' id='word_1_161' title='bbox 2757 1389 2858 1460; x_wconf 81' lang='grc' dir='ltr'><strong>τῆς</strong></span> <span class='ocrx_word' id='word_1_162' title='bbox 2887 1389 3100 1462; x_wconf 82' lang='grc' dir='ltr'>βορείου</span> <span class='ocrx_word' id='word_1_163' title='bbox 3136 1392 3321 1466; x_wconf 81' lang='grc' dir='ltr'>Χηλῆς</span> <span class='ocrx_word' id='word_1_164' title='bbox 3349 1412 3362 1424; x_wconf 91' lang='grc'><strong>·</strong></span> <span class='ocrx_word' id='word_1_165' title='bbox 3389 1396 3418 1449; x_wconf 92' lang='lat'><strong>6</strong></span> <span class='ocrx_word' id='word_1_166' title='bbox 3453 1398 3615 1468; x_wconf 81' lang='grc' dir='ltr'>μέσος</span> <span class='ocrx_word' id='word_1_167' title='bbox 3634 1399 3735 1469; x_wconf 83' lang='grc' dir='ltr'>τῆς</span> 
     </span>
    </p>
   </div>
   <div class='ocr_carea' id='block_1_26' title="bbox 2151 1477 3731 1563">
    <p class='ocr_par' dir='ltr' id='par_1_26' title="bbox 2151 1477 3731 1563">
     <span class='ocr_line' id='line_1_26' title="bbox 2151 1477 3731 1563; baseline -0.005 -31"><span class='ocrx_word' id='word_1_168' title='bbox 2151 1477 2328 1550; x_wconf 83' lang='grc' dir='ltr'>ζώνης</span> <span class='ocrx_word' id='word_1_169' title='bbox 2352 1477 2446 1532; x_wconf 79' lang='grc' dir='ltr'><strong>τοῦ</strong></span> <span class='ocrx_word' id='word_1_170' title='bbox 2498 1480 2752 1552; x_wconf 84' lang='grc' dir='ltr'><strong>Ὠρίωνος</strong></span> <span class='ocrx_word' id='word_1_171' title='bbox 2775 1497 2789 1512; x_wconf 84' lang='lat'><strong>-</strong></span> <span class='ocrx_word' id='word_1_172' title='bbox 2828 1483 2856 1534; x_wconf 84' lang='lat'><strong>6</strong></span> <span class='ocrx_word' id='word_1_173' title='bbox 2889 1481 3140 1555; x_wconf 77' lang='grc' dir='ltr'>λαμπρὸς</span> <span class='ocrx_word' id='word_1_174' title='bbox 3169 1486 3270 1556; x_wconf 75' lang='grc' dir='ltr'>τῆς</span> <span class='ocrx_word' id='word_1_175' title='bbox 3299 1487 3474 1542; x_wconf 75' lang='grc' dir='ltr'><strong>νοτίου</strong></span> <span class='ocrx_word' id='word_1_176' title='bbox 3510 1489 3694 1563; x_wconf 70' lang='grc' dir='ltr'><strong>Χηλῆς</strong></span> <span class='ocrx_word' id='word_1_177' title='bbox 3715 1505 3731 1524; x_wconf 84' lang='grc'><strong>.</strong></span> 
     </span>
    </p>
   </div>
   <div class='ocr_carea' id='block_1_27' title="bbox 2165 1569 3333 1642">
    <p class='ocr_par' dir='ltr' id='par_1_27' title="bbox 2165 1569 3333 1642">
     <span class='ocr_line' id='line_1_27' title="bbox 2165 1569 3333 1642; baseline 0.005 -18"><span class='ocrx_word' id='word_1_178' title='bbox 2165 1569 2428 1640; x_wconf 79' lang='grc' dir='ltr'>’Λντάρης</span> <span class='ocrx_word' id='word_1_179' title='bbox 2446 1585 2461 1600; x_wconf 74' lang='grc'><strong><em>⁵</em></strong></span> <span class='ocrx_word' id='word_1_180' title='bbox 2491 1571 2520 1623; x_wconf 88' lang='lat'><strong>6</strong></span> <span class='ocrx_word' id='word_1_181' title='bbox 2543 1570 2685 1625; x_wconf 80' lang='grc' dir='ltr'>κατὰ</span> <span class='ocrx_word' id='word_1_182' title='bbox 2706 1569 2768 1624; x_wconf 79' lang='grc' dir='ltr'>τὸ</span> <span class='ocrx_word' id='word_1_183' title='bbox 2804 1571 2933 1642; x_wconf 92' lang='grc' dir='ltr'>γόνυ</span> <span class='ocrx_word' id='word_1_184' title='bbox 2959 1573 3052 1626; x_wconf 77' lang='grc' dir='ltr'><strong>τοῦ</strong></span> <span class='ocrx_word' id='word_1_185' title='bbox 3082 1575 3333 1642; x_wconf 78' lang='grc' dir='ltr'>Τοξότου.</span> 
     </span>
    </p>
   </div>
   <div class='ocr_carea' id='block_1_28' title="bbox 2222 1682 3733 1764">
    <p class='ocr_par' dir='ltr' id='par_1_28' title="bbox 2222 1682 3733 1764">
     <span class='ocr_line' id='line_1_28' title="bbox 2222 1682 3733 1764; baseline 0.006 -27"><span class='ocrx_word' id='word_1_186' title='bbox 2222 1682 2441 1737; x_wconf 84' lang='grc' dir='ltr'>Τούτων</span> <span class='ocrx_word' id='word_1_187' title='bbox 2479 1683 2536 1736; x_wconf 80' lang='grc' dir='ltr'>δὲ</span> <span class='ocrx_word' id='word_1_188' title='bbox 2572 1684 2802 1750; x_wconf 72' lang='grc' dir='ltr'>ἕκαστος</span> <span class='ocrx_word' id='word_1_189' title='bbox 2833 1685 2879 1720; x_wconf 80' lang='grc'><strong>⁸⁸</strong></span> <span class='ocrx_word' id='word_1_190' title='bbox 2918 1687 3042 1741; x_wconf 81' lang='grc' dir='ltr'>καθ’</span> <span class='ocrx_word' id='word_1_191' title='bbox 3071 1687 3168 1742; x_wconf 74' lang='grc' dir='ltr'>ἕνα</span> <span class='ocrx_word' id='word_1_192' title='bbox 3205 1689 3312 1743; x_wconf 82' lang='grc' dir='ltr'>τῶν</span> <span class='ocrx_word' id='word_1_193' title='bbox 3355 1691 3733 1764; x_wconf 82' lang='grc' dir='ltr'>παραλλήλων.</span> 
     </span>
    </p>
   </div>
   <div class='ocr_carea' id='block_1_29' title="bbox 2152 1771 3733 1854">
    <p class='ocr_par' dir='ltr' id='par_1_29' title="bbox 2152 1771 3733 1854">
     <span class='ocr_line' id='line_1_29' title="bbox 2152 1771 3733 1854; baseline 0.006 -24"><span class='ocrx_word' id='word_1_194' title='bbox 2152 1776 2210 1830; x_wconf 91' lang='grc' dir='ltr'><strong>ἐν</strong></span> <span class='ocrx_word' id='word_1_195' title='bbox 2236 1771 2317 1841; x_wconf 75' lang='grc' dir='ltr'>οἷς</span> <span class='ocrx_word' id='word_1_196' title='bbox 2342 1777 2692 1832; x_wconf 84' lang='grc' dir='ltr'>ἀνατέλλουσι</span> <span class='ocrx_word' id='word_1_197' title='bbox 2723 1778 2818 1832; x_wconf 73' lang='grc' dir='ltr'>καὶ</span> <span class='ocrx_word' id='word_1_198' title='bbox 2839 1776 3075 1842; x_wconf 81' lang='grc' dir='ltr'>δύνουσι,</span> <span class='ocrx_word' id='word_1_199' title='bbox 3110 1781 3384 1854; x_wconf 86' lang='grc' dir='ltr'>τέσσαρας</span> <span class='ocrx_word' id='word_1_200' title='bbox 3414 1784 3608 1852; x_wconf 79' lang='grc' dir='ltr'>φάσεις</span> <span class='ocrx_word' id='word_1_201' title='bbox 3637 1783 3733 1840; x_wconf 82' lang='grc' dir='ltr'><strong>τοῦ</strong></span> 
     </span>
    </p>
   </div>
   <div class='ocr_carea' id='block_1_30' title="bbox 456 1861 2050 1966">
    <p class='ocr_par' dir='ltr' id='par_1_30' title="bbox 456 1861 2047 1936">
     <span class='ocr_line' id='line_1_30' title="bbox 456 1861 2047 1936; baseline -0.002 -16"><span class='ocrx_word' id='word_1_202' title='bbox 456 1865 625 1921; x_wconf 70' lang='grc' dir='ltr'>ίοηηὶε</span> <span class='ocrx_word' id='word_1_203' title='bbox 656 1865 1006 1936; x_wconf 87' lang='lat' dir='ltr'><strong>apparentias</strong></span> <span class='ocrx_word' id='word_1_204' title='bbox 1037 1863 1196 1918; x_wconf 79' lang='lat' dir='ltr'><strong>obeat</strong></span> <span class='ocrx_word' id='word_1_205' title='bbox 1222 1880 1238 1928; x_wconf 95' lang='lat'><strong>;</strong></span> <span class='ocrx_word' id='word_1_206' title='bbox 1269 1861 1470 1917; x_wconf 86' lang='lat' dir='ltr'><strong>accidit</strong></span> <span class='ocrx_word' id='word_1_207' title='bbox 1499 1871 1681 1916; x_wconf 91' lang='lat' dir='ltr'><strong>tamen</strong></span> <span class='ocrx_word' id='word_1_208' title='bbox 1702 1903 1717 1927; x_wconf 91' lang='lat'><strong>,</strong></span> <span class='ocrx_word' id='word_1_209' title='bbox 1755 1871 1812 1916; x_wconf 87' lang='lat' dir='ltr'><strong>ut</strong></span> <span class='ocrx_word' id='word_1_210' title='bbox 1841 1864 2047 1920; x_wconf 87' lang='lat' dir='ltr'><strong>Canobi</strong></span> 
     </span>
    </p>
   </div>
   <div class='ocr_carea' id='block_1_31' title="bbox 2152 1861 3734 1966">
    <p class='ocr_par' dir='ltr' id='par_1_31' title="bbox 2153 1863 3734 1944">
     <span class='ocr_line' id='line_1_31' title="bbox 2153 1863 3734 1944; baseline 0.007 -24"><span class='ocrx_word' id='word_1_211' title='bbox 2153 1868 2306 1932; x_wconf 80' lang='grc' dir='ltr'>ἔτους</span> <span class='ocrx_word' id='word_1_212' title='bbox 2338 1863 2656 1939; x_wconf 77' lang='grc' dir='ltr'>ποιουμένου</span> <span class='ocrx_word' id='word_1_213' title='bbox 2678 1886 2692 1900; x_wconf 75' lang='grc'><strong>⁸</strong></span> <span class='ocrx_word' id='word_1_214' title='bbox 2727 1871 2819 1923; x_wconf 85' lang='grc' dir='ltr'>τὸν</span> <span class='ocrx_word' id='word_1_215' title='bbox 2851 1871 2948 1942; x_wconf 84' lang='grc' dir='ltr'>μὲν</span> <span class='ocrx_word' id='word_1_216' title='bbox 2974 1873 3306 1944; x_wconf 83' lang='grc' dir='ltr'>καλούμενον</span> <span class='ocrx_word' id='word_1_217' title='bbox 3336 1875 3616 1940; x_wconf 73' lang='grc' dir='ltr'>Κάνωϐον,</span> <span class='ocrx_word' id='word_1_218' title='bbox 3638 1877 3734 1930; x_wconf 71' lang='grc' dir='ltr'>καὶ</span> 
     </span>
    </p>
   </div>
   <div class='ocr_carea' id='block_1_32' title="bbox 465 1953 2050 2037">
    <p class='ocr_par' dir='ltr' id='par_1_32' title="bbox 465 1953 2046 2024">
     <span class='ocr_line' id='line_1_32' title="bbox 465 1953 2046 2024; baseline -0.003 -13"><span class='ocrx_word' id='word_1_219' title='bbox 465 1957 661 2022; x_wconf 84' lang='lat' dir='ltr'><strong>stella,</strong></span> <span class='ocrx_word' id='word_1_220' title='bbox 707 1970 924 2012; x_wconf 88' lang='lat' dir='ltr'><strong>necnon</strong></span> <span class='ocrx_word' id='word_1_221' title='bbox 967 1969 1090 2024; x_wconf 71' lang='lat' dir='ltr'><strong>quae</strong></span> <span class='ocrx_word' id='word_1_222' title='bbox 1124 1953 1228 2008; x_wconf 81' lang='lat' dir='ltr'><strong>sub</strong></span> <span class='ocrx_word' id='word_1_223' title='bbox 1269 1953 1618 2023; x_wconf 66' lang='lat' dir='ltr'><strong>praecedente</strong></span> <span class='ocrx_word' id='word_1_224' title='bbox 1661 1961 1748 2009; x_wconf 87' lang='lat' dir='ltr'><strong>est</strong></span> <span class='ocrx_word' id='word_1_225' title='bbox 1784 1953 2046 2009; x_wconf 89' lang='lat' dir='ltr'><strong>Centauri</strong></span> 
     </span>
    </p>
   </div>
   <div class='ocr_carea' id='block_1_33' title="bbox 2152 1953 3733 2037">
    <p class='ocr_par' dir='ltr' id='par_1_33' title="bbox 2152 1957 3733 2037">
     <span class='ocr_line' id='line_1_33' title="bbox 2152 1957 3733 2037; baseline 0.005 -26"><span class='ocrx_word' id='word_1_226' title='bbox 2152 1958 2245 2011; x_wconf 82' lang='grc' dir='ltr'>τὸν</span> <span class='ocrx_word' id='word_1_227' title='bbox 2278 1959 2336 2011; x_wconf 90' lang='grc' dir='ltr'><strong>ἐν</strong></span> <span class='ocrx_word' id='word_1_228' title='bbox 2364 1957 2444 2028; x_wconf 80' lang='grc' dir='ltr'><strong>τῷ</strong></span> <span class='ocrx_word' id='word_1_229' title='bbox 2469 1957 2787 2031; x_wconf 79' lang='grc' dir='ltr'>ἐμπροσθίῳ</span> <span class='ocrx_word' id='word_1_230' title='bbox 2815 1960 3091 2032; x_wconf 85' lang='grc' dir='ltr'>βατραχίῳ</span> <span class='ocrx_word' id='word_1_231' title='bbox 3120 1962 3214 2016; x_wconf 82' lang='grc' dir='ltr'><strong>τοῦ</strong></span> <span class='ocrx_word' id='word_1_232' title='bbox 3248 1964 3557 2037; x_wconf 70' lang='grc' dir='ltr'>Κενταύρου</span> <span class='ocrx_word' id='word_1_233' title='bbox 3593 1982 3733 2037; x_wconf 89' lang='grc' dir='ltr'>συμ-</span> 
     </span>
    </p>
   </div>
   <div class='ocr_carea' id='block_1_34' title="bbox 458 2046 2050 2126">
    <p class='ocr_par' dir='ltr' id='par_1_34' title="bbox 458 2046 2050 2119">
     <span class='ocr_line' id='line_1_34' title="bbox 458 2046 2050 2119; baseline 0.002 -18"><span class='ocrx_word' id='word_1_234' title='bbox 458 2049 749 2115; x_wconf 79' lang='lat' dir='ltr'><strong>musculo,</strong></span> <span class='ocrx_word' id='word_1_235' title='bbox 804 2047 860 2102; x_wconf 91' lang='lat' dir='ltr'><strong>in</strong></span> <span class='ocrx_word' id='word_1_236' title='bbox 915 2046 1051 2102; x_wconf 90' lang='lat' dir='ltr'><strong>solis</strong></span> <span class='ocrx_word' id='word_1_237' title='bbox 1109 2046 1289 2101; x_wconf 88' lang='lat' dir='ltr'><strong>tribus</strong></span> <span class='ocrx_word' id='word_1_238' title='bbox 1344 2061 1412 2102; x_wconf 87' lang='lat' dir='ltr'><strong>ex</strong></span> <span class='ocrx_word' id='word_1_239' title='bbox 1455 2047 1702 2118; x_wconf 90' lang='lat' dir='ltr'><strong>quinque</strong></span> <span class='ocrx_word' id='word_1_240' title='bbox 1752 2049 2050 2119; x_wconf 84' lang='lat' dir='ltr'><strong>propositis</strong></span> 
     </span>
    </p>
   </div>
   <div class='ocr_carea' id='block_1_35' title="bbox 2152 2046 3734 2126">
    <p class='ocr_par' dir='ltr' id='par_1_35' title="bbox 2153 2048 3734 2126">
     <span class='ocr_line' id='line_1_35' title="bbox 2153 2048 3734 2126; baseline 0.006 -26"><span class='ocrx_word' id='word_1_241' title='bbox 2153 2048 2386 2120; x_wconf 73' lang='grc' dir='ltr'>ϐέϐηκεν</span> <span class='ocrx_word' id='word_1_242' title='bbox 2411 2048 2469 2102; x_wconf 91' lang='grc' dir='ltr'><strong>ἐν</strong></span> <span class='ocrx_word' id='word_1_243' title='bbox 2495 2048 2674 2120; x_wconf 91' lang='grc' dir='ltr'>μόνοις</span> <span class='ocrx_word' id='word_1_244' title='bbox 2695 2057 2742 2118; x_wconf 86' lang='grc' dir='ltr'>γ’</span> <span class='ocrx_word' id='word_1_245' title='bbox 2769 2054 2882 2116; x_wconf 85' lang='grc' dir='ltr'>τοῖς</span> <span class='ocrx_word' id='word_1_246' title='bbox 2915 2051 3152 2124; x_wconf 86' lang='grc' dir='ltr'>πρώτοις</span> <span class='ocrx_word' id='word_1_247' title='bbox 3182 2055 3289 2108; x_wconf 80' lang='grc' dir='ltr'><strong>ἀπὸ</strong></span> <span class='ocrx_word' id='word_1_248' title='bbox 3306 2056 3466 2126; x_wconf 78' lang='lat' dir='ltr'><strong>A&quot;/i\l</strong></span> <span class='ocrx_word' id='word_1_249' title='bbox 3504 2056 3614 2111; x_wconf 84' lang='grc' dir='ltr'>τῶν</span> <span class='ocrx_word' id='word_1_250' title='bbox 3639 2058 3734 2110; x_wconf 61' lang='grc' dir='ltr'>ἐκέ</span> 
     </span>
    </p>
   </div>
   <div class='ocr_carea' id='block_1_36' title="bbox 464 2137 2050 2216">
    <p class='ocr_par' dir='ltr' id='par_1_36' title="bbox 464 2137 2050 2210">
     <span class='ocr_line' id='line_1_36' title="bbox 464 2137 2050 2210; baseline 0.001 -16"><span class='ocrx_word' id='word_1_251' title='bbox 464 2140 782 2210; x_wconf 83' lang='lat' dir='ltr'><strong>parallelis,</strong></span> <span class='ocrx_word' id='word_1_252' title='bbox 829 2146 985 2193; x_wconf 91' lang='lat' dir='ltr'><strong>ortus</strong></span> <span class='ocrx_word' id='word_1_253' title='bbox 1022 2153 1364 2208; x_wconf 84' lang='lat' dir='ltr'><strong>occasusque</strong></span> <span class='ocrx_word' id='word_1_254' title='bbox 1392 2137 1593 2194; x_wconf 84' lang='lat' dir='ltr'><strong>faciat:</strong></span> <span class='ocrx_word' id='word_1_255' title='bbox 1622 2146 1678 2194; x_wconf 89' lang='lat' dir='ltr'><strong>at</strong></span> <span class='ocrx_word' id='word_1_256' title='bbox 1706 2156 1828 2210; x_wconf 77' lang='lat' dir='ltr'><strong>qua:</strong></span> <span class='ocrx_word' id='word_1_257' title='bbox 1860 2140 2050 2195; x_wconf 87' lang='lat' dir='ltr'><strong>ultima</strong></span> 
     </span>
    </p>
   </div>
   <div class='ocr_carea' id='block_1_37' title="bbox 2152 2137 3733 2216">
    <p class='ocr_par' dir='ltr' id='par_1_37' title="bbox 2152 2139 3733 2216">
     <span class='ocr_line' id='line_1_37' title="bbox 2152 2139 3733 2216; baseline 0.006 -22"><span class='ocrx_word' id='word_1_258' title='bbox 2152 2140 2421 2212; x_wconf 83' lang='grc' dir='ltr'>κειμένων</span> <span class='ocrx_word' id='word_1_259' title='bbox 2454 2146 2496 2193; x_wconf 86' lang='grc' dir='ltr'>ε’</span> <span class='ocrx_word' id='word_1_260' title='bbox 2537 2142 2899 2214; x_wconf 78' lang='grc' dir='ltr'>’παραλλήλων</span> <span class='ocrx_word' id='word_1_261' title='bbox 2940 2139 3198 2216; x_wconf 79' lang='grc' dir='ltr'>ἑκάτερον</span> <span class='ocrx_word' id='word_1_262' title='bbox 3246 2147 3514 2202; x_wconf 80' lang='grc' dir='ltr'>ποιεῖσθαι</span> <span class='ocrx_word' id='word_1_263' title='bbox 3554 2149 3733 2213; x_wconf 76' lang='grc' dir='ltr'>δύσεις</span> 
     </span>
    </p>
   </div>
   <div class='ocr_carea' id='block_1_38' title="bbox 461 2229 2050 2312">
    <p class='ocr_par' dir='ltr' id='par_1_38' title="bbox 461 2229 2050 2300">
     <span class='ocr_line' id='line_1_38' title="bbox 461 2229 2050 2300; baseline 0 -12"><span class='ocrx_word' id='word_1_264' title='bbox 461 2239 555 2288; x_wconf 79' lang='lat' dir='ltr'><strong>est</strong></span> <span class='ocrx_word' id='word_1_265' title='bbox 589 2230 769 2286; x_wconf 85' lang='lat' dir='ltr'><strong>Fluvii</strong></span> <span class='ocrx_word' id='word_1_266' title='bbox 800 2231 980 2285; x_wconf 87' lang='lat' dir='ltr'><strong>lucida</strong></span> <span class='ocrx_word' id='word_1_267' title='bbox 999 2237 1233 2300; x_wconf 86' lang='lat' dir='ltr'><strong>quatuor</strong></span> <span class='ocrx_word' id='word_1_268' title='bbox 1249 2229 1517 2284; x_wconf 82' lang='lat' dir='ltr'><strong>duntaxat</strong></span> <span class='ocrx_word' id='word_1_269' title='bbox 1547 2231 1602 2285; x_wconf 91' lang='lat' dir='ltr'><strong>in</strong></span> <span class='ocrx_word' id='word_1_270' title='bbox 1630 2231 1824 2300; x_wconf 84' lang='lat' dir='ltr'><strong>primis</strong></span> <span class='ocrx_word' id='word_1_271' title='bbox 1853 2230 2050 2295; x_wconf 73' lang='lat' dir='ltr'><strong>tribus,</strong></span> 
     </span>
    </p>
   </div>
   <div class='ocr_carea' id='block_1_39' title="bbox 2152 2229 3731 2312">
    <p class='ocr_par' dir='ltr' id='par_1_39' title="bbox 2152 2231 3731 2312">
     <span class='ocr_line' id='line_1_39' title="bbox 2152 2231 3731 2312; baseline 0.006 -28"><span class='ocrx_word' id='word_1_272' title='bbox 2152 2248 2211 2284; x_wconf 90' lang='grc' dir='ltr'><strong>τε</strong></span> <span class='ocrx_word' id='word_1_273' title='bbox 2241 2231 2337 2285; x_wconf 77' lang='grc' dir='ltr'>καὶ</span> <span class='ocrx_word' id='word_1_274' title='bbox 2376 2231 2644 2297; x_wconf 84' lang='grc' dir='ltr'>ἀνατολάς</span> <span class='ocrx_word' id='word_1_275' title='bbox 2664 2250 2678 2264; x_wconf 87' lang='grc'><strong>·</strong></span> <span class='ocrx_word' id='word_1_276' title='bbox 2709 2234 2800 2288; x_wconf 79' lang='grc' dir='ltr'>τὸν</span> <span class='ocrx_word' id='word_1_277' title='bbox 2833 2234 2891 2288; x_wconf 81' lang='grc' dir='ltr'>δὲ</span> <span class='ocrx_word' id='word_1_278' title='bbox 2924 2235 3150 2306; x_wconf 76' lang='grc' dir='ltr'>ῑσχατον</span> <span class='ocrx_word' id='word_1_279' title='bbox 3182 2237 3273 2290; x_wconf 82' lang='grc' dir='ltr'><strong>τοῦ</strong></span> <span class='ocrx_word' id='word_1_280' title='bbox 3308 2239 3563 2311; x_wconf 70' lang='grc' dir='ltr'>Ποταμοῖ)</span> <span class='ocrx_word' id='word_1_281' title='bbox 3591 2241 3731 2312; x_wconf 86' lang='grc' dir='ltr'>λαμ-</span> 
     </span>
    </p>
   </div>
   <div class='ocr_carea' id='block_1_40' title="bbox 423 2321 2050 2399">
    <p class='ocr_par' dir='ltr' id='par_1_40' title="bbox 423 2323 2048 2395">
     <span class='ocr_line' id='line_1_40' title="bbox 423 2323 2048 2395; baseline -0.001 -15"><span class='ocrx_word' id='word_1_282' title='bbox 423 2333 676 2381; x_wconf 68' lang='lat' dir='ltr'><strong>.cazterze</strong></span> <span class='ocrx_word' id='word_1_283' title='bbox 713 2339 863 2380; x_wconf 82' lang='lat' dir='ltr'><strong>xxvu</strong></span> <span class='ocrx_word' id='word_1_284' title='bbox 897 2325 1069 2380; x_wconf 75' lang='lat' dir='ltr'><strong>stellae</strong></span> <span class='ocrx_word' id='word_1_285' title='bbox 1115 2324 1168 2377; x_wconf 92' lang='lat' dir='ltr'><strong>in</strong></span> <span class='ocrx_word' id='word_1_286' title='bbox 1202 2323 1448 2394; x_wconf 89' lang='lat' dir='ltr'><strong>quinque</strong></span> <span class='ocrx_word' id='word_1_287' title='bbox 1490 2324 1773 2395; x_wconf 88' lang='lat' dir='ltr'><strong>parallclis</strong></span> <span class='ocrx_word' id='word_1_288' title='bbox 1823 2323 2048 2379; x_wconf 81' lang='lat' dir='ltr'><strong>faciant.</strong></span> 
     </span>
    </p>
   </div>
   <div class='ocr_carea' id='block_1_41' title="bbox 2152 2321 3730 2399">
    <p class='ocr_par' dir='ltr' id='par_1_41' title="bbox 2153 2321 3730 2399">
     <span class='ocr_line' id='line_1_41' title="bbox 2153 2321 3730 2399; baseline 0.008 -25"><span class='ocrx_word' id='word_1_289' title='bbox 2153 2321 2289 2393; x_wconf 85' lang='grc' dir='ltr'>πρδν</span> <span class='ocrx_word' id='word_1_290' title='bbox 2312 2323 2370 2376; x_wconf 91' lang='grc' dir='ltr'><strong>ἐν</strong></span> <span class='ocrx_word' id='word_1_291' title='bbox 2391 2323 2615 2396; x_wconf 83' lang='grc' dir='ltr'>τέτρασι</span> <span class='ocrx_word' id='word_1_292' title='bbox 2637 2325 2818 2396; x_wconf 87' lang='grc' dir='ltr'>μόνοις</span> <span class='ocrx_word' id='word_1_293' title='bbox 2839 2329 2951 2391; x_wconf 84' lang='grc' dir='ltr'>τοῖς</span> <span class='ocrx_word' id='word_1_294' title='bbox 2972 2328 3207 2399; x_wconf 82' lang='grc' dir='ltr'>πρώτοις</span> <span class='ocrx_word' id='word_1_295' title='bbox 3235 2330 3315 2394; x_wconf 78' lang='grc' dir='ltr'>κζ’</span> <span class='ocrx_word' id='word_1_296' title='bbox 3347 2331 3445 2394; x_wconf 71' lang='grc' dir='ltr'><strong>τὰς</strong></span> <span class='ocrx_word' id='word_1_297' title='bbox 3467 2334 3524 2385; x_wconf 83' lang='grc' dir='ltr'><strong>ἐν</strong></span> <span class='ocrx_word' id='word_1_298' title='bbox 3554 2335 3666 2397; x_wconf 83' lang='grc' dir='ltr'>τοῖς</span> <span class='ocrx_word' id='word_1_299' title='bbox 3685 2335 3730 2363; x_wconf 80' lang='grc'><strong>⁸¹</strong></span> 
     </span>
    </p>
   </div>
   <div class='ocr_carea' id='block_1_42' title="bbox 465 2415 2050 2496">
    <p class='ocr_par' dir='ltr' id='par_1_42' title="bbox 465 2415 2050 2488">
     <span class='ocr_line' id='line_1_42' title="bbox 465 2415 2050 2488; baseline -0.001 -15"><span class='ocrx_word' id='word_1_300' title='bbox 465 2421 542 2473; x_wconf 89' lang='lat' dir='ltr'><strong>Ita</strong></span> <span class='ocrx_word' id='word_1_301' title='bbox 574 2419 912 2488; x_wconf 77' lang='lat' dir='ltr'><strong>colliguntur</strong></span> <span class='ocrx_word' id='word_1_302' title='bbox 960 2418 1016 2472; x_wconf 89' lang='lat' dir='ltr'><strong>in</strong></span> <span class='ocrx_word' id='word_1_303' title='bbox 1049 2424 1226 2472; x_wconf 89' lang='lat' dir='ltr'><strong>totum</strong></span> <span class='ocrx_word' id='word_1_304' title='bbox 1261 2416 1600 2487; x_wconf 63' lang='lat' dir='ltr'><strong>apparentia:</strong></span> <span class='ocrx_word' id='word_1_305' title='bbox 1631 2416 1756 2472; x_wconf 84' lang='lat'><strong>580.</strong></span> <span class='ocrx_word' id='word_1_306' title='bbox 1805 2415 2050 2483; x_wconf 85' lang='lat' dir='ltr'><strong>Quarum</strong></span> 
     </span>
    </p>
   </div>
   <div class='ocr_carea' id='block_1_43' title="bbox 2152 2415 3731 2496">
    <p class='ocr_par' dir='ltr' id='par_1_43' title="bbox 2152 2415 3731 2496">
     <span class='ocr_line' id='line_1_43' title="bbox 2152 2415 3731 2496; baseline 0.008 -29"><span class='ocrx_word' id='word_1_307' title='bbox 2152 2419 2192 2467; x_wconf 84' lang='grc' dir='ltr'><strong>ε’</strong></span> <span class='ocrx_word' id='word_1_308' title='bbox 2222 2415 2587 2487; x_wconf 81' lang='grc' dir='ltr'>παραλλήλοις</span> <span class='ocrx_word' id='word_1_309' title='bbox 2617 2432 2630 2448; x_wconf 76' lang='grc' dir='ltr'><strong>ο</strong></span> <span class='ocrx_word' id='word_1_310' title='bbox 2667 2418 2742 2482; x_wconf 85' lang='grc' dir='ltr'><strong>ώς</strong></span> <span class='ocrx_word' id='word_1_311' title='bbox 2777 2419 3101 2489; x_wconf 87' lang='grc' dir='ltr'>συνάγεσθαι</span> <span class='ocrx_word' id='word_1_312' title='bbox 3130 2422 3332 2493; x_wconf 79' lang='grc' dir='ltr'>πλῆθος</span> <span class='ocrx_word' id='word_1_313' title='bbox 3369 2425 3584 2493; x_wconf 78' lang='grc' dir='ltr'>φάσεων</span> <span class='ocrx_word' id='word_1_314' title='bbox 3615 2433 3731 2496; x_wconf 65' lang='grc' dir='ltr'>φτέ.</span> 
     </span>
    </p>
   </div>
   <div class='ocr_carea' id='block_1_44' title="bbox 463 2507 2048 2580">
    <p class='ocr_par' dir='ltr' id='par_1_44' title="bbox 463 2507 2048 2580">
     <span class='ocr_line' id='line_1_44' title="bbox 463 2507 2048 2580; baseline -0.003 -15"><span class='ocrx_word' id='word_1_315' title='bbox 463 2509 902 2580; x_wconf 79' lang='lat' dir='ltr'><strong>signiﬁcationes</strong></span> <span class='ocrx_word' id='word_1_316' title='bbox 927 2507 1253 2580; x_wconf 86' lang='lat' dir='ltr'><strong>descripsit,</strong></span> <span class='ocrx_word' id='word_1_317' title='bbox 1281 2523 1346 2562; x_wconf 89' lang='lat' dir='ltr'><strong>ac</strong></span> <span class='ocrx_word' id='word_1_318' title='bbox 1373 2507 1658 2564; x_wconf 88' lang='lat' dir='ltr'><strong>mandavit</strong></span> <span class='ocrx_word' id='word_1_319' title='bbox 1685 2508 1811 2562; x_wconf 89' lang='lat' dir='ltr'><strong>huic</strong></span> <span class='ocrx_word' id='word_1_320' title='bbox 1841 2508 2048 2574; x_wconf 87' lang='lat' dir='ltr'><strong>libello,</strong></span> 
     </span>
    </p>
   </div>
   <div class='ocr_carea' id='block_1_45' title="bbox 465 2597 2048 2676">
    <p class='ocr_par' dir='ltr' id='par_1_45' title="bbox 465 2597 2048 2676">
     <span class='ocr_line' id='line_1_45' title="bbox 465 2597 2048 2676; baseline -0.003 -19"><span class='ocrx_word' id='word_1_321' title='bbox 465 2601 771 2657; x_wconf 83' lang='lat' dir='ltr'><strong>secundum</strong></span> <span class='ocrx_word' id='word_1_322' title='bbox 815 2599 1143 2672; x_wconf 67' lang='lat' dir='ltr'><strong>Egyptios,</strong></span> <span class='ocrx_word' id='word_1_323' title='bbox 1189 2609 1244 2656; x_wconf 86' lang='lat' dir='ltr'><strong>et</strong></span> <span class='ocrx_word' id='word_1_324' title='bbox 1290 2597 1650 2665; x_wconf 71' lang='lat' dir='ltr'><strong>Dositheum,</strong></span> <span class='ocrx_word' id='word_1_325' title='bbox 1697 2597 2048 2676; x_wconf 88' lang='lat' dir='ltr'><strong>Philippum,</strong></span> 
     </span>
    </p>
   </div>
   <div class='ocr_carea' id='block_1_46' title="bbox 465 2691 2054 2766">
    <p class='ocr_par' dir='ltr' id='par_1_46' title="bbox 465 2691 2054 2766">
     <span class='ocr_line' id='line_1_46' title="bbox 465 2691 2054 2766; baseline -0.002 -15"><span class='ocrx_word' id='word_1_326' title='bbox 465 2696 752 2766; x_wconf 85' lang='lat' dir='ltr'><strong>Calippum</strong></span> <span class='ocrx_word' id='word_1_327' title='bbox 771 2731 791 2762; x_wconf 85' lang='lat'><strong>,</strong></span> <span class='ocrx_word' id='word_1_328' title='bbox 815 2693 1206 2749; x_wconf 85' lang='lat' dir='ltr'><strong>Euctemonem</strong></span> <span class='ocrx_word' id='word_1_329' title='bbox 1230 2732 1246 2759; x_wconf 91' lang='lat'><strong>,</strong></span> <span class='ocrx_word' id='word_1_330' title='bbox 1273 2691 1541 2748; x_wconf 83' lang='lat' dir='ltr'><strong>Metonem</strong></span> <span class='ocrx_word' id='word_1_331' title='bbox 1560 2732 1576 2758; x_wconf 95' lang='lat'><strong>,</strong></span> <span class='ocrx_word' id='word_1_332' title='bbox 1599 2692 1878 2749; x_wconf 87' lang='lat' dir='ltr'><strong>Cononem</strong></span> <span class='ocrx_word' id='word_1_333' title='bbox 1898 2731 1915 2757; x_wconf 88' lang='lat'><strong>,</strong></span> <span class='ocrx_word' id='word_1_334' title='bbox 1942 2691 2054 2749; x_wconf 74' lang='lat' dir='ltr'><strong>Me-</strong></span> 
     </span>
    </p>
   </div>
   <div class='ocr_carea' id='block_1_47' title="bbox 465 2783 2052 2856">
    <p class='ocr_par' dir='ltr' id='par_1_47' title="bbox 465 2783 2052 2856">
     <span class='ocr_line' id='line_1_47' title="bbox 465 2783 2052 2856; baseline -0.001 -15"><span class='ocrx_word' id='word_1_335' title='bbox 465 2787 748 2842; x_wconf 92' lang='lat' dir='ltr'><strong>trodorum</strong></span> <span class='ocrx_word' id='word_1_336' title='bbox 770 2827 786 2852; x_wconf 94' lang='lat'><strong>,</strong></span> <span class='ocrx_word' id='word_1_337' title='bbox 812 2786 1095 2842; x_wconf 81' lang='lat' dir='ltr'><strong>Eudoxum</strong></span> <span class='ocrx_word' id='word_1_338' title='bbox 1116 2824 1132 2851; x_wconf 94' lang='lat'><strong>,</strong></span> <span class='ocrx_word' id='word_1_339' title='bbox 1156 2785 1432 2842; x_wconf 69' lang='lat' dir='ltr'><strong>Ctesarem</strong></span> <span class='ocrx_word' id='word_1_340' title='bbox 1451 2825 1466 2851; x_wconf 93' lang='lat'><strong>,</strong></span> <span class='ocrx_word' id='word_1_341' title='bbox 1488 2785 1860 2842; x_wconf 89' lang='lat' dir='ltr'><strong>Democritum</strong></span> <span class='ocrx_word' id='word_1_342' title='bbox 1877 2825 1893 2854; x_wconf 98' lang='lat'><strong>,</strong></span> <span class='ocrx_word' id='word_1_343' title='bbox 1919 2783 2052 2856; x_wconf 79' lang='lat' dir='ltr'><strong>Hip-</strong></span> 
     </span>
    </p>
   </div>
   <div class='ocr_carea' id='block_1_48' title="bbox 465 2876 2050 2950">
    <p class='ocr_par' dir='ltr' id='par_1_48' title="bbox 465 2876 2050 2950">
     <span class='ocr_line' id='line_1_48' title="bbox 465 2876 2050 2950; baseline 0 -18"><span class='ocrx_word' id='word_1_344' title='bbox 465 2879 752 2950; x_wconf 88' lang='lat' dir='ltr'><strong>parchum.</strong></span> <span class='ocrx_word' id='word_1_345' title='bbox 789 2879 869 2932; x_wconf 89' lang='lat' dir='ltr'><strong>Ex</strong></span> <span class='ocrx_word' id='word_1_346' title='bbox 900 2877 1102 2948; x_wconf 86' lang='lat' dir='ltr'><strong>quibus</strong></span> <span class='ocrx_word' id='word_1_347' title='bbox 1134 2876 1377 2949; x_wconf 66' lang='lat' dir='ltr'><strong>Egyptii</strong></span> <span class='ocrx_word' id='word_1_348' title='bbox 1409 2877 1499 2932; x_wconf 91' lang='lat' dir='ltr'><strong>hic</strong></span> <span class='ocrx_word' id='word_1_349' title='bbox 1532 2877 1678 2947; x_wconf 87' lang='lat' dir='ltr'><strong>apud</strong></span> <span class='ocrx_word' id='word_1_350' title='bbox 1714 2893 1816 2932; x_wconf 91' lang='lat' dir='ltr'><strong>nos</strong></span> <span class='ocrx_word' id='word_1_351' title='bbox 1854 2877 2050 2933; x_wconf 85' lang='lat' dir='ltr'><strong>obser-</strong></span> 
     </span>
    </p>
   </div>
   <div class='ocr_carea' id='block_1_49' title="bbox 466 2965 2050 3038">
    <p class='ocr_par' dir='ltr' id='par_1_49' title="bbox 466 2965 2050 3038">
     <span class='ocr_line' id='line_1_49' title="bbox 466 2965 2050 3038; baseline -0.003 -12"><span class='ocrx_word' id='word_1_352' title='bbox 466 2977 666 3026; x_wconf 86' lang='lat' dir='ltr'><strong>varunt</strong></span> <span class='ocrx_word' id='word_1_353' title='bbox 699 2989 712 3024; x_wconf 91' lang='lat'>:</span> <span class='ocrx_word' id='word_1_354' title='bbox 763 2967 1054 3024; x_wconf 82' lang='lat' dir='ltr'><strong>Dosithcus</strong></span> <span class='ocrx_word' id='word_1_355' title='bbox 1085 2967 1360 3033; x_wconf 69' lang='lat' dir='ltr'><strong>Coloniae;</strong></span> <span class='ocrx_word' id='word_1_356' title='bbox 1385 2965 1674 3038; x_wconf 84' lang='lat' dir='ltr'><strong>Philippus</strong></span> <span class='ocrx_word' id='word_1_357' title='bbox 1698 2967 1750 3022; x_wconf 92' lang='lat' dir='ltr'><strong>in</strong></span> <span class='ocrx_word' id='word_1_358' title='bbox 1777 2965 2050 3038; x_wconf 81' lang='lat' dir='ltr'><strong>Pelopon-</strong></span> 
     </span>
    </p>
   </div>
   <div class='ocr_carea' id='block_1_50' title="bbox 468 3057 2050 3131">
    <p class='ocr_par' dir='ltr' id='par_1_50' title="bbox 468 3057 2050 3131">
     <span class='ocr_line' id='line_1_50' title="bbox 468 3057 2050 3131; baseline -0.003 -13"><span class='ocrx_word' id='word_1_359' title='bbox 468 3077 604 3118; x_wconf 89' lang='lat' dir='ltr'><strong>neso</strong></span> <span class='ocrx_word' id='word_1_360' title='bbox 650 3069 705 3118; x_wconf 88' lang='lat' dir='ltr'><strong>et</strong></span> <span class='ocrx_word' id='word_1_361' title='bbox 735 3059 1009 3125; x_wconf 84' lang='lat' dir='ltr'><strong>Locride;</strong></span> <span class='ocrx_word' id='word_1_362' title='bbox 1043 3059 1304 3131; x_wconf 87' lang='lat' dir='ltr'><strong>Calippus</strong></span> <span class='ocrx_word' id='word_1_363' title='bbox 1338 3058 1396 3114; x_wconf 91' lang='lat' dir='ltr'><strong>in</strong></span> <span class='ocrx_word' id='word_1_364' title='bbox 1434 3057 1828 3130; x_wconf 83' lang='lat' dir='ltr'><strong>Hellesponto;</strong></span> <span class='ocrx_word' id='word_1_365' title='bbox 1870 3057 2050 3114; x_wconf 71' lang='lat' dir='ltr'><strong>Meton</strong></span> 
     </span>
    </p>
   </div>
   <div class='ocr_carea' id='block_1_51' title="bbox 465 3148 2045 3224">
    <p class='ocr_par' dir='ltr' id='par_1_51' title="bbox 465 3148 2045 3224">
     <span class='ocr_line' id='line_1_51' title="bbox 465 3148 2045 3224; baseline -0.005 -14"><span class='ocrx_word' id='word_1_366' title='bbox 465 3153 698 3211; x_wconf 83' lang='lat' dir='ltr'><strong>Athenis</strong></span> <span class='ocrx_word' id='word_1_367' title='bbox 735 3161 789 3208; x_wconf 90' lang='lat' dir='ltr'><strong>et</strong></span> <span class='ocrx_word' id='word_1_368' title='bbox 824 3168 920 3220; x_wconf 87' lang='lat' dir='ltr'><strong>per</strong></span> <span class='ocrx_word' id='word_1_369' title='bbox 953 3152 1245 3224; x_wconf 84' lang='lat' dir='ltr'><strong>Cycladas,</strong></span> <span class='ocrx_word' id='word_1_370' title='bbox 1271 3151 1326 3206; x_wconf 88' lang='lat' dir='ltr'><strong>in</strong></span> <span class='ocrx_word' id='word_1_371' title='bbox 1358 3149 1674 3207; x_wconf 80' lang='lat' dir='ltr'><strong>Macedonia</strong></span> <span class='ocrx_word' id='word_1_372' title='bbox 1693 3159 1746 3205; x_wconf 86' lang='lat' dir='ltr'><strong>et</strong></span> <span class='ocrx_word' id='word_1_373' title='bbox 1773 3148 2045 3215; x_wconf 84' lang='lat' dir='ltr'><strong>Thracia;</strong></span> 
     </span>
    </p>
   </div>
   <div class='ocr_carea' id='block_1_52' title="bbox 2153 2507 3732 2585">
    <p class='ocr_par' dir='ltr' id='par_1_52' title="bbox 2153 2507 3732 2585">
     <span class='ocr_line' id='line_1_52' title="bbox 2153 2507 3732 2585; baseline 0.006 -25"><span class='ocrx_word' id='word_1_374' title='bbox 2153 2507 2262 2560; x_wconf 72' lang='grc' dir='ltr'>Καὶ</span> <span class='ocrx_word' id='word_1_375' title='bbox 2289 2507 2493 2563; x_wconf 84' lang='grc' dir='ltr'>τούτων</span> <span class='ocrx_word' id='word_1_376' title='bbox 2535 2511 2812 2582; x_wconf 70' lang='grc' dir='ltr'>ἀνέγραψε</span> <span class='ocrx_word' id='word_1_377' title='bbox 2869 2513 2968 2577; x_wconf 75' lang='grc' dir='ltr'><strong>τὰς</strong></span> <span class='ocrx_word' id='word_1_378' title='bbox 3013 2515 3417 2585; x_wconf 70' lang='grc' dir='ltr'>ἐπισημασίας,</span> <span class='ocrx_word' id='word_1_379' title='bbox 3455 2518 3548 2570; x_wconf 63' lang='grc' dir='ltr'><strong>καὶ⁵</strong></span> <span class='ocrx_word' id='word_1_380' title='bbox 3595 2535 3732 2572; x_wconf 59' lang='grc' dir='ltr'>κατε</span> 
     </span>
    </p>
   </div>
   <div class='ocr_carea' id='block_1_53' title="bbox 2153 2597 3730 2671">
    <p class='ocr_par' dir='ltr' id='par_1_53' title="bbox 2153 2597 3730 2671">
     <span class='ocr_line' id='line_1_53' title="bbox 2153 2597 3730 2671; baseline 0.007 -21"><span class='ocrx_word' id='word_1_381' title='bbox 2153 2597 2309 2666; x_wconf 82' lang='grc' dir='ltr'>έταξε</span> <span class='ocrx_word' id='word_1_382' title='bbox 2351 2600 2496 2654; x_wconf 88' lang='grc' dir='ltr'>κατά</span> <span class='ocrx_word' id='word_1_383' title='bbox 2537 2618 2595 2654; x_wconf 84' lang='grc' dir='ltr'><strong>τε</strong></span> <span class='ocrx_word' id='word_1_384' title='bbox 2637 2601 2966 2670; x_wconf 81' lang='grc' dir='ltr'>Αἰγυπτίους</span> <span class='ocrx_word' id='word_1_385' title='bbox 2990 2645 3004 2669; x_wconf 89' lang='grc'><strong>,</strong></span> <span class='ocrx_word' id='word_1_386' title='bbox 3041 2604 3133 2657; x_wconf 79' lang='grc' dir='ltr'>καὶ</span> <span class='ocrx_word' id='word_1_387' title='bbox 3158 2605 3423 2669; x_wconf 73' lang='grc' dir='ltr'>Δοσίθεον,</span> <span class='ocrx_word' id='word_1_388' title='bbox 3450 2607 3730 2671; x_wconf 74' lang='grc' dir='ltr'>Φίλιππον,</span> 
     </span>
    </p>
   </div>
   <div class='ocr_carea' id='block_1_54' title="bbox 2151 2690 3732 2769">
    <p class='ocr_par' dir='ltr' id='par_1_54' title="bbox 2151 2690 3732 2769">
     <span class='ocr_line' id='line_1_54' title="bbox 2151 2690 3732 2769; baseline 0.004 -25"><span class='ocrx_word' id='word_1_389' title='bbox 2151 2690 2458 2755; x_wconf 84' lang='grc' dir='ltr'>Κάλιππον,</span> <span class='ocrx_word' id='word_1_390' title='bbox 2488 2692 2832 2765; x_wconf 84' lang='grc' dir='ltr'>Εὐκτήμονα,</span> <span class='ocrx_word' id='word_1_391' title='bbox 2865 2694 3096 2748; x_wconf 80' lang='grc' dir='ltr'>Μέτωνα</span> <span class='ocrx_word' id='word_1_392' title='bbox 3116 2734 3133 2761; x_wconf 92' lang='grc'><strong>,</strong></span> <span class='ocrx_word' id='word_1_393' title='bbox 3163 2696 3404 2763; x_wconf 82' lang='grc' dir='ltr'>Κόνωνα,</span> <span class='ocrx_word' id='word_1_394' title='bbox 3437 2699 3732 2769; x_wconf 84' lang='grc' dir='ltr'>Μητρόδω-</span> 
     </span>
    </p>
   </div>
   <div class='ocr_carea' id='block_1_55' title="bbox 2155 2781 3734 2860">
    <p class='ocr_par' dir='ltr' id='par_1_55' title="bbox 2155 2781 3734 2860">
     <span class='ocr_line' id='line_1_55' title="bbox 2155 2781 3734 2860; baseline 0.004 -25"><span class='ocrx_word' id='word_1_395' title='bbox 2155 2799 2267 2854; x_wconf 89' lang='grc' dir='ltr'>ρον,</span> <span class='ocrx_word' id='word_1_396' title='bbox 2297 2781 2544 2851; x_wconf 77' lang='grc' dir='ltr'>Εὐδοξον,</span> <span class='ocrx_word' id='word_1_397' title='bbox 2569 2785 2844 2858; x_wconf 85' lang='grc' dir='ltr'>Καίσαρα,</span> <span class='ocrx_word' id='word_1_398' title='bbox 2867 2786 3225 2858; x_wconf 86' lang='grc' dir='ltr'>Δημόκριτον,</span> <span class='ocrx_word' id='word_1_399' title='bbox 3254 2788 3572 2860; x_wconf 82' lang='grc' dir='ltr'>Ἵππαρχον.</span> <span class='ocrx_word' id='word_1_400' title='bbox 3601 2790 3734 2842; x_wconf 80' lang='grc' dir='ltr'>Τού-</span> 
     </span>
    </p>
   </div>
   <div class='ocr_carea' id='block_1_56' title="bbox 2149 2873 3734 2949">
    <p class='ocr_par' dir='ltr' id='par_1_56' title="bbox 2149 2873 3734 2949">
     <span class='ocr_line' id='line_1_56' title="bbox 2149 2873 3734 2949; baseline 0.004 -22"><span class='ocrx_word' id='word_1_401' title='bbox 2149 2891 2259 2928; x_wconf 88' lang='grc' dir='ltr'><strong>των</strong></span> <span class='ocrx_word' id='word_1_402' title='bbox 2292 2875 2349 2930; x_wconf 85' lang='grc' dir='ltr'><strong>δέ</strong></span> <span class='ocrx_word' id='word_1_403' title='bbox 2378 2873 2668 2945; x_wconf 80' lang='grc' dir='ltr'>Αἰγύπτιοι</span> <span class='ocrx_word' id='word_1_404' title='bbox 2707 2877 2978 2948; x_wconf 79' lang='grc' dir='ltr'>ἐτήρησαν</span> <span class='ocrx_word' id='word_1_405' title='bbox 3023 2879 3151 2949; x_wconf 85' lang='grc' dir='ltr'>παρ’</span> <span class='ocrx_word' id='word_1_406' title='bbox 3186 2879 3318 2949; x_wconf 88' lang='grc' dir='ltr'>ήμῖν</span> <span class='ocrx_word' id='word_1_407' title='bbox 3340 2895 3356 2912; x_wconf 79' lang='grc' dir='ltr'><strong>ο</strong></span> <span class='ocrx_word' id='word_1_408' title='bbox 3386 2880 3634 2944; x_wconf 83' lang='grc' dir='ltr'>Δοσίθεος</span> <span class='ocrx_word' id='word_1_409' title='bbox 3675 2881 3734 2934; x_wconf 80' lang='grc' dir='ltr'>δὲ</span> 
     </span>
    </p>
   </div>
   <div class='ocr_carea' id='block_1_57' title="bbox 2152 2965 3730 3043">
    <p class='ocr_par' dir='ltr' id='par_1_57' title="bbox 2152 2965 3730 3043">
     <span class='ocr_line' id='line_1_57' title="bbox 2152 2965 3730 3043; baseline 0.004 -25"><span class='ocrx_word' id='word_1_410' title='bbox 2152 2967 2211 3018; x_wconf 93' lang='grc' dir='ltr'><strong>ἐν</strong></span> <span class='ocrx_word' id='word_1_411' title='bbox 2241 2965 2521 3038; x_wconf 79' lang='grc' dir='ltr'>Κολωνείᾳ</span> <span class='ocrx_word' id='word_1_412' title='bbox 2538 2982 2552 2996; x_wconf 89' lang='grc'><strong>·</strong></span> <span class='ocrx_word' id='word_1_413' title='bbox 2575 2966 2838 3031; x_wconf 80' lang='grc' dir='ltr'>Φίλιππος</span> <span class='ocrx_word' id='word_1_414' title='bbox 2866 2968 2923 3021; x_wconf 89' lang='grc' dir='ltr'><strong>ἐν</strong></span> <span class='ocrx_word' id='word_1_415' title='bbox 2951 2968 3341 3040; x_wconf 79' lang='grc' dir='ltr'>Πελοποννήσῳ</span> <span class='ocrx_word' id='word_1_416' title='bbox 3371 2967 3465 3023; x_wconf 83' lang='grc' dir='ltr'><strong>καὶ</strong></span> <span class='ocrx_word' id='word_1_417' title='bbox 3490 2971 3730 3043; x_wconf 81' lang='grc' dir='ltr'>Λοκρίδι·</span> 
     </span>
    </p>
   </div>
   <div class='ocr_carea' id='block_1_58' title="bbox 2152 3054 3734 3132">
    <p class='ocr_par' dir='ltr' id='par_1_58' title="bbox 2152 3054 3734 3132">
     <span class='ocr_line' id='line_1_58' title="bbox 2152 3054 3734 3132; baseline 0.003 -22"><span class='ocrx_word' id='word_1_418' title='bbox 2152 3057 2441 3122; x_wconf 85' lang='grc' dir='ltr'>Κάλιππος</span> <span class='ocrx_word' id='word_1_419' title='bbox 2473 3058 2531 3112; x_wconf 89' lang='grc' dir='ltr'><strong>ἐν</strong></span> <span class='ocrx_word' id='word_1_420' title='bbox 2546 3054 2942 3130; x_wconf 77' lang='grc' dir='ltr'>Ἑλλησπόντῳο</span> <span class='ocrx_word' id='word_1_421' title='bbox 2970 3059 3164 3115; x_wconf 87' lang='grc' dir='ltr'>Μέτων</span> <span class='ocrx_word' id='word_1_422' title='bbox 3200 3060 3469 3132; x_wconf 77' lang='grc' dir='ltr'>Ἀθήνῃσι,</span> <span class='ocrx_word' id='word_1_423' title='bbox 3492 3061 3586 3113; x_wconf 74' lang='grc' dir='ltr'>καὶ</span> <span class='ocrx_word' id='word_1_424' title='bbox 3611 3064 3734 3125; x_wconf 84' lang='grc' dir='ltr'>ταῖς</span> 
     </span>
    </p>
   </div>
   <div class='ocr_carea' id='block_1_59' title="bbox 2153 3149 3735 3224">
    <p class='ocr_par' dir='ltr' id='par_1_59' title="bbox 2153 3149 3735 3224">
     <span class='ocr_line' id='line_1_59' title="bbox 2153 3149 3735 3224; baseline 0.004 -22"><span class='ocrx_word' id='word_1_425' title='bbox 2153 3149 2422 3215; x_wconf 80' lang='grc' dir='ltr'>Κυκλάσι,</span> <span class='ocrx_word' id='word_1_426' title='bbox 2450 3151 2543 3204; x_wconf 71' lang='grc' dir='ltr'>καὶ</span> <span class='ocrx_word' id='word_1_427' title='bbox 2574 3149 2906 3223; x_wconf 71' lang='grc' dir='ltr'>Μακεδονίᾳ,</span> <span class='ocrx_word' id='word_1_428' title='bbox 2939 3151 3034 3205; x_wconf 72' lang='grc' dir='ltr'>καὶ</span> <span class='ocrx_word' id='word_1_429' title='bbox 3064 3151 3252 3224; x_wconf 76' lang='grc' dir='ltr'>Θρᾴκῃ</span> <span class='ocrx_word' id='word_1_430' title='bbox 3278 3164 3291 3182; x_wconf 74' lang='grc'><strong><em>³</em></strong></span> <span class='ocrx_word' id='word_1_431' title='bbox 3329 3152 3514 3206; x_wconf 88' lang='grc' dir='ltr'>Κόνων</span> <span class='ocrx_word' id='word_1_432' title='bbox 3554 3153 3609 3206; x_wconf 85' lang='grc' dir='ltr'>δὲ</span> <span class='ocrx_word' id='word_1_433' title='bbox 3640 3155 3735 3208; x_wconf 71' lang='grc' dir='ltr'>καὶ</span> 
     </span>
    </p>
   </div>
   <div class='ocr_carea' id='block_1_60' title="bbox 470 3239 2050 3318">
    <p class='ocr_par' dir='ltr' id='par_1_60' title="bbox 470 3241 2047 3307">
     <span class='ocr_line' id='line_1_60' title="bbox 470 3241 2047 3307; baseline -0.006 -3"><span class='ocrx_word' id='word_1_434' title='bbox 470 3250 662 3304; x_wconf 88' lang='lat' dir='ltr'><strong>Conon</strong></span> <span class='ocrx_word' id='word_1_435' title='bbox 703 3254 758 3303; x_wconf 84' lang='lat' dir='ltr'><strong>et</strong></span> <span class='ocrx_word' id='word_1_436' title='bbox 791 3244 1134 3302; x_wconf 87' lang='lat' dir='ltr'><strong>Metrodorus</strong></span> <span class='ocrx_word' id='word_1_437' title='bbox 1181 3245 1236 3299; x_wconf 92' lang='lat' dir='ltr'><strong>in</strong></span> <span class='ocrx_word' id='word_1_438' title='bbox 1271 3241 1462 3307; x_wconf 74' lang='lat' dir='ltr'><strong>Italia;</strong></span> <span class='ocrx_word' id='word_1_439' title='bbox 1496 3241 1760 3298; x_wconf 81' lang='lat' dir='ltr'><strong>Eudoxus</strong></span> <span class='ocrx_word' id='word_1_440' title='bbox 1791 3242 1848 3297; x_wconf 92' lang='lat' dir='ltr'><strong>in</strong></span> <span class='ocrx_word' id='word_1_441' title='bbox 1883 3241 2010 3297; x_wconf 84' lang='lat' dir='ltr'><strong>Asia</strong></span> <span class='ocrx_word' id='word_1_442' title='bbox 2033 3278 2047 3306; x_wconf 93' lang='lat'><strong>,</strong></span> 
     </span>
    </p>
   </div>
   <div class='ocr_carea' id='block_1_61' title="bbox 2152 3239 3735 3318">
    <p class='ocr_par' dir='ltr' id='par_1_61' title="bbox 2152 3239 3735 3314">
     <span class='ocr_line' id='line_1_61' title="bbox 2152 3239 3735 3314; baseline 0.003 -20"><span class='ocrx_word' id='word_1_443' title='bbox 2152 3239 2515 3314; x_wconf 76' lang='grc' dir='ltr'>Μητρόδωρος</span> <span class='ocrx_word' id='word_1_444' title='bbox 2545 3243 2604 3295; x_wconf 88' lang='grc' dir='ltr'><strong>ἐν</strong></span> <span class='ocrx_word' id='word_1_445' title='bbox 2645 3242 2843 3314; x_wconf 75' lang='grc' dir='ltr'>Ἰταλίᾳ</span> <span class='ocrx_word' id='word_1_446' title='bbox 2866 3260 2879 3272; x_wconf 91' lang='grc'><strong>·</strong></span> <span class='ocrx_word' id='word_1_447' title='bbox 2917 3243 3142 3309; x_wconf 76' lang='grc' dir='ltr'>Εὔδοξος</span> <span class='ocrx_word' id='word_1_448' title='bbox 3173 3245 3231 3298; x_wconf 90' lang='grc' dir='ltr'><strong>ἐν</strong></span> <span class='ocrx_word' id='word_1_449' title='bbox 3271 3241 3446 3313; x_wconf 71' lang='grc' dir='ltr'>Ἀσίᾳ,</span> <span class='ocrx_word' id='word_1_450' title='bbox 3465 3245 3558 3298; x_wconf 72' lang='grc' dir='ltr'>καὶ</span> <span class='ocrx_word' id='word_1_451' title='bbox 3582 3246 3735 3299; x_wconf 65' lang='grc' dir='ltr'>Σικεα</span> 
     </span>
    </p>
   </div>
   <div class='ocr_carea' id='block_1_62' title="bbox 472 3331 2050 3407">
    <p class='ocr_par' dir='ltr' id='par_1_62' title="bbox 472 3331 2050 3407">
     <span class='ocr_line' id='line_1_62' title="bbox 472 3331 2050 3407; baseline -0.005 -11"><span class='ocrx_word' id='word_1_452' title='bbox 472 3340 694 3403; x_wconf 89' lang='lat' dir='ltr'><strong>Sicilia,</strong></span> <span class='ocrx_word' id='word_1_453' title='bbox 725 3345 781 3395; x_wconf 87' lang='lat' dir='ltr'><strong>et</strong></span> <span class='ocrx_word' id='word_1_454' title='bbox 824 3337 1015 3402; x_wconf 82' lang='lat' dir='ltr'><strong>italia;</strong></span> <span class='ocrx_word' id='word_1_455' title='bbox 1046 3335 1401 3407; x_wconf 77' lang='lat' dir='ltr'><strong>Hipparchus</strong></span> <span class='ocrx_word' id='word_1_456' title='bbox 1430 3334 1486 3390; x_wconf 88' lang='lat' dir='ltr'><strong>in</strong></span> <span class='ocrx_word' id='word_1_457' title='bbox 1508 3333 1802 3407; x_wconf 87' lang='lat' dir='ltr'><strong>Bithynia;</strong></span> <span class='ocrx_word' id='word_1_458' title='bbox 1847 3331 2050 3390; x_wconf 74' lang='lat' dir='ltr'><strong>Metro-</strong></span> 
     </span>
    </p>
   </div>
   <div class='ocr_carea' id='block_1_63' title="bbox 473 3426 2048 3499">
    <p class='ocr_par' dir='ltr' id='par_1_63' title="bbox 473 3426 2048 3499">
     <span class='ocr_line' id='line_1_63' title="bbox 473 3426 2048 3499; baseline -0.003 -13"><span class='ocrx_word' id='word_1_459' title='bbox 473 3431 645 3487; x_wconf 90' lang='lat' dir='ltr'><strong>dorus</strong></span> <span class='ocrx_word' id='word_1_460' title='bbox 677 3431 734 3486; x_wconf 88' lang='lat' dir='ltr'><strong>in</strong></span> <span class='ocrx_word' id='word_1_461' title='bbox 776 3429 1094 3484; x_wconf 72' lang='lat' dir='ltr'><strong>Macedonia</strong></span> <span class='ocrx_word' id='word_1_462' title='bbox 1133 3439 1186 3484; x_wconf 87' lang='lat' dir='ltr'><strong>et</strong></span> <span class='ocrx_word' id='word_1_463' title='bbox 1226 3427 1484 3482; x_wconf 78' lang='lat' dir='ltr'><strong>Thracia.</strong></span> <span class='ocrx_word' id='word_1_464' title='bbox 1533 3426 1661 3484; x_wconf 87' lang='lat' dir='ltr'><strong>ldco</strong></span> <span class='ocrx_word' id='word_1_465' title='bbox 1702 3427 2048 3499; x_wconf 81' lang='lat' dir='ltr'><strong>potissimum</strong></span> 
     </span>
    </p>
   </div>
   <div class='ocr_carea' id='block_1_64' title="bbox 470 3519 2052 3592">
    <p class='ocr_par' dir='ltr' id='par_1_64' title="bbox 470 3519 2052 3592">
     <span class='ocr_line' id='line_1_64' title="bbox 470 3519 2052 3592; baseline -0.001 -14"><span class='ocrx_word' id='word_1_466' title='bbox 470 3522 892 3580; x_wconf 86' lang='lat' dir='ltr'><strong>accommodare</strong></span> <span class='ocrx_word' id='word_1_467' title='bbox 934 3528 1143 3592; x_wconf 80' lang='lat' dir='ltr'><strong>Oportet</strong></span> <span class='ocrx_word' id='word_1_468' title='bbox 1196 3519 1583 3592; x_wconf 64' lang='lat' dir='ltr'><strong>Egyptiorum</strong></span> <span class='ocrx_word' id='word_1_469' title='bbox 1619 3519 1989 3592; x_wconf 79' lang='lat' dir='ltr'><strong>signiﬁcation</strong></span> <span class='ocrx_word' id='word_1_470' title='bbox 2025 3535 2052 3576; x_wconf 76' lang='grc' dir='ltr'>ε</span> 
     </span>
    </p>
   </div>
   <div class='ocr_carea' id='block_1_65' title="bbox 470 3611 2053 3686">
    <p class='ocr_par' dir='ltr' id='par_1_65' title="bbox 470 3611 2053 3686">
     <span class='ocr_line' id='line_1_65' title="bbox 470 3611 2053 3686; baseline -0.004 -14"><span class='ocrx_word' id='word_1_471' title='bbox 470 3617 538 3673; x_wconf 89' lang='lat' dir='ltr'><strong>ad</strong></span> <span class='ocrx_word' id='word_1_472' title='bbox 567 3633 664 3674; x_wconf 86' lang='lat' dir='ltr'><strong>eos</strong></span> <span class='ocrx_word' id='word_1_473' title='bbox 687 3624 905 3672; x_wconf 69' lang='lat' dir='ltr'><strong>tractus</strong></span> <span class='ocrx_word' id='word_1_474' title='bbox 926 3657 940 3678; x_wconf 94' lang='lat'><strong>,</strong></span> <span class='ocrx_word' id='word_1_475' title='bbox 973 3615 1066 3686; x_wconf 90' lang='lat' dir='ltr'><strong>qui</strong></span> <span class='ocrx_word' id='word_1_476' title='bbox 1107 3613 1234 3669; x_wconf 78' lang='lat' dir='ltr'><strong>huic</strong></span> <span class='ocrx_word' id='word_1_477' title='bbox 1266 3613 1532 3684; x_wconf 91' lang='lat' dir='ltr'><strong>parallclo</strong></span> <span class='ocrx_word' id='word_1_478' title='bbox 1561 3622 1912 3684; x_wconf 82' lang='lat' dir='ltr'><strong>congruunt:</strong></span> <span class='ocrx_word' id='word_1_479' title='bbox 1948 3611 2053 3666; x_wconf 88' lang='lat' dir='ltr'><strong>hoc</strong></span> 
     </span>
    </p>
   </div>
   <div class='ocr_carea' id='block_1_66' title="bbox 461 3701 2055 3776">
    <p class='ocr_par' dir='ltr' id='par_1_66' title="bbox 461 3701 2055 3776">
     <span class='ocr_line' id='line_1_66' title="bbox 461 3701 2055 3776; baseline -0.006 -12"><span class='ocrx_word' id='word_1_480' title='bbox 461 3717 555 3764; x_wconf 75' lang='lat' dir='ltr'><strong>est</strong></span> <span class='ocrx_word' id='word_1_481' title='bbox 582 3708 675 3763; x_wconf 85' lang='lat' dir='ltr'><strong>ubi</strong></span> <span class='ocrx_word' id='word_1_482' title='bbox 707 3705 1063 3776; x_wconf 77' lang='lat' dir='ltr'><strong>longissimus</strong></span> <span class='ocrx_word' id='word_1_483' title='bbox 1107 3704 1225 3759; x_wconf 92' lang='lat' dir='ltr'><strong>dies</strong></span> <span class='ocrx_word' id='word_1_484' title='bbox 1266 3711 1350 3759; x_wconf 89' lang='lat' dir='ltr'><strong>est</strong></span> <span class='ocrx_word' id='word_1_485' title='bbox 1395 3703 1658 3758; x_wconf 86' lang='lat' dir='ltr'><strong>horarum</strong></span> <span class='ocrx_word' id='word_1_486' title='bbox 1699 3701 2055 3772; x_wconf 67' lang='lat' dir='ltr'><strong>aequinoctia-</strong></span> 
     </span>
    </p>
   </div>
   <div class='ocr_carea' id='block_1_67' title="bbox 468 3793 2051 3866">
    <p class='ocr_par' dir='ltr' id='par_1_67' title="bbox 468 3793 2051 3866">
     <span class='ocr_line' id='line_1_67' title="bbox 468 3793 2051 3866; baseline -0.003 -11"><span class='ocrx_word' id='word_1_487' title='bbox 468 3800 606 3855; x_wconf 87' lang='lat' dir='ltr'><strong>lium</strong></span> <span class='ocrx_word' id='word_1_488' title='bbox 637 3815 758 3864; x_wconf 83' lang='lat' dir='ltr'><strong>xw;</strong></span> <span class='ocrx_word' id='word_1_489' title='bbox 795 3797 1038 3853; x_wconf 88' lang='lat' dir='ltr'><strong>Dosithei</strong></span> <span class='ocrx_word' id='word_1_490' title='bbox 1068 3811 1198 3851; x_wconf 91' lang='lat' dir='ltr'><strong>vero</strong></span> <span class='ocrx_word' id='word_1_491' title='bbox 1221 3802 1274 3850; x_wconf 85' lang='lat' dir='ltr'><strong>et</strong></span> <span class='ocrx_word' id='word_1_492' title='bbox 1300 3794 1532 3866; x_wconf 84' lang='lat' dir='ltr'><strong>Philippi</strong></span> <span class='ocrx_word' id='word_1_493' title='bbox 1563 3794 1630 3850; x_wconf 89' lang='lat' dir='ltr'><strong>ad</strong></span> <span class='ocrx_word' id='word_1_494' title='bbox 1651 3809 1746 3850; x_wconf 89' lang='lat' dir='ltr'><strong>eas</strong></span> <span class='ocrx_word' id='word_1_495' title='bbox 1769 3793 2017 3865; x_wconf 80' lang='lat' dir='ltr'><strong>regiones</strong></span> <span class='ocrx_word' id='word_1_496' title='bbox 2035 3833 2051 3859; x_wconf 92' lang='lat'><strong>,</strong></span> 
     </span>
    </p>
   </div>
   <div class='ocr_carea' id='block_1_68' title="bbox 465 3886 2054 3965">
    <p class='ocr_par' dir='ltr' id='par_1_68' title="bbox 465 3886 2054 3965">
     <span class='ocr_line' id='line_1_68' title="bbox 465 3886 2054 3965; baseline -0.003 -18"><span class='ocrx_word' id='word_1_497' title='bbox 465 3909 708 3965; x_wconf 84' lang='lat' dir='ltr'><strong>quarum</strong></span> <span class='ocrx_word' id='word_1_498' title='bbox 752 3891 872 3946; x_wconf 88' lang='lat' dir='ltr'><strong>dies</strong></span> <span class='ocrx_word' id='word_1_499' title='bbox 921 3890 1193 3944; x_wconf 88' lang='lat' dir='ltr'><strong>maximus</strong></span> <span class='ocrx_word' id='word_1_500' title='bbox 1225 3896 1308 3945; x_wconf 82' lang='lat' dir='ltr'><strong>cst</strong></span> <span class='ocrx_word' id='word_1_501' title='bbox 1336 3887 1596 3942; x_wconf 88' lang='lat' dir='ltr'><strong>horarum</strong></span> <span class='ocrx_word' id='word_1_502' title='bbox 1631 3903 1724 3942; x_wconf 86' lang='lat' dir='ltr'><strong>xlv</strong></span> <span class='ocrx_word' id='word_1_503' title='bbox 1765 3886 1904 3958; x_wconf 64' lang='lat'><strong>5/2;</strong></span> <span class='ocrx_word' id='word_1_504' title='bbox 1934 3887 2054 3944; x_wconf 84' lang='lat' dir='ltr'><strong>illas</strong></span> 
     </span>
    </p>
   </div>
   <div class='ocr_carea' id='block_1_69' title="bbox 471 3977 2050 4051">
    <p class='ocr_par' dir='ltr' id='par_1_69' title="bbox 471 3977 2050 4051">
     <span class='ocr_line' id='line_1_69' title="bbox 471 3977 2050 4051; baseline -0.007 -9"><span class='ocrx_word' id='word_1_505' title='bbox 471 3995 606 4042; x_wconf 68' lang='lat' dir='ltr'><strong>Vero</strong></span> <span class='ocrx_word' id='word_1_506' title='bbox 637 3984 964 4048; x_wconf 87' lang='lat' dir='ltr'><strong>Democriti,</strong></span> <span class='ocrx_word' id='word_1_507' title='bbox 995 3981 1264 4045; x_wconf 67' lang='lat' dir='ltr'><strong>Caesaris,</strong></span> <span class='ocrx_word' id='word_1_508' title='bbox 1306 3978 1603 4051; x_wconf 78' lang='lat' dir='ltr'><strong>Hipparchi</strong></span> <span class='ocrx_word' id='word_1_509' title='bbox 1629 4019 1643 4044; x_wconf 94' lang='lat'><strong>,</strong></span> <span class='ocrx_word' id='word_1_510' title='bbox 1677 3977 1745 4033; x_wconf 93' lang='lat' dir='ltr'><strong>ad</strong></span> <span class='ocrx_word' id='word_1_511' title='bbox 1790 3993 1856 4033; x_wconf 90' lang='lat' dir='ltr'><strong>ea</strong></span> <span class='ocrx_word' id='word_1_512' title='bbox 1895 3978 2014 4033; x_wconf 89' lang='lat' dir='ltr'><strong>loca</strong></span> <span class='ocrx_word' id='word_1_513' title='bbox 2035 4017 2050 4042; x_wconf 94' lang='lat'><strong>,</strong></span> 
     </span>
    </p>
   </div>
   <div class='ocr_carea' id='block_1_70' title="bbox 475 4069 2051 4141">
    <p class='ocr_par' dir='ltr' id='par_1_70' title="bbox 475 4069 2051 4141">
     <span class='ocr_line' id='line_1_70' title="bbox 475 4069 2051 4141; baseline -0.006 -9"><span class='ocrx_word' id='word_1_514' title='bbox 475 4077 568 4133; x_wconf 80' lang='lat' dir='ltr'><strong>ubi</strong></span> <span class='ocrx_word' id='word_1_515' title='bbox 602 4076 875 4130; x_wconf 79' lang='lat' dir='ltr'><strong>maximus</strong></span> <span class='ocrx_word' id='word_1_516' title='bbox 904 4075 1023 4129; x_wconf 90' lang='lat' dir='ltr'><strong>dies</strong></span> <span class='ocrx_word' id='word_1_517' title='bbox 1051 4081 1136 4129; x_wconf 89' lang='lat' dir='ltr'><strong>est</strong></span> <span class='ocrx_word' id='word_1_518' title='bbox 1171 4073 1429 4127; x_wconf 90' lang='lat' dir='ltr'><strong>horarum</strong></span> <span class='ocrx_word' id='word_1_519' title='bbox 1453 4069 1920 4141; x_wconf 68' lang='lat' dir='ltr'><strong>aequinoctialium</strong></span> <span class='ocrx_word' id='word_1_520' title='bbox 1951 4085 2051 4134; x_wconf 89' lang='lat' dir='ltr'><strong>xv;</strong></span> 
     </span>
    </p>
   </div>
   <div class='ocr_carea' id='block_1_71' title="bbox 467 4158 2057 4238">
    <p class='ocr_par' dir='ltr' id='par_1_71' title="bbox 467 4158 2057 4238">
     <span class='ocr_line' id='line_1_71' title="bbox 467 4158 2057 4238; baseline -0.007 -14"><span class='ocrx_word' id='word_1_521' title='bbox 467 4167 685 4238; x_wconf 80' lang='lat' dir='ltr'><strong>Calippi</strong></span> <span class='ocrx_word' id='word_1_522' title='bbox 707 4174 888 4221; x_wconf 88' lang='lat' dir='ltr'><strong>autem</strong></span> <span class='ocrx_word' id='word_1_523' title='bbox 911 4206 926 4229; x_wconf 92' lang='lat'><strong>,</strong></span> <span class='ocrx_word' id='word_1_524' title='bbox 950 4163 1161 4218; x_wconf 86' lang='lat' dir='ltr'><strong>Eudoxi</strong></span> <span class='ocrx_word' id='word_1_525' title='bbox 1187 4203 1202 4227; x_wconf 94' lang='lat'><strong>,</strong></span> <span class='ocrx_word' id='word_1_526' title='bbox 1225 4161 1460 4216; x_wconf 74' lang='lat' dir='ltr'><strong>Metonis</strong></span> <span class='ocrx_word' id='word_1_527' title='bbox 1478 4204 1492 4227; x_wconf 92' lang='lat'><strong>,</strong></span> <span class='ocrx_word' id='word_1_528' title='bbox 1520 4159 1872 4216; x_wconf 83' lang='lat' dir='ltr'><strong>Euctemonis</strong></span> <span class='ocrx_word' id='word_1_529' title='bbox 1895 4197 1910 4224; x_wconf 93' lang='lat'><strong>,</strong></span> <span class='ocrx_word' id='word_1_530' title='bbox 1943 4158 2057 4213; x_wconf 70' lang='lat' dir='ltr'><strong>ble-</strong></span> 
     </span>
    </p>
   </div>
   <div class='ocr_carea' id='block_1_72' title="bbox 471 4249 2055 4321">
    <p class='ocr_par' dir='ltr' id='par_1_72' title="bbox 471 4249 2055 4321">
     <span class='ocr_line' id='line_1_72' title="bbox 471 4249 2055 4321; baseline -0.008 -9"><span class='ocrx_word' id='word_1_531' title='bbox 471 4255 684 4313; x_wconf 70' lang='lat' dir='ltr'><strong>‘trodori</strong></span> <span class='ocrx_word' id='word_1_532' title='bbox 706 4294 721 4318; x_wconf 94' lang='lat'><strong>,</strong></span> <span class='ocrx_word' id='word_1_533' title='bbox 747 4253 992 4308; x_wconf 85' lang='lat' dir='ltr'><strong>Cononis</strong></span> <span class='ocrx_word' id='word_1_534' title='bbox 1011 4293 1026 4316; x_wconf 90' lang='lat'><strong>,</strong></span> <span class='ocrx_word' id='word_1_535' title='bbox 1054 4251 1419 4307; x_wconf 87' lang='lat' dir='ltr'><strong>communiter</strong></span> <span class='ocrx_word' id='word_1_536' title='bbox 1447 4251 1513 4305; x_wconf 93' lang='lat' dir='ltr'><strong>iis</strong></span> <span class='ocrx_word' id='word_1_537' title='bbox 1541 4249 1856 4321; x_wconf 77' lang='lat' dir='ltr'><strong>regionibus</strong></span> <span class='ocrx_word' id='word_1_538' title='bbox 1873 4287 1888 4312; x_wconf 89' lang='lat'><strong>,</strong></span> <span class='ocrx_word' id='word_1_539' title='bbox 1912 4263 2055 4318; x_wconf 85' lang='lat' dir='ltr'><strong>qua-</strong></span> 
     </span>
    </p>
   </div>
   <div class='ocr_carea' id='block_1_73' title="bbox 471 4339 2050 4416">
    <p class='ocr_par' dir='ltr' id='par_1_73' title="bbox 471 4339 2050 4416">
     <span class='ocr_line' id='line_1_73' title="bbox 471 4339 2050 4416; baseline -0.005 -12"><span class='ocrx_word' id='word_1_540' title='bbox 471 4362 599 4404; x_wconf 84' lang='lat' dir='ltr'><strong>rum</strong></span> <span class='ocrx_word' id='word_1_541' title='bbox 653 4346 772 4402; x_wconf 90' lang='lat' dir='ltr'><strong>dies</strong></span> <span class='ocrx_word' id='word_1_542' title='bbox 819 4345 1172 4416; x_wconf 76' lang='lat' dir='ltr'><strong>longissimus</strong></span> <span class='ocrx_word' id='word_1_543' title='bbox 1222 4343 1366 4400; x_wconf 86' lang='lat' dir='ltr'><strong>inter</strong></span> <span class='ocrx_word' id='word_1_544' title='bbox 1420 4342 1584 4398; x_wconf 87' lang='lat' dir='ltr'><strong>horas</strong></span> <span class='ocrx_word' id='word_1_545' title='bbox 1636 4339 2050 4398; x_wconf 69' lang='lat' dir='ltr'><strong>aauuinoctiales</strong></span> 
     </span>
    </p>
   </div>
   <div class='ocr_carea' id='block_1_74' title="bbox 475 4435 1239 4509">
    <p class='ocr_par' dir='ltr' id='par_1_74' title="bbox 475 4435 1239 4509">
     <span class='ocr_line' id='line_1_74' title="bbox 475 4435 1239 4509; baseline -0.005 -15"><span class='ocrx_word' id='word_1_546' title='bbox 475 4451 567 4495; x_wconf 82' lang='lat' dir='ltr'><strong>xlv</strong></span> <span class='ocrx_word' id='word_1_547' title='bbox 600 4437 704 4509; x_wconf 67' lang='lat'><strong>1/2</strong></span> <span class='ocrx_word' id='word_1_548' title='bbox 729 4448 782 4494; x_wconf 90' lang='lat' dir='ltr'><strong>et</strong></span> <span class='ocrx_word' id='word_1_549' title='bbox 813 4454 880 4493; x_wconf 90' lang='lat' dir='ltr'><strong>xv</strong></span> <span class='ocrx_word' id='word_1_550' title='bbox 909 4435 1239 4492; x_wconf 87' lang='lat' dir='ltr'><strong>continetur.</strong></span> 
     </span>
    </p>
   </div>
   <div class='ocr_carea' id='block_1_75' title="bbox 542 4635 1742 4709">
    <p class='ocr_par' dir='ltr' id='par_1_75' title="bbox 542 4635 1742 4709">
     <span class='ocr_line' id='line_1_75' title="bbox 542 4635 1742 4709; baseline -0.006 -13"><span class='ocrx_word' id='word_1_551' title='bbox 542 4639 590 4673; x_wconf 81' lang='grc'><strong>⁸⁸</strong></span> <span class='ocrx_word' id='word_1_552' title='bbox 618 4637 662 4706; x_wconf 72' lang='grc' dir='ltr'><strong>Ι.</strong></span> <span class='ocrx_word' id='word_1_553' title='bbox 693 4639 949 4697; x_wconf 72' lang='grc' dir='ltr'>ἑκάστου.</span> <span class='ocrx_word' id='word_1_554' title='bbox 1035 4635 1080 4672; x_wconf 68' lang='grc' dir='ltr'><strong>υ</strong></span> <span class='ocrx_word' id='word_1_555' title='bbox 1114 4636 1154 4709; x_wconf 75' lang='lat' dir='ltr'><strong>f.</strong></span> <span class='ocrx_word' id='word_1_556' title='bbox 1185 4637 1311 4702; x_wconf 73' lang='grc' dir='ltr'>τοὺς</span> <span class='ocrx_word' id='word_1_557' title='bbox 1344 4635 1401 4691; x_wconf 81' lang='grc' dir='ltr'>δὲ</span> <span class='ocrx_word' id='word_1_558' title='bbox 1426 4635 1507 4701; x_wconf 72' lang='grc' dir='ltr'>κζ’</span> <span class='ocrx_word' id='word_1_559' title='bbox 1529 4637 1586 4691; x_wconf 88' lang='grc' dir='ltr'><strong>ἐν</strong></span> <span class='ocrx_word' id='word_1_560' title='bbox 1612 4637 1742 4700; x_wconf 77' lang='grc' dir='ltr'>τοῖς.</span> 
     </span>
    </p>
   </div>
   <div class='ocr_carea' id='block_1_76' title="bbox 2150 3331 3734 3408">
    <p class='ocr_par' dir='ltr' id='par_1_76' title="bbox 2150 3331 3734 3408">
     <span class='ocr_line' id='line_1_76' title="bbox 2150 3331 3734 3408; baseline 0.003 -24"><span class='ocrx_word' id='word_1_561' title='bbox 2150 3331 2260 3404; x_wconf 76' lang='grc' dir='ltr'>λίᾳ,</span> <span class='ocrx_word' id='word_1_562' title='bbox 2288 3333 2382 3387; x_wconf 75' lang='grc' dir='ltr'>καὶ</span> <span class='ocrx_word' id='word_1_563' title='bbox 2415 3333 2613 3404; x_wconf 68' lang='grc' dir='ltr'><strong>Ἰταλίᾳ⁵</strong></span> <span class='ocrx_word' id='word_1_564' title='bbox 2636 3351 2650 3363; x_wconf 77' lang='grc' dir='ltr'><strong>ο</strong></span> <span class='ocrx_word' id='word_1_565' title='bbox 2673 3331 2977 3405; x_wconf 83' lang='grc' dir='ltr'>Ἵππαρχος</span> <span class='ocrx_word' id='word_1_566' title='bbox 3001 3335 3057 3387; x_wconf 87' lang='lat' dir='ltr'><strong><em>tv</em></strong></span> <span class='ocrx_word' id='word_1_567' title='bbox 3089 3333 3342 3406; x_wconf 82' lang='grc' dir='ltr'>Βιθυνίᾳ·</span> <span class='ocrx_word' id='word_1_568' title='bbox 3372 3335 3734 3408; x_wconf 83' lang='grc' dir='ltr'>Μητρόδωρος</span> 
     </span>
    </p>
   </div>
   <div class='ocr_carea' id='block_1_77' title="bbox 2152 3425 3733 3500">
    <p class='ocr_par' dir='ltr' id='par_1_77' title="bbox 2152 3425 3733 3500">
     <span class='ocr_line' id='line_1_77' title="bbox 2152 3425 3733 3500; baseline 0.003 -22"><span class='ocrx_word' id='word_1_569' title='bbox 2152 3426 2209 3478; x_wconf 86' lang='grc' dir='ltr'><strong>ἐν</strong></span> <span class='ocrx_word' id='word_1_570' title='bbox 2233 3425 2542 3498; x_wconf 79' lang='grc' dir='ltr'>Μακεδονίᾳ</span> <span class='ocrx_word' id='word_1_571' title='bbox 2580 3425 2674 3480; x_wconf 76' lang='grc' dir='ltr'>καὶ</span> <span class='ocrx_word' id='word_1_572' title='bbox 2691 3425 2900 3500; x_wconf 77' lang='grc' dir='ltr'>Θρᾴκῃ.</span> <span class='ocrx_word' id='word_1_573' title='bbox 2917 3425 3007 3480; x_wconf 70' lang='grc' dir='ltr'><strong>Διὸ</strong></span> <span class='ocrx_word' id='word_1_574' title='bbox 3021 3426 3085 3499; x_wconf 85' lang='grc' dir='ltr'>δὴ</span> <span class='ocrx_word' id='word_1_575' title='bbox 3107 3427 3341 3498; x_wconf 86' lang='grc' dir='ltr'>μάλιστα</span> <span class='ocrx_word' id='word_1_576' title='bbox 3363 3428 3664 3500; x_wconf 76' lang='grc' dir='ltr'>ἐφαρμόζει</span> <span class='ocrx_word' id='word_1_577' title='bbox 3687 3428 3733 3461; x_wconf 80' lang='grc'><strong>⁸¹</strong></span> 
     </span>
    </p>
   </div>
   <div class='ocr_carea' id='block_1_78' title="bbox 2151 3517 3735 3592">
    <p class='ocr_par' dir='ltr' id='par_1_78' title="bbox 2151 3517 3735 3592">
     <span class='ocr_line' id='line_1_78' title="bbox 2151 3517 3735 3592; baseline 0.001 -21"><span class='ocrx_word' id='word_1_578' title='bbox 2151 3517 2251 3582; x_wconf 83' lang='grc' dir='ltr'><strong>τάς</strong></span> <span class='ocrx_word' id='word_1_579' title='bbox 2279 3519 2376 3590; x_wconf 83' lang='grc' dir='ltr'>μὲν</span> <span class='ocrx_word' id='word_1_580' title='bbox 2406 3517 2518 3573; x_wconf 86' lang='grc' dir='ltr'><strong>τῶν</strong></span> <span class='ocrx_word' id='word_1_581' title='bbox 2547 3519 2858 3589; x_wconf 74' lang='grc' dir='ltr'>Αἰγυπτίων</span> <span class='ocrx_word' id='word_1_582' title='bbox 2904 3520 3274 3591; x_wconf 80' lang='grc' dir='ltr'>ἐπισημασίας</span> <span class='ocrx_word' id='word_1_583' title='bbox 3312 3523 3431 3584; x_wconf 81' lang='grc' dir='ltr'>ταῖς</span> <span class='ocrx_word' id='word_1_584' title='bbox 3459 3520 3586 3592; x_wconf 78' lang='grc' dir='ltr'>περὶ</span> <span class='ocrx_word' id='word_1_585' title='bbox 3613 3521 3735 3574; x_wconf 65' lang='grc' dir='ltr'>τοῦε-</span> 
     </span>
    </p>
   </div>
   <div class='ocr_carea' id='block_1_79' title="bbox 2152 3609 3733 3683">
    <p class='ocr_par' dir='ltr' id='par_1_79' title="bbox 2152 3609 3733 3683">
     <span class='ocr_line' id='line_1_79' title="bbox 2152 3609 3733 3683; baseline 0.001 -20"><span class='ocrx_word' id='word_1_586' title='bbox 2152 3625 2242 3663; x_wconf 85' lang='grc' dir='ltr'><strong>τον</strong></span> <span class='ocrx_word' id='word_1_587' title='bbox 2271 3609 2362 3664; x_wconf 83' lang='grc' dir='ltr'>τὸν</span> <span class='ocrx_word' id='word_1_588' title='bbox 2390 3609 2732 3682; x_wconf 80' lang='grc' dir='ltr'>παράλληλον</span> <span class='ocrx_word' id='word_1_589' title='bbox 2776 3609 2983 3682; x_wconf 85' lang='grc' dir='ltr'>χώραις</span> <span class='ocrx_word' id='word_1_590' title='bbox 3004 3626 3018 3643; x_wconf 80' lang='grc' dir='ltr'><strong>ο</strong></span> <span class='ocrx_word' id='word_1_591' title='bbox 3058 3609 3303 3664; x_wconf 85' lang='grc' dir='ltr'>τουτέστι</span> <span class='ocrx_word' id='word_1_592' title='bbox 3333 3610 3453 3664; x_wconf 83' lang='grc' dir='ltr'>καθ’</span> <span class='ocrx_word' id='word_1_593' title='bbox 3483 3610 3542 3664; x_wconf 86' lang='lat' dir='ltr'><em>6v</em></span> <span class='ocrx_word' id='word_1_594' title='bbox 3569 3613 3602 3682; x_wconf 88' lang='grc' dir='ltr'><strong>ή</strong></span> <span class='ocrx_word' id='word_1_595' title='bbox 3636 3629 3733 3683; x_wconf 62' lang='grc' dir='ltr'>μεέ</span> 
     </span>
    </p>
   </div>
   <div class='ocr_carea' id='block_1_80' title="bbox 2154 3699 3735 3773">
    <p class='ocr_par' dir='ltr' id='par_1_80' title="bbox 2154 3699 3735 3773">
     <span class='ocr_line' id='line_1_80' title="bbox 2154 3699 3735 3773; baseline 0 -19"><span class='ocrx_word' id='word_1_596' title='bbox 2154 3701 2319 3770; x_wconf 86' lang='grc' dir='ltr'>γίστη</span> <span class='ocrx_word' id='word_1_597' title='bbox 2341 3700 2451 3754; x_wconf 86' lang='grc' dir='ltr'><strong>τῶν</strong></span> <span class='ocrx_word' id='word_1_598' title='bbox 2478 3700 2700 3772; x_wconf 79' lang='grc' dir='ltr'>ἡμερῶν</span> <span class='ocrx_word' id='word_1_599' title='bbox 2725 3699 2885 3773; x_wconf 82' lang='grc' dir='ltr'>ὡρῶν</span> <span class='ocrx_word' id='word_1_600' title='bbox 2915 3701 3030 3754; x_wconf 87' lang='grc' dir='ltr'>ἐστι</span> <span class='ocrx_word' id='word_1_601' title='bbox 3065 3701 3126 3754; x_wconf 80' lang='grc' dir='ltr'>ιδ’</span> <span class='ocrx_word' id='word_1_602' title='bbox 3157 3699 3485 3773; x_wconf 80' lang='grc' dir='ltr'>ίσημερινῶν</span> <span class='ocrx_word' id='word_1_603' title='bbox 3503 3717 3517 3732; x_wconf 88' lang='grc'><strong>·</strong></span> <span class='ocrx_word' id='word_1_604' title='bbox 3545 3701 3644 3764; x_wconf 77' lang='grc' dir='ltr'><strong>τὰς</strong></span> <span class='ocrx_word' id='word_1_605' title='bbox 3680 3699 3735 3754; x_wconf 67' lang='grc' dir='ltr'>δὲ</span> 
     </span>
    </p>
   </div>
   <div class='ocr_carea' id='block_1_81' title="bbox 2153 3787 3735 3863">
    <p class='ocr_par' dir='ltr' id='par_1_81' title="bbox 2153 3787 3735 3863">
     <span class='ocr_line' id='line_1_81' title="bbox 2153 3787 3735 3863; baseline 0.001 -18"><span class='ocrx_word' id='word_1_606' title='bbox 2153 3792 2402 3846; x_wconf 88' lang='grc' dir='ltr'>Δοσιθέου</span> <span class='ocrx_word' id='word_1_607' title='bbox 2438 3787 2531 3845; x_wconf 75' lang='grc' dir='ltr'>καὶ</span> <span class='ocrx_word' id='word_1_608' title='bbox 2556 3792 2845 3856; x_wconf 82' lang='grc' dir='ltr'>Φιλίππου,</span> <span class='ocrx_word' id='word_1_609' title='bbox 2878 3791 2997 3845; x_wconf 85' lang='grc' dir='ltr'>καθ’</span> <span class='ocrx_word' id='word_1_610' title='bbox 3023 3791 3082 3845; x_wconf 81' lang='lat' dir='ltr'><em>6v</em></span> <span class='ocrx_word' id='word_1_611' title='bbox 3121 3793 3268 3846; x_wconf 90' lang='grc' dir='ltr'>ἐστιν</span> <span class='ocrx_word' id='word_1_612' title='bbox 3297 3793 3333 3863; x_wconf 86' lang='grc' dir='ltr'><strong>ή</strong></span> <span class='ocrx_word' id='word_1_613' title='bbox 3368 3789 3598 3863; x_wconf 81' lang='grc' dir='ltr'>μεγίστη</span> <span class='ocrx_word' id='word_1_614' title='bbox 3627 3790 3735 3847; x_wconf 79' lang='grc' dir='ltr'>τῦν</span> 
     </span>
    </p>
   </div>
   <div class='ocr_carea' id='block_1_82' title="bbox 2154 3882 3736 3957">
    <p class='ocr_par' dir='ltr' id='par_1_82' title="bbox 2154 3882 3736 3957">
     <span class='ocr_line' id='line_1_82' title="bbox 2154 3882 3736 3957; baseline 0.001 -20"><span class='ocrx_word' id='word_1_615' title='bbox 2154 3883 2377 3957; x_wconf 85' lang='grc' dir='ltr'>ήμερῶν</span> <span class='ocrx_word' id='word_1_616' title='bbox 2409 3884 2569 3957; x_wconf 84' lang='grc' dir='ltr'>ὡρῶν</span> <span class='ocrx_word' id='word_1_617' title='bbox 2622 3883 2749 3939; x_wconf 80' lang='lat' dir='ltr'><strong>t6&#39;S&quot;</strong></span> <span class='ocrx_word' id='word_1_618' title='bbox 2773 3901 2786 3915; x_wconf 90' lang='grc'><strong>·</strong></span> <span class='ocrx_word' id='word_1_619' title='bbox 2823 3883 2922 3949; x_wconf 78' lang='grc' dir='ltr'><strong>τὰς</strong></span> <span class='ocrx_word' id='word_1_620' title='bbox 2950 3884 3006 3938; x_wconf 87' lang='grc' dir='ltr'><strong>δέ</strong></span> <span class='ocrx_word' id='word_1_621' title='bbox 3033 3884 3371 3956; x_wconf 87' lang='grc' dir='ltr'>Δημοκρίτου</span> <span class='ocrx_word' id='word_1_622' title='bbox 3399 3883 3495 3938; x_wconf 66' lang='grc' dir='ltr'><strong>καὶ</strong></span> <span class='ocrx_word' id='word_1_623' title='bbox 3527 3882 3736 3938; x_wconf 65' lang='grc' dir='ltr'>Καίσαδ</span> 
     </span>
    </p>
   </div>
   <div class='ocr_carea' id='block_1_83' title="bbox 2159 3975 3737 4048">
    <p class='ocr_par' dir='ltr' id='par_1_83' title="bbox 2159 3975 3737 4048">
     <span class='ocr_line' id='line_1_83' title="bbox 2159 3975 3737 4048; baseline 0.001 -20"><span class='ocrx_word' id='word_1_624' title='bbox 2159 3993 2282 4048; x_wconf 90' lang='grc' dir='ltr'>ρος,</span> <span class='ocrx_word' id='word_1_625' title='bbox 2330 3977 2424 4030; x_wconf 79' lang='grc' dir='ltr'>καὶ</span> <span class='ocrx_word' id='word_1_626' title='bbox 2471 3977 2802 4047; x_wconf 84' lang='grc' dir='ltr'>Ἱππάρχου,</span> <span class='ocrx_word' id='word_1_627' title='bbox 2845 3975 2965 4030; x_wconf 87' lang='grc' dir='ltr'>καθ’</span> <span class='ocrx_word' id='word_1_628' title='bbox 3015 3975 3075 4029; x_wconf 81' lang='grc' dir='ltr'>ὃν</span> <span class='ocrx_word' id='word_1_629' title='bbox 3120 3975 3213 4028; x_wconf 63' lang='grc' dir='ltr'><strong>καὶ⁴</strong></span> <span class='ocrx_word' id='word_1_630' title='bbox 3261 3976 3296 4046; x_wconf 92' lang='grc' dir='ltr'><strong>ή</strong></span> <span class='ocrx_word' id='word_1_631' title='bbox 3351 3975 3581 4046; x_wconf 83' lang='grc' dir='ltr'>μεγίστη</span> <span class='ocrx_word' id='word_1_632' title='bbox 3626 3975 3737 4029; x_wconf 80' lang='grc' dir='ltr'><strong>τῶν</strong></span> 
     </span>
    </p>
   </div>
   <div class='ocr_carea' id='block_1_84' title="bbox 2154 4061 3736 4136">
    <p class='ocr_par' dir='ltr' id='par_1_84' title="bbox 2154 4061 3736 4136">
     <span class='ocr_line' id='line_1_84' title="bbox 2154 4061 3736 4136; baseline 0.002 -21"><span class='ocrx_word' id='word_1_633' title='bbox 2154 4063 2376 4136; x_wconf 87' lang='grc' dir='ltr'>ήμερῶν</span> <span class='ocrx_word' id='word_1_634' title='bbox 2414 4061 2572 4134; x_wconf 87' lang='grc' dir='ltr'>ώρῶν</span> <span class='ocrx_word' id='word_1_635' title='bbox 2609 4065 2758 4118; x_wconf 89' lang='grc' dir='ltr'>ἐστιν</span> <span class='ocrx_word' id='word_1_636' title='bbox 2807 4063 3136 4136; x_wconf 82' lang='grc' dir='ltr'>ἱσημερινῶν</span> <span class='ocrx_word' id='word_1_637' title='bbox 3176 4071 3236 4117; x_wconf 81' lang='grc' dir='ltr'><strong>ιε’</strong></span> <span class='ocrx_word' id='word_1_638' title='bbox 3259 4081 3272 4094; x_wconf 87' lang='grc'><strong>·</strong></span> <span class='ocrx_word' id='word_1_639' title='bbox 3310 4064 3409 4128; x_wconf 80' lang='grc' dir='ltr'>τὰς</span> <span class='ocrx_word' id='word_1_640' title='bbox 3433 4065 3491 4118; x_wconf 79' lang='grc' dir='ltr'>δὲ</span> <span class='ocrx_word' id='word_1_641' title='bbox 3530 4063 3736 4118; x_wconf 82' lang='grc' dir='ltr'>Καλίπ-</span> 
     </span>
    </p>
   </div>
   <div class='ocr_carea' id='block_1_85' title="bbox 2155 4153 3734 4225">
    <p class='ocr_par' dir='ltr' id='par_1_85' title="bbox 2155 4153 3734 4225">
     <span class='ocr_line' id='line_1_85' title="bbox 2155 4153 3734 4225; baseline 0.002 -20"><span class='ocrx_word' id='word_1_642' title='bbox 2155 4170 2260 4206; x_wconf 89' lang='grc' dir='ltr'><strong>που</strong></span> <span class='ocrx_word' id='word_1_643' title='bbox 2285 4195 2300 4220; x_wconf 92' lang='grc'><strong>,</strong></span> <span class='ocrx_word' id='word_1_644' title='bbox 2333 4155 2427 4208; x_wconf 78' lang='grc' dir='ltr'>καὶ</span> <span class='ocrx_word' id='word_1_645' title='bbox 2463 4153 2691 4220; x_wconf 79' lang='grc' dir='ltr'>Εὐδόξου</span> <span class='ocrx_word' id='word_1_646' title='bbox 2715 4195 2729 4218; x_wconf 92' lang='grc'><strong>,</strong></span> <span class='ocrx_word' id='word_1_647' title='bbox 2766 4153 2859 4208; x_wconf 81' lang='grc' dir='ltr'>καὶ</span> <span class='ocrx_word' id='word_1_648' title='bbox 2890 4155 3142 4218; x_wconf 87' lang='grc' dir='ltr'>Μέτωνος</span> <span class='ocrx_word' id='word_1_649' title='bbox 3165 4193 3180 4219; x_wconf 95' lang='grc'><strong>,</strong></span> <span class='ocrx_word' id='word_1_650' title='bbox 3215 4155 3310 4208; x_wconf 80' lang='grc' dir='ltr'>καὶ</span> <span class='ocrx_word' id='word_1_651' title='bbox 3346 4155 3695 4225; x_wconf 82' lang='grc' dir='ltr'>Εὐκτήμονος</span> <span class='ocrx_word' id='word_1_652' title='bbox 3717 4197 3734 4219; x_wconf 92' lang='grc'><strong>,</strong></span> 
     </span>
    </p>
   </div>
   <div class='ocr_carea' id='block_1_86' title="bbox 2155 4238 3740 4315">
    <p class='ocr_par' dir='ltr' id='par_1_86' title="bbox 2155 4238 3740 4315">
     <span class='ocr_line' id='line_1_86' title="bbox 2155 4238 3740 4315; baseline 0.004 -19"><span class='ocrx_word' id='word_1_653' title='bbox 2155 4244 2250 4296; x_wconf 78' lang='grc' dir='ltr'>καὶ</span> <span class='ocrx_word' id='word_1_654' title='bbox 2275 4238 2663 4315; x_wconf 84' lang='grc' dir='ltr'>Μητροδώρου,</span> <span class='ocrx_word' id='word_1_655' title='bbox 2697 4244 2789 4297; x_wconf 69' lang='grc' dir='ltr'>καὶ</span> <span class='ocrx_word' id='word_1_656' title='bbox 2815 4243 3063 4308; x_wconf 86' lang='grc' dir='ltr'>Κόνωνος</span> <span class='ocrx_word' id='word_1_657' title='bbox 3097 4245 3288 4309; x_wconf 84' lang='grc' dir='ltr'>κοινῶς</span> <span class='ocrx_word' id='word_1_658' title='bbox 3306 4285 3321 4308; x_wconf 93' lang='grc'><strong>,</strong></span> <span class='ocrx_word' id='word_1_659' title='bbox 3353 4245 3475 4300; x_wconf 85' lang='grc' dir='ltr'>καθ’</span> <span class='ocrx_word' id='word_1_660' title='bbox 3505 4245 3599 4310; x_wconf 82' lang='grc' dir='ltr'>οὓς</span> <span class='ocrx_word' id='word_1_661' title='bbox 3629 4245 3740 4301; x_wconf 79' lang='grc' dir='ltr'><strong>ἀπὸ</strong></span> 
     </span>
    </p>
   </div>
   <div class='ocr_carea' id='block_1_87' title="bbox 2160 4334 3738 4411">
    <p class='ocr_par' dir='ltr' id='par_1_87' title="bbox 2160 4334 3738 4411">
     <span class='ocr_line' id='line_1_87' title="bbox 2160 4334 3738 4411; baseline 0.005 -24"><span class='ocrx_word' id='word_1_662' title='bbox 2160 4334 2289 4388; x_wconf 72' lang='grc' dir='ltr'>ιδ’ὃη</span> <span class='ocrx_word' id='word_1_663' title='bbox 2346 4335 2675 4408; x_wconf 71' lang='grc' dir='ltr'>ἰσημερινῶν</span> <span class='ocrx_word' id='word_1_664' title='bbox 2715 4336 2821 4401; x_wconf 77' lang='grc' dir='ltr'><strong>ἕως</strong></span> <span class='ocrx_word' id='word_1_665' title='bbox 2867 4344 2927 4389; x_wconf 83' lang='grc' dir='ltr'>ιε’</span> <span class='ocrx_word' id='word_1_666' title='bbox 2955 4336 3208 4392; x_wconf 83' lang='grc' dir='ltr'>διατείνει</span> <span class='ocrx_word' id='word_1_667' title='bbox 3253 4338 3314 4392; x_wconf 84' lang='grc' dir='ltr'>τὸ</span> <span class='ocrx_word' id='word_1_668' title='bbox 3361 4338 3590 4411; x_wconf 80' lang='grc' dir='ltr'>μέγεθος</span> <span class='ocrx_word' id='word_1_669' title='bbox 3626 4339 3738 4396; x_wconf 79' lang='grc' dir='ltr'><strong>τῶν</strong></span> 
     </span>
    </p>
   </div>
   <div class='ocr_carea' id='block_1_88' title="bbox 2160 4427 2712 4501">
    <p class='ocr_par' dir='ltr' id='par_1_88' title="bbox 2160 4427 2712 4501">
     <span class='ocr_line' id='line_1_88' title="bbox 2160 4427 2712 4501; baseline 0.007 -21"><span class='ocrx_word' id='word_1_670' title='bbox 2160 4427 2429 4499; x_wconf 81' lang='grc' dir='ltr'>μεγίστων</span> <span class='ocrx_word' id='word_1_671' title='bbox 2472 4428 2712 4501; x_wconf 74' lang='grc' dir='ltr'>ἡμερῶν.</span> 
     </span>
    </p>
   </div>
   <div class='ocr_carea' id='block_1_89' title="bbox 1819 4629 2554 4704">
    <p class='ocr_par' dir='ltr' id='par_1_89' title="bbox 1819 4629 2554 4704">
     <span class='ocr_line' id='line_1_89' title="bbox 1819 4629 2554 4704; baseline -0.001 -16"><span class='ocrx_word' id='word_1_672' title='bbox 1819 4634 1866 4666; x_wconf 66' lang='grc' dir='ltr'><strong>κ’</strong></span> <span class='ocrx_word' id='word_1_673' title='bbox 1907 4633 1948 4704; x_wconf 82' lang='lat' dir='ltr'><strong>f.</strong></span> <span class='ocrx_word' id='word_1_674' title='bbox 1978 4633 2078 4699; x_wconf 81' lang='grc' dir='ltr'>δεῖ,</span> <span class='ocrx_word' id='word_1_675' title='bbox 2108 4641 2163 4688; x_wconf 87' lang='lat' dir='ltr'><strong>et</strong></span> <span class='ocrx_word' id='word_1_676' title='bbox 2194 4629 2554 4703; x_wconf 76' lang='grc' dir='ltr'>ἐφαρμόζειν.</span> 
     </span>
    </p>
   </div>
  </div>
