4124 6400
1478 363 1850 423 ΡΤΟΕΕΜᾸΞΙ
1890 365 1978 421 DE
2014 366 2493 426 APPARENTIIS.

1877 559 3574 601 -—'-‘——'—-—————————__._-______

1287 722 1426 853 C.
1529 729 1674 850 L.
1806 729 2662 860 PTOLEMEI

1054 977 1614 1046 INERRANTIUM
1677 985 1769 1048 ST
1775 984 2160 1050 ELLARUM
2219 989 2936 1073 SIGNIFICATIONES,

1186 1177 1306 1237 Per
1333 1171 1663 1236 Nicolaum
1695 1174 2047 1239 Leonicum
2076 1195 2111 1239 e
2141 1177 2361 1242 Graeco
2391 1178 2730 1244 translatas.

359 357 463 415 905

841 1532 949 1615 54
978 1531 1385 1603 JANUABIUS.

349 1666 422 1731 ιζ.
561 1673 658 1732 Sol
692 1676 895 1733 elevari
927 1679 1168 1758 fincipit,
1193 1681 1531 1752 iongiusculi
1579 1681 1718 1738 ﬁunt
1760 1683 1880 1740 dies
1905 1723 1920 1750 ,

633 1769 832 1840 Aquila
861 1778 914 1826 et
945 1771 1124 1828 Coron
1175 1772 1484 1841 occidunt,
1511 1781 1927 1846 tempestatem-

633 1878 738 1933 que
763 1861 1024 1919 eﬂiciunt.

348 1952 420 2009 iv.
560 1949 655 2007 Sol
686 1953 863 2024 magis
889 1954 1169 2021 ascendit,
1195 1952 1394 2011 Cancri
1422 1956 1662 2013 medium
1683 1957 1884 2014 occidit
1900 1990 1921 2026 -,

627 2046 883 2116 ventique
912 2054 1142 2116 ponunt.
1485 2111 1490 2120 ,

347 2134 425 2190 iii.
556 2133 848 2205 Reliquum
875 2136 1071 2192 Cancri
1100 2138 1334 2206 occidit,
1365 2145 1423 2195 et
1453 2139 1642 2195 varius
1675 2138 1827 2196 aeris
1861 2137 1921 2194 ﬁt

631 2226 813 2283 ﬂatus.

631 2239 813 2283 natus.

346 2333 430 2374 ra.
561 2316 749 2376 Hiems
783 2320 1068 2376 dimidiata
1091 2361 1107 2387 ,
1140 2320 1440 2392 Aquilones
1473 2320 1760 2388 continui,
1793 2321 1923 2378 Del-

625 2413 826 2483 phinus
860 2428 984 2468 cum
1022 2411 1172 2468 Cane
1199 2413 1375 2468 oritur
1405 2413 1702 2469 matutino.

343 2501 501 2560 NON.
554 2502 802 2560 Fidicula
831 2506 1104 2570 exoritur,
1130 2504 1323 2576 Aquila
1351 2505 1586 2570 occidit,
1615 2503 1918 2574 Delphinus

626 2603 773 2651 totus
797 2596 1026 2679 emergit
1045 2635 1060 2659 ,
1082 2604 1478 2666 ventorumque
1505 2595 1564 2649 ﬁt
1589 2609 1913 2653 concursus.

341 2686 453 2742 viii.
563 2685 760 2758 Aquila
786 2688 1001 2758 vesperi
1029 2687 1264 2752 occidit,
1296 2686 1389 2740 ﬂat
1417 2687 1639 2743 Auster.

340 2775 434 2831 vii.
545 2775 963 2846 Septentriones
1015 2782 1070 2832 et
1099 2776 1298 2847 Aquilo
1325 2775 1679 2832 vehementer
1719 2775 1914 2832 ﬂantes

622 2875 984 2924 concurrunt.

337 2953 413 3012 vi.
555 2955 747 3015 Martis
774 2959 1110 3014 domicilium
1131 2997 1148 3025 ,
1179 2959 1381 3015 Auster
1422 2969 1478 3013 et
1519 2956 1795 3013 Favonius
1839 2956 1916 3012 si+
1945 2953 1980 2957 '
2007 3024 2010 3026 γ

619 3049 734 3104 mul
763 3048 896 3104 ﬂant
915 3090 930 3117 ,
963 3049 1332 3122 Capricornus
1362 3065 1640 3121 emergere
1680 3049 1911 3121 incipit,

617 3141 802 3212 pluvia
827 3143 992 3198 simul
1019 3152 1074 3200 et
1105 3144 1280 3215 caligo
1307 3142 1645 3214 vespertino.

334 3231 436 3301 v.7
561 3230 761 3289 Auster
786 3233 884 3290 ﬂat
915 3251 1039 3291 cum
1067 3237 1273 3307 pluvia.

335 3324 407 3382 iv.
547 3323 774 3381 Pluvius
805 3325 898 3381 ﬂat
925 3328 1126 3384 Auster
1153 3328 1466 3384 violentior.

333 3415 414 3472 iii.
557 3415 870 3488 Septentrio
913 3420 1087 3475 multo
1129 3419 1306 3476 imbre
1351 3427 1405 3476 et
1449 3433 1646 3490 aspera
1695 3426 1908 3490 tempe-

616 3517 758 3565 state
785 3509 896 3565 ﬂat.

331 3615 420 3656 η.
548 3599 752 3659 Auster
783 3605 974 3674 spirat.

331 3687 419 3746 ID.
537 3689 760 3748 Astrum
793 3695 1120 3760 obscurum,
1152 3694 1328 3764 prima
1360 3692 1484 3748 Mali
1515 3709 1642 3765 pars
1670 3694 1902 3763 occidit,

326 3784 335 3795 '
613 3793 778 3841 noctu
808 3787 970 3841 etiam
1002 3787 1159 3857 pluit.

331 3873 442 3928 xix.
543 3875 766 3933 Astrum
807 3879 1104 3934 obscurum
1132 3922 1149 3947 ,
1206 3880 1351 3934 varia
1394 3879 1682 3950 Aquilonis
1710 3886 1765 3935 et
1803 3879 1905 3934 Se-

610 3971 938 4040 ptentrionis
989 3971 1396 4040 inconstantia;
1454 3971 1566 4028 Leo
1627 3972 1897 4028 occultari

611 4062 800 4132 incipit
823 4080 836 4130 ;
870 4063 1065 4133 pluvia:
1097 4058 1253 4118 ﬁunt.

327 4149 481 4206 xviii.
538 4151 846 4221 Septentrio
873 4163 926 4208 et
958 4153 1155 4224 Aquilo
1188 4155 1540 4210 vehementes
1565 4153 1725 4210 ﬂant.

326 4242 460 4296 xvii.
539 4241 633 4296 Sol
663 4242 719 4296 in
752 4243 1026 4314 Aquario,
1061 4244 1363 4302 Vulturnus
1393 4261 1516 4299 cum
1549 4247 1754 4315 pluvia.

326 4335 436 4390 xvi.
533 4336 779 4393 Fidicula
803 4339 1054 4394 occidere
1079 4338 1267 4408 incipit
1296 4340 1583 4402 matutino,
1605 4345 1899 4395 ventorum

612 4447 914 4487 concursus
944 4431 1096 4486 ﬁunt.

325 4539 415 4579 xv.
541 4523 652 4579 Leo
673 4531 726 4580 et
749 4523 1048 4595 Delphinus
1067 4523 1335 4578 matutino
1358 4523 1616 4579 occidunt
1639 4543 1650 4578 :
1676 4523 1896 4594 Aquilo,

610 4612 922 4685 Septentrio
959 4622 1014 4670 et
1050 4614 1251 4671 Auster
1275 4623 1645 4683 concurrunt,
1677 4616 1904 4686 pluviae-

605 4719 711 4775 que
742 4704 896 4761 ﬁunt.
1319 4769 1328 4777 ,

322 4793 434 4848 xiv.
541 4791 841 4850 Conversio
883 4801 937 4850 et
971 4796 1167 4852 hiemis
1197 4796 1460 4855 medium.

321 4884 439 4938 xiii.
541 4884 738 4956 Aquilo
769 4885 862 4941 ﬂat
893 4897 944 4942 et
972 4889 1191 4951 Auster,
1228 4889 1468 4943 medium
1504 4887 1708 4944 Cancri
1737 4889 1898 4946 occi-

605 4977 714 5043 dit,
747 4978 1020 5048 Aquarius
1051 4995 1328 5051 emergere
1356 4980 1574 5051 incipit.

325 5065 420 5121 xii.
531 5069 806 5138 Aquarius
851 5077 998 5126 totus
1041 5072 1305 5141 emergit,
1334 5071 1554 5128 Africus
1596 5071 1807 5143 spirat,
1841 5080 1897 5129 et
1999 5085 2055 5124 x.

605 5161 762 5231 pluit.

321 5251 397 5307 xi.
541 5250 789 5307 Fidicula
803 5269 928 5309 cum
942 5253 1153 5310 Cancro
1168 5254 1396 5323 occidit,
1418 5263 1472 5311 et
1495 5256 1704 5326 veSperi
1723 5255 1886 5325 pluit.

319 5357 374 5396 x.
535 5342 734 5414 Aquilo
763 5344 856 5400 ﬂat
888 5362 1012 5402 cum
1044 5349 1252 5419 pluvia.

319 5433 394 5487 ix.
535 5432 749 5491 Hiemat
789 5437 945 5506 dies,
989 5440 1358 5496 vehementius
1405 5438 1538 5494 ﬂant
1579 5437 1785 5510 Aquilo
1833 5448 1888 5496 et

602 5525 926 5585 Vulturnus.

315 5615 432 5672 viii.
534 5618 855 5692 Tempestas
881 5621 1176 5689 turbidior,
1200 5623 1365 5680 iidem
1389 5622 1522 5678 ﬂant
1548 5625 1716 5680 venti.

319 5705 412 5761 Vii.
537 5709 755 5764 Hiemat
782 5711 898 5766 dies
916 5752 931 5775 ,
960 5712 1125 5768 iidem
1153 5713 1284 5769 ﬂant
1309 5715 1488 5782 venti,
1510 5713 1755 5772 Fidicula
1787 5731 1887 5774 oc-
1995 5711 2090 5768 vii.

600 5799 784 5855 cidere
814 5801 1023 5872 incipit.

634 5892 904 5955 Ps'rnon.
947 5895 1063 5956 Gn.
1101 5894 1276 5960 XIX.

1953 1553 2001 1611 A

1945 2902 1987 2957 Β

1920 5588 1967 5644 ι)

2029 1546 2102 1602 vi.
2247 1545 2509 1603 Austrum
2551 1549 2758 1607 clarum
2795 1554 2848 1609 in
2872 1566 3091 1626 pectore
3123 1559 3320 1620 Leonis
3349 1567 3600 1627 occidere

2313 1641 2534 1712 incipit,
2561 1642 2805 1701 Fidicula
2827 1654 3038 1720 vesperi
3062 1655 3299 1723 occidit,
3325 1658 3417 1714 ﬂat
3436 1661 3600 1733 Aqui-

2306 1734 2394 1801 lo,
2426 1742 2481 1789 et
2511 1735 2782 1791 interdum
2815 1741 2975 1809 pluit.

2024 1839 2078 1881 v.
2247 1823 2548 1880 Ventorum
2581 1842 2886 1888 concursus
2919 1849 3042 1889 cum
3072 1838 3311 1896 nivibus.

2023 1915 2097 1970 iv.
2241 1915 2546 1999 Delphinus
2581 1920 2832 1978 occidere
2866 1925 3081 1999 incipit.

2022 2003 2104 2060 iii.
2239 2003 2488 2061 Fidicula
2529 2009 2678 2063 circa
2720 2013 2952 2082 primam
2993 2019 3165 2074 facem
3199 2032 3354 2094 parte
3387 2026 3470 2082 sui
3501 2041 3596 2083 oc-

2303 2097 2486 2152 cidere
2525 2097 2752 2172 incipit,
2780 2107 3072 2166 vehemens
3101 2111 3194 2167 ﬂat
3236 2117 3431 2186 Aquilo
3470 2133 3596 2173 cum

2301 2188 2494 2246 imbre.

2020 2297 2108 2337 pa.
2235 2283 2445 2342 Imbres
2469 2300 2596 2342 cum
2627 2289 2848 2347 nivibus
2878 2295 3126 2363 permisti
3152 2296 3360 2353 cadunt
3380 2331 3395 2341 ο

2705 2400 2898 2457 XXXI.

2571 2488 3036 2552 FEBRUARIUS.

2017 2599 2088 2654 K.
2236 2599 2546 2659 Obscurum
2585 2615 2799 2661 astrum
2843 2619 3103 2680 apparet,
3141 2615 3341 2671 Auster
3371 2623 3426 2672 et
3455 2616 3591 2674 Vul-

2296 2699 2496 2750 turnus
2526 2693 2680 2752 ﬂant.
2717 2697 2965 2755 Fidicula
2992 2704 3244 2761 occidere
3275 2707 3484 2778 incipit.

2015 2779 2088 2832 iv.
2234 2780 2345 2838 Aer
2373 2799 2598 2842 crassus
2625 2797 2740 2852 est,
2771 2789 3049 2849 Favonius
3075 2793 3206 2851 ﬂare
3237 2797 3447 2869 incipit.

2015 2871 2094 2925 iii.
2240 2871 2720 2936 Medium-Leonis
2767 2895 2894 2936 cum
2943 2883 3190 2942 Fidicula
3224 2891 3457 2958 occidit,
3491 2893 3591 2951 Se-

2296 2969 2638 3037 ptentriones
2669 2981 2724 3030 et
2750 2973 2950 3046 Aquilo
2978 2976 3136 3033 ﬂant.

2013 3068 2100 3109 ra.
2168 3064 2169 3067 ‘
2226 3056 2528 3129 Delphinus
2553 3064 2788 3134 occidit,
2817 3067 3020 3124 Auster
3046 3074 3260 3144 vesperi
3294 3075 3588 3134 violentior

2293 3153 2353 3206 ﬁt
2367 3193 2383 3218 ,
2415 3161 2470 3209 et
2496 3155 2654 3225 pluit.

2011 3234 2171 3296 NON.
2225 3241 2373 3299 Zona
2409 3243 2632 3304 Orionis
2662 3253 2918 3324 emergit,
2949 3253 3203 3313 turbidus
3235 3265 3320 3315 est
3351 3275 3448 3317 aer
3477 3259 3584 3317 Fa-

2291 3335 2438 3390 vonii
2469 3334 2621 3394 ﬂatu.

2225 3421 2471 3481 Fidicula
2499 3429 2728 3497 occidit,
2760 3442 2815 3489 et
2841 3433 3114 3494 Favonius
3143 3441 3212 3495 ab
3241 3457 3442 3501 occasu
3469 3445 3582 3503 ﬂat.

2223 3513 2381 3572 Veris
2412 3517 2629 3575 initium
2652 3562 2669 3588 ,
2707 3521 2981 3583 Favonius
3013 3531 3208 3599 spirat.

2232 3604 2506 3664 Favonius
2535 3618 2589 3665 et
2616 3611 2814 3682 Aquilo
2845 3619 3072 3687 spirant.

2009 3421 2128 3479 viii.

2008 3511 2104 3567 vii.

2008 3603 2080 3659 vi.

2007 3712 2062 3750 v.
2226 3694 2539 3755 Obscurum
2567 3713 2778 3758 astrum
2801 3747 2815 3769 ,
2847 3713 3078 3781 emergit
3105 3711 3400 3782 Aquarius.

2005 3790 2079 3845 iv.
2226 3793 2537 3866 Septentrio
2560 3814 2684 3856 cum
2712 3801 2953 3860 Favonio
2977 3803 3090 3870 ﬂat,
3117 3806 3389 3864 interdum
3415 3810 3581 3869 etiam

2079 3888 2084 3893 ’
2191 3887 2194 3890 ’
2288 3888 2447 3956 pluit.

2005 3973 2088 4027 iii.
2222 3975 2562 4039 Subsolanus
2590 3983 2762 4054 Spirat
2781 4024 2796 4050 ,
2826 3994 2880 4041 et
2909 3987 3178 4046 Arcturus
3205 3990 3402 4048 oritur.

2004 4081 2090 4120 PR.
2213 4067 2515 4128 Ventorum
2548 4091 2854 4134 CODCUI'SUS
2883 4086 2937 4133 ει
2969 4096 3173 4151 pugna.

2005 4153 2091 4208 ID.
2204 4156 2528 4230 Sagittarius
2550 4167 2760 4234 vesperi
2785 4167 3016 4232 occidit,
3045 4175 3342 4240 tempestas
3365 4187 3580 4242 aspera.

1927 4243 1968 4300 C
2004 4247 2112 4300 xvi.
2206 4249 2399 4306 Crater
2440 4255 2654 4324 vesperi
2699 4258 2874 4312 oritur
2899 4243 3354 4326 et,-commutatis
3381 4268 3580 4334 ventis,

2286 4353 2507 4413 superat
2534 4345 2752 4402 Auster.

2005 4445 2094 4483 xv.
2222 4430 2314 4486 Sol
2349 4435 2402 4488 in
2437 4437 2713 4506 piscibus,
2747 4439 2951 4495 hiemat
2985 4455 3099 4497 aer.

2004 4520 2114 4575 xiv.
2217 4521 2526 4594 Septentrio
2554 4527 2648 4582 ﬂat
2677 4545 2802 4584 cum
2833 4531 3055 4587 Austro.
3091 4531 3182 4588 Sol
3210 4550 3408 4594 novus.

2005 4610 2122 4666 xiii.
2206 4611 2372 4685 Virgo
2394 4618 2597 4674 occidit
2619 4620 2775 4689 juxta
2803 4619 3080 4678 Geminos.
3107 4624 3305 4682 Auster
3332 4626 3424 4682 ﬂat
3450 4644 3575 4686 cum

2283 4705 2524 4763 Favonio
2552 4720 2606 4764 et
2634 4710 2924 4780 Aquilone.

2001 4794 2098 4851 xii.
2211 4795 2317 4868 55
2345 4799 2518 4856 Malus
2562 4804 2777 4872 vesperi
2807 4804 3029 4862 occidit.
3061 4805 3336 4866 Favonius
3376 4812 3570 4882 spirat,

2283 4898 2337 4944 et
2367 4886 2533 4962 Virgo
2562 4895 2813 4950 occidere
2851 4897 2958 4952 inci
2964 4899 3064 4968 pit.

2001 4977 2076 5031 xi.
2193 4978 2503 5052 Septentrio
2530 4997 2582 5040 et
2605 4985 2804 5044 Auster
2824 4988 2956 5044 ﬂant
2992 5009 3004 5046 :
3043 4991 3217 5049 Malus
3240 4995 3568 5052 occultatur.

2198 5073 2399 5144 Aquilo
2432 5078 2715 5146 pluviosus
2750 5082 2944 5152 spirat.
2979 5082 3091 5140 Leo
3135 5086 3358 5142 occidit.
3395 5088 3570 5159 Aqui-

2281 5165 2434 5223 lones
2466 5167 2775 5226 Chelidonii
2799 5173 3054 5244 appellati
3075 5174 3367 5246 incipiunt,
3399 5186 3455 5232 et
3474 5195 3571 5248 per

2281 5260 2633 5323 quatriduum
2666 5261 2816 5316 ﬂant.
2847 5263 3183 5322 Hirundines
3210 5280 3494 5338 apparent.

1996 5342 2070 5398 ix.
2211 5347 2478 5406 Arcturus
2505 5352 2650 5406 circa
2675 5355 2905 5423 primam
2930 5357 3167 5427 vigiliam
3209 5359 3458 5414 occidere
3485 5375 3572 5414 In-

2275 5439 2427 5510 cipit,
2486 5441 2760 5501 Favonius
2818 5447 3011 5517 spirat,
3103 5464 3324 5522 noxque
3378 5451 3566 5507 nubila

2269 5533 2482 5588 exsistit
2497 5559 2515 5576 ο

1999 5619 2114 5677 viii.
2202 5619 2484 5694 Halcyonii
2513 5625 2763 5694 appellati
2791 5628 2928 5686 dies.

2202 5713 2379 5770 Corus
2415 5723 2469 5770 et
2496 5715 2694 5787 Aquilo
2723 5719 2886 5776 simul
2916 5721 3068 5776 ﬂant.

1993 5806 2068 5862 vi.
2200 5806 2476 5876 Aquarius
2501 5809 2634 5866 oriri
2664 5811 2876 5884 incipit,
2907 5822 2960 5870 et
2987 5815 3144 5885 pluit.

3210 5907 3290 5968 29
