4124 6400
477 497 532 535 v.
680 480 948 536 Arcturus
983 480 1213 552 emergit
1252 488 1306 535 et
1334 481 1491 551 pluit.

479 574 554 630 iv.
675 575 944 631 Arcturus
964 575 1142 630 oritur
1163 575 1458 630 matutino.

480 667 559 724 iii.
685 666 861 724 Malus
902 669 1116 739 vesperi
1149 667 1373 724 occidit.

480 776 566 816 ra.
682 759 958 817 Favonius
979 761 1086 817 late
1108 760 1301 832 spirat.
1332 758 1550 817 Vernus
1578 768 1663 818 est
1692 761 1831 818 dies.

1152 873 1392 929 XXVIII.

1101 987 1433 1048 MARTIUS.‘

478 1101 548 1161 Κ.
691 1104 894 1162 Auster
924 1111 981 1161 et
1013 1104 1239 1162 Africus
1270 1105 1434 1160 simul
1467 1106 1704 1177 spirant.

478 1196 554 1251 vi.
691 1194 1072 1252 Vindemiator
1094 1213 1359 1270 apparere
1382 1199 1596 1270 incipit.
1624 1199 1824 1270 Aquilo
1851 1199 2064 1273 gelidus

762 1287 873 1343 ﬂat.
908 1288 1177 1346 Arcturus
1219 1291 1420 1347 occidit
1451 1293 1749 1348 matutino.

478 1397 534 1436 v.
690 1379 801 1438 Aer
830 1381 1138 1450 nimbosus,
1197 1392 1252 1440 et
1312 1385 1472 1455 pluit.
1518 1385 1786 1443 Arcturus
1837 1388 2064 1461 emergit

761 1473 973 1530 elevato
1000 1473 1144 1540 Sole,
1173 1484 1226 1530 et
1251 1473 1346 1530 ﬂat
1370 1475 1590 1546 Aquilo.

481 1566 554 1621 iv.
687 1565 958 1621 Arcturus
997 1566 1252 1623 similiter
1279 1571 1526 1639 emergit.

482 1657 564 1710 iii.
687 1656 955 1713 Arcturus
984 1657 1224 1712 interdiu
1255 1659 1512 1729 emergit.

484 1762 570 1801 ra.
679 1746 878 1819 Aquilo
899 1746 1013 1814 ﬂat,
1046 1749 1360 1806 nubilosum
1395 1750 1625 1805 cmlum.

482 1837 643 1894 NON.
684 1840 873 1911 Equus
895 1841 1097 1896 occidit
1128 1843 1418 1908 matutino,
1449 1851 1502 1898 et
1526 1842 1617 1897 ﬂat
1640 1844 1860 1914 Aquilo.
1891 1844 2066 1904 Coro-
2093 1841 2136 1895 B
2167 1844 2240 1898 iv.

764 1946 836 1987 na
866 1933 1135 1987 matutino
1173 1934 1506 2000 occultatur,
1537 1949 1802 2005 aquarum
1826 1937 1893 1993 de
1925 1939 2067 1994 cmlo

765 2022 995 2093 pluvies.

696 2113 920 2169 Marinae
965 2129 1092 2170 aves
1137 2129 1404 2187 apparere
1445 2117 1740 2189 incipiunt.
1784 2119 1982 2190 Aquilo
2016 2131 2070 2177 et

768 2206 1182 2277 Septentriones
1211 2208 1364 2262 ﬂant.
1399 2206 1740 2280 Principium
1773 2209 1930 2268 Veris
1958 2223 2066 2271 est.

770 2296 863 2352 Sol
897 2297 1138 2354 Piscium
1161 2299 1449 2355 dimidium
1483 2302 1719 2357 obtinet.
1752 2301 1939 2374 Equus
1971 2321 2067 2362 oc-

770 2391 922 2446 cidit.

486 2481 580 2535 vii.
695 2479 892 2537 Milvus
933 2498 1197 2554 apparere
1241 2483 1456 2555 incipit,
1482 2482 1574 2540 ﬂat
1600 2484 1824 2554 Auster,
1860 2485 2067 2544 Piscis-

766 2590 873 2645 que
903 2574 958 2629 in
998 2587 1213 2647 tergore
1260 2578 1530 2631 matutino
1557 2579 1824 2632 occultari
1854 2579 2065 2649 incipit.

486 2665 562 2722 vi.
706 2665 895 2738 Equus
946 2670 1148 2723 OCCidll
1183 2670 1472 2725 matutino.
1526 2669 1721 2726 Milvus
1773 2686 1802 2724 a
1848 2672 2068 2727 sublimi

767 2759 1027 2817 deorsum
1064 2764 1258 2833 vergit.
1292 2761 1668 2818 Vindeiniator
1705 2764 1924 2818 occidit.
1961 2762 2070 2816 Ar-

769 2860 962 2910 cturus
979 2862 1156 2908 autem
1181 2857 1429 2926 emergit,
1448 2862 1500 2910 et
1517 2856 1726 2925 gelidus
1742 2854 1833 2909 ﬂat
1848 2855 2065 2925 Aquilo.

485 2960 542 3001 ν.
698 2942 908 3002 Hiemis
952 2948 1252 3012 abscessio,
1303 2955 1357 3003 et
1404 2948 1690 3018 Aquilonis
1738 2948 1804 3004 ad
1838 2946 2070 3018 Septen-

769 3037 979 3093 triones
1004 3039 1381 3094 commutatio.

488 3127 560 3182 iv.
707 3125 920 3184 Desinit
951 3127 1124 3184 Piscis
1152 3144 1182 3181 a
1216 3136 1430 3200 tergore
1463 3126 1688 3183 elevari.
1739 3124 2052 3198 Septentrio

770 3220 855 3275 vel
889 3221 1091 3275 Auster
1117 3218 1230 3273 ﬂat.

489 3313 571 3368 iii.
697 3311 845 3383 Argo
877 3312 1034 3366 navis
1059 3312 1285 3383 emergit
1316 3311 1550 3382 vesperi.
1577 3308 1852 3367 Favonius
1881 3319 1933 3366 et
1958 3311 2070 3366 Au-

772 3411 886 3460 ster
910 3403 1062 3467 llant,
1091 3411 1144 3458 et
1173 3405 1229 3457 in
1264 3402 1464 3459 Leonis
1489 3403 1664 3458 cauda
1691 3404 1896 3460 hiemat
1926 3405 2065 3460 dics.

487 3511 574 3552 ra.
688 3493 885 3566 Aquilo
916 3511 1012 3566 per
1039 3504 1213 3550 totum
1242 3494 1335 3548 ﬂat
1361 3495 1524 3550 diem.

489 3585 576 3643 ID.
689 3586 876 3658 Equus
907 3588 1129 3655 occidit,
1161 3595 1214 3643 et
1243 3587 1438 3657 Aquilo
1470 3586 1564 3640 [lat
1586 3584 1819 3657 gelidus.

489 3680 620 3736 xvii.
684 3680 778 3737 Sol
811 3681 866 3735 in
904 3680 1110 3736 Arietc.
1149 3678 1426 3734 Favonius
1466 3680 1572 3735 late
1603 3681 1800 3750 spirat.
1844 3677 2071 3734 Ciconia

773 3783 1016 3844 apparet,
1051 3781 1105 3828 et
1135 3787 1284 3827 mare
1317 3773 1661 3828 transmittit.

489 3867 600 3922 xvi.
697 3863 1080 3920 lnconstantes
1111 3864 1282 3919 venti.
1326 3865 1528 3934 Aquilo
1559 3866 1753 3934 spirat.

488 3973 580 4014 xv.
691 3957 890 4013 Auster
916 3955 1029 4012 ﬂat.
1059 3955 1255 4011 Milvus
1283 3955 1524 4012 diluculo
1547 3965 1786 4027 apparet.

490 4050 602 4102 xiv.
693 4048 891 4118 Aquilo
920 4062 1148 4102 serenus
1179 4047 1383 4118 spirat.

489 4141 608 4196 xiii.
684 4138 874 4210 Equus
905 4139 1105 4195 occidit
1145 4138 1432 4193 matutino.
1466 4137 1666 4210 Aquilo
1698 4139 1783 4194 vel
1835 4138 2068 4211 Septen-

775 4232 880 4287 trio
911 4230 1022 4284 ﬂat.

490 4323 586 4376 xii.
679 4321 838 4378 Aries
867 4323 921 4377 in
951 4321 1093 4376 latus
1115 4321 1364 4392 emergit.
1396 4320 1542 4376 Pluit
1571 4329 1666 4376 aut
1707 4322 1904 4394 ningit.

488 4418 566 4472 xi.
681 4415 890 4471 Cancer
919 4425 1132 4487 tergore
1157 4417 1356 4472 oritur.
1390 4416 1592 4473 Auster
1619 4416 1733 4471 ﬂat.

489 4526 548 4565 x.
676 4509 1113 4581 Equinoctium,
1147 4512 1305 4582 pluit,
1330 4511 1605 4565 interdum
1638 4519 1812 4566 tonat.

490 4601 565 4654 ix.
677 4601 1086 4672 Septentriones
1127 4612 1182 4657 et
1210 4602 1408 4674 Aquilo
1429 4601 1579 4656 ﬂant.
1624 4599 1816 4672 Equus
1874 4601 2076 4657 occidit

773 4697 1062 4751 matutino.

694 4785 885 4844 Pisces
920 4798 1134 4858 tergore
1173 4793 1484 4858 emergunt,
1535 4787 1628 4842 nix
1689 4787 1864 4843 imbre
1909 4785 2074 4842 mista

775 4878 942 4932 cadit.
974 4879 1132 4933 Aries
1163 4878 1430 4932 matutino
1465 4878 1696 4948 emergit
1727 4892 1853 4933 cum
1907 4877 2069 4943 mari,

783 4970 1017 5024 turbatio
1047 4969 1213 5024 aeris.
1859 4965 1864 4968 ’

489 5064 586 5119 vii.
677 5061 1090 5134 IEquinoctium
1149 5076 1400 5127 vernum,
1463 5060 1624 5130 pluit,
1673 5059 1953 5115 interdum
2015 5067 2070 5114 et

773 5164 949 5211 tonat.

491 5253 567 5310 vi.
710 5251 833 5306 Nox
866 5259 922 5305 et
949 5249 1066 5306 dies
1092 5248 1329 5320 aequales
1358 5246 1650 5303 exsistunt.

492 5363 547 5402 v.
693 5341 956 5414 Scorpius
999 5343 1202 5398 occidit
1229 5359 1242 5396 :
1267 5340 1560 5395 vehemens
1591 5337 1683 5392 ﬂat
1708 5344 1926 5404 ventus,
1957 5337 2077 5406 plu-

775 5434 1005 5504 viasque
1032 5447 1153 5487 cum
1191 5432 1490 5487 tonitribus
1512 5429 1857 5484 commiscet.

493 5521 569 5578 iv.
713 5521 977 5593 Scorpius
1005 5520 1223 5576 occidit.
1273 5518 1584 5590 Septentrio
1621 5516 1714 5571 ﬂat
1755 5516 1998 5588 pluvius.

495 5611 577 5667 iii.
707 5613 908 5669 Auster
927 5610 1022 5666 ﬂat
1053 5618 1108 5667 et
1138 5613 1296 5681 pluit.

493 5714 583 5758 η..
691 5701 991 5760 Ventorum
1021 5703 1306 5775 procellae;
1339 5710 1390 5758 et
1425 5717 1565 5774 saepe
1595 5701 1753 5774 pluit.

1204 5793 1388 5850 XXXI.

485 2112 599 2167 viii.

490 4787 603 4842 viii.

1501 358 1595 416 AD
1633 358 1903 419 EUSEBII
1933 359 2336 421 CHRONICON
2370 363 2752 422 APPENDIX.

2088 493 2138 551 A

2047 3243 2050 3246 ,
2097 3176 2143 3239 C

2102 4522 2227 4579 Dv.

3639 365 3747 425 908

2803 504 3097 562 APRILIS.

2160 641 2228 697 K;
2377 644 2640 716 Scorpius
2662 643 2904 699 occidit:
2945 641 3038 698 Sol
3070 642 3177 698 diei
3211 649 3421 714 partem
3453 656 3617 697 unam
3647 641 3746 698 ad-

2451 737 2552 792 dit.
2578 736 2863 807 Aquilonis
2893 734 3022 790 ﬂatu
3043 734 3366 790 nebulosum
3399 742 3482 789 est
3510 735 3742 789 caelum:

2444 827 2700 898 Vergiliae
2729 825 2864 880 oriri
2906 832 2960 880 et
3000 823 3416 895 praesigniﬁcari
3453 823 3741 894 incipiunt.

2163 940 2234 978 iv.
2374 919 2687 975 Nebulostls
2719 933 2815 973 aer
2842 931 2940 988 per
2974 930 3165 972 omnes
3194 922 3391 972 terras.

2164 1014 2245 1068 iii.
2369 1009 2621 1082 Vergiliae
2649 1007 2909 1064 occidunt
2954 1007 3288 1078 vespertino.

2164 1121 2250 1160 rn.
2363 1101 2484 1157 Flat
2521 1101 2766 1157 Africus.

2163 1195 2326 1252 NON.
2374 1195 2651 1252 Favonius
2676 1194 2872 1266 spirat.

2163 1291 2278 1347 viii.
2372 1289 2592 1346 Suculae
2615 1296 2903 1362 emergunt
2935 1307 2949 1344 :
2984 1288 3289 1360 pluviaeque
3319 1287 3387 1341 ab
3412 1285 3617 1342 Austro
3649 1286 3748 1342 de-

2446 1381 2762 1438 volvuntur.

2165 1474 2260 1528 vii.
2343 1474 2570 1529 ~Auster
2607 1473 2720 1538 ﬂat,
2751 1481 2804 1528 et
2825 1471 3191 1544 Vergiliarum
3222 1470 3492 1540 reliquum
3524 1470 3745 1526 occidit.

2165 1568 2240 1621 vi.
2379 1565 2655 1631 Favonius
2697 1565 2830 1620 ﬂare
2881 1565 3073 1636 incipit
3134 1563 3405 1617 matutino
3448 1581 3461 1618 :
3496 1561 3749 1634 Vergilia

2449 1658 2724 1713 occidunt.

2167 1767 2222 1806 v.
2364 1748 2647 1805 Australes
2676 1747 2948 1819 procellae.

2377 1842 2576 1913 Aquilo
2605 1839 3042 1915 vehemensﬂat,
3078 1837 3277 1912 vesper
3301 1847 3388 1896 est
3431 1836 3742 1912 pluviosus.

2169 1935 2250 1991 iii.
2378 1931 2585 2003 Frigidi
2613 1931 2746 1986 ﬂant
2775 1931 2945 1998 venti,
2976 1941 3031 1987 et
3061 1931 3220 2002 pluit.

2169 2043 2254 2081 ra.
2377 2025 2593 2081 Suculas
2616 2024 2990 2080 occultantur.

2168 2119 2256 2176 ID.
2369 2119 2568 2190 Aquilo
2596 2086 2712 2183 ﬂ‘at,
2745 2132 2979 2188 parvum
3009 2133 3252 2189 praesepe
3279 2118 3545 2173 exoritur.

2170 2212 2319 2270 xviii.
2369 2212 2681 2267 Obscurum
2713 2218 2945 2278 astrum,
2979 2220 3034 2266 et
3061 2212 3232 2275 venti,
3269 2219 3322 2266 et
3352 2212 3576 2268 imbres.

2168 2306 2298 2362 xvii.
2379 2304 2594 2360 Suculae
2621 2303 2879 2360 occidunt
2910 2302 3134 2375 :frigidi
3153 2303 3366 2374 spirant
3395 2305 3543 2362 venti
3569 2325 3583 2361 :
3615 2303 3748 2362 Per-

2448 2412 2577 2452 seus
2597 2397 2793 2452 oritur.

2169 2488 2280 2544 xvi.
2387 2487 2602 2543 Suculze
2630 2487 2890 2543 occidunt
2925 2501 2940 2542 :
2973 2487 3146 2556 spirat
3174 2485 3470 2546 Favonius.

2169 2598 2258 2637 xv.
2385 2581 2480 2635 Sol
2512 2583 2564 2636 in
2595 2580 2780 2635 Tauro
2813 2619 2830 2647 ,
2867 2579 3084 2635 Suculas
3105 2582 3480 2639 occultantur.

2169 2674 2280 2729 xiv.
2377 2673 2599 2729 Africus
2620 2672 2732 2729 ﬂat.

2169 2764 2287 2820 xiii.
2368 2762 2584 2819 Suculas
2610 2763 2828 2834 penitus
2853 2760 3133 2826 occidunt.
3148 2760 3370 2820 Africus
3391 2761 3488 2821 ﬂat
3511 2761 3746 2835 vesperi.

2169 2855 2266 2909 xii.
2380 2854 2655 2911 Favonius
2689 2858 2879 2926 spirat.

2170 2945 2246 3000 xi.
2381 2944 2548 2999 Tauri
2583 2956 2747 3016 caput
2776 2947 2978 3001 occidit
3009 2955 3063 3003 et
3088 2945 3244 3015 pluit.

2170 3053 2226 3094 x.
2382 3037 2633 3108 Vergiliae
2663 3039 2990 3093 exoriuntur
3027 3059 3039 3094 :
3076 3037 3354 3092 Favonius
3381 3037 3570 3108 spirat.

2173 3129 2250 3187 ix.
2388 3128 2635 3184 Fidicula
2664 3131 2812 3184 circa
2843 3130 3072 3200 primam
3097 3129 3270 3184 facem
3298 3138 3540 3200 apparet.

2172 3221 2286 3275 viii.
2382 3219 2625 3276 Fidicula
2655 3222 2919 3286 cernitur,
2953 3228 3009 3276 et
3041 3222 3200 3292 pluit.

2168 3312 2264 3367 vii.
2385 3311 2637 3384 Praesepe
2666 3315 2894 3386 emergit
2925 3332 2940 3370 :
2970 3314 3173 3369 desinit
3203 3311 3329 3370 Ver.

2168 3403 2242 3458 vi.
2386 3404 2601 3458 Sucula:
2627 3407 2842 3476 penitus
2866 3405 3144 3471 occidunt,
3169 3412 3226 3462 et
3254 3403 3415 3461 Veris
3439 3405 3745 3462 conversio.

2170 3511 2226 3550 v.
2383 3495 2491 3568 56
2529 3496 2726 3551 Auster
2755 3497 2868 3550 ﬂat.

2172 3587 2245 3642 iv.
2381 3587 2641 3642 Austrina
2670 3587 2809 3652 dies,
2843 3596 2896 3642 et
2925 3587 3128 3659 pluvia.

2173 3679 2251 3734 iii.
2388 3678 2545 3735 Haedi
2574 3680 2828 3735 oriuntur
2861 3698 2874 3735 :
2906 3681 3108 3735 Auster
3135 3677 3228 3733 ﬂat
3257 3678 3550 3735 matutino.

2173 3787 2258 3827 ra.
2377 3772 2544 3828 Canis
2590 3773 2902 3827 occultatur
2938 3773 3157 3842 vesperi
3196 3787 3211 3825 :
3263 3786 3358 3827 aer
3393 3771 3753 3828 conturbatur

2458 3864 2529 3921 ab
2559 3863 2784 3932 Austro,
2819 3872 2874 3920 et
2914 3862 3114 3934 Aquilo
3147 3877 3207 3918 se
3237 3862 3400 3919 simul
3433 3861 3751 3934 permiscet.

2881 3996 3049 4054 XXX.

2848 4156 3081 4213 MAIUS.

2173 4319 2238 4374 li.
2384 4317 2550 4373 Canis
2578 4317 2907 4378 occultatur,
2938 4327 3093 4368 rores
3120 4310 3481 4367 descendunt.

2175 4415 2250 4468 vi.
2387 4409 2601 4464 Suculae
2628 4423 2749 4464 cum
2783 4405 2909 4460 Sole
2938 4405 3211 4461 oriuntur.

2389 4501 2698 4557 Centaurus
2741 4507 2968 4570 apparet
3007 4505 3155 4550 totus
3194 4515 3208 4550 :
3245 4494 3520 4550 Favonius
3558 4494 3754 4564 spirat.

2178 4595 2249 4648 iv.
2392 4591 2654 4661 Scorpius
2697 4605 2917 4644 sursum
2958 4588 3182 4657 emergit
3227 4585 3470 4656 :Aquilo
3510 4582 3603 4638 ﬂat
3647 4602 3660 4637 :
3699 4591 3757 4638 et

2459 4698 2610 4738 rores
2637 4682 2861 4736 cadunt.

2177 4777 2260 4834 iii.
2389 4773 2633 4829 Fidicula
2663 4773 2839 4829 oritur
2869 4770 3156 4825 matutino.

2176 4885 2265 4924 ra.
2392 4865 2685 4920 Dimidium
2722 4863 3040 4934 Scorpionis
3073 4859 3292 4916 occidit.

2175 4956 2337 5014 NON.
2393 4955 2645 5026 Vergiliae
2685 4955 2942 5010 oriuntur
2967 4951 3258 5017 matutino,
3287 4957 3342 5006 et
3376 4949 3548 5021 spirat
3579 4945 3735 5005 Favi:

2459 5049 2606 5104 nius.

2177 5144 2290 5199 viii.
2382 5139 2718 5210 Principium
2745 5138 2952 5194 aestatis
2985 5156 3000 5193 :
3031 5135 3307 5192 Favonius
3335 5133 3614 5206 pmvalet.

2176 5238 2269 5292 vii.
2391 5234 2590 5289 Eodem
2626 5232 2719 5286 ﬂat
2747 5231 2910 5286 modo
2939 5229 3232 5284 Favonius.

2178 5331 2248 5386 vi.
2393 5325 2634 5382 Fidicula
2670 5327 2866 5380 oritur.
2899 5323 3116 5378 Suculte
3145 5319 3421 5376 occidunt.
3458 5316 3627 5372 Tauri
3661 5331 3745 5371 cs-

2459 5430 2554 5489 put
2581 5424 2826 5488 apparet.

2175 5534 2228 5572 v.
2386 5513 2635 5584 Vergiliae
2666 5516 2947 5580 apparent.

2178 5611 2250 5664 iv.
2388 5606 2640 5677 Vergiliae
2670 5606 2940 5660 oriuntur.
2979 5600 3178 5655 Auster
3215 5597 3327 5653 ﬂat.

2178 5703 2257 5756 iii.
2392 5698 2609 5754 Sucula:
2639 5695 2916 5752 occidunt.
2951 5692 3194 5772 Austrini
3227 5697 3355 5746 sunt
3379 5687 3562 5746 ﬂatus.

2180 5807 2264 5848 ru.
2399 5788 2657 5860 Scorpius
2679 5783 2900 5851 occidit,
2932 5791 2984 5839 et
3001 5779 3250 5838 Fidicula
3269 5780 3446 5838 oritur
3467 5775 3764 5836 matutino.
