4124 6400
313 358 419 414 909

313 473 404 531 ID.
530 471 738 528 Cancer
761 471 1006 527 exoritur
1041 488 1054 523 :
1085 480 1138 527 et
1165 471 1259 527 ﬂat
1282 471 1502 528 Auster.

313 566 450 622 xvii.
525 563 743 622 Initium
773 565 1000 621 aestatis.

312 659 425 714 xvi.
525 656 794 730 Procyon,
836 672 1001 729 quam
1040 655 1263 728 quidam
1300 655 1609 712 caniculam
1658 661 1880 719 vocant,

598 749 821 806 occidit.

529 839 620 896 Sol
651 841 706 896 in
733 839 994 896 Geminis.

532 932 730 988 Auster
754 931 849 986 ﬂat
879 932 1110 1003 vesperi.

520 1020 735 1077 Suculae
757 1022 1027 1089 oriuntur,
1052 1030 1105 1078 et
1134 1020 1226 1076 ﬂat
1258 1022 1484 1093 Aquilo.

311 855 404 896 ιν.

311 933 426 988 xiv.

310 1022 427 1078 xiii.

308 1114 409 1169 xii.
529 1115 796 1170 Arcturus
819 1113 1039 1178 occidit,
1068 1129 1268 1184 aerque
1295 1112 1682 1169 conturbatur.

307 1205 386 1260 xi.
534 1203 862 1278 Sagittarius
889 1205 1110 1272 occidit,
1141 1214 1195 1261 et
1220 1206 1314 1260 ﬂat
1335 1205 1555 1262 Auster.

307 1311 366 1350 x.
519 1294 732 1351 Gemini
761 1296 1104 1364 exoriuntur,
1137 1305 1192 1353 et
1219 1297 1435 1367 Aquila.

307 1387 384 1443 ix.
521 1386 736 1442 Suculas
767 1388 901 1444 oriri
931 1389 1217 1460 incipiunt,
1251 1396 1306 1445 et
1338 1388 1496 1460 pluit.

305 1479 426 1534 viii.
516 1478 736 1549 Capella
765 1481 941 1535 oritur
971 1481 1260 1546 matutino,
1303 1495 1353 1535 et
1382 1479 1477 1534 ﬂat
1501 1480 1725 1551 Aquilo.

304 1568 402 1622 vii.
527 1567 740 1626 Taurus
759 1569 978 1624 occidit.
1000 1569 1200 1626 Auster
1213 1578 1267 1626 et
1279 1569 1478 1640 Aquilo
1504 1569 1654 1626 ﬂant.

305 1661 381 1718 vi.
519 1661 718 1716 Auster
745 1660 936 1732 spirat.

304 1769 360 1809 v.
523 1751 768 1807 Fidicula
800 1751 976 1807 oritur
1003 1752 1275 1807 matutino
1307 1768 1321 1808 :
1350 1765 1405 1807 et.
1425 1752 1626 1810 Auster
1654 1753 1769 1809 ﬂat.

305 1842 380 1898 iv.
517 1841 726 1898 Auster
751 1842 1042 1898 vehemens
1075 1841 1190 1896 ﬂat.

306 1937 386 1993 iii.
515 1933 768 2008 Vergilias
791 1935 1134 2001 exoriuntur,
1174 1934 1382 1992 imbres
1423 1951 1547 1992 cum
1588 1937 1879 1997 tonitribus

589 2029 747 2086 ﬁunt.

306 2135 394 2179 rs.
517 2120 836 2192 Tempestas
899 2137 1126 2193 aspera,
1169 2123 1374 2180 hiemat
1421 2139 1515 2179 aer
1566 2143 1580 2179 :

594 2215 808 2284 vesperi
833 2214 1075 2270 tonitrua
1105 2224 1538 2271 commoventur.

980 2327 1174 2383 XXXI.

957 2437 1222 2495 JUNIUS.

303 2549 368 2609 Κ.
520 2548 734 2606 Suculas
762 2559 888 2607 tota!
923 2563 1208 2626 emergunt
1241 2573 1253 2608 :
1291 2553 1490 2611 Auster
1522 2553 1638 2609 ﬂat.

301 2643 376 2699 iv.
515 2645 713 2714 Aquilo
757 2646 1003 2702 exoritur
1048 2665 1062 2702 :
1117 2649 1261 2704 aeris
1317 2656 1639 2719 tempestas,
1682 2657 1738 2702 et
1785 2647 1878 2703 ﬂat

586 2735 880 2794 Favonius.

302 2829 382 2885 iii.
521 2829 805 2888 Australes
833 2831 1084 2903 procellae
1112 2847 1237 2887 cum
1267 2831 1544 2887 tonitruis.

303 2941 391 2982 pa.
516 2924 717 2981 Auster
747 2924 869 2992 ﬂat,
905 2935 957 2982 et
985 2927 1143 2998 pluit.

300 3013 466 3074 NON.
522 3016 717 3088 Aquilo
750 3019 1000 3074 exoritur
1032 3036 1048 3086 ;
1087 3018 1186 3072 ﬂat
1219 3024 1427 3083 auster,
1461 3023 1514 3072 et
1545 3015 1702 3086 pluit.

301 3110 419 3164 viii.
514 3110 710 3181 Aquilo
740 3110 852 3178 ﬂat,
883 3117 935 3166 ct
967 3111 1126 3182 pluit.

301 3202 400 3258 vii.
509 3201 777 3259 Arcturus
805 3205 1004 3260 occidit
1031 3203 1299 3258 matutino
1329 3222 1341 3256 :
1372 3199 1648 3258 ἢποηὶυε
1679 3199 1873 3272 spirat.

301 3296 377 3350 vi.
525 3294 824 3367 Delphinus
856 3311 1132 3367 emergere
1179 3297 1368 3366 incipit
1406 3317 1419 3350 :
1463 3297 1732 3350 Arcturus
1783 3307 1881 3348 oc-

588 3389 742 3443 cidit.
1142 3393 1150 3404 ‘

301 3494 358 3534 v.
520 3476 718 3548 Aquilo
755 3477 868 3544 ﬂat,
901 3485 958 3534 et
989 3477 1201 3534 modice
1229 3479 1389 3550 pluit.

302 3571 378 3626 iv.
506 3569 797 3628 Pluviosus
847 3587 940 3629 aer
978 3587 1102 3628 cum
1149 3571 1426 3641 tonitruis,
1484 3577 1540 3627 et
1604 3568 1879 3625 Australis

587 3665 726 3722 dies.

302 3759 386 3814 iii.
517 3757 912 3816 Turbulentum
943 3758 1143 3814 caelum
1169 3772 1296 3812 cum
1326 3755 1608 3814 tonitruis.

303 3869 392 3910 ra.
523 3849 796 3907 Favonius
822 3851 909 3907 vel
937 3850 1112 3906 Corus
1133 3848 1247 3912 ﬂat,
1273 3853 1329 3904 et
1355 3856 1528 3902 tonat.

303 3945 395 4002 ω.
523 3944 821 4017 Delphinus
857 3943 1086 4015 emergit
1116 3960 1130 3997 :
1163 3941 1362 3997 Auster
1391 3938 1504 3996 ﬂat.

304 4038 461 4096 xviii.
515 4037 735 4094 Orionis
799 4035 1012 4092 humeri
1093 4034 1383 4090 elevantur
1412 4074 1430 4104 ,
1481 4039 1537 4089 et
1608 4031 1880 4105 principia

586 4130 816 4187 aestatis.

303 4222 436 4280 xvii.
517 4221 827 4278 Obscurum
846 4226 1076 4276 astrum.
1106 4216 1382 4275 Favonius
1410 4222 1465 4272 et
1487 4215 1690 4272 Auster
1718 4214 1876 4272 ﬂant.

304 4317 417 4373 xvi.
519 4315 676 4372 Aeris
711 4321 1003 4385 tempestas
1033 4320 1088 4370 et
1119 4310 1399 4383 Aquilonii
1431 4309 1612 4365 ﬂatus.

304 4424 394 4464 xv.
519 4404 792 4462 Favonius
817 4421 939 4462 cum
973 4405 1176 4460 Austro
1207 4404 1398 4474 spirat.
1427 4400 1646 4458 Orionis
1664 4396 1878 4456 humeri

586 4505 871 4570 apparent.

527 4589 620 4648 Sol
651 4591 710 4647 in
739 4591 971 4648 Cancro.
999 4587 1171 4645 Orion
1197 4586 1442 4644 exoritur
1465 4585 1752 4641 matutino.

303 4687 423 4742 xiii.
517 4683 716 4740 Auster
751 4689 806 4740 et
825 4681 1098 4740 Favonius
1129 4679 1283 4747 ﬂant,
1309 4680 1448 4750 pluit
1471 4685 1526 4736 et
1555 4684 1732 4734 tonat.

303 4780 403 4836 xii.
513 4776 895 4850 Serpentarius
925 4775 1128 4832 occidit
1156 4774 1454 4830 matutino.

305 4873 379 4926 xi.
519 4871 720 4927 Auster
740 4883 866 4926 cum
889 4868 1160 4940 Aquilone
1185 4866 1380 4937 spirat.

305 4979 361 5021 x.
515 4963 751 5021 Exortus
780 4961 1022 5018 Orionis.

304 5056 378 5111 ix.
515 5052 750 5108 Obscuri
778 5052 913 5108 astri
949 5059 1193 5116 exortus,
1232 5056 1290 5106 et
1323 5049 1568 5105 calorum
1611 5047 1872 5104 intentio.

301 5149 398 5204 viii
521 5145 768 5202 Estivus
804 5143 993 5211 cardo,
1032 5151 1087 5200 et
1133 5149 1514 5199 momentanea
1557 5141 1702 5198 aeris
1748 5154 1881 5210 per-

460 5300 462 5302 τ
589 5239 850 5295 turbatio.

303 5331 400 5386 vii.
510 5329 730 5388 Africus
765 5337 821 5386 et
846 5327 1121 5387 Favonius
1147 5328 1311 5386 simul
1337 5329 1574 5400 spirant.

302 5424 380 5477 vi.
521 5421 847 5478 Brevissima
870 5437 999 5477 nox.
1025 5421 1194 5476 Orion
1216 5423 1480 5476 exoritur.

302 5530 358 5568 v.
529 5511 674 5569 Pluit
701 5514 932 5585 vesperi.
963 5511 1132 5569 Canis
1156 5527 1416 5583 apparere
1438 5511 1646 5584 incipit.

303 5603 380 5660 iv.
521 5603 822 5661 Ventorum
848 5603 1158 5662 conﬂictus.

303 5697 386 5754 iii.
527 5697 696 5754 Canis
734 5699 977 5756 exoritur
1006 5699 1295 5758 matutino.
1320 5697 1486 5772 Zona
1511 5697 1732 5757 Orionis
1770 5712 1868 5769 ap-

594 5797 749 5861 paret
766 5839 771 5879 _.

1641 2123 1878 2196 ingentia

304 4595 415 4650 xiv.

1388 349 1888 424 proauiae
1923 323 2405 413 irruamus.

1908 475 1953 532 Α
1981 487 2066 528 nn.

1911 1822 1956 1878 B
1983 1820 2074 1875 vii.

1901 4509 2036 4572 Dv.

3449 339 3555 398 910

2182 475 2449 529 Arcturus
2493 471 2695 528 occidit
2739 469 3030 534 matutino,
3065 473 3121 522 et
3165 459 3308 518 aeris
3353 459 3552 514 intem-

2261 567 2458 636 peries.

2679 676 2848 752 xxx.

2632 785 2893 844 JULIUS.

1982 902 2050 959 K.
2197 904 2303 976 57
2334 904 2439 960 Aer
2478 903 2546 959 ab
2577 903 2846 974 Aquilone
2871 899 3249 955 conturbatur.

1981 997 2058 1052 vi.
2198 998 2504 1053 Obscurum
2530 1005 2736 1052 astrum
2758 1014 2770 1049 :
2791 994 2990 1048 Auster
3017 990 3130 1053 ﬂat,
3149 989 3236 1044 vel
3251 983 3547 1058 .Favonius.

1981 1104 2034 1143 v.
2196 1087 2460 1144 Austrina
2495 1087 2635 1152 dies,
2669 1096 2723 1142 et
2751 1082 3096 1141 conturbatio
3123 1081 3286 1136 aeris.

1982 1181 2057 1236 iv.
2201 1180 2368 1236 Orion
2414 1182 2697 1249 exoritur,
2739 1177 2964 1234 Ciconia
3002 1175 3236 1238 occidit,
3285 1180 3338 1228 et
3375 1172 3550 1227 Favo-

2263 1275 2387 1330 nius
2416 1275 2591 1346 spirat

1982 1367 2060 1422 iii.
2199 1365 2432 1422 Medium
2457 1367 2654 1422 Cancri
2682 1373 2946 1423 exoritur.

1984 1475 2070 1515 ru.
2183 1460 2380 1516 Etesia':
2416 1460 2571 1526 ﬂant,
2604 1467 2657 1514 et
2684 1474 2807 1514 cum
2834 1457 3036 1512 Austro
3069 1452 3387 1525 Aquilones.

1981 1543 2142 1605 NON.
2188 1548 2405 1606 Corona
2442 1549 2644 1606 occidit
2673 1548 2941 1603 matutino
2977 1562 2990 1596 :
3024 1544 3117 1597 ﬂat
3146 1548 3364 1596 Auster.

1981 1640 2098 1694 viii.
2200 1641 2447 1711 Cepheus
2487 1641 2753 1704 exoritur,
2781 1645 2837 1694 et
2864 1635 3124 1692 Austrina
3157 1632 3302 1687 aeris
3333 1635 3549 1700 pertur-

2261 1733 2428 1788 batio.

2193 1822 2362 1878 Orion
2393 1831 2542 1882 totus
2570 1823 2814 1895 emergit.
2843 1824 3042 1878 Auster
3069 1820 3180 1874 ﬂat.

1981 1912 2056 1966 vi.
2179 1913 2496 1970 Etesiarum
2526 1917 2802 1987 prodromi
2831 1915 2992 1970 ﬂatus
3015 1915 3244 1984 spirant.

1979 2021 2035 2070 v,
2195 2007 2399 2064 Imbres
2428 2023 2553 2063 cum
2582 2008 2898 2074 tonitribus,
2929 2006 3022 2062 ﬂat
3052 2007 3268 2078 Aquilo.

1982 2114 2057 2153 tv.
2169 2097 2337 2155 Orion
2371 2108 2519 2157 totus
2544 2101 2720 2156 oritur
2750 2101 3039 2163 matutino,
3063 2109 3116 2156 et
3146 2099 3426 2170 prodromi
3456 2099 3544 2154 in-

2261 2193 2542 2250 valescunt
2567 2193 2751 2250 ﬂatus.

1979 2279 2055 2333 iii.
2193 2281 2412 2340 Africus
2441 2284 2534 2339 ﬂat
2567 2285 2934 2340 turbulentus.

1981 2386 2065 2424 pn.
2190 2375 2387 2445 Aquilo
2414 2374 2527 2430 ﬂat.

1978 2461 2068 2516 ιο.
2195 2465 2452 2522 Canicula
2487 2469 2749 2524 exoritur.
2785 2469 2980 2524 Etesize
3011 2469 3373 2523 invalescunt.

1979 2555 2128 2610 xviii.
2195 2555 2362 2612 Orion
2400 2561 2662 2628 exoritur,
2690 2568 2745 2616 et
2776 2562 3046 2618 violentus
3072 2561 3164 2614 ﬂat
3188 2559 3407 2631 Aquilo.

1978 2651 2088 2706 xvi.
2186 2650 2419 2708 Estatis
2449 2653 2758 2719 dimidium,
2787 2663 2840 2708 et
2861 2653 2976 2709 dies
3001 2651 3288 2722 Aquilonis
3317 2649 3445 2704 ﬂatu
3478 2649 3554 2703 al-

2259 2745 2489 2816 gentior.

1978 2849 2066 2889 xv.
2193 2827 2468 2889 Favonius
2497 2842 2552 2890 et
2582 2832 2854 2889 interdum
2887 2832 3086 2890 Auster
3120 2834 3353 2905 spirant.
3383 2834 3550 2890 Canis

2257 2929 2431 2982 oritur
2460 2929 2750 2992 matutino,
2803 2935 2858 2982 et
2901 2928 3086 2982 etesia:
3132 2929 3368 2999 amplius
3396 2928 3550 2982 inva-

2256 3020 2488 3075 lescunt.

1980 3111 2090 3166 xiv.
2197 3109 2368 3166 Orion
2400 3113 2663 3168 exoritur.
2694 3110 2867 3170 Corus
2898 3111 3012 3178 ﬂat,
3044 3119 3301 3184 totusque
3328 3122 3552 3184 apparet

2262 3205 2452 3261 Orion.

2197 3293 2288 3350 Sol
2313 3295 2368 3349 in
2396 3294 2597 3353 Leone.
2613 3296 2791 3352 Corus
2811 3297 3002 3366 spirat,
3025 3295 3260 3352 etCanis
3285 3299 3550 3355 exoritur.

2194 3383 2393 3443 Etesiaa
2420 3399 2545 3440 cum
2587 3385 2710 3442 aliis
2736 3386 2914 3442 ventis
2944 3399 3042 3454 per
3073 3399 3242 3440 unum
3271 3395 3326 3443 et
3361 3387 3550 3459 viginti

2259 3479 2392 3534 ﬂant
2413 3480 2552 3535 dies.

1979 3569 2056 3625 xi.
2183 3570 2467 3629 Prodromi
2498 3575 2660 3634 ﬂatus
2692 3578 2798 3634 late
2827 3579 3060 3650 spirant.

1983 3677 2036 3715 x.
2180 3661 2390 3720 Cancer
2421 3674 2571 3723 totus
2603 3683 2727 3723 cum
2749 3651 2938 3727 Leone
2968 3671 3236 3737 exoritur,
3268 3677 3323 3727 et
3353 3669 3551 3741 Aquila

1981 3293 2100 3350 xiii.

1983 3385 2077 3440 xii.

2260 3756 2485 3814 occidit.

1980 3847 2056 3903 ix.
2191 3848 2302 3907 Leo
2336 3867 2460 3906 cum
2490 3851 2616 3910 Sole
2646 3856 2892 3911 exoritur
2925 3865 2980 3914 et
3009 3855 3174 3914 Cane.
3209 3857 3420 3914 Cancer
3449 3855 3540 3910 de.

2262 3943 2496 4002 scendit.

2196 4034 2410 4092 Gemini
2458 4039 2706 4095 occidere
2755 4041 3047 4112 incipiunt.
3091 4043 3256 4100 Canis
3297 4047 3546 4118 emergit,

2261 4135 2314 4183 et
2343 4126 2589 4184 Austrini
2622 4138 2750 4186 sunt
2777 4131 2960 4188 ﬂatus.

1979 4217 2072 4272 vii.
2181 4219 2368 4291 Caligo
2395 4236 2648 4278 arenosa.
2674 4223 2870 4293 Aquila
2899 4225 3121 4292 occidit,
3147 4225 3256 4282 Leo
3278 4229 3545 4292 exoritur,

2258 4313 2352 4368 ﬂat
2381 4314 2602 4371 Auster.

1979 4407 2053 4463 vi.
2189 4408 2528 4464 Canicularis
2559 4417 2745 4466 aestus.

2193 4497 2555 4556 Vehementes
2574 4501 2804 4556 calores.
2829 4499 3024 4558 Etesize
3047 4503 3292 4560 valenter
3317 4504 3547 4576 spirant.

1979 4595 2055 4651 iv.
2191 4593 2398 4651 Lucida
2455 4595 2611 4651 stella
2667 4595 2720 4650 in
2762 4593 2962 4652 Leonis
3018 4604 3239 4667 pectore
3282 4599 3544 4659 exoritur.

2256 4687 2456 4759 Aquilo
2486 4687 2699 4760 gelidus
2726 4695 2953 4759 propter
2980 4695 3194 4744 mstum.
3228 4725 3234 4731 -

1977 4780 2057 4836 iii.
2182 4779 2541 4837 Autumnales
2558 4780 2770 4838 fructus
2788 4797 3053 4852 apparere
3075 4781 3358 4855 incipiunt.
3378 4783 3548 4856 Aqui-

2259 4870 2310 4924 la
2333 4869 2537 4925 occidit
2567 4872 2854 4937 matutino,
2885 4887 3088 4944 aerque
3115 4873 3369 4931 turbidus
3397 4871 3477 4930 ﬂt.

1978 4978 2066 5017 ra.
2189 4961 2392 5019 Auster
2421 4976 2548 5017 cum
2581 4961 2770 5019 Africo
2801 4963 2965 5020 simul
2994 4964 3224 5036 spirant.

2667 5096 2860 5152 XXXI.

2562 5209 2956 5268 AUGUSTUS.

1980 5328 2048 5383 K.
2194 5329 2392 5401 Aquila
2427 5326 2628 5384 occidit
2656 5327 2948 5392 matutino,
2983 5324 3078 5380 ﬂat
3117 5324 3358 5395 Africus,
3388 5339 3550 5383 aren-

2261 5430 2345 5476 tes
2378 5428 2508 5475 sunt
2523 5428 2712 5474 ωειυε.

1981 5513 2054 5567 iv.
2199 5512 2396 5582 Aquila
2425 5511 2650 5572 occidit.
2681 5525 2776 5566 aer
2802 5509 3115 5566 Austrinus.

1980 5605 2063 5659 iii.
2191 5603 2454 5660 Austrina
2481 5603 2622 5659 dies.

1979 5714 2064 5756 ra.
2186 5697 2389 5754 Leonis
2411 5695 2652 5752 medium
2681 5696 2948 5752 exoritur.
2967 5694 3144 5751 Arbor
3174 5693 3229 5748 in
3252 5692 3357 5749 hoc
3383 5692 3552 5749 biduo

2263 5798 2506 5862 apparet.
2531 5790 2730 5848 Auster
2756 5790 3042 5847 nimbosus
3063 5787 3412 5845 vehementer
3436 5783 3551 5843 ﬂat.

1977 4032 2091 4088 viii.
