4124 6400
502 324 606 383 9H

784 537 1074 593 vehemens
1102 536 1195 591 ﬁat
1244 536 1465 602 Auster,
1490 544 1545 592 et
1575 536 1750 594 Grues
1792 546 2078 611 apparent.

716 626 968 689 Fidicula
996 627 1360 681 contrahitur.
1394 624 1655 683 Austrina
1684 629 1801 683 dies
1823 637 2081 684 aestuosa.

708 718 928 777 Orionis
952 719 1190 775 medium
1213 720 1545 786 occultatur,
1567 729 1621 776 et
1641 721 1758 776 dies
1791 722 1859 775 ab
1885 722 2084 776 Austro

783 811 1138 881 caliginosus,
1168 818 1221 866 et
1246 818 1543 867 mstuosus.

501 903 576 957 vi.
712 900 830 957 ~Leo
864 902 1130 965 exoritur,
1158 912 1324 957 mstus
1359 902 1740 965 intolerabilis,
1784 903 2083 959 nebulosus

784 1008 878 1048 aer
905 1013 917 1047 :
940 992 1170 1047 Orionis
1198 995 1445 1049 exoritur
1468 994 1728 1049 medium.

506 1098 553 1137 v.
713 1082 1019 1138 Obscurum
1068 1095 1295 1140 astrum.
1350 1083 1662 1155 Septentrio
1709 1087 1845 1142 lenis
1889 1088 2081 1157 spirat,

782 1184 948 1230 aestus
988 1175 1304 1233 mediocris.

501 1266 573 1321 iv.
720 1264 956 1324 Lunaris
983 1268 1230 1325 defectus
1254 1270 1308 1323 in
1345 1269 1484 1324 banc
1516 1269 1658 1325 diem
1684 1271 1968 1327 incurrere
1993 1286 2083 1328 so-

784 1358 876 1414 let.
921 1358 1123 1415 Auster
1163 1366 1219 1415 et
1256 1361 1455 1431 Aquilo
1496 1361 1731 1432 spirant,
1780 1370 1834 1417 et
1869 1364 2084 1419 calores

782 1461 911 1507 sunt
937 1452 1215 1522 ingentes.

500 1541 583 1596 iii.
728 1540 975 1598 Fidicula
1029 1544 1232 1598 occidit
1292 1544 1584 1601 matutino.
1634 1543 1943 1601 Autumnus
1991 1545 2080 1599 in-

779 1635 965 1690 choat.
996 1634 1295 1691 Ventorum
1318 1651 1623 1691 concursus
1655 1636 1733 1690 ﬁt.

500 1743 585 1782 rn.
718 1724 1018 1784 Ventorum
1048 1726 1339 1783 conﬂictus
1369 1736 1423 1783 et
1454 1744 1657 1799 pugna.

500 1818 589 1874 lD.
727 1817 1028 1890 Delphinus
1060 1834 1183 1873 cum
1218 1819 1426 1889 Lepore
1466 1820 1688 1874 occidit.

500 1911 613 1966 xix.
720 1908 969 1966 IEstuosi
1004 1918 1058 1965 et
1089 1910 1404 1979 squalentes
1433 1912 1665 1966 calores.

502 627 619 683 viii.

500 721 595 775 vii.

500 2001 655 2059 xviii.
718 2002 1027 2057 Obscurum
1059 2011 1301 2067 astrum,
1339 2008 1395 2056 et
1420 1999 1700 2058 Favonius
1730 2016 1855 2057 cum
1885 2008 2079 2058 austro

783 2096 979 2165 spirat.

500 2186 635 2243 xvii.
724 2186 1024 2258 Delphinus
1047 2186 1247 2243 occidit
1270 2186 1559 2241 matutino.

500 2281 616 2336 xvi.
720 2281 985 2335 Autumni
1013 2281 1251 2335 initium.

505 2388 594 2426 xv.
722 2370 969 2427 Fidicula
1001 2373 1224 2437 occidit,
1252 2381 1307 2428 et
1338 2370 1430 2427 ﬁat
1462 2372 1682 2443 Aquilo.

503 2464 612 2518 xiv.
714 2462 1014 2533 Delphinus
1048 2464 1379 2528 occultatur,
1421 2464 1714 2520 mediocris
1748 2470 1933 2519 aestus.

501 2554 618 2608 xiii.
720 2552 969 2608 Fidicula
1017 2554 1219 2609 occidit
1265 2555 1550 2608 matutino.
1606 2553 1700 2608 Sol
1745 2553 1802 2608 in
1835 2552 2076 2625 Virgine.

778 2646 979 2703 Auster
1004 2646 1123 2711 atlat,
1165 2646 1325 2716 pluit,
1362 2652 1417 2701 et
1450 2653 1625 2700 tonat.

498 2735 596 2791 xii.
716 2734 810 2791 Sol
840 2738 896 2791 in
926 2745 1039 2793 tota
1067 2735 1306 2808 Virgine.

500 2827 578 2880 xi.
722 2827 890 2897 ’Virgo
914 2829 1178 2884 exoritur.

500 2931 555 2970 x.
724 2916 1033 2988 Septentrio
1066 2920 1205 2975 lenis
1240 2920 1434 2990 spirat,
1467 2928 1581 2975 tota
1618 2921 1864 2976 exoritur
1888 2919 2075 2993 Virgo,

784 3010 928 3065 aeris
961 3022 1046 3066 est
1078 3012 1368 3067 serenitas.

503 3099 579 3153 ix.
716 3094 880 3171 Virgo
910 3102 1174 3155 exoritur.
1206 3102 1405 3173 Aquilo
1433 3103 1548 3159 ﬂat.

501 3189 617 3245 viii.
726 3190 924 3246 Etesiae
945 3200 1174 3262 ponunt.
1200 3194 1398 3265 Aquilo
1423 3194 1671 3266 frigidior
1696 3195 1828 3253 ﬂare
1858 3198 2070 3268 incipit.

500 3283 593 3335 vii.
718 3282 1015 3355 Delphinus
1055 3287 1319 3353 exoritur,
1348 3296 1401 3342 et
1424 3288 1625 3344 Auster
1656 3290 1767 3344 ﬁat.

498 3374 573 3428 vi.
722 3373 1096 3433 Vindemiator
1122 3380 1372 3449 emergit.
1395 3379 1596 3435 Auster
1617 3388 1671 3436 et
1704 3379 1976 3438 Favonius
2003 3383 2078 3437 sia

785 3469 896 3522 mul
924 3468 1077 3524 ﬁant.

499 3573 554 3609 v.
734 3555 900 3629 Virgo
926 3575 1196 3631 apparere
1225 3563 1434 3635 incipit.

501 3649 573 3700 iv.
714 3646 996 3705 Favonius
1026 3652 1164 3708 lenis
1196 3655 1389 3723 spirat.

498 3739 579 3791 iii.
720 3737 889 3809 Virgo
921 3744 1187 3809 exoritur,
1211 3744 1485 3804 Favonius
1507 3748 1741 3803 molliter
1774 3746 1897 3804 ﬁat.

501 3844 589 3883 an.
722 3830 1071 3888 Andromeda
1102 3837 1369 3893 exoritur.

1193 3946 1386 4005 XXXI.

1064 4074 1507 4155 .SEPTEMBER.

500 4195 565 4251 Κ.
720 4196 1065 4253 Andromeda
1108 4200 1371 4261 exoritur,
1413 4200 1616 4258 imbres
1650 4214 1776 4255 cum
1811 4198 2072 4255 tonitruis

782 4289 939 4356 ﬁunt,
976 4290 1069 4346 ﬁat
1106 4292 1411 4350 Vulturnus
1467 4311 1479 4347 :
1525 4295 1897 4351 inconstantes
1946 4302 2075 4351 sunt

778 4383 946 4437 venti.

496 4468 571 4526 vi.
713 4474 983 4529 Australis
1013 4472 1188 4532 Piscis
1216 4488 1326 4531 non
1349 4476 1582 4547 amplius
1608 4477 1935 4533 occultatur.

494 4578 552 4620 ν.
716 4563 894 4621 Tonat
926 4574 980 4622 et
1012 4568 1170 4637 pluit.

496 4654 572 4709 iv.
716 4656 985 4714 Arcturus
1028 4674 1152 4713 cum
1196 4657 1598 4717 Vindemiatore
1631 4662 1877 4717 exoritur
1906 4678 1921 4715 :
1957 4659 2074 4714 Ma-

779 4749 866 4804 lus
894 4750 1221 4807 occultatur.

496 4836 577 4893 iil.
708 4837 961 4895 Mercurii
983 4842 1340 4898 domicilium.
1366 4841 1637 4899 Favonius
1662 4846 1838 4915 spirat
1873 4864 1886 4901 :
1920 4852 1974 4900 et
2006 4860 2069 4900 ex

779 4939 1065 4986 ventorum
1097 4932 1460 4986 inconstantia
1493 4932 1696 4989 imbres
1722 4933 1940 4989 cadunt.

498 5032 583 5071 pa.
705 5017 891 5089 Equus
926 5021 1191 5078 exoritur.

496 5108 657 5165 NON.
692 5109 804 5201 58
843 5110 1065 5182 Capella
1110 5113 1336 5183 emergit
1379 5130 1391 5165 :
1426 5114 1643 5172 Africus
1685 5114 1778 5170 ﬁat
1814 5116 2069 5187 vesperi,

777 5209 831 5257 et
863 5202 1018 5272 pluit.

721 5295 991 5351 Arcturus
1032 5302 1255 5364 apparet
1286 5311 1298 5346 :
1335 5295 1429 5351 ﬁat
1455 5298 1673 5368 Aquilo,
1707 5308 1763 5353 et
1795 5298 2071 5355 interdum

780 5396 951 5441 tonat.

495 5476 592 5531 vii.
717 5476 959 5549 Virginis
996 5478 1236 5535 medium
1276 5480 1537 5537 exoritur.
1583 5478 1855 5539 Favonius
1899 5483 2074 5555 spirat

780 5582 905 5622 cum
934 5566 1140 5623 Africo.

498 5655 571 5710 vi.
709 5658 855 5714 idem
876 5662 1019 5716 aeris
1040 5670 1252 5718 status.-

501 5763 551 5800 v.
708 5750 853 5807 idem
875 5756 1022 5811 aeris
1046 5762 1242 5811 status.

496 5293 611 5348 viii.

1498 326 1590 381 AD
1626 325 1901 383 EUSEBH
1933 324 2327 383 CHRONICON
2365 325 2725 383 APPENDIX.

502 441 663 500 NON.
711 444 928 499 Corona
984 443 1207 499 occidit.
1266 442 1466 499 Leonis
1516 446 1756 501 medium
1817 446 2081 509 exoritur,
2111 446 2261 508 Aiv.

2104 4496 2147 4551 υ
2178 4473 2248 4527 iv.

3664 334 3769 391 9η

2392 447 2661 503 Arcturus
2686 448 2954 504 exoritur.

2188 536 2266 592 iii.
2392 538 2626 593 Arcturo
2654 539 2934 594 exoriente
2958 534 3162 591 imbres
3184 535 3407 594 eadunt.

2188 645 2272 682 ρει.
2401 628 2653 701 Vergilite
2682 645 2806 685 cum
2834 629 2986 700 Equo
3010 629 3357 684 exoriuntur.

2186 719 2273 773 lD.
2402 719 2736 777 Hirundines
2759 738 2869 777 non
2888 721 3146 777 videntur
3183 738 3197 775 :
3244 721 3472 791 Capella
3496 723 3764 795 exoritur,

2466 822 2520 869 et
2545 816 2702 885 pluit.

2186 904 2296 958 xvi.
2398 903 2953 972 Duodecatemorion,
2989 906 3043 963 id
3073 914 3179 974 est,
3210 924 3287 962 xu
3315 907 3494 979 portio
3518 911 3766 965 autumni

2470 996 2681 1069 incipit.

2186 1106 2273 1145 xv.
2392 1088 2669 1146 Favonius
2692 1091 2798 1146 late
2823 1090 2993 1161 spirat
3014 1106 3139 1145 cum
3168 1090 3373 1146 Africo.

2185 1185 2296 1237 xiv.
2393 1182 2572 1239 Piscis
2604 1184 2872 1249 exoritur,
2896 1194 2950 1238 et
2978 1184 3291 1255 Septentrio
3316 1185 3488 1255 ponit.

2185 1275 2301 1333 xiii.
2399 1274 2493 1331 Sol
2536 1278 2591 1331 in
2622 1275 2785 1349 Libra
2816 1295 2828 1330 :
2860 1276 3052 1331 Crater
3079 1284 3302 1346 apparet
3348 1296 3361 1330 :
3397 1277 3619 1333 Arcturi
3657 1292 3769 1335 me-

2464 1365 2614 1420 dium
2646 1366 2892 1421 cernitur
2922 1368 3213 1421 matutino.

2184 1456 2281 1512 xii.
2392 1457 2627 1512 Arcturo
2658 1458 2943 1513 exoriente
2966 1459 3169 1513 imbres
3193 1459 3401 1528 copiosi
3430 1460 3656 1516 cadunt.

2183 1550 2258 1604 xi.
2393 1549 2802 1621 Equinoctium
2827 1551 3162 1613 autumnale,
3187 1560 3241 1605 et
3270 1551 3454 1607 Pisces
3482 1553 3760 1608 occidunt.

2182 1658 2238 1695 x.
2399 1643 2543 1714 Argo
2575 1643 2859 1699 descendit
2894 1662 2906 1697 :
2947 1644 3178 1714 pluviosi
3210 1644 3354 1697 aeris
3391 1646 3755 1700 conturbatio.

2183 1736 2258 1787 ix.
2399 1731 2586 1789 Pisces
2634 1733 2897 1788 occidunt
2948 1751 2962 1789 :
3012 1734 3287 1787 Austrina:
3350 1732 3485 1788 ﬁunt
3531 1735 3760 1803 pluviae:

2455 1827 2597 1881 aeris
2638 1834 3037 1897 ventorumque
3081 1826 3530 1882 conturbationes
3554 1834 3610 1882 et
3639 1843 3758 1881 ma-

2459 1915 2538 1969 ris
2570 1922 2945 1985 tempestates.

2390 2004 2627 2060 Lunaris
2650 2005 2899 2061 defectus
2934 2007 2989 2061 in
3018 2005 3159 2060 hanc
3184 2005 3418 2062 incurrit
3435 2006 3599 2062 diem.
3622 2006 3765 2063 Cen-

2458 2106 2652 2154 taurus
2680 2099 2945 2153 exoritur.

2178 2189 2274 2245 vii.
2382 2188 2690 2245 Nebulosus
2719 2203 2812 2244 aer
2831 2196 2885 2244 et
2910 2188 3260 2244 turbulentus
3287 2189 3526 2245 exsistit.

2178 2280 2254 2336 vi.
2396 2279 2548 2335 Haedi
2588 2281 2919 2335 exoriuntur
2948 2295 2961 2331 :
2996 2288 3051 2334 et
3080 2281 3280 2335 Auster
3319 2280 3610 2335 vehemens
3645 2278 3757 2334 ﬁat.

2180 2390 2231 2429 v.
2398 2372 2565 2444 Virgo
2595 2372 2811 2429 desistit
2853 2386 3149 2442 emergere.
3189 2371 3439 2444 Vergilias
3492 2372 3762 2425 matutino

2459 2473 2514 2519 et
2546 2464 2760 2535 vesperi
2792 2472 3055 2534 apparent
3083 2482 3095 2515 :
3132 2461 3280 2517 [laedi
3310 2478 3435 2517 cum
3478 2460 3602 2516 Sole
3630 2477 3761 2516 exo-

2458 2555 2677 2609 riuntur
2712 2570 2726 2608 :
2760 2561 3047 2610 ventorum
3090 2561 3141 2607 et
3178 2554 3345 2609 maris
3378 2549 3627 2623 procellae
3663 2567 3762 2607 va-

2460 2644 2582 2699 lidie
2610 2643 2769 2699 ﬁunt.

2180 2738 2251 2792 iv.
2399 2736 2601 2793 Auster
2625 2738 2917 2793 vehemens
2947 2736 3041 2791 ﬁat
3074 2757 3085 2790 :
3129 2744 3476 2807 tempestates
3502 2730 3758 2792 horride.

2180 2829 2260 2885 iii.
2396 2827 2642 2899 Vergiliae
2696 2830 2967 2883 matutino
3018 2820 3357 2895 cernuntur,
3423 2835 3478 2882 et
3540 2826 3760 2897 pluvius

2458 2918 2551 2973 ﬁat
2580 2920 2799 2976 Auster.

2180 3026 2267 3068 pn.
2391 3010 2609 3081 Capella
2655 3013 2885 3083 emergit
2928 3027 3101 3085 usque
3129 3012 3198 3068 ad
3221 3011 3591 3083 vespertinum
3622 3009 3757 3066 Ver-

2461 3105 2713 3175 giliarum
2747 3120 3042 3185 occasum.”

2870 3190 3041 3274 xxx.

2789 3353 3131 3409 OCTOBER.

2178 3464 2243 3519 Κ.
2397 3464 2640 3538 Vergiliae
2673 3467 2728 3522 in
2758 3470 2971 3523 oriente
3002 3481 3264 3538 apparere
3294 3466 3561 3537 incipiunt
3598 3484 3610 3518 ε
3641 3466 3761 3519 Au-

2471 3570 2582 3616 ster
2613 3559 2708 3614 ﬁat
2740 3561 3028 3615 matutino.

2179 3647 2252 3704 iv.
2383 3648 2548 3704 Iidem
2568 3648 2813 3704 Austrini
2832 3649 3022 3705 ﬂatus:
3047 3657 3101 3705 et
3120 3648 3480 3721 Vergiliarum
3507 3658 3754 3705 exortus.

2178 3738 2258 3793 iii.
2387 3739 2733 3805 Heniochus,
2798 3741 2853 3794 id
2900 3747 2985 3796 est
3042 3742 3246 3813 Auriga
3298 3741 3529 3808 occidit,
3578 3750 3631 3795 et
3686 3740 3761 3794 ab

2456 3830 2723 3900 Aquilone
2752 3838 2925 3885 tonat.

2176 3934 2263 3973 pn.
2397 3917 2553 3975 Haedi
2574 3922 2920 3989 exoriuntur,
2953 3929 3007 3978 et
3032 3923 3190 3993 pluit.

2175 4011 2335 4067 NON.
2376 4013 2593 4069 Corona
2616 4017 2865 4087 emergit,
2899 4024 2953 4072 et
2980 4017 3267 4072 conversio
3292 4004 3376 4071 est
3405 4018 3637 4072 aestatis.

2174 4105 2289 4159 viii.
2384 4105 2585 4161 Arietis
2625 4106 2865 4161 medium
2901 4110 3102 4163 occidit
3132 4125 3256 4163 cum
3290 4108 3611 4181 Scorpione.

2173 4196 2267 4249 vii.
2386 4194 2611 4263 Eadem,
2645 4213 2767 4268 qum
2795 4200 2972 4269 prior,
3012 4201 3364 4270 signiﬁcatio.

2174 4285 2246 4339 vi.
2381 4287 2594 4343 Corona
2611 4303 2736 4342 cum
2760 4288 2944 4344 Haedis
2966 4293 3211 4345 exoritur
3233 4310 3246 4345 :
3268 4308 3361 4347 aer
3376 4292 3752 4347 conturbatur.

2173 4396 2227 4435 v.
2387 4379 2536 4435 Haedi
2563 4396 2687 4436 cum
2712 4380 2969 4452 Vergiliis
2994 4392 3301 4453 emergunt,
3323 4394 3376 4439 et
3397 4386 3487 4438 ﬁat
3512 4385 3751 4442 Africus.

2394 4471 2555 4528 Libra
2587 4474 2719 4528 oriri
2756 4474 2967 4543 incipit,
2997 4470 3271 4529 Favonius
3299 4477 3487 4545 spirat.

2176 4565 2254 4619 iii.
2400 4564 2617 4620 Corona
2642 4567 2888 4621 exoritur
2915 4569 3186 4621 matutino
3206 4583 3218 4619 :
3236 4570 3378 4622 venti
3410 4578 3755 4625 commutan-

2473 4670 2586 4723 tur,
2622 4673 2927 4729 asperaque
2959 4659 3013 4713 in
3045 4661 3181 4714 mari
3212 4660 3269 4713 ﬁt
3296 4660 3492 4716 hiems.

2174 4765 2260 4803 nn.
2395 4747 2643 4820 Vergiliae
2668 4748 3011 4811 exoriuntur,
3042 4758 3096 4803 et
3118 4748 3210 4803 ﬁat
3230 4752 3449 4804 Auster.

2176 4841 2259 4893 ID.
2388 4839 2605 4894 Corona
2649 4840 2879 4909 emergit
2920 4858 2934 4895 :
2986 4840 3130 4895 aeris
3169 4840 3545 4904 commutatio,
3585 4850 3640 4895 et
3675 4849 3757 4896 tu-

2458 4932 2663 4987 multus
2685 4930 2761 4985 ﬁt.

2173 5022 2285 5077 xix.
2387 5019 2583 5091 Aquilo
2614 5022 2914 5077 immensus
2944 5020 3056 5076 ﬁat.

2175 5114 2328 5168 xviii.
2390 5114 2653 5168 Autumni
2681 5114 2945 5179 medium,
2978 5123 3032 5169 et
3060 5113 3261 5170 Auster
3284 5113 3398 5169 ﬁat.

2174 5206 2305 5260 xvii.
2381 5203 2545 5259 Orion
2573 5205 2822 5276 emergit,
2846 5215 2901 5261 et
2924 5206 3237 5260 rorulentus
3268 5214 3353 5260 est
3387 5221 3499 5260 aer.

2175 5298 2285 5352 xvi.
2387 5296 2610 5361 Eadem,
2644 5312 2765 5367 quae
2790 5299 2961 5368 prior,
2996 5298 3344 5368 signiﬁcatio.

2174 5405 2264 5444 xv.
2389 5388 2589 5445 Tristis
2608 5397 2662 5443 et
2685 5390 2905 5443 nubilus
2941 5389 3079 5443 dies.

2174 5485 2284 5535 xiv.
2389 5478 2483 5535 Sol
2511 5483 2567 5535 in
2599 5478 2930 5552 Scorpione.
2962 5488 3015 5535 et
3040 5479 3327 5542 Favonius,
3343 5482 3533 5553 spirat.

2177 5575 2291 5628 xiii.
2394 5571 2645 5644 Vergiliae
2676 5574 2970 5629 occidunt:
2996 5574 3249 5643 aerisque
3275 5585 3361 5630 est
3381 5571 3763 5635 conturbatio;

2175 5666 2272 5723 xii.
2386 5665 2617 5730 Eadem,
2646 5682 2769 5739 quae
2815 5666 2990 5737 prior,
3035 5667 3399 5738 signiﬁcatio,
3450 5667 3548 5724 sed
3582 5668 3756 5725 etiam

2456 5758 2611 5827 pluit.

2178 2004 2295 2061 viii.
