4124 6400
431 337 540 396 933

538 448 622 504 Bl'
717 450 810 506 viii
840 451 920 508 Id.
949 451 1088 509 Nov.

432 555 465 596 ι’
531 540 624 612 Cg
745 542 822 598 vii

535 630 630 686 Dh
769 633 823 687 vi
1139 631 1211 692 N.
1293 631 1486 690 Nerva
1560 643 1616 691 et
1698 634 2010 692 Constantii

537 721 580 776 E
601 738 631 777 a
785 740 821 779 v
1139 723 1278 779 Ludi
1305 723 1506 780 Votibi.
1763 727 2008 800 [unum

430 827 464 868 ο
535 812 628 868 Fb
765 814 822 870 iv
1078 811 1083 815 ’

537 901 629 958 Ge
761 903 822 959 iii

531 994 580 1050 A
601 996 636 1051 d
669 996 814 1066 prid.
1140 995 1283 1054 Ludi
1312 997 1518 1054 Plebei.
1559 995 1798 1056 Senatus
1829 996 2008 1069 legiti-

1838 1087 2002 1162 [mus.

427 1193 463 1232 n
535 1177 625 1235 Be
679 1177 816 1235 Idib.
1141 1179 1283 1236 Ludi
1367 1181 1566 1252 plebei.
1641 1181 1792 1239 Jovis
1865 1181 2003 1252 Epu.

533 1269 618 1326 Cf
685 1273 819 1326 xviii
840 1269 1105 1331 Kal.Dec.
1131 1271 1270 1327 Ludi
1362 1274 1562 1344 plebei.
1741 1273 2004 1348 [cuum

531 1360 624 1433 υς
713 1365 825 1418 xvii
1145 1363 1287 1420 Ludi
1358 1365 1555 1436 plebei.

425 1466 444 1506 ι
537 1452 633 1508 Eb
725 1455 818 1512 xvi
1139 1454 1568 1513 Plebeicnxxiv.

532 1546 625 1603 Fa
747 1564 821 1604 xv
1137 1547 1205 1603 N.
1245 1547 1806 1620 Vespasianicnxxrv.

531 1637 629 1695 Gl)
719 1641 815 1695 xiv

423 1745 458 1785 ιι
529 1729 624 1786 Ae
706 1731 807 1786 xiii
1129 1731 1224 1789 Sol
1245 1733 1303 1789 in
1333 1733 1650 1806 Sagittario.

529 1825 622 1880 Bd
731 1826 807 1880 xii

528 1915 616 1972 Ce
744 1917 801 1972 xi

421 2007 624 2064 Αῧί
771 2027 808 2065 x

531 2096 622 2170 Eg
752 2097 810 2154 ix

524 2187 619 2246 Fb
711 2193 808 2248 viii
1127 2196 1352 2255 Bruma.
1383 2199 1500 2256 dies
1523 2201 1906 2274 Egyptiacus.

418 2297 450 2336 ιι
522 2280 614 2338 Ga
736 2285 811 2340 vii
1129 2289 1269 2347 Ludi
1299 2291 1611 2349 Sarmatici.

520 2377 618 2432 Ab
676 2401 683 2409 -
753 2379 810 2434 vi
1127 2382 1267 2440 Ludi
1305 2385 1617 2442 Sarmatici.

523 2464 566 2519 Β
584 2482 614 2520 c
769 2485 805 2525 v
1123 2472 1263 2529 Ludi
1302 2473 1614 2534 Sarmatici.
1635 2482 1652 2550 ξ

523 2557 618 2614 Cd
748 2559 804 2617 iv
1123 2563 1263 2622 Ludi
1305 2569 1619 2627 Sarmatici.

417 2666 450 2707 ο
521 2650 611 2708 De
743 2653 804 2708 iii
1124 2657 1263 2714 Ludi
1302 2659 1617 2717 Sarmatici.

522 2743 608 2799 El‘
650 2744 802 2803 Prid.
1127 2749 1266 2807 Ludi
1311 2752 1622 2810 Sarmatici.

1018 2865 1413 2924 DECEMBER.

341 2951 343 2953 ’
416 2967 450 3007 n
524 2953 617 3028 Fg
686 2956 808 3014 Kal.
1131 2959 1832 3032 72$mnn1crcnxx1v.

523 3045 617 3104 Gh
755 3051 811 3107 iv
840 3049 980 3107 Non.
1017 3051 1146 3109 Dec.
1173 3054 1394 3110 initium
1421 3058 1692 3113 muneris.

1249 339 1566 397 ACHILLIS
1606 338 1790 398 TATll
1823 336 2122 396 ISAGOGE
2172 339 2265 394 AD
2299 339 2523 413 {ABATI
2559 337 2900 399 PHENOM.

2039 461 2088 519 A

3587 336 3693 396 934

2221 457 2314 512 Aa
2441 458 2499 514 iii
2823 459 3060 512 Senatus
3090 447 3411 527 legitimus.l

2111 565 2144 603 Ε
2218 549 2260 603 Β
2277 550 2310 605 b
2334 548 2484 604 Prid.
2806 547 3004 604 Munus
3017 561 3166 603 arca.
3179 547 3298 603 dies
3307 544 3686 619 Egyptiacus.

2216 642 2306 696 Cc
2341 641 2485 696 Non.
2804 637 3006 694 Munus
3037 653 3190 693 arca.

2109 747 2140 786 F
2213 731 2306 787 Dd
2395 732 2492 788 viii
2531 730 2762 788 ld.Dec.
2805 731 3004 788 Munus
3038 745 3190 786 arca.

2214 823 2306 878 Ee
2424 823 2491 879 vii

2212 913 2253 967 F
2271 913 2297 967 ι
2427 913 2486 970 vi
2805 911 3025 970 Munus.
3053 909 3328 967 Kandida.

2107 1002 2310 1074 οὓς
2460 1018 2497 1058 v

2209 1095 2306 1149 Ah
2439 1093 2498 1150 iv

2212 1187 2254 1240 B
2271 1202 2302 1240 a
2434 1185 2494 1241 iii
2817 1183 3184 1256 Septimonia.

2106 1295 2141 1334 ιι
2212 1279 2306 1335 Cb
2336 1277 2486 1334 Prid.
2804 1277 2944 1333 Ludi
2966 1273 3308 1331 Lancionici.

2210 1371 2301 1426 De
2337 1371 2472 1451 lbigl.
2791 1369 2951 1426 Ludi.
2990 1368 3239 1424 SENATUS
3278 1380 3595 1422 LEGITIIUS.
3714 1356 3722 1366 ’

2209 1464 2254 1518 Ε
2269 1465 2305 1524 d
2396 1465 2489 1519 xix
2511 1462 2636 1521 Kal.
2657 1461 2782 1520 Jan.
2803 1453 3114 1532 Ludiadies
3147 1459 3536 1531 Egyptiacus.

2108 1575 2126 1615 ι
2216 1557 2306 1614 Fe
2362 1559 2494 1613 xviii
3087 1549 3682 1608 N.DiviVericuxxlv.

2211 1650 2299 1706 Gf
2381 1652 2494 1706 xvii
2814 1647 2977 1704 Ludi.

2215 1741 2312 1812 Ag
2400 1741 2492 1796 xvi
2809 1738 2949 1794 Ludi
2985 1734 3324 1791 Saturnalia.

2107 1849 2142 1887 ι
2211 1833 2305 1887 Bh
2426 1848 2497 1889 xv
2812 1829 3134 1884 Lancionici
3183 1839 3412 1882 cuxrv.
3470 1821 3565 1877 Sol
3629 1819 3686 1875 in

2210 1924 2302 1981 Ca
2403 1924 2495 1979 xiv
2815 1922 3021 1977 Munus
3044 1934 3195 1974 arca.
3299 1915 3680 1990 [Capricorno.

2210 2016 2309 2072 Db
2399 2015 2498 2070 xiii
2817 2013 3037 2070 Munus.
3078 2010 3348 2066 Kandida.

2106 2125 2138 2164 Α
2207 2107 2295 2165 Ec
2415 2108 2496 2163 xii
2815 2105 3015 2162 Munus
3051 2119 3199 2159 arca.

2210 2199 2304 2255 Fd
2433 2200 2492 2256 xi

2209 2294 2253 2351 G
2272 2311 2303 2352 e
2453 2312 2490 2351 x
2808 2293 3010 2349 Munus
3040 2306 3190 2346 arca.

2102 2403 2133 2443 Β
2204 2386 2293 2442 Af
2430 2386 2488 2442 ix
2805 2387 3029 2441 Munus.
3065 2384 3389 2439 Consumat.

2204 2478 2297 2550 Bg
2377 2479 2472 2538 viii
2787 2475 2852 2534 N.
2889 2475 3085 2534 lnvicti
3119 2481 3370 2544 cuum}

2207 2573 2302 2628 Ch
2417 2571 2516 2642 vii,

2100 2665 2298 2721 cDa
2431 2666 2488 2722 vi

2207 2758 2301 2814 Eb
2453 2774 2489 2813 v

2204 2849 2294 2906 Fc
2433 2851 2489 2906 iv

2099 2960 2133 3002 ι)
2207 2942 2305 2999 Gd
2434 2944 2496 2999 iii
2812 2942 2883 2998 N.
2917 2942 3034 2998 Divi
3075 2941 3184 3001 Titi
3216 2928 3446 3001 ειιχιινξ

2205 3037 2299 3092 Ae
2335 3035 2490 3092 Prid.
2807 3033 3112 3106 Magistrati
3138 3035 3346 3106 iurant.

1528 3402 1684 3486 EK
1743 3400 1972 3488 ΤΩΝ
2025 3395 2586 3488 ΑΧΙΛΛΕΩΣ

1229 3583 1408 3638 ΠΡΟΣ
1442 3582 1826 3637 ΕΙΣΑΓΩΓΗΝ
1856 3582 1966 3638 ΕΙΣ
1997 3582 2090 3635 TA
2118 3581 2393 3636 ᾹΡΑΤΟΥ
2425 3578 2851 3636 ΦΑΙΝΟΜΕΝΔ.

2008 3726 2082 3752 ια

1449 3833 1616 3924 EX
1684 3833 2196 3926 ACHILLE
2270 3806 2640 3921 TATIO

1356 4024 1712 4089 ISAGOGE
1742 4026 1850 4087 AD
1886 4025 2135 4088 ARATI
2167 4020 2717 4086 PHIENOMENA.

1530 4188 1845 4268 Dionysio
1879 4189 2139 4253 Petavio
2169 4188 2541 4269 interprete.

902 4422 1043 4492 Περὶ
1082 4423 1193 4479 τοῦ
1235 4427 1485 4494 παντός.

476 4519 545 4568 α’.
578 4512 776 4568 (Μισῶ
812 4521 909 4585 μὲν
947 4517 1095 4580 ὅστις
1125 4519 1341 4590 τάφανῆ
1380 4527 1727 4590 περισκοπεῖ,
1761 4542 1778 4574 ι
1814 4533 1979 4595 φησιν

402 4602 433 4654 ὁ
494 4603 790 4675 Σοφοκλῆς.
835 4608 944 4660 Καὶ
1001 4609 1028 4660 ὁ
1075 4611 1319 4681 κωμικὸς
1365 4613 1792 4686 Ἀριστοφάνηςο
1828 4635 1846 4668 ι
1883 4619 1980 4682 Ὃς

401 4697 618 4769 τάφανῆ
654 4699 924 4770 μεριμνᾷ’
978 4699 1048 4763 τὰ
1095 4700 1152 4753 δὲ
1192 4702 1429 4773 χαμόθεν
1480 4703 1684 4772 ἐσθίει,
1725 4725 1744 4758 ι
1790 4708 1974 4779 φησίν.

415 4786 552 4840 Ἀλλ’
593 4789 641 4840 οἱ
679 4789 777 4859 μὲν
813 4788 1028 4861 ἀφανῆ·
1074 4793 1234 4863 ἡμεῖς
1277 4793 1332 4846 δὲ
1384 4798 1702 4866 φαινόμενα,
1739 4798 1854 4852 ἀλλ’
1878 4800 1977 4853 οὐκ

399 4879 581 4951 ἀφανῆ
616 4880 905 4953 ζητοῦμεν.
1219 4908 1228 4915 ·

468 4974 800 5042 Αἰγυπτίους
839 4977 996 5046 λόγος
1045 4979 1158 5050 ἔχει
1206 4981 1456 5055 πρώτους
1494 4985 1586 5040 τὸν
1634 4987 1864 5058 οὐρανὸν
1901 4987 1976 5051 ὡς

399 5065 492 5118 καὶ
523 5067 622 5140 τὴν
655 5069 760 5139 γῆν
790 5074 1222 5144 καταμετρῆσαι,
1261 5076 1354 5129 καὶ
1393 5075 1490 5147 τὴν
1530 5079 1824 5149 ἐμπειρίαν
1863 5082 1975 5142 τοῖς

397 5159 526 5229 ἑξῆς
551 5161 607 5213 ὲν
636 5162 858 5232 στήλαις
890 5166 1222 5237 ἀναγράψαι.
1257 5169 1509 5223 Χαλδαῖοι
1551 5171 1608 5224 δὲ
1639 5173 1720 5235 εἰς
1748 5173 1974 5238 ἑαυτοὺς

400 5251 712 5321 μετάγουσι,
735 5254 892 5327 Βήλῳ
919 5257 1018 5328 τὴν
1050 5255 1264 5329 εὕρεσιν
1287 5261 1595 5326 ἀναθέντες.
1615 5265 1678 5316 Οἱ
1704 5263 1760 5316 δὲ
1789 5265 1974 5337 Ἐλλή-

396 5358 502 5394 νων
532 5343 686 5412 σοφοὶ
715 5344 805 5398 ὁτὲ
850 5347 947 5417 μὲν
975 5347 1136 5413 θεοῖς,
1170 5351 1258 5403 ὁτὲ
1287 5351 1343 5404 δὲ
1381 5353 1610 5423 ἥρωσιν,
1639 5354 1729 5407 ὁτὲ
1763 5354 1820 5407 δὲ
1859 5358 1972 5420 τοῖς

398 5432 534 5501 μετὰ
557 5433 732 5490 ταῦτα
761 5441 944 5507 σοφοῖς
965 5441 1331 5497 ἀνατιθέασιν.
1361 5443 1626 5514 Αἰσχύλος
1656 5446 1752 5517 μὲν
1781 5447 1890 5518 γὰρ
1913 5449 1972 5500 ὲν

395 5527 699 5596 Προμηθεῖ
713 5529 806 5584 τὸν
842 5532 974 5588 Θεὸν
999 5535 1210 5604 εἰσάγει
1243 5521 1500 5605 λέγοντα·

554 5717 776 5805 ﬂor-fcie
799 5727 1006 5805 αὐτοῖς
1037 5730 1176 5785 οὔτε
1205 5732 1491 5805 χείματος
1515 5733 1754 5805 τέκμαρ,

397 5790 532 5845 οὔτ’
556 5790 934 5864 ἃνθὲμὶῦδους
956 5790 1121 5869 ἦρος,
1154 5790 1614 5873 οῧὶέκαρθέίμού

2009 4437 2056 4496 C

2021 4338 2094 4354 ᾔ

2623 4417 2732 4489 73
2762 4416 2838 4472 De
2871 4419 3136 4472 universo.

2164 4519 2218 4573 1.
2277 4515 2430 4572 «Odi
2496 4514 2690 4579 illum,
2730 4533 2749 4566 ι
2815 4517 2892 4567 ait
2956 4512 3296 4584 Sophocles,
3356 4529 3374 4563 ι
3412 4511 3506 4582 qui
3575 4526 3668 4570 oc-

2086 4612 2237 4669 culta
2268 4609 2522 4664 rimatur.
2551 4625 2570 4659 ι
2607 4604 3002 4676 Aristophanes
3040 4605 3171 4660 item
3216 4619 3363 4668 eum,
3403 4621 3421 4654 ι
3449 4604 3541 4673 qui
3571 4618 3668 4660 oc-

2083 4701 2234 4767 culta
2262 4700 2500 4755 sollicite
2539 4698 2753 4769 quaerit,
2782 4706 2841 4771 et
2885 4697 3074 4751 intima
3115 4698 3379 4754 vescitur.
3413 4716 3432 4749 ι
3469 4695 3574 4753 Sed
3607 4706 3668 4753 ut

2085 4795 2178 4850 isti
2218 4794 2457 4854 occulta,
2495 4791 2576 4846 sic
2619 4805 2723 4845 nos
2753 4790 3092 4860 apparentia,
3141 4804 3264 4861 quae
3292 4789 3510 4845 occulta
3552 4805 3666 4847 non

2085 4894 2234 4948 sunt,
2267 4884 2617 4955 inquirimus.

2151 4972 2440 5044 Egyptios
2486 4971 2671 5027 ferunt
2720 4971 2928 5041 primos
2996 4972 3243 5027 omnium
3288 4979 3398 5028 tam
3461 4973 3665 5030 cmlum

2083 5081 2248 5137 quam
2276 5074 2480 5121 terram
2517 5080 2640 5120 esse
2671 5065 2973 5127 dimensus,
3001 5065 3232 5135 ejusque
3264 5067 3343 5121 rei
3377 5067 3663 5121 scientiam

2083 5156 2355 5212 columnis
2379 5155 2613 5210 incisam
2645 5154 2712 5208 ad
2750 5163 3000 5225 posteros
3035 5170 3385 5226 propagasse.
3421 5156 3663 5212 Chaldaei

2079 5258 2265 5304 tamen
2297 5248 2464 5319 hujus
2493 5248 2700 5303 inventi
2729 5246 2900 5302 decus
2923 5247 2990 5301 ad
3032 5263 3154 5303 sese
3186 5247 3550 5314 transferunt,
3574 5247 3661 5302 id-

2080 5359 2186 5414 que
2210 5342 2340 5398 Belo
2376 5343 2651 5397 tribuunt.
2682 5341 2752 5394 At
2777 5340 2955 5396 Graaci
2992 5342 3272 5412 sapientes
3299 5342 3497 5411 partim
3529 5341 3658 5412 diis,

2078 5435 2278 5505 partim
2314 5433 2598 5498 heroibus,
2626 5434 2831 5504 partim
2867 5433 3210 5504 sapientibus
3240 5435 3308 5490 iis
3339 5435 3434 5505 qui
3469 5442 3660 5506 postea

2079 5526 2256 5582 secuti
2305 5534 2454 5602 sunt,
2505 5526 2784 5582 ascribere
2835 5534 3126 5580 conantur.
3185 5524 3322 5580 Nam
3362 5525 3659 5598 Eschylus

2078 5618 2134 5672 in
2167 5617 2479 5672 Prometheo
2503 5617 2674 5691 Deum
2703 5616 2778 5670 ita
2807 5616 3121 5687 loquentem
3149 5615 3282 5672 facit
3309 5635 3322 5672 :

2080 5733 2333 5805 ﬂendum
2364 5735 2504 5788 enim
2536 5744 2651 5789 erat
2679 5735 2828 5804 ipsis,
2863 5750 3022 5805 neque
3047 5734 3233 5790 hiemis
3263 5731 3553 5799 terminus;

2081 5803 2261 5874 Neque
2283 5805 2462 5874 ﬂoridi
2491 5809 2643 5874 veris,
2680 5803 2842 5876 neque
2861 5803 3131 5876 frugifera
