4124 6400
387 435 491 494 937

1118 431 1434 493 AClllLLlS
1472 434 1656 490 TATll
1697 431 1994 490 [SAGOGE
2031 431 2122 486 AD
2158 426 2374 488 ARAT'I
2412 430 2883 492 PHAENOMENA.

3522 440 3626 499 938

381 530 601 600 έσπειρε
647 527 705 580 δέ
755 545 806 581 τι
854 527 948 584 καὶ
995 526 1252 596 περὶτῶν
1294 525 1465 589 ὅλων,
1531 527 1624 579 καὶ
1673 528 1802 597 περὶ
1851 526 1960 579 τῶν

2068 525 2386 579 tumultibus
2425 526 2644 580 assidue
2665 527 3038 596 iactabantur,
3087 526 3159 583 ad
3185 529 3286 585 hoc
3323 537 3628 603 argumenti

384 622 598 692 ἄστρων
632 619 772 686 τινὰ,
801 619 1005 688 λέγων’
1055 618 1186 690 περὶ
1227 618 1326 689 μὲν
1358 618 1466 670 τῶν
1497 617 1653 682 ὅλων,
1705 618 1781 680 ὠς
1826 619 1955 670 ὅταν

385 712 516 782 λέγῃ
535 728 548 741 °

400 912 681 966 Ὠκεανόν
710 929 775 965 τε
806 911 955 964 θεῶν
986 912 1246 981 γένεσιν,
1281 913 1378 965 καὶ
1409 912 1636 981 μητέρα
1671 915 1883 979 Τηθύν.

400 982 501 1036 Ἐν
541 981 660 1052 μὲν
693 981 870 1051 γαῖαν
899 982 1128 1047 ἔτευξε,
1160 983 1238 1036 »ἐν
1263 981 1316 1034 δ’
1341 983 1723 1124 οὺρανὸφί,ῑέν
1754 983 1822 1035 δὲ
1855 983 1958 1038 θά-

1603 1093 1622 1105 .
1646 1068 1852 1107 ασσαν
1869 1072 1882 1085 ·

388 1142 483 1198 καὶ
517 1142 679 1197 πάλιν
700 1158 714 1172 ·

402 1255 564 1310 Ἀλλ’
597 1254 768 1326 ὑμεῖς
784 1254 904 1324 μὲν
928 1253 1151 1322 πάντες
1170 1253 1325 1323 ὕδωρ
1349 1256 1448 1309 καί
1487 1255 1625 1326 γαῖα
1650 1255 1923 1326 γένοισθε
1942 1274 1957 1286 ·

391 1370 519 1442 περὶ
542 1370 598 1423 δὲ
620 1372 838 1441 ἄστρων
860 1387 873 1400 ·

388 1483 770 1550 Πληϊάδαςτ⁹
794 1483 1101 1552 ἐσορῶντι,
1135 1484 1235 1539 καὶ
1266 1484 1381 1552 ὀψὲ
1410 1485 1633 1539 δύοντα
1665 1484 1924 1553 Βοώτην,

394 1555 639 1625 Ἄρκτον
662 1555 733 1615 θ’,
754 1553 834 1622 ἢν
853 1556 951 1608 καὶ
965 1554 1237 1625 ’Ἄμαξαν
1265 1556 1592 1623 ἐπίκλησιν
1610 1556 1958 1620 καλέουσιν,

401 1623 628 1679 Ἠέλιόν
653 1629 701 1676 τ’
724 1623 1054 1693 ἀκάμαντα,
1084 1625 1358 1692 σελήνην
1380 1642 1441 1678 τε
1469 1626 1852 1693 πλήθουσαν,

405 1694 498 1747 Ἐν
519 1693 586 1747 δέ
631 1711 692 1748 τε
728 1696 917 1764 τείρεα
952 1695 1176 1759 πάντα,
1212 1693 1286 1748 τά
1326 1696 1374 1748 τ’
1416 1697 1676 1837 οὺρανόςὶ
1706 1695 1962 1764 ἐστεφά-

1685 1783 1884 1829 νωται,

1685 1783 1884 1829 νωται,

389 1832 696 1900 Πληϊάδας
720 1837 768 1888 θ’
801 1834 1006 1901 Ὑάδας
1039 1853 1122 1900 τε,
1149 1836 1220 1888 τό
1246 1853 1309 1888 τε
1340 1835 1556 1900 σθένος
1598 1832 1886 1904 Ὠρίωνος.

394 1906 622 1971 ’Ἄστρα
653 1905 722 1958 δὲ
761 1905 837 1974 δὴ
878 1905 1242 1974 προϐέϐηκεν
1273 1905 1627 1975 παρῴχηκεν
1664 1906 1963 1993 δὲτπᾼεξξυν

1774 1994 1847 2029 νυ

395 2043 516 2099 Τῶν
540 2045 648 2099 δύο
669 2043 948 2114 μοιράων,
979 2045 1214 2115 τριτάτη
1241 2045 1292 2098 δ’
1316 2044 1404 2098 ἐτι
1422 2045 1600 2116 μοῖρα
1626 1975 1958 2101 λέλὲἷῗίέαι.

473 2161 573 2215 Ἐκ
595 2159 713 2233 γὰρ·
742 2160 944 2213 τούτων
979 2160 1079 2224 τὰς
1110 2161 1410 2232 προφάσεις
1439 2161 1629 2216 ἔλαϐον
1661 2165 1710 2216 οἱ
1741 2162 1964 2234 ὕστερον

387 2253 518 2324 περὶ
541 2251 747 2306 τούτων
781 2252 1356 2322 πραγματευσάμενοι.
1397 2253 1484 2315 Ὡς
1527 2252 1633 2325 γὰρ
1680 2254 1791 2316 τοῖς
1828 2270 1962 2324 τρα-

386 2347 562 2413 γικοῖς
603 2344 875 2416 παρέσχεν
931 2342 1180 2415 ἱστοριῶν
1224 2344 1480 2415 ἀφορμὰς
1504 2386 1518 2411 ,
1557 2344 1698 2398 οὕτω
1738 2345 1834 2399 καὶ
1877 2345 1966 2399 διὰ

387 2435 590 2490 τούτων
626 2437 914 2499 ὑποθέσεις
957 2439 1070 2500 τοῖς
1117 2437 1244 2506 πεῴ⁸
1295 2437 1650 2508 ἀστρολογίας
1698 2439 1962 2509 γράψασι.

387 2529 582 2599 Μαρτυ
593 2526 744 2599 ροῢσι
762 2527 818 2580 δὲ
848 2527 1074 2598 Κράτης
1107 2527 1200 2580 καὶ
1231 2527 1434 2581 Ἀπίων
1456 2531 1484 2581 6
1501 2529 1882 2601 Πλειστονίκης
1895 2531 1965 2595 ⁸⁸,

388 2620 470 2674 ὅτι
494 2621 827 2691 ἀστρονόμος
851 2621 1118 2692 Ὅμηρος.
1147 2620 1311 2673 Οὐδὲν
1338 2621 1395 2674 δὲ
1420 2621 1718 2692 παράδοξον
1749 2622 1838 2674 ὑπ’
1868 2623 1965 2675 ἀν-

389 2711 626 2784 θρώπων
674 2714 941 2784 τοσαύτην
1000 2713 1286 2784 εὑρεθῆναι
1347 2713 1610 2786 θεωρίανο
1671 2713 1816 2785 ψυχὴ
1855 2715 1964 2786 γὰρ

389 2806 540 2858 πᾶσα
573 2804 856 2872 ἀθάνατος,
886 2805 1223 2859 κατελθοῦσα
1252 2806 1311 2872 ἐξ
1341 2804 1594 2878 οὐρανοῦ,
1629 2805 1966 2861 ἀνανεύουσα

388 2895 448 2960 ἐς
481 2896 719 2966 συγγενῆ
768 2897 858 2949 τὸν
889 2895 1138 2968 οὐρανὸν,
1173 2894 1353 2949 πάντα
1390 2895 1456 2948 τὰ
1498 2894 1700 2966 συνήθη
1737 2895 1962 2966 θεωρεῖ*

387 2983 482 3040 καὶ
509 2985 810 3037 ἐπισπᾶται
836 2984 972 3055 πρὸς
1009 2983 1068 3038 ὃν
1097 2983 1191 3037 καὶ
1215 2983 1519 3056 ἀναχθῆναι
1554 2985 1866 3054 ἐπείγεταικ

535 3356 658 3411 Τίνι
686 3352 950 3424 διαφέρει
989 3352 1368 3423 μαθηματικῆ
1399 3353 1818 3422 Savona/tortae.

457 3471 523 3542 β’.
560 3469 810 3542 Εὔδωρος
841 3469 876 3521 6-
907 3467 1193 3538 φιλόσοφός
1226 3483 1359 3536 φησι
1392 3464 1654 3536 Διόδωρον
1690 3464 1783 3518 τὸν
1819 3463 1967 3516 Ἀλε-

391 3563 620 3636 ξανδρέα
679 3559 1057 3632 μαθηματικὸν
1100 3558 1276 3628 τούτῳ
1319 3554 1596 3626 διαφέρειν
1643 3556 1817 3607 εἰπεῖν
1867 3554 1965 3626 τὴν

393 3653 782 3724 μαθηματικὴν
809 3652 909 3721 τῆς
955 3647 1326 3720 φυσιολογίας,
1367 3647 1449 3700 ὃτι
1492 3647 1525 3717 ἡ
1562 3646 1661 3716 μὲν
1704 3645 1966 3716 μαθημα-

388 3747 514 3818 τικὴ
541 3745 608 3799 τὰ
639 3743 994 3816 παρεπόμενα
1015 3744 1081 3814 τῇ
1109 3740 1269 3810 οὐσίᾳ
1302 3740 1475 3810 ζητεῖ,
1507 3738 1690 3801 πόθεν,
1719 3737 1814 3791 καί⁵
1848 3735 1967 3800 πῶς

389 3839 659 3908 ἐκλείψεις
681 3839 918 3907 γίνονται
941 3853 954 3866 ·
986 3833 1097 3906 ἠδὲ
1121 3832 1440 3902 φυσιολογία
1467 3833 1594 3904 περὶ
1615 3831 1715 3900 τῆς
1743 3828 1930 3892 οὐσίας
1949 3846 1962 3860 ·

390 3931 472 3994 τίς
498 3931 650 4003 ήλίου
682 3929 845 3999 φύσις
864 3943 879 3960 ⁸
909 3928 1140 3998 πότερον
1174 3924 1370 3996 μύδρος
1413 3924 1529 3977 ἐστὶ
1567 3923 1710 3976 κατὰ
1739 3919 1967 3985 Ἀναξα-

390 4022 579 4093 γόραν,
623 4021 658 4092 ἢ
704 4019 817 4091 πῦρ
847 4017 989 4072 κατά
1014 4018 1141 4080 τοὺς
1175 4015 1480 4077 Στωϊκοὺς,
1519 4013 1576 4083 ἢ,
1626 4010 1769 4066 κατά
1821 4011 1970 4082 Ἀρι-

395 4115 678 4185 στοτέλην,
731 4113 956 4183 πέμπτη
1019 4109 1212 4174 οὐσία,
1275 4107 1468 4179 μηδενὶ
1523 4105 1634 4159 τῶν
1685 4104 1969 4173 τεσσάρων

394 4206 673 4277 στοιχείων
711 4201 1165 4257 ἑπικοινωνοῦσα·
1187 4197 1482 4270 ἀγέννητός
1527 4213 1589 4250 τε
1631 4196 1726 4250 καὶ
1752 4193 1970 4266 ἄφθαρ-

391 4313 503 4361 τος,
534 4297 625 4350 καὶ
667 4293 1027 4366 ἀμετάὸολος.
1059 4290 1434 4363 Διαφερούσας
1475 4289 1606 4358 γοῦν
1655 4287 1860 4350 ταύτας
1910 4286 1972 4339 ἐν

393 4393 513 4454 ταῖς
555 4389 845 4460 ζητήσεσιν
879 4385 1302 4456 ὲπιπεπλέχθαι,
1345 4383 1450 4452 τὴν
1477 4381 1671 4452 ἑτέραν
1707 4378 1970 4450 δεομένην

392 4482 493 4552 τῆς
515 4481 727 4553 ἑτέρας.

677 4705 816 4774 Περὶ
843 4701 956 4772 τῆς
981 4699 1092 4754 τῶν
1116 4699 1274 4754 ὅλων
1291 4695 1502 4766 ἀρχῆς.

464 4807 534 4871 γ’.
552 4799 738 4870 Ζήνων
753 4798 781 4850 6
795 4793 1032 4855 Κυτιεὺς
1048 4789 1219 4862 ἀρχὴν
1233 4785 1371 4843 εἶναι
1386 4787 1534 4854 λέγει
1555 4785 1664 4838 τῶν
1677 4783 1812 4837 ὅλων
1834 4782 1970 4836 Θεὸν

397 4891 491 4947 καὶ
518 4890 668 4962 ὓλην·
691 4886 823 4941 Θεὸν
853 4885 948 4956 μὲν
974 4883 1034 4934 τὸ
1059 4879 1267 4946 ποιοῦν,
1296 4879 1426 4949 ὓλην
1447 4876 1504 4930 δὲ
1527 4876 1588 4929 τὸ
1612 4874 1934 4944 ποιούμενον
1954 4890 1968 4902 ·

397 4987 488 5055 ἀφ’
523 4979 598 5037 ὧν
633 4981 701 5035 τά
738 4979 978 5047 τέσσαρα
1025 4974 1262 5042 στοιχεῖα
1303 4969 1604 5040 γεγονέναι.
1651 4965 1974 5055 Ἐπίκουρος

397 5053 457 5128 et
478 5077 508 5129 6
541 5072 820 5142 Ἀθηναῖος
845 5070 908 5122 ἐκ
943 5064 1210 5135 σωμάτων
1237 5059 1442 5134 νοητῶν
1473 5055 1850 5130 σμικροτάτων
1874 5053 1974 5115 τὰς

396 5165 573 5238 ἀρχὰς
602 5163 710 5216 τῶν
742 5162 879 5215 ὅλων
902 5155 1038 5212 εἶναί
1062 5172 1214 5229 φησι.
1239 5153 1411 5207 Καλεῖ
1427 5152 1483 5205 δὲ
1513 5150 1680 5214 αὑτὰς
1707 5147 1968 5238 ἀτομους,

337 5258 352 5270 ⁸
593 5249 930 5321 σμικρότητα
981 5244 1274 5318 ἀκαριαίας
1312 5242 1465 5305 τινὰς
1497 5240 1683 5304 οὖσας,
1713 5237 1748 5308 ἦ
1788 5236 1874 5290 διὰ
1912 5234 1974 5288 τὸ

374 5345 704 5417 ’ἀφθάρτους
737 5341 905 5404 αὐτὰς
925 5336 1086 5404 εἶναι,
1119 5337 1213 5391 καὶ
1251 5335 1325 5408 μὴ
1365 5330 1680 5404 τέμνεσθαι.
1734 5330 1976 5417 Ἀριστο-

396 5416 560 5506 τέλης
584 5435 639 5488 δὲ
671 5435 699 5486 6
735 5431 1088 5502 Σταγειρίτης
1110 5427 1283 5500 ἀρχὰς
1311 5426 1464 5494 λέγει
1509 5423 1618 5478 τῶν
1650 5421 1787 5476 ὅλων
1811 5416 1972 5486 εἶδος,

400 5528 494 5582 καὶ
520 5525 675 5596 ὓλην,
705 5524 801 5578 καὶ
831 5522 1115 5593 στέρησιν
1165 5523 1229 5573 ἐκ
1267 5519 1324 5572 δὲ
1373 5517 1578 5571 τούτων
1624 5514 1693 5568 τὰ
1732 5512 1974 5582 τέσσαρα

401 5620 635 5690 στοιχεῖα
657 5633 673 5647 ·
710 5617 803 5670 καὶ
838 5615 1086 5685 πέμπτον
1130 5612 1289 5683 σῶμα
1340 5609 1706 5680 ἀδιάφθαρτον
1749 5606 1844 5660 καὶ
1872 5621 1974 5658 κα-

401 5711 566 5783 θαρόν
589 5726 603 5740 ο
636 5709 665 5762 ὃ
689 5710 754 5780 δὴ
776 5707 966 5777 αἰθέρα
999 5706 1234 5774 λέγουσι.
1279 5701 1576 5776 Σωκράτης
1609 5699 1668 5752 δὲ
1694 5697 1790 5752 καὶ
1825 5695 1974 5749 Πλά-

2059 630 2230 685 genus
2253 615 2452 685 adjecit
2477 617 2740 672 animum.
2762 618 3082 689 Quanquam
3113 621 3373 676 nonnulla
3396 625 3630 692 sparsim

2061 705 2131 761 de
2158 707 2261 760 hac
2293 723 2475 763 rerum
2517 709 2892 776 universitate,
2924 710 3100 780 deque
3128 712 3402 769 sideribus
3433 714 3634 770 identi-

2060 798 2184 885 dem
2217 799 2431 870 injecit;
2463 801 2531 856 de
2560 803 2819 858 universo
2845 803 3091 873 quidem,
3127 817 3252 859 cum
3285 806 3359 859 ita
3387 806 3588 862 cecinit
3614 825 3630 863 ξ

2064 909 2439 990 chanumque
2457 914 2675 990 deorum
2716 931 2898 990 genus,
2940 925 2991 990 et
3018 927 3240 973 matrem
3272 919 3470 990 Tethyn
3491 920 3596 980 "‘.
3627 896 3632 902 D

2063 980 2148 1036 Ibi
2177 980 2374 1038 terram
2402 986 2580 1054 ﬁnxit,
2614 995 2664 1042 et
2697 980 2885 1041 c'mlum
2909 1003 2927 1040 :
2954 987 3026 1043 ibi
3057 1006 3203 1044 mare
3226 991 3270 1022 ⁸³

2135 1133 2200 1188 Et
2228 1151 2443 1201 rursus,

2065 1247 2132 1299 At
2159 1263 2246 1300 vos
2275 1263 2451 1302 omnes
2479 1263 2619 1318 aqua
2646 1255 2694 1302 et
2725 1259 2866 1303 terra
2894 1249 3011 1303 sitis
3031 1249 3174 1301 ⁸³“”.

2134 1359 2211 1416 De
2241 1361 2407 1415 astris
2431 1375 2669 1432 quoque,

2063 1473 2210 1504 3W“
2229 1471 2480 1526 Pleiadas
2511 1472 2754 1536 intuenti,
2787 1483 2838 1526 et
2869 1473 3018 1525 tarde
3046 1470 3365 1526 occidentem
3393 1471 3633 1538 Bbotem,

2070 1541 2385 1614 (Iratamque.
2413 1558 2569 1614 quam
2598 1552 2647 1595 et
2675 1545 2972 1609 plaustrum
3011 1544 3312 1614 cognomine
3343 1544 3632 1614 appellant,

2066 1611 2341 1682 Solemque
2370 1611 2710 1680 indefessum,
2743 1617 3024 1681 lunamque
3045 1612 3275 1679 plenam.

2067 1681 2272 1736 Ibidem
2300 1691 2349 1737 et
2373 1692 2524 1736 astra
2557 1683 2761 1748 omnia,
2789 1684 2978 1752 quibus
3009 1684 3195 1737 cretum
3233 1699 3439 1738 corona:
3462 1683 3637 1739 instar

3162 1752 3415 1824 [cinctum
3447 1764 3565 1818 est;

2069 1821 2422 1902 Pleiadasque
2459 1821 2796 1902 Hyadasque,
2831 1831 2879 1876 et
2905 1821 3067 1902 robur
3091 1821 3321 1902 Orionis.

1994 1889 2035 1945 Β
2063 1893 2112 1926 ⁸⁸
2165 1889 2344 1946 Astra
2376 1889 2521 1946 vero'
2534 1893 2650 1962 jam
2675 1889 3071 1960 processerunt:
3113 1911 3176 1946 ac
3224 1895 3287 1948 de
3320 1903 3466 1948 nocte
3516 1912 3636 1949 am-

2974 1962 3136 2033 [plius
3166 1967 3459 2034 confectum
3489 1975 3569 2020 est

2063 2031 2286 2087 Duabus
2306 2031 2572 2101 partibus,
2597 2033 2753 2086 tertia
2779 2049 2894 2087 vero
2923 2031 3048 2101 pars
3080 2031 3334 2102 superest.

2135 2143 2274 2199 Hinc
2301 2144 2446 2200 enim
2477 2145 2822 2202 occasionem
2864 2145 3013 2200 nacti
3045 2153 3174 2202 sunt
3199 2147 3298 2218 qui
3335 2148 3422 2206 bis
3451 2149 3520 2206 de
3551 2165 3642 2204 re-

2062 2237 2169 2293 bus
2198 2245 2388 2307 postea
2413 2236 2770 2291 commentati
2804 2242 2956 2291 sunt.
2996 2235 3176 2307 Atque
3205 2249 3263 2293 ut
3297 2239 3386 2294 ille
3415 2239 3643 2311 tragicis

2063 2330 2241 2401 poetis
2268 2328 2622 2383 historiarum
2651 2335 2968 2400 argumenta
2992 2331 3394 2400 suppeditavit:
3439 2331 3520 2388 sic
3546 2332 3643 2388 iis-

2065 2422 2187 2476 dem
2209 2420 2457 2476 versibus
2493 2419 2561 2475 iis
2593 2419 2729 2489 ipsis
2759 2419 3120 2489 scriptoribus
3147 2421 3360 2492 copiam
3383 2422 3636 2492 praebuit,

2065 2513 2159 2581 qui
2210 2513 2278 2568 de
2326 2512 2623 2582 astrologia
2673 2511 3032 2582 scripserunt.
3087 2511 3221 2566 Nam
3287 2521 3452 2570 testes
3511 2524 3640 2570 sunt

2065 2603 2280 2667 Crates,
2313 2610 2367 2658 et
2391 2601 2527 2673 Apio
2556 2599 2867 2657 Plistonico:
2891 2601 3033 2658 [ilius
3063 2601 3358 2658 Homerum
3388 2612 3641 2661 astrono-

2067 2707 2216 2746 mum
2250 2690 2439 2747 fuisse.
2487 2690 2673 2762 Neque
2725 2706 2851 2747 vero
2894 2693 3218 2749 incredibile
3259 2694 3411 2751 dictu
3441 2704 3529 2752 est
3569 2697 3642 2753 ab

2069 2781 2324 2838 humanis
2369 2782 2610 2854 ingeniis
2645 2789 2854 2836 tantam
2882 2784 2991 2837 vim
3035 2785 3514 2855 contemplationis
3546 2803 3638 2844 or-

2068 2880 2183 2927 tum
2215 2871 2494 2928 habuisse.
2539 2871 2753 2927 Etenim
2801 2889 2926 2928 cum
2973 2883 3060 2930 est
3106 2876 3289 2931 anima
3323 2880 3501 2935 omnis
3538 2881 3640 2936 im-

2069 2962 2337 3025 mortalis,
2370 2977 2400 3016 e
2427 2963 2676 3033 coeloque
2705 2963 2958 3033 delapsa;
2990 2973 3103 3018 tum
3129 2964 3196 3019 ad
3222 2978 3510 3038 cognatum
3535 2970 3640 3026 sibi

2070 3051 2268 3105 caelum
2296 3052 2549 3122 aspirans
2577 3054 2790 3117 eadem,
2831 3055 3022 3109 omnia
3049 3055 3154 3112 sibi
3187 3055 3480 3115 familiaria
3509 3075 3640 3131 pro-

2070 3141 2260 3212 Spicit;
2293 3151 2348 3198 et
2375 3143 2443 3198 ad
2479 3145 2612 3200 illud
2643 3145 2906 3211 allicitur,
2953 3147 3020 3201 ad
3047 3148 3193 3218 quod
3230 3148 3410 3205 eli'erri
3441 3159 3641 3208 natura

1993 3239 2037 3296 εἰ
2070 3249 2170 3290 sua
2201 3233 2444 3291 festinat.

2068 3349 2210 3417 Quid
2251 3351 2462 3406 intersit
2502 3353 2639 3407 inter
2679 3353 3106 3409 mathematicam
3147 3365 3196 3410 et
3229 3355 3637 3430 physiologiam.

2136 3463 2191 3519 2.
2233 3463 2484 3521 Eudorus
2510 3465 2869 3536 phiIOSOphus
2899 3466 3067 3523 refert
3095 3485 3124 3523 a
3146 3469 3385 3528 Diodoro
3408 3471 3643 3529 Alexan-

2068 3559 2228 3614 drino
2257 3559 2647 3616 mathematice
2688 3555 3127 3618 mathematicam
3160 3565 3302 3620 inter
3334 3575 3388 3622 et
3414 3567 3640 3639 physio-

2068 3651 2268 3721 logiam
2301 3651 2404 3705 hoc
2444 3653 2804 3731 constitutum
2835 3669 2958 3711 esse
2985 3655 3306 3723 discrimen,
3338 3659 3484 3728 quod
3523 3675 3644 3716 ma-

2069 3741 2387 3808 thematica,
2413 3756 2479 3797 ea
2508 3758 2628 3814 quae
2650 3752 2904 3798 naturam
2934 3754 3350 3816 consequuntur
3381 3748 3643 3821 inquirit;

2070 3833 2236 3901 unde,
2269 3840 2324 3888 et
2355 3835 2631 3905 quomodo
2661 3834 2795 3890 liant
2827 3837 3078 3908 eclipses.
3126 3837 3473 3911 Physiologia
3509 3856 3646 3898 vero

2069 3924 2138 3980 de
2190 3936 2385 3980 natura
2432 3928 2549 3997 ipsa
2601 3928 3035 4000 disputatzqum
3088 3931 3162 3986 sit
3211 3941 3404 3987 natura
3457 3932 3641 3990 solis:

2073 4024 2256 4070 utrum
2304 4032 2491 4072 massa
2543 4018 2634 4082 sit,
2667 4028 2727 4073 ut
2756 4021 2928 4076 sensit
2960 4019 3312 4094 Anaxagoras
3342 4042 3360 4078 ;
3381 4039 3450 4079 an
3478 4025 3642 4096 ignis,

2073 4117 2132 4162 ut
2161 4107 2366 4164 Stoicis
2394 4110 2596 4180 placet,
2625 4125 2718 4175 an,
2747 4119 2808 4166 ut
2836 4113 3139 4180 Aristoteli,
3171 4116 3360 4187 quinta
3386 4117 3647 4176 substan-

2073 4200 2172 4265 tia,
2204 4201 2344 4256 nihil
2376 4202 2586 4258 habens
2613 4219 2904 4260 commune
2923 4220 3049 4260 cum
3078 4207 3366 4272 elementis
3386 4218 3643 4281 quatuor,

2074 4292 2341 4363 ingenita,
2375 4295 2832 4366 incorruptibilis,
2878 4304 2932 4352 et
2964 4297 3343 4357 immutabilis.
3375 4301 3513 4357 Cum
3539 4303 3648 4377 igi-

2073 4393 2164 4439 tur
2191 4399 2222 4439 a
2267 4401 2326 4441 se
2368 4386 2600 4442 invicem
2647 4389 2981 4460 discrepent,
3027 4391 3246 4447 misceri
3277 4399 3461 4450 tamen
3503 4395 3648 4451 inter

2074 4474 2488 4546 disputandum,
2523 4492 2598 4534 eor
2628 4479 2778 4550 quod
2821 4481 3050 4537 alterius
3094 4496 3253 4553 opem
3299 4484 3471 4540 altera
3502 4483 3648 4544 desio

2001 4584 2045 4638 D
2072 4567 2246 4622 deret.

2498 4681 2606 4752 75
2633 4681 2711 4737 De
2747 4700 2922 4738 rerum
2943 4685 3223 4754 principio.

2148 4772 2202 4826 ὅ.
2243 4772 2388 4828 Zeno
2417 4772 2693 4845 Cytiensis
2727 4776 3056 4847 principium
3083 4793 3265 4834 rerum
3295 4780 3538 4834 omnium
3563 4782 3650 4836 di-

2079 4865 2154 4918 cit
2210 4878 2334 4920 esse
2386 4863 2579 4931 Deum,
2629 4875 2684 4921 et
2730 4868 3061 4923 materiam:
3095 4867 3265 4924 Deum
3322 4869 3546 4939 quidem
3595 4870 3651 4926 id

2079 4957 2226 5026 quod
2257 4957 2407 5028 agit;
2437 4958 2725 5012 materiam
2759 4958 2814 5013 id
2839 4960 2985 5014 circa
3009 4959 3157 5030 quod
3190 4969 3444 5018 versatur
3473 4963 3646 5019 actio:

2079 5048 2226 5106 unde
2267 5056 2506 5120 quatuor
2552 5051 2820 5106 elementa
2861 5052 3127 5123 producta
3180 5063 3328 5108 sunt.
3382 5053 3654 5126 Epicurus

2080 5146 2262 5197 autem
2294 5140 2646 5199 Atheniensis
2674 5144 2901 5199 minima
2927 5144 3197 5215 quaedam,
3237 5153 3292 5201 et
3332 5146 3653 5218 intelligibl-

2080 5236 2152 5290 lia
2188 5250 2420 5306 corpora
2459 5236 2731 5307 principia
2765 5251 2950 5292 rerum
2996 5236 3242 5292 omnium
3284 5252 3406 5294 esse
3435 5238 3648 5293 statuit.

2081 5325 2229 5392 Quas
2260 5327 2352 5383 ille
2397 5335 2610 5384 atomos
2642 5335 2825 5394 vocat,
2867 5327 2983 5384 sive
3024 5327 3096 5383 ob
3128 5329 3474 5399 parvitatem,
3503 5329 3652 5400 quod

2081 5425 2287 5490 puncta
2339 5419 2586 5490 quaedam
2623 5419 2754 5485 sint,
2791 5419 2906 5475 sive
2938 5419 3086 5489 quod
3126 5421 3407 5492 corrumpi
3449 5421 3653 5477 secari-

2081 5527 2188 5582 que
2226 5518 2520 5582 nequeant.
2555 5511 2879 5568 Aristoteles
2925 5512 3215 5583 Stagirites
3246 5513 3516 5585 principia
3563 5529 3652 5569 re-

2082 5619 2203 5658 rum
2238 5602 2368 5659 facit
2396 5605 2524 5667 tria,
2549 5603 2802 5668 formam,
2838 5605 3125 5658 materiam
3158 5615 3212 5660 et
3243 5605 3602 5675 privationem
3634 5625 3646 5659 :

2081 5709 2150 5750 ex
2190 5696 2392 5765 quibus
2435 5696 2704 5752 elementa
2746 5704 2982 5766 quatuor
3029 5697 3318 5766 oriuntur;
3366 5697 3516 5759 addit
3561 5697 3650 5756 bis

502 5888 570 5922 “‘
603 5887 764 5943 Iliad.
793 5889 853 5941 Ξ..
930 5887 1020 5920 ⁸³⁸·
1055 5886 1220 5946 Iliad.
1249 5890 1307 5940 Σ.
1384 5889 1495 5921 ⁸³⁸⁸·
1537 5886 1698 5942 Iliad.
1745 5887 1812 5938 Ιί.
1889 5885 1956 5917 ⁸³⁵

2068 5883 2228 5954 Odys.
2270 5885 2333 5938 E.
2413 5884 2458 5916 ⁸³⁵
2488 5881 2655 5939 Iliad.
2690 5884 2760 5938 K.
2845 5884 2889 5916 ⁸⁵
2913 5880 2954 5950 f.
2985 5877 3387 5934 Πλειστονίκου.

699 5985 968 6047 ΡΑτιιοι..
1002 5985 1119 6046 Gn.
1157 5985 1313 6047 XIX

3251 5975 3329 6034 3O
