4166 6408
470 420 574 482 939

1453 415 1543 470 AD
1581 409 1852 471 EUSEBII
1883 412 2278 472 CHRONICON
2321 413 2698 470 APPENDIX.

3624 415 3730 475 940

469 557 671 612 corpus
728 538 977 610 quintum
1036 538 1412 608 incorruptum
1471 550 1535 590 ac
1587 549 1825 606 purum,
1879 549 2041 607 quem

2154 551 2252 587 των
2295 533 2466 605 ἀρχὰς
2503 533 2612 587 τῶν
2656 533 2793 587 ὅλων
2833 532 3057 587 καλοῦσι
3113 532 3245 586 Θεὸν
3295 532 3388 587 καὶ
3435 530 3567 604 ὕλην
3588 548 3601 563 ·
3639 533 3734 586 καὶ

471 635 672 690 aethera
716 631 1020 687 nominant.
1066 629 1322 686 Socrates
1369 627 1618 684 et‘APlato
1651 627 1921 698 principia
1956 641 2042 682 re-

471 743 593 782 rum
624 733 822 782 vocant
843 723 1010 779 Deum
1038 737 1105 777 ac
1127 721 1433 785 materiam,
1467 721 1669 790 quibus
1690 719 1915 774 tertium
1944 718 2046 772 ad-

465 821 726 891 iungunt,
762 817 908 889 quod
949 815 1286 888 generationi
1317 813 1770 884 corruptionique
1818 811 2046 880 subjici-

470 920 603 969 tur:
629 927 697 968 ex
737 910 823 964 bis
859 909 1127 964 elementa
1170 913 1406 978 quatuor
1450 905 1734 962 exsistere.
1771 903 2046 974 Empedo-

473 1005 585 1061 cles
628 1004 744 1058 haec
793 1004 911 1073 ipsa
946 1007 1184 1071 quatuor
1231 1001 1498 1055 elementa
1545 1013 1732 1054 rerum
1777 997 2046 1068 principia

471 1095 777 1153 constituit.
811 1095 1058 1160 Quorum
1089 1094 1268 1164 ignem
1299 1090 1514 1156 Jovem,
1549 1091 1634 1145 vel
1668 1090 1925 1146 aetherem
1950 1107 2048 1162 ap-

470 1187 657 1260 pellat,
699 1193 902 1241 terram
943 1183 1236 1250 lunonem,
1274 1199 1455 1240 aerem
1481 1184 1809 1249 Plutonem,
1849 1198 2047 1255 aquam

469 1277 663 1338 Nestin
705 1278 946 1333 :horum
996 1277 1180 1343 vires,
1227 1277 1561 1332 discordiam
1608 1284 1663 1332 et
1709 1277 2044 1343 amicitiam;

472 1373 806 1431 discordiam
826 1373 1066 1444 quidem,
1085 1372 1502 1430 dissolutionem
1527 1391 1541 1440 ;
1566 1373 1866 1428 amicitiam
1885 1385 2044 1434 vero,

472 1481 829 1522 concursum.
864 1465 1185 1536 Apollonius
1213 1464 1460 1521 Rhodius
1487 1467 1666 1537 primo
1710 1467 2046 1538 Argonauti-

471 1573 579 1614 con
605 1556 880 1628 Orpheum
917 1555 1049 1611 facit
1079 1557 1184 1613 ista
1214 1557 1485 1613 dicentem
1512 1577 1524 1610 :

473 1672 709 1728 Canebat
739 1681 914 1726 autem
935 1673 1014 1726 uti
1044 1673 1218 1737 tellus,
1248 1690 1309 1726 ac
1340 1673 1526 1728 caelum
1555 1690 1776 1741 superne

470 1742 718 1798 Primum
744 1744 961 1797 invicem
983 1759 1091 1796 una
1118 1742 1468 1797 coalescentia
1501 1746 1688 1812 specie,

470 1814 756 1871 Discordia
787 1830 851 1868 ex
875 1815 1166 1882 perniciosa
1205 1814 1473 1884 disjuncta
1505 1817 1614 1869 sint
1645 1815 2045 1884 monituque:-

1805 1882 1976 1955 [ίίὁει.

543 1998 674 2055 Vult
707 1998 854 2056 enim
895 1999 1208 2070 promiscue
1240 1997 1516 2068 quondam
1566 1997 1708 2052 inter
1758 2012 1818 2052 se
1866 1996 2046 2053 mistis

471 2090 784 2157 elementis,
809 2103 874 2145 ea
905 2089 1276 2160 postmodum,
1308 2089 1707 2144 interveniente
1744 2087 2044 2152 discordia,

471 2197 504 2236 a
532 2198 593 2238 se
633 2188 826 2238 mutuo
852 2194 974 2238 esse
999 2181 1314 2252 disjuncta:
1349 2167 1485 2237 adeo
1527 2189 1587 2235 ut
1626 2179 1894 2252 quidquid
1932 2188 2050 2236 erat

470 2285 754 2333 terrenum
785 2277 846 2331 in
895 2289 1066 2330 unum
1115 2289 1236 2330 sese
1284 2273 1658 2344 conglobarit;
1695 2273 1949 2328 similiter
1995 2279 2050 2328 et

470 2366 619 2436 quod
660 2366 885 2436 igneum
930 2370 1050 2420 erat
1093 2364 1150 2417 in
1183 2363 1328 2418 idem
1372 2369 1626 2418 coactum
1657 2361 1844 2428 fuerit,
1898 2368 1958 2417 ut
1996 2367 2052 2416 et

471 2473 629 2531 aquae
660 2456 932 2530 quidquid
978 2464 1118 2521 erat,
1157 2454 1226 2510 ad
1261 2455 1349 2512 sui
1379 2455 1591 2523 simile;
1619 2462 1674 2511 et
1712 2453 1782 2509 ad
1815 2455 1872 2510 id
1900 2453 2050 2526 quod

471 2551 578 2609 sibi
611 2559 904 2622 cognatum
930 2556 1040 2615 est,
1082 2563 1304 2604 aereum
1338 2562 1501 2604 omne
1529 2546 1814 2603 conﬂuxit.
1848 2547 2050 2604 Thales

471 2639 718 2698 Milesius
762 2647 817 2697 et
865 2638 1211 2712 Pherecydes
1263 2631 1436 2711 syrus
1480 2638 1812 2710 principium
1865 2653 2048 2693 rerum

469 2731 718 2788 omnium
749 2744 948 2806 aquam
981 2745 1106 2788 esse
1132 2729 1432 2786 defendunt
1464 2751 1478 2785 :
1509 2729 1658 2801 quod
1683 2730 1850 2786 etiam
1879 2730 2050 2785 chaos

471 2823 646 2880 fuisse
673 2822 1018 2895 Pherecydes
1043 2823 1357 2888 existimat;
1389 2823 1573 2893 idque,
1609 2829 1670 2876 ut
1701 2829 1948 2893 apparet,
1983 2837 2051 2876 ex

471 2917 713 2976 Hesiodo
743 2917 1000 2988 sumpsit,
1035 2917 1131 2989 qui
1159 2916 1244 2972 sic
1272 2913 1520 2986 loquitur
1545 2934 1559 2970 :

575 3050 584 3059 ·
679 3029 855 3101 Igitur
878 3030 1107 3100 primum
1132 3029 1372 3085 omnium
1403 3027 1562 3084 chaos
1590 3029 1813 3083 exstitit.

537 3139 675 3197 Nam
705 3143 774 3198 ab
805 3156 871 3198 eo
907 3141 1058 3214 quod
1089 3151 1173 3198 est
1205 3139 1438 3213 χεῖσθαι,
1479 3139 1656 3210 fundi,
1684 3139 1813 3212 χάος
1841 3138 2050 3194 dictum

2146 627 2326 697 τρίτον
2350 625 2412 678 τὸ
2446 626 2808 696 ὑποκείμενον
2839 625 3051 693 γενέσει
3077 625 3169 678 καὶ
3208 623 3411 696 φθορᾷ·
3441 625 3506 678 ὲκ
3529 625 3587 678 δὲ
3613 624 3735 677 τού-

2147 736 2252 772 των
2280 718 2349 771 τά
2388 718 2630 788 τέσσαρα
2671 720 2911 788 στοιχεῖα
2950 717 3222 787 γενέσθαι.
3277 717 3648 788 Ἐμπεδοκλῆς
3674 715 3736 770 δὲ

2146 811 2322 883 ἀρχάς
2351 828 2484 882 φησι
2515 811 2626 863 τῶν
2663 811 2800 864 ὅλων
2840 812 2908 863 τὰ
2954 810 3196 881 τέσσαρα
3240 811 3497 880 στοιχεῖα.
3531 811 3642 862 Καὶ
3673 810 3735 864 et

2151 905 2248 973 μὲν
2279 903 2390 975 πῦρ
2425 902 2584 956 καλεῖ
2613 902 2712 957 Δία
2745 903 2838 956 καὶ
2874 901 3091 972 αἰθέρα,
3145 901 3246 972 τὴν
3294 901 3352 954 δὲ
3395 901 3500 971 γῆν
3533 902 3730 973 Ἦραν,

2147 997 2240 1051 τὸν
2284 998 2341 1051 δὲ
2384 998 2522 1069 ἀέρα
2567 997 2853 1062 Ἀῖδωνέα,
2893 997 2952 1050 τὸ
2986 998 3043 1051 δὲ
3079 997 3220 1068 ὕδωρ
3258 997 3466 1067 Νῆστιν
3493 1012 3505 1024 ·
3548 994 3648 1058 τὰς
3677 994 3734 1047 δὲ

2148 1091 2353 1144 τούτων
2391 1091 2669 1160 δυνάμεις,
2707 1093 2883 1154 νεῖκος
2915 1090 3008 1142 καὶ
3045 1089 3226 1159 φιλίαν
3250 1106 3262 1119 ⁸
3293 1091 3470 1152 νεῖκος
3502 1087 3601 1158 μὲν
3635 1085 3733 1156 τὴν

2149 1177 2411 1241 διάλυσιν,
2453 1177 2636 1248 φιλίαν
2687 1178 2747 1231 δὲ
2793 1177 2890 1249 τὴν
2935 1177 3173 1232 σύνοδον.
3211 1175 3564 1240 Ἀπολλώνιος
3607 1175 3665 1228 δὲ
3704 1176 3736 1229 6

2162 1270 2363 1333 Ῥόδιος
2403 1271 2461 1324 ἐν
2492 1271 2570 1342 τῷ
2616 1269 2819 1342 πρώτῳ
2863 1270 2974 1324 τῶν
3006 1269 3477 1341 Ἀργοναυτικῶν
3527 1269 3734 1337 εἰσάγει

2149 1363 2240 1417 τὸν
2273 1364 2473 1434 Ὀρφέα
2499 1363 2672 1418 ταῦτα
2700 1365 2928 1433 λέγοντα
2958 1381 2970 1393 ·

2153 1667 2388 1722 Ἤειδεν
2417 1667 2468 1719 δ’
2503 1668 2584 1732 ὡς
2613 1666 2750 1735 γαῖα
2776 1667 2875 1720 καὶ
2919 1666 3176 1734 οὐρανὸς
3204 1664 3384 1732 εὐρὺς
3421 1664 3660 1735 ὕπερθε,

2156 1738 2224 1790 Τὸ
2260 1738 2403 1805 πρὶν
2425 1738 2517 1789 ἐπ’
2553 1733 2878 1804 ἀλλήλοισι
2907 1733 3011 1808 μιῇ
3038 1737 3422 1808 συναρηρότα
3446 1733 3672 1803 μορφῇ,
3739 1740 3752 1750 ’

2151 1809 2394 1874 Νείκεος
2421 1808 2489 1873 ἐξ
2511 1808 2708 1862 ὀλοοῖο
2736 1807 3031 1877 διέκριθεν
3060 1808 3246 1877 ἀμφὶς
3271 1807 3519 1860 ἕκαστα.

2153 1985 2324 2040 Πάλαι
2355 1986 2461 2058 γάρ
2493 2002 2621 2038 ποτε
2667 1984 2869 2056 ἀναμὶξ
2917 1987 3231 2057 φερομένων
3273 1984 3380 2038 τῶν
3433 1981 3732 2053 στοιχείων,

2152 2075 2256 2128 ὑπὸ
2287 2075 2381 2129 τοῦ
2417 2077 2628 2138 νείκους
2676 2075 2900 2148 ὕστερον
2939 2078 3285 2150 διακριθῆναι
3328 2080 3502 2135 αύτάο
3534 2081 3735 2144 παντὸς
3835 2149 3838 2154 Ι

2156 2168 2253 2237 μὲν
2280 2167 2373 2222 τοῦ
2395 2167 2628 2236 γεώδους
2653 2171 3046 2242 συστρέφοντος
3075 2173 3154 2235 είς
3174 2171 3251 2237 ἒν,
3277 2171 3399 2226 ὅλου
3424 2173 3481 2226 δὲ
3507 2173 3601 2226 τοῦ
3632 2192 3737 2228 πυ-

2155 2261 2358 2331 prodeo;
2414 2264 2848 2335 περιειληθέντος
2907 2269 2987 2330 εἰς
3030 2265 3091 2319 τὸ
3137 2267 3298 2333 αὐτὸ,
3333 2270 3428 2322 καὶ
3465 2269 3560 2322 τοῦ
3605 2270 3738 2323 ὑδα-

2151 2349 2351 2414 τώδους
2383 2353 2699 2424 συρρέοντος
2724 2356 2804 2418 εἰς
2847 2355 2908 2408 τὸ
2936 2357 3152 2426 ὅμοιον,
3189 2357 3398 2412 καὶτοῦ
3431 2359 3594 2431 ἀέρος
3635 2378 3736 2414 πε-

2151 2443 2460 2514 ριχυθέντος
2515 2445 2652 2517 πρὸς
2705 2447 2766 2500 τὸ
2826 2448 3116 2517 ὁμόφυλον.
3169 2448 3347 2521 Θαλῆς
3388 2450 3445 2503 δὲ
3487 2453 3516 2505 6
3560 2451 3738 2524 Μιλή-

2155 2554 2269 2600 σιος
2297 2539 2390 2591 καὶ
2409 2538 2718 2610 Φερεκύδης
2749 2540 2777 2591 6
2807 2539 2977 2611 Σύρος
3002 2541 3176 2612 ἀρχὴν
3205 2541 3313 2595 τῶν
3342 2543 3479 2595 ὅλων
3501 2544 3564 2596 τὸ
3593 2543 3738 2616 ὕδωρ

2153 2627 2483 2696 ὐφιστῶσινο
2525 2627 2554 2680 6
2601 2628 2666 2698 δὴ
2709 2630 2805 2683 καὶ
2852 2631 2983 2700 χάος
3031 2631 3188 2684 καλεῖ
3230 2633 3259 2685 6
3303 2633 3630 2705 Φερεκύδης,
3663 2634 3740 2698 ὡς

2158 2719 2326 2785 εἰκὸς,
2362 2719 2521 2774 τοῦτο
2555 2719 2914 2792 ἐκλεξάμενος
2974 2722 3124 2794 παρὰ
3177 2723 3274 2777 τοῦ
3317 2725 3561 2779 Ἠσιόδου
3597 2725 3740 2780 οὕτω

2152 2811 2402 2882 λέγοντος
2421 2830 2434 2842 ·

2397 3026 2563 3081 Ἤτοι
2590 3025 2709 3096 μὲν
2728 3027 3030 3096 πρώτιστα
3054 3027 3202 3097 χάος
3231 3028 3452 3099 γένετο.

2153 3137 2314 3211 Παρὰ
2359 3137 2468 3210 γὰρ
2509 3139 2571 3193 τὸ
2627 3139 2841 3210 χεῖσθαι
2891 3141 3265 3214 ὑπολαμϐάνει
3314 3143 3375 3197 τὸ
3428 3142 3574 3217 ὕδωρ
3607 3145 3741 3217 χάος

469 3240 646 3305 putat.
683 3233 754 3289 At
784 3232 1063 3291 Heraclito
1095 3235 1274 3305 placet
1301 3240 1428 3289 ante
1450 3234 1636 3289 omnia
1670 3233 1850 3304 ignem
1881 3232 2047 3287 exsti-

2154 3230 2487 3302 ὠνομάσθαι.
2529 3232 2881 3304 Ἡράκλειτος
2927 3234 2985 3288 δὲ
3029 3235 3142 3308 πῦρ
3193 3234 3411 3308 πρῶτόν
3465 3255 3598 3310 φησι
3647 3255 3742 3308 γε-

470 3327 627 3384 tisse.
669 3325 810 3383 Sunt
850 3326 946 3397 qui
995 3337 1195 3384 terram
1221 3324 1461 3396 priorem
1508 3323 1766 3380 omnibus
1806 3322 2049 3390 faciant;

470 3435 593 3493 quae
639 3430 960 3493 compressa
995 3424 1310 3490 arctataque
1335 3415 1587 3473 accendit
1622 3415 1825 3486 ignem,
1849 3429 2048 3485 aquam

469 3513 674 3581 emisit,
707 3527 889 3570 aerem
916 3511 1117 3582 ubique
1147 3508 1384 3565 diﬂ‘udit.

780 3716 857 3771 De
884 3715 1257 3770 constitutione
1283 3729 1457 3769 rerum
1479 3728 1734 3767 omnmm.

537 3831 593 3886 4.
634 3829 954 3886 Audiendus
1004 3827 1228 3882 omnino
1259 3825 1602 3898 Chrysippus
1645 3833 1752 3892 est,
1808 3838 1934 3880 cum
1968 3824 2046 3877 ait

466 3936 537 3979 ex
578 3928 816 3991 quatuor
858 3918 1142 3976 elementis
1187 3919 1443 3974 universa
1486 3926 1761 3973 constare.
1809 3916 2048 3973 Causam

467 4027 599 4070 vero
626 4013 1006 4084 perpetuitatis
1049 4027 1173 4068 esse
1203 4010 1478 4083 quoddam
1519 4009 1801 4080 gravitatis
1831 4007 2048 4078 aequili-

467 4107 670 4164 brium.
701 4104 840 4161 Nam
873 4121 1001 4160 cum
1031 4105 1218 4176 gravia
1244 4105 1354 4161 sint
1386 4118 1623 4174 corpora
1647 4103 1780 4167 duo,
1815 4109 1962 4158 terra
1991 4109 2046 4156 et

470 4209 635 4267 aqua,
659 4195 800 4249 levia
831 4193 1082 4258 totidem,
1121 4194 1266 4265 ignis
1296 4201 1350 4250 et
1378 4207 1511 4261 aer;
1541 4193 1740 4249 horum
1770 4199 2045 4262 tempera-

477 4287 632 4342 tione
663 4284 834 4342 foveri
879 4299 942 4341 ac
988 4285 1304 4341 conservari
1346 4283 1724 4348 universitatis
1765 4283 2046 4349 ordinem;

470 4385 533 4433 ut
561 4378 710 4434 enim
738 4379 785 4434 si
814 4380 998 4450 gravis
1038 4379 1276 4434 mundus
1317 4385 1482 4444 esset,
1516 4376 1777 4433 deorsum
1825 4377 2049 4439 sideret,

467 4473 548 4528 ita
581 4471 630 4528 si
668 4471 891 4528 levitate
935 4471 1195 4542 praeditus
1244 4478 1414 4534 esset,
1471 4485 1695 4526 sursum
1734 4470 2046 4524 tolleretur.

2153 3324 2389 3392 γονέναι.
2423 3325 2548 3377 Εἰσί
2587 3324 2632 3378 δ’
2660 3325 2710 3378 οἳ
2737 3325 2836 3398 τὴν
2877 3327 2980 3398 γῆν
3008 3328 3224 3401 πρῶτον
3267 3329 3486 3400 λέγουσι
3523 3330 3744 3399 γεγονέ-

2153 3433 2262 3482 ναι,
2292 3415 2616 3489 θλισομένην
2654 3435 2715 3471 τε
2757 3418 2851 3472 καὶ
2891 3421 3286 3494 σφιγγομένην,
3335 3422 3510 3487 οὕτως
3544 3423 3742 3494 ὲνάψαι

2157 3508 2257 3578 μὲν
2287 3506 2350 3560 τὸ
2372 3506 2502 3579 πῦρ,
2540 3508 2861 3580 ἀναπέμψαι
2888 3509 2947 3564 δὲ
2980 3510 3040 3564 τὺ
3063 3509 3228 3584 ὕδωρ,
3268 3513 3541 3569 διαδοῦναι
3572 3514 3629 3568 δὲ
3650 3513 3760 3594 τὸν,

2154 3599 2310 3671 ἀέρα.

2367 3713 2511 3783 Περί
2536 3711 2644 3790 τῆς
2670 3714 3031 3783 συστάσεως
3054 3716 3174 3772 τῶν
3203 3717 3382 3774 ὅλων.

2222 3823 2286 3877 δ’.
2315 3824 2513 3888 Καλῶς
2539 3823 2606 3878 ἂν
2624 3817 2739 3895 ἔχοι
2761 3826 3043 3881 πείθεσθαι
3062 3828 3140 3899 τῷ
3163 3830 3476 3902 Χρυσίππῳ
3507 3832 3743 3904 φήσαντι

2153 3915 2217 3968 ἐκ
2251 3916 2360 3970 τῶν
2394 3919 2676 3988 τεσσάρων
2707 3920 2986 3991 στοιχείων
3021 3921 3120 3993 τὴν
3165 3921 3425 3977 σύστασιν
3464 3923 3577 3979 τῶν
3603 3924 3747 3980 ὅλων

2153 4013 2454 4081 γεγονέναι.
2479 4011 2660 4065 Αἴτιον
2687 4012 2744 4065 δὲ
2783 4013 2882 4084 τῆς
2913 4016 3085 4085 μονῆς
3118 4014 3326 4068 τούτων
3368 4013 3429 4069 τὸ
3469 4015 3740 4090 ἰσοὸαρές.

2152 4100 2257 4153 Δύο
2280 4101 2394 4176 ,γὰρ
2437 4100 2816 4173 ὑποκειμένων
2856 4103 3088 4176 βαρέων,
3127 4104 3234 4174 γῆς
3269 4105 3364 4158 καὶ
3403 4103 3617 4172 ὕδατος,
3649 4106 3748 4161 δύο

2151 4194 2207 4248 δὲ
2241 4175 2477 4264 κούφων,
2508 4199 2680 4270 πυρὸς
2708 4198 2804 4251 καὶ
2839 4175 3024 4269 ἀέρος,
3060 4197 3160 4269 τὴν
3193 4200 3398 4252 τούτων
3441 4198 3748 4272 σύγκρασιν

2153 4289 2332 4343 αἰτίαν
2361 4288 2500 4345 εἰναι
2544 4292 2643 4362 τῆς
2666 4291 2761 4345 τοῦ
2794 4291 2997 4356 παντὸς
3028 4291 3271 4357 τάξεως-
3305 4291 3494 4365 ὥσπερ
3527 4293 3658 4364 γάρ,
3693 4295 3746 4347 εἰ

2152 4375 2221 4452 ἦν
2253 4383 2281 4435 6
2303 4382 2509 4453 κόσμος
2544 4381 2736 4454 βαρὺς,
2773 4384 2924 4438 κάτω
2947 4384 3014 4439 ἂν
3048 4385 3278 4456 ἐφέρετο
3297 4399 3312 4414 '
3349 4384 3543 4451 οὕτως,
3571 4387 3619 4438 εἰ
3649 4387 3746 4439 καὶ

2155 4473 2375 4543 κοῦφος.
2413 4473 2548 4528 ἄνω.
2595 4475 2765 4528 Μένει
2807 4474 2864 4528 δὲ
2915 4462 2995 4546 τῷ
3047 4475 3161 4530 ἴσον
3206 4475 3350 4547 ἔχειν
3399 4478 3462 4531 τὸ
3501 4477 3638 4550 βαρὺ
3665 4477 3747 4547 τῷ

468 4565 652 4622 Manet
680 4566 848 4637 igitur
871 4563 1012 4630 ideo,
1051 4563 1199 4636 quod
1229 4564 1456 4636 paribus
1483 4563 1799 4619 examinata
1834 4561 2047 4632 ponde-

2156 4563 2361 4634 κούφῳ.
2393 4563 2498 4620 Τὸν
2526 4564 2582 4618 δὲ
2616 4565 2812 4636 αἰθέρα
2836 4567 2929 4620 καὶ
2951 4567 3340 4638 οὐρανὸν,·εῐτε
3363 4571 3392 4622 6
3424 4569 3606 4634 αὐτὸς,
3633 4568 3746 4621 εἴτε

466 4657 626 4714 ribus
665 4657 738 4712 sit
783 4657 840 4712 in
872 4671 939 4712 eo
985 4657 1226 4729 gravitas
1256 4663 1312 4712 et
1352 4655 1567 4712 levitas.
1610 4655 1785 4710 Porro
1829 4655 2032 4709 aethera

468 4751 802 4822 coelumque,
852 4750 967 4806 sive
1005 4749 1150 4804 idem
1179 4748 1273 4814 sit,
1299 4749 1416 4804 sive
1441 4747 1654 4802 diﬂ'erat
1679 4787 1694 4812 ,
1725 4754 1880 4802 extra
1909 4763 2037 4804 esse

466 4841 707 4899 rotunda
746 4841 964 4914 ﬁgura:
993 4841 1137 4895 intra
1168 4839 1317 4894 hunc
1347 4840 1593 4910 proxime
1640 4853 1823 4893 aerem
1876 4853 2043 4904 esse;

467 4937 563 5008 qui
591 4938 650 4993 in
670 4935 861 4992 orbem
895 4933 1241 4990 extrinsecus
1265 4941 1427 4988 terra:
1447 4939 1502 4987 et
1533 4932 1651 5002 ipse
1671 4931 2047 4988 circumfusus

464 5038 571 5088 est.
599 5031 750 5086 Intra
778 5042 943 5100 quem
971 5026 1134 5083 tertia
1167 5026 1480 5082 continetur
1506 5039 1661 5095 aqua:
1688 5024 1905 5095 sphaera
1933 5033 2043 5080 ter-

464 5137 584 5177 ram
622 5119 889 5186 ambiens,
942 5124 997 5174 et
1035 5119 1178 5173 inter
1221 5117 1365 5172 hanc
1405 5123 1572 5186 atque
1600 5129 1785 5170 aerem
1819 5115 2048 5186 interje-

462 5223 572 5267 cla.
613 5211 846 5267 Mediam
881 5208 1129 5265 omnium
1161 5223 1285 5265 esse
1317 5218 1540 5274 terram,
1582 5222 1704 5278 quae
1740 5207 1939 5273 centri,
1980 5213 2041 5260 ut

464 5308 519 5360 in
549 5303 804 5374 sphaeris,
832 5303 998 5358 situm
1023 5309 1077 5357 et
1099 5301 1530 5373 magnitudinem
1560 5301 1791 5359 obtinet.
1815 5301 1895 5355 Ad
1925 5301 2046 5357 haec

464 5399 710 5468 reliquas
743 5405 857 5453 tres
897 5403 1202 5468 quatuorve
1229 5397 1475 5467 sphaeras
1508 5397 1910 5465 circumvolvi;
1948 5411 2045 5452 so-

463 5489 575 5541 lam
618 5489 953 5544 immobilem
984 5488 1190 5544 hserere
1216 5495 1440 5544 terram.
1477 5487 1557 5542 Ac
1608 5488 1878 5558 sphaeram
1923 5488 2052 5559 qui-
2111 5503 2116 5508 ‘

465 5579 591 5632 dem
640 5579 780 5650 ignis
828 5580 1211 5648 extrinsecus;
1249 5579 1480 5634 interius
1528 5589 1711 5635 autem
1750 5580 1895 5636 aeris
1939 5581 2046 5635 cir-

466 5671 683 5740 cumagi
706 5681 935 5727 sumunt
979 5671 1324 5744 Archimedis
1355 5672 1634 5744 discipuli.
1688 5673 1756 5729 At
1785 5671 1843 5729 in
1873 5674 2052 5730 medio

469 5771 624 5830 aqua:
684 5769 952 5834 terraeque
1001 5765 1194 5835 globos
1241 5764 1366 5820 ideo
1415 5767 1753 5834 consistere,
1797 5771 1959 5840 quodi
2002 5769 2047 5824 si

467 5853 595 5925 quis
628 5854 867 5909 omnium
894 5857 1220 5927 gravissima
1261 5873 1490 5930 corpora
1515 5903 1530 5929 ,
1576 5868 1707 5932 puta
1745 5862 2049 5933 plumbum,

2153 4655 2435 4727 διάφορος,
2475 4657 2674 4723 ἔξωθεν
2729 4654 2890 4724 εἶναι,
2956 4659 3242 4731 σφαιρικὸν
3299 4661 3486 4732 σχῆμα
3531 4661 3743 4732 έχοντα.

2160 4748 2316 4802 Μετὰ
2341 4749 2397 4802 δὲ
2425 4750 2613 4806 τοῦτον
2637 4752 2789 4815 ἐντὸς
2815 4753 2982 4806 αὑτοῦ
3009 4752 3101 4807 τὸν
3121 4753 3258 4824 ἀέρα
3283 4749 3445 4819 εἶναι,
3469 4755 3562 4809 καὶ
3582 4755 3746 4809 αὐτὸν

2163 4841 2470 4914 σφαιρικῶς
2500 4843 2883 4914 περικείμενον
2923 4844 3122 4910 ἔξωθεν
3152 4849 3217 4918 τῇ
3260 4850 3330 4919 γῇ
3353 4865 3366 4878 ⁸
3395 4848 3656 4922 ἐνδοτέρω
3688 4851 3748 4904 δὲ

2161 4934 2326 4990 αὐτοῦ
2357 4935 2549 5008 τρίτην
2578 4932 2719 4990 εἶναι
2749 4939 2984 5009 σφαῖραν
3014 4938 3112 5010 τὴν
3141 4939 3237 4993 τοῦ
3264 4940 3456 5004 ὕδατος
3487 4943 3617 5013 περὶ
3644 4943 3747 4996 αὑ-

2160 5027 2259 5098 τὴν
2289 5028 2387 5099 τὴν
2416 5028 2521 5100 γῆν
2548 5030 2751 5100 μεταξὺ
2780 5030 2874 5084 τοῦ
2919 5031 3081 5103 ἀέρος
3126 5033 3220 5085 καὶ
3254 5033 3353 5104 τῆς
3390 5032 3515 5104 γῆς.
3558 5035 3646 5086 Ἐν
3688 5035 3748 5088 δὲ

2158 5120 2238 5190 τῷ
2279 5123 2588 5195 μεσαιτάτῳ
2612 5123 2713 5195 τὴν
2748 5125 2852 5196 γῆν
2881 5119 3042 5192 εἶναι,
3073 5125 3300 5196 κέντρου
3335 5125 3489 5189 τάξιν
3518 5125 3612 5178 καὶ
3653 5126 3754 5195 μέ-.

2161 5214 2320 5280 γεθος
2351 5215 2678 5286 ἐπέχουσαν,
2709 5217 2786 5282 ὡς
2816 5218 2873 5269 αἱ
2904 5220 3151 5289 σφαῖραι.
3185 5217 3297 5270 Καὶ
3326 5216 3426 5279 τὰς
3455 5217 3552 5288 μὲν
3583 5217 3750 5288 ἄλλας

2160 5309 2308 5377 τρεῖς
2355 5307 2589 5377 σφαίρας
2643 5307 2676 5378 ἢ
2735 5308 3010 5380 τέσσαρας
3060 5308 3489 5378 περιδινεῖσθαι’
3550 5307 3648 5379 τὴν
3690 5307 3749 5361 δὲ
3829 5341 3832 5344 -

2159 5402 2260 5472 τῆς
2284 5401 2388 5471 γῆς
2427 5401 2594 5472 μόνην
2649 5401 2887 5454 ἑστάναι.
2925 5400 3165 5467 Ἕξωοεν
3217 5400 3274 5454 δὲ
3311 5403 3411 5473 τὴν
3443 5400 3538 5453 τοῦ
3574 5402 3748 5471 πυρὸς

2163 5495 2422 5564 σφαῖραν,
2470 5496 2562 5546 καὶ
2596 5493 2855 5564 ἐνδοτέρω
2891 5494 3028 5564 μετὰ
3074 5493 3280 5563 ταύτην
3322 5493 3421 5563 τὴν
3460 5491 3555 5545 τοῦ
3586 5492 3746 5562 ἀέρος

2159 5584 2454 5640 δεδώκασιν
2500 5587 2548 5638 οἰ
2591 5585 2965 5656 Ἀρχιμήδειοι
3013 5583 3421 5656 περιδινεῖσθαι.
3467 5585 3556 5637 Ἐν
3599 5584 3750 5655 μέσῳ

2160 5679 2204 5732 δ’
2237 5675 2374 5732 εἶναι
2421 5678 2520 5751 τὴν
2561 5678 2656 5732 τοῦ
2710 5678 2902 5742 ὓδατος
2941 5680 3036 5732 καὶ
3087 5679 3198 5750 τὴν,
3229 5677 3332 5748 τῆς
3383 5678 3485 5748 γῆς
3517 5675 3606 5734 διὰ
3647 5676 3750 5747 τὴν

2160 5773 2417 5842 τοιαύτην
2452 5772 2650 5826 αἰτίαν.
2696 5773 2763 5825 Εῐ
2801 5791 2885 5837 τις
2929 5773 3058 5844 γάρ,
3101 5773 3254 5842 φασὶ,
3300 5772 3453 5825 λάϐοι
3493 5770 3603 5824 τῶν
3638 5786 3747 5823 σω-

2165 5867 2350 5938 μάτων
2385 5864 2450 5918 τὰ
2496 5864 2792 5938 βαρύτατα,
2823 5860 2934 5920 οἷον
2969 5865 3237 5938 μόλιϐδον,
3285 5865 3378 5918 καί.)⁸
3413 5862 3576 5918 πάλιν
3609 5856 3750 5917 αὐτὰ
