4130 6410
433 411 531 471 9M

1173 416 1490 474 ACHILLIS
1527 419 1709 476 τΑΤιι
1746 417 2042 476 ISAGOGE
2079 421 2170 474 AD
2211 421 2430 478 ARATI‘
2464 419 2935 478 ΡΗᾹΞΝΟΜΕΝΑ.

3571 412 3687 483 9η

431 528 499 581 τὰ
527 527 852 598 κουφότατα,
881 523 992 584 οἷον
1016 531 1226 599 φελλὸν,
1254 535 1347 588 καὶ
1376 534 1466 588 ἴσα
1493 536 1740 606 ἀλλήλοις
1767 538 2003 608 στήσειε,

2111 553 2210 593 nec
2255 555 2366 594 non
2413 540 2516 594 alia
2579 541 2879 604 levissima,
2927 538 3075 594 velut
3123 539 3310 607 suber,
3355 541 3421 595 ad
3466 542 3689 611 pondus

432 621 525 674 καὶ
556 621 856 693 ίσόσταθμα
887 625 1151 694 ποιήσειε,
1181 628 1275 680 καὶ
1311 629 1588 699 συνδήσειε
1615 646 1628 659 ο
1666 629 2005 700 συμϐήσεται

435 712 728 783 μηδέτερον
748 715 853 767 ὑπὸ
875 715 970 768 τοῦ
992 716 1176 787 ἐτέρου
1203 719 1454 774 ἕλκεσθαι
1475 737 1488 750 ⁸
1517 715 1648 786 οἷον,
1675 720 1728 772 εί
1747 739 1828 783 τις
1857 720 2005 791 βάλοι

430 803 602 857 ταῦτα
625 806 706 869 είς
732 805 1029 872 θάλασσαν,
1061 810 1397 882 συμϐήσεται
1440 813 1578 883 μήτε
1625 814 1774 867 κάτω
1816 817 1894 878 είς
1915 815 2004 869 τὸν

433 895 593 966 βυθὸν
645 899 1006 955 καθέλκεσθαι
1047 903 1138 957 τὸν
1184 904 1376 972 φελλὸν
1432 906 1536 959 ὑπὸ
1579 907 1674 958 τοῦ
1733 906 2003 977 μολίϐδου,

433 991 572 1061 μήτε
597 989 689 1044 τὸν
733 991 980 1062 μόλιϐδον
1023 994 1128 1048 ὑπὸ
1171 994 1279 1050 τῶν
1328 996 1534 1065 φελλῶν
1572 999 1902 1053 ἀνέλκεσθαι
1928 1001 2007 1062 εἰς

429 1083 530 1154 τὴν
552 1084 871 1153 ἐπιφάνειαν
908 1085 1002 1139 τοῦ
1047 1085 1262 1152 ὓδατος·
1292 1089 1405 1142 ἀλλ’
1435 1091 1630 1161 ἐπίσης
1650 1092 1740 1144 ὑπ’
1761 1091 2005 1162 ἀλλήλων

429 1175 798 1246 ἀνθελκόμενα
829 1177 1031 1247 μεταξὺ
1055 1178 1154 1247 τῆς
1198 1180 1518 1249 ἐπιφανείας
1563 1182 1657 1236 τοῦ
1700 1182 1890 1246 ὓδατος
1914 1183 2006 1236 καὶ

429 1266 524 1320 τοῦ
552 1266 711 1337 βυθοῦ
741 1262 878 1322 εἶναι
910 1270 1002 1322 τὸν
1030 1270 1276 1340 μόλιϐδον
1311 1273 1406 1326 καὶ
1441 1273 1533 1326 τὸν
1563 1273 1772 1342 φελλόν.
1801 1275 2006 1327 Τεσσά-

435 1375 541 1428 ρων
572 1355 664 1412 οὖν
694 1358 862 1413 ὄντων
895 1361 1002 1414 τῶν
1026 1363 1324 1432 στοιχείων,
1349 1379 1412 1416 συ
1421 1363 1664 1435 μϐέϐηκε
1688 1365 1749 1417 τὸ
1776 1365 1887 1435 πῦρ
1910 1365 2006 1418 καὶ

430 1451 522 1504 τὸν
548 1450 706 1523 ἀέρα,
743 1452 1051 1521 κουφότατα
1079 1454 1226 1519 ὅντα,
1261 1456 1354 1508 ἐπὶ
1391 1455 1490 1526 τὴν
1519 1456 1630 1510 ἄνω
1661 1455 1832 1529 φορὰν
1861 1455 2006 1527 ἔχειν

431 1542 530 1614 τὴν
559 1543 758 1616 ὁρμὴν,
797 1545 890 1598 καὶ
932 1541 1337 1616 περιδινεῖσθαι.
1371 1548 1492 1600 Ὅτι
1533 1547 1589 1600 δὲ
1619 1546 1730 1619 πῦρ
1765 1548 1860 1602 καὶ
1897 1549 2007 1620 ἀὴρ

431 1636 734 1704 κουφότατα
761 1637 854 1689 καὶ
884 1637 1162 1709 ἀνωφερῆ,
1180 1638 1336 1709 δῆλον
1354 1638 1453 1710 μὲν
1478 1638 1572 1692 καὶ
1599 1640 1663 1692 ἐκ
1687 1639 1786 1709 τῆς
1809 1638 2002 1708 ὅψεωςο

425 1727 565 1781 ἀλλά
603 1727 711 1798 μὴν
739 1728 834 1782 καὶ
873 1730 936 1782 ἐκ
974 1729 1084 1784 τῶν
1122 1730 1273 1802 παρά
1311 1734 1424 1795 τοῖς
1465 1735 1668 1803 ἰατροῖς
1697 1735 1921 1798 σικυῶν,
1949 1737 2008 1788 ἐν

430 1816 518 1883 αἷς
556 1820 770 1892 ὁρῶμεν
814 1821 1328 1893 ἀπολαμϐανόμενον
1358 1824 1418 1876 τὸ
1471 1825 1583 1896 πῦρ
1614 1825 1729 1896 ἅμα
1770 1826 1847 1896 τῷ
1879 1827 2003 1898 ἀέρι

428 1912 522 1965 τοῦ
580 1884 720 1966 κατά
769 1912 928 1983 βάθος
980 1884 1207 1982 αἵματος
1259 1915 1358 1987 τὴν
1408 1884 1696 1989 ἀναγωγήν
1752 1884 2004 1991 ποίουμέ-
2035 1884 2078 1944 Β

429 2023 542 2068 νοις
571 2005 662 2059 ⁸⁸⁵.
699 2005 856 2059 Ἀλλά
891 2007 985 2060 καὶ
1026 2006 1134 2061 ἀπὸ
1155 2006 1247 2060 τοῦ
1291 2009 1350 2062 ἐν
1396 2012 1510 2073 τοῖς
1550 2009 1763 2080 λύχνοις
1810 2012 2000 2083 πυρὸς,

429 2095 566 2166 ὅπερ
593 2096 705 2150 ἄνω
735 2096 1032 2168 φερόμενον
1079 2097 1138 2150 τὸ
1172 2099 1229 2152 ἐν
1270 2101 1334 2168 τῇ
1373 2099 1643 2172 κοιλότητι
1681 2100 1774 2154 τοῦ
1808 2102 2003 2172 λύχνου

427 2186 604 2240 ἔλαιον
630 2187 908 2258 ἀνιμᾶται.
946 2187 1104 2240 Ἀλλὰ
1141 2188 1247 2258 μὴν
1292 2190 1388 2242 καὶ
1427 2190 1582 2244 δαλὸν
1608 2192 1768 2254 εἴτις
1800 2191 2005 2262 ἐξάψας

429 2279 698 2348 στρέψειε,
739 2279 890 2334 κάτω
933 2279 1193 2350 φέρεσθαι
1220 2280 1280 2333 τὸ
1312 2280 1572 2352 πῦρόὐκ
1609 2282 1674 2336 ἂν
1711 2283 1964 2354 δυνηθείη
1987 2300 2000 2312 ·

427 2371 680 2443 ἀνωφερῆ
712 2371 822 2443 γὰρ
855 2375 992 2444 ῐσχει
1023 2375 1123 2447 τὴν
1143 2377 1337 2448 ὁρμήν.
1371 2375 1539 2430 Πάλιν
1565 2375 1622 2428 δὲ
1648 2375 1808 2438 εἴτις
1839 2375 2006 2430 ἀσκὸν

427 2455 651 2527 πλήσειε
677 2459 987 2530 πνεύματος
1007 2467 1101 2515 καὶ
1119 2462 1468 2533 ἁποσφίγξει,
1489 2464 1634 2534 ῥίψει
1657 2463 1714 2516 δὲ
1731 2467 1812 2528 είς
1839 2465 2002 2536 ῦδωρσ

426 2549 578 2602 οὐδὲν
601 2544 762 2622 ἦττον
790 2553 1109 2618 ἐπιπολάζει
1149 2557 1178 2608 ὁ
1215 2557 1401 2619 ἀσκός.
1432 2557 1554 2609 Ὅτι
1581 2555 1638 2608 δὲ
1669 2558 1702 2627 ἡ
1727 2557 1798 2627 γῆ
1829 2556 1922 2610 καὶ
1946 2557 2008 2609 τὸ

428 2642 574 2714 ὕδωρ
601 2643 773 2715 βαρέα
797 2647 892 2699 καὶ
920 2647 1235 2718 κατωφερῆ,
1263 2648 1325 2700 ού
1351 2647 1433 2700 δεῖ
1457 2646 1640 2716 λόγου,
1680 2649 1780 2718 τῆς
1810 2647 2005 2718 πείρας

426 2733 781 2806 διδασκούσης
806 2777 819 2792 .
858 2736 968 2808 Τὴν
996 2737 1053 2791 δὲ
1084 2738 1257 2804 τάξιν,
1301 2740 1368 2809 ἢν
1407 2738 1714 2809 δεδώκαμεν
1745 2737 1824 2809 τῷ
1849 2756 2007 2808 σφαι-

428 2823 664 2898 ρώματι,
694 2830 743 2881 οί
781 2829 1027 2900 Ὀρφικοὶ
1060 2829 1278 2900 λέγουσι
1303 2830 1692 2902 παραπλησίαν
1723 2827 1861 2884 εἶναι
1893 2833 2007 2892 τοῖς

425 2920 571 2984 ὠοῖς.
605 2920 702 2975 Ὃν
730 2921 838 2993 γάρ
868 2920 980 2992 ἔχει
1008 2922 1165 2991 λόγον
1202 2924 1263 2976 τὸ
1289 2923 1523 2994 λέπυρον
1548 2926 1606 2976 ἐν
1644 2922 1722 2995 τῷ
1746 2923 1858 2993 ὠῷ,
1884 2923 2007 2976 τοῦ-

423 3029 516 3066 τον
549 3012 691 3084 ἔχειν
721 3017 778 3067 ὲν
808 3013 888 3085 τῷ
910 3016 1070 3068 παντὶ
1093 3016 1184 3067 τὸν
1209 3016 1435 3086 οὐρανόν
1456 3033 1468 3045 ’
1495 3016 1590 3069 καὶ
1613 3015 1688 3079 ὡς
1712 3015 2006 3086 ἐξήρτηται

424 3106 520 3159 τοῦ
545 3107 775 3178 οὐρανοῦ
810 3108 1150 3180 κυκλοτερῶς
1181 3111 1210 3162 ό
1253 3108 1436 3180 αἰθὴρ,
1471 3107 1612 3162 οὓτω
1644 3107 1738 3162 τοῦ
1767 3107 2005 3180 λεπύρου

2107 630 2315 698 aequale
2361 631 2563 700 capiat,
2617 641 2671 684 et
2723 631 2956 686 invicem
2998 630 3220 700 alliget;
3267 631 3400 687 illud
3451 631 3679 700 accidet,

2108 732 2360 776 neutrum
2409 729 2469 775 ut
2509 722 2579 777 ab
2624 722 2800 777 altero
2848 723 2992 777 trahi
3024 721 3241 792 possit:
3273 733 3334 777 ut
3378 725 3426 780 si
3466 725 3591 796 quis
3622 724 3684 779 in

2107 829 2258 872 mare
2287 816 2392 870 ista
2421 817 2697 887 projiciat,
2733 833 2912 888 neque
2941 819 3109 875 suber
3139 820 3197 874 in
3225 818 3559 890 profundum
3587 817 3682 874 de-

2107 907 2376 976 primatur
2422 923 2453 963 a
2483 909 2729 979 plumbo,
2774 925 2954 981 neque
2983 911 3266 981 plumbum
3307 911 3374 965 ad
3409 918 3687 967 summanr

2108 1011 2306 1066 aquam
2345 1012 2376 1050 a
2398 998 2599 1054 subere
2625 1001 2804 1070 possit
2832 1001 3009 1055 attolli
3034 1020 3050 1056 :
3075 1001 3170 1057 sed
3206 1017 3274 1056 ex
3307 1017 3465 1072 aequo
3497 1001 3680 1056 utrim

2106 1103 2213 1158 que
2236 1095 2413 1144 tracta
2433 1091 2599 1146 suber
2628 1098 2684 1147 et
2706 1091 2992 1162 plumbum
3023 1108 3292 1149 summam
3319 1093 3461 1148 inter
3480 1106 3682 1163 aquam

2109 1179 2448 1252 fundumque
2477 1197 2749 1251 suspensa
2788 1189 3100 1238 teneantur.
3149 1183 3518 1249 Quamobrem
3555 1199 3690 1239 cum
3738 1219 3746 1228 .

2110 1271 2221 1327 sint
2247 1273 2514 1328 elementa
2538 1282 2798 1347 quatuor,
2831 1272 3031 1329 accidit
3071 1281 3130 1328 ut
3154 1274 3298 1344 ignis
3329 1282 3383 1329 et
3413 1289 3529 1338 aer,
3559 1279 3691 1345 quae

2109 1374 2238 1420 sunt
2271 1365 2574 1431 levissima,
2611 1381 2833 1422 sursum
2869 1373 3062 1437 suapte
3107 1373 3304 1436 sponte
3363 1373 3683 1436 naturaeque

2109 1457 2312 1526 impetu
2342 1458 2612 1523 ferantur,
2641 1466 2696 1514 et
2732 1460 2788 1514 in
2819 1459 3007 1514 orbem
3034 1457 3330 1530 agitentur.
3361 1455 3498 1511 Nam
3533 1457 3680 1528 quod

2109 1550 2249 1619 ignis
2273 1561 2327 1604 et
2359 1566 2452 1605 aer
2481 1552 2765 1606 levissima
2795 1565 3030 1622 corpora
3065 1551 3205 1618 sint,
3224 1558 3278 1604 et
3308 1565 3530 1607 sursum
3561 1557 3683 1604 ten-

2107 1641 2312 1705 dentia,
2371 1656 2495 1696 cum
2547 1643 2832 1697 oculorum
2885 1657 3053 1697 sensu
3111 1641 3514 1706 discernimus,
3563 1649 3683 1694 tum

2110 1734 2444 1789 medicorum
2472 1735 2772 1790 cucurbitae
2793 1733 3213 1800 demonstrant;
3239 1732 3439 1803 quibus
3468 1731 3691 1786 inclusa‘

2108 1825 2355 1880 videmus
2404 1826 2566 1880 ambo
2615 1841 2682 1880 ex
2713 1825 2822 1896 76
2842 1826 2954 1879 alto
3007 1824 3330 1893 sanguinem
3371 1821 3689 1877 extrahere.-

2109 1919 2256 1972 ldem
2305 1927 2358 1973 et
2401 1920 2754 1974 lucernarum
2802 1918 2946 1988 ignis
2994 1917 3261 1973 ostendit.
3308 1915 3411 1983 Qui
3462 1928 3683 1973 sursum

2106 2011 2318 2065 enitens
2363 2010 2544 2065 oleum
2589 2011 2654 2064 ad
2690 2024 2750 2064 se
2790 2009 2981 2074 trahit,
3009 2009 3156 2080 quod
3189 2009 3429 2064 lucernae
3471 2006 3684 2062 alveolo

2107 2103 2437 2157 continetur.
2475 2101 2620 2168 Quin
2652 2102 2820 2157 etiam
2868 2109 3074 2157 torrem
3134 2115 3427 2157 accensum
3466 2103 3518 2157 si
3554 2101 3686 2171 quis

2109 2194 2367 2258 invert'at,
2400 2209 2681 2264 nunquam
2708 2195 2968 2251 deorsum
3010 2194 3238 2249 omnino
3271 2193 3460 2248 tendet
3489 2192 3633 2264 ignis
3666 2212 3684 2245 :«

2107 2282 2310 2352 quippe
2341 2298 2500 2352 quem
2534 2283 2589 2337 in
2622 2283 2792 2336 altum
2823 2282 3010 2337 nativa
3031 2282 3279 2353 quaedam
3309 2282 3393 2337 vis
3430 2281 3682 2353 impellit.

2107 2371 2324 2429 Rursus
2363 2374 2410 2429 si
2445 2373 2573 2445 quis
2605 2383 2773 2429 vento
2816 2373 3117 2430 distentum
3166 2381 3342 2429 utrem
3381 2381 3438 2430 et
3477 2372 3689 2442 obligad

2108 2476 2226 2519 tum
2282 2466 2337 2520 in
2389 2481 2586 2536 aquam
2631 2465 2926 2536 projiciat,
2981 2466 3342 2521 nihilominus
3390 2465 3690 2521 innatabit;

2109 2557 2264 2625 Quod
2300 2566 2482 2613 autem
2507 2565 2654 2613 terra
2686 2569 2740 2613 et
2768 2574 2910 2629 aqua
2943 2559 3130 2627 gravia
3159 2561 3291 2626 sint,
3329 2574 3394 2614 ac
3425 2559 3692 2615 deorsum-

2111 2649 2382 2714 ferantur,
2410 2649 2628 2705 ratione
2658 2650 2807 2704 nulla
2830 2651 3051 2720 probari
3083 2665 3312 2708 necesse
3335 2658 3443 2720 est,
3469 2666 3597 2707 cum
3627 2650 3690 2704 id

2109 2741 2245 2796 satis
2275 2740 2614 2812 experientia
2636 2746 2890 2798 testetur.
2920 2740 3190 2796 Caeterum
3220 2741 3357 2798 ordo
3380 2742 3497 2808 ille,
3516 2757 3689 2812 quem

2109 2833 2165 2887 in
2191 2831 2381 2887 mundi
2410 2831 2622 2903 sphaera
2659 2832 3073 2898 constituimus,
3101 2848 3328 2889 ovorum
3346 2833 3545 2890 similis
3573 2843 3692 2899 est,’

2109 2931 2170 2979 ut
2190 2922 2392 2996 Orphei
2425 2933 2730 2982 sectatores
2754 2925 2972 2980 docent.
3019 2925 3194 2991 Quam
3229 2926 3375 2982 enim
3411 2926 3691 2982 rationem‘

2109 3015 2272 3071 habet
2312 3017 2368 3072 in
2417 3031 2520 3072 ovo
2560 3023 2846 3087 putamen,
2891 3017 3139 3072 eamdem
3173 3017 3230 3072 in
3277 3024 3394 3073 toto
3423 3017 3693 3074 universo“

2109 3109 2311 3163 coelum
2345 3108 2589 3174 obtinet;
2638 3117 2802 3179 atque
2827 3117 2886 3162 ut
2919 3110 2974 3162 in
2999 3109 3186 3164 orbem
3218 3125 3249 3165 e
3276 3109 3419 3166 caelo
3446 3125 3686 3182 suspen-

423 3201 453 3252 ὁ
482 3200 645 3271 ὑμήν.
685 3201 842 3253 Κατὰ
873 3201 929 3253 δέ
961 3219 1134 3266 τινας,
1174 3202 1359 3272 ἐπειδὴ
1399 3202 1428 3253 ὁ
1461 3201 1687 3272 οὐρανὸς
1724 3201 1818 3254 καὶ
1843 3200 2006 3272 αἰθὴρ

2112 3215 2208 3254 sus
2237 3209 2322 3253 est
2349 3199 2542 3264 :ether,
2589 3198 2669 3253 sic
2709 3213 2741 3253 e
2771 3197 3052 3268 putamine
3083 3196 3355 3267 pellicula.
3390 3196 3510 3262 Vel,
3536 3198 3688 3270 quod

424 3284 507 3352 εἷς
545 3290 682 3354 ἐστι,
715 3288 852 3360 μετά
879 3290 936 3343 δὲ
968 3289 1155 3344 τοῦτον
1176 3295 1204 3345 ὁ
1228 3292 1336 3362 ἀήρ
1358 3309 1369 3322 ·
1407 3291 1560 3344 ἔσται
1595 3291 1653 3344 ἐν
1679 3293 1790 3355 τοῖς
1818 3291 1944 3355 ὠοῖς
1981 3295 2007 3344 ὁ

425 3382 568 3455 ὑμὴν
602 3382 694 3436 τοῦ
718 3383 878 3453 ἀέρος
906 3382 1058 3447 τάξιν
1095 3384 1311 3455 ἐπέχων
1339 3387 1406 3456 σή
1438 3383 1493 3436 δὲ
1527 3383 1693 3454 λευκὴ
1722 3383 1858 3455 σὰρξ
1884 3385 1918 3454 ἡ
1950 3386 2006 3437 ἐν

422 3472 502 3544 τῷ
525 3473 637 3546 ὼῷ,
678 3475 728 3527 εἰ
757 3474 858 3546 τὴν
899 3475 993 3527 τοῦ
1041 3475 1202 3547 ἀέρος
1243 3475 1396 3540 τάξιν
1443 3475 1648 3546 ἐπέχει,
1681 3473 1832 3527 ἔσται
1871 3474 2007 3544 ήλέ-

425 3567 574 3631 κιθος
603 3565 698 3621 τοῦ
723 3566 832 3621 ὠοῦ
871 3567 970 3639 τὴν
999 3565 1094 3620 τοῦ
1127 3567 1317 3630 ὓδατος
1346 3566 1500 3632 τάξιν
1537 3567 1808 3637 ἐπέχουσα
1827 3585 1840 3597 ·
1867 3567 1928 3619 τὸ
1952 3567 2004 3620 δὲ

424 3660 704 3714 ὲνδότατον
730 3659 825 3714 καὶ
861 3659 1184 3730 μεσαίτατον
1216 3659 1313 3730 τῆς
1337 3658 1550 3712 λεκίθου
1582 3657 1680 3729 τὴν
1705 3656 1858 3723 τάξιν
1884 3656 2005 3728 ἕχον

422 3752 524 3820 τῆς
553 3754 672 3822 γῆς.
695 3753 758 3805 Ei
782 3751 838 3804 δὲ
868 3752 1043 3824 ὑμένα
1066 3751 1158 3805 τὸν
1187 3753 1247 3804 ἐν
1281 3751 1359 3820 τῷ
1387 3750 1480 3821 ὠῷ
1508 3751 1630 3804 ἀντὶ¹
1656 3749 1749 3803 τοῦ
1790 3749 2005 3821 αἰθέρος

423 3844 695 3915 λάϐωμεν,
719 3845 781 3898 τὸ
805 3844 912 3899 τῶν
941 3844 1167 3916 ὀρνίθων
1195 3845 1336 3913 γάλα
1373 3845 1488 3898 ἀντ’
1515 3845 1676 3913 ἀέρος
1704 3842 1877 3907 ἔσται,
1913 3843 2006 3896 καὶ

421 3938 459 4008 ἡ
498 3936 694 4001 ἔξωθεν
726 3936 999 4009 περιφορὰ
1036 3936 1136 4008 τῆς
1183 3935 1398 3990 λεκίθου
1435 3937 1554 3991 ἀντὶ
1598 3938 1820 4000 ὓδατος*
1856 3936 1917 3988 τὸ
1947 3935 2004 3988 δὲ

423 4026 706 4080 ἐνδότατον
737 4028 831 4080 καὶ
868 4028 1192 4098 μεσαίτατον
1229 4021 1349 4081 ἀντὶ
1395 4027 1496 4097 τῆς
1524 4029 1645 4098 γῆς.
1678 4024 1921 4080 Καθόλου
1947 4024 2003 4078 δὲ
2043 4049 2046 4056 η

422 4117 521 4172 ἐὰν
550 4117 710 4171 πέντε
741 4118 977 4189 σφαίρας
1015 4117 1258 4189 εἴπωμεν
1297 4117 1438 4172 κατὰ
1481 4117 1571 4171 τὸν
1603 4117 2000 4188 Ἀριστοτέλην,

421 4209 484 4264 τὸ
507 4209 786 4264 ἐνδότατον
811 4210 909 4281 τῆς
948 4208 1162 4263 λεκίθου
1205 4210 1324 4264 ἀντὶ
1356 4210 1456 4280 τῆς
1498 4210 1602 4280 γῆς
1641 4207 2003 4281 παραληφθή-

424 4317 576 4354 σεται
595 4318 608 4330 ·
642 4299 737 4354 ἐὰν
769 4299 825 4353 δέ
854 4298 1122 4371 τέσσαρας
1150 4301 1292 4353 κατὰ
1319 4300 1447 4362 τοὺς
1479 4298 1693 4364 ἄλλους,
1723 4300 1818 4371 ὅλη
1851 4301 1884 4370 ἡ
1914 4299 2001 4353 λέ-

423 4391 571 4456 κιθος
599 4391 721 4445 ἀντὶ
756 4390 855 4462 τῆς
883 4391 986 4463 γῆς
1013 4391 1184 4456 ἔσται,
1213 4393 1274 4444 ού
1303 4390 1446 4446 κατὰ
1487 4395 1548 4446 τὸ
1583 4391 1831 4462 μέγεθος,
1867 4389 2000 4443 ἀλλὰ

421 4486 564 4541 κατά
587 4486 688 4557 τήν
717 4484 890 4550 τάξιν.

495 4667 620 4724 Ὅτι
646 4668 704 4722 δὲ
730 4666 826 4720 καὶ
849 4665 1076 4735 ἕστηκεν
1105 4666 1138 4736 ἠ
1187 4667 1282 4735 γῆ,
1327 4665 1731 4736 παραδείγματι
1761 4660 2009 4736 χρῶνται

419 4761 614 4832 τούτῳ.
642 4759 712 4813 Et
729 4775 834 4822 τις,
875 4757 1058 4826 φασὶν,
1109 4758 1188 4819 είς
1231 4754 1443 4824 φύσκαν
1474 4756 1706 4827 κέγχρον
1757 4755 1928 4825 βάλοι,
1965 4756 1998 4827 ἢ

421 4853 620 4908 κόκκον
644 4850 842 4922 φακοῦ,
879 4849 975 4904 καὶ
1009 4849 1290 4920 φυσήσειε,
1330 4850 1424 4902 καὶ
1462 4848 1797 4919 ἐμπλήσειεν
1829 4849 2000 4918 αὐτὴν

422 4945 610 5018 ἀέρος’
646 4944 982 5016 συμϐήσεται
1023 4941 1453 5014 μετεωρισθέντα
1480 4940 1570 4994 τὸν
1595 4929 1792 4993 κόκκον
1818 4942 1876 4992 ἐν
1907 4940 2003 5010 μέέ

423 5053 501 5107 σῳ
538 5037 644 5108 τῆς
661 5035 902 5099 κύστεως
927 5036 1137 5106 στῆναι.
1169 5035 1279 5089 Καὶ
1301 5033 1400 5106 τὴν
1435 5033 1540 5104 γῆν
1573 5033 1629 5087 δέ
1660 5031 2000 5102 πανταχόθεν

422 5128 526 5181 ὑπὸ
563 5119 656 5182 τοῦ
695 5127 856 5198 ἀέρος
897 5125 1234 5198 ὠθουμένην,
1278 5116 1582 5196 ἰσορρόπως
1629 5127 1687 5180 ἐν
1729 5123 1808 5195 τῷ
1851 5125 2001 5195 μέσῳ

420 5213 559 5272 εἶναι
597 5219 694 5272 καὶ
737 5217 978 5272 ἑστάναι.
1020 5217 1094 5269 Ἢ
1146 5215 1311 5270 πάλιν
1354 5213 1543 5284 ὥσπερ
1591 5213 1646 5266 εί
1685 5231 1768 5276 τις
1821 5212 2000 5266 λαϐὼν

421 5306 582 5377 σῶμα
622 5305 801 5376 δήσειε
851 5303 1184 5374 πανταχόθεν
1229 5303 1480 5373 σχοινίοις
1503 5342 1518 5367 ,
1567 5303 1661 5356 καὶ
1709 5301 1825 5372 δοίη
1857 5301 2000 5354 τισὶν

422 5391 724 5471 ἰσορρόπως
773 5397 951 5451 ἕλκειν
1000 5398 1087 5450 ἐπ’
1140 5393 1458 5464 ἀκριϐείαςο
1507 5393 1844 5464 συμϐήσεται
1890 5393 2000 5464 γὰρ

419 5489 754 5560 πανταχόθεν
771 5488 966 5558 ἐπίσης
1001 5488 1419 5559 περιελκόμενον
1455 5486 1644 5557 στῆναι
1691 5485 1784 5538 καὶ
1833 5486 1999 5557 ἀτρε-

422 5583 618 5653 μῆσαι.
653 5577 960 5652 Ξενοφάνης
985 5580 1042 5634 δὲ
1071 5577 1171 5634 οῦκ
1207 5579 1376 5634 οἴεται
1424 5580 1694 5650 μετέωρον
1723 5574 1864 5632 εἶναι
1899 5581 2007 5649 τὴν

419 5675 552 5746 γῆν,
574 5673 710 5728 ἁλλά
740 5672 890 5726 κάτω
921 5675 1000 5736 εἰς
1023 5673 1248 5742 ἄπειρον
1281 5671 1541 5743 καθήκειν
1568 5689 1579 5701 ’
1619 5669 1752 5739 φησὶ
1777 5668 1928 5738 γάρ-ο

525 5853 593 5886 ⁸⁸⁸
627 5853 668 5923 f.
711 5853 1026 5922 ποιούμενα.

2111 3290 2234 3344 aliis
2261 3291 2460 3360 placet,
2503 3289 2762 3360 quoniam
2792 3289 2966 3344 aether
2993 3288 3135 3344 idem
3160 3296 3245 3345 est
3282 3303 3347 3344 ac
3383 3290 3622 3356 cielum;
3653 3304 3695 3343 a-

2107 3396 2217 3450 quo
2240 3379 2522 3451 proximus
2554 3387 2637 3434 est
2665 3395 2780 3445 aer,
2809 3379 2914 3434 erit
2943 3380 2997 3433 in
3022 3394 3125 3434 ovo
3157 3379 3473 3434 membrana
3507 3380 3697 3435 instar

2108 3473 2292 3528 aeris:
2326 3483 2461 3526 caro
2491 3477 2671 3526 autem
2727 3462 2932 3534 albida,
2966 3485 3089 3540 qum
3136 3471 3192 3524 in
3242 3470 3431 3525 eodem
3479 3478 3584 3536 est,
3635 3472 3695 3527 si

2106 3564 2323 3636 quidem
2357 3565 2470 3619 aeri
2508 3546 2823 3633 respondet,
2857 3578 3012 3634 aqua:
3041 3561 3221 3618 locum
3245 3561 3462 3618 vitellus
3483 3562 3695 3618 habere

2106 3658 2312 3727 potest;
2345 3663 2461 3709 tum
2496 3655 2641 3725 quod
2667 3655 2900 3711 interius
2933 3663 3016 3711 est
3046 3655 3103 3709 in
3125 3654 3306 3709 medio
3339 3654 3543 3716 vitello,
3572 3660 3687 3709 ter-

2106 3764 2221 3803 ram
2272 3748 2559 3818 exprimet.
2629 3747 2726 3802 Sin
2775 3755 2860 3803 est
2923 3753 2985 3800 ut
3049 3745 3426 3801 membranam
3480 3745 3568 3800 ovi
3613 3731 3693 3800 ad

2105 3839 2310 3895 aethera
2355 3838 2660 3894 transferre
2710 3837 2988 3902 malimus,
3043 3849 3143 3908 pro
3192 3850 3320 3891 aere
3351 3835 3686 3913 gallinarum

2106 3933 2190 3986 lac
2223 3930 2580 3997 habebimus;
2612 3937 2667 3985 et
2701 3927 2869 3984 vitelli
2894 3936 3174 3984 extremus
3217 3927 3458 3982 ambitus
3485 3941 3691 3998 aquam

2106 4022 2404 4077 exhibebit.
2442 4019 2599 4087 Quod
2653 4021 2886 4077 interius
2933 4029 3039 4084 est,
3090 4027 3144 4074 et
3175 4019 3231 4074 in
3273 4018 3488 4086 medio,
3523 4025 3684 4074 terra:

2106 4116 2279 4168 instar
2308 4113 2430 4168 erit.
2462 4112 2544 4167 Ad
2571 4113 2947 4177 summam,si
2975 4119 3098 4165 cum
3123 4107 3416 4171 Aristotele
3437 4109 3686 4181 quinque

2105 4205 2348 4275 sphaeras
2379 4220 2504 4260 esse
2546 4204 2875 4271 dixerimus,
2919 4202 3064 4274 quod
3099 4203 3352 4257 intimum
3389 4209 3474 4258 est
3498 4203 3555 4256 in
3599 4203 3683 4255 vi-

2105 4298 2256 4362 tello,
2299 4305 2462 4352 terra!
2507 4297 2630 4350 loco
2679 4305 2948 4350 sumetur.
3005 4293 3109 4348 Sin
3149 4301 3385 4363 quatuor
3426 4304 3692 4363 putemus

2104 4403 2259 4453 esse,
2295 4387 2441 4456 quod
2489 4386 2580 4439 alii
2615 4393 2873 4451 censent;
2907 4399 3008 4455 pro
3062 4391 3210 4437 terra
3247 4382 3492 4438 vitellum
3541 4382 3693 4437 inte-'

2104 4494 2296 4550 grum,
2346 4492 2456 4532 non
2509 4477 2941 4548 magnitudinis,
2994 4476 3089 4532 sed
3145 4477 3286 4530 situs
3331 4477 3542 4530 ratione
3583 4491 3678 4531 ca-

2028 4573 2074 4627 D
2102 4571 2335 4641 piemus.

2174 4661 2295 4717 Jam
2329 4660 2472 4732 quod
2510 4661 2806 4716 immobilis
2852 4669 2999 4717 terra
3045 4661 3328 4724 consistat,
3361 4661 3465 4714 hoc
3497 4674 3686 4714 exemi

2103 4753 2194 4823 plo
2227 4752 2514 4822 colligunt.
2547 4749 2763 4805 Etenim
2790 4750 2838 4805 si
2883 4750 3032 4821 quis,
3077 4749 3253 4813 aiunt,
3285 4750 3343 4803 in
3375 4743 3689 4804 follicul‘um'

2103 4844 2260 4907 milii,
2297 4850 2396 4898 Seu
2445 4840 2721 4898 lentiCulae
2764 4855 2997 4910 granum
3036 4839 3281 4909 iujiciat,
3331 4846 3386 4892 et
3436 4837 3694 4893 inﬂando‘

2102 4934 2362 5004 deinceps
2395 4943 2523 4989 aere
2551 4931 2844 5002 compleat,
2875 4930 3076 4986 elatum
3113 4931 3170 4984 in
3192 4929 3423 4985 sublime
3449 4937 3690 5000 granum‘

2102 5027 2159 5080 in
2214 5026 2408 5080 vesicae
2460 5022 2640 5080 medio
2691 5022 2955 5078 manebit.
3017 5022 3100 5074 Ad
3144 5019 3397 5077 eumdem
3456 5020 3690 5076 modum

2104 5124 2257 5173 terra'
2284 5117 2650 5185 undecunque
2701 5114 2770 5168 ab
2819 5129 2949 5168 aere
2979 5114 3160 5184 pulsa,
3211 5120 3272 5165 et‘
3299 5111 3367 5166 in'
3401 5111 3582 5167 medio
3623 5111 3690 5164 li-‘

2101 5211 2257 5265 brata
2286 5208 2661 5278 suspenditur.
2697 5206 2806 5261 Aut
2835 5204 3297 5276 quemadmodum
3331 5203 3379 5260 si
3402 5203 3528 5273 quis
3556 5215 3681 5256 coro

2102 5316 2207 5373 pus
2245 5299 2466 5371 aliquod
2501 5299 2743 5369 undique
2788 5297 3029 5354 funibus-
3065 5295 3344 5367 alligatum
3393 5293 3693 5364 aequaliter"

2104 5394 2174 5449 ab
2195 5392 2345 5448 omni
2380 5400 2535 5462 parte
2555 5391 2746 5461 jubcat
2770 5387 2993 5455 attrahi,
3027 5385 3419 5454 cum-undique
3449 5382 3691 5454 paribus

2103 5485 2394 5540 momentis
2442 5483 2788 5553 impellatur,
2836 5480 3002 5536 stabit
3045 5486 3106 5534 et
3146 5478 3413 5548 quiescet.
3459 5475 3530 5529 At
3577 5473 3684 5530 Xe—

2103 5581 2388 5649 nophanes
2415 5583 2578 5646 negat
2599 5576 2655 5629 in
2677 5589 2852 5630 vacuo
2880 5585 3204 5641 suspensam
3234 5569 3409 5626 teneri
3436 5575 3640 5624 terram
3657 5574 3688 5635 ;’

2105 5670 2198 5728 sed
2220 5671 2275 5726 in
2304 5670 2648 5726 immensum
2662 5666 2806 5722 infra
2827 5667 3098 5736 pertinere
3121 5681 3136 5731 ;
3170 5662 3251 5718 sic
3271 5661 3416 5719 enim
3440 5658 3644 5720 cecmit
3660 5665 3690 5714 ιε
