4166 6408
391 390 496 449 953

1420 371 1508 426 AD
1547 369 1817 427 EUSEBII
1846 369 2246 430 CHRONICON
2291 360 2656 424 APPENDIX.

3544 351 3648 408 9η

397 511 574 564 Terra!
597 501 804 574 quidem
829 500 909 553 hic
930 498 1188 574 terminus
1211 501 1518 574 supra_ante
1535 490 1689 560 pedes
1713 493 1966 573 cernitur,
2001 542 2002 549 η

2110 485 2392 574 ἀίηςῖμρν
2421 483 2557 538 τόδε
2582 477 2789 574 πεῖρας
2821 478 2944 574 ἄνευ
2967 475 3128 574 παρὰ
3171 472 3396 574 πὲοσῗὶν
3409 470 3647 574 ἐρᾶται,

405 562 466 632 Et
483 562 868 647 ﬂuit'oberrans
888 585 903 622 :
922 569 1164 638 inﬁmum
1181 562 1356 618 autem
1377 564 1686 616 immensum
1703 562 1968 632 pertingit.

473 749 872 820 Aristophanes
896 753 1078 800 autem
1110 743 1166 796 in
1201 739 1446 795 Nubibus
1477 754 1802 810 suspensam
1828 738 1972 795 illam

424 843 534 896 acit
565 841 652 894 his
684 838 867 893 verbis
901 853 914 890 :

405 949 450 1007 Ο
483 949 692 1005 domine
721 961 833 1013 rex,
867 945 1114 998 immense
1145 956 1258 1006 aer,
1291 940 1380 1011 qui
1410 939 1608 994 obtines
1626 948 1830 1082 [terram
1861 953 1978 992 sus-

1648 1024 1861 1078 pensam
1891 1024 1909 1061 :

1648 1024 1861 1078 pensum
1891 1024 1909 1061 :

406 1131 501 1188 sed
533 1137 768 1188 stantem
799 1125 1158 1183 nihilominus
1185 1134 1239 1180 et
1261 1123 1566 1179 immotam.
1592 1120 1735 1176 llinc
1755 1122 1982 1187 Aratus,

620 1347 633 1358 .
680 1345 695 1360 .
744 1344 759 1359 .
805 1303 979 1370 habet,
1010 1302 1207 1371 inquit,
1241 1299 1492 1355 libratam
1517 1295 1746 1368 undique

621 1374 688 1429 In
724 1375 894 1429 medio
928 1383 1145 1438 terram,

411 1502 534 1560 quae
559 1495 816 1542 neutram
850 1494 1036 1558 vergat
1068 1485 1125 1540 in
1147 1491 1380 1556 partem.
1403 1481 1608 1539 Verum
1633 1481 1989 1553 Empedocles

411 1588 562 1636 certa
595 1579 883 1634 elementis
913 1577 1032 1633 loca
1073 1592 1184 1632 non
1215 1575 1504 1644 attribuit;
1535 1575 1633 1632 sed
1670 1575 1766 1630 illa
1795 1573 1990 1630 cedere

411 1670 644 1726 invicem
668 1669 904 1736 asserit;
940 1668 1076 1724 adeo
1102 1675 1162 1723 ut
1191 1676 1302 1722 tam
1335 1667 1589 1725 sublimis
1622 1676 1791 1733 terra,
1825 1678 1990 1736 quam

413 1761 736 1834 depressum
764 1761 968 1818 ctelum
995 1761 1263 1832 rapiatur.

901 1874 1034 1942 Qua:
1058 1874 1127 1929 sit
1153 1883 1352 1930 natura
1380 1876 1518 1932 caeli.

481 1970 536 2025 5.
571 1968 787 2025 Caelum
825 1967 919 2022 alii
957 1967 1178 2039 igneum
1225 1973 1281 2022 et
1315 1967 1552 2023 solidum
1589 1980 1716 2023 esse
1747 1965 1939 2020 dicunt
1972 1980 1985 2015 :

416 2063 561 2118 intra
581 2061 730 2134 quod
761 2060 1008 2132 proxima
1039 2061 1110 2116 sit
1131 2060 1275 2131 ignis
1308 2060 1542 2131 sphaera,
1576 2059 1814 2131 lampadi
1835 2059 1991 2115 simi-

416 2156 488 2212 lis
524 2173 537 2209 :
569 2154 674 2210 nisi
710 2153 858 2224 quod
904 2152 960 2206 in
1009 2152 1258 2222 lampade
1308 2167 1530 2208 sursum
1582 2151 1756 2207 tendit
1805 2150 1989 2221 ignis:

417 2247 586 2303 aether
627 2260 760 2301 vero
805 2246 1084 2300 deorsum.
1130 2243 1268 2299 Tum
1307 2243 1550 2299 divinum
1594 2242 1854 2313 quiddam
1896 2258 1994 2313 pu-

419 2357 542 2396 rum
590 2346 646 2396 et
678 2338 949 2394 illibatum
994 2345 1078 2394 est
1117 2337 1316 2403 aether;
1351 2336 1494 2408 ignis
1534 2351 1667 2391 vero
1711 2323 1994 2405 corrumpi

419 2439 620 2506 potest.
653 2429 1010 2502 Empedocles
1057 2429 1303 2500 crystalli
1345 2428 1524 2484 simile
1556 2427 1707 2493 facit,
1753 2428 1899 2484 velut
1928 2443 1995 2482 ex

420 2525 594 2596 glacie
620 2530 990 2594 compactum.
1016 2521 1426 2576 Anaximander
1455 2521 1682 2576 volucre
1706 2520 1848 2591 ignis
1873 2535 1997 2591 par-

421 2618 618 2686 ticeps.
665 2615 990 2670 Aristoteles
1038 2628 1240 2684 corpus
1289 2628 1355 2669 ex
1393 2611 1590 2684 frigido
1634 2618 1898 2668 constans
1945 2617 1999 2667 et

424 2707 627 2763 calido.
647 2704 759 2762 Nec
781 2706 1036 2762 dubitant
1057 2705 1191 2776 quin
1219 2705 1291 2761 sit
1308 2704 1512 2759 animal
1539 2704 1763 2760 cmlum.
1789 2703 2000 2774 Quippe

425 2815 551 2855 cum
575 2806 629 2855 et
648 2814 747 2871 per
781 2813 902 2854 sese
933 2805 1236 2863 moveatur,
1273 2805 1327 2853 et
1360 2797 1550 2853 eodem
1595 2796 1759 2851 modo
1787 2811 2002 2866 semper

426 2891 486 2946 in
518 2891 707 2947 orbem
737 2891 979 2958 cieatur,
1011 2896 1176 2960 atque
1215 2889 1284 2944 ab
1334 2887 1526 2944 iisdem
1554 2888 1776 2959 punctis
1811 2888 1879 2942 ad
1910 2902 2002 2942 ea-

428 2984 552 3041 dem
592 2981 976 3039 vicissitudine
1007 2988 1267 3053 perpetua
1315 2992 1634 3049 revocetur;
1668 2981 1772 3036 hoc
1821 2981 2002 3052 ipsum

429 3081 612 3129 mente
642 3072 855 3143 praediti
881 3087 1003 3128 esse
1018 3071 1308 3128 conﬁrmat
1336 3071 1512 3128 Plato.
1542 3072 1684 3138 Quin
1715 3071 1881 3127 etiam
1913 3085 2006 3127 so-

430 3167 501 3222 lis
527 3181 754 3222 cursum
798 3180 862 3220 ac
907 3165 1050 3220 luna:
1087 3164 1355 3222 circuitus
1400 3165 1700 3229 intuemur,
1733 3174 1787 3220 et
1815 3180 2006 3221 erran-

432 3260 569 3314 tium
622 3267 946 3315 caaterorum
988 3258 1510 3314 circumvolutiones
1557 3264 1614 3312 et
1658 3272 2006 3329 progressus.
2037 3234 2080 3292 (ἶ

433 3349 531 3407 Est
565 3356 748 3406 autem
790 3349 1084 3407 animantis
1121 3349 1226 3405 hoc
1253 3349 1559 3420 proprium,
1601 3363 1634 3403 a
1679 3349 1864 3419 seipso
1893 3363 2012 3404 mo-

433 3443 574 3498 veri.
608 3440 743 3497 Nam
764 3442 896 3498 et'in
927 3450 1091 3507 terra,
1123 3449 1176 3497 et
1207 3442 1262 3496 in
1285 3456 1431 3510 aere,
1462 3449 1518 3497 et
1557 3441 1613 3496 in
1647 3455 1789 3512 aqua
1809 3442 2014 3512 degunt

437 3534 720 3590 animalia.
756 3532 912 3590 Unde
942 3540 1373 3590 consentaneum
1411 3541 1496 3589 est
1528 3533 1696 3589 etiam
1737 3535 1880 3589 C(BIO
1932 3540 2016 3588 at-

443 3640 552 3698 que
585 3625 789 3682 aethere
818 3623 1110 3680 contineri.
1141 3622 1219 3679 Ac
1260 3624 1451 3680 nescio
1495 3638 1566 3678 an
1600 3637 1712 3678 non
1744 3621 2016 3680 Homerus

440 3714 560 3786 ipse
588 3716 657 3772 de
684 3717 799 3782 illo,
831 3714 912 3770 sic
944 3721 1204 3786 tanquam
1235 3715 1514 3770 animante
1548 3716 1652 3770 ista
1672 3713 1908 3770 dixerit:

447 3909 514 3964 Et
543 3909 644 3975 sol,
671 3909 762 3981 qui
786 3910 840 3964 in
870 3912 1050 3965 omnia
1080 3910 1358 3980 prospicit,
1390 3918 1441 3964 et
1476 3909 1629 3964 audit
1657 3911 1860 3965 omnia.

445 4023 639 4080 Musici
680 4038 848 4095 porro
890 4025 1266 4080 harmonicam
1299 4025 1422 4080 cceli
1464 4039 1589 4081 esse
1636 4025 2018 4082 circuitionem

443 4122 720 4171 asserunt.

517 4203 782 4260 Caeterum
813 4205 907 4260 alii
951 4207 1132 4276 ipsum
1171 4223 1239 4262 ex
1267 4222 1390 4264 sese
1425 4208 1648 4279 quidam
1679 4188 2019 4271 existimant,

446 4297 540 4352 alii
598 4297 942 4354 exhalatione
969 4299 1075 4370 77
1095 4300 1268 4370 pasci,
1320 4315 1443 4372 quae
1490 4301 1642 4356 circa
1695 4301 1874 4372 ipsum
1916 4309 2022 4370 est,

445 4387 696 4442 nonnulli
727 4403 886 4460 aquas
915 4389 1186 4459 sphaeram
1216 4391 1401 4462 pabuli
1433 4405 1558 4448 esse
1586 4391 1708 4446 loco
1756 4391 2022 4448 sentiunt.

2987 547 3142 601 κάτω
3195 544 3246 597 δ’
3297 545 3363 610 ἐς
3407 545 3653 612 ἄπειρον

2076 559 2186 614 Καὶ
2207 548 2334 626 "péz
2379 551 2767 624 προσπλάζον
2789 567 2802 579 ·
2857 548 2923 602 τὸ
2987 548 3142 601 κάτω
3195 548 3246 597 δ’
3290 548 3363 626 ἐς
3407 548 3466 622 ᾶξ

3290 613 3578 687 [ἱκνεῖται.

2161 741 2548 814 Ἀριστοφάνης
2568 738 2612 793 δ’
2637 739 2696 792 ὲν
2717 732 3015 804 Νεφέλαις
3035 730 3308 804 μετέωρον
3323 728 3492 802 αὐτὴν
3513 724 3649 782 εἷπε·

2078 838 2224 908 λέγει
2242 837 2352 908 γάρ
2367 853 2381 866 ο

2079 953 2155 1010 Ὦ
2183 951 2426 1009 δέσποτ’
2451 948 2606 1014 ἅναξ
2633 945 2906 1018 ἀμέτρητ’
2947 943 3098 1012 Ἇὴρ,
3120 942 3190 1008 ὃς
3217 941 3376 1018 ἔχεις
3403 939 3517 1018 τῂν
3543 937 3660 1008 γῆν

3282 1011 3620 1084 [μετέωρον

2085 1140 2330 1196 ἑστῶσαν
2378 1136 2561 1209 μέντοι
2609 1134 2705 1188 καὶ
2743 1130 3019 1203 ἀκίνητον.
3068 1127 3231 1182 Ὅθεν
3284 1127 3380 1181 καὶ
3427 1123 3660 1195 Ἄρατός

2088 1248 2252 1302 φησιν
2304 1359 2369 1377 ...
2401 1318 2526 1387 ἔχει
2547 1317 2611 1370 δ’
2643 1314 2982 1387 ἀτάλαντον
3015 1310 3255 1379 ἁπάντη

2299 1385 2636 1458 Μεσάηγὺς
2659 1385 2854 1457 γαῖαν

2094 1482 2344 1558 μηδαμοῦ
2371 1478 2860 1550 ταλαντευομένην.
2909 1476 2966 1530 '0
3009 1475 3066 1529 δὲ
3103 1470 3475 1544 Ἐμπεδοκλῆς
3504 1469 3564 1524 οὐ
3588 1467 3665 1522 δί-

2091 1577 2221 1632 δωσι
2265 1577 2376 1638 τοῖς
2419 1570 2700 1643 στοιχείοις
2733 1569 3087 1642 ’ὡρισμένους
3119 1567 3338 1629 τόπους,
3382 1565 3494 1619 ἀλλ’
3527 1566 3668 1618 άντι-

2093 1667 2442 1740 παραχωρεῖν
2469 1663 2721 1735 ἀλλήλοις
2749 1660 2936 1731 φησίψ
2968 1657 3109 1712 ὥστε
3147 1659 3241 1712 καὶ
3273 1657 3370 1728 τὴν
3400 1656 3504 1726 γῆν
3543 1672 3669 1726 μετ-

1975 1807 1980 1811 .
2093 1759 2263 1830 έωρον
2288 1754 2567 1829 φέρεσθαι,
2601 1753 2696 1808 καὶ
2729 1753 2792 1806 τὸ
2821 1750 2931 1822 πῦρ
2955 1749 3355 1821 ταπεινότερον.

2023 1865 2069 1923 Β

2581 1863 2678 1930 Τις
2716 1862 2899 1918 οὐσία
2919 1859 3200 1930 οὐρανοῦ.

2169 1965 2232 2013 ε’.
2256 1956 2359 2011 Τὸν
2385 1956 2443 2010 δὲ
2463 1955 2691 2026 οὐρανὸν
2720 1953 2770 2006 οἱ
2807 1952 2904 2023 μὲν
2939 1949 3157 2023 πυρώδη
3180 1945 3325 2002 εἶναι
3360 1947 3457 2001 καὶ
3489 1947 3674 2020 στερέ-

2103 2067 2280 2123 μνιον·
2310 2047 2462 2111 ἐντὸς
2483 2046 2542 2100 δὲ
2570 2044 2734 2100 αὑτοῦ
2778 2042 2874 2097 τοῦ
2908 2043 3121 2116 αἰθέρος
3149 2041 3250 2112 τὴν
3287 2043 3520 2111 σφαῖραν
3552 2042 3672 2110 ὲχο-

2104 2144 2270 2214 μένην
2303 2139 2490 2210 ὥσπερ
2522 2137 2709 2191 δαλόν·
2752 2134 3026 2205 διαφέρειν
3064 2132 3121 2186 δὲ
3174 2131 3400 2202 ταύτην,
3507 2131 3536 2183 ὁ
3574 2129 3673 2200 μὲν

2099 2233 2256 2295 δαλὸς
2279 2229 2556 2300 ἀνωφερὲς
2585 2227 2698 2297 ἄχει
2735 2225 2796 2278 τὸ
2821 2223 2951 2295 πῦρ,
2979 2225 3008 2277 ὁ
3042 2221 3100 2274 δὲ
3129 2221 3295 2292 αἰθὴρ
3323 2218 3637 2291 κατωφερές
3655 2233 3670 2248 ⁶

2103 2325 2197 2380 καὶ
2227 2324 2305 2395 τῷ
2347 2323 2408 2377 τὸ
2462 2322 2559 2394 μὲν
2595 2320 2737 2373 θεῖον
2777 2313 2933 2381 εἶναι,
2988 2316 3082 2370 καὶ
3128 2313 3368 2385 καθαρὸν
3410 2314 3501 2368 καὶ
3536 2313 3671 2383 ἀμεο

2105 2418 2377 2490 τάληπτον
2410 2415 2472 2468 τὸ
2522 2413 2616 2467 τοῦ
2656 2411 2892 2483 αἰθέρος,
2931 2408 2992 2462 τὸ
3026 2407 3082 2461 δὲ
3121 2405 3376 2478 φθαρτόν.
3420 2402 3680 2474 Ἐμπεδο-

2105 2512 2240 2582 κλῆς
2289 2511 2346 2564 δὲ
2394 2505 2776 2581 κρυσταλλὼδη
2827 2503 3015 2556 τοῦτον
3061 2496 3200 2554 εἶναί
3249 2515 3433 2569 φησιν,
3482 2498 3547 2548 ὲκ
3586 2491 3682 2550 τοῦ

2107 2604 2453 2676 παγετώδους
2499 2601 2848 2670 συλλεγέντα·
2899 2593 3315 2666 Ἀναξίμανδρος
3370 2592 3427 2645 δὲ
3481 2589 3685 2662 πτηνὸν

2108 2697 2279 2770 πυρὸς
2310 2695 2630 2767 μετέχοντα·
2676 2686 3051 2762 Ἀριστοτέλης
3084 2685 3140 2738 δὲ
3182 2683 3341 2754 σῶμα
3379 2683 3443 2735 ὲκ
3473 2679 3684 2752 ψυχροῦ

2110 2793 2204 2846 καὶ
2225 2787 2450 2862 θερμοῦ.
2477 2785 2622 2840 Ζῶον
2642 2783 2698 2836 δέ
2728 2799 2892 2853 φασιν
2915 2776 3056 2833 εἶναι
3088 2778 3179 2831 τὸν
3207 2775 3410 2846 κόσμον
3427 2791 3440 2804 ·
3471 2774 3548 2844 τῷ
3575 2771 3686 2844 γὰρ

2111 2885 2461 2954 αὐτοκίνητον
2487 2876 2624 2933 εἶναι
2652 2877 2835 2937 αὐτὸν,
2860 2874 2956 2928 καὶ
2982 2873 3124 2927 κατὰ
3144 2871 3213 2924 τὰ
3253 2869 3392 2925 αὐτὰ
3415 2867 3510 2939 τὴν
3534 2882 3686 2936 περι-

2113 2977 2283 3049 φορὰν
2308 2976 2395 3028 ἀεὶ
2424 2971 2712 3036 ποιεῖσθαι,
2741 2969 2836 3022 καὶ
2859 2967 2966 3022 ἀπὸ
2987 2965 3096 3019 τῶν
3125 2963 3304 3018 αὐτῶν
3328 2960 3570 3049 σημείων
3593 2957 3690 3010 ἐπὶ

2111 3042 2360 3124 ’τὰ-αὑτὰ.
2390 3062 2797 3136 περιδινεῖσθαι,
2839 3058 2964 3115 νοῦν
3010 3057 3224 3129 ἔχοντός
3268 3056 3416 3118 ἐστι,
3468 3042 3630 3123 φησιν
3659 3050 3691 3102 ὁ

2114 3164 2361 3218 Πλάτων.
2405 3160 2563 3214 Ἀλλὰ
2590 3158 2686 3213 καὶ
2723 3157 2798 3221 ὡς
2825 3155 2962 3220 ζῶον
2995 3151 3266 3220 ξωογονεῖ·
3296 3148 3422 3210 τοὺς
3449 3146 3508 3200 δὲ
3534 3143 3693 3200 ἀστέ-

2119 3276 2218 3332 ρας
2243 3244 2558 3327 γεννήματα
2585 3248 2752 3306 αὑτοῦ
2781 3243 2920 3301 εἷναί
2949 3261 3152 3315 φαμεν.
3179 3239 3288 3296 Καὶ
3315 3239 3468 3332 ἡλίου
3489 3237 3547 3290 δὲ
3574 3234 3696 3308 δρό-

2122 3329 2220 3424 μον
2243 3349 2478 3422 ὁρῶμεν,
2501 3345 2598 3400 καὶ
2638 3343 2867 3416 σελήνης
2907 3336 3230 3412 περιφορὰς,
3270 3333 3366 3388 καὶ
3389 3331 3497 3424 τῶν
3516 3329 3697 3424 Δἄλλων

2120 3420 2406 3513 πλανήτων
2433 3439 2714 3512 περιόδους
2753 3436 2849 3489 καὶ
2883 3433 3145 3503 κινήσεις.
3179 3428 3338 3481 Ἴδιον
3370 3425 3427 3478 δὲ
3463 3421 3602 3486 ζώου
3634 3420 3698 3513 τδ

2120 3534 2210 3603 ὑφ’
2245 3510 2410 3586 αξ)τοῦ
2451 3510 2737 3583 κινεῖσθαι.
2777 3525 2887 3579 Καὶ
2926 3522 3036 3593 γὰρ
3085 3523 3143 3574 ὲν
3186 3521 3257 3590 γῇ
3292 3517 3386 3570 καὶ
3429 3514 3571 3585 ἀέρι,
3603 3510 3699 3566 καὶ

2123 3627 2277 3682 ὕδατι
2309 3623 2426 3690 ζῶά
2463 3623 2598 3675 ἐστι.
2646 3619 2737 3672 Διὸ
2786 3615 3075 3672 ἀκόλουθον
3115 3612 3209 3666 καὶ
3252 3613 3309 3664 ὲν
3341 3605 3573 3680 οὐρανῷ,
3602 3604 3701 3658 καὶ⁴

2123 3718 2300 3790 αεθέρι
2344 3713 2502 3769 εἶναι.
2550 3714 2774 3784 Μήποτε
2822 3709 3005 3781 μέντοι
3042 3705 3138 3760 καὶ
3165 3704 3410 3775 Ὅμηρος
3447 3699 3524 3763 ὡς
3563 3696 3703 3769 πρὸς

2124 3808 2260 3874 ζῶόν
2289 3823 2453 3878 φησιν
2474 3820 2490 3834 ·

2138 3919 2366 3982 Ἠέλιός
2399 3916 2470 3981 θ’,
2497 3915 2565 3980 ὃς
2597 3911 2770 3967 πάντ’
2813 3909 3020 3981 ἐφορᾷ,
3065 3910 3163 3963 καὶ
3201 3905 3374 3960 πάντ’
3398 3901 3701 3958 ἐπακούει.

2127 4035 2191 4087 Οἱ
2215 4033 2272 4087 δὲ
2321 4031 2568 4102 μουσικοὶ
2616 4025 2922 4099 ἁρμονικὴν
2970 4021 3064 4076 τοῦ
3114 4020 3344 4093 οὐρανοῦ
3394 4015 3560 4072 αὑτοῦ
3605 4014 3705 4086 τὴν

2128 4122 2430 4198 περιφορὰν
2456 4121 2706 4188 λέγουσιν
2728 4113 2890 4170 εἶναι.

2199 4197 2385 4286 Τροφῇ
2415 4213 2474 4266 δὲ
2496 4211 2718 4284 χρῆται,
2744 4209 2819 4273 ὼς
2848 4208 2946 4279 μέν
2973 4222 3138 4271 τινες,
3158 4203 3286 4274 παρ’
3315 4199 3529 4254 ὲαυτοῢ’
3557 4197 3707 4252 ἄλλοι

2128 4310 2184 4364 δὲ
2217 4305 2664 4377 ἀναθυμιάσειτῇ
2691 4305 2820 4374 περὶ
2841 4299 3002 4355 αὐτόν
3020 4297 3191 4361 ’τινὲς
3224 4295 3281 4349 δὲ
3306 4297 3373 4365 τῇ
3403 4291 3498 4347 τοῦ
3519 4290 3708 4354 ὓδατος

2133 4400 2355 4470 σφαίρᾳ.
2373 4394 2751 4468 Ἀριστοτέλης
2766 4393 2821 4446 δὲ
2847 4393 2920 4464 μὴ
2933 4388 3138 4443 δεῖσθαι
3150 4388 3354 4460 τροφῆς
3367 4385 3526 4440 αὑτὸν
3537 4384 3704 4453 λέγει·

449 4481 778 4538 Aristoteles
810 4483 1071 4539 alimento
1101 4495 1265 4555 negat
1295 4501 1434 4556 opus
1459 4484 1699 4551 habere;
1729 4499 1857 4541 nam
1879 4500 2002 4556 quor

2131 4496 2192 4549 τὸ
2223 4493 2331 4566 γὰρ
2355 4492 2606 4564 δεόμενον
2627 4487 2865 4560 φθαρτόν
2885 4503 2898 4517 ·
2923 4488 2952 4540 ὁ
2975 4485 3031 4538 δὲ
3050 4484 3217 4546 stato;
3240 4484 3357 4535 ἐστι
3379 4482 3499 4534 κατ’
3524 4478 3706 4533 αὐτόν.

447 4590 513 4632 eo
543 4574 773 4648 indiget,
802 4576 1163 4646 cerrnptibile
1191 4586 1277 4633 est
1307 4597 1321 4634 :
1353 4577 1556 4633 coelum
1591 4583 1772 4632 autem
1822 4577 1994 4646 sempi

2146 4582 2204 4634 '0
2237 4580 2295 4633 δὲ
2338 4579 2563 4633 Πλάτων
2609 4576 2700 4630 τὸν
2752 4575 2850 4647 μὲν
2911 4573 3098 4646 νοητὸν
3153 4573 3356 4642 κόσμον
3412 4569 3580 4624 ἀΐδιον
3618 4568 3713 4621 καὶ

448 4675 664 4722 ternum
697 4667 767 4722 ab
807 4668 1000 4723 eodem
1043 4670 1286 4740 ponitur.
1320 4667 1524 4724 Verum
1557 4666 1715 4722 Plato
1763 4669 2002 4723 mundun

2134 4671 2409 4742 ἄφθαρτον
2447 4669 2617 4738 λέγει,
2662 4667 2754 4721 τὸν
2799 4666 2857 4720 δὲ
2904 4664 3160 4737 αἰσθητὸν
3195 4661 3450 4733 φθαρτόν.
3497 4661 3562 4713 El
3603 4660 3713 4732 γὰρ

447 4761 844 4830 intelligibilem
891 4773 1157 4818 mternum
1203 4771 1261 4820 et
1312 4765 1693 4835 incorruptum
1747 4778 1872 4820 esse
1916 4770 2000 4819 sta

2135 4763 2390 4834 αἰσθητός
2424 4763 2561 4827 ἐστι,
2608 4760 2701 4814 καὶ
2737 4757 2963 4829 γενητὸς
3013 4756 3254 4830 δηλονότι
3310 4754 3405 4808 καὶ
3452 4751 3712 4824 φθαρτός.

446 4855 574 4921 tuit,
611 4853 934 4910 sensibilem
961 4870 1092 4912 vero
1122 4870 1288 4926 posse
1329 4857 1634 4927 corrumpi,
1673 4857 1936 4928 quoniam
1981 4872 2002 4912 ε

2140 4857 2282 4921 Ἔτι,
2320 4855 2454 4925 φησὶ⁹
2476 4854 2522 4885 ⁸⁸
2549 4851 2627 4924 τῷ
2658 4848 2972 4916 Πολιτικῷ,
3010 4851 3120 4904 εἴτε
3154 4847 3395 4920 μυθικῶς
3420 4845 3531 4899 εἴτε
3560 4861 3716 4915 φυσι-

449 4944 733 5000 sensibilis
773 4953 882 5012 est,
935 4945 1116 5003 factus
1174 4948 1248 5004 sit
1289 4956 1506 5020 oportet
1547 4949 2002 5021 corruptionisqu

2139 4948 2271 5014 κῶς,
2311 4946 2521 5017 κίνησιν
2546 4944 2688 5016 ἔχειν
2709 4943 2894 5014 διττήν
2915 4957 2928 4971 °
2966 4940 3066 5014 τὴν
3105 4941 3203 5012 μὲν
3229 4939 3320 5008 ὑφ’
3354 4936 3580 5004 ἑαυτοῦ,
3617 4935 3717 5007 τὴν

449 5052 648 5107 capax.
693 5035 965 5094 Praeterea
1003 5040 1199 5096 scribit
1237 5041 1294 5096 in
1335 5033 1587 5107 Politico,
1625 5057 1724 5098 seu
1761 5041 2002 5098 fabulose

2139 5042 2196 5096 δὲ
2227 5039 2331 5094 ὑπὸ
2362 5038 2457 5092 τοῦ
2489 5035 2648 5090 Θεοῦ.
2681 5035 2794 5090 Καὶ
2819 5035 2907 5089 ὅτε
2939 5035 3038 5106 μὲν
3060 5033 3166 5088 ὑπὸ
3191 5032 3284 5086 τοῦ
3305 5029 3441 5085 Θεοῦ
3460 5031 3714 5089 κινεῖται,

450 5143 550 5182 seu
572 5142 787 5193 revera,
817 5129 1023 5200 duplici
1049 5143 1201 5187 motu
1222 5133 1378 5188 illum
1401 5148 1526 5189 esse
1553 5134 1880 5204 praeditum;
1903 5150 2002 5204 quo

2135 5133 2408 5195 εὐτακτεῖ,
2460 5129 2556 5184 καὶ
2607 5128 2750 5183 κατὰ
2807 5127 2876 5182 τὰ
2927 5127 3065 5182 αὐτὰ
3109 5127 3375 5200 φέρεταιο.
3402 5126 3489 5178 ὅτε
3531 5123 3587 5177 δὲ
3627 5121 3718 5191 ὑφ’

450 5236 576 5276 rum
609 5221 745 5278 alter
771 5231 969 5278 natura
996 5224 1077 5280 illi
1102 5235 1224 5291 sua,
1251 5229 1392 5284 alter
1421 5243 1452 5282 a
1478 5228 1590 5286 Deo
1618 5230 1924 5300 impressus
1947 5243 2002 5282 ac

2135 5225 2360 5291 ἑαυτοῦ,
2396 5223 2494 5295 τὴν
2535 5223 2783 5277 ἐναντίαν
2830 5219 3003 5292 φορὰν
3053 5221 3304 5284 κινεῖται,
3339 5217 3436 5271 καὶ
3473 5215 3719 5286 διαφθεί-

453 5313 606 5368 cidit.
642 5317 720 5370 Ac
749 5330 873 5370 cum
910 5325 1161 5374 movetur
1187 5335 1218 5374 a
1265 5321 1396 5388 Deo,
1433 5321 1690 5378 ordinate
1713 5323 1914 5383 cietur,
1947 5321 2002 5376 in

2138 5335 2320 5388 ρετ-αι,
2361 5315 2468 5368 ἔστ’
2510 5315 2576 5369 ἂν
2619 5315 2812 5385 ἐπιστῇ
2848 5312 3007 5366 πάλιν
3041 5313 3069 5363 ὁ
3106 5311 3258 5374 Θεὸς,
3292 5310 3385 5363 καὶ
3424 5309 3721 5379 ἡνιοχήσας

453 5403 593 5471 quit,
640 5412 694 5458 et
733 5417 1082 5476 constanter;
1113 5425 1239 5465 cum
1279 5427 1311 5466 a
1346 5413 1530 5483 seipso
1558 5429 1711 5480 vero,
1755 5413 2002 5469 contrarii

2137 5408 2564 5478 ἀποκαταστήσῃ
2597 5409 2675 5469 εἰς
2702 5406 2802 5476 τὴν
2828 5403 3060 5476 ἀρχαίαν
3091 5403 3322 5473 κίνησιν,
3353 5398 3720 5469 ἀνακύκλησιν

453 5501 608 5547 motu
633 5497 842 5566 rapitur
871 5507 926 5555 et
954 5505 1350 5575 corrumpitur,
1381 5506 1558 5562 donec
1589 5522 1785 5562 rursus
1809 5507 2002 5561 acceda

2141 5500 2524 5571 ποιησάμενος.
2572 5497 2893 5569 Ὡνόμασται
2939 5495 2995 5548 δὲ
3040 5494 3242 5566 κόσμος
3291 5491 3442 5562 παρὰ
3473 5491 3571 5562 τὴν
3613 5487 3721 5542 τῶν

455 5583 624 5649 Deus,
664 5597 718 5642 et
743 5591 945 5655 aurigae
972 5593 1149 5651 instar
1178 5597 1471 5655 moderans
1503 5600 1797 5669 pristinum
1823 5599 1879 5653 in
1909 5613 2002 5653 cur

2145 5593 2474 5664 συμπάντων
2505 5588 2883 5658 διακόσμησιν.

459 5680 695 5738 riculum
747 5688 1006 5744 restituat
1057 5707 1119 5747 ac
1172 5695 1435 5750 revolvat.
1500 5697 1721 5767 Κόσμος
1769 5694 1913 5751 idem
1965 5693 2037 5749 ob
2069 5687 2488 5762 dispositionem
2551 5683 2796 5740 omnium
2840 5681 2896 5736 in
2926 5695 2994 5736 eo
3023 5696 3206 5736 rerum
3238 5679 3461 5736 dicitur.

548 5788 596 5823 ⁸⁸
622 5789 662 5858 Ῑ.
692 5791 818 5846 add.
849 5795 928 5847 ἐν.
