4130 6410
465 422 574 484 945

1206 414 1529 475 ACHILLIS
1560 413 1748 473 TATII
1784 407 2082 470 ISAGOGE
2118 407 2210 463 AD
2247 407 2460 464 ARATI
2493 404 2965 464 ΡΗᾹΞΝΟΜΕΝΑ.

3607 403 3715 462 946

533 535 799 609 Διόδωρος
829 535 888 590 δὲ
913 533 1120 606 έξαχῶς
1141 535 1232 588 τὸν
1256 535 1459 608 κόσμον
1491 536 1628 607 φησι
1657 527 1914 598 νοεῖσθαι,
1947 529 2033 602 ἐφ’

2207 526 2479 585 Diodorus
2509 544 2604 586 sex
2640 529 2815 586 modis
2854 525 3085 598 intelligi
3119 539 3284 596 posse
3314 525 3579 582 mundum
3631 540 3718 582 as-

466 631 694 686 έκάστου
730 629 938 684 ἔννοιαν
969 627 1144 693 διδοὺς
1172 627 1364 692 οὕτως.
1393 630 1614 700 Κόσμος
1646 629 1764 682 ἐστὶ
1787 629 2041 700 σύστημα

464 723 525 790 ἐξ
550 721 778 794 οὐρανοῦ
804 722 900 776 καὶ
931 721 1056 792 γῆς,
1093 721 1316 776 καὶτῶν
1352 721 1555 792 μεταξὺ
1583 721 1817 791 φύσεων.
1849 722 2039 786 Πάλιν,

463 817 665 888 κόσμος
689 816 835 869 ἐστὶν
864 815 1174 887 οἰκητήριον
1211 814 1366 870 θεῶν.
1412 813 1527 870 Νῦν
1560 811 1654 870 οῦν
1682 815 1743 869 τὸ
1771 814 2043 886 πλήρωμα

462 912 609 982 λέγει
635 909 794 973 amt;
821 907 931 963 τῶν
958 910 1017 962 ὲν
1049 907 1214 978 αὐτῷ.
1257 909 1474 980 Τρίτον,
1509 907 1538 961 ὁ
1570 908 1773 979 κόσμος
1799 909 1917 961 ἐστὶ
1947 908 2043 960 σύ-

464 1019 646 1076 στημα
678 1001 744 1055 ὲκ
789 998 928 1054 θεῶν
972 1000 1066 1054 καὶ
1113 998 1531 1071 ἀνθρώπων.....
1568 998 1725 1052 τοῦτο
1775 999 1934 1070 μόνον
1963 997 2043 1069 τῷ

465 1093 566 1165 βίῳ
589 1111 602 1124 ·
633 1094 710 1157 ὡς
734 1093 790 1146 εἴ
818 1109 902 1157 τις
943 1092 1090 1162 λέγει
1115 1108 1128 1122 ·
1160 1091 1320 1156 Πόλις
1354 1091 1501 1144 ἐστὶν
1540 1090 1600 1156 ἐξ
1641 1091 1918 1163 ἀρχόντων
1949 1091 2043 1144 καὶ

463 1186 802 1259 ἀρχομένων.
834 1185 1106 1258 Τέταρτον
1135 1186 1341 1256 κόσμος
1386 1187 1532 1240 ἐστὶν
1575 1186 1770 1258 αἰθήρ·
1813 1181 1966 1250 οὗτος
1987 1187 2042 1241 δὲ

464 1278 576 1352 πῦρ
613 1279 902 1350 εἰλικρινὲς
949 1279 1024 1332 ὢν
1070 1277 1378 1349 κατώτερός
1419 1279 1464 1311 ⁸⁷
1503 1280 1619 1332 ἐστι
1665 1276 1764 1332 τοῦ
1813 1279 2042 1348 φυσικοῦ

463 1373 689 1442 κόσμου.
745 1372 1033 1442 Πέμπτον,
1088 1370 1290 1442 κόσμος
1341 1371 1488 1425 ἐστὶν
1534 1375 1566 1443 ή
1624 1373 1731 1426 τῶν
1788 1372 2043 1427 ἀπλανῶν

467 1468 689 1538 σφαῖρα.
739 1465 941 1519 Τούτου
987 1467 1083 1520 καῖ⁹
1134 1466 1359 1520 Πλάτων
1398 1469 1456 1522 ὲν
1505 1469 1716 1538 Τιμαίῳ
1752 1467 2039 1539 μέμνηται.

465 1555 685 1620 Ἕκτον,
751 1557 957 1628 κόσμος
1011 1558 1159 1610 ἐστὶν
1209 1559 1238 1611 ὁ
1291 1559 1663 1631 διακοσμήσας
1717 1558 1786 1613 τὰ
1842 1559 2039 1613 πάντα.

467 1645 653 1698 Ἐοικε
680 1645 736 1699 δὲ
765 1644 860 1699 νῦν
881 1647 915 1716 ἡ
947 1646 1181 1717 Πρόνοια
1224 1645 1497 1714 λέγεσθαι.
1519 1647 1593 1700 Τὸ
1619 1647 1674 1699 δὲ
1699 1647 1807 1700 πᾶν
1840 1645 2043 1717 κόσμον

462 1737 782 1809 Πυθαγόρας
803 1737 1060 1791 ἐκάλεσεν
1093 1737 1157 1791 ὲκ
1183 1737 1282 1808 τῆς
1307 1738 1720 1809 διακοσμήσεως
1741 1751 1756 1767 ⁸
1784 1737 1956 1801 οὐδεὶς
1988 1737 2043 1790 δὲ

465 1827 571 1899 πρὸ
597 1827 782 1882 αὐτοῦ.
821 1826 896 1882 Τὸ
932 1827 988 1882 δὲ
1022 1830 1129 1883 πᾶν
1160 1828 1256 1882 τοῦ
1287 1828 1410 1882 ὅλου
1447 1829 1599 1900 παρά
1637 1831 1748 1892 τοῖς
1785 1830 2044 1890 Στωϊκοῖς

463 1921 730 1995 διαφέρει.
780 1923 940 1977 ’Ὀλον
995 1923 1093 1994 μὲν
1142 1923 1251 1996 γάρ
1301 1924 1514 1993 λέγουσι
1545 1923 1635 1978 τὸν
1677 1923 1900 1994 κόσμον,
1936 1924 2044 1976 πᾶν

464 2014 521 2068 δὲ
563 2014 703 2086 μετά
721 2014 816 2068 τοῦ
847 2014 1025 2070 κενοῦ.
1059 2017 1335 2088 Τηρητέον
1357 2017 1424 2082 ⁸⁸,
1449 2017 1530 2071 ὃτι
1562 2016 1796 2088 οὐδαμοῦ
1822 2016 1890 2071 δι’
1921 2017 2042 2070 ὅλου

465 2107 670 2179 κόσμος
703 2107 876 2170 οὕτως
910 2107 1237 2179 ὠνόμασται.
1275 2109 1516 2181 Οὐρανὸς
1538 2109 1594 2163 δὲ
1619 2110 2041 2183 ητυμολόγηται,

464 2197 582 2268 ἦτοι
613 2200 733 2252 ἐπεὶ
764 2200 890 2271 ὄρος
915 2199 1140 2264 παλαιός
1165 2201 1312 2255 ὲστιν
1330 2218 1343 2231 ·
1380 2200 1412 2274 ἢ
1437 2203 1558 2255 ἐπεὶ
1579 2203 1921 2276 σφαιροειδὴς
1946 2203 2040 2270 ὢν,

463 2288 673 2344 ἔνδοθεν
703 2291 867 2344 αὐτοῦ
907 2293 1056 2362 ἡμᾶς
1100 2293 1240 2364 ἀρεῖ,
1272 2294 1300 2346 ὃ
1343 2294 1458 2348 ἐστι
1505 2295 1806 2363 φυλάσσει·
1849 2296 1882 2368 ἢ
1922 2297 2044 2350 ἐπεὶ

462 2380 736 2447 ἀνώτατός
762 2384 898 2438 ἐστι.
931 2384 1004 2437 Τὸ
1037 2383 1094 2438 δὲ
1121 2385 1248 2456 ὅρου
1293 2385 1357 2439 τὸ
1413 2387 1525 2441 ἄνω
1574 2387 1769 2460 δηλοῦν
1816 2388 2044 2459 Φρυγῶν

465 2473 617 2540 ῐδιον,
655 2475 732 2538 ὡς
751 2475 1132 2547 Νεοπτόλεμος
1161 2477 1220 2530 ὲν
1258 2479 1378 2542 ταῖς
1407 2480 1686 2548 Φρυγίαις
1721 2482 1941 2549 φωναῖς
1967 2497 1982 2512 ·
2009 2481 2041 2554 ἣ

463 2567 574 2621 ἀπὸ
605 2567 695 2622 τοῦ
726 2569 990 2641 ὁρᾶσθαι·
1026 2570 1059 2641 ἢ
1095 2570 1205 2624 ἀπὺ
1231 2569 1326 2624 τοῦ
1365 2571 1575 2645 ὁρούειν
1594 2588 1608 2603 ο
1640 2575 1869 2628 κινεῖται
1907 2573 2040 2643 γάρ·

462 2658 500 2730 ἢ
529 2659 635 2713 ἀπὸ
659 2661 753 2714 τοῦ
785 2655 942 2733 οὖρος
975 2659 1133 2726 εἶναι,
1171 2663 1266 2716 καὶ
1301 2663 1528 2734 ἔσχατος
1549 2665 1692 2736 ὅρος.
1729 2665 1958 2734 Λέγεται
1987 2665 2045 2718 δὲ

465 2750 752 2822 πολλαχῶς
778 2752 1005 2824 οὐρανὸς
1048 2755 1081 2825 ἡ
1131 2753 1241 2808 τῶν
1279 2753 1532 2808 ἀπλανῶν
1581 2758 1806 2827 σφαῖρα.
1864 2756 2047 2826 Ζήνων

465 2843 598 2913 γοῦν
629 2846 659 2898 ό
689 2847 925 2910 Κυτιεὺς
951 2845 1124 2912 οὕτως
1155 2848 1316 2903 αὐτὸν
1341 2849 1605 2921 ὡρίσατο·
1645 2849 1874 2921 οὐρανός
1901 2851 2047 2904 ἐστιν

463 2935 683 3009 αἰθέρος
730 2937 791 2991 τὸ
845 2937 1092 3009 ἔσχατον,
1136 2939 1194 3008 ἐξ
1248 2934 1330 3006 οὗ,
1380 2941 1474 2996 καὶ
1520 2942 1578 2995 ὲν
1617 2935 1662 3010 ᾧ
1718 2943 1831 2995 ἐστι
1871 2941 2048 2996 πάντα

465 3029 760 3100 ἐμφανῶς·
803 3031 1050 3104 περιέχει
1089 3032 1199 3104 γὰρ
1240 3033 1418 3087 πάντα
1463 3032 1602 3106 πλὴν
1652 3033 1834 3088 αὐτοῦ.
1882 3035 2049 3088 Οὐδὲν

466 3121 577 3192 γὰρ
610 3123 772 3177 ἑαυτὸ
813 3124 1091 3196 περιέχει·
1137 3125 1251 3178 ἀλλ’
1293 3125 1482 3198 ἐτέρου
1525 3127 1642 3179 ἐστὶ
1679 3126 2043 3198 περιεκτικόν.

467 3215 576 3268 Τοῦ
597 3216 653 3269 δὲ
685 3215 858 3281 οὕτως
881 3217 1191 3288 ὡρισμένου
1233 3217 1463 3289 οὐρανοῦ
1494 3218 1768 3291 μέμνηται
1793 3219 1887 3274 καὶ
1912 3219 2048 3274 Πλά-
2071 3247 2117 3308 c

467 3323 596 3372 των,
629 3308 725 3362 καὶ
757 3308 1137 3380 Ἀριστοτέλης
1183 3309 1242 3362 ὲν
1288 3310 1528 3383 δευτέρῳ
1573 3311 1716 3382 Περὶ
1763 3313 2046 3380 οὐρανοῦ.

468 3397 702 3467 Λέγεται
733 3397 790 3451 δὲ
837 3398 1063 3470 οὐρανὸς
1105 3401 1199 3455 καὶ
1251 3401 1286 3473 ἡ
1334 3401 1564 3456 ἑκάστου
1617 3401 1726 3459 τῶν
1761 3402 2049 3476 πλανήτων

470 3491 710 3560 σφαῖραι
743 3489 865 3543 καθ’
900 3489 959 3543 ὃν
999 3490 1158 3561 λόγον
1189 3491 1248 3544 ὲν
1279 3492 1493 3565 οὐρανῷ
1533 3511 1710 3566 φαμεν
1744 3489 1903 3551 εἶναι.
1939 3487 2065 3552 Κατ

468 3581 550 3637 ἔτι
579 3583 804 3656 οὐρανὸς
829 3586 938 3649 πᾶς
962 3585 990 3638 ὁ
1016 3585 1154 3656 μετὰ
1178 3585 1268 3641 τὸν
1292 3586 1427 3659 ἀέρα
1453 3587 1638 3653 τόπος,
1671 3588 1730 3652 ὃς
1757 3589 2053 3663 εἰλικρινής

467 3677 618 3730 ἐστιν
650 3676 836 3749 αἰθήρ.
865 3678 976 3731 Καὶ
1017 3676 1099 3731 έτι
1141 3678 1368 3748 οὐρανός
1415 3679 1530 3734 ἐστι
1561 3682 1670 3735 πᾶν
1706 3679 1768 3734 τὸ
1796 3682 2051 3753 ὑπεράνω

473 3769 802 3841 βλεπόμενον
833 3775 900 3843 τῇ
940 3770 1081 3842 ὄψει,
1117 3771 1254 3825 καθὸ
1282 3772 1478 3844 ὁρατόν
1512 3775 1649 3837 ἐστι,
1683 3774 1776 3827 καὶ
1808 3773 1955 3839 ὅπως
1984 3773 2050 3828 ἂν

469 3861 700 3926 ἕκαστος
725 3862 983 3934 ὀξύτητος
1024 3862 1138 3933 ἔχοι
1173 3863 1410 3934 βλέπειν.
1444 3865 1552 3918 Καὶ
1579 3863 1658 3918 ἔτι
1700 3863 1926 3936 οὐρανὸς
1960 3864 2048 3916 λέ-

470 3969 627 4022 γεται
653 3956 683 4008 ό
721 3955 946 4025 κόσμος,
1003 3948 1065 4011 οὐ
1107 3958 1202 4011 καὶ
1255 3957 1480 4012 Πλάτων
1534 3957 1803 4029 μέμνηται
1836 3957 1929 4011 ἐπὶ
1958 3956 2048 4010 τοῦ

470 4041 648 4114 ἡλίου,
682 4063 701 4095 ι
746 4042 806 4098 '0
839 4045 938 4115 μὲν
964 4045 1028 4117 δὴ
1061 4045 1235 4117 μέγας
1264 4048 1322 4101 ὲν
1366 4045 1580 4118 οὐρανῷ
1613 4047 1766 4114 Ζεὺς,
1805 4065 1822 4098 ι
1859 4046 2046 4099 εἰπών.

470 4135 794 4209 Ἐπίκουρος
824 4137 879 4192 δὲ
913 4136 1140 4202 πολλοὺς
1168 4139 1404 4211 κόσμους
1433 4139 1766 4205 ὑποτίθεται,
1796 4137 1891 4193 καὶ
1921 4141 1949 4192 ό
1973 4139 2050 4192 δι-

439 4285 444 4291 ,
470 4226 738 4295 δάσκαλος
769 4230 934 4285 αὐτοῦ
972 4232 1353 4304 Μητρόδωρος.
2018 4223 2022 4228 ’

887 4521 1026 4590 Περὶ
1056 4520 1366 4591 σχήματος
1392 4523 1643 4590 κόσμου.

549 4635 622 4702 ς’.
649 4635 841 4708 Σχῆμα
869 4636 926 4690 δὲ
956 4637 1161 4708 κόσμου
1182 4639 1230 4690 οἱ
1269 4636 1366 4708 μὲν
1395 4637 1676 4699 κωνοειδὲς
1712 4633 1886 4698 εἶπον,
1913 4636 1961 4688 οἱ
1994 4635 2050 4689 δὲ

478 4730 833 4803 σφαιροειδὲς,
864 4732 912 4783 οἱ
953 4730 1009 4783 δὲ
1051 4729 1304 4794 ὡοειδέςο
1339 4725 1408 4802 ἧς
1453 4729 1612 4798 δόξης
1654 4728 1866 4799 ἔχονται
1908 4729 1958 4781 οἱ
1984 4726 2054 4781 τὰ

491 4821 722 4894 Ὀρφικὰ
763 4821 1034 4892 μυστήρια
1090 4819 1387 4883 τελοῦντες.
1437 4821 1743 4890 Σαφηνείας
1789 4819 1846 4873 δὲ
1889 4818 2053 4872 ’ἑνεκα

481 4914 712 4986 πιθανῆς
751 4913 1074 4984 παρελήφθη
1115 4912 1209 4966 τοῦ
1251 4911 1360 4966 ὼοῦ
1398 4914 1431 4983 ἠ
1475 4911 1656 4965 εἰκών.
1705 4913 1960 4984 Ἀμε;νον
1997 4910 2054 4965 δὲ

481 5005 719 5077 σφαίρας
763 5005 1081 5075 ἐκδέχεσθαι
1134 5005 1321 5076 σχῆμα
1371 5003 1516 5075 ἔχειν
1558 5005 1650 5059 τὸν
1693 5004 1920 5078 οὐρανὸν
1962 5005 2054 5058 καὶ

479 5095 548 5150 τά
581 5099 638 5150 ἐν
667 5096 836 5168 αὐτῷ,
863 5097 1003 5151 κατά
1033 5097 1124 5151 τὸν
1169 5097 1553 5169 Ἐμπεδοκλέα,
1582 5097 1641 5162 ὃς
1661 5097 1762 5170 ἔφη
1789 5096 1981 5161 οὕτως’

558 5297 832 5368 Σφαῖρος,
869 5298 1262 5369 κυκλοτερὴς.
1273 5300 1470 5371 μούνῃ
1486 5303 1754 5371 περιηγέῖ
1776 5304 2019 5372 χαίρων.

555 5412 723 5483 Δῆλον
751 5411 808 5466 δὲ
835 5413 930 5466 καὶ
961 5415 1026 5468 ὲκ
1052 5413 1147 5467 τοῦ
1181 5407 1322 5468 εἷναι
1355 5414 1415 5481 ἓξ
1443 5414 1606 5481 ζὼδια
1631 5415 1737 5469 ὐπὸ
1759 5417 1882 5487 γῆν,
1918 5415 1978 5481 ἒξ
2003 5416 2059 5469 δὲ

485 5505 627 5577 ὑπὲρ
655 5507 779 5578 γῆν.
819 5507 936 5560 Ἐπ’
966 5507 1178 5570 οὐδενὸς
1198 5507 1254 5561 δὲ
1276 5509 1435 5564 ἄλλου
1469 5510 1745 5580 σχήματος
1776 5510 1809 5580 ἡ
1838 5508 2057 5580 τοιαύτη

487 5597 710 5663 εὐταξία
737 5600 832 5652 καὶ
873 5601 1146 5670 περιφορά
1197 5601 1404 5670 γίνεται
1441 5601 1474 5674 ἢ
1510 5603 1601 5656 ἐπὶ
1628 5601 1720 5657 τοῦ
1752 5601 2056 5673 σφαιρικοῦ.

486 5691 561 5744 Τὸ
591 5690 648 5744 δὲ
682 5692 1016 5762 σφαιροειδὲς
1052 5694 1234 5765 σχῆμα
1265 5693 1464 5748 διδόασι
1494 5695 1572 5766 τῷ
1607 5695 1812 5767 κόσμῳ.
1854 5697 2062 5767 Σφαῖρα

577 5869 620 5903 ⁸⁷
649 5868 764 5926 Ima
797 5871 1080 5946 ἀνώτερος.
1195 5875 1237 5907 ⁸³
1264 5874 1424 5932 Dccst
1468 5875 1541 5929 δέ.

2079 4594 2126 4649 D

2142 622 2300 684 serit,
2328 628 2385 678 et
2443 623 2742 693 unicuique
2803 638 2964 680 suum
3027 627 3250 678 satsum
3304 619 3386 676 sic
3444 619 3715 676 attribuit.

2143 711 2376 768 Mundus
2403 720 2488 770 est
2513 713 2806 770 collectum
2835 712 3100 784 quiddam
3140 727 3171 768 e
3202 712 3344 767 ctelo
3381 718 3548 783 atque
3568 719 3718 768 terra

2140 810 2195 858 et
2226 804 2437 860 naturis
2472 811 2706 876 utroque
2743 804 3181 874 comprehensis.
3217 802 3448 868 Rursus,
3479 804 3718 859 mundus

2143 904 2226 951 est
2271 895 2501 953 deorum
2537 896 2895 952 domicilium.
2936 894 3042 952 Ubi
3080 896 3518 968 supplementum
3570 895 3718 951 illius

2141 988 2297 1044 all‘ert
2326 979 2570 1045 extra‘id
2586 988 2731 1060 quod
2761 989 2816 1043 in
2844 989 2940 1044 illo
2966 988 3302 1045 continetur.
3329 988 3535 1054 Tertio,
3551 1005 3716 1044 mun-

2141 1079 2246 1135 dus
2279 1087 2366 1136 est
2410 1087 2653 1151 systema
2692 1079 2918 1134 deorum
2967 1088 3022 1135 et
3062 1078 3435 1134 hominum....
3479 1078 3629 1135 velut
3670 1079 3718 1134 si

2142 1172 2266 1242 quis
2287 1171 2435 1227 dicat
2460 1190 2476 1226 ι
2509 1171 2722 1227 Civitas
2741 1187 2809 1225 ex
2825 1170 3238 1242 magistratibus
3258 1178 3314 1226 et
3333 1170 3548 1227 civibus
3566 1185 3719 1226 com-

2142 1262 2386 1333 ponitur.
2417 1263 2648 1330 Quarto,
2686 1261 2925 1318 mundus
2963 1267 3048 1317 est
3076 1260 3278 1329 aether;
3312 1260 3404 1316 hic.
3439 1276 3570 1317 vero
3591 1276 3716 1316 cum

2143 1356 2214 1411 sit
2241 1371 2436 1425 purus,
2481 1370 2548 1411 ac
2574 1355 2826 1411 sincerus
2850 1354 3017 1425 ignis,
3059 1355 3299 1410 naturali
3339 1353 3546 1410 mundo
3586 1352 3720 1409 infe-

2142 1449 2254 1503 rior
2281 1457 2384 1504 est.
2406 1448 2630 1516 Quinto,
2655 1450 2894 1505 mundus
2920 1459 3006 1505 est
3031 1449 3264 1505 lixarum
3289 1449 3523 1521 sphtera.
3541 1447 3718 1521 Hujus

2141 1536 2528 1608 descriptionis
2551 1540 2797 1595 meminit
2825 1541 2879 1594 in
2911 1541 3110 1597 Timaeo
3131 1540 3308 1597 Plato.
3338 1540 3527 1608 Sexto,
3555 1556 3720 1598 mun-

2141 1629 2245 1685 dus
2269 1639 2352 1685 est
2393 1632 2486 1702 qui
2529 1632 2808 1687 ordinavit
2853 1633 3058 1688 omnia.
3105 1631 3316 1699 Quibus
3351 1631 3537 1689 verbis
3575 1632 3718 1688 indi-

2143 1723 2255 1778 cari
2288 1722 2643 1780 Providentia
2669 1725 2905 1781 videtur.
2937 1724 3277 1797 Pythagoras
3299 1725 3502 1796 κόσμον
3533 1726 3721 1796 appel-

2142 1813 2276 1868 lavit
2319 1815 2659 1883 universum,
2707 1827 2932 1888 propter
2972 1816 3301 1888 dispositum
3337 1816 3522 1888 :quod
3559 1831 3720 1873 nemo

2146 1914 2272 1964 ante
2304 1907 2486 1977 ipsum
2523 1908 2760 1964 dixerat.
2790 1905 2981 1963 Diﬂ‘ert
3011 1914 3193 1964 autem
3235 1907 3540 1963 secundum
3571 1905 3719 1962 Stoi-

2145 2017 2240 2059 cos
2275 2001 2593 2058 universum
2623 2017 2654 2056 a
2679 2008 2814 2058 toto.
2856 2001 2990 2056 Nam
3016 2009 3191 2057 totum
3217 2011 3417 2060 vocant
3446 2001 3524 2058 illi
3560 2017 3722 2058 mun-

2145 2100 2273 2154 dum
2292 2138 2308 2165 ,
2338 2099 2657 2155 universum
2684 2112 2815 2154 vero
2839 2112 2964 2153 cum
2993 2111 3240 2153 vacuo...
3263 2096 3408 2167 quod
3438 2111 3720 2168 nunquam

2143 2191 2225 2246 sic
2255 2190 2493 2245 mundus
2523 2189 2830 2260 appellatus
2857 2195 2961 2244 est.
2992 2185 3113 2242 Jam
3142 2185 3370 2260 οὐρανὸς
3391 2185 3462 2240 ab
3487 2199 3553 2240 eo
3586 2184 3724 2241 dici-

2146 2292 2256 2348 tur,
2287 2281 2434 2353 quod
2461 2281 2532 2337 sit
2563 2282 2712 2337 velut
2754 2281 2901 2351 ὅρος,
2930 2279 2985 2335 id
3014 2287 3099 2335 est
3129 2278 3398 2335 terminus
3420 2277 3720 2349 antiquus;

2145 2376 2228 2430 vel
2259 2375 2408 2445 quia,
2440 2388 2565 2428 cum
2596 2373 2669 2429 sit
2696 2371 3024 2444 sphaericus,
3055 2371 3202 2427 intra
3229 2387 3290 2428 se
3309 2386 3411 2428 nos
3425 2372 3569 2443 ἀρεῖ,
3615 2370 3724 2427 hoc

2144 2465 2500 2534 estcustodit,
2519 2465 2633 2523 sive
2663 2465 2788 2536 quia
2808 2464 3101 2532 ἀνώτατος,
3119 2463 3174 2520 id
3199 2470 3285 2520 est
3307 2478 3596 2535 supremus
3616 2471 3720 2520 est.

2145 2561 2280 2616 Nam
2312 2562 2436 2632 ὅρου
2466 2559 2607 2630 apud
2630 2557 2874 2630 Phrygas
2893 2573 3015 2614 esse
3037 2558 3170 2623 ἄνω,
3199 2573 3381 2626 supra,
3405 2556 3566 2612 docet
3583 2556 3726 2614 Neo-

2145 2657 2414 2728 ptolemus
2445 2657 2502 2711 in
2530 2655 2799 2726 Phrygum
2829 2653 3115 2710 vocabulis.
3152 2653 3338 2710 Potest
3378 2658 3434 2708 et
3474 2651 3544 2706 ab
3590 2653 3722 2724 ὁρᾶ-

2149 2749 2294 2816 σθαι,
2335 2749 2478 2820 quod
2520 2755 2606 2804 est
2635 2747 2830 2813 videri,
2875 2747 2961 2803 vel
2991 2746 3062 2802 ab
3088 2745 3300 2817 ὀρούειν
3325 2742 3543 2811 deduci,
3587 2758 3725 2815 quo-

2145 2842 2293 2897 niam
2325 2841 2519 2896 cietur.
2558 2839 2651 2896 Vel
2675 2839 2805 2911 quia
2833 2831 2992 2910 οὖρος
3035 2847 3138 2903 εει,
3174 2845 3564 2907 extremusque
3612 2843 3726 2891 ter-

2147 2933 2349 2988 minus.
2383 2930 2536 3001 Satpe
2566 2931 2693 2986 item
2722 2945 2824 3001 pro
2853 2930 3084 2984 [irarum
3113 2929 3325 2999 sphzera
3350 2926 3606 2997 usurpari
3635 2941 3726 2983 so-

2147 3026 2242 3080 let.
2281 3024 2426 3082 Sane
2456 3025 2606 3081 Zeno
2636 3024 2913 3096 Cytiensis
2939 3022 3020 3078 sic
3048 3021 3203 3077 illum
3231 3019 3527 3091 descripsit
3557 3038 3570 3074 :
3595 3018 3721 3074 Cte-

2148 3119 2261 3174 lum
2293 3127 2378 3175 est
2401 3118 2622 3174 aetheris
2661 3124 2990 3182 extremum,
3025 3130 3091 3171 ex
3116 3127 3227 3185 quo
3257 3122 3313 3169 et
3337 3113 3395 3170 in
3438 3127 3549 3185 quo
3595 3119 3726 3169 sunt

2149 3211 2332 3266 omnia
2361 3209 2652 3266 manifeste
2687 3228 2701 3264 :
2734 3208 2935 3280 quippe
2956 3207 3140 3263 omnia
3175 3215 3374 3277 praeter
3404 3219 3465 3262 se
3479 3203 3725 3275 comple-

2149 3303 2336 3358 ctitur.
2377 3300 2512 3356 Nam
2546 3300 2686 3356 nihil
2733 3299 2974 3369 seipsum
3020 3298 3310 3353 continet:
3347 3295 3445 3352 sed
3489 3295 3725 3350 alterum

2147 3391 2339 3447 ambit.
2371 3389 2507 3446 ϐωιὶ
2550 3390 2657 3446 hoc
2674 3387 2837 3444 modo
2869 3387 3130 3458 descripti
3164 3386 3535 3443 meminerunt
3547 3384 3724 3449 Plato,

2149 3493 2202 3541 et
2224 3483 2550 3540 Aristoteles
2580 3482 2723 3539 libro
2752 3480 2998 3538 secundo
3025 3479 3105 3535 De
3151 3479 3300 3536 cazlo.
3345 3479 3490 3546 Quin
3520 3485 3576 3535 et
3616 3477 3730 3548 pla-

2151 3585 2400 3634 netarum
2425 3576 2651 3647 sphaerae
2679 3575 2910 3646 singulae
2937 3573 3064 3629 coeli
3093 3572 3455 3644 appellatione
3493 3585 3744 3627 censenu

2149 3681 2241 3726 tur
2266 3689 2279 3725 :
2302 3676 2364 3725 ut
2393 3684 2518 3726 cum
2546 3683 2644 3726 eos
2673 3669 2730 3723 in
2759 3668 2900 3724 cmlo
2919 3682 3041 3725 esse
3075 3667 3330 3723 dicimus.
3361 3665 3491 3720 llam
3526 3664 3724 3720 coelum

2150 3763 2204 3818 id
2237 3778 2398 3820 omne
2423 3762 2660 3834 spatium
2705 3768 2957 3828 vocatur,
3005 3759 3150 3831 quod
3179 3773 3348 3830 supra
3381 3773 3562 3815 aerem
3599 3767 3724 3826 est;

2151 3857 2245 3930 qui
2273 3863 2359 3912 est
2386 3852 2810 3926 limpidissimus
2857 3851 3046 3908 :ether.
3084 3850 3218 3906 Item
3262 3850 3463 3907 caelum
3499 3859 3728 3906 vocatur

2149 3949 2416 4022 quidquid
2475 3962 2695 4005 sursum
2747 3945 3015 4012 cernitur,
3059 3953 3333 4017 quatenus
3394 3944 3729 4016 aSpectabile

2149 4051 2254 4108 est,
2289 4054 2343 4100 et
2366 4049 2425 4098 ut
2451 4041 2687 4113 quisque
2717 4039 2832 4093 acri
2867 4046 2952 4095 est
2983 4039 3273 4094 oculorum
3310 4036 3428 4094 acie
3469 4037 3728 4109 prazditus

2153 4136 2221 4190 ad
2277 4133 2596 4190 videndum.
2662 4130 2745 4185 Ad
2790 4131 2908 4186 haec
2947 4129 3150 4185 coelum
3203 4129 3444 4187 mundus
3499 4129 3725 4196 dicitur,

2150 4228 2297 4300 quod
2331 4235 2562 4298 usurpat
2592 4227 2648 4282 in
2676 4227 2794 4283 sole
2824 4225 2979 4280 Plato
3004 4225 3086 4281 sic
3109 4225 3358 4282 scribens
3392 4244 3404 4280 :
3444 4243 3464 4276 ι
3500 4222 3729 4295 Magnus

2151 4320 2317 4392 igitur
2333 4319 2386 4374 in
2403 4319 2542 4374 coelo
2559 4317 2647 4374 ille
2668 4316 2902 4387 Jupiter.
2917 4336 2936 4369 ›
2953 4315 3223 4388 Epicurus
3243 4330 3368 4370 cum
3391 4321 3732 4386 praaceptore

2152 4427 2252 4467 suo
2286 4409 2598 4466 Metrodoro
2621 4410 2809 4481 plures
2838 4425 2963 4466 esse
2995 4408 3232 4464 mundos
3258 4406 3554 4462 arbitratus
3580 4413 3680 4463 est.

2681 4523 2757 4579 De
2793 4525 2966 4595 ﬁgura
3004 4525 3205 4578 mundi.

2223 4639 2276 4695 6.
2298 4637 2722 4710 Mundiﬁguram
2749 4638 3136 4703 aliiconicam;
3170 4637 3261 4692 alii
3279 4635 3558 4708 sphzerica:
3578 4634 3732 4692 simi-

2155 4735 2295 4800 lem;
2325 4733 2536 4789 ovalem
2583 4733 2676 4786 alii
2724 4747 2846 4788 esse
2893 4729 3346 4801 sentiuntzquod
3390 4736 3730 4801 postremum

2154 4833 2378 4904 tuentur
2402 4825 2462 4892 ii,
2497 4824 2590 4895 qui
2620 4823 2875 4896 Orphicis
2913 4826 3088 4879 sacris
3123 4823 3365 4878 initiant.
3398 4822 3475 4877 Ac
3511 4821 3733 4877 videtur

2155 4920 2244 4975 ovi
2276 4920 2380 4975 ista
2407 4918 2708 4976 similitudo
2729 4917 3015 4974 facilitatis
3039 4930 3208 4972 causa
3237 4923 3292 4973 et
3317 4915 3732 4987 perspicuitatis

2155 5021 2454 5082 assumpta.
2487 5010 2720 5067 Praestat
2761 5017 2945 5065 tamen
2991 5008 3312 5080 sphsericam
3351 5007 3580 5080 ﬁguram
3635 5022 3731 5063 ac—

2155 5103 2502 5160 commodare
2528 5103 2670 5158 cmlo
2715 5109 2769 5158 et
2811 5102 2880 5159 iis
2915 5117 3036 5173 quae
3080 5101 3135 5156 in
3167 5115 3232 5156 eo
3254 5109 3402 5167 sunt,
3440 5104 3501 5154 ut
3537 5097 3735 5170 Empe-

2155 5198 2340 5254 docles
2368 5196 2581 5269 putavit
2609 5195 2699 5252 bis
2742 5195 2923 5251 verbis
2950 5215 2962 5249 :

2297 5306 2553 5378 Sphaerus
2589 5305 2873 5372 rotundus,
2903 5305 3020 5360 sola
3056 5305 3310 5360 circulari
3338 5305 3592 5378 gaudens.

2227 5420 2384 5487 Quod
2420 5437 2485 5477 ex
2517 5435 2584 5477 eo
2634 5419 2828 5491 liquet,
2883 5419 3142 5490 quoniam
3190 5435 3287 5476 sex
3335 5433 3498 5491 supra
3531 5425 3734 5472 terram

2160 5514 2334 5586 signa,
2362 5513 2587 5570 totidem
2619 5511 2765 5568 infra
2800 5520 3061 5583 perpetua
3095 5519 3244 5569 sunt.
3264 5509 3737 5583 Cujusmodinuili

2161 5607 2336 5670 alteri,
2358 5621 2520 5678 quam
2545 5604 2828 5678 sphaericze
2849 5604 3055 5675 ﬁguris,
3081 5603 3372 5676 dispositio
3399 5618 3464 5660 ac
3486 5600 3738 5659 circuitio

2162 5701 2436 5774 congruit.
2454 5699 2624 5756 Porro
2645 5699 2868 5771 sphaerae
2891 5698 3121 5755 similem
3159 5697 3364 5753 mundo
3388 5697 3623 5768 speciem
3647 5707 3739 5760 ab
3827 5717 3836 5744 ι
