4166 6408
295 4201 302 4212 -
410 4195 575 4253 cuum
617 4196 746 4250 ergo
778 4183 987 4236 mullum
1022 4193 1124 4239 est.
1152 4183 1286 4239 Nam
1313 4190 1503 4243 eodem
1524 4190 1685 4250 modo
1717 4201 1772 4249 et
1793 4193 1862 4251 ab
1893 4195 1988 4258 iis-

441 391 545 449 “?
1214 415 1216 418 '
1470 398 1564 453 AD
1610 398 1885 455 EUSEBII
1922 398 2319 458 CHRONICON
2366 402 2723 458 APPENDIX.
3590 392 3696 451 948

437 508 678 577 signant.
716 506 940 580 Sphaera
967 510 1168 582 quippe
1195 511 1396 567 coelum
1416 520 1502 569 est
1531 531 1545 567 :
1571 514 1798 584 sphaera:
1819 515 2000 571 similis

2082 561 2090 573 .
2120 516 2219 587 μὲν
2250 517 2356 589 γὰρ
2398 520 2428 572 ὁ
2457 517 2716 590 οὐρανός*
2754 515 3096 588 σφαιροειδὴς
3136 512 3192 566 δὲ
3236 515 3269 584 ἡ
3308 511 3400 584 γῆ.
3439 511 3696 582 Διαφέρει

436 604 607 654 terra.
643 597 740 656 Est
777 608 958 658 autem
989 602 1277 675 utriusque
1310 603 1630 661 discrimen.
1660 605 1795 661 Nam
1842 608 2000 678 sphae

2115 609 2172 662 δὲ
2213 609 2448 681 ἑκατέρα
2477 628 2489 640 ·
2539 609 2572 681 ἢ
2619 609 2663 641 ⁸⁹
2715 608 2777 662 τὸ
2834 607 2934 679 μὲν
2985 604 3323 678 σφαιροειδὲς
3367 603 3551 674 σχῆμα
3600 602 3696 658 καὶ

435 691 563 745 rica:
602 685 799 748 similis
832 692 1004 764 ﬁgura
1033 704 1215 766 partes
1256 695 1524 766 quasdam
1558 697 1863 752 eminentes
1915 697 2000 750 ha-

2115 699 2309 771 ἐξοχὰς
2343 701 2454 771 ἔχει
2480 701 2576 754 καὶ
2613 700 2950 771 κοιλότητας,
2983 699 3044 752 τὸ
3081 698 3138 752 δὲ
3165 697 3265 768 τῆς
3298 696 3531 766 σφαίρας
3557 712 3692 749 παν-

432 783 545 846 bet,
577 783 714 840 alias
741 799 1045 854 concavas;
1072 787 1289 858 sphaera
1317 787 1682 859 undequaque
1708 797 1795 844 est
1825 803 2000 860 aequa-

2114 794 2341 864 ταχόθεν
2372 795 2506 856 ἴσον,
2533 794 2626 848 καὶ
2655 793 2764 847 ἀπὸ
2790 791 2884 846 τοῦ
2913 791 3077 863 μέσου
3106 791 3330 862 κέντρου
3367 787 3693 858 ἐκϐαλλομέ-

433 873 600 939 bilis,
634 883 689 930 et
723 884 853 932 sunt
897 878 968 933 ab
1003 879 1125 948 ejus
1163 889 1352 936 centro
1381 881 1450 936 ad
1493 891 1796 936 extremum
1837 881 2000 936 ambi‘

2111 903 2211 950 νας
2241 887 2456 951 εὐθείας
2495 889 2575 951 εἰς
2616 887 2716 943 τὴν
2772 885 3092 953 ἐπιφάνειαν
3143 883 3267 945 ῐσας
3318 879 3460 951 ἔχον.
3507 879 3692 932 Ἔστιν

433 971 548 1017 tum
573 966 754 1020 ductae
778 967 1016 1036 aequales
1068 969 1212 1023 inter
1241 984 1301 1025 se
1336 969 1508 1025 lineae.
1545 968 1758 1024 Caelum
1799 977 1884 1024 est
1909 970 2000 1024 ita-

2110 975 2202 1034 οὖν
2239 981 2268 1032 ὁ
2303 981 2532 1052 οὐρανὸς
2581 982 2818 1050 σφαῖραο
2860 978 2982 1031 ὅθεν
3027 977 3122 1030 καὶ
3160 973 3256 1046 τὴν
3301 973 3485 1043 κύκλῳ
3520 971 3694 1042 φορὰν

429 1069 538 1124 que
585 1055 826 1126 sphaera,
892 1058 1038 1116 unde
1078 1069 1133 1115 et
1181 1061 1239 1115 in
1283 1062 1471 1118 orbem
1516 1071 1768 1118 movetur
1800 1081 1811 1115 :
1848 1076 2000 1131 quem

2111 1074 2375 1126 ποιεῖ-,ταν
2414 1072 2542 1144 περὶ
2567 1071 2624 1124 ὃν
2659 1071 2754 1124 καὶ
2788 1070 2936 1141 ἥλιος
2963 1068 3059 1140 τὴν
3090 1065 3394 1137 περιφορὰν
3419 1065 3685 1118 ποιεῖται·

425 1144 638 1213 circum
661 1150 744 1204 sol
769 1150 1061 1206 circuitum
1093 1151 1224 1208 facit
1247 1170 1262 1207 :

633 1260 729 1317 Sol
749 1264 1046 1330 pernicibus
1077 1267 1223 1337 equis
1247 1283 1459 1323 versans
1492 1270 1788 1338 ﬂammam.

2288 1265 2462 1321 Ἥλιε
2493 1265 2659 1333 θοαῖς
2685 1267 2960 1320 ἵπποισιν
2982 1263 3272 1318 εἱλίσσων
3291 1263 3509 1333 φλόγα.

501 1351 712 1408 Etenim
746 1356 816 1410 ab
841 1355 1060 1413 Oceano
1087 1368 1404 1430 surgentem
1435 1361 1588 1414 illum
1615 1361 2000 1431 prospicimus:

2106 1355 2217 1408 Καὶ
2247 1354 2354 1428 γὰρ
2383 1356 2441 1423 ἐξ
2484 1357 2736 1411 Ὠκεανοῦ
2767 1355 3123 1411 ἀνατέλλοντα
3155 1355 3317 1408 αὑτὸν
3357 1354 3574 1426 ὁρῶμεν
3597 1366 3611 1380 ⁸

427 1465 523 1521 Sol
551 1478 720 1522 autem
750 1471 952 1526 exsiliit
981 1473 1276 1545 relinquens
1297 1476 1613 1545 prceclarum
1644 1475 1818 1528 lacum
1842 1491 1862 1539 ;

2123 1470 2344 1540 Ἠέλιος
2369 1469 2421 1523 δ’
2443 1471 2758 1540 ἀνόρουσε,
2781 1471 2975 1525 λιπὼν
2993 1471 3358 1539 περικαλλέα
3380 1465 3679 1537 λίμνηνοο·

429 1577 538 1650 78
571 1594 632 1634 ac
661 1595 854 1639 rursus
875 1583 932 1638 in
961 1582 1235 1642 Oceanum
1266 1587 1570 1644 cadentem:

2107 1587 2198 1640 καὶ
2227 1587 2389 1641 πάλιν
2421 1587 2479 1649 ἐς
2522 1585 2770 1640 Ὠκεανὸν
2794 1583 3190 1656 καταδυόμενον
3211 1599 3225 1614 ⁸

527 1690 725 1748 Incidit
754 1707 932 1753 autem
955 1699 1010 1752 in
1034 1699 1303 1756 Oceanum
1334 1705 1609 1765 splendida
1647 1708 1740 1763 lux
1759 1709 1909 1763 solis.

2190 1700 2292 1753 Ἕν
2317 1698 2368 1752 δ’
2399 1700 2568 1754 ἕπεθ’
2610 1698 2865 1764 Ὠκεανῷ
2886 1697 3164 1769 λαμπρὸν
3193 1696 3345 1766 φάος
3363 1694 3636 1797 ἠελίοιο.⁸

426 1781 585 1852 Quod
627 1802 736 1841 non
785 1787 957 1852 ﬁeret,
994 1792 1098 1847 nisi
1126 1793 1181 1845 in
1222 1795 1410 1850 orbem
1441 1797 1700 1852 cieretur.
1734 1797 2000 1869 Pythago-

2105 1791 2218 1845 υύκ
2247 1790 2314 1844 ἂν
2335 1792 2392 1844 δὲ
2424 1793 2581 1846 τοῦτο
2601 1792 2830 1860 ἐγίνετο,
2860 1792 2910 1844 εἰ
2946 1791 3020 1862 μὴ
3049 1790 3148 1860 τὴν
3168 1788 3350 1858 κύκλῳ
3381 1783 3684 1888 περιφοράν

426 1873 526 1929 ι·ἰοὶ
555 1883 756 1942 tamen,
788 1881 883 1949 qui
915 1897 981 1937 ex
1013 1883 1257 1939 numeris
1281 1900 1348 1939 ac
1376 1885 1566 1957 ﬁguris
1596 1896 1852 1944 constare
1867 1903 2000 1943 cen-

2107 1885 2359 1938 ἐποιεῖτο.
2396 1887 2458 1938 Οἱ
2491 1885 2545 1939 δὲ
2568 1886 2946 1958 Πυθαγόρειοι,
2980 1885 3102 1940 ἐπεὶ
3140 1884 3318 1937 πάντα
3349 1879 3409 1946 ἐξ
3433 1878 3682 1953 ἀριθμῶν

425 1974 547 2022 sent
575 1971 781 2038 omnia,
815 1979 975 2028 terra:
1007 1976 1258 2030 cubicam
1291 1977 1520 2048 ﬁguram
1563 1980 1834 2047 tribuunt,
1883 1980 1997 2051 igni

2106 1975 2199 2027 καὶ
2224 1975 2498 2047 γραμμῶν
2533 1979 2851 2032 συνεστάναι
2875 1978 3107 2041 θέλουσι,
3137 1977 3234 2047 τὴν
3271 1975 3367 2046 μὲν
3388 1975 3490 2045 γῆν
3518 1989 3682 2042 φασιν

422 2061 722 2130 pyramidis
748 2065 980 2121 similem
1009 2107 1024 2131 ,
1058 2069 1171 2123 aeri
1212 2070 1548 2137 octaedrum,
1600 2088 1754 2145 aqua;
1783 2073 1996 2130 icosae-

2105 2066 2248 2137 ἔχειν
2270 2069 2456 2140 σχῆμα
2479 2070 2718 2136 κυϐικὺν,
2748 2071 2808 2124 τὺ
2855 2070 2912 2124 δὲ
2951 2071 3062 2141 πῦρ
3094 2067 3474 2140 πυραμοειδὲς,
3503 2066 3595 2118 τὸν
3633 2064 3680 2117 δ’

423 2147 606 2221 drum,
629 2152 728 2206 toti
760 2156 1100 2212 universitati
1123 2159 1544 2218 dodecaedrum.

2105 2161 2243 2231 ἀέρα
2267 2161 2552 2234 ὀκτάεδρον
2573 2203 2589 2227 ,
2624 2163 2684 2216 τὸ
2708 2163 2768 2217 δὲ
2800 2162 2942 2235 ὕδωρ
2973 2161 3337 2232 εἰκοσάεδρον,
3379 2160 3476 2231 τὴν
3497 2158 3552 2211 δέ
3571 2155 3679 2210 τῶν

2104 2252 2239 2306 ὅλων
2266 2253 2520 2308 σύστασιν
2545 2255 2927 2327 δωδεκάεδρον.

911 2332 988 2390 De
1013 2336 1502 2396 circumvolutione.

2627 2368 2766 2437 Περὶ
2793 2364 3134 2437 περιφορᾶς.

489 2418 544 2472 7ο
584 2416 785 2485 Stoicis
826 2424 1006 2496 placet
1052 2443 1084 2484 e
1125 2436 1270 2486 terra
1310 2434 1547 2502 primum
1575 2433 1836 2488 extimam
1872 2431 1989 2486 ﬁeri

2174 2460 2243 2524 ζ’.
2279 2461 2343 2513 υἱ
2369 2461 2597 2513 Στωϊκοί
2625 2416 2789 2528 φασιν
2811 2416 3130 2529 ἐκΐττῆςΐγῖἷς
3166 2455 3264 2528 τὴν
3299 2453 3498 2519 ἔξωθεν
3528 2451 3676 2519 γίνε-

419 2506 982 2585 οἱιοιιιηνοιιιιὶοῃθηι.
1007 2514 1142 2586 Cum
1165 2520 1310 2575 enim
1346 2530 1594 2577 centrum
1619 2522 1708 2575 illa
1731 2523 1822 2589 sit,
1846 2521 1993 2576 velut

419 2611 449 2626 ι
481 2606 671 2626 Ann.“
704 2601 970 2626 ,ιζ-υ...1----
1007 2606 1081 2626 -2-
1123 2622 1142 2626 _
1184 2616 1318 2626 .___m_
1351 2611 1402 2626 ιιι.
1507 2618 1518 2626 .
1574 2625 1579 2626 ,
1709 2625 1716 2626 κ
1772 2618 1813 2626 .,
1957 2625 1961 2626 ,

2102 2506 2225 2606 69;.
2274 2553 2490 2624 πρῶτον
2535 2506 2855 2626 περῖφοράν.
2898 2506 3051 2605 Ἐπεί
3089 2506 3284 2620 κάριή
3324 2547 3396 2618 γῆ
3449 2545 3676 2614 κέντρου

417 2611 452 2650 a
480 2606 673 2656 centro
701 2601 972 2671 circulus;
1002 2606 1085 2665 sic
1119 2622 1150 2666 a
1184 2616 1328 2674 terra
1350 2611 1429 2674 ﬁt,
1466 2618 1526 2664 ut
1559 2618 1990 2665 consentaneum
2098 2601 2252 2674 ,ξλξξη
2282 2601 2482 2674 ξξζέξξ
2529 2601 2880 2674 ,ὲξξξζῐξτξξχ

416 2697 522 2755 est,
557 2691 650 2747 ille
709 2694 950 2752 ambitus
989 2701 1250 2765 exterior.
1287 2701 1395 2756 Alii
1420 2717 1637 2758 sursum
1680 2713 1873 2758 natura
1893 2719 1991 2758 sua

417 2779 535 2808 (3-..:
571 2781 749 2808 :......-.._
804 2796 1054 2808 ---___-_.
1122 2798 1163 2808 _.
1197 2791 1239 2808 o,
1305 2792 1370 2808 ,-,
1449 2793 1461 2808 ι
1845 2794 1858 2808 1
1905 2794 1918 2808 ι
1943 2794 1954 2804 -

2098 2691 2238 2789 06:0)
2264 2738 2357 2790 καὶ
2377 2691 2493 2790 gub,
2505 2737 2603 2808 τῆς
2627 2691 2730 2807 γῖἷς
2759 2736 2906 2800 εἰκὸς
2937 2691 3433 2807 εξωῖπεριφέρειαν
3462 2726 3676 2798 γεγονέ-

417 2779 539 2836 ﬁeri
571 2781 752 2855 ignem
803 2796 1079 2852 asserunt,
1112 2798 1167 2845 et
1197 2791 1252 2846 in
1293 2792 1560 2855 circulum
1606 2807 1732 2849 esse
1774 2794 1990 2848 volubi-

417 2872 522 2901 ιη,
615 2875 850 2901 ε,,.,,,,,
1454 2885 1466 2896 .
1947 2887 1959 2898 .

2099 2847 2206 2884 ναι.
2241 2832 2303 2882 Οἱ
2323 2830 2379 2883 δέ
2404 2849 2536 2899 φασι
2638 2779 2750 2901 ἲπύθρ
2770 2831 2812 2864 ⁹¹
2850 2779 3128 2900 ἀῖθωφερὲς
3148 2779 3310 2879 ἔῖνταιῗ
3331 2824 3424 2876 καὶ
3448 2822 3547 2892 τὴν
3576 2818 3674 2872 κύρ

416 2872 560 2940 lem,
615 2875 852 2949 indeque
909 2881 1078 2938 totius
1132 2884 1376 2940 universi
1419 2885 1797 2946 circuitionem
1845 2887 1983 2950 exsi-

417 2972 566 2992 MM...

2098 2919 2211 2990 κλῳ
2246 2872 2641 2992 φορὰντεωθὸς
2676 2872 3108 2990 πὲιεῖσθαιῖτζιν
3132 2916 3391 2969 σύστασιν
3436 2913 3534 2984 τῆς
3567 2910 3674 2964 τῶν

417 2972 586 3022 stere.

2098 2643 2252 2710 τάξιν
2284 2643 2493 2715 ἐπέχει,
2527 2644 2715 2715 ὥσπερ
2769 2642 2879 2698 ἀπὸ
2919 2643 3144 2714 κέντρου
3186 2639 3383 2701 κύκλος
3427 2637 3671 2705 γίνεται*

2095 3012 2232 3066 ὅλων
2267 3012 2571 3083 περιφορᾶς
2602 3014 2850 3065 ποιεῖται.

752 3082 834 3137 An
855 3084 924 3138 sit
955 3085 1158 3156 aliquid
1184 3096 1339 3142 extra
1367 3090 1643 3146 mundum.

480 3168 539 3236 ,8.
561 3166 822 3228 Nonnulli
846 3182 1000 3230 extra
1022 3179 1287 3234 mundum
1309 3195 1435 3238 esse
1465 3182 1671 3254 aliquid
1693 3191 1907 3256 putant,
1929 3195 1988 3241 ut

416 3257 714 3333 Epicurus;
743 3266 838 3334 qui
893 3266 949 3322 in
997 3269 1212 3326 inﬁnito
1252 3288 1431 3328 vacuo
1474 3275 1719 3333 inﬁnitos
1753 3277 1991 3335 mundos

2625 3127 2695 3179 El
2726 3127 2857 3179 ἐστι
2887 3141 2942 3178 τι
2970 3124 3160 3190 ἐκτός.

2017 3225 2062 3286 C
2164 3223 2236 3288 η’.
2270 3217 2334 3270 Οἱ
2369 3218 2467 3288 μὲν
2509 3211 2649 3270 εἷναί
2689 3233 2742 3269 τι
2773 3215 2928 3279 ἐκτός
2967 3232 3150 3285 φασιν,
3179 3214 3369 3285 ὥσπερ
3396 3211 3490 3266 καὶ
3521 3211 3673 3264 Ἐπί-

2095 3327 2287 3382 κουρος
2311 3325 2326 3339 ·
2355 3309 2415 3373 ὃς
2446 3308 2538 3362 καὶ
2559 3307 2818 3378 ἀπείρους
2838 3307 3076 3378 κόσμους
3101 3305 3412 3360 ὑποτίθεται
3433 3306 3491 3357 ἐν
3516 3303 3672 3356 ἀπεί-

415 3353 672 3429 collocat.
704 3355 898 3430 Stoici,
923 3363 1018 3432 qui
1048 3364 1534 3422 certisintervallis
1559 3375 1866 3440 temporum
1898 3371 1992 3426 de-

415 3446 790 3472 ﬂ-.._-a3-_-._
829 3453 1016 3472 _A-__,j!
1052 3470 1063 3472 -
1122 3470 1130 3472 ξ
1183 3455 1196 3467 ο
1385 3459 1420 3472 ,ι
1507 3465 1519 3472 ρ
1949 3463 1961 3472 .

2097 3418 2172 3472 ρῳ
2197 3353 2298 3471 Ι’τῷ
2349 3353 2490 3470 κένῷ
2509 3417 2523 3430 ·
2575 3400 2626 3452 οἱ
2676 3353 2733 3452 se
2780 3353 3029 3462 Στωῖκῖι,
3072 3398 3382 3470 ἐκπύρωσιν
3429 3396 3674 3464 λέγοντες

414 3446 794 3520 ﬂagratipnem
829 3453 1020 3509 mundi
1042 3455 1261 3512 evenire
1281 3459 1547 3524 sentiunt,
1565 3475 1797 3515 vacuum
1819 3463 1993 3532 quod-

419 3537 538 3562 ΔΑ...
585 3541 814 3562 -_-n!--__-
881 3546 1068 3562 Δ.η,.ο.
1196 3555 1208 3562 .
1469 3558 1478 3562 Α
1687 3552 1699 3562 .
1751 3551 1776 3562 ιι.
1823 3552 1856 3562 σί

2093 3446 2299 3562 κύσμοῖ
2327 3453 2472 3544 κατά
2508 3508 2659 3554 τινας
2698 3489 3038 3562 ὡρισμένους
3073 3446 3297 3559 χρόνάυς
3330 3483 3485 3548 εἶναι,
3517 3484 3676 3537 κενὸν

413 3537 542 3605 dam
583 3541 820 3611 spatium
870 3546 1244 3613 constituunt,
1304 3562 1416 3603 non
1464 3558 1646 3606 tamen
1685 3551 1988 3619 inﬁnitum;

415 3631 509 3653 --λ
556 3638 767 3653 .-_.___.
1094 3637 1106 3653 .
1153 3645 1164 3653 .
1306 3637 1321 3653 .
1532 3641 1543 3651 .

2096 3537 2295 3562 ""t""'
2329 3537 2469 3544 """‘
2519 3537 2656 3554 ""‘V
2701 3537 3034 3562 "r"r"""-'
3075 3537 3295 3559 nr""v
3334 3537 3420 3539 r"
3475 3537 3485 3548 ι

2096 3583 2215 3652 μὲν,
2241 3582 2300 3634 οὐ
2338 3582 2442 3653 μὴν
2468 3582 2693 3652 ἄπειρόν
2724 3598 2918 3649 φασιν-
2954 3579 3089 3632 ἀλλά
3129 3577 3381 3631 τοσοῦτον
3415 3576 3536 3628 ὅσον
3569 3593 3674 3644 χωρ-

413 3631 512 3686 sed
556 3638 806 3698 tantum.
839 3642 900 3698 ut
939 3634 1265 3696 dissolutum
1306 3637 1411 3694 hoc
1454 3641 1768 3698 universum
1794 3657 1991 3713 capere

2710 3631 2857 3725 (ίὶᾐϐὲ
2883 3671 3046 3742 μηδὲν
3069 3665 3204 3722 εἶναι
3228 3667 3474 3736 λέγοντες
3493 3631 3673 3737 χρῶν-

413 3722 610 3792 possit.
656 3724 763 3789 Sed
803 3726 897 3797 qui
932 3728 1071 3788 nihil
1103 3738 1254 3784 extra
1308 3731 1573 3790 mundum
1608 3748 1732 3789 esse
1777 3735 1987 3799 volunt,

2095 3722 2164 3740 ιγ.
2310 3722 2431 3724 κ
2482 3722 2517 3724 η
2883 3722 2980 3742 .ν.κ
3301 3722 3312 3736 .
3454 3722 3544 3737 -.υ

2091 3779 2179 3815 ται
2209 3762 2353 3833 λόγῳ
2382 3762 2608 3835 τοιούτῳ
2633 3780 2647 3794 ο
2681 3763 2786 3816 Τοῦ
2819 3763 3048 3834 ούρανοῦ
3089 3760 3391 3832 σφαιρικῶς
3417 3758 3671 3829 κινουμέ-

412 3813 491 3867 ita
523 3815 962 3880 ratiocinantur:
995 3818 1133 3874 Cum
1164 3821 1362 3876 coelum
1415 3834 1699 3881 moveatur
1726 3825 1781 3880 in
1811 3826 1990 3881 circu-

412 3901 521 3924 I--...
577 3903 619 3924 -2
659 3906 782 3924 ____!j
820 3914 954 3924 -A.,__
1001 3908 1052 3924 -ιι
1114 3909 1129 3924 ι
1209 3923 1212 3924 ,
1307 3912 1317 3924 ι
1432 3919 1442 3924 -
1571 3913 1582 3924 ι
1754 3915 1766 3924 .
1911 3917 1926 3924 -

2690 3813 2780 3816 —--
3101 3813 3179 3832 7..
3227 3813 3292 3832 ,η
3374 3813 3389 3823 ο
3573 3813 3585 3829 ι

2092 3871 2206 3917 νου,
2231 3855 2280 3906 εἰ
2310 3853 2424 3907 ἐστι
2454 3873 2506 3908 τι
2547 3855 2703 3919 ἐκτὸς
2732 3855 2906 3916 κενὸν,
2943 3854 3280 3924 συμϐήσεται
3304 3857 3400 3922 τὴν
3437 3851 3671 3920 σφαῖραν

411 3901 546 3972 lum,
574 3903 622 3967 si
651 3906 783 3976 quid
811 3914 964 3961 extra
996 3908 1131 3964 illud
1163 3912 1320 3964 vacui
1365 3919 1470 3974 est,
1501 3913 1713 3983 sphaara
1752 3915 1870 3986 ipsa
1894 3917 1990 3973 de-

410 3994 741 4052 clinationes
774 3999 1040 4068 quasdam
1073 3999 1256 4068 faciet,
1288 4003 1345 4056 in
1384 4003 1526 4060 hanc
1555 4006 1636 4063 vel
1674 4006 1824 4068 illam
1858 4011 1990 4076 sub-

408 4085 564 4156 lapsa
615 4093 861 4158 partem;
895 4088 999 4145 hoc
1039 4106 1168 4148 vero
1226 4109 1572 4165 nequaquam
1609 4098 1828 4154 accidit.
1879 4100 1988 4155 Va-

2091 3944 2477 4017 παρεγκλίσεις
2515 3947 2666 4009 τινὰς
2694 3945 3004 4018 ὑπομένειν,
3049 3943 3514 4008 ἐξολισθαίνουσαν
3543 3941 3671 4012 τῇδε

2091 4039 2315 4091 κάκεῖσε
2339 4055 2354 4070 ·
2386 4039 2542 4094 τοῦτο
2578 4039 2634 4092 δὲ
2673 4039 2734 4091 οὐ
2768 4037 3003 4108 γίνεται·
3047 4038 3146 4090 οὐκ
3182 4037 3291 4108 ἄρα
3335 4035 3450 4088 ἐστι
3491 4033 3666 4088 κενόν.

2103 4127 2213 4181 Ἀεὶ
2250 4128 2359 4201 γὰρ
2384 4131 2504 4184 κατ’
2535 4130 2672 4182 αὐτὰ
2704 4129 2800 4183 καὶ
2840 4130 2947 4183 ἀπὸ
2980 4128 3087 4182 τῶν
3129 4126 3308 4181 αὐτῶν
3336 4124 3552 4198 ὁρῶμεν
3570 4123 3670 4187 τὰς

2091 4219 2352 4284 ἀνατολὰς
2377 4221 2471 4275 καὶ
2494 4219 2594 4285 τὰς
2619 4219 2678 4273 δύ
2688 4237 2819 4284 σεις.

408 4271 532 4346 dem
559 4273 808 4345 partibus
828 4283 983 4345 ortus
1012 4285 1065 4332 et
1087 4292 1318 4343 occasus
1353 4279 1467 4335 ﬁeri
1491 4283 1786 4341 cernimus.

926 4395 1009 4447 An
1043 4404 1142 4448 stet
1173 4395 1422 4450 mundus.

2538 4418 2605 4471 El
2625 4417 2882 4485 ἕστηκεν
2905 4421 2937 4472 ὁ
2959 4419 3208 4487 κόσμος.

477 4483 532 4540 9.
571 4482 882 4539 Stoicorum
931 4483 1212 4551 decretum
1263 4487 1397 4542 illud
1428 4497 1532 4555 est,
1567 4505 1788 4549 manere
1827 4509 1984 4549 mun-

2163 4508 2226 4561 θ’.
2253 4507 2437 4578 Δόγμα
2465 4509 2582 4561 ἐστὶ
2613 4510 2720 4562 τῶν
2750 4482 3000 4564 Στωϊκῶν
3014 4482 3106 4563 καὶ
3126 4482 3545 4580 μαθηματικῶν,
3575 4509 3670 4578 μέυ

405 4577 536 4650 dum
569 4592 583 4628 :
614 4577 761 4660 quod
807 4593 872 4644 ex
910 4594 976 4634 eo
1005 4578 1235 4649 probant
1265 4598 1278 4634 :
1310 4579 1522 4635 Etenim
1574 4584 1621 4655 si
1653 4586 1890 4643 mundus
1928 4588 1984 4642 in

2091 4616 2200 4652 νειν
2232 4599 2322 4652 τὸν
2342 4599 2564 4670 κόσμον.
2598 4601 2670 4652 Τὸ
2699 4602 2881 4671 μέντοι
2903 4602 3078 4672 δόγμα
3096 4601 3186 4654 διὰ
3215 4600 3472 4653 τοιούτων
3499 4617 3668 4652 κατα-

403 4652 673 4725 immenso
719 4671 815 4724 illo
847 4687 1020 4727 vacuo
1065 4675 1374 4735 consistens
1417 4676 1673 4732 deorsum
1711 4679 1979 4744 tenderet,

2094 4692 2415 4757 σκευάζεται
2435 4652 2460 4721 ⁸.
2609 4695 2637 4745 ὁ
2683 4652 2884 4764 κόσμος
2914 4652 3055 4765 κεινιῷ
3087 4697 3144 4746 ἐν
3174 4693 3386 4763 ἀπείρῳ
3409 4693 3669 4763 ὑπάρχων

402 4768 609 4842 terram
659 4763 865 4820 imbres
918 4767 1184 4836 attingere
1241 4769 1464 4825 minime
1511 4778 1737 4841 possent
1777 4787 1789 4824 :
1831 4774 1979 4843 atqui

2092 4785 2242 4856 κάτω
2278 4783 2521 4855 ἐφέρετο,
2549 4784 2649 4852 οὐκ
2678 4784 2744 4837 ἂν
2772 4763 2966 4857 ὄμϐροι
2989 4763 3397 4856 κατελάμϐανον
3414 4783 3512 4856 τὴν
3540 4784 3664 4852 γῆν·

401 4867 524 4927 eam
557 4852 851 4924 attingunt.
892 4853 1012 4909 Non
1045 4857 1209 4930 igitur
1243 4867 1513 4926 movetur,
1545 4861 1642 4916 sed
1680 4861 1848 4916 hmret
1880 4862 1983 4916 im-

2091 4852 2567 4943 καταλαμϐάνουσι
2591 4874 2668 4926 δέ’
2697 4852 2937 4948 ούκνᾶρα
2971 4852 3249 4948 φέρεται-ὁ
3283 4852 3508 4946 κόσμος,
3533 4875 3671 4929 ἀλλά

401 4945 620 5000 mobilis
665 4934 926 5001 mundus.
959 4948 1039 5001 Ad
1079 4950 1195 5019 haec
1225 4959 1512 5006 ventorum
1537 4952 1631 5007 alii
1657 4952 1724 5009 de
1753 4959 1895 5010 terra
1926 4955 1980 5026 in

2090 4934 2318 5032 ἕστηκε..
2344 4965 2453 5016 Καὶ
2487 4964 2649 5018 πάλιν
2684 4967 2732 5021 οἱ
2763 4934 2955 5038 ἄνεμοι
2984 4934 3133 5021 άλιλοι
3165 4966 3262 5036 μὲν
3301 4934 3410 5018 ἀπθ
3437 4934 3535 5034 τῆς
3566 4965 3670 5035 γῆς
3736 4989 3742 4995 ·

402 5051 582 5092 aerem
609 5047 907 5109 assurgunt
945 5040 1074 5094 :alii
1108 5041 1163 5094 in
1191 5049 1392 5104 terram
1427 5044 1806 5100 descendunt:
1833 5047 1980 5118 quod

2091 5056 2170 5117 εἰς
2194 5054 2354 5127 ἀέρα,
2387 5055 2533 5109 ἄλλοι
2562 5057 2618 5110 δέ
2645 5057 2736 5110 ἐπὶ
2773 5057 2842 5120 τὰ
2869 5060 3018 5114 κάτω
3046 5059 3151 5111 εἰσὶ
3185 5057 3668 5128 καταϐαλλόμενοι.

400 5131 446 5185 si
469 5146 669 5185 non....
695 5129 815 5185 Non
846 5147 977 5203 ergo
1011 5135 1248 5191 mundus
1285 5145 1556 5192 movetur.
1583 5138 1752 5194 Aiunt
1798 5147 1981 5196 autem

2090 5149 2154 5202 Εἰ
2179 5149 2235 5202 δὲ
2259 5148 2341 5213 οὓ,
2379 5149 2478 5202 οὐκ
2505 5151 2615 5220 ἄρα
2644 5150 2871 5222 φέρεται
2913 5155 2941 5205 ὁ
2972 5152 3192 5219 κόσμος.
3222 5149 3359 5203 Φασὶ
3395 5149 3454 5202 δὲ
3487 5148 3671 5220 μένειν

397 5221 459 5277 ἱη
488 5221 703 5278 inﬁnito
737 5238 910 5280 vacuo
943 5240 1163 5281 manere
1189 5228 1455 5283 mundum
1497 5238 1720 5301 propter
1770 5239 1979 5288 motum

2089 5245 2180 5298 τὸν
2209 5248 2412 5317 κόσμον
2463 5248 2522 5299 ἐν
2564 5247 2776 5318 ἀπείρῳ
2823 5247 2966 5320 κενῷ
2997 5245 3086 5313 διὰ
3130 5245 3227 5316 τὴν
3260 5243 3354 5298 ἐπὶ
3399 5243 3462 5296 τὺ
3506 5243 3670 5315 μέσον

398 5315 555 5371 illum
579 5316 647 5370 ad
669 5324 940 5372 centrum.
974 5317 1254 5389 Siquidem
1287 5327 1472 5390 partes
1498 5315 1648 5378 illius
1691 5338 1879 5380 omnes
1913 5323 1980 5378 ad

2089 5340 2290 5411 φοράνο
2317 5315 2445 5393 ἐπεὶ
2474 5349 2653 5395 πάντα
2673 5315 2838 5394 αὐτοῦ
2880 5315 2949 5393 τά
2996 5340 3136 5410 μέρη
3171 5315 3264 5392 ἐπὶ
3303 5337 3366 5390 τὸ
3397 5337 3560 5409 μέσον
3587 5336 3668 5388 νέ-

397 5415 650 5464 centrum
681 5419 913 5480 vergunt
945 5428 956 5464 :
988 5426 1108 5480 quae
1131 5420 1260 5466 sunt
1283 5421 1449 5478 terra,
1477 5428 1636 5484 aqua,
1671 5433 1786 5481 aer,
1813 5417 1977 5488 ignis.

2089 5450 2268 5488 νευκε.
2298 5436 2459 5506 Μέρη
2485 5435 2542 5488 δέ
2567 5437 2715 5488 ἐστιν
2741 5433 2908 5487 αὐτοῦ
2940 5434 3040 5514 γῆ,
3078 5432 3244 5502 ὕδωρ,
3288 5431 3420 5501 ἀὴρ,
3453 5429 3566 5500 πῦρ
3593 5445 3606 5457 ’
3633 5427 3672 5482 ἃ

400 5498 531 5563 Quae
553 5514 746 5555 omnes
773 5502 842 5556 ad
870 5511 1118 5557 centrum
1147 5520 1436 5574 propensa:
1469 5517 1618 5564 sunt.
1651 5510 1733 5566 0b
1759 5511 1812 5565 id
1847 5527 1979 5567 nus-

2091 5524 2270 5577 πάντα
2304 5525 2449 5579 νεύει
2501 5524 2592 5577 ἐπὶ
2625 5524 2686 5577 τὺ
2726 5525 2908 5594 μέσον.
2954 5523 3052 5575 Διά
3095 5521 3255 5574 τοῦτο
3296 5518 3389 5574 οὖν
3430 5518 3669 5588 οὐδαμοῦ

400 5605 563 5660 quam
583 5594 822 5650 mundus
843 5596 1088 5651 inclinat.
1119 5598 1188 5652 At
1217 5598 1469 5670 Epicurei
1494 5603 1828 5660 immobilem
1858 5623 1977 5662 esse

2089 5615 2244 5685 ῥέπει
2273 5619 2300 5668 ὁ
2330 5617 2550 5686 κόσμος.
2587 5615 2649 5670 Οἱ
2689 5617 2745 5671 δὲ
2791 5615 3152 5686 Ἐπικούρειοί
3204 5631 3336 5683 φασι
3373 5613 3553 5683 μένειν
3579 5610 3669 5664 τὸν

402 5683 662 5739 mundum
689 5686 894 5746 idcirco
923 5696 1139 5757 putant,
1157 5691 1302 5760 quod
1324 5692 1395 5747 ab
1424 5709 1569 5761 aere,
1601 5697 1692 5767 qui
1717 5697 1771 5753 in
1809 5698 1979 5754 inter-

2089 5705 2289 5777 κόσμον
2313 5706 2746 5777 ἀνακοπτόμενον
2776 5705 2876 5759 ὑπὸ
2898 5705 2990 5758 τοῦ
3018 5707 3197 5776 ἀέρος,
3228 5701 3320 5756 τοῦ
3356 5705 3413 5755 ἐν
3433 5701 3542 5764 τοῖς
3571 5715 3668 5769 με·

472 5841 516 5873 ⁸⁸
539 5843 580 5912 Γ·
771 5845 814 5876 ⁹⁰
850 5844 1014 5915 Odys.
1046 5849 1106 5901 Γ.
1212 5851 1253 5884 9'
1292 5852 1332 5922 ι’.
1364 5852 1449 5906 διὰ
1477 5856 1552 5908 τό.
1991 5799 2016 5856 ᾖ
2049 5852 2057 5860 ’
