4130 6410
413 379 519 435 9411

1161 373 1498 434 ᾹΕΗΙἸᾸᾸΞ
1523 375 1710 434 ΤΑΤΙΙ
1752 374 2053 438 ISAGOGE
2088 381 2181 436 AD
2222 380 2434 437 ARATI
2471 373 2944 438 PHIENOMENA.

3580 385 3686 442 950

415 495 752 566 τακοσμίοις.
786 494 1147 566 Μετακόσμια
1183 494 1236 548 δέ
1274 495 1388 548 ἐστι
1435 494 1503 549 τά
1544 494 1748 566 μεταξὺ
1775 495 1884 548 τῶν
1911 496 2000 550 κό-
2029 545 2037 557 ,

2140 496 2343 552 mmiiis
2377 504 2481 561 cst,
2514 496 2846 551 inhibeatur.
2882 493 3251 551 lntermundia
3291 503 3486 553 vocant
3509 501 3687 570 Spatia

420 605 574 660 σμων
600 589 965 658 διαστήματα.

993 699 1130 767 Περὶ
1163 698 1435 767 ἀστέρος.

499 801 551 849 t'.
573 793 783 864 Ἀστήρ
806 792 923 845 ἐστι
951 792 1091 846 κατὰ
1111 790 1373 862 Διόδωρον
1401 790 1559 862 σῶμα
1574 789 1713 844 θεῖον
1731 789 2000 861 οὐράνιον,

422 889 522 959 τῆς
544 887 713 958 αὐτῆς
739 883 1078 956 μετειληφὼς
1105 884 1292 946 οὐσίας
1313 883 1390 954 τῷ
1408 884 1465 936 ἐν
1493 876 1538 951 ᾧ
1557 885 1672 944 ἐστι
1701 882 1872 952 τόπῳ,
1898 882 2005 934 σῶ-

429 998 504 1052 μα
533 979 806 1050 λαμπρὸν,
833 978 928 1032 καὶ
955 977 1211 1030 οὐδέποτε
1246 976 1436 1028 στάσιν
1470 973 1614 1045 ἔχον,
1650 973 1767 1027 ἀλλ’
1798 973 1886 1027 ἀεὶ
1915 990 2010 1042 φε-

428 1069 655 1142 ρόμενον
687 1065 982 1129 κυκλικῶς.
1025 1063 1299 1127 Ὡσαύτως
1330 1063 1388 1116 δὲ
1419 1062 1656 1134 ὡρίσατο
1703 1064 1798 1117 καὶ
1831 1065 2012 1117 Ποσει-

426 1157 614 1220 δώνιος
635 1156 741 1228 πρὸ
767 1154 930 1209 αὑτοῦ
960 1156 988 1207 ὁ
1010 1153 1263 1216 Στωϊκός.
1297 1153 1370 1205 Τὸ
1396 1153 1454 1206 δὲ
1491 1171 1510 1204 ι
1538 1153 1792 1206 οὐδέποτε
1825 1153 2014 1207 στάσιν

428 1249 553 1320 έχον
587 1268 605 1300 ι
644 1249 738 1302 ἐπὶ
786 1247 885 1318 μὲν
912 1246 1020 1300 τῶν
1047 1246 1330 1318 πλανήτων
1362 1247 1535 1309 οὕτως
1552 1245 1804 1316 εἰρῆσθαι
1827 1245 1974 1298 δοκεῖ
1996 1260 2008 1273 ·

431 1343 572 1414 πλὴν
614 1341 750 1396 κάπὶ
784 1341 890 1394 τῶν
936 1340 1190 1394 ἀπλανῶν
1234 1339 1291 1392 δὲ
1339 1339 1474 1412 πρὸς
1519 1341 1645 1403 τοὺς
1701 1339 1776 1403 ὡς
1826 1338 2013 1408 ἔτυχεν

433 1435 790 1505 αἰτιωμένους
819 1433 878 1485 ού
917 1432 1098 1495 καλῶς
1137 1432 1279 1502 ἔχειν
1318 1431 1416 1501 τῆς
1448 1431 1616 1501 αὐτῆς
1656 1431 1864 1493 ἐννοίας
1893 1428 2014 1499 έχε-

432 1546 543 1583 ται.
577 1527 841 1581 Οὐδέποτε
868 1525 976 1596 γὰρ
1017 1525 1204 1578 στάσιν
1231 1523 1432 1595 έχουσι,
1463 1523 1541 1594 τῷ
1568 1524 1672 1576 ὑπὸ
1693 1523 1798 1576 τοῦ
1812 1522 2015 1594 κόσμου

435 1620 836 1694 περιάγεσθαι,
885 1618 988 1673 κᾶν
1040 1619 1128 1671 ἐπ’
1173 1619 1336 1672 αὐτὸν
1380 1619 1426 1650 "
1476 1618 1698 1689 μένωσι.
1744 1617 1864 1670 Τῶν
1909 1616 2016 1688 γὰρ

436 1713 685 1786 ἀστέρων
724 1714 772 1765 οἱ
823 1712 922 1783 μὲν
960 1711 1346 1782 ἐμπεπηγότες
1390 1710 1468 1781 τῷ
1508 1709 1722 1782 οὐρανῷ
1763 1709 2018 1771 ἀπλανεῖς

436 1806 708 1875 λέγονται,
749 1806 798 1858 οἱ
851 1805 910 1857 δὲ
958 1802 1056 1875 τὴν
1101 1803 1350 1857 ἐναντίαν
1393 1803 1683 1874 φερόμενοι
1731 1803 2018 1873 πλάνητες.

437 1899 605 1954 Αὐτοὶ
641 1897 698 1949 δὲ
737 1896 876 1949 ἑπτὰ
903 1894 1077 1962 ὄντες,
1108 1894 1404 1967 κατωτέρω
1432 1895 1525 1947 τοῦ
1553 1893 1907 1965 ούρανοῦκαὶ
1927 1890 2021 1945 τοῦ
2054 1889 2078 1918 ¹τ

439 1990 658 2061 αἰθέρος
698 1986 1127 2059 περιδινούμενοι
1156 1986 1246 2039 τὸν
1297 1985 1538 2040 ἐναντίον
1574 1988 1640 2056 τῇ
1681 1985 1775 2038 τοῦ
1819 1984 2022 2054 κόσμου

444 2082 651 2152 στροφῇ
684 2078 882 2150 δρόμον
908 2077 1192 2147 τρέχουσιν
1212 2095 1225 2108 ο
1258 2075 1448 2148 ὥσπερ
1466 2077 1536 2141 εί,
1568 2074 1700 2139 νεὼς
1724 2076 1802 2139 είς
1833 2074 2026 2146 βορέαν

440 2173 640 2240 ἄνεμον
673 2170 1002 2242 φερομένης,
1041 2168 1307 2241 ἐπιϐάτης
1351 2170 1431 2232 είς
1463 2167 1612 2222 νότον
1641 2168 1769 2240 παρ’
1792 2167 1930 2238 αὐτῇ
1961 2170 2026 2238 τῇ

441 2263 532 2336 νηῒ
567 2263 773 2335 τρέχει.
820 2261 941 2315 Etsi.
973 2259 1031 2314 δὲ
1068 2260 1247 2315 αὐτῶν
1302 2261 1358 2314 αἱ
1400 2261 1641 2330 κινήσεις
1681 2260 1878 2323 διτταὶ,
1907 2259 1942 2329 ἦ
1968 2276 2028 2311 τε

443 2356 683 2428 κοσμικὴ
728 2355 821 2408 καὶ⁵
858 2355 892 2426 ὴ
943 2353 1072 2410 ίδία.
1117 2353 1210 2408 Διὸ
1263 2354 1356 2406 καὶ
1398 2354 1533 2425 πρὸς
1587 2352 1870 2425 σύγκρισιν
1923 2352 2030 2406 τῶν

444 2449 701 2508 ἀπλανῶν
743 2447 889 2502 οὕτω
931 2446 1202 2518 πλάνητες
1235 2446 1572 2519 ἐκλήθησαν·
1623 2447 1741 2518 ἦτοι
1789 2447 1897 2501 ἀπὸ
1935 2447 2031 2502 τοῦ

448 2543 658 2614 πλανᾷν
682 2541 838 2612 ἡμῶν
871 2539 970 2605 τὰς
1002 2539 1154 2609 ὄψεις
1179 2556 1193 2568 ·
1229 2540 1321 2593 καὶ
1365 2537 1472 2611 γὰρ
1502 2538 1720 2608 πλάγιοι
1754 2539 2030 2611 φέρονται,

448 2635 545 2694 καὶ
573 2631 989 2696 ἀναποδίζουσιν
1012 2631 1216 2686 ὲνίοτε’
1243 2630 1357 2686 ἐσθ’
1378 2634 1467 2686 ὅτε
1498 2632 1554 2684 δὲ
1579 2631 1674 2685 καὶ
1703 2631 2035 2703 προσωτέρω

450 2722 752 2799 χωροῦσιν·
785 2723 819 2793 ἢ
859 2723 966 2776 ἀπὸ
1002 2721 1098 2777 τοῦ
1133 2723 1330 2786 αὐτοὺς
1365 2723 1688 2787 πλανᾶσθαι,
1721 2723 1816 2776 καὶ
1839 2723 1913 2796 μὴ
1937 2724 2035 2796 τὴν

449 2817 624 2889 αὐτὴν
670 2816 896 2889 πορείαν
935 2816 1208 2871 ποιεῖσθαι
1243 2819 1357 2881 τοῖς
1388 2815 1704 2870 ἀπλανέσιν.
1743 2816 1901 2871 Ὅθεν
1943 2818 2036 2871 καὶ

455 2908 693 2980 Ἄρατος
725 2909 824 2980 τὴν
856 2908 1104 2979 πορείαν,
1129 2908 1195 2960 δι’
1224 2902 1292 2980 ἧς
1325 2908 1547 2981 φέρεται
1574 2910 1603 2961 ό
1633 2909 1802 2980 ἥλιος,
1832 2909 2038 2980 πλάνην

451 2999 608 3057 εἶπεν
644 2999 813 3056 αὐτοῦ
837 3001 934 3055 καὶ
959 3000 1172 3074 ἄλησιν.

601 3287 763 3344 Κατὰ
785 3287 898 3357 μὲν·
918 3286 1115 3356 ,βορέω
1143 3285 1240 3342 καὶ
1268 3285 1528 3352 ἀλήσιος
1558 3286 1810 3353 ἠελίοιο.

455 3383 522 3436 Oi
551 3381 610 3434 δὲ
637 3378 996 3451 Πυθαγόρειοι
1042 3377 1105 3430 οὐ
1138 3376 1299 3448 μόνον
1335 3377 1460 3439 τοὺς
1508 3375 1782 3446 πλάνητας
1810 3377 2043 3448 ἀστέρας

460 3473 740 3545 βούλονται
777 3472 911 3526 ἰδίαν
959 3471 1172 3542 κίνησιν
1218 3467 1382 3540 ἔχειν,
1427 3467 1562 3522 ἀλλά
1587 3470 1682 3522 xa‘t
1719 3469 1844 3531 τοὺς
1873 3469 2046 3522 ἀπλα-

459 3571 568 3631 νεῖς
589 3585 601 3597 ·
631 3565 776 3619 οὕτω
823 3563 1008 3636 μέντοι
1043 3559 1334 3625 κινεῖσθαι,
1376 3561 1471 3613 καὶ
1511 3561 1640 3632 περὶ
1663 3560 1754 3613 τὸν
1791 3558 1922 3614 ἴδιον
1952 3578 2046 3614 κυ-

461 3659 706 3714 κλεῖσθαι
765 3656 1004 3711 κύκλον’
1035 3654 1226 3725 ῶσπερ
1278 3653 1372 3706 τοῦ
1423 3652 1626 3715 παντὸς
1667 3651 1741 3723 μὴ
1791 3651 2048 3723 μεταϐαί-

459 3771 643 3818 νοντος
681 3750 944 3824 ἑτέρωθι,
982 3747 1119 3803 ἀλλά
1163 3747 1292 3818 περὶ
1337 3747 1430 3800 τὸν
1469 3746 1630 3800 αὑτὸν
1663 3745 1826 3800 τόπον
1874 3745 2044 3800 είλου-

461 3845 650 3918 μένου.

929 3937 1027 4004 Τίς
1066 3935 1250 3991 οὐσία
1300 3933 1590 4004 ἀστέρων.

537 4039 626 4086 ια’.
665 4031 846 4102 Θαλῆς
906 4029 1008 4102 μὲν
1038 4030 1104 4099 δὴ
1134 4030 1330 4100 γηῒνην
1378 4027 1623 4098 ἔμπυρον
1657 4021 1776 4078 εἷπε
1810 4025 1908 4096 τὴν
1943 4025 2050 4080 τῶν

466 4128 715 4198 ἀστέρων
761 4123 950 4178 οὐσίαν
978 4141 992 4153 ’
1038 4121 1409 4194 Ἐμπεδοκλῆς
1453 4119 1510 4172 δὲ
1559 4119 1820 4190 πυρίνους
1853 4119 2050 4182 αὐτοὺς

466 4217 610 4275 εἷπε.
641 4219 799 4281 Τινὲς
827 4217 884 4270 δὲ
917 4215 1141 4285 γεώδεις
1171 4216 1344 4268 είπείν
1369 4213 1567 4276 αὐτοὺς
1605 4212 1939 4283 ἐτόλμησαν·
1976 4205 2052 4266 ὧν

469 4317 586 4367 ἐστι
615 4312 710 4365 καὶ
742 4299 1130 4379 Ἀναξαγόρας.
1162 4305 1318 4360 Μετά
1345 4305 1453 4376 γὰρ
1476 4305 1574 4376 τὴν
1617 4305 1862 4376 πρώτην,
1895 4306 2049 4376 φησι,

467 4408 740 4478 διάκρισιν
771 4402 879 4456 τῶν
908 4400 1184 4470 στοιχείων
1207 4398 1270 4451 τὸ
1297 4398 1407 4470 πῦρ
1440 4394 1806 4469 χωριζόμενον
1840 4395 2052 4466 ἐπὶ,τὴν

473 4497 610 4550 ίδίαν
645 4494 806 4564 φύσιν
837 4491 1170 4554 ἀνασπᾶσαι,
1201 4491 1296 4542 καὶ
1320 4488 1560 4560 διάπυρα
1591 4487 1814 4557 ποιῆσαι
1839 4487 2052 4556 καὶτῆς

469 4591 574 4660 γῆς
634 4587 799 4658 μόριά
849 4601 987 4638 τινα.
1026 4583 1188 4636 Ὅθεν
1249 4582 1457 4635 καὶτὸν
1500 4582 1650 4652 ἥλιον
1695 4579 1881 4648 ἔλεγεν
1911 4574 2052 4633 εἶναι

473 4680 695 4752 μύδρον,
727 4678 800 4740 ὡς
836 4677 962 4746 ἐξῆς
992 4673 1242 4746 ἐροῦμεν.
1278 4674 1497 4744 ’Έτεροι
1536 4671 1593 4724 δὲ
1628 4671 1878 4744 κίσσηριν
1918 4670 2058 4723 πλα-

473 4774 596 4843 γίαν
628 4766 815 4831 οὖσαν,
847 4767 952 4820 ὑπὸ
980 4766 1078 4837 τῆς
1101 4765 1431 4838 θερμότητος
1457 4762 1549 4816 τού
1579 4762 1792 4834 αἰθέρος
1817 4763 2052 4816 ἀναπτο-

474 4867 644 4938 μένην
664 4881 677 4894 ⁶
710 4861 806 4916 καὶ
835 4859 940 4914 ὑπὸ
960 4859 1069 4912 τῶν
1092 4855 1404 4928 τρυμαλιῶν
1421 4855 1546 4918 τοὺς
1565 4854 1800 4926 ἀστέρας
1822 4853 2052 4924 φαίνειν.

474 4959 699 5013 Πλάτων
728 4956 784 5010 δὲ
818 4957 883 5008 ἐκ
927 4953 1036 5005 τῶν
1075 4951 1358 5021 τεσσάρων
1388 4948 1685 5018 στοιχείων,
1726 4947 1978 5001 πλείστου
2000 4949 2055 5002 δὲ

475 5051 668 5122 πυρός.
721 5046 1032 5116 Ξενοφάνης
1087 5043 1143 5096 δέ
1177 5042 1324 5112 λέγει
1353 5041 1480 5104 τοὺς
1509 5040 1749 5112 ἀστέρας
1785 5041 1852 5094 ἐκ
1877 5041 2056 5110 νεφῶν

475 5141 796 5198 συνεστάναι
855 5138 1140 5210 ἐμπύρων,
1197 5137 1292 5188 καὶ
1320 5133 1664 5198 σϐέννυσθαι,
1692 5134 1788 5187 καὶ
1828 5133 2059 5188 ἀνάπτε-

473 5234 600 5288 σθαι
627 5231 828 5286 ὼσανεὶ
849 5228 1148 5301 ἄνθρακας.
1185 5226 1293 5278 Καὶ
1333 5225 1421 5278 ὅτε
1470 5223 1569 5295 μὲν
1602 5223 1886 5286 ἅπτονται,
1921 5241 2056 5292 φαν-

475 5327 668 5380 τασίαν
695 5326 840 5396 ἡμᾶς
867 5322 1010 5393 ἐχειν
1053 5317 1317 5388 ἀνατολῆς
1336 5334 1349 5347 ·
1380 5318 1468 5369 ὅτε
1510 5314 1566 5367 δὲ
1595 5313 1931 5378 σϐέννυνται,
1965 5313 2055 5366 δύ-

477 5435 634 5480 σεως.
688 5418 752 5468 Οἱ
811 5413 1040 5466 Στωϊκοί⁹
1087 5411 1143 5463 δὲ
1189 5412 1252 5462 ἐκ
1304 5406 1475 5478 πυρὸς
1523 5404 1772 5474 λέγουσιν
1822 5404 2051 5467 αὐτούς·

475 5510 646 5582 πυρὸς
673 5507 729 5560 δὲ
760 5505 854 5559 τοῦ
889 5505 1058 5569 θείου,
1089 5503 1184 5556 καὶ
1233 5501 1427 5559 ἀϊδίου,
1451 5498 1546 5550 καὶ
1581 5496 1642 5548 οὐ
1673 5495 2056 5566 παραπλησίου

474 5602 552 5673 τῷ
585 5603 713 5672 παρ’
753 5601 918 5670 ἡμῖν·
976 5597 1131 5649 τοῦτο
1185 5592 1293 5664 γὰρ
1337 5588 1652 5660 φθαρτικὸν,
1691 5588 1783 5641 καὶ
1818 5589 1874 5641 οὐ
1907 5605 2057 5658 παμ-

371 5729 382 5741 -
475 5695 631 5766 φαές.

463 5858 466 5862 ’
551 5855 595 5890 ’³
629 5853 667 5908 f.
706 5853 788 5904 ἐπ’
826 5852 1009 5904 αὑτοῦ.

2109 591 2252 644 inter
2283 589 2516 646 mundos
2539 587 2846 658 interjecta.
2926 603 2936 611 ὀ

2766 699 2838 755 De
2865 700 3040 755 stella.

2186 793 2273 847 10.
2310 787 2581 847 Diodorus
2599 791 2812 847 stellam
2838 789 3028 848 deﬁnit
3055 806 3255 862 corpus
3283 792 3550 860 divinum,
3580 805 3694 848 cce-

2113 887 2270 951 leste,
2300 884 2658 956 ejusdemque
2689 897 2816 940 cum
2851 898 2939 953 eo,
2963 884 3018 939 in
3052 899 3161 956 quo
3197 892 3284 940 est
3315 884 3457 951 loco,
3484 893 3694 940 natura:

2118 976 2426 1048 particeps,
2467 974 2812 1046 Splendidum
2866 990 3102 1046 corpus,
3144 989 3324 1044 neque
3382 974 3696 1031 consistens

2117 1083 2381 1138 unquam,
2427 1069 2522 1124 sed
2562 1068 2618 1123 in
2657 1069 2850 1124 orbem
2898 1083 2958 1124 se
3002 1073 3267 1139 perpetuo
3302 1081 3551 1123 versans.
3602 1065 3697 1122 Sic

2116 1161 2284 1215 etiam
2321 1159 2653 1217 Posidonius
2696 1159 2917 1217 Stoicus
2957 1167 3085 1216 ante
3126 1159 3425 1216 Diodorum
3463 1157 3693 1216 deﬁniit.

2118 1251 2276 1317 Quod
2316 1259 2496 1306 autem
2536 1251 2592 1305 in
2634 1249 2950 1307 deﬁnitione
3007 1250 3249 1321 positum
3302 1258 3408 1314 est,
3454 1267 3474 1302 ‹
3511 1262 3695 1320 neque

2118 1342 2430 1397 consistens
2457 1356 2723 1411 unquam,
2772 1360 2790 1394 ι
2816 1341 3031 1397 videtur
3061 1340 3130 1395 ad
3168 1339 3317 1395 solos
3340 1345 3587 1395 errantes
3611 1353 3700 1395 re-

2120 1434 2272 1490 ferri.
2308 1433 2509 1489 Verum
2558 1435 2626 1491 de
2678 1434 2800 1490 lixis
2835 1448 3054 1506 quoque
3091 1433 3265 1490 stellis
3303 1432 3494 1489 eodem
3532 1446 3700 1488 sensu

2123 1527 2287 1583 debet
2323 1526 2522 1598 accipi,
2566 1535 2760 1582 contra
2803 1542 2968 1597 quam
3018 1525 3097 1580 illi
3153 1523 3388 1581 fortasse
3430 1523 3700 1594 judicant,

2123 1622 2215 1694 qui
2247 1623 2454 1680 dictum
2513 1621 2646 1676 illud
2697 1629 2902 1676 temere
2949 1618 3374 1690 reprehendunt.
3419 1617 3701 1690 Siquidem

2127 1717 2437 1771 inerrantes
2461 1714 2635 1772 stellae
2655 1727 2939 1783 nunquam
2969 1711 3196 1768 omnino
3219 1711 3544 1782 quiescunt;
3576 1724 3701 1766 cum

2127 1807 2348 1865 assidua
2375 1806 2564 1862 mundi
2591 1805 2888 1877 agitatione
2912 1804 3229 1874 rapiantur,
3255 1801 3360 1858 etsi
3396 1803 3452 1856 in
3488 1816 3554 1857 eo
3583 1816 3706 1872 per-

2125 1908 2404 1954 maneant.
2460 1896 2673 1953 Etenim
2724 1895 3006 1952 stellarum
3057 1895 3178 1950 alia;
3229 1895 3286 1948 in
3332 1892 3472 1950 ctelo
3518 1890 3708 1948 deﬁxae

2128 1994 2436 2049 inerrantes
2473 1997 2741 2046 vocantur
2761 2031 2776 2056 ,
2801 1990 2921 2045 alia:
2967 2005 2999 2045 e
3026 1988 3306 2044 contrario
3339 1993 3623 2044 moventes
3649 2000 3708 2042 se

2129 2087 2362 2157 planeta:
2391 2085 2770 2140 nominantur.
2807 2083 2874 2138 Hi
2904 2089 3033 2139 sunt
3061 2095 3294 2137 numero
3334 2086 3565 2150 septem,
3613 2077 3710 2148 qui

2130 2178 2274 2234 infra
2321 2178 2546 2242 coelum,
2579 2183 2744 2247 atque
2770 2174 2972 2231 mulera
3009 2173 3330 2229 circumacti
3374 2167 3712 2226 contrarium

2130 2269 2319 2326 mundi
2348 2267 2833 2324 circumvolutioni
2880 2268 2984 2322 iter
3012 2253 3318 2321 insistunt:
3357 2259 3713 2334 quemadmo-

2132 2361 2259 2416 dum
2277 2361 2323 2415 si
2340 2360 2465 2414 navi
2487 2360 2553 2415 ad
2583 2358 2893 2430 aquilonem
2910 2357 3099 2421 citata,
3115 2360 3301 2410 vector
3317 2358 3565 2407 austrum
3581 2364 3705 2405 ver-

2135 2468 2230 2509 sus
2258 2453 2314 2506 in
2347 2451 2539 2507 eadem
2573 2465 2695 2507 sese
2733 2456 2969 2504 moveat.
3003 2443 3216 2500 Habent
3255 2451 3438 2497 autem
3482 2441 3716 2512 planetae

2136 2554 2317 2601 motus
2348 2543 2616 2615 duplices,
2652 2540 2989 2596 mundanum
3015 2547 3072 2596 et
3096 2539 3400 2609 proprium.
3428 2535 3556 2592 Ideo
3587 2548 3714 2590 cum

2137 2639 2260 2692 lixis
2284 2643 2614 2706 comparata:
2645 2633 2816 2689 stellae
2843 2633 2965 2687 istae
2992 2631 3255 2702 planetae,
3285 2629 3390 2684 hoc
3418 2634 3503 2684 est
3527 2639 3716 2682 erran-

2137 2737 2221 2784 tes
2251 2727 2532 2798 appellatae
2561 2731 2723 2790 sunt;
2750 2721 2835 2777 vel
2866 2721 3012 2792 quod
3038 2735 3283 2776 errorem
3299 2717 3478 2774 oculis
3510 2715 3717 2772 nostris

2137 2819 2424 2889 objiciunt.
2459 2815 2596 2870 Nam
2623 2822 2678 2872 et
2699 2813 2934 2884 obliquae
2962 2811 3215 2868 feruntur
3235 2850 3250 2875 ,
3277 2818 3333 2866 et
3365 2815 3514 2864 retro
3544 2820 3722 2877 agun-

2141 2920 2230 2965 tur
2253 2909 2552 2966 interdum.
2581 2907 2734 2963 Alias
2771 2904 3199 2978 progrediuntur
3236 2903 3487 2959 ulterius.
3519 2899 3618 2956 Vel
3648 2913 3720 2955 an

2140 3016 2206 3056 eo
2227 3000 2374 3071 quod
2410 3006 2598 3055 errent
2642 2999 2795 3069 ipsae,
2840 3012 2943 3052 nec
2977 2996 3235 3052 eumdem
3275 3007 3398 3050 cum
3441 2991 3566 3047 lixis
3591 3005 3723 3047 cur-

2142 3106 2266 3148 sum
2294 3097 2538 3146 teneant.
2562 3089 2700 3144 llinc
2716 3087 2920 3143 Aratus
2951 3087 3057 3142 iter
3076 3086 3231 3152 solis,
3264 3101 3359 3156 per
3379 3083 3525 3155 quod
3552 3092 3720 3149 meat,

2065 3202 2108 3259 ρ
2141 3196 2384 3239 errorem
2422 3186 2476 3236 et
2504 3178 2849 3250 vagationem
2877 3177 3127 3233 nominat
3159 3195 3173 3231 :

2338 3292 2444 3348 Per
2475 3291 2686 3346 boream
2718 3297 2769 3344 et
2794 3282 2924 3344 solis
2951 3289 3332 3360 evagationem.

2147 3385 2215 3438 At
2263 3381 2589 3454 Pythagorei
2635 3395 2746 3434 non
2803 3379 2982 3434 solum
3041 3379 3276 3450 planetis
3329 3386 3536 3434 motum
3590 3393 3721 3448 pro-

2147 3475 2328 3546 prium
2363 3473 2667 3537 ascribunt,
2703 3471 2800 3527 sed
2840 3471 3008 3526 etiam
3038 3471 3431 3527 inerrantibus.
3465 3469 3613 3536 Quas
3649 3471 3723 3525 ita

2147 3566 2283 3621 cieri
2323 3565 2545 3630 volunt,
2569 3571 2624 3619 et
2649 3577 2859 3618 circum
2888 3563 3078 3618 orbem
3112 3577 3272 3619 suum
3303 3563 3520 3634 agitari,
3562 3569 3625 3617 ut
3657 3577 3728 3618 ne

2150 3661 2260 3732 79
2289 3661 2396 3716 alio
2425 3659 2663 3715 mundus
2698 3657 2938 3726 recedat,
2956 3657 3051 3714 sed
3078 3657 3286 3713 circum
3319 3655 3459 3713 idem
3489 3657 3726 3730 spatium

2152 3753 2374 3812 assidue
2399 3761 2704 3809 moveatur.

2531 3931 2663 3997 Qua:
2695 3931 2763 3984 sit
2796 3938 2990 3984 natura
3026 3929 3319 3983 stellarum.

2222 4026 2311 4080 il.
2348 4024 2590 4080 Thaletis
2624 4023 2812 4094 opinio
2855 4029 2941 4078 est
2987 4030 3241 4077 naturam
3287 4021 3568 4076 stellarum
3607 4032 3732 4075 esse

2153 4124 2466 4173 terrestrem
2512 4123 2566 4171 et
2606 4117 2860 4185 igneam;
2908 4111 3264 4185 Empedocles
3294 4111 3513 4168 easdem
3545 4110 3732 4182 igneas

2153 4225 2275 4266 esse
2302 4209 2454 4264 dicit.
2484 4207 2712 4273 Quidam
2749 4213 2998 4261 terrenas
3041 4198 3166 4259 illa's
3219 4201 3335 4257 ausi
3372 4210 3500 4258 sunt
3527 4201 3728 4266 facere,

2153 4312 2213 4358 ut
2238 4302 2611 4371 Anaxagoras.
2651 4296 2751 4352 Hic
2779 4298 2923 4352 enim
2955 4297 3050 4360 ait,
3082 4305 3206 4367 post
3235 4296 3465 4366 primam
3491 4294 3732 4349 elemen—

2155 4402 2334 4451 torum
2364 4393 2744 4455 sccretionem,
2782 4391 2960 4462 ignem
2996 4395 3339 4459 separantem
3373 4401 3454 4451 se,
3497 4387 3733 4440 nonnul-

2157 4487 2238 4542 las
2296 4495 2456 4542 terra;
2506 4491 2690 4554 partes
2745 4483 2812 4536 ad
2861 4495 3018 4537 suam
3072 4480 3308 4534 traxisse
3353 4485 3630 4540 naturam,
3681 4486 3736 4531 ct

2158 4583 2344 4652 igneas
2389 4577 2714 4634 reddidisse.
2764 4573 2921 4628 Unde
2966 4583 3022 4628 et
3071 4573 3240 4628 solem
3290 4583 3524 4626 massam
3567 4569 3735 4624 veluti

2157 4673 2286 4730 ferri
2321 4687 2444 4727 esse
2470 4669 2706 4732 volebat,
2732 4675 2792 4720 ut
2813 4666 2977 4737 paulo
3002 4673 3128 4735 post
3161 4665 3395 4719 dicetur.
3423 4661 3528 4716 Alii
3557 4661 3736 4731 pumi-

2157 4781 2273 4822 cem
2303 4765 2577 4834 obliquam
2612 4775 2736 4816 esse
2765 4759 3092 4825 docuerunt,
3131 4771 3296 4827 quam
3325 4755 3544 4810 aetheris
3572 4753 3739 4808 ardor

2158 4856 2457 4913 accendat:
2493 4869 2557 4908 ac
2590 4868 2687 4924 per
2731 4851 2879 4906 illius
2928 4849 3198 4904 foramina
3231 4845 3496 4917 transpici
3525 4846 3735 4904 stellas.

2158 4949 2312 5004 Plato
2341 4965 2408 5005 ex
2453 4946 2740 5004 elementis
2792 4952 3048 5000 constare
3077 4949 3333 5011 quatuor,
3385 4937 3482 4996 sed
3531 4936 3740 5008 majore

2159 5056 2340 5100 tamen
2382 5043 2526 5113 ignis
2558 5047 2733 5112 parte.
2774 5037 3140 5108 Xenophanes
3179 5051 3247 5092 ex
3282 5035 3523 5091 nubibus
3551 5033 3739 5104 ignitis

2161 5137 2276 5192 ﬁeri
2310 5136 2522 5199 stellas,
2551 5148 2757 5203 easque
2787 5131 3088 5186 carbonum
3124 5130 3298 5184 instar
3323 5126 3599 5198 exstingui
3643 5140 3737 5180 ac-

2160 5230 2430 5299 cendique
2479 5226 2708 5297 judicat.
2737 5224 2876 5280 Cum
2925 5231 3106 5278 autem
3156 5221 3549 5280 accenduntur,
3581 5224 3739 5272 ortus

2159 5322 2450 5392 quamdam
2509 5318 2750 5390 praebere
2805 5315 3083 5386 speciem:
3117 5328 3240 5368 cum
3289 5311 3734 5379 exstinguuntur,

2161 5431 2414 5472 occasus.
2450 5413 2624 5468 Stoici
2653 5425 2722 5466 ex
2762 5409 2885 5480 igne
2911 5406 3162 5476 componi
3189 5413 3400 5475 putant,
3431 5401 3526 5457 sed
3551 5414 3618 5456 eo
3648 5400 3739 5454 di-

2164 5510 2290 5564 vino
2345 5515 2407 5586 et.
2437 5519 2662 5570 aeterno,
2716 5519 2893 5574 neque
2919 5501 3084 5571 hujus
3144 5500 3317 5555 nostri
3360 5496 3546 5552 simili.
3581 5493 3742 5548 Hunc

2165 5604 2309 5659 enim
2343 5599 2641 5670 corrumpi,
2682 5613 2854 5668 neque
2881 5597 3062 5652 lucere
3095 5592 3335 5665 penitus.
