4166 6408
404 268 506 327 951
1426 270 1514 326 AD
1546 269 1818 329 EUSEBH
1854 266 2258 329 CﬂBONlCON
2296 272 2656 333 APPENDIX.
3555 277 3662 336 95!

897 384 975 440 De
997 385 1273 442 stellarum
1297 386 1471 458 ﬁgura

475 499 564 557 12.
612 496 906 556 Cleanthes
952 499 1199 557 conicam
1243 498 1314 557 iis
1360 500 1593 572 ﬁguram
1637 500 1844 558 tribuit.
1877 497 1981 558 Alii

402 595 747 652 bractearum
774 593 984 651 similes
1022 592 1233 650 faciunt
1258 609 1330 650 ex
1361 594 1500 667 igni,
1541 602 1626 651 sic
1666 602 1729 650 ut
1755 595 1983 666 profun-

402 687 572 743 ditate
596 691 849 743 carentes
881 684 1012 752 sint,
1034 684 1323 755 instarque
1344 684 1595 756 pictura.
1620 683 1856 753 Quidam
1887 701 1984 756 py-

403 778 645 835 ramidas
673 793 796 836 esse
831 777 1039 835 volunt.
1082 777 1257 835 Stoici
1283 778 1551 851 sphaerica
1583 779 1755 852 ﬁgura
1784 781 1984 853 praedi.

400 881 510 939 tas,
542 879 604 927 ut
627 879 685 928 et
709 872 879 928 solem
902 878 958 928 et
988 870 1235 927 ambiens
1261 872 1484 928 caelum.

789 989 873 1044 An
906 998 1028 1045 sunt
1066 990 1362 1047 animantes
1403 989 1593 1046 stella.

473 1102 562 1159 15.
582 1102 803 1160 Animal
825 1111 932 1169 est,
962 1110 1025 1160 ut
1052 1102 1308 1161 Eudorus
1322 1103 1534 1168 deﬁnit,
1551 1102 1734 1161 anima
1756 1106 1982 1178 praedita

397 1195 823 1253 natura.Stellas
835 1211 967 1253 vero
980 1196 1288 1253 animantes
1301 1211 1426 1253 esse
1440 1213 1617 1268 neque
1624 1197 1776 1253 Anax
1783 1213 1981 1269 agorae,

399 1302 580 1360 neque
598 1286 910 1345 Democrito
934 1289 1169 1354 videtur,
1207 1305 1386 1361 neque
1413 1289 1648 1360 Epicuro
1676 1290 1733 1345 in
1761 1290 1984 1347 Brevia-

398 1380 485 1435 rio
517 1377 588 1435 ad
623 1378 984 1437 Herodotum.
1002 1380 1073 1436 At
1103 1380 1321 1438 Platoni
1343 1381 1558 1439 videtur
1587 1382 1647 1438 in
1686 1382 1909 1449 Timaeo,
1930 1393 1984 1440 et

397 1471 683 1530 Aristoteli
707 1474 760 1529 in
782 1474 1027 1530 secundo
1053 1474 1129 1530 De
1147 1474 1311 1539 caelo;
1343 1475 1720 1548 etChrysippo
1735 1476 1879 1536 libro
1907 1475 1983 1532 De

399 1565 730 1637 providentia
757 1576 809 1622 et
845 1567 971 1623 diis.
1002 1567 1257 1639 Epicurei
1284 1585 1450 1642 porro
1474 1584 1597 1626 esse
1626 1578 1827 1642 negant
1864 1571 1984 1626 ani-

397 1659 565 1716 malia
586 1698 602 1725 ,
652 1660 801 1730 quod
856 1662 1186 1732 corporibus
1242 1662 1652 1718 contineantur.
1716 1661 1888 1719 Stoici
1950 1678 1983 1719 e

2008 385 2060 447 Δ

2465 390 2605 461 Περὶ
2639 396 2951 462 σχήματος
2997 391 3286 461 ἀστέρων.

2157 504 2247 576 ιβ’.
2280 508 2564 579 Κλεάνθης
2587 508 2785 573 αὐτοὺς
2822 508 3105 572 κωνοειδὲς
3123 508 3267 580 ἔχειν
3295 508 3483 581 σχῆμά
3504 525 3660 579 φησι.

2083 600 2241 665 Τινὲς
2266 600 2325 653 δὲ
2356 599 2608 664 πετάλοις
2627 599 2861 656 ἐοικέναι
2885 601 2951 655 ὲκ
2983 599 3177 673 πυρὸς,
3209 599 3371 670 βάθος
3388 600 3489 654 οὐκ
3511 599 3663 671 έχον-

2083 710 2203 759 τας,
2234 692 2348 746 ἀλλ’
2371 691 2561 765 ὥσπερ
2598 690 2817 761 γραφὰς
2853 686 3011 748 εἶναι.
3046 691 3203 756 Τινὲς
3229 690 3286 744 δὲ
3327 691 3660 762 πυραμίδας»

2081 786 2147 841 Οἱ
2173 784 2230 838 δὲ
2258 785 2487 839 Στωϊκοὶ
2517 783 2804 857 σφαιρικὸν
2838 785 2985 856 ἔχειν
3012 783 3201 856 σχῆμα
3233 783 3471 853 λέγουσι,
3493 783 3664 838 καθά-

2084 893 2190 948 περ
2208 875 2299 930 τδν
2329 875 2479 948 ἣλιον
2494 874 2588 930 καὶ
2611 875 2703 931 τὸν
2724 876 3046 949 περιέχοντα
3066 875 3316 948 οὐρανόν.

2579 993 2656 1062 Εὶ⁸
2682 988 2794 1052 ζῶα
2816 993 2873 1045 οι
2891 989 3164 1060 ἀστέρες.

2152 1108 2247 1172 ιγ’.
2268 1103 2415 1156 Ζῶόν
2433 1103 2600 1166 ἐστιν,
2618 1102 2695 1166 ὡς
2717 1101 2967 1174 Εὗδωρός
3003 1118 3189 1174 φησιν,
3214 1100 3457 1173 ἔμψυχος
3487 1102 3662 1157 οὐσία.

2084 1196 2225 1260 Τοὺς
2270 1196 2589 1268 ἀστέραςδὲ
2640 1194 2757 1259 ζῶα
2791 1191 2930 1249 εἶναι
2971 1193 3095 1248 οὔτε
3144 1191 3675 1267 Ἀναξαγόρᾳωύτε·

2083 1290 2405 1362 Δημοκρίτῳ
2427 1289 2592 1351 δοκεῖ,
2637 1287 2760 1342 οὔτε
2803 1285 3109 1359 Ἐπικούρῳ
3144 1288 3203 1340 ὲν
3234 1288 3301 1358 τῇ
3328 1285 3465 1357 πρὸς
3508 1281 3668 1356 Ἦρό-

2081 1379 2230 1434 δοτον
2282 1381 2567 1451 Ἐπιτομῇ.
2619 1377 2867 1432 Πλάτωνι
2913 1376 2971 1430 δὲ
3007 1376 3156 1430 δοκεῖ
3185 1376 3244 1429 ὲν
3306 1379 3536 1444 Τιμαίῳ,
3571 1374 3667 1429 καὶ

2095 1473 2458 1547 Ἀριστοτέλει
2509 1476 2568 1528 ὲν
2605 1473 2842 1545 δευτέρῳ
2889 1471 3028 1539 Περὶ
3057 1469 3342 1539 οὐρανοῦ·
3397 1470 3493 1547 καὶ.
3520 1466 3669 1541 Χρυ-

2086 1568 2272 1639 σίππῳ
2314 1567 2372 1620 ὲν
2419 1566 2499 1637 τῷ
2568 1567 2708 1635 Περὶ
2761 1565 3049 1634 «paro/ac
3118 1562 3217 1616 καὶ
3264 1559 3433 1617 θεῶν.
3488 1562 3551 1614 οι
3608 1559 3666 1613 δὲ

2097 1659 2460 1732 Ἐπικούρειοι
2494 1676 2628 1728 φασι
2674 1657 2746 1729 μὴ
2779 1652 2918 1711 εἶναι
2948 1655 3113 1721 ζὼδια
3134 1672 3147 1686 ·
3177 1654 3300 1708 ἐπεὶ
3334 1652 3440 1707 ὑπὸ
3482 1652 3669 1723 σωμά-

394 1753 682 1809 eontrario
713 1731 1018 1825 disputant.
1062 1753 1394 1812 Posidonius
1433 1755 1757 1827 ignorantiae
1799 1758 1982 1828 arguit

2086 1768 2194 1804 των
2230 1731 2532 1822 συνέχεται.
2570 1750 2631 1802 υἱ
2656 1748 2713 1801 δὲ
2746 1746 2974 1801 Στωϊκοὶ
3029 1745 3091 1800 rb
3140 1743 3431 1799 ἀνάπαλιν.
3476 1744 3670 1797 Ποσει-

398 1840 731 1913 Epicureos,
779 1843 924 1913 quod
975 1843 1188 1900 animas
1244 1859 1476 1914 corpora
1520 1844 1747 1901 minime
1803 1846 1982 1901 conti-

397 1942 607 2003 neant;
635 1935 731 1993 sed
773 1937 971 1993 animae
999 1951 1253 2008 corpora,
1284 1945 1346 1993 ut
1376 1938 1566 2009 gluten
1592 1946 1705 1993 tam
1728 1953 1789 1996 se
1817 1952 1980 2009 quam

395 2030 748 2088 extrinsecus
793 2031 1064 2102 applicata
1111 2032 1377 2088 continet.
1430 2030 1567 2088 Nam
1616 2031 1763 2102 quod
1812 2032 1983 2088 stellae

396 2121 512 2179 sint
537 2123 819 2190 animalia,
847 2140 913 2181 ex
949 2140 1017 2181 eo
1057 2123 1231 2180 Stoici
1274 2125 1692 2193 demonstrant,
1720 2124 1979 2197 quoniam

390 2217 582 2272 omnia
607 2232 731 2287 quae
758 2225 889 2273 sunt
917 2219 975 2274 in
1001 2219 1165 2284 caelo,
1200 2217 1360 2290 ignea
1387 2226 1538 2281 sunt,
1567 2224 1644 2285 et,
1684 2224 1744 2273 ut
1772 2226 1983 2273 naturae

395 2319 514 2361 sua
540 2306 814 2377 congruit,
840 2321 905 2363 ac
942 2306 1059 2371 diu,
1087 2314 1144 2363 et
1185 2307 1244 2362 in
1269 2306 1460 2363 orbem
1486 2311 1798 2365 moventur.
1827 2303 1984 2360 Iudi-

394 2396 488 2453 cio
506 2396 695 2468 itaque
723 2397 951 2469 praedita
978 2405 1132 2455 sunt.
1161 2397 1321 2465 Quod
1364 2398 1411 2454 si
1452 2411 1644 2453 verum
1683 2404 1790 2461 est,
1814 2396 1978 2452 etiam

395 2489 658 2546 animalia
686 2498 840 2556 sunt,
867 2497 923 2547 et
947 2491 1271 2547 varietatem
1306 2490 1509 2546 habent
1556 2489 1613 2544 in
1662 2497 1834 2544 motu.
1865 2487 1982 2544 Hoc

394 2589 579 2639 autem
625 2582 956 2640 animalibus
1006 2588 1379 2639 consentanee
1431 2580 1655 2638 accidit.
1709 2579 1979 2637 Praeterea

392 2690 500 2733 sua
529 2685 660 2733 sunt
683 2675 969 2733 elementis
1010 2676 1269 2733 omnibus
1304 2674 1626 2731 animantia.
1666 2673 1978 2731 Absurdum

396 2777 482 2826 est
523 2775 727 2833 autem,
764 2769 913 2841 quod
956 2769 1246 2826 elementis
1295 2767 1572 2826 antecellit
1616 2767 1875 2825 omnibus
1925 2766 2000 2824 id.

398 2858 761 2917 animantium
796 2876 994 2944 expers
1027 2875 1154 2918 esse
1178 2861 1384 2917 dicere.

737 2974 880 3042 Quid
915 2974 980 3028 ab
1009 2984 1156 3030 astro
1183 2975 1340 3030 stella
1375 2975 1652 3045 discrepet.

471 3086 561 3142 M.
603 3084 771 3141 Stella
799 3093 884 3141 est
928 3083 1222 3155 ejusmodi,
1256 3092 1318 3140 ut
1363 3083 1587 3139 Saturni
1621 3090 1677 3140 et
1700 3081 1978 3151 Mercurii,
2008 3093 2055 3151 ο

399 3192 511 3235 una
569 3193 835 3244 numero;
882 3184 1090 3234 astrum
1144 3192 1277 3233 vero
1325 3183 1565 3250 systema
1619 3175 1877 3247 plurium,
1926 3184 1986 3232 ut

398 3269 771 3334 Andromeda,
802 3269 1113 3326 Centaurus
1141 3287 1156 3337 ;
1187 3266 1335 3340 quod
1364 3267 1658 3325 discrimen
1685 3283 1794 3325 non
1830 3267 1986 3340 igno-

399 3364 543 3421 ravit
578 3364 800 3430 Aratus,
825 3377 949 3419 cum
980 3363 1061 3420 sic
1080 3362 1326 3434 loquitur
1351 3381 1365 3416 :

543 3479 707 3605 galli-la
733 3477 1034 3533 discernens
1059 3493 1077 3532 :
1105 3474 1331 3545 providit
1364 3491 1483 3530 vero
1515 3475 1570 3529 in
1599 3490 1796 3530 annum

589 3559 636 3604 te
683 3565 764 3602 as.

589 3559 764 3604 tetlas.

473 3662 747 3718 Diodorus
779 3668 834 3717 et
874 3660 965 3715 alii
1006 3658 1376 3715 mathematici
1411 3665 1523 3712 tam
1562 3657 1783 3728 proprie
1819 3671 1983 3726 quam

402 3752 767 3809 communiter
778 3752 1097 3825 asterismos
1110 3758 1166 3806 et
1180 3750 1367 3807 stellas
1383 3758 1532 3807 astra
1549 3749 1853 3810 nominant,
1870 3748 1988 3803 Pla-

401 3845 551 3902 tonis
571 3843 888 3902 testimonio
911 3843 1059 3913 freti,
1083 3842 1176 3914 qui
1204 3849 1413 3914 septem
1434 3843 1682 3913 planetas
1704 3841 1758 3896 in
1787 3841 1985 3895 Timazo

399 3945 564 3994 vocat
605 3943 776 3992 astra.
823 3935 989 3993 Canis
1024 3952 1157 3993 vero
1193 3936 1407 3992 stellam
1453 3934 1727 4005 praecipue
1774 3942 1984 3990 astrum

403 4027 746 4084 consuetudo
780 4026 1060 4099 popularis
1094 4026 1347 4098 appellat.
1377 4024 1645 4082 Caeterum
1681 4024 1837 4080 stella
1864 4039 1986 4083 om-

402 4121 492 4178 nis
536 4131 745 4177 astrum
792 4114 924 4185 est;
978 4136 1087 4174 non
1139 4127 1332 4174 contra
1389 4126 1598 4175 astrum
1652 4126 1738 4174 est
1783 4115 1982 4184 stella;

402 4229 730 4288 quamquam
747 4213 1114 4269 Callimachus
1145 4213 1219 4268 ita
1249 4212 1443 4269 scribit
1475 4229 1490 4267 :

880 4365 896 4378 .
999 4324 1161 4379 Prius
1190 4323 1357 4380 stella:
1389 4324 1685 4388 Berenices,

2087 1843 2274 1908 δὼνιος
2293 1843 2353 1898 δὲ
2384 1844 2599 1913 ἀγνοεῖν
2648 1842 2774 1905 τοὺς
2819 1839 3226 1912 Ἐπικουρείους
3271 1838 3374 1909 ἔφη
3396 1877 3413 1902 ,
3445 1836 3523 1901 ὡς
3546 1835 3669 1890 οὔτε

2090 1933 2429 2006 σώματατάς
2451 1934 2630 2007 ψυχὰς
2650 1933 2882 2004 συνέχει,
2906 1930 3020 1986 ἀλλ’
3043 1931 3101 1984 αἱ
3119 1929 3288 2001 ψυχαὶ
3312 1928 3382 1982 τά
3408 1927 3635 1999 σώματα
3651 1944 3666 1959 ο

2087 2028 2277 2101 ὥσπερ
2310 2029 2405 2083 καὶ
2423 2031 2457 2099 ἡ
2489 2027 2653 2082 κόλλα
2676 2028 2771 2082 καὶ
2802 2026 3019 2097 ἑαυτὴν,
3045 2025 3141 2079 καὶ
3166 2023 3236 2076 τὰ
3269 2021 3427 2085 ἐκτὸς
3453 2021 3667 2092 κρατεῖ.

2090 2122 2288 2176 Ὄτιδὲ
2337 2121 2388 2175 οἱ
2442 2121 2671 2193 ἀστέρες
2699 2119 2836 2186 ζῶα,
2864 2118 3104 2191 χρῶνται
3150 2115 3286 2189 πρὸς
3324 2112 3599 2178 ἀπόδειξιν
3618 2113 3669 2165 οἱ

2087 2215 2317 2268 Στωϊκοὶ
2338 2212 2549 2277 τούτοις
2563 2229 2578 2244 ·
2609 2212 2795 2266 Πάντα
2810 2211 2877 2265 τά
2905 2214 2961 2264 ἐν
2982 2209 3059 2281 τῷ
3074 2207 3288 2279 οὐρανῷ
3306 2205 3553 2280 πυρώδη,
3573 2204 3671 2259 καὶ

2089 2307 2230 2361 κατὰ
2254 2306 2548 2376 φύσιν,καὶ
2575 2306 2943 2378 πολυχρονίως
2971 2304 3223 2365 κινεῖται,
3242 2300 3339 2355 καὶ
3370 2296 3665 2362 κυκλικῶς.

2088 2401 2295 2457 Οὐκοῦν
2311 2400 2405 2454 καὶ
2421 2400 2600 2471 κρίσιν
2617 2398 2747 2470 ἔχει.
2763 2399 2827 2452 Ei
2851 2397 2907 2450 δὲ
2928 2396 3108 2469 κρίσιν
3126 2394 3260 2466 ἔχει,
3281 2392 3374 2447 καὶ
3392 2390 3507 2457 ζ’ῶά
3531 2393 3668 2459 ἐστι,

2089 2494 2184 2548 καὶ
2231 2492 2479 2556 ποικίλας
2501 2492 2683 2563 ἔχουσι
2711 2492 2969 2563 κινήσεις.
3020 2487 3192 2542 Τοῦτο
3255 2487 3312 2541 δὲ
3350 2487 3464 2550 τοῖς
3509 2483 3669 2549 ζώοις

2087 2588 2297 2642 ἕπεται.
2313 2586 2422 2641 Καὶ
2435 2586 2611 2640 πάντα
2634 2583 2703 2638 τά
2728 2585 2966 2656 στοιχεῖα
2991 2580 3104 2647 ζῶα
3132 2579 3508 2653 ἔχει.”Ατοπον
3535 2576 3590 2630 δὲ
3608 2573 3671 2629 rb

2087 2682 2333 2752 κρεῖττον
2349 2678 2569 2732 πάντων
2590 2677 2700 2731 τῶν
2728 2675 3005 2747 στοιχείων
3033 2671 3188 2738 ζώων
3219 2672 3445 2744 ἄμοιρον
3474 2670 3666 2724 εἰπεῖν.

2435 2980 2497 3034 Τί
2519 2978 2636 3050 μὲν
2660 2977 2855 3048 ἀστήρ
2872 2995 2885 3008 ·
2918 2979 2974 3032 τί
2991 2976 3059 3031 δὲ
3085 2975 3333 3045 ἄστρον.

2160 3093 2240 3147 ιδ’.
2293 3091 2493 3164 Ἀστὴρ
2526 3091 2626 3162 μέν
2678 3093 2830 3144 ἐστιν
2870 3090 2946 3154 ὡς
2980 3090 3045 3144 ἂν
3077 3091 3106 3142 ὁ
3127 3086 3223 3142 τοῦ
3245 3086 3479 3158 Κρόνου,
3503 3086 3537 3155 ῆ
3568 3083 3666 3138 τοῦ

2100 3186 2324 3260 Ἑρμοῦ,
2359 3182 2440 3249 εἷς
2479 3183 2697 3256 ἀριθμῷ
2719 3200 2733 3215 ”
2775 3182 2975 3255 ἄστρον
3008 3182 3065 3236 δὲ
3088 3181 3146 3235 rh
3186 3182 3253 3234 ἐκ
3280 3178 3491 3233 πολλῶν
3515 3176 3674 3231 ἀστε-

2088 3296 2197 3351 ρων
2250 3276 2538 3347 σύστημα’
2591 3274 2669 3338 ὡς
2727 3276 2760 3345 ἡ
2830 3270 3289 3343 Ἀνδρομέδα,ἥὸ
3334 3268 3668 3338 Κένταυρος.

2087 3367 2210 3427 Οἵδε
2243 3370 2301 3424 δὲ
2332 3369 2432 3442 τὴν
2451 3368 2713 3441 διαφορὰν
2746 3367 2844 3421 καὶ
2873 3368 3109 3438 ’Ἄρατος
3131 3404 3148 3428 ,

2090 3484 2309 3547 Ἀσῑτρα
2345 3481 2654 3549 διακρίνας
2675 3496 2690 3511 ο
2722 3479 3027 3549 ἐσκέψατο
3052 3477 3105 3530 δ’
3132 3477 3221 3542 εις
3261 3473 3537 3529 ἐνιαυτὸν

2090 3552 2404 3621 Ἀστέρας,

2085 3668 2281 3738 λέγων.
2319 3668 2584 3735 Διόδωρος
2615 3666 2674 3720 δὲ
2713 3666 2808 3719 καί¹
2846 3665 2897 3718 οἱ
2930 3662 3081 3720 ἄλλοι
3128 3660 3506 3733 μαθηματικοὶ
3527 3659 3674 3724 ίδὶως

2087 3760 2182 3815 καὶ
2215 3758 2407 3824 κοινῶς
2458 3759 2528 3813 τὰ
2558 3757 2724 3823 ζώδια
2771 3759 2947 3829 ἄστρα
2997 3750 3219 3810 καλοῦσι
3272 3754 3367 3808 καὶ
3412 3753 3671 3825 ἀστέρας,

2086 3852 2515 3924 παρατιθέμενοι
2554 3852 2821 3905 Πλάτωνα
2852 3850 3129 3922 μάρτυρα,
3165 3848 3342 3920 ἄστρα
3368 3850 3497 3912 τοὺς
3531 3847 3672 3902 ἐπτά

2086 3945 2366 4014 πλάνητας
2413 3942 2571 4014 ἐντῷ
2622 3943 2835 4013 Τιμαίῳ
2864 3941 3143 4014 εἰρηκότα.
3193 3941 3300 3994 Τὸν
3356 3940 3514 3995 Κύνα
3545 3938 3673 4011 μέν-

2086 4053 2170 4090 τοι
2208 4035 2416 4106 ἀστέρα
2459 4034 2613 4097 δντα,
2657 4035 2717 4087 ἐν
2755 4033 2836 4103 τῷ
2870 4032 2970 4104 βίῳ
3002 4033 3200 4105 ἄστρον
3231 4032 3484 4102 λέγομεν.
3531 4029 3672 4084 Ἀλλ’

2085 4130 2114 4182 ὀ
2167 4128 2266 4200 μὲν
2324 4129 2500 4200 ἀστὴρ
2555 4128 2652 4182 καὶ
2701 4126 2931 4199 ἀστροψ
2966 4125 3151 4179 οὐκέτι
3195 4124 3254 4178 δὲ
3275 4125 3337 4178 τὸ
3380 4122 3669 4178 ἀνάπαλιν.

2089 4219 2258 4277 Ὅταν
2294 4220 2477 4293 μέντοι
2503 4220 2876 4291 Καλλίμαχος,

2298 4332 2448 4402 Πρὶν
2477 4331 2687 4400 ἀστέρι
2715 4329 2796 4396 τῷ
2830 4331 3174 4398 Βερενίκης,

403 4434 474 4492 de
524 4448 684 4491 conta
735 4435 988 4506 loquens,
1039 4450 1162 4504 quae
1215 4449 1283 4489 ex
1337 4444 1543 4504 septem
1597 4434 1797 4490 lucidis
1843 4448 1980 4489 con-

2086 4445 2179 4499 ὲπὶ
2203 4443 2297 4499 τοῦ
2319 4444 2602 4515 πλοκάμου
2625 4444 2809 4515 φησὶν,
2836 4444 2896 4507 ὃς
2921 4444 2981 4509 ἐξ
3009 4444 3149 4497 ἐτττά
3185 4446 3513 4514 καταφανῶν
3540 4446 3672 4517 σύγ-

402 4536 535 4600 βῑοι.
563 4527 741 4601 Hujus
769 4527 1045 4585 asterismi
1094 4543 1201 4581 non
1241 4526 1490 4582 meminit
1537 4526 1776 4581 Aratus:
1819 4541 1980 4596 quem

402 4620 616 4698 primus
656 4619 971 4678 observavit
1021 4618 1237 4675 Conon.
1305 4619 1547 4692 Corpora
1607 4628 1873 4676 vocantur
1916 4635 1982 4676 ea

400 4730 525 4787 quae
568 4728 681 4771 uno
720 4712 913 4768 habitu
957 4711 1148 4781 juncta
1193 4712 1569 4777 continentur,
1614 4719 1677 4766 ut
1739 4711 1877 4783 lapis
1928 4719 1984 4768 et

398 4805 630 4877 lignum.
657 4802 912 4859 Habitum
947 4818 1086 4859 voco
1122 4803 1398 4875 spiritum,
1426 4803 1521 4874 qui
1562 4805 1810 4876 corporis
1846 4819 1982 4860 con-

400 4897 607 4955 tinendi
635 4896 748 4952 vim
776 4897 962 4953 habet.
989 4895 1380 4968 Coagmentata
1412 4897 1692 4965 dicuntur,
1717 4912 1841 4967 quae
1870 4912 1981 4953 non

397 5006 511 5048 uno
548 4990 738 5049 habitu
766 4988 1025 5060 colligata
1048 4995 1200 5056 sunt,
1227 4996 1289 5043 ut
1316 4990 1474 5046 navis
1500 4997 1557 5046 et
1583 4991 1801 5053 domus,
1845 5004 1985 5060 qua-

395 5101 518 5143 rum
550 5085 644 5144 illa
667 5082 919 5154 pluribus
943 5097 1009 5137 ex
1045 5081 1270 5149 tabulis,
1299 5083 1416 5139 haac
1449 5082 1639 5139 multis
1669 5098 1737 5139 ex
1783 5083 1982 5154 lapidi-

395 5177 502 5233 bus
532 5174 903 5245 componitur.
931 5171 1218 5241 Disjuncta
1251 5181 1401 5237 sunt,
1424 5181 1486 5228 ut
1515 5173 1738 5229 chorus.
1772 5171 1981 5229 HorUm

396 5268 598 5340 duplex
627 5274 713 5325 est
755 5263 1085 5323 differentia.
1117 5262 1376 5330 Quasdam
1425 5267 1570 5322 enim
1623 5281 1691 5324 ex
1743 5266 1981 5323 deﬁnitis

397 5360 724 5431 corporibus
752 5367 1031 5427 constant,
1069 5375 1135 5417 ac
1175 5368 1331 5416 certo
1372 5374 1605 5415 numero
1623 5359 1983 5430 comprehen-

398 5453 496 5516 sis,
539 5459 602 5507 ut
651 5460 740 5509 est
764 5452 993 5518 chorus,
1039 5452 1147 5508 alia
1176 5452 1331 5509 nullo
1355 5468 1587 5509 numero
1626 5452 1981 5509 circumscri-

398 5540 526 5612 ptis,
556 5547 618 5596 ut
655 5540 839 5599 turba.
869 5542 1239 5619 Quamobrem
1263 5542 1419 5604 stella
1444 5557 1647 5619 corpus
1673 5549 1759 5601 est
1788 5557 1978 5611 unum,

470 5715 534 5751 δ”
638 5715 869 5785 λέγεται,

2088 4554 2286 4592 κειται.
2324 4534 2526 4591 Τοῦτον
2577 4535 2635 4590 δὲ
2684 4536 2776 4590 τὸν
2805 4536 3087 4608 πλόκαμον
3123 4538 3223 4591 οὐκ
3250 4535 3390 4593 οἶδεν
3414 4540 3669 4612 Ἀρατος.
3776 4550 3777 4553 “

2086 4629 2442 4702 Παρετήρησε
2467 4628 2525 4682 δὲ
2547 4629 2734 4684 Κόνων
2773 4630 2802 4683 ὁ
2832 4629 3232 4702 μαθηματικός.
3258 4632 3491 4705 Σὼματα
3518 4634 3672 4704 λέγε-

2087 4720 2211 4776 σθαι
2233 4723 2302 4754 ’ν
2331 4721 2434 4775 ὅσα
2459 4721 2564 4775 ὑπὸ
2599 4723 2730 4793 μιᾶς
2759 4721 2926 4787 ἕξεως
2945 4723 3201 4795 ἡνωμένα
3231 4729 3531 4798 κρατεῖται,
3557 4721 3672 4781 οἷον

2084 4811 2252 4877 λίθος,
2283 4812 2474 4880 ξύλον*
2507 4811 2623 4866 ἔστι
2652 4812 2709 4866 δὲ
2742 4812 2855 4878 ἕξις
2874 4813 3094 4885 πνεῦμα
3128 4813 3381 4887 σώματος
3420 4833 3669 4871 συνεκτι-

2085 4907 2201 4962 κόν.
2231 4907 2563 4979 Συνημμένα
2600 4906 2657 4960 δὲ
2698 4907 2800 4961 ὅσα
2824 4907 2923 4979 οὐχ
2948 4907 3053 4962 ὑπὸ
3083 4910 3211 4978 μιᾶς
3238 4908 3405 4975 ἓξεως
3425 4909 3667 4977 δέδεται,

2082 4999 2160 5064 ὡς
2176 4999 2359 5054 πλοῖον
2381 5000 2476 5053 καὶ
2496 5000 2645 5054 οἰκία
2671 5016 2686 5030 ο
2710 4998 2771 5052 τὸ
2798 4999 2899 5071 μὲν
2924 5001 3034 5072 γὰρ
3072 5001 3137 5053 ὲκ
3158 5000 3369 5056 πολλῶν
3404 5001 3632 5057 σανίδων
3650 5045 3667 5070 ,

2083 5092 2117 5162 ἡ
2151 5089 2209 5144 δὲ
2236 5089 2303 5144 ὲκ
2359 5088 2570 5143 πολλῶν
2616 5089 2781 5143 λίθων
2814 5089 3116 5159 σύγκειται.
3160 5091 3434 5146 Διεστῶτα
3478 5093 3556 5155 δὲ,
3591 5093 3669 5158 ὡς

2085 5183 2263 5255 χορός.
2308 5181 2430 5237 Τῶν
2456 5182 2515 5237 δὲ
2561 5183 2827 5237 τοιούτων
2860 5183 3037 5239 διτταὶ
3069 5186 3124 5238 αἱ
3151 5185 3424 5256 διαφοραί.
3456 5184 3538 5238 Τὰ
3569 5184 3668 5257 μὲν

2084 5274 2195 5346 γάρ
2219 5273 2280 5341 ἐξ
2300 5275 2623 5346 ὡρισμένων
2655 5275 2923 5347 σωμάτων
2956 5276 3051 5330 καὶ
3072 5276 3291 5349 ἀριθμῷ
3309 5276 3550 5348 ληπτῶν,
3589 5277 3669 5344 ὡς

2084 5369 2279 5441 χορός·
2317 5368 2387 5422 τά
2430 5369 2488 5421 δὲ
2528 5367 2588 5435 ἐξ
2624 5368 2913 5440 ἀορίστων,
2952 5369 3029 5432 ὼς
3048 5368 3222 5439 ὄχλος.
3264 5368 3363 5438 Εῐη
3397 5365 3538 5424 οὖνὸ
3567 5369 3668 5441 μὲν

2084 5460 2264 5532 ἀστὴρ
2313 5442 2472 5531 σῶμα
2525 5460 2824 5531 ἡνωμένον,
2845 5461 2907 5514 τὸ
2938 5461 2996 5514 δὲ
3026 5459 3225 5533 ἄστρον
3266 5463 3332 5515 ὲκ
3363 5460 3667 5516 διεστώτων

2086 5554 2177 5612 καὶ
2208 5552 2558 5627 ὡρισμένων·
2593 5552 2825 5626 ἀριθμὸς
2876 5551 2983 5624 γὰρ
3016 5552 3261 5626 ἀστέρων
3304 5554 3390 5623 ἐφ’
3433 5554 3666 5608 ἑκάστου
