4130 6410
432 399 540 457 953

1176 386 1502 448 ACHlLLlS
1539 381 1725 441 TATIl
1761 373 2066 437 lSAC-OGE
2101 374 2194 429 AD
2225 374 2436 432 ARATI
2477 366 2948 430 ΡΗᾹΞΝΟΜΕΝᾹ.

3585 359 3689 416 σει

431 520 727 574 δείκνυται.
756 515 1018 588 Πίνδαρος
1046 514 1104 567 δὲ
1148 513 1240 568 τὸν
1271 511 1478 584 ἀστέρα
1503 509 1703 579 ἄστρον
1738 499 2015 576 ὀνομάζει,

2121 509 2328 554 astrum
2359 514 2427 554 ex
2450 496 2742 568 disjunctis
2782 509 2847 548 ac
2889 491 3126 548 deﬁnitis
3153 486 3518 558 componitur.
3556 482 3688 536 Nam

433 612 608 682 λέγων
627 629 640 641 ⁸

648 807 867 876 Μηκέθ’
896 808 1080 863 ἁλίου
1103 806 1320 861 σκόπει

651 881 840 934 Ἄλλο
863 878 1271 945 θαλπνότερον

656 951 760 1004 Ἐν
786 948 971 1019 ἁμέρᾳ
1007 946 1272 1018 φαεννὸν
1291 945 1518 1014 ἄστρον
1537 960 1550 973 ·

436 1065 577 1121 κατά
605 1064 704 1137 τὴν
736 1063 1049 1136 συνήθειαν.

951 1173 1096 1242 Περί
1143 1139 1488 1236 πλανήτων.

506 1277 592 1324 ιε’.
618 1272 876 1342 Ἀρατος,
901 1271 968 1339 τῇ
984 1267 1091 1321 τῶν
1121 1264 1332 1319 πολλῶν
1358 1261 1485 1334 δόξῃ
1513 1256 2010 1328 κατακολουθήσας,

431 1362 558 1426 τοὺς
581 1360 836 1423 ἀπλανεῖς
857 1357 1184 1431 ὲναρηρέναι
1218 1354 1352 1426 φησι
1380 1352 1458 1424 τῷ
1481 1352 1541 1406 οὐ
1551 1349 1694 1422 Ρανῷ
1713 1365 1727 1381 ’

430 1471 624 1537 Αὐτὸς
645 1471 756 1541 γὰρ
787 1467 930 1523 τάδε
949 1467 1168 1538 σήματ’
1203 1468 1274 1521 ἐν
1299 1463 1532 1534 οὐρανῷ
1571 1459 1869 1530 ἐστήριξεο

431 1581 584 1652 παρά
618 1581 679 1634 τὸ
712 1578 995 1652 ἐστήριξεν
1029 1579 1268 1649 ἀστέρας
1309 1577 1507 1639 αὐτοὺς
1533 1569 2009 1646 παρετυμολογῶν.

431 1672 535 1726 Τὸν
567 1673 624 1725 δὲ
678 1671 789 1725 τῶν
825 1670 1113 1742 πλανήτων
1135 1671 1293 1740 λόγον
1331 1669 1684 1741 παρῃτήσατο
1707 1667 1736 1719 ὁ
1757 1665 2012 1737 Ἄρατος,

429 1763 557 1817 ὅταν
578 1763 714 1836 λέγῃ
731 1780 746 1794 °

435 1877 501 1929 Ol
525 1875 576 1928 δ’
594 1874 798 1944 ἐπιμὶξ
817 1874 995 1928 ἄλλοι
1022 1872 1188 1929 πέντ’
1222 1872 1475 1944 ἀστέρες
1494 1870 1676 1944 οὐδὲν
1695 1867 1904 1938 ὁμοῖοι,

435 1941 740 2015 Ἔμπιιλίν
761 1947 808 1980 ⁸³
840 1945 1100 1999 εἰδώλων
1130 1943 1489 2015 δυοκαίδεκα
1509 1941 1865 2015 δινεύονται.

436 2010 522 2070 Οὗ
547 2015 598 2069 δ’
625 2018 712 2070 ἐτι
741 2015 1088 2082 θαρσαλέως
1115 2015 1330 2068 κείνων
1355 2013 1471 2083 ἐγὼ
1494 2012 1706 2083 άρκιος
1727 2010 1862 2083 εἵην

447 2085 791 2141 Ἀπλανέων
808 2080 882 2139 τά
907 2103 969 2139 τε
1001 2080 1214 2148 κύκλα,
1243 2084 1318 2138 τά
1343 2080 1591 2151 τ”αὶθέρι
1619 2081 1667 2114 ⁹¹⁶
1681 2080 2011 2134 δινεύουσι.

507 2262 860 2332 Παραιτεῖται
883 2261 938 2315 δὲ
964 2260 1054 2315 διὰ
1081 2260 1281 2324 πολλὰς
1307 2259 1504 2324 αἰτίας.
1537 2259 1760 2331 Πρῶτον
1784 2259 1869 2312 ὅτι
1891 2274 2016 2327 φαι-

433 2353 635 2426 νόμενα
693 2354 951 2426 ἠθέλησε,
1012 2354 1108 2409 καὶ
1147 2355 1280 2407 πᾶσι
1315 2353 1580 2424 σύμφωνα
1612 2351 1781 2416 δεῖξαι
1803 2351 2011 2424 ἄστρα·

434 2440 581 2501 οὗτοι
611 2446 667 2500 δὲ
719 2446 921 2518 πολλὴν
969 2445 1267 2516 διαφωνίαν
1316 2445 1499 2515 ἔχουσι
1527 2485 1542 2509 ,
1568 2443 1662 2498 καὶ
1695 2443 1815 2497 οὐδὲ
1851 2441 2017 2496 πᾶσίν

437 2539 544 2590 εἱσι
574 2536 813 2609 φανεροί.
850 2539 937 2590 Ἐν
965 2537 1022 2590 δὲ
1065 2537 1144 2608 τῷ
1194 2537 1621 2609 ἐπιγραφομένῳ
1673 2533 1836 2589 αὐτοῦ
1898 2538 2014 2588 Κα-

436 2629 604 2691 νόνι,
658 2629 749 2682 τὸν
791 2629 923 2700 περὶ
969 2628 1150 2682 αὐτῶν
1197 2628 1518 2700 ποιούμενος
1562 2627 1740 2695 λόγον,
1782 2624 2019 2696 ἁρμονίᾳ

436 2721 545 2775 τινὶ
573 2722 666 2776 καὶ
694 2720 982 2792 συμφωνίᾳ
1008 2723 1240 2792 μουσικῇ
1274 2721 1373 2784 τὰς
1406 2707 1644 2791 κινήσεὶς
1671 2716 1849 2772 αὐτῶν
1873 2715 2022 2786 λέγει

439 2813 742 2884 γεγονέναι.
765 2813 998 2868 Λεκτέον
1046 2813 1102 2866 δὲ
1129 2814 1258 2885 περὶ
1290 2812 1495 2867 αὐτῶν.

865 3009 1040 3076 Τάξις
1066 3011 1186 3065 τῶν
1213 3007 1256 3071 ζ’
1290 3008 1582 3080 σφαιρῶν.

512 3106 607 3165 ις’.
644 3099 706 3154 Οί
740 3099 868 3171 περὶ
907 3098 980 3154 τὰ
1009 3099 1260 3172 μετέωρα
1291 3098 1454 3152 δεινοί
1491 3115 1624 3167 φασι
1664 3096 1840 3162 ζώνας
1870 3096 2022 3161 τινὰς

2119 599 2305 644 certus
2329 590 2385 643 in
2416 601 2750 658 unoquoque
2784 597 3048 638 numerus
3072 577 3400 636 ostenditur.
3427 575 3693 628 Pindarus

2120 687 2330 736 astrum
2357 695 2457 749 pro
2486 678 2666 733 sidere
2697 681 2925 743 usurpat
2957 691 2973 729 :

2337 792 2450 862 80
2476 789 2739 862 Nonijam
2769 785 2878 841 sole
2906 783 3184 840 considera

2330 858 2492 916 Ᾰίὶἶιά
2531 858 2752 913 σαίὶᾱίώ

2334 931 2575 986 Interdiu
2603 929 2873 984 snlendens
2900 924 3081 988 sidus;

2119 1045 2174 1099 in
2202 1060 2311 1116 quo
2334 1041 2717 1099 consuetudini
2754 1040 2937 1096 servit.

2718 1154 2796 1209 De
2846 1152 3093 1222 planetis.

2189 1250 2278 1306 t5.
2325 1251 2526 1303 Aratus
2581 1247 2728 1318 vulgi
2787 1244 3030 1316 opinioni
3086 1241 3331 1297 serviens
3387 1240 3694 1292 inerrantes

2118 1343 2305 1400 stellas
2335 1342 2476 1396 casio
2505 1340 2702 1395 inﬁxas
2728 1354 2853 1394 esse
2878 1337 3014 1392 dicit
3039 1356 3052 1391 :

2261 1455 2381 1526 Ipse
2407 1455 2544 1508 enim
2571 1453 2681 1507 ha’c
2706 1452 2859 1522 signa
2885 1451 2941 1503 in
2975 1464 3102 1502 caeno
3132 1447 3288 1516 ﬁxit;

2119 1586 2151 1625 a
2203 1569 2470 1625 vocabulo
2515 1565 2819 1638 ἐστήριξεν,
2865 1565 3177 1619 nominatos
3232 1559 3465 1630 ἀστέρας
3519 1555 3695 1610 obiter

2120 1662 2388 1718 indicans.
2417 1661 2492 1716 De
2524 1659 2756 1731 planetis
2795 1664 2972 1712 autem
2999 1655 3239 1711 scribere
3271 1651 3444 1705 noluit
3475 1650 3692 1714 Aratus,

2119 1757 2214 1812 ubi
2253 1757 2329 1810 ita
2358 1753 2557 1809 cecinit
2587 1771 2600 1806 :

2040 1860 2086 1918 Β
2115 1869 2420 1924 Promiscue
2452 1883 2569 1921 vero
2596 1864 2716 1918 alia:
2744 1862 2966 1932 quinque
2985 1857 3164 1932 stella:
3182 1897 3196 1918 ,
3222 1855 3355 1910 nihil
3385 1854 3605 1918 similes,

2117 1940 2317 1996 Contra
2346 1953 2504 2009 quam
2535 1930 2834 2009 simulacra
2853 1930 3126 1984 duodecim
3160 1936 3455 2009 versantur.

2118 2010 2169 2064 ,Ν
2175 2027 2299 2080 eque
2332 1996 2450 2080 vero
2479 2005 2742 2080 conﬁdens
2770 2003 2985 2056 illorum
3010 2016 3102 2070 ego
3129 2014 3246 2080 sum
3272 1996 3512 2080 idoneus,

2115 2065 2608 2148 Ine'rrrantiumqu'e
2656 2073 2830 2138 orbes,
2887 2065 3103 2143 quaeque
3158 2070 3216 2122 in
3264 2068 3451 2148 (vt/iere
3497 2065 3698 2146 cientur

3367 2135 3596 2208 [exsequi
3607 2176 3620 2188 .

2185 2261 2363 2332 Atque
2401 2259 2509 2314 hoc
2542 2255 2794 2327 pluribus
2840 2253 2910 2310 de
2957 2252 3142 2308 causis
3185 2255 3421 2305 recusat.
3456 2246 3696 2301 Primum

2115 2351 2262 2425 quod
2314 2357 2644 2421 apparentes
2703 2346 2914 2410 stellas,
2954 2343 3022 2399 de
3069 2341 3270 2412 quibus
3324 2339 3466 2393 inter
3508 2349 3700 2390 omnes

2115 2445 2392 2509 convenit,
2429 2441 2744 2499 describere
2775 2446 2892 2494 erat
2915 2449 3242 2509 aggressus;
3274 2439 3326 2486 at
3357 2432 3476 2486 ista:
3504 2442 3700 2498 magno

2119 2537 2175 2591 in
2205 2534 2529 2606 Opinionum
2555 2530 2763 2586 ambitu
2799 2535 2951 2594 sunt,
2982 2541 3084 2580 nec
3125 2523 3384 2578 omnibus
3415 2525 3699 2590 apparent.

2117 2631 2180 2684 ln
2227 2629 2370 2684 libro
2418 2639 2569 2690 vero,
2613 2637 2777 2694 quem
2829 2621 3098 2676 Canonem
3148 2611 3476 2684 inscripsit,
3515 2611 3582 2665 de
3630 2607 3700 2664 iis

2119 2736 2306 2792 agens,
2342 2725 2613 2774 concentu
2657 2712 2897 2785 quodam
2945 2719 2999 2767 et
3039 2705 3325 2764 harmonia
3372 2707 3699 2772 temperatos

2118 2789 2242 2868 esse
2273 2817 2457 2865 motus
2481 2808 2698 2864 illarum
2731 2803 2949 2859 asserit.
2976 2800 3146 2857 Nobis
3185 2813 3316 2853 vero
3352 2795 3421 2851 de
3452 2793 3521 2849 iis
3562 2789 3699 2862 ipsis

2120 2903 2384 2960 nonnulla
2411 2900 2642 2956 dicenda
2676 2904 2826 2954 sunt.

2467 3011 2546 3066 De
2577 3009 2760 3065 ordine
2785 3007 3114 3078 splzcerarum
3147 3010 3360 3072 septem.

2195 3103 2283 3158 16.
2306 3101 2625 3157 Coelestium
2652 3114 2837 3154 rerum
2864 3095 3058 3168 peritis
3099 3095 3277 3164 placet
3316 3104 3485 3146 zonas
3528 3102 3699 3158 quas-

439 3187 577 3246 εἶναι
605 3191 766 3255 ἑπτὰ,
789 3192 854 3245 δι’
883 3185 960 3246 ὧν
1010 3193 1266 3265 φέρονται
1301 3193 1352 3245 οἱ
1391 3192 1532 3246 me
1554 3191 1783 3262 ἀστέρες
1804 3207 1821 3224 ο
1845 3191 1938 3245 καὶ
1963 3191 2020 3244 tv

2123 3193 2249 3248 dam
2278 3208 2401 3248 esse
2441 3201 2668 3261 septem,
2695 3204 2792 3260 per
2825 3203 2963 3258 quas
2991 3185 3215 3240 totidem
3249 3185 3481 3253 planetae
3515 3180 3700 3235 ferun-

442 3283 542 3354 μὲν
577 3285 644 3354 τῇ
701 3282 1010 3355 ὑψηλοτάτῃ
1046 3283 1309 3355 φέρεσθαι
1362 3284 1454 3338 τὸν
1489 3282 1584 3338 τοῦ
1624 3283 1856 3353 Κρόνου,
1880 3285 1937 3336 tv
1962 3283 2020 3337 δὲ

435 3375 505 3444 τῇ
535 3374 651 3444 μετ’
676 3373 847 3444 αὐτὴν
875 3371 965 3426 τὸν
998 3373 1090 3426 τοῦ
1113 3373 1235 3437 Διός
1258 3390 1271 3403 ·
1308 3374 1402 3426 καὶ
1433 3375 1491 3425 tv
1525 3375 1590 3444 τῇ
1619 3374 1779 3445 τρίτῃ
1808 3382 1902 3426 τὸν
1925 3371 2018 3426 τοῦ

441 3468 682 3540 Ἄρεως·
748 3466 806 3518 tv
852 3467 918 3535 τῇ
967 3465 1206 3537 τετάρτῃ
1264 3465 1356 3518 τὸν
1401 3463 1494 3518 τοῦ
1557 3463 1759 3535 Ἐρμοῦ
1783 3480 1798 3495 °
1846 3465 1904 3518 tv
1950 3466 2017 3536 τῇ

439 3559 664 3632 πέμπτῃ
697 3559 788 3612 τὸν
837 3558 936 3628 τῆς
971 3557 1323 3629 Ἀφροδίτης·
1370 3558 1428 3610 tv
1465 3557 1521 3610 δὲ
1546 3559 1612 3628 τῇ
1646 3557 1778 3627 ἕκτῃ
1807 3557 1898 3610 τὸν
1923 3555 2020 3609 τοῦ

437 3653 588 3726 ⁴ἡλίου
608 3671 622 3683 ·
660 3655 718 3706 tv
742 3653 799 3706 δὲ
820 3655 888 3724 τῇ
917 3651 1118 3723 ἑϐδόμῃ
1153 3652 1244 3705 τὸν
1267 3651 1366 3720 τῆς
1404 3650 1652 3723 σελήνης.
1689 3650 1846 3713 Τινὲς
1873 3649 1933 3703 δὲ
1963 3651 2021 3704 tv

437 3748 506 3818 τῇ
534 3745 772 3815 τετάρτῃ
795 3744 895 3815 τὴν
946 3742 1266 3814 Ἀφροδίτην
1288 3742 1536 3812 λέγουσιν
1561 3759 1574 3773 ·
1610 3743 1670 3796 ὲν
1693 3746 1760 3814 τῇ
1792 3741 2020 3814 πέμπτῃ

436 3835 496 3887 δὲ
527 3834 617 3889 τὸν
651 3835 888 3906 Ἑρμῆν·
931 3836 989 3887 tv
1019 3833 1075 3887 δὲ
1097 3835 1165 3904 τῇ
1221 3832 1357 3904 ἕκτῃ
1399 3830 1490 3884 τὸν
1535 3831 1708 3901 ἥλιον.
1747 3829 1934 3883 "sum
1964 3828 2022 3883 δὲ

438 3928 702 3999 τέταρτον
723 3927 814 3980 τὸν
852 3926 1059 3998 Ἑρμῆν
1082 3943 1096 3956 ·
1128 3925 1295 3995 ἕκτην
1317 3924 1374 3977 δὲ
1402 3924 1499 3996 τὴν
1533 3923 1852 3994 Ἀφροδίτην
1873 3938 1886 3951 °
1923 3920 2021 3992 μέ-

444 4035 536 4072 σον
555 4019 614 4072 δὲ
633 4018 728 4073 τὸν
766 4019 938 4090 ἥλιον.
968 4017 1090 4071 Εἰσὶ
1121 4017 1177 4069 δὲ
1218 4018 1266 4069 οί
1304 4015 1519 4086 πρῶτον
1551 4015 1641 4068 τὸν
1669 4013 1816 4085 ἥλιον
1850 4013 2027 4082 λέγον-

439 4127 532 4175 τες
553 4127 568 4141 ·
597 4109 854 4182 δευτέραν
874 4111 930 4164 δὲ
957 4110 1055 4181 τὴν
1083 4109 1314 4180 σελήνην
1339 4125 1351 4138 ·
1386 4108 1570 4181 τρίτον
1595 4108 1653 4162 δὲ
1680 4107 1772 4160 τὸν
1793 4106 2022 4179 Κρόνον.

455 4203 518 4256 Ἡ
543 4203 600 4256 δὲ
631 4203 832 4257 πλείων
866 4203 993 4270 δόξα
1023 4203 1247 4276 πρώτην
1275 4201 1374 4274 τὴν
1410 4201 1642 4272 σελήνην
1680 4199 1830 4268 λέγει
1851 4213 1866 4228 ⁸
1902 4197 2026 4251 ἐπεὶ

441 4296 537 4350 καὶ
573 4296 915 4367 ἀπόσπασμα
963 4295 1055 4350 τοῦ
1095 4296 1245 4368 ἡλίου
1281 4296 1530 4365 λέγουσιν
1587 4295 1784 4366 αὐτήν*
1815 4293 1892 4358 ὡς
1935 4293 2027 4346 καὶ

455 4387 825 4460 Ἐμπεδοκλῆς
844 4406 859 4421 ο

2121 3291 2232 3339 tur.
2266 3283 2325 3338 In
2355 3296 2612 3353 suprema
2635 3295 2799 3351 porro
2831 3277 3056 3333 Saturni
3088 3275 3298 3331 stellam
3325 3272 3443 3344 rapi
3472 3290 3487 3340 ;
3527 3272 3580 3325 in
3611 3286 3700 3326 se-

2120 3375 2297 3430 cunda
2328 3372 2517 3439 Jovis;
2572 3373 2627 3426 in
2657 3370 2816 3426 tertia
2844 3368 3072 3434 Martis;
3099 3367 3152 3421 in
3180 3371 3376 3436 quarta
3407 3360 3698 3429 Mercurii;

2122 3466 2176 3521 in
2211 3465 2402 3535 quinta
2427 3462 2696 3528 Veneris;
2738 3460 2793 3513 in
2817 3466 2969 3514 sexta
3002 3455 3167 3520 solis;
3194 3454 3248 3507 in
3275 3452 3505 3522 septima
3535 3451 3698 3504 luna.

2121 3558 2353 3626 Quidam
2388 3557 2442 3611 in
2479 3562 2675 3627 quarta
2709 3552 2976 3608 Venerem
3007 3550 3212 3612 locant,
3251 3547 3308 3600 in
3338 3544 3529 3614 quinta
3557 3540 3702 3597 Mer-

2122 3651 2359 3716 curium,
2384 3650 2441 3704 in
2473 3655 2628 3704 sexta
2657 3647 2854 3704 solem.
2899 3643 3004 3697 Alii
3045 3648 3301 3712 quartum
3346 3635 3701 3703 Mercurium,

2122 3751 2331 3799 sextam
2375 3739 2665 3803 Venerem,
2699 3734 2940 3791 medium
2970 3747 3101 3788 vero
3131 3730 3300 3788 solem
3335 3727 3700 3783 constituunt.

2125 3835 2266 3890 Sunt
2305 3834 2398 3903 qui
2442 3832 2679 3904 primum
2719 3843 2843 3884 esse
2890 3826 3060 3881 solem
3105 3831 3372 3882 asseram,
3407 3816 3702 3874 secundam

2125 3930 2332 3989 lunam,
2379 3925 2600 3980 tertium
2641 3921 2957 3975 Saturnum.
2997 3917 3190 3972 Plures
3239 3915 3420 3967 lunam
3471 3909 3703 3980 primam

2127 4019 2372 4083 faciunt;
2417 4014 2862 4086 quandoquidem
2915 4026 3042 4081 pars
3088 4007 3356 4079 quedam,
3409 4011 3470 4059 ut
3525 4002 3700 4065 aiunt,

2125 4112 2317 4166 avulsa
2367 4116 2449 4164 est
2501 4123 2532 4159 a
2577 4107 2692 4162 sole
2733 4106 2901 4170 luna;
2957 4102 3101 4173 quod
3161 4096 3477 4170 Empedocli
3525 4093 3702 4151 visum

2124 4215 2209 4260 est
2246 4223 2260 4258 :

442 4501 816 4570 Κυκλοτερὲς
836 4503 970 4571 περὶ
990 4503 1166 4573 γαῖαν
1191 4503 1503 4558 ἑλίσσεται
1531 4502 1857 4569 ἀλλότριον
1875 4498 2020 4569 φῶς.

2199 4508 2472 4565 Circulare
2501 4506 2697 4560 circum
2731 4512 2925 4558 terram
2957 4500 3179 4555 volvitur
3203 4497 3433 4551 alienum
3457 4493 3650 4548 lumen.

513 4615 652 4686 Περὶ
701 4614 760 4668 δὲ
813 4615 914 4684 τῆς
956 4615 1280 4686 ἐναρμονίου
1326 4615 1590 4684 κινήσεως
1629 4611 1810 4666 αὐτῶν
1847 4605 2022 4675 εἶπεν,

443 4708 520 4773 ὡς
558 4709 714 4780 ἔφην,
773 4710 1008 4779 Ἄρατος
1042 4710 1098 4761 tv
1125 4709 1204 4780 τῷ
1278 4709 1526 4771 Κανόνι,
1580 4706 1675 4759 καὶ
1703 4702 2024 4776 Ἐρατοσθέ-

442 4817 542 4872 νης
597 4801 655 4852 tv
710 4799 787 4872 τῷ
849 4799 1065 4870 Ἐρμῇ,
1103 4801 1195 4854 καὶ
1249 4799 1532 4870 Ὑψικλῆς,
1564 4798 1656 4851 καὶ
1695 4795 2024 4866 Θράσυλλος,

443 4892 538 4945 καὶ
569 4892 871 4963 ’Ἄδραστος
911 4891 1302 4963 Ἀφροδισιεύς.
1343 4891 1616 4964 Ἤρξαντο
1642 4891 1700 4943 δὲ
1738 4886 1833 4942 τοῦ
1865 4888 2025 4956 λόγου

442 4983 634 5037 τούτου
685 4984 756 5055 et.
802 4983 1195 5055 Πυθαγόρειοι·
1254 4983 1432 5038 πάντα
1488 4983 1593 5054 γὰρ
1655 4980 1890 5052 ἁρμονίᾳ
1932 4979 2027 5033 καὶ

443 5077 596 5145 τάξει
627 5077 843 5146 λέγουσι
889 5075 1184 5130 κινεῖσθαι·
1225 5076 1368 5130 καθὰ
1408 5075 1502 5128 καὶ
1539 5074 1712 5145 ἰατροὶ
1736 5074 1862 5136 τοὺς
1893 5089 2029 5141 σφυ-

443 5171 621 5242 γμούς
645 5183 661 5200 ⁸
712 5170 807 5224 καὶ
859 5169 1125 5238 ὑγιαίνειν
1160 5167 1281 5239 μὲν,
1320 5169 1449 5222 ὅταν
1483 5164 1812 5231 εὐτακτῶσι,
1851 5164 2027 5220 νοσεῖν

442 5263 524 5329 δὲ,
555 5263 646 5316 ὅτε
681 5262 932 5325 ἀτάκτως
953 5260 1248 5314 κινοῦνται.

658 5372 802 5441 Περὶ
827 5371 946 5426 τῶν
969 5371 1279 5441 ὀνομάτων
1311 5371 1430 5425 τῶν
1468 5370 1814 5438 πλανήτων.

521 5463 696 5530 ιζ’.Τά
713 5464 951 5535 ὀνόματα
975 5464 1082 5518 τῶν
1102 5465 1385 5534 πλανήτων
1415 5463 1683 5534 διαφόρως
1699 5463 2025 5536 ἐκλήθησαν,

449 5559 542 5614 καὶ
585 5559 714 5632 περὶ
759 5559 854 5613 τοῦ
886 5559 1079 5632 χρόνου
1113 5559 1344 5613 ἑκάστου
1385 5559 1652 5628 διαφωνία
1711 5559 1879 5630 πολλὴ
1931 5559 2025 5627 γέ-

445 5670 572 5722 γονε
603 5653 836 5718 πολλοῖς.
856 5653 1176 5724 Αἰγυπτίοις
1205 5652 1313 5724 γὰρ
1335 5654 1426 5706 καὶ
1448 5653 1672 5725 Ἕλλησι
1704 5654 1796 5708 τοῦ
1817 5655 2024 5727 Κρόνου

519 5807 567 5838 ’³
596 5825 683 5878 γρ.
719 5806 1002 5861 πάντοθεν.
1080 5807 1126 5839 "‘
1161 5825 1250 5876 γρ.
1281 5804 1487 5879 σώματ’
1540 5807 1798 5860 ἐνισπεῖν.

2199 4620 2274 4677 De
2307 4617 2631 4674 harmonico
2662 4631 2794 4671 vero
2825 4623 2975 4669 motu
3002 4612 3220 4667 illorum
3249 4609 3360 4679 agit
3391 4607 3444 4661 in
3471 4605 3702 4672 Canone,

2128 4713 2206 4767 uti
2232 4712 2438 4767 dictum
2469 4716 2575 4772 est,
2607 4709 2833 4770 Aratus,
2863 4715 2919 4760 et
2950 4703 3340 4759 Eratosthenes
3391 4701 3446 4754 in
3493 4697 3704 4752 Mercu-

2128 4805 2244 4868 rio,
2306 4803 2546 4871 itemque
2600 4797 2916 4870 Hypsicles,
2957 4794 3280 4866 Thrasyllus
3327 4801 3382 4846 et
3439 4790 3706 4845 Adrastus

2127 4896 2591 4968 Aphrodisiensis.
2621 4891 2794 4962 Cujus
2819 4887 3088 4961 dogmatis
3123 4894 3376 4941 auctores
3413 4882 3562 4937 fuere
3597 4879 3707 4954 Py-

2128 4988 2372 5061 thagorei
2395 5028 2412 5053 ,
2445 4985 2539 5057 qui
2574 4985 2831 5039 universa
2863 4985 3134 5035 concentu
3165 4985 3327 5046 atque
3367 4972 3560 5028 ordine
3589 4987 3706 5027 mo-

2127 5083 2240 5138 veri
2272 5088 2464 5152 putant
2499 5099 2513 5134 :
2545 5078 2626 5133 uti
2678 5074 2874 5131 medici
2924 5073 3138 5142 pulsus,
3185 5084 3326 5140 quos
3374 5074 3489 5121 tum
3539 5079 3706 5122 sanos

2126 5189 2252 5231 esse
2283 5172 2562 5234 dictitant,
2590 5172 2736 5224 cum
2765 5167 3014 5222 ordinem
3041 5169 3281 5225 servant,
3315 5162 3455 5216 male
3481 5158 3704 5224 habere,

2127 5281 2252 5322 cum
2283 5265 2664 5320 inconstanter
2689 5267 2999 5315 moventur.

2518 5375 2598 5430 De
2632 5375 2966 5444 planetarum
2997 5368 3316 5426 nominibus.

2202 5471 2288 5523 17.
2318 5470 2450 5523 Tam
2478 5469 2545 5523 de
2577 5469 2922 5538 planetarum
2973 5462 3254 5518 vocabulis
3282 5472 3445 5530 quam
3490 5454 3558 5510 de
3591 5452 3709 5509 sin-

2127 5567 2380 5634 gulorum
2417 5561 2756 5630 temporibus
2789 5572 3004 5614 summa
3056 5563 3140 5610 est
3181 5552 3498 5623 Opinionum
3528 5546 3704 5602 varie-

2130 5665 2236 5711 tas.
2277 5653 2516 5726 IEgyptii
2565 5661 2618 5709 et
2668 5651 2842 5707 Graeci
2892 5648 3114 5705 Saturni
3165 5646 3416 5709 stellam,
3457 5639 3711 5714 quamvis
