  <div class='ocr_page' id='page_1' title='image "/cluster/home/n/w/nwhite01/storage/ocr_20150623/19/nnc1.0037127454/499.png"; bbox 0 0 4166 6408; ppageno 0'>
   <div class='ocr_carea' id='block_1_1' title="bbox 503 403 612 461">
    <p class='ocr_par' dir='ltr' id='par_1_1' title="bbox 503 403 612 461">
     <span class='ocr_line' id='line_1_1' title="bbox 503 403 612 461; baseline 0.018 -2"><span class='ocrx_word' id='word_1_1' title='bbox 503 403 612 461; x_wconf 85' lang='grc'><strong>955</strong></span> 
     </span>
    </p>
   </div>
   <div class='ocr_carea' id='block_1_2' title="bbox 1559 408 2792 467">
    <p class='ocr_par' dir='ltr' id='par_1_2' title="bbox 1559 408 2792 467">
     <span class='ocr_line' id='line_1_2' title="bbox 1559 408 2792 467; baseline 0 -1"><span class='ocrx_word' id='word_1_2' title='bbox 1559 409 1651 466; x_wconf 83' lang='lat' dir='ltr'><strong>AD</strong></span> <span class='ocrx_word' id='word_1_3' title='bbox 1691 409 1960 466; x_wconf 86' lang='lat' dir='ltr'><strong>EUSEBII</strong></span> <span class='ocrx_word' id='word_1_4' title='bbox 1977 409 2394 467; x_wconf 81' lang='lat' dir='ltr'><strong>-CHRONICON</strong></span> <span class='ocrx_word' id='word_1_5' title='bbox 2429 408 2792 467; x_wconf 78' lang='lat' dir='ltr'><strong>APPENDIX.</strong></span> 
     </span>
    </p>
   </div>
   <div class='ocr_carea' id='block_1_3' title="bbox 3659 417 3764 476">
    <p class='ocr_par' dir='ltr' id='par_1_3' title="bbox 3659 417 3764 476">
     <span class='ocr_line' id='line_1_3' title="bbox 3659 417 3764 476; baseline 0.019 -2"><span class='ocrx_word' id='word_1_6' title='bbox 3659 417 3764 476; x_wconf 86' lang='lat'><strong>956</strong></span> 
     </span>
    </p>
   </div>
   <div class='ocr_carea' id='block_1_4' title="bbox 497 521 2039 609">
    <p class='ocr_par' dir='ltr' id='par_1_4' title="bbox 497 521 2037 596">
     <span class='ocr_line' id='line_1_4' title="bbox 497 521 2037 596; baseline 0.007 -20"><span class='ocrx_word' id='word_1_7' title='bbox 497 521 850 578; x_wconf 86' lang='lat' dir='ltr'><strong>hebetissima</strong></span> <span class='ocrx_word' id='word_1_8' title='bbox 895 524 987 586; x_wconf 86' lang='lat' dir='ltr'><strong>sit,</strong></span> <span class='ocrx_word' id='word_1_9' title='bbox 1020 539 1300 594; x_wconf 82' lang='grc' dir='ltr'>φαινοντα,</span> <span class='ocrx_word' id='word_1_10' title='bbox 1335 524 1388 579; x_wconf 88' lang='lat' dir='ltr'><strong>id</strong></span> <span class='ocrx_word' id='word_1_11' title='bbox 1438 535 1522 582; x_wconf 91' lang='lat' dir='ltr'><strong>est</strong></span> <span class='ocrx_word' id='word_1_12' title='bbox 1571 529 1832 596; x_wconf 84' lang='lat' dir='ltr'><strong>lucidam,</strong></span> <span class='ocrx_word' id='word_1_13' title='bbox 1866 547 2037 587; x_wconf 87' lang='lat' dir='ltr'><strong>vocan</strong></span> 
     </span>
    </p>
   </div>
   <div class='ocr_carea' id='block_1_5' title="bbox 2145 521 3759 609">
    <p class='ocr_par' dir='ltr' id='par_1_5' title="bbox 2145 529 3759 609">
     <span class='ocr_line' id='line_1_5' title="bbox 2145 529 3759 609; baseline 0.01 -27"><span class='ocrx_word' id='word_1_14' title='bbox 2145 531 2216 594; x_wconf 62' lang='grc' dir='ltr'>ιὸ</span> <span class='ocrx_word' id='word_1_15' title='bbox 2263 529 2458 602; x_wconf 79' lang='grc' dir='ltr'>ἀστὴρ,</span> <span class='ocrx_word' id='word_1_16' title='bbox 2495 532 2672 586; x_wconf 92' lang='grc' dir='ltr'>καίτοι</span> <span class='ocrx_word' id='word_1_17' title='bbox 2721 533 3098 604; x_wconf 86' lang='grc' dir='ltr'>άμαυρότατος</span> <span class='ocrx_word' id='word_1_18' title='bbox 3127 533 3224 601; x_wconf 83' lang='grc' dir='ltr'><strong>ὢν,</strong></span> <span class='ocrx_word' id='word_1_19' title='bbox 3275 535 3480 605; x_wconf 81' lang='grc' dir='ltr'>φαίνων</span> <span class='ocrx_word' id='word_1_20' title='bbox 3525 539 3759 609; x_wconf 78' lang='grc' dir='ltr'>λέγεται.</span> 
     </span>
    </p>
   </div>
   <div class='ocr_carea' id='block_1_6' title="bbox 495 611 2072 694">
    <p class='ocr_par' dir='ltr' id='par_1_6' title="bbox 495 611 2072 694">
     <span class='ocr_line' id='line_1_6' title="bbox 495 611 2072 694; baseline 0.008 -28"><span class='ocrx_word' id='word_1_21' title='bbox 495 611 670 668; x_wconf 75' lang='lat' dir='ltr'><strong>Graeci</strong></span> <span class='ocrx_word' id='word_1_22' title='bbox 715 615 935 684; x_wconf 85' lang='lat' dir='ltr'><strong>quidem</strong></span> <span class='ocrx_word' id='word_1_23' title='bbox 983 616 1058 669; x_wconf 87' lang='lat' dir='ltr'><strong>ita</strong></span> <span class='ocrx_word' id='word_1_24' title='bbox 1109 616 1238 671; x_wconf 91' lang='lat' dir='ltr'><strong>boni</strong></span> <span class='ocrx_word' id='word_1_25' title='bbox 1283 619 1485 674; x_wconf 87' lang='lat' dir='ltr'><strong>ominis</strong></span> <span class='ocrx_word' id='word_1_26' title='bbox 1523 635 1691 676; x_wconf 89' lang='lat' dir='ltr'><strong>causa</strong></span> <span class='ocrx_word' id='word_1_27' title='bbox 1723 635 2072 694; x_wconf 84' lang='lat' dir='ltr'><strong>nuncupant,</strong></span> 
     </span>
    </p>
   </div>
   <div class='ocr_carea' id='block_1_7' title="bbox 2193 621 3758 699">
    <p class='ocr_par' dir='ltr' id='par_1_7' title="bbox 2193 621 3758 699">
     <span class='ocr_line' id='line_1_7' title="bbox 2193 621 3758 699; baseline 0.008 -25"><span class='ocrx_word' id='word_1_28' title='bbox 2193 621 2352 678; x_wconf 82' lang='grc' dir='ltr'>Ἀλλά</span> <span class='ocrx_word' id='word_1_29' title='bbox 2373 622 2506 694; x_wconf 83' lang='grc' dir='ltr'>παρ’</span> <span class='ocrx_word' id='word_1_30' title='bbox 2519 623 2744 694; x_wconf 86' lang='grc' dir='ltr'>Ἕλλησι</span> <span class='ocrx_word' id='word_1_31' title='bbox 2765 623 2864 694; x_wconf 84' lang='grc' dir='ltr'>μὲν</span> <span class='ocrx_word' id='word_1_32' title='bbox 2883 624 3096 679; x_wconf 81' lang='grc' dir='ltr'>κατὰτὸ</span> <span class='ocrx_word' id='word_1_33' title='bbox 3111 626 3249 696; x_wconf 80' lang='grc' dir='ltr'>εύφη</span> <span class='ocrx_word' id='word_1_34' title='bbox 3259 643 3358 698; x_wconf 89' lang='grc' dir='ltr'><strong>μον</strong></span> <span class='ocrx_word' id='word_1_35' title='bbox 3369 628 3582 698; x_wconf 90' lang='grc' dir='ltr'>λέγεται</span> <span class='ocrx_word' id='word_1_36' title='bbox 3595 630 3758 699; x_wconf 75' lang='grc' dir='ltr'>οὕτω,</span> 
     </span>
    </p>
   </div>
   <div class='ocr_carea' id='block_1_8' title="bbox 493 703 2039 795">
    <p class='ocr_par' dir='ltr' id='par_1_8' title="bbox 493 703 2039 776">
     <span class='ocr_line' id='line_1_8' title="bbox 493 703 2039 776; baseline 0.008 -18"><span class='ocrx_word' id='word_1_37' title='bbox 493 703 735 776; x_wconf 64' lang='grc' dir='ltr'>Ᾱεςγριίἰ</span> <span class='ocrx_word' id='word_1_38' title='bbox 792 721 923 761; x_wconf 91' lang='lat' dir='ltr'><strong>vero</strong></span> <span class='ocrx_word' id='word_1_39' title='bbox 979 705 1226 766; x_wconf 83' lang='lat' dir='ltr'><strong>Nemesis</strong></span> <span class='ocrx_word' id='word_1_40' title='bbox 1297 711 1528 766; x_wconf 78' lang='lat' dir='ltr'><strong>stellam.</strong></span> <span class='ocrx_word' id='word_1_41' title='bbox 1609 712 1861 770; x_wconf 90' lang='lat' dir='ltr'><strong>Secunda</strong></span> <span class='ocrx_word' id='word_1_42' title='bbox 1923 715 2039 771; x_wconf 70' lang='grc' dir='ltr'><strong>Ιονί</strong></span> 
     </span>
    </p>
   </div>
   <div class='ocr_carea' id='block_1_9' title="bbox 2145 703 3759 795">
    <p class='ocr_par' dir='ltr' id='par_1_9' title="bbox 2179 714 3759 795">
     <span class='ocr_line' id='line_1_9' title="bbox 2179 714 3759 795; baseline 0.008 -29"><span class='ocrx_word' id='word_1_43' title='bbox 2179 714 2330 786; x_wconf 79' lang='grc' dir='ltr'>παρὰ</span> <span class='ocrx_word' id='word_1_44' title='bbox 2362 714 2421 769; x_wconf 83' lang='grc' dir='ltr'>δὲ</span> <span class='ocrx_word' id='word_1_45' title='bbox 2471 716 2791 785; x_wconf 71' lang='grc' dir='ltr'><strong>Αἰγυπτίοις</strong></span> <span class='ocrx_word' id='word_1_46' title='bbox 2845 717 3139 788; x_wconf 88' lang='grc' dir='ltr'>Νεμέσεως</span> <span class='ocrx_word' id='word_1_47' title='bbox 3189 719 3388 792; x_wconf 86' lang='grc' dir='ltr'>ἀστήρ.</span> <span class='ocrx_word' id='word_1_48' title='bbox 3433 723 3694 795; x_wconf 86' lang='grc' dir='ltr'><strong>Δεύτερος</strong></span> <span class='ocrx_word' id='word_1_49' title='bbox 3728 727 3759 778; x_wconf 98' lang='lat'><strong>6</strong></span> 
     </span>
    </p>
   </div>
   <div class='ocr_carea' id='block_1_10' title="bbox 492 794 2072 873">
    <p class='ocr_par' dir='ltr' id='par_1_10' title="bbox 492 794 2072 873">
     <span class='ocr_line' id='line_1_10' title="bbox 492 794 2072 873; baseline 0.008 -24"><span class='ocrx_word' id='word_1_50' title='bbox 492 794 738 852; x_wconf 87' lang='lat' dir='ltr'><strong>Phaeton</strong></span> <span class='ocrx_word' id='word_1_51' title='bbox 804 813 836 852; x_wconf 87' lang='lat' dir='ltr'><strong>a</strong></span> <span class='ocrx_word' id='word_1_52' title='bbox 885 797 1110 864; x_wconf 65' lang='lat' dir='ltr'><strong>Gracis,</strong></span> <span class='ocrx_word' id='word_1_53' title='bbox 1171 800 1240 854; x_wconf 89' lang='lat' dir='ltr'><strong>ab</strong></span> <span class='ocrx_word' id='word_1_54' title='bbox 1294 799 1569 873; x_wconf 63' lang='lat' dir='ltr'><strong>Egyptiis</strong></span> <span class='ocrx_word' id='word_1_55' title='bbox 1625 803 1859 862; x_wconf 87' lang='lat' dir='ltr'><strong>Osiridis</strong></span> <span class='ocrx_word' id='word_1_56' title='bbox 1916 807 2072 863; x_wconf 82' lang='lat' dir='ltr'><strong>stella</strong></span> 
     </span>
    </p>
   </div>
   <div class='ocr_carea' id='block_1_11' title="bbox 490 887 2070 963">
    <p class='ocr_par' dir='ltr' id='par_1_11' title="bbox 490 887 2070 963">
     <span class='ocr_line' id='line_1_11' title="bbox 490 887 2070 963; baseline 0.006 -23"><span class='ocrx_word' id='word_1_57' title='bbox 490 889 826 944; x_wconf 83' lang='lat' dir='ltr'><strong>nominatur.</strong></span> <span class='ocrx_word' id='word_1_58' title='bbox 864 887 1047 943; x_wconf 89' lang='lat' dir='ltr'><strong>Tertia</strong></span> <span class='ocrx_word' id='word_1_59' title='bbox 1072 898 1158 946; x_wconf 88' lang='lat' dir='ltr'><strong>est</strong></span> <span class='ocrx_word' id='word_1_60' title='bbox 1191 890 1403 956; x_wconf 85' lang='lat' dir='ltr'><strong>Martis,</strong></span> <span class='ocrx_word' id='word_1_61' title='bbox 1441 909 1563 963; x_wconf 78' lang='lat' dir='ltr'><strong>quae</strong></span> <span class='ocrx_word' id='word_1_62' title='bbox 1601 894 1805 952; x_wconf 75' lang='lat' dir='ltr'><strong>Graecis</strong></span> <span class='ocrx_word' id='word_1_63' title='bbox 1841 904 1926 952; x_wconf 91' lang='lat' dir='ltr'><strong>est</strong></span> <span class='ocrx_word' id='word_1_64' title='bbox 1959 898 2070 949; x_wconf 89' lang='grc' dir='ltr'><strong>Πυ-</strong></span> 
     </span>
    </p>
   </div>
   <div class='ocr_carea' id='block_1_12' title="bbox 489 977 2067 1052">
    <p class='ocr_par' dir='ltr' id='par_1_12' title="bbox 489 977 2067 1052">
     <span class='ocr_line' id='line_1_12' title="bbox 489 977 2067 1052; baseline 0.008 -22"><span class='ocrx_word' id='word_1_65' title='bbox 489 979 655 1048; x_wconf 82' lang='grc' dir='ltr'>ρόεις,</span> <span class='ocrx_word' id='word_1_66' title='bbox 687 977 958 1051; x_wconf 68' lang='lat' dir='ltr'><strong>Egyptiis</strong></span> <span class='ocrx_word' id='word_1_67' title='bbox 1007 981 1262 1038; x_wconf 86' lang='lat' dir='ltr'><strong>Herculis</strong></span> <span class='ocrx_word' id='word_1_68' title='bbox 1309 985 1490 1040; x_wconf 82' lang='lat' dir='ltr'><strong>stella.</strong></span> <span class='ocrx_word' id='word_1_69' title='bbox 1543 985 1750 1052; x_wconf 87' lang='lat' dir='ltr'><strong>Quarta</strong></span> <span class='ocrx_word' id='word_1_70' title='bbox 1789 987 2067 1043; x_wconf 85' lang='lat' dir='ltr'><strong>Mercurii.</strong></span> 
     </span>
    </p>
   </div>
   <div class='ocr_carea' id='block_1_13' title="bbox 484 1070 2069 1152">
    <p class='ocr_par' dir='ltr' id='par_1_13' title="bbox 484 1070 2069 1152">
     <span class='ocr_line' id='line_1_13' title="bbox 484 1070 2069 1152; baseline 0.008 -28"><span class='ocrx_word' id='word_1_71' title='bbox 484 1070 835 1126; x_wconf 86' lang='lat' dir='ltr'><strong>Concedatur</strong></span> <span class='ocrx_word' id='word_1_72' title='bbox 863 1073 1009 1129; x_wconf 88' lang='lat' dir='ltr'><strong>enim</strong></span> <span class='ocrx_word' id='word_1_73' title='bbox 1055 1075 1160 1130; x_wconf 87' lang='lat' dir='ltr'><strong>hoc</strong></span> <span class='ocrx_word' id='word_1_74' title='bbox 1193 1078 1249 1132; x_wconf 90' lang='lat' dir='ltr'><strong>in</strong></span> <span class='ocrx_word' id='word_1_75' title='bbox 1283 1093 1546 1146; x_wconf 72' lang='lat' dir='ltr'><strong>praesens,</strong></span> <span class='ocrx_word' id='word_1_76' title='bbox 1593 1095 1711 1135; x_wconf 88' lang='lat' dir='ltr'><strong>eam</strong></span> <span class='ocrx_word' id='word_1_77' title='bbox 1749 1096 1873 1137; x_wconf 90' lang='lat' dir='ltr'><strong>esse</strong></span> <span class='ocrx_word' id='word_1_78' title='bbox 1903 1098 2069 1152; x_wconf 88' lang='lat' dir='ltr'><strong>quar-</strong></span> 
     </span>
    </p>
   </div>
   <div class='ocr_carea' id='block_1_14' title="bbox 483 1161 2068 1238">
    <p class='ocr_par' dir='ltr' id='par_1_14' title="bbox 483 1161 2068 1238">
     <span class='ocr_line' id='line_1_14' title="bbox 483 1161 2068 1238; baseline 0.009 -24"><span class='ocrx_word' id='word_1_79' title='bbox 483 1170 616 1217; x_wconf 89' lang='lat' dir='ltr'><strong>tam.</strong></span> <span class='ocrx_word' id='word_1_80' title='bbox 650 1161 785 1218; x_wconf 89' lang='lat' dir='ltr'><strong>Nam</strong></span> <span class='ocrx_word' id='word_1_81' title='bbox 819 1165 887 1220; x_wconf 92' lang='lat' dir='ltr'><strong>de</strong></span> <span class='ocrx_word' id='word_1_82' title='bbox 925 1166 1198 1223; x_wconf 88' lang='lat' dir='ltr'><strong>sideribus</strong></span> <span class='ocrx_word' id='word_1_83' title='bbox 1247 1170 1392 1236; x_wconf 89' lang='lat' dir='ltr'><strong>istis,</strong></span> <span class='ocrx_word' id='word_1_84' title='bbox 1433 1171 1727 1238; x_wconf 87' lang='lat' dir='ltr'><strong>Mercurio,</strong></span> <span class='ocrx_word' id='word_1_85' title='bbox 1765 1172 1975 1229; x_wconf 80' lang='lat' dir='ltr'><strong>Venere</strong></span> <span class='ocrx_word' id='word_1_86' title='bbox 2003 1190 2068 1229; x_wconf 93' lang='lat' dir='ltr'><strong>ac</strong></span> 
     </span>
    </p>
   </div>
   <div class='ocr_carea' id='block_1_15' title="bbox 483 1253 2060 1323">
    <p class='ocr_par' dir='ltr' id='par_1_15' title="bbox 483 1253 2060 1323">
     <span class='ocr_line' id='line_1_15' title="bbox 483 1253 2060 1323; baseline 0.007 -14"><span class='ocrx_word' id='word_1_87' title='bbox 483 1253 601 1309; x_wconf 88' lang='lat' dir='ltr'><strong>sole</strong></span> <span class='ocrx_word' id='word_1_88' title='bbox 666 1270 778 1310; x_wconf 89' lang='lat' dir='ltr'><strong>non</strong></span> <span class='ocrx_word' id='word_1_89' title='bbox 813 1257 985 1312; x_wconf 87' lang='lat' dir='ltr'><strong>levem</strong></span> <span class='ocrx_word' id='word_1_90' title='bbox 1047 1275 1172 1315; x_wconf 91' lang='lat' dir='ltr'><strong>esse</strong></span> <span class='ocrx_word' id='word_1_91' title='bbox 1221 1265 1648 1318; x_wconf 88' lang='lat' dir='ltr'><strong>controversiam</strong></span> <span class='ocrx_word' id='word_1_92' title='bbox 1700 1266 2060 1323; x_wconf 84' lang='lat' dir='ltr'><strong>ostendimus.</strong></span> 
     </span>
    </p>
   </div>
   <div class='ocr_carea' id='block_1_16' title="bbox 480 1345 2064 1429">
    <p class='ocr_par' dir='ltr' id='par_1_16' title="bbox 480 1345 2064 1429">
     <span class='ocr_line' id='line_1_16' title="bbox 480 1345 2064 1429; baseline 0.009 -30"><span class='ocrx_word' id='word_1_93' title='bbox 480 1345 652 1418; x_wconf 77' lang='lat' dir='ltr'><strong>Igitur</strong></span> <span class='ocrx_word' id='word_1_94' title='bbox 708 1348 964 1404; x_wconf 82' lang='lat' dir='ltr'><strong>Mercurii</strong></span> <span class='ocrx_word' id='word_1_95' title='bbox 1022 1353 1177 1407; x_wconf 83' lang='lat' dir='ltr'><strong>stella</strong></span> <span class='ocrx_word' id='word_1_96' title='bbox 1221 1351 1424 1410; x_wconf 70' lang='lat' dir='ltr'><strong>Graecis</strong></span> <span class='ocrx_word' id='word_1_97' title='bbox 1485 1355 1744 1420; x_wconf 80' lang='grc' dir='ltr'>Στίλσων,</span> <span class='ocrx_word' id='word_1_98' title='bbox 1791 1356 2064 1429; x_wconf 69' lang='lat' dir='ltr'><strong>Egyptiis</strong></span> 
     </span>
    </p>
   </div>
   <div class='ocr_carea' id='block_1_17' title="bbox 479 1438 2061 1511">
    <p class='ocr_par' dir='ltr' id='par_1_17' title="bbox 479 1438 2061 1511">
     <span class='ocr_line' id='line_1_17' title="bbox 479 1438 2061 1511; baseline 0.009 -22"><span class='ocrx_word' id='word_1_99' title='bbox 479 1438 747 1507; x_wconf 85' lang='lat' dir='ltr'><strong>Apollinis</strong></span> <span class='ocrx_word' id='word_1_100' title='bbox 772 1443 928 1496; x_wconf 89' lang='lat' dir='ltr'><strong>stella</strong></span> <span class='ocrx_word' id='word_1_101' title='bbox 959 1441 1182 1498; x_wconf 90' lang='lat' dir='ltr'><strong>dicitur.</strong></span> <span class='ocrx_word' id='word_1_102' title='bbox 1218 1445 1421 1511; x_wconf 85' lang='lat' dir='ltr'><strong>Quinta</strong></span> <span class='ocrx_word' id='word_1_103' title='bbox 1453 1453 1537 1500; x_wconf 91' lang='lat' dir='ltr'><strong>est</strong></span> <span class='ocrx_word' id='word_1_104' title='bbox 1564 1444 1814 1511; x_wconf 84' lang='lat' dir='ltr'><strong>Veneris,</strong></span> <span class='ocrx_word' id='word_1_105' title='bbox 1856 1447 2061 1504; x_wconf 57' lang='lat' dir='ltr'><strong>Graecis</strong></span> 
     </span>
    </p>
   </div>
   <div class='ocr_carea' id='block_1_18' title="bbox 476 1525 2060 1606">
    <p class='ocr_par' dir='ltr' id='par_1_18' title="bbox 476 1525 2060 1606">
     <span class='ocr_line' id='line_1_18' title="bbox 476 1525 2060 1606; baseline 0.008 -26"><span class='ocrx_word' id='word_1_106' title='bbox 476 1525 718 1583; x_wconf 76' lang='lat' dir='ltr'><strong>Lucifer.</strong></span> <span class='ocrx_word' id='word_1_107' title='bbox 775 1530 993 1588; x_wconf 88' lang='lat' dir='ltr'><strong>Primus</strong></span> <span class='ocrx_word' id='word_1_108' title='bbox 1047 1533 1241 1605; x_wconf 89' lang='lat' dir='ltr'><strong>Ibycus</strong></span> <span class='ocrx_word' id='word_1_109' title='bbox 1293 1534 1348 1587; x_wconf 91' lang='lat' dir='ltr'><strong>in</strong></span> <span class='ocrx_word' id='word_1_110' title='bbox 1409 1551 1574 1588; x_wconf 87' lang='lat' dir='ltr'><strong>unum</strong></span> <span class='ocrx_word' id='word_1_111' title='bbox 1641 1537 2060 1606; x_wconf 86' lang='lat' dir='ltr'><strong>appellationem</strong></span> 
     </span>
    </p>
   </div>
   <div class='ocr_carea' id='block_1_19' title="bbox 461 1623 2058 1697">
    <p class='ocr_par' dir='ltr' id='par_1_19' title="bbox 461 1623 2058 1697">
     <span class='ocr_line' id='line_1_19' title="bbox 461 1623 2058 1697; baseline 0.006 -26"><span class='ocrx_word' id='word_1_112' title='bbox 461 1623 772 1690; x_wconf 37' lang='lat' dir='ltr'><strong>&#39;contraxit.</strong></span> <span class='ocrx_word' id='word_1_113' title='bbox 813 1623 1052 1688; x_wconf 88' lang='lat' dir='ltr'><strong>Quartus</strong></span> <span class='ocrx_word' id='word_1_114' title='bbox 1100 1633 1185 1680; x_wconf 90' lang='lat' dir='ltr'><strong>cst</strong></span> <span class='ocrx_word' id='word_1_115' title='bbox 1225 1625 1308 1680; x_wconf 89' lang='lat' dir='ltr'><strong>sol</strong></span> <span class='ocrx_word' id='word_1_116' title='bbox 1352 1625 1648 1696; x_wconf 67' lang='lat' dir='ltr'><strong>Egypliis.</strong></span> <span class='ocrx_word' id='word_1_117' title='bbox 1697 1642 1857 1697; x_wconf 88' lang='lat' dir='ltr'><strong>quem</strong></span> <span class='ocrx_word' id='word_1_118' title='bbox 1887 1628 2058 1683; x_wconf 60' lang='lat' dir='ltr'><strong>Graeci</strong></span> 
     </span>
    </p>
   </div>
   <div class='ocr_carea' id='block_1_20' title="bbox 475 1717 2057 1788">
    <p class='ocr_par' dir='ltr' id='par_1_20' title="bbox 475 1717 2057 1788">
     <span class='ocr_line' id='line_1_20' title="bbox 475 1717 2057 1788; baseline 0.006 -22"><span class='ocrx_word' id='word_1_119' title='bbox 475 1720 690 1769; x_wconf 81' lang='lat' dir='ltr'><strong>sextum</strong></span> <span class='ocrx_word' id='word_1_120' title='bbox 737 1728 1046 1772; x_wconf 85' lang='lat' dir='ltr'><strong>numerant.</strong></span> <span class='ocrx_word' id='word_1_121' title='bbox 1102 1717 1345 1788; x_wconf 88' lang='lat' dir='ltr'><strong>Septima</strong></span> <span class='ocrx_word' id='word_1_122' title='bbox 1390 1728 1473 1775; x_wconf 92' lang='lat' dir='ltr'><strong>est</strong></span> <span class='ocrx_word' id='word_1_123' title='bbox 1521 1721 1670 1774; x_wconf 92' lang='lat' dir='ltr'><strong>luna.</strong></span> <span class='ocrx_word' id='word_1_124' title='bbox 1708 1720 1902 1777; x_wconf 90' lang='lat' dir='ltr'><strong>Musici</strong></span> <span class='ocrx_word' id='word_1_125' title='bbox 1930 1739 2057 1777; x_wconf 86' lang='lat' dir='ltr'><strong>vero</strong></span> 
     </span>
    </p>
   </div>
   <div class='ocr_carea' id='block_1_21' title="bbox 471 1805 2056 1883">
    <p class='ocr_par' dir='ltr' id='par_1_21' title="bbox 471 1805 2056 1883">
     <span class='ocr_line' id='line_1_21' title="bbox 471 1805 2056 1883; baseline 0.005 -25"><span class='ocrx_word' id='word_1_126' title='bbox 471 1805 757 1860; x_wconf 73' lang='lat' dir='ltr'><strong>zodiacum</strong></span> <span class='ocrx_word' id='word_1_127' title='bbox 803 1809 1093 1874; x_wconf 88' lang='lat' dir='ltr'><strong>circulum,</strong></span> <span class='ocrx_word' id='word_1_128' title='bbox 1137 1817 1197 1864; x_wconf 92' lang='lat' dir='ltr'><strong>ut</strong></span> <span class='ocrx_word' id='word_1_129' title='bbox 1246 1811 1302 1865; x_wconf 94' lang='lat' dir='ltr'><strong>in</strong></span> <span class='ocrx_word' id='word_1_130' title='bbox 1361 1812 1664 1878; x_wconf 83' lang='lat' dir='ltr'><strong>harmonia,</strong></span> <span class='ocrx_word' id='word_1_131' title='bbox 1719 1812 1932 1883; x_wconf 85' lang='lat' dir='ltr'><strong>ﬁngunt</strong></span> <span class='ocrx_word' id='word_1_132' title='bbox 1967 1829 2056 1868; x_wconf 88' lang='lat' dir='ltr'><strong>ra-</strong></span> 
     </span>
    </p>
   </div>
   <div class='ocr_carea' id='block_1_22' title="bbox 2177 805 3843 882">
    <p class='ocr_par' dir='ltr' id='par_1_22' title="bbox 2177 805 3843 882">
     <span class='ocr_line' id='line_1_22' title="bbox 2177 805 3843 882; baseline 0.008 -25"><span class='ocrx_word' id='word_1_133' title='bbox 2177 805 2299 868; x_wconf 85' lang='grc' dir='ltr'>Διὸς</span> <span class='ocrx_word' id='word_1_134' title='bbox 2312 805 2436 860; x_wconf 88' lang='grc' dir='ltr'>καθ’</span> <span class='ocrx_word' id='word_1_135' title='bbox 2457 806 2725 878; x_wconf 87' lang='grc' dir='ltr'>Ἕλληνας</span> <span class='ocrx_word' id='word_1_136' title='bbox 2744 807 2961 864; x_wconf 80' lang='grc' dir='ltr'><strong>Φαέθων</strong></span> <span class='ocrx_word' id='word_1_137' title='bbox 2981 825 2995 839; x_wconf 93' lang='grc'><strong>·</strong></span> <span class='ocrx_word' id='word_1_138' title='bbox 3025 809 3168 863; x_wconf 87' lang='grc' dir='ltr'>κατὰ</span> <span class='ocrx_word' id='word_1_139' title='bbox 3186 811 3245 866; x_wconf 80' lang='grc' dir='ltr'>δὲ</span> <span class='ocrx_word' id='word_1_140' title='bbox 3266 812 3596 882; x_wconf 78' lang='grc' dir='ltr'>Αἰγυπτίους</span> <span class='ocrx_word' id='word_1_141' title='bbox 3624 817 3759 871; x_wconf 85' lang='grc' dir='ltr'>Ὀσί-</span> <span class='ocrx_word' id='word_1_142' title='bbox 3841 836 3843 839; x_wconf 93' lang='grc'>·</span> 
     </span>
    </p>
   </div>
   <div class='ocr_carea' id='block_1_23' title="bbox 2177 897 3755 980">
    <p class='ocr_par' dir='ltr' id='par_1_23' title="bbox 2177 897 3755 980">
     <span class='ocr_line' id='line_1_23' title="bbox 2177 897 3755 980; baseline 0.008 -30"><span class='ocrx_word' id='word_1_143' title='bbox 2177 897 2322 969; x_wconf 91' lang='grc' dir='ltr'>ριδος</span> <span class='ocrx_word' id='word_1_144' title='bbox 2339 899 2537 972; x_wconf 82' lang='grc' dir='ltr'>ἀστήρ.</span> <span class='ocrx_word' id='word_1_145' title='bbox 2566 900 2761 972; x_wconf 85' lang='grc' dir='ltr'><strong>Τρίτος</strong></span> <span class='ocrx_word' id='word_1_146' title='bbox 2786 903 2815 954; x_wconf 88' lang='lat'><strong>6</strong></span> <span class='ocrx_word' id='word_1_147' title='bbox 2843 900 2938 956; x_wconf 88' lang='grc' dir='ltr'><strong>τοῦ</strong></span> <span class='ocrx_word' id='word_1_148' title='bbox 2969 903 3180 975; x_wconf 83' lang='grc' dir='ltr'>Ἀρεως</span> <span class='ocrx_word' id='word_1_149' title='bbox 3209 905 3360 976; x_wconf 83' lang='grc' dir='ltr'>παρὰ</span> <span class='ocrx_word' id='word_1_150' title='bbox 3386 905 3488 976; x_wconf 86' lang='grc' dir='ltr'>μὲν</span> <span class='ocrx_word' id='word_1_151' title='bbox 3527 908 3755 980; x_wconf 89' lang='grc' dir='ltr'>Ἕλλησι</span> 
     </span>
    </p>
   </div>
   <div class='ocr_carea' id='block_1_24' title="bbox 2176 992 3750 1074">
    <p class='ocr_par' dir='ltr' id='par_1_24' title="bbox 2176 992 3750 1074">
     <span class='ocr_line' id='line_1_24' title="bbox 2176 992 3750 1074; baseline 0.008 -30"><span class='ocrx_word' id='word_1_152' title='bbox 2176 992 2440 1062; x_wconf 88' lang='grc' dir='ltr'>Πυρόεις·</span> <span class='ocrx_word' id='word_1_153' title='bbox 2492 994 2646 1066; x_wconf 81' lang='grc' dir='ltr'>παρὰ</span> <span class='ocrx_word' id='word_1_154' title='bbox 2694 995 2752 1049; x_wconf 84' lang='grc' dir='ltr'>δὲ</span> <span class='ocrx_word' id='word_1_155' title='bbox 2800 996 3120 1064; x_wconf 74' lang='grc' dir='ltr'><strong>Αἰγυπτίοις</strong></span> <span class='ocrx_word' id='word_1_156' title='bbox 3177 998 3509 1069; x_wconf 82' lang='grc' dir='ltr'><strong>Ἡρακλέους</strong></span> <span class='ocrx_word' id='word_1_157' title='bbox 3553 1002 3750 1074; x_wconf 86' lang='grc' dir='ltr'>ἀστήρ.</span> 
     </span>
    </p>
   </div>
   <div class='ocr_carea' id='block_1_25' title="bbox 2174 1083 3752 1168">
    <p class='ocr_par' dir='ltr' id='par_1_25' title="bbox 2174 1083 3752 1168">
     <span class='ocr_line' id='line_1_25' title="bbox 2174 1083 3752 1168; baseline 0.009 -32"><span class='ocrx_word' id='word_1_158' title='bbox 2174 1083 2444 1156; x_wconf 84' lang='grc' dir='ltr'><strong>Τέταρτος</strong></span> <span class='ocrx_word' id='word_1_159' title='bbox 2478 1088 2506 1140; x_wconf 90' lang='lat'><strong>6</strong></span> <span class='ocrx_word' id='word_1_160' title='bbox 2538 1085 2631 1140; x_wconf 88' lang='grc' dir='ltr'><strong>τοῦ</strong></span> <span class='ocrx_word' id='word_1_161' title='bbox 2669 1088 2905 1160; x_wconf 79' lang='grc' dir='ltr'>Ἐρμοῦο</span> <span class='ocrx_word' id='word_1_162' title='bbox 2934 1089 3168 1144; x_wconf 81' lang='grc' dir='ltr'><strong>δεδόσθω</strong></span> <span class='ocrx_word' id='word_1_163' title='bbox 3214 1091 3324 1164; x_wconf 85' lang='grc' dir='ltr'><strong>γάρ</strong></span> <span class='ocrx_word' id='word_1_164' title='bbox 3367 1092 3464 1147; x_wconf 91' lang='grc' dir='ltr'><strong>νῦν</strong></span> <span class='ocrx_word' id='word_1_165' title='bbox 3491 1094 3752 1168; x_wconf 89' lang='grc' dir='ltr'>τέταρτον</span> 
     </span>
    </p>
   </div>
   <div class='ocr_carea' id='block_1_26' title="bbox 2171 1176 3750 1262">
    <p class='ocr_par' dir='ltr' id='par_1_26' title="bbox 2171 1176 3750 1262">
     <span class='ocr_line' id='line_1_26' title="bbox 2171 1176 3750 1262; baseline 0.01 -34"><span class='ocrx_word' id='word_1_166' title='bbox 2171 1177 2335 1231; x_wconf 81' lang='grc' dir='ltr'>αὑτὸν</span> <span class='ocrx_word' id='word_1_167' title='bbox 2367 1176 2528 1234; x_wconf 80' lang='grc' dir='ltr'>εἶναι.</span> <span class='ocrx_word' id='word_1_168' title='bbox 2564 1181 2792 1253; x_wconf 69' lang='grc' dir='ltr'>Εἴρηται</span> <span class='ocrx_word' id='word_1_169' title='bbox 2835 1182 2963 1253; x_wconf 87' lang='grc' dir='ltr'>γὰρ,</span> <span class='ocrx_word' id='word_1_170' title='bbox 3011 1185 3094 1238; x_wconf 81' lang='grc' dir='ltr'><strong>ὅτι</strong></span> <span class='ocrx_word' id='word_1_171' title='bbox 3125 1185 3391 1254; x_wconf 78' lang='grc' dir='ltr'><strong>διαφωνία</strong></span> <span class='ocrx_word' id='word_1_172' title='bbox 3429 1189 3596 1262; x_wconf 80' lang='grc' dir='ltr'>πολλὴ</span> <span class='ocrx_word' id='word_1_173' title='bbox 3621 1191 3750 1262; x_wconf 78' lang='grc' dir='ltr'>περὶ</span> 
     </span>
    </p>
   </div>
   <div class='ocr_carea' id='block_1_27' title="bbox 2170 1267 3746 1353">
    <p class='ocr_par' dir='ltr' id='par_1_27' title="bbox 2170 1267 3746 1353">
     <span class='ocr_line' id='line_1_27' title="bbox 2170 1267 3746 1353; baseline 0.01 -33"><span class='ocrx_word' id='word_1_174' title='bbox 2170 1267 2278 1322; x_wconf 85' lang='grc' dir='ltr'><strong>τῶν</strong></span> <span class='ocrx_word' id='word_1_175' title='bbox 2304 1270 2551 1342; x_wconf 81' lang='grc' dir='ltr'>ἀστέρων</span> <span class='ocrx_word' id='word_1_176' title='bbox 2592 1272 2796 1326; x_wconf 90' lang='grc' dir='ltr'>τούτων</span> <span class='ocrx_word' id='word_1_177' title='bbox 2814 1274 2982 1339; x_wconf 74' lang='grc' dir='ltr'>ἐστὶν,</span> <span class='ocrx_word' id='word_1_178' title='bbox 3019 1275 3244 1347; x_wconf 83' lang='grc' dir='ltr'>Ἑρμοῦ,</span> <span class='ocrx_word' id='word_1_179' title='bbox 3270 1278 3363 1332; x_wconf 73' lang='grc' dir='ltr'>καὶ</span> <span class='ocrx_word' id='word_1_180' title='bbox 3407 1279 3746 1353; x_wconf 84' lang='grc' dir='ltr'>Ἀφροδίτης,</span> 
     </span>
    </p>
   </div>
   <div class='ocr_carea' id='block_1_28' title="bbox 2169 1358 3750 1445">
    <p class='ocr_par' dir='ltr' id='par_1_28' title="bbox 2169 1358 3750 1445">
     <span class='ocr_line' id='line_1_28' title="bbox 2169 1358 3750 1445; baseline 0.012 -35"><span class='ocrx_word' id='word_1_181' title='bbox 2169 1358 2264 1412; x_wconf 73' lang='grc' dir='ltr'>καὶ</span> <span class='ocrx_word' id='word_1_182' title='bbox 2314 1359 2486 1430; x_wconf 82' lang='grc' dir='ltr'>ἡλίου.</span> <span class='ocrx_word' id='word_1_183' title='bbox 2535 1363 2592 1416; x_wconf 87' lang='lat'><strong>&#39;0</strong></span> <span class='ocrx_word' id='word_1_184' title='bbox 2637 1363 2816 1418; x_wconf 79' lang='grc' dir='ltr'>τοίνυν</span> <span class='ocrx_word' id='word_1_185' title='bbox 2856 1366 3058 1437; x_wconf 88' lang='grc' dir='ltr'><strong>Ἑρμοῦ</strong></span> <span class='ocrx_word' id='word_1_186' title='bbox 3100 1367 3276 1441; x_wconf 84' lang='grc' dir='ltr'>ἀστὴρ</span> <span class='ocrx_word' id='word_1_187' title='bbox 3306 1370 3549 1427; x_wconf 87' lang='grc' dir='ltr'>καλεῖται</span> <span class='ocrx_word' id='word_1_188' title='bbox 3597 1374 3750 1445; x_wconf 80' lang='grc' dir='ltr'>παρὰ</span> 
     </span>
    </p>
   </div>
   <div class='ocr_carea' id='block_1_29' title="bbox 2169 1450 3750 1530">
    <p class='ocr_par' dir='ltr' id='par_1_29' title="bbox 2169 1450 3750 1530">
     <span class='ocr_line' id='line_1_29' title="bbox 2169 1450 3750 1530; baseline 0.012 -28"><span class='ocrx_word' id='word_1_189' title='bbox 2169 1450 2268 1519; x_wconf 83' lang='grc' dir='ltr'><strong>μὲν</strong></span> <span class='ocrx_word' id='word_1_190' title='bbox 2299 1451 2526 1524; x_wconf 86' lang='grc' dir='ltr'>Ἕλλησι</span> <span class='ocrx_word' id='word_1_191' title='bbox 2557 1455 2817 1522; x_wconf 76' lang='grc' dir='ltr'>Στίλϐων,</span> <span class='ocrx_word' id='word_1_192' title='bbox 2855 1457 3008 1530; x_wconf 84' lang='grc' dir='ltr'>παρὰ</span> <span class='ocrx_word' id='word_1_193' title='bbox 3035 1459 3094 1512; x_wconf 86' lang='grc' dir='ltr'>δὲ</span> <span class='ocrx_word' id='word_1_194' title='bbox 3123 1460 3442 1529; x_wconf 73' lang='grc' dir='ltr'>Αἰγυπτίοις</span> <span class='ocrx_word' id='word_1_195' title='bbox 3483 1465 3750 1522; x_wconf 83' lang='grc' dir='ltr'>Ἀπόλλω-</span> 
     </span>
    </p>
   </div>
   <div class='ocr_carea' id='block_1_30' title="bbox 2165 1543 3748 1630">
    <p class='ocr_par' dir='ltr' id='par_1_30' title="bbox 2165 1543 3748 1630">
     <span class='ocr_line' id='line_1_30' title="bbox 2165 1543 3748 1630; baseline 0.013 -37"><span class='ocrx_word' id='word_1_196' title='bbox 2165 1557 2254 1604; x_wconf 90' lang='grc' dir='ltr'><strong>νος</strong></span> <span class='ocrx_word' id='word_1_197' title='bbox 2292 1543 2486 1616; x_wconf 85' lang='grc' dir='ltr'>ἀστήρ.</span> <span class='ocrx_word' id='word_1_198' title='bbox 2541 1547 2799 1618; x_wconf 82' lang='grc' dir='ltr'>Πέμπτος</span> <span class='ocrx_word' id='word_1_199' title='bbox 2841 1552 2871 1603; x_wconf 90' lang='lat'><strong>6</strong></span> <span class='ocrx_word' id='word_1_200' title='bbox 2921 1551 3020 1620; x_wconf 84' lang='grc' dir='ltr'>τῆς</span> <span class='ocrx_word' id='word_1_201' title='bbox 3076 1553 3397 1626; x_wconf 83' lang='grc' dir='ltr'>Ἀφροδίτης</span> <span class='ocrx_word' id='word_1_202' title='bbox 3442 1558 3590 1629; x_wconf 82' lang='grc' dir='ltr'>παρὰ</span> <span class='ocrx_word' id='word_1_203' title='bbox 3648 1561 3748 1630; x_wconf 84' lang='grc' dir='ltr'><strong>μὲν</strong></span> 
     </span>
    </p>
   </div>
   <div class='ocr_carea' id='block_1_31' title="bbox 2166 1633 3748 1726">
    <p class='ocr_par' dir='ltr' id='par_1_31' title="bbox 2166 1633 3748 1726">
     <span class='ocr_line' id='line_1_31' title="bbox 2166 1633 3748 1726; baseline 0.012 -40"><span class='ocrx_word' id='word_1_204' title='bbox 2166 1633 2422 1706; x_wconf 86' lang='grc' dir='ltr'>Ἕλλησιν</span> <span class='ocrx_word' id='word_1_205' title='bbox 2495 1638 2821 1710; x_wconf 88' lang='grc' dir='ltr'>Ἑωσφόρος.</span> <span class='ocrx_word' id='word_1_206' title='bbox 2881 1641 3106 1713; x_wconf 86' lang='grc' dir='ltr'>Πρῶτος</span> <span class='ocrx_word' id='word_1_207' title='bbox 3163 1645 3220 1698; x_wconf 88' lang='grc' dir='ltr'>δὲ</span> <span class='ocrx_word' id='word_1_208' title='bbox 3269 1646 3481 1712; x_wconf 80' lang='grc' dir='ltr'>Ἴϐυκος</span> <span class='ocrx_word' id='word_1_209' title='bbox 3525 1651 3606 1715; x_wconf 81' lang='grc' dir='ltr'><strong>είς</strong></span> <span class='ocrx_word' id='word_1_210' title='bbox 3650 1652 3748 1726; x_wconf 67' lang='lat' dir='ltr'><strong>Evg.</strong></span> 
     </span>
    </p>
   </div>
   <div class='ocr_carea' id='block_1_32' title="bbox 2165 1727 3748 1814">
    <p class='ocr_par' dir='ltr' id='par_1_32' title="bbox 2165 1727 3748 1814">
     <span class='ocr_line' id='line_1_32' title="bbox 2165 1727 3748 1814; baseline 0.013 -36"><span class='ocrx_word' id='word_1_211' title='bbox 2165 1727 2469 1783; x_wconf 84' lang='grc' dir='ltr'>συνέστειλε</span> <span class='ocrx_word' id='word_1_212' title='bbox 2507 1730 2606 1794; x_wconf 76' lang='grc' dir='ltr'>τὰς</span> <span class='ocrx_word' id='word_1_213' title='bbox 2659 1735 3054 1806; x_wconf 79' lang='grc' dir='ltr'>προσηγορίας.</span> <span class='ocrx_word' id='word_1_214' title='bbox 3112 1737 3386 1809; x_wconf 87' lang='grc' dir='ltr'>Τέταρτος</span> <span class='ocrx_word' id='word_1_215' title='bbox 3437 1742 3494 1796; x_wconf 83' lang='grc' dir='ltr'>δὲ</span> <span class='ocrx_word' id='word_1_216' title='bbox 3533 1745 3562 1796; x_wconf 91' lang='lat'><strong>6</strong></span> <span class='ocrx_word' id='word_1_217' title='bbox 3594 1744 3748 1814; x_wconf 79' lang='grc' dir='ltr'>ἥλιος</span> 
     </span>
    </p>
   </div>
   <div class='ocr_carea' id='block_1_33' title="bbox 2163 1819 3746 1906">
    <p class='ocr_par' dir='ltr' id='par_1_33' title="bbox 2163 1819 3746 1906">
     <span class='ocr_line' id='line_1_33' title="bbox 2163 1819 3746 1906; baseline 0.015 -39"><span class='ocrx_word' id='word_1_218' title='bbox 2163 1819 2280 1868; x_wconf 88' lang='grc' dir='ltr'>κατ’</span> <span class='ocrx_word' id='word_1_219' title='bbox 2313 1819 2664 1887; x_wconf 77' lang='grc' dir='ltr'>Αἰγυπτίους,</span> <span class='ocrx_word' id='word_1_220' title='bbox 2703 1822 2860 1885; x_wconf 75' lang='grc' dir='ltr'>ἕκτος</span> <span class='ocrx_word' id='word_1_221' title='bbox 2890 1824 2947 1876; x_wconf 88' lang='grc' dir='ltr'>δὲ</span> <span class='ocrx_word' id='word_1_222' title='bbox 2988 1825 3110 1878; x_wconf 85' lang='grc' dir='ltr'>καθ’</span> <span class='ocrx_word' id='word_1_223' title='bbox 3145 1827 3432 1900; x_wconf 85' lang='grc' dir='ltr'>Ἕλληνας.</span> <span class='ocrx_word' id='word_1_224' title='bbox 3475 1832 3746 1906; x_wconf 77' lang='grc' dir='ltr'>’Ἕϐδομος</span> 
     </span>
    </p>
   </div>
   <div class='ocr_carea' id='block_1_34' title="bbox 469 1885 2039 1988">
    <p class='ocr_par' dir='ltr' id='par_1_34' title="bbox 469 1897 2039 1974">
     <span class='ocr_line' id='line_1_34' title="bbox 469 1897 2039 1974; baseline 0.007 -25"><span class='ocrx_word' id='word_1_225' title='bbox 469 1897 680 1952; x_wconf 84' lang='lat' dir='ltr'><strong>tionem</strong></span> <span class='ocrx_word' id='word_1_226' title='bbox 728 1897 929 1953; x_wconf 87' lang='lat' dir='ltr'><strong>habere</strong></span> <span class='ocrx_word' id='word_1_227' title='bbox 987 1899 1254 1972; x_wconf 87' lang='lat' dir='ltr'><strong>phthongi</strong></span> <span class='ocrx_word' id='word_1_228' title='bbox 1304 1901 1626 1958; x_wconf 88' lang='lat' dir='ltr'><strong>chromatici</strong></span> <span class='ocrx_word' id='word_1_229' title='bbox 1673 1905 1891 1974; x_wconf 81' lang='lat' dir='ltr'><strong>generis</strong></span> <span class='ocrx_word' id='word_1_230' title='bbox 1943 1905 2039 1960; x_wconf 91' lang='lat' dir='ltr'><strong>dis-</strong></span> 
     </span>
    </p>
   </div>
   <div class='ocr_carea' id='block_1_35' title="bbox 2145 1885 3742 1988">
    <p class='ocr_par' dir='ltr' id='par_1_35' title="bbox 2157 1885 3742 1988">
     <span class='ocr_line' id='line_1_35' title="bbox 2157 1885 3742 1988; baseline 0.015 -28"><span class='ocrx_word' id='word_1_231' title='bbox 2157 1906 2214 1960; x_wconf 86' lang='grc' dir='ltr'><strong>δὲ</strong></span> <span class='ocrx_word' id='word_1_232' title='bbox 2267 1912 2296 1962; x_wconf 89' lang='lat'><strong>6</strong></span> <span class='ocrx_word' id='word_1_233' title='bbox 2342 1885 2441 1983; x_wconf 65' lang='grc' dir='ltr'>τῆς</span> <span class='ocrx_word' id='word_1_234' title='bbox 2489 1913 2737 1985; x_wconf 84' lang='grc' dir='ltr'>σελήνης.</span> <span class='ocrx_word' id='word_1_235' title='bbox 2778 1918 2841 1969; x_wconf 81' lang='grc' dir='ltr'><strong>Οἱ</strong></span> <span class='ocrx_word' id='word_1_236' title='bbox 2879 1916 2938 1969; x_wconf 87' lang='grc' dir='ltr'><strong>δὲ</strong></span> <span class='ocrx_word' id='word_1_237' title='bbox 2975 1921 3227 1988; x_wconf 70' lang='grc' dir='ltr'>μουσικοὶ</span> <span class='ocrx_word' id='word_1_238' title='bbox 3268 1885 3742 1983; x_wconf 35' lang='lat' dir='ltr'><strong>senionem—:6;</strong></span> 
     </span>
    </p>
   </div>
   <div class='ocr_carea' id='block_1_36' title="bbox 466 1987 2051 2057">
    <p class='ocr_par' dir='ltr' id='par_1_36' title="bbox 466 1987 2051 2057">
     <span class='ocr_line' id='line_1_36' title="bbox 466 1987 2051 2057; baseline 0.006 -16"><span class='ocrx_word' id='word_1_239' title='bbox 466 1987 667 2057; x_wconf 84' lang='lat' dir='ltr'><strong>juncti,</strong></span> <span class='ocrx_word' id='word_1_240' title='bbox 701 1987 924 2044; x_wconf 89' lang='lat' dir='ltr'><strong>Saturni</strong></span> <span class='ocrx_word' id='word_1_241' title='bbox 969 1991 1182 2047; x_wconf 87' lang='lat' dir='ltr'><strong>stellam</strong></span> <span class='ocrx_word' id='word_1_242' title='bbox 1232 1994 1501 2049; x_wconf 89' lang='lat' dir='ltr'><strong>rationem</strong></span> <span class='ocrx_word' id='word_1_243' title='bbox 1551 1995 1801 2052; x_wconf 85' lang='lat' dir='ltr'><strong>obtinere</strong></span> <span class='ocrx_word' id='word_1_244' title='bbox 1829 1997 2051 2054; x_wconf 90' lang='lat' dir='ltr'><strong>harmo-</strong></span> 
     </span>
    </p>
   </div>
   <div class='ocr_carea' id='block_1_37' title="bbox 465 2080 2052 2150">
    <p class='ocr_par' dir='ltr' id='par_1_37' title="bbox 465 2080 2052 2150">
     <span class='ocr_line' id='line_1_37' title="bbox 465 2080 2052 2150; baseline 0.008 -17"><span class='ocrx_word' id='word_1_245' title='bbox 465 2080 607 2135; x_wconf 87' lang='lat' dir='ltr'><strong>nicae</strong></span> <span class='ocrx_word' id='word_1_246' title='bbox 645 2080 1001 2150; x_wconf 88' lang='lat' dir='ltr'><strong>disjunctam,</strong></span> <span class='ocrx_word' id='word_1_247' title='bbox 1029 2082 1151 2139; x_wconf 85' lang='lat' dir='ltr'><strong>Jovi</strong></span> <span class='ocrx_word' id='word_1_248' title='bbox 1183 2084 1432 2141; x_wconf 90' lang='lat' dir='ltr'><strong>ordinem</strong></span> <span class='ocrx_word' id='word_1_249' title='bbox 1461 2087 1712 2142; x_wconf 85' lang='lat' dir='ltr'><strong>tribuunt</strong></span> <span class='ocrx_word' id='word_1_250' title='bbox 1740 2088 1795 2142; x_wconf 89' lang='lat' dir='ltr'><strong>in</strong></span> <span class='ocrx_word' id='word_1_251' title='bbox 1821 2091 2052 2146; x_wconf 88' lang='lat' dir='ltr'><strong>musicis</strong></span> 
     </span>
    </p>
   </div>
   <div class='ocr_carea' id='block_1_38' title="bbox 463 2172 2049 2246">
    <p class='ocr_par' dir='ltr' id='par_1_38' title="bbox 463 2172 2049 2246">
     <span class='ocr_line' id='line_1_38' title="bbox 463 2172 2049 2246; baseline 0.005 -21"><span class='ocrx_word' id='word_1_252' title='bbox 463 2172 751 2243; x_wconf 86' lang='lat' dir='ltr'><strong>phthongi,</strong></span> <span class='ocrx_word' id='word_1_253' title='bbox 777 2188 939 2244; x_wconf 86' lang='lat' dir='ltr'><strong>quem</strong></span> <span class='ocrx_word' id='word_1_254' title='bbox 968 2173 1253 2231; x_wconf 88' lang='lat' dir='ltr'><strong>diatonum</strong></span> <span class='ocrx_word' id='word_1_255' title='bbox 1276 2175 1611 2246; x_wconf 75' lang='lat' dir='ltr'><strong>disiunctum</strong></span> <span class='ocrx_word' id='word_1_256' title='bbox 1635 2186 1857 2241; x_wconf 88' lang='lat' dir='ltr'><strong>vocant,</strong></span> <span class='ocrx_word' id='word_1_257' title='bbox 1891 2179 2049 2234; x_wconf 87' lang='lat' dir='ltr'><strong>Marti</strong></span> 
     </span>
    </p>
   </div>
   <div class='ocr_carea' id='block_1_39' title="bbox 461 2263 2049 2336">
    <p class='ocr_par' dir='ltr' id='par_1_39' title="bbox 461 2263 2049 2336">
     <span class='ocr_line' id='line_1_39' title="bbox 461 2263 2049 2336; baseline 0.004 -19"><span class='ocrx_word' id='word_1_258' title='bbox 461 2277 616 2326; x_wconf 79' lang='lat' dir='ltr'><strong>vero,</strong></span> <span class='ocrx_word' id='word_1_259' title='bbox 648 2263 790 2333; x_wconf 87' lang='lat' dir='ltr'><strong>ejus,</strong></span> <span class='ocrx_word' id='word_1_260' title='bbox 820 2279 982 2334; x_wconf 91' lang='lat' dir='ltr'><strong>quem</strong></span> <span class='ocrx_word' id='word_1_261' title='bbox 1015 2280 1342 2336; x_wconf 86' lang='lat' dir='ltr'><strong>parameson</strong></span> <span class='ocrx_word' id='word_1_262' title='bbox 1371 2267 1677 2323; x_wconf 88' lang='lat' dir='ltr'><strong>nominant.</strong></span> <span class='ocrx_word' id='word_1_263' title='bbox 1708 2268 1800 2323; x_wconf 91' lang='lat' dir='ltr'><strong>Sic</strong></span> <span class='ocrx_word' id='word_1_264' title='bbox 1836 2267 2049 2324; x_wconf 88' lang='lat' dir='ltr'><strong>Mercu-</strong></span> 
     </span>
    </p>
   </div>
   <div class='ocr_carea' id='block_1_40' title="bbox 459 2353 2044 2430">
    <p class='ocr_par' dir='ltr' id='par_1_40' title="bbox 459 2353 2044 2430">
     <span class='ocr_line' id='line_1_40' title="bbox 459 2353 2044 2430; baseline 0.005 -23"><span class='ocrx_word' id='word_1_265' title='bbox 459 2353 578 2409; x_wconf 87' lang='lat' dir='ltr'><strong>rius</strong></span> <span class='ocrx_word' id='word_1_266' title='bbox 629 2355 686 2408; x_wconf 88' lang='lat' dir='ltr'><strong>in</strong></span> <span class='ocrx_word' id='word_1_267' title='bbox 733 2355 926 2412; x_wconf 89' lang='lat' dir='ltr'><strong>eadem</strong></span> <span class='ocrx_word' id='word_1_268' title='bbox 982 2358 1192 2413; x_wconf 91' lang='lat' dir='ltr'><strong>musica</strong></span> <span class='ocrx_word' id='word_1_269' title='bbox 1241 2359 1578 2430; x_wconf 88' lang='lat' dir='ltr'><strong>phthongum</strong></span> <span class='ocrx_word' id='word_1_270' title='bbox 1624 2360 1726 2415; x_wconf 90' lang='lat' dir='ltr'><strong>sibi</strong></span> <span class='ocrx_word' id='word_1_271' title='bbox 1783 2359 2044 2426; x_wconf 89' lang='lat' dir='ltr'><strong>vindicat,</strong></span> 
     </span>
    </p>
   </div>
   <div class='ocr_carea' id='block_1_41' title="bbox 455 2447 2043 2517">
    <p class='ocr_par' dir='ltr' id='par_1_41' title="bbox 455 2447 2043 2517">
     <span class='ocr_line' id='line_1_41' title="bbox 455 2447 2043 2517; baseline 0.005 -18"><span class='ocrx_word' id='word_1_272' title='bbox 455 2447 554 2517; x_wconf 91' lang='lat' dir='ltr'><strong>qui</strong></span> <span class='ocrx_word' id='word_1_273' title='bbox 615 2463 793 2504; x_wconf 90' lang='lat' dir='ltr'><strong>meses</strong></span> <span class='ocrx_word' id='word_1_274' title='bbox 843 2461 1091 2505; x_wconf 86' lang='lat' dir='ltr'><strong>vocatur.</strong></span> <span class='ocrx_word' id='word_1_275' title='bbox 1142 2451 1278 2504; x_wconf 85' lang='lat' dir='ltr'><strong>Nam</strong></span> <span class='ocrx_word' id='word_1_276' title='bbox 1313 2449 1541 2507; x_wconf 79' lang='lat' dir='ltr'><strong>Veneris</strong></span> <span class='ocrx_word' id='word_1_277' title='bbox 1600 2453 1757 2507; x_wconf 88' lang='lat' dir='ltr'><strong>stella</strong></span> <span class='ocrx_word' id='word_1_278' title='bbox 1805 2451 2043 2507; x_wconf 90' lang='lat' dir='ltr'><strong>medium</strong></span> 
     </span>
    </p>
   </div>
   <div class='ocr_carea' id='block_1_42' title="bbox 456 2538 2040 2614">
    <p class='ocr_par' dir='ltr' id='par_1_42' title="bbox 456 2538 2040 2614">
     <span class='ocr_line' id='line_1_42' title="bbox 456 2538 2040 2614; baseline 0.005 -22"><span class='ocrx_word' id='word_1_279' title='bbox 456 2538 721 2594; x_wconf 88' lang='lat' dir='ltr'><strong>diatonon</strong></span> <span class='ocrx_word' id='word_1_280' title='bbox 752 2547 921 2597; x_wconf 86' lang='lat' dir='ltr'><strong>tenet.</strong></span> <span class='ocrx_word' id='word_1_281' title='bbox 965 2541 1060 2598; x_wconf 90' lang='lat' dir='ltr'><strong>Sol</strong></span> <span class='ocrx_word' id='word_1_282' title='bbox 1105 2543 1210 2599; x_wconf 90' lang='lat' dir='ltr'><strong>nisi</strong></span> <span class='ocrx_word' id='word_1_283' title='bbox 1242 2551 1474 2614; x_wconf 88' lang='lat' dir='ltr'><strong>quartus</strong></span> <span class='ocrx_word' id='word_1_284' title='bbox 1511 2550 1617 2609; x_wconf 91' lang='lat' dir='ltr'><strong>est,</strong></span> <span class='ocrx_word' id='word_1_285' title='bbox 1670 2545 1766 2600; x_wconf 88' lang='lat' dir='ltr'><strong>sed</strong></span> <span class='ocrx_word' id='word_1_286' title='bbox 1813 2552 2040 2614; x_wconf 84' lang='lat' dir='ltr'><strong>sextus;</strong></span> 
     </span>
    </p>
   </div>
   <div class='ocr_carea' id='block_1_43' title="bbox 455 2630 2036 2708">
    <p class='ocr_par' dir='ltr' id='par_1_43' title="bbox 455 2630 2036 2708">
     <span class='ocr_line' id='line_1_43' title="bbox 455 2630 2036 2708; baseline 0.006 -24"><span class='ocrx_word' id='word_1_287' title='bbox 455 2630 623 2687; x_wconf 89' lang='lat' dir='ltr'><strong>medii</strong></span> <span class='ocrx_word' id='word_1_288' title='bbox 664 2632 870 2688; x_wconf 84' lang='lat' dir='ltr'><strong>lichani</strong></span> <span class='ocrx_word' id='word_1_289' title='bbox 922 2635 1099 2691; x_wconf 89' lang='lat' dir='ltr'><strong>instar</strong></span> <span class='ocrx_word' id='word_1_290' title='bbox 1136 2637 1260 2693; x_wconf 90' lang='lat' dir='ltr'><strong>erit.</strong></span> <span class='ocrx_word' id='word_1_291' title='bbox 1294 2635 1470 2700; x_wconf 90' lang='lat' dir='ltr'><strong>Luna,</strong></span> <span class='ocrx_word' id='word_1_292' title='bbox 1504 2637 1629 2708; x_wconf 71' lang='lat' dir='ltr'><strong>quae</strong></span> <span class='ocrx_word' id='word_1_293' title='bbox 1671 2638 1904 2706; x_wconf 85' lang='lat' dir='ltr'><strong>septima</strong></span> <span class='ocrx_word' id='word_1_294' title='bbox 1931 2644 2036 2702; x_wconf 85' lang='lat' dir='ltr'><strong>est,</strong></span> 
     </span>
    </p>
   </div>
   <div class='ocr_carea' id='block_1_44' title="bbox 455 2722 2042 2799">
    <p class='ocr_par' dir='ltr' id='par_1_44' title="bbox 455 2722 2042 2799">
     <span class='ocr_line' id='line_1_44' title="bbox 455 2722 2042 2799; baseline 0.004 -24"><span class='ocrx_word' id='word_1_295' title='bbox 455 2722 721 2794; x_wconf 87' lang='lat' dir='ltr'><strong>phthongi</strong></span> <span class='ocrx_word' id='word_1_296' title='bbox 749 2723 896 2780; x_wconf 90' lang='lat' dir='ltr'><strong>illius</strong></span> <span class='ocrx_word' id='word_1_297' title='bbox 921 2725 1172 2782; x_wconf 90' lang='lat' dir='ltr'><strong>ordinem</strong></span> <span class='ocrx_word' id='word_1_298' title='bbox 1206 2734 1376 2794; x_wconf 89' lang='lat' dir='ltr'><strong>tenet,</strong></span> <span class='ocrx_word' id='word_1_299' title='bbox 1404 2728 1498 2798; x_wconf 90' lang='lat' dir='ltr'><strong>qui</strong></span> <span class='ocrx_word' id='word_1_300' title='bbox 1543 2735 1628 2783; x_wconf 88' lang='lat' dir='ltr'><strong>est</strong></span> <span class='ocrx_word' id='word_1_301' title='bbox 1669 2729 1896 2799; x_wconf 88' lang='lat' dir='ltr'><strong>bypates</strong></span> <span class='ocrx_word' id='word_1_302' title='bbox 1927 2743 2042 2782; x_wconf 90' lang='lat' dir='ltr'><strong>me-</strong></span> 
     </span>
    </p>
   </div>
   <div class='ocr_carea' id='block_1_45' title="bbox 454 2815 2039 2890">
    <p class='ocr_par' dir='ltr' id='par_1_45' title="bbox 454 2815 2039 2890">
     <span class='ocr_line' id='line_1_45' title="bbox 454 2815 2039 2890; baseline 0.001 -21"><span class='ocrx_word' id='word_1_303' title='bbox 454 2815 982 2883; x_wconf 73' lang='lat' dir='ltr'><strong>diaeJntervallum,</strong></span> <span class='ocrx_word' id='word_1_304' title='bbox 1013 2817 1161 2890; x_wconf 84' lang='lat' dir='ltr'><strong>quod</strong></span> <span class='ocrx_word' id='word_1_305' title='bbox 1210 2818 1278 2874; x_wconf 87' lang='lat' dir='ltr'><strong>ad</strong></span> <span class='ocrx_word' id='word_1_306' title='bbox 1319 2835 1495 2890; x_wconf 91' lang='lat' dir='ltr'><strong>usque</strong></span> <span class='ocrx_word' id='word_1_307' title='bbox 1546 2820 1731 2874; x_wconf 90' lang='lat' dir='ltr'><strong>lunam</strong></span> <span class='ocrx_word' id='word_1_308' title='bbox 1781 2819 2039 2890; x_wconf 86' lang='lat' dir='ltr'><strong>pertinet,</strong></span> 
     </span>
    </p>
   </div>
   <div class='ocr_carea' id='block_1_46' title="bbox 451 2909 2040 2984">
    <p class='ocr_par' dir='ltr' id='par_1_46' title="bbox 451 2909 2040 2984">
     <span class='ocr_line' id='line_1_46' title="bbox 451 2909 2040 2984; baseline 0.002 -21"><span class='ocrx_word' id='word_1_309' title='bbox 451 2910 675 2979; x_wconf 88' lang='lat' dir='ltr'><strong>quidam</strong></span> <span class='ocrx_word' id='word_1_310' title='bbox 717 2911 1024 2966; x_wconf 90' lang='lat' dir='ltr'><strong>attribuunt</strong></span> <span class='ocrx_word' id='word_1_311' title='bbox 1067 2911 1118 2967; x_wconf 90' lang='lat' dir='ltr'><strong>ei</strong></span> <span class='ocrx_word' id='word_1_312' title='bbox 1152 2911 1452 2984; x_wconf 89' lang='lat' dir='ltr'><strong>phtbongo,</strong></span> <span class='ocrx_word' id='word_1_313' title='bbox 1497 2927 1661 2982; x_wconf 89' lang='lat' dir='ltr'><strong>quem</strong></span> <span class='ocrx_word' id='word_1_314' title='bbox 1709 2911 1764 2966; x_wconf 90' lang='lat' dir='ltr'><strong>in</strong></span> <span class='ocrx_word' id='word_1_315' title='bbox 1812 2909 2040 2966; x_wconf 89' lang='lat' dir='ltr'><strong>musicis</strong></span> 
     </span>
    </p>
   </div>
   <div class='ocr_carea' id='block_1_47' title="bbox 450 3001 1330 3075">
    <p class='ocr_par' dir='ltr' id='par_1_47' title="bbox 450 3001 1330 3075">
     <span class='ocr_line' id='line_1_47' title="bbox 450 3001 1330 3075; baseline 0.005 -21"><span class='ocrx_word' id='word_1_316' title='bbox 450 3001 696 3072; x_wconf 86' lang='lat' dir='ltr'><strong>hypaton.</strong></span> <span class='ocrx_word' id='word_1_317' title='bbox 720 3003 1006 3058; x_wconf 89' lang='lat' dir='ltr'><strong>diatonum</strong></span> <span class='ocrx_word' id='word_1_318' title='bbox 1034 3005 1330 3075; x_wconf 89' lang='lat' dir='ltr'><strong>appellant.</strong></span> 
     </span>
    </p>
   </div>
   <div class='ocr_carea' id='block_1_48' title="bbox 2159 2001 3741 2089">
    <p class='ocr_par' dir='ltr' id='par_1_48' title="bbox 2159 2001 3741 2089">
     <span class='ocr_line' id='line_1_48' title="bbox 2159 2001 3741 2089; baseline 0.015 -38"><span class='ocrx_word' id='word_1_319' title='bbox 2159 2001 2421 2064; x_wconf 80' lang='grc' dir='ltr'><strong>ζωδιακὸν</strong></span> <span class='ocrx_word' id='word_1_320' title='bbox 2454 2003 2650 2058; x_wconf 85' lang='grc' dir='ltr'>κύκλον</span> <span class='ocrx_word' id='word_1_321' title='bbox 2681 2005 2756 2069; x_wconf 86' lang='grc' dir='ltr'>ὡς</span> <span class='ocrx_word' id='word_1_322' title='bbox 2790 2009 2847 2060; x_wconf 82' lang='grc' dir='ltr'>ὲν</span> <span class='ocrx_word' id='word_1_323' title='bbox 2877 2009 3115 2082; x_wconf 77' lang='grc' dir='ltr'>ἁρμονίᾳ</span> <span class='ocrx_word' id='word_1_324' title='bbox 3143 2011 3296 2079; x_wconf 81' lang='grc' dir='ltr'>τάξιν</span> <span class='ocrx_word' id='word_1_325' title='bbox 3323 2015 3466 2087; x_wconf 77' lang='grc' dir='ltr'>ἔχειν</span> <span class='ocrx_word' id='word_1_326' title='bbox 3502 2019 3741 2089; x_wconf 85' lang='grc' dir='ltr'>φθόγγου</span> 
     </span>
    </p>
   </div>
   <div class='ocr_carea' id='block_1_49' title="bbox 2156 2091 3744 2184">
    <p class='ocr_par' dir='ltr' id='par_1_49' title="bbox 2156 2091 3744 2184">
     <span class='ocr_line' id='line_1_49' title="bbox 2156 2091 3744 2184; baseline 0.016 -41"><span class='ocrx_word' id='word_1_327' title='bbox 2156 2091 2249 2144; x_wconf 91' lang='grc' dir='ltr'><strong>τοῦ</strong></span> <span class='ocrx_word' id='word_1_328' title='bbox 2284 2093 2382 2164; x_wconf 87' lang='grc' dir='ltr'><strong>τῆς</strong></span> <span class='ocrx_word' id='word_1_329' title='bbox 2411 2099 2768 2168; x_wconf 84' lang='grc' dir='ltr'>χρωματικῆς</span> <span class='ocrx_word' id='word_1_330' title='bbox 2804 2100 3183 2174; x_wconf 81' lang='grc' dir='ltr'>διεζευγμένου</span> <span class='ocrx_word' id='word_1_331' title='bbox 3203 2121 3216 2137; x_wconf 92' lang='grc'><strong>·</strong></span> <span class='ocrx_word' id='word_1_332' title='bbox 3253 2107 3347 2162; x_wconf 80' lang='grc' dir='ltr'><strong>τὸν</strong></span> <span class='ocrx_word' id='word_1_333' title='bbox 3392 2109 3448 2162; x_wconf 87' lang='grc' dir='ltr'><strong>δὲ</strong></span> <span class='ocrx_word' id='word_1_334' title='bbox 3479 2112 3574 2165; x_wconf 90' lang='grc' dir='ltr'><strong>τοῦ</strong></span> <span class='ocrx_word' id='word_1_335' title='bbox 3605 2114 3744 2184; x_wconf 86' lang='grc' dir='ltr'>Κρό-</span> 
     </span>
    </p>
   </div>
   <div class='ocr_carea' id='block_1_50' title="bbox 2155 2185 3735 2274">
    <p class='ocr_par' dir='ltr' id='par_1_50' title="bbox 2155 2185 3735 2274">
     <span class='ocr_line' id='line_1_50' title="bbox 2155 2185 3735 2274; baseline 0.014 -40"><span class='ocrx_word' id='word_1_336' title='bbox 2155 2199 2246 2235; x_wconf 91' lang='grc' dir='ltr'><strong>νου</strong></span> <span class='ocrx_word' id='word_1_337' title='bbox 2272 2185 2489 2256; x_wconf 79' lang='grc' dir='ltr'>ἐπέχειν</span> <span class='ocrx_word' id='word_1_338' title='bbox 2513 2187 2670 2255; x_wconf 87' lang='grc' dir='ltr'>λόγον</span> <span class='ocrx_word' id='word_1_339' title='bbox 2705 2189 2802 2260; x_wconf 82' lang='grc' dir='ltr'>τῆς</span> <span class='ocrx_word' id='word_1_340' title='bbox 2839 2192 3160 2263; x_wconf 75' lang='grc' dir='ltr'>ἐναρμονίου</span> <span class='ocrx_word' id='word_1_341' title='bbox 3202 2197 3291 2250; x_wconf 79' lang='grc' dir='ltr'><strong>τὸν</strong></span> <span class='ocrx_word' id='word_1_342' title='bbox 3337 2197 3735 2274; x_wconf 84' lang='grc' dir='ltr'>διεζευγμένον·</span> 
     </span>
    </p>
   </div>
   <div class='ocr_carea' id='block_1_51' title="bbox 2153 2275 3735 2364">
    <p class='ocr_par' dir='ltr' id='par_1_51' title="bbox 2153 2275 3735 2364">
     <span class='ocr_line' id='line_1_51' title="bbox 2153 2275 3735 2364; baseline 0.014 -37"><span class='ocrx_word' id='word_1_343' title='bbox 2153 2276 2180 2328; x_wconf 91' lang='lat'><strong>6</strong></span> <span class='ocrx_word' id='word_1_344' title='bbox 2221 2275 2278 2329; x_wconf 85' lang='grc' dir='ltr'>δὲ</span> <span class='ocrx_word' id='word_1_345' title='bbox 2331 2276 2426 2330; x_wconf 90' lang='grc' dir='ltr'><strong>τοῦ</strong></span> <span class='ocrx_word' id='word_1_346' title='bbox 2471 2278 2593 2342; x_wconf 84' lang='grc' dir='ltr'>Διὸς</span> <span class='ocrx_word' id='word_1_347' title='bbox 2652 2279 2804 2345; x_wconf 80' lang='grc' dir='ltr'>τάξιν</span> <span class='ocrx_word' id='word_1_348' title='bbox 2845 2282 2989 2353; x_wconf 77' lang='grc' dir='ltr'>ἔχειν</span> <span class='ocrx_word' id='word_1_349' title='bbox 3039 2287 3084 2318; x_wconf 81' lang='grc'><em>³³</em></span> <span class='ocrx_word' id='word_1_350' title='bbox 3113 2289 3172 2340; x_wconf 80' lang='grc' dir='ltr'>ὲν</span> <span class='ocrx_word' id='word_1_351' title='bbox 3201 2294 3433 2362; x_wconf 82' lang='grc' dir='ltr'>μουσικῇ</span> <span class='ocrx_word' id='word_1_352' title='bbox 3498 2294 3735 2364; x_wconf 86' lang='grc' dir='ltr'>φθόγγου</span> 
     </span>
    </p>
   </div>
   <div class='ocr_carea' id='block_1_52' title="bbox 2151 2367 3731 2451">
    <p class='ocr_par' dir='ltr' id='par_1_52' title="bbox 2151 2367 3731 2451">
     <span class='ocr_line' id='line_1_52' title="bbox 2151 2367 3731 2451; baseline 0.014 -32"><span class='ocrx_word' id='word_1_353' title='bbox 2151 2367 2244 2419; x_wconf 81' lang='grc' dir='ltr'><strong>τοῦ</strong></span> <span class='ocrx_word' id='word_1_354' title='bbox 2300 2369 2927 2440; x_wconf 87' lang='grc' dir='ltr'>καλουμένου-διατόνου</span> <span class='ocrx_word' id='word_1_355' title='bbox 2979 2376 3385 2451; x_wconf 84' lang='grc' dir='ltr'>διεζευγμένου.</span> <span class='ocrx_word' id='word_1_356' title='bbox 3455 2384 3513 2438; x_wconf 84' lang='grc' dir='ltr'>Ὀ</span> <span class='ocrx_word' id='word_1_357' title='bbox 3550 2385 3608 2439; x_wconf 82' lang='grc' dir='ltr'>δὲ</span> <span class='ocrx_word' id='word_1_358' title='bbox 3637 2389 3731 2441; x_wconf 83' lang='grc' dir='ltr'><strong>τοῦ</strong></span> 
     </span>
    </p>
   </div>
   <div class='ocr_carea' id='block_1_53' title="bbox 2153 2461 3735 2549">
    <p class='ocr_par' dir='ltr' id='par_1_53' title="bbox 2153 2461 3735 2549">
     <span class='ocr_line' id='line_1_53' title="bbox 2153 2461 3735 2549; baseline 0.015 -38"><span class='ocrx_word' id='word_1_359' title='bbox 2153 2461 2363 2530; x_wconf 78' lang='grc' dir='ltr'>’Λρεως</span> <span class='ocrx_word' id='word_1_360' title='bbox 2404 2462 2558 2527; x_wconf 83' lang='grc' dir='ltr'>τάξιν</span> <span class='ocrx_word' id='word_1_361' title='bbox 2597 2463 2708 2535; x_wconf 74' lang='grc' dir='ltr'>ἔχει</span> <span class='ocrx_word' id='word_1_362' title='bbox 2757 2466 2994 2537; x_wconf 87' lang='grc' dir='ltr'>φθόγγου</span> <span class='ocrx_word' id='word_1_363' title='bbox 3037 2470 3132 2523; x_wconf 90' lang='grc' dir='ltr'><strong>τοῦ</strong></span> <span class='ocrx_word' id='word_1_364' title='bbox 3179 2473 3512 2545; x_wconf 88' lang='grc' dir='ltr'>καλουμένου</span> <span class='ocrx_word' id='word_1_365' title='bbox 3559 2497 3735 2549; x_wconf 51' lang='grc' dir='ltr'>παρα*</span> 
     </span>
    </p>
   </div>
   <div class='ocr_carea' id='block_1_54' title="bbox 2152 2553 3734 2644">
    <p class='ocr_par' dir='ltr' id='par_1_54' title="bbox 2152 2553 3734 2644">
     <span class='ocr_line' id='line_1_54' title="bbox 2152 2553 3734 2644; baseline 0.015 -40"><span class='ocrx_word' id='word_1_366' title='bbox 2152 2553 2335 2623; x_wconf 86' lang='grc' dir='ltr'>μέσου.</span> <span class='ocrx_word' id='word_1_367' title='bbox 2383 2555 2439 2608; x_wconf 92' lang='grc' dir='ltr'>Ὀ</span> <span class='ocrx_word' id='word_1_368' title='bbox 2463 2555 2518 2609; x_wconf 89' lang='grc' dir='ltr'>δὲ</span> <span class='ocrx_word' id='word_1_369' title='bbox 2556 2557 2649 2610; x_wconf 91' lang='grc' dir='ltr'><strong>τοῦ</strong></span> <span class='ocrx_word' id='word_1_370' title='bbox 2683 2558 2884 2630; x_wconf 83' lang='grc' dir='ltr'>Ἑρμοῦ</span> <span class='ocrx_word' id='word_1_371' title='bbox 2916 2561 3069 2628; x_wconf 74' lang='grc' dir='ltr'>τάξιν</span> <span class='ocrx_word' id='word_1_372' title='bbox 3092 2563 3278 2635; x_wconf 74' lang='grc' dir='ltr'>ἐπέχει</span> <span class='ocrx_word' id='word_1_373' title='bbox 3304 2567 3544 2638; x_wconf 79' lang='grc' dir='ltr'>φθόγγου</span> <span class='ocrx_word' id='word_1_374' title='bbox 3584 2575 3734 2644; x_wconf 81' lang='grc' dir='ltr'>παρὰ</span> 
     </span>
    </p>
   </div>
   <div class='ocr_carea' id='block_1_55' title="bbox 2150 2643 3732 2730">
    <p class='ocr_par' dir='ltr' id='par_1_55' title="bbox 2150 2643 3732 2730">
     <span class='ocr_line' id='line_1_55' title="bbox 2150 2643 3732 2730; baseline 0.017 -40"><span class='ocrx_word' id='word_1_375' title='bbox 2150 2643 2428 2730; x_wconf 80' lang='grc' dir='ltr'>μουσικοῖς</span> <span class='ocrx_word' id='word_1_376' title='bbox 2471 2644 2569 2714; x_wconf 84' lang='grc' dir='ltr'>τῆς</span> <span class='ocrx_word' id='word_1_377' title='bbox 2607 2646 2801 2716; x_wconf 89' lang='grc' dir='ltr'>μέσης.</span> <span class='ocrx_word' id='word_1_378' title='bbox 2867 2648 2924 2700; x_wconf 92' lang='grc' dir='ltr'>Ὁ</span> <span class='ocrx_word' id='word_1_379' title='bbox 2967 2650 3025 2703; x_wconf 84' lang='grc' dir='ltr'>δὲ</span> <span class='ocrx_word' id='word_1_380' title='bbox 3069 2653 3170 2722; x_wconf 82' lang='grc' dir='ltr'>τῆς</span> <span class='ocrx_word' id='word_1_381' title='bbox 3220 2655 3539 2730; x_wconf 87' lang='grc' dir='ltr'>Ἀφροδίτης</span> <span class='ocrx_word' id='word_1_382' title='bbox 3582 2643 3732 2726; x_wconf 79' lang='grc' dir='ltr'>τάξιν</span> 
     </span>
    </p>
   </div>
   <div class='ocr_carea' id='block_1_56' title="bbox 2148 2729 3728 2824">
    <p class='ocr_par' dir='ltr' id='par_1_56' title="bbox 2148 2729 3728 2824">
     <span class='ocr_line' id='line_1_56' title="bbox 2148 2729 3728 2824; baseline 0.017 -43"><span class='ocrx_word' id='word_1_383' title='bbox 2148 2729 2261 2800; x_wconf 79' lang='grc' dir='ltr'>ἔχει</span> <span class='ocrx_word' id='word_1_384' title='bbox 2295 2731 2536 2801; x_wconf 83' lang='grc' dir='ltr'>φθόγγου</span> <span class='ocrx_word' id='word_1_385' title='bbox 2577 2734 2871 2808; x_wconf 78' lang='grc' dir='ltr'>λεγομένου</span> <span class='ocrx_word' id='word_1_386' title='bbox 2895 2740 3060 2810; x_wconf 84' lang='grc' dir='ltr'>μέσου</span> <span class='ocrx_word' id='word_1_387' title='bbox 3083 2744 3348 2804; x_wconf 88' lang='grc' dir='ltr'>διατόνου.</span> <span class='ocrx_word' id='word_1_388' title='bbox 3387 2749 3444 2802; x_wconf 89' lang='grc' dir='ltr'>Ὁ</span> <span class='ocrx_word' id='word_1_389' title='bbox 3471 2729 3528 2803; x_wconf 87' lang='grc' dir='ltr'>δὲ</span> <span class='ocrx_word' id='word_1_390' title='bbox 3560 2753 3728 2824; x_wconf 78' lang='grc' dir='ltr'>ἥλιος,</span> 
     </span>
    </p>
   </div>
   <div class='ocr_carea' id='block_1_57' title="bbox 2147 2822 3732 2909">
    <p class='ocr_par' dir='ltr' id='par_1_57' title="bbox 2147 2822 3732 2909">
     <span class='ocr_line' id='line_1_57' title="bbox 2147 2822 3732 2909; baseline 0.017 -36"><span class='ocrx_word' id='word_1_391' title='bbox 2147 2822 2243 2876; x_wconf 72' lang='grc' dir='ltr'><strong>ἐὰν</strong></span> <span class='ocrx_word' id='word_1_392' title='bbox 2278 2822 2353 2894; x_wconf 85' lang='grc' dir='ltr'>μὴ</span> <span class='ocrx_word' id='word_1_393' title='bbox 2377 2824 2656 2896; x_wconf 85' lang='grc' dir='ltr'>τέταρτος,</span> <span class='ocrx_word' id='word_1_394' title='bbox 2683 2828 2821 2884; x_wconf 85' lang='grc' dir='ltr'>ἀλλὰ</span> <span class='ocrx_word' id='word_1_395' title='bbox 2866 2832 3025 2896; x_wconf 75' lang='grc' dir='ltr'>ἕκτος</span> <span class='ocrx_word' id='word_1_396' title='bbox 3055 2835 3206 2908; x_wconf 85' lang='grc' dir='ltr'>δοθῇ,</span> <span class='ocrx_word' id='word_1_397' title='bbox 3243 2838 3395 2894; x_wconf 75' lang='grc' dir='ltr'>ἔσται</span> <span class='ocrx_word' id='word_1_398' title='bbox 3447 2822 3602 2909; x_wconf 82' lang='grc' dir='ltr'>τάξιν</span> <span class='ocrx_word' id='word_1_399' title='bbox 3634 2848 3732 2900; x_wconf 83' lang='grc' dir='ltr'>ἐπ·-</span> 
     </span>
    </p>
   </div>
   <div class='ocr_carea' id='block_1_58' title="bbox 2145 2911 3729 3004">
    <p class='ocr_par' dir='ltr' id='par_1_58' title="bbox 2145 2911 3729 3004">
     <span class='ocr_line' id='line_1_58' title="bbox 2145 2911 3729 3004; baseline 0.019 -41"><span class='ocrx_word' id='word_1_400' title='bbox 2145 2911 2284 3004; x_wconf 82' lang='grc' dir='ltr'>έχων</span> <span class='ocrx_word' id='word_1_401' title='bbox 2309 2915 2475 3004; x_wconf 83' lang='grc' dir='ltr'>μέσου</span> <span class='ocrx_word' id='word_1_402' title='bbox 2499 2917 2740 2988; x_wconf 85' lang='grc' dir='ltr'>λιχανοῦ.</span> <span class='ocrx_word' id='word_1_403' title='bbox 2779 2923 2844 2976; x_wconf 89' lang='grc' dir='ltr'><strong>Ἦ</strong></span> <span class='ocrx_word' id='word_1_404' title='bbox 2863 2924 2921 2978; x_wconf 86' lang='grc' dir='ltr'>δὲ</span> <span class='ocrx_word' id='word_1_405' title='bbox 2945 2925 3162 2998; x_wconf 85' lang='grc' dir='ltr'>σελήνη,</span> <span class='ocrx_word' id='word_1_406' title='bbox 3190 2929 3390 3004; x_wconf 78' lang='grc' dir='ltr'>ἑϐδόμη</span> <span class='ocrx_word' id='word_1_407' title='bbox 3405 2929 3559 2999; x_wconf 80' lang='grc' dir='ltr'>οὖσα,</span> <span class='ocrx_word' id='word_1_408' title='bbox 3576 2937 3729 3002; x_wconf 78' lang='grc' dir='ltr'>τάξιν</span> 
     </span>
    </p>
   </div>
   <div class='ocr_carea' id='block_1_59' title="bbox 2143 3001 3728 3094">
    <p class='ocr_par' dir='ltr' id='par_1_59' title="bbox 2143 3001 3728 3094">
     <span class='ocr_line' id='line_1_59' title="bbox 2143 3001 3728 3094; baseline 0.018 -41"><span class='ocrx_word' id='word_1_409' title='bbox 2143 3001 2332 3094; x_wconf 60' lang='grc' dir='ltr'>έπέχει</span> <span class='ocrx_word' id='word_1_410' title='bbox 2373 3003 2613 3076; x_wconf 88' lang='grc' dir='ltr'>φθόγγου</span> <span class='ocrx_word' id='word_1_411' title='bbox 2671 3009 2767 3064; x_wconf 90' lang='grc' dir='ltr'><strong>τοῦ</strong></span> <span class='ocrx_word' id='word_1_412' title='bbox 2801 3011 3092 3085; x_wconf 85' lang='grc' dir='ltr'>λεγομένου</span> <span class='ocrx_word' id='word_1_413' title='bbox 3137 3001 3350 3091; x_wconf 82' lang='grc' dir='ltr'>ὑπάτης</span> <span class='ocrx_word' id='word_1_414' title='bbox 3380 3001 3590 3094; x_wconf 74' lang='grc' dir='ltr'>μέσης.</span> <span class='ocrx_word' id='word_1_415' title='bbox 3654 3001 3728 3082; x_wconf 72' lang='grc' dir='ltr'>Τὸ</span> 
     </span>
    </p>
   </div>
   <div class='ocr_carea' id='block_1_60' title="bbox 448 3087 3715 3186">
    <p class='ocr_par' dir='ltr' id='par_1_60' title="bbox 448 3087 3715 3186">
     <span class='ocr_line' id='line_1_60' title="bbox 448 3087 3715 3186; baseline 0.009 -41"><span class='ocrx_word' id='word_1_416' title='bbox 448 3093 506 3146; x_wconf 81' lang='grc' dir='ltr'>δὲ</span> <span class='ocrx_word' id='word_1_417' title='bbox 529 3094 636 3147; x_wconf 81' lang='grc' dir='ltr'><strong>άπὸ</strong></span> <span class='ocrx_word' id='word_1_418' title='bbox 687 3094 791 3165; x_wconf 86' lang='grc' dir='ltr'>γῆς</span> <span class='ocrx_word' id='word_1_419' title='bbox 829 3095 1108 3166; x_wconf 86' lang='grc' dir='ltr'>διάστημα</span> <span class='ocrx_word' id='word_1_420' title='bbox 1167 3096 1330 3168; x_wconf 87' lang='grc' dir='ltr'>μέχρι</span> <span class='ocrx_word' id='word_1_421' title='bbox 1390 3097 1488 3168; x_wconf 85' lang='grc' dir='ltr'>τῆς</span> <span class='ocrx_word' id='word_1_422' title='bbox 1549 3098 1795 3168; x_wconf 76' lang='grc' dir='ltr'>σελήνης,</span> <span class='ocrx_word' id='word_1_423' title='bbox 1831 3095 2078 3149; x_wconf 86' lang='grc' dir='ltr'>θέλουσιν</span> <span class='ocrx_word' id='word_1_424' title='bbox 2117 3087 2258 3146; x_wconf 86' lang='grc' dir='ltr'>εἷναί</span> <span class='ocrx_word' id='word_1_425' title='bbox 2308 3111 2457 3161; x_wconf 88' lang='grc' dir='ltr'>τινες</span> <span class='ocrx_word' id='word_1_426' title='bbox 2497 3099 2608 3153; x_wconf 83' lang='grc' dir='ltr'>ἀπὸ</span> <span class='ocrx_word' id='word_1_427' title='bbox 2632 3101 2874 3180; x_wconf 87' lang='grc' dir='ltr'>φθόγγου</span> <span class='ocrx_word' id='word_1_428' title='bbox 2923 3105 3018 3159; x_wconf 90' lang='grc' dir='ltr'><strong>τοῦ</strong></span> <span class='ocrx_word' id='word_1_429' title='bbox 3067 3109 3219 3180; x_wconf 82' lang='grc' dir='ltr'>παρὰ</span> <span class='ocrx_word' id='word_1_430' title='bbox 3274 3087 3415 3178; x_wconf 39' lang='grc' dir='ltr'>τοῖς-</span> <span class='ocrx_word' id='word_1_431' title='bbox 3439 3087 3715 3186; x_wconf 73' lang='grc' dir='ltr'>μούσικοῖι,</span> 
     </span>
    </p>
   </div>
   <div class='ocr_carea' id='block_1_61' title="bbox 449 3188 963 3246">
    <p class='ocr_par' dir='ltr' id='par_1_61' title="bbox 449 3188 963 3246">
     <span class='ocr_line' id='line_1_61' title="bbox 449 3188 963 3246; baseline 0.004 -2"><span class='ocrx_word' id='word_1_432' title='bbox 449 3188 673 3244; x_wconf 82' lang='grc' dir='ltr'>ὗπάτων</span> <span class='ocrx_word' id='word_1_433' title='bbox 698 3190 963 3246; x_wconf 91' lang='grc' dir='ltr'>διατόνου.</span> 
     </span>
    </p>
   </div>
   <div class='ocr_carea' id='block_1_62' title="bbox 446 3300 2039 3390">
    <p class='ocr_par' dir='ltr' id='par_1_62' title="bbox 446 3300 2029 3390">
     <span class='ocr_line' id='line_1_62' title="bbox 446 3300 2029 3390; baseline 0.002 -36"><span class='ocrx_word' id='word_1_434' title='bbox 446 3301 554 3373; x_wconf 75' lang='lat'><strong>81</strong></span> <span class='ocrx_word' id='word_1_435' title='bbox 601 3300 678 3355; x_wconf 89' lang='lat' dir='ltr'><strong>De</strong></span> <span class='ocrx_word' id='word_1_436' title='bbox 708 3318 768 3382; x_wconf 70' lang='lat' dir='ltr'><strong>eo</strong></span> <span class='ocrx_word' id='word_1_437' title='bbox 793 3319 952 3390; x_wconf 57' lang='lat' dir='ltr'><strong>anno,</strong></span> <span class='ocrx_word' id='word_1_438' title='bbox 989 3304 1077 3390; x_wconf 68' lang='lat' dir='ltr'><strong>qui</strong></span> <span class='ocrx_word' id='word_1_439' title='bbox 1106 3321 1326 3373; x_wconf 86' lang='lat' dir='ltr'><strong>magnus</strong></span> <span class='ocrx_word' id='word_1_440' title='bbox 1357 3305 1577 3390; x_wconf 62' lang='lat' dir='ltr'><strong>dicitur,</strong></span> <span class='ocrx_word' id='word_1_441' title='bbox 1617 3315 1664 3359; x_wconf 82' lang='lat' dir='ltr'><strong>et</strong></span> <span class='ocrx_word' id='word_1_442' title='bbox 1713 3313 1837 3390; x_wconf 66' lang='lat' dir='ltr'><strong>quot</strong></span> <span class='ocrx_word' id='word_1_443' title='bbox 1877 3303 2029 3358; x_wconf 79' lang='lat' dir='ltr'><strong>annis</strong></span> 
     </span>
    </p>
   </div>
   <div class='ocr_carea' id='block_1_63' title="bbox 2145 3300 3725 3390">
    <p class='ocr_par' dir='ltr' id='par_1_63' title="bbox 2145 3300 3725 3390">
     <span class='ocr_line' id='line_1_63' title="bbox 2145 3300 3725 3390; baseline 0.015 -38"><span class='ocrx_word' id='word_1_444' title='bbox 2145 3300 2234 3366; x_wconf 83' lang='grc' dir='ltr'><strong>Τίς</strong></span> <span class='ocrx_word' id='word_1_445' title='bbox 2267 3303 2701 3390; x_wconf 43' lang='grc' dir='ltr'>ὁλκαλούέιενος</span> <span class='ocrx_word' id='word_1_446' title='bbox 2728 3306 3374 3390; x_wconf 37' lang='grc' dir='ltr'>μέωςηένιαυζὸςηκαὶ</span> <span class='ocrx_word' id='word_1_447' title='bbox 3409 3317 3479 3370; x_wconf 82' lang='grc' dir='ltr'><strong>ἐν</strong></span> <span class='ocrx_word' id='word_1_448' title='bbox 3511 3320 3725 3390; x_wconf 63' lang='grc' dir='ltr'>πόσους</span> 
     </span>
    </p>
   </div>
   <div class='ocr_carea' id='block_1_64' title="bbox 643 3372 1837 3443">
    <p class='ocr_par' dir='ltr' id='par_1_64' title="bbox 643 3372 1837 3443">
     <span class='ocr_line' id='line_1_64' title="bbox 643 3372 1837 3443; baseline 0.004 -19"><span class='ocrx_word' id='word_1_449' title='bbox 643 3372 922 3441; x_wconf 78' lang='lat' dir='ltr'><strong>cujuslibet</strong></span> <span class='ocrx_word' id='word_1_450' title='bbox 950 3372 1286 3443; x_wconf 80' lang='lat' dir='ltr'><strong>planetarum</strong></span> <span class='ocrx_word' id='word_1_451' title='bbox 1321 3376 1577 3429; x_wconf 78' lang='lat' dir='ltr'><strong>revolutio</strong></span> <span class='ocrx_word' id='word_1_452' title='bbox 1613 3372 1837 3429; x_wconf 77' lang='lat' dir='ltr'><strong>constet.</strong></span> 
     </span>
    </p>
   </div>
   <div class='ocr_carea' id='block_1_65' title="bbox 520 3547 2034 3620">
    <p class='ocr_par' dir='ltr' id='par_1_65' title="bbox 520 3547 2034 3620">
     <span class='ocr_line' id='line_1_65' title="bbox 520 3547 2034 3620; baseline 0.008 -20"><span class='ocrx_word' id='word_1_453' title='bbox 520 3547 607 3601; x_wconf 93' lang='grc'>18.</span> <span class='ocrx_word' id='word_1_454' title='bbox 629 3547 842 3604; x_wconf 78' lang='lat' dir='ltr'><strong>Rursus</strong></span> <span class='ocrx_word' id='word_1_455' title='bbox 865 3552 1037 3620; x_wconf 90' lang='lat' dir='ltr'><strong>prima</strong></span> <span class='ocrx_word' id='word_1_456' title='bbox 1052 3553 1297 3607; x_wconf 89' lang='lat' dir='ltr'><strong>omnium</strong></span> <span class='ocrx_word' id='word_1_457' title='bbox 1321 3553 1542 3608; x_wconf 89' lang='lat' dir='ltr'><strong>Saturni</strong></span> <span class='ocrx_word' id='word_1_458' title='bbox 1565 3557 1721 3611; x_wconf 88' lang='lat' dir='ltr'><strong>stella</strong></span> <span class='ocrx_word' id='word_1_459' title='bbox 1749 3558 1815 3612; x_wconf 92' lang='lat' dir='ltr'><strong>ab</strong></span> <span class='ocrx_word' id='word_1_460' title='bbox 1831 3574 1941 3614; x_wconf 87' lang='lat' dir='ltr'><strong>uno</strong></span> <span class='ocrx_word' id='word_1_461' title='bbox 1956 3559 2034 3613; x_wconf 89' lang='lat' dir='ltr'><strong>si-</strong></span> 
     </span>
    </p>
   </div>
   <div class='ocr_carea' id='block_1_66' title="bbox 445 3639 2028 3718">
    <p class='ocr_par' dir='ltr' id='par_1_66' title="bbox 445 3639 2028 3718">
     <span class='ocr_line' id='line_1_66' title="bbox 445 3639 2028 3718; baseline 0.008 -26"><span class='ocrx_word' id='word_1_462' title='bbox 445 3654 555 3710; x_wconf 88' lang='lat' dir='ltr'><strong>gno</strong></span> <span class='ocrx_word' id='word_1_463' title='bbox 583 3639 652 3693; x_wconf 90' lang='lat' dir='ltr'><strong>ad</strong></span> <span class='ocrx_word' id='word_1_464' title='bbox 686 3641 852 3706; x_wconf 91' lang='lat' dir='ltr'><strong>idem,</strong></span> <span class='ocrx_word' id='word_1_465' title='bbox 884 3652 942 3696; x_wconf 88' lang='lat' dir='ltr'><strong>ut</strong></span> <span class='ocrx_word' id='word_1_466' title='bbox 975 3643 1158 3699; x_wconf 88' lang='lat' dir='ltr'><strong>minus</strong></span> <span class='ocrx_word' id='word_1_467' title='bbox 1193 3655 1448 3701; x_wconf 88' lang='lat' dir='ltr'><strong>accurate</strong></span> <span class='ocrx_word' id='word_1_468' title='bbox 1474 3645 1676 3712; x_wconf 86' lang='lat' dir='ltr'><strong>dicam,</strong></span> <span class='ocrx_word' id='word_1_469' title='bbox 1708 3658 1763 3704; x_wconf 86' lang='lat' dir='ltr'><strong>et</strong></span> <span class='ocrx_word' id='word_1_470' title='bbox 1807 3649 2028 3718; x_wconf 87' lang='lat' dir='ltr'><strong>platice,</strong></span> 
     </span>
    </p>
   </div>
   <div class='ocr_carea' id='block_1_67' title="bbox 444 3730 2030 3807">
    <p class='ocr_par' dir='ltr' id='par_1_67' title="bbox 444 3730 2030 3807">
     <span class='ocr_line' id='line_1_67' title="bbox 444 3730 2030 3807; baseline 0.005 -23"><span class='ocrx_word' id='word_1_471' title='bbox 444 3730 502 3785; x_wconf 89' lang='lat' dir='ltr'><strong>in</strong></span> <span class='ocrx_word' id='word_1_472' title='bbox 534 3730 691 3786; x_wconf 87' lang='lat' dir='ltr'><strong>annis</strong></span> <span class='ocrx_word' id='word_1_473' title='bbox 726 3731 950 3801; x_wconf 85' lang='lat' dir='ltr'><strong>triginta</strong></span> <span class='ocrx_word' id='word_1_474' title='bbox 977 3733 1304 3800; x_wconf 88' lang='lat' dir='ltr'><strong>revertitur;</strong></span> <span class='ocrx_word' id='word_1_475' title='bbox 1332 3735 1400 3790; x_wconf 90' lang='lat' dir='ltr'><strong>ab</strong></span> <span class='ocrx_word' id='word_1_476' title='bbox 1437 3735 1627 3791; x_wconf 90' lang='lat' dir='ltr'><strong>eodem</strong></span> <span class='ocrx_word' id='word_1_477' title='bbox 1659 3751 1789 3792; x_wconf 91' lang='lat' dir='ltr'><strong>vero</strong></span> <span class='ocrx_word' id='word_1_478' title='bbox 1823 3747 2030 3807; x_wconf 89' lang='lat' dir='ltr'><strong>puncto</strong></span> 
     </span>
    </p>
   </div>
   <div class='ocr_carea' id='block_1_68' title="bbox 445 3823 2030 3900">
    <p class='ocr_par' dir='ltr' id='par_1_68' title="bbox 445 3823 2030 3900">
     <span class='ocr_line' id='line_1_68' title="bbox 445 3823 2030 3900; baseline 0.006 -24"><span class='ocrx_word' id='word_1_479' title='bbox 445 3823 514 3878; x_wconf 89' lang='lat' dir='ltr'><strong>ad</strong></span> <span class='ocrx_word' id='word_1_480' title='bbox 562 3825 704 3878; x_wconf 85' lang='lat' dir='ltr'><strong>idem</strong></span> <span class='ocrx_word' id='word_1_481' title='bbox 753 3831 1036 3892; x_wconf 88' lang='lat' dir='ltr'><strong>punctum,</strong></span> <span class='ocrx_word' id='word_1_482' title='bbox 1078 3825 1133 3878; x_wconf 90' lang='lat' dir='ltr'><strong>in</strong></span> <span class='ocrx_word' id='word_1_483' title='bbox 1177 3826 1336 3880; x_wconf 91' lang='lat' dir='ltr'><strong>annis</strong></span> <span class='ocrx_word' id='word_1_484' title='bbox 1373 3825 1603 3883; x_wconf 77' lang='lat'><strong>350635.</strong></span> <span class='ocrx_word' id='word_1_485' title='bbox 1644 3828 1821 3900; x_wconf 89' lang='lat' dir='ltr'><strong>Atque</strong></span> <span class='ocrx_word' id='word_1_486' title='bbox 1852 3831 1901 3886; x_wconf 90' lang='lat' dir='ltr'><strong>is</strong></span> <span class='ocrx_word' id='word_1_487' title='bbox 1944 3839 2030 3888; x_wconf 89' lang='lat' dir='ltr'><strong>est</strong></span> 
     </span>
    </p>
   </div>
   <div class='ocr_carea' id='block_1_69' title="bbox 447 3915 2026 3986">
    <p class='ocr_par' dir='ltr' id='par_1_69' title="bbox 447 3915 2026 3986">
     <span class='ocr_line' id='line_1_69' title="bbox 447 3915 2026 3986; baseline 0.008 -20"><span class='ocrx_word' id='word_1_488' title='bbox 447 3915 543 3983; x_wconf 89' lang='lat' dir='ltr'><strong>qui</strong></span> <span class='ocrx_word' id='word_1_489' title='bbox 577 3930 806 3984; x_wconf 85' lang='lat' dir='ltr'><strong>magnus</strong></span> <span class='ocrx_word' id='word_1_490' title='bbox 842 3930 1016 3970; x_wconf 89' lang='lat' dir='ltr'><strong>annus</strong></span> <span class='ocrx_word' id='word_1_491' title='bbox 1057 3918 1382 3986; x_wconf 86' lang='lat' dir='ltr'><strong>appellatur.</strong></span> <span class='ocrx_word' id='word_1_492' title='bbox 1418 3917 1569 3975; x_wconf 87' lang='lat' dir='ltr'><strong>Jovis</strong></span> <span class='ocrx_word' id='word_1_493' title='bbox 1600 3923 1757 3977; x_wconf 88' lang='lat' dir='ltr'><strong>stella</strong></span> <span class='ocrx_word' id='word_1_494' title='bbox 1787 3925 2026 3980; x_wconf 84' lang='lat' dir='ltr'><strong>secunda</strong></span> 
     </span>
    </p>
   </div>
   <div class='ocr_carea' id='block_1_70' title="bbox 447 4005 2024 4086">
    <p class='ocr_par' dir='ltr' id='par_1_70' title="bbox 447 4005 2024 4086">
     <span class='ocr_line' id='line_1_70' title="bbox 447 4005 2024 4086; baseline 0.008 -27"><span class='ocrx_word' id='word_1_495' title='bbox 447 4006 555 4060; x_wconf 86' lang='lat' dir='ltr'><strong>situ</strong></span> <span class='ocrx_word' id='word_1_496' title='bbox 585 4005 652 4059; x_wconf 90' lang='lat' dir='ltr'><strong>ad</strong></span> <span class='ocrx_word' id='word_1_497' title='bbox 682 4006 824 4060; x_wconf 89' lang='lat' dir='ltr'><strong>idem</strong></span> <span class='ocrx_word' id='word_1_498' title='bbox 856 4008 1072 4077; x_wconf 86' lang='lat' dir='ltr'><strong>signum</strong></span> <span class='ocrx_word' id='word_1_499' title='bbox 1097 4009 1294 4077; x_wconf 89' lang='lat' dir='ltr'><strong>platice</strong></span> <span class='ocrx_word' id='word_1_500' title='bbox 1327 4010 1382 4064; x_wconf 89' lang='lat' dir='ltr'><strong>in</strong></span> <span class='ocrx_word' id='word_1_501' title='bbox 1415 4012 1574 4068; x_wconf 91' lang='lat' dir='ltr'><strong>annis</strong></span> <span class='ocrx_word' id='word_1_502' title='bbox 1598 4013 1666 4066; x_wconf 77' lang='grc'>12</span> <span class='ocrx_word' id='word_1_503' title='bbox 1689 4016 2024 4086; x_wconf 82' lang='lat' dir='ltr'><strong>regreditur;</strong></span> 
     </span>
    </p>
   </div>
   <div class='ocr_carea' id='block_1_71' title="bbox 445 4095 2025 4166">
    <p class='ocr_par' dir='ltr' id='par_1_71' title="bbox 445 4095 2025 4166">
     <span class='ocr_line' id='line_1_71' title="bbox 445 4095 2025 4166; baseline 0.011 -18"><span class='ocrx_word' id='word_1_504' title='bbox 445 4095 514 4150; x_wconf 87' lang='lat' dir='ltr'><strong>ad</strong></span> <span class='ocrx_word' id='word_1_505' title='bbox 566 4097 710 4152; x_wconf 90' lang='lat' dir='ltr'><strong>idem</strong></span> <span class='ocrx_word' id='word_1_506' title='bbox 763 4106 1025 4166; x_wconf 91' lang='lat' dir='ltr'><strong>punctum</strong></span> <span class='ocrx_word' id='word_1_507' title='bbox 1075 4100 1130 4154; x_wconf 91' lang='lat' dir='ltr'><strong>in</strong></span> <span class='ocrx_word' id='word_1_508' title='bbox 1173 4102 1333 4158; x_wconf 90' lang='lat' dir='ltr'><strong>annis</strong></span> <span class='ocrx_word' id='word_1_509' title='bbox 1370 4102 1602 4160; x_wconf 74' lang='grc'>170620.</span> <span class='ocrx_word' id='word_1_510' title='bbox 1647 4105 1837 4165; x_wconf 89' lang='lat' dir='ltr'><strong>Martis</strong></span> <span class='ocrx_word' id='word_1_511' title='bbox 1867 4111 2025 4165; x_wconf 90' lang='lat' dir='ltr'><strong>stella</strong></span> 
     </span>
    </p>
   </div>
   <div class='ocr_carea' id='block_1_72' title="bbox 441 4189 2024 4268">
    <p class='ocr_par' dir='ltr' id='par_1_72' title="bbox 441 4189 2024 4268">
     <span class='ocr_line' id='line_1_72' title="bbox 441 4189 2024 4268; baseline 0.011 -26"><span class='ocrx_word' id='word_1_512' title='bbox 441 4189 736 4244; x_wconf 90' lang='lat' dir='ltr'><strong>circuitum</strong></span> <span class='ocrx_word' id='word_1_513' title='bbox 766 4192 1000 4247; x_wconf 89' lang='lat' dir='ltr'><strong>absolvit</strong></span> <span class='ocrx_word' id='word_1_514' title='bbox 1037 4209 1067 4247; x_wconf 92' lang='lat' dir='ltr'><strong>a</strong></span> <span class='ocrx_word' id='word_1_515' title='bbox 1098 4195 1255 4264; x_wconf 84' lang='lat' dir='ltr'><strong>signo</strong></span> <span class='ocrx_word' id='word_1_516' title='bbox 1277 4197 1344 4250; x_wconf 90' lang='lat' dir='ltr'><strong>ad</strong></span> <span class='ocrx_word' id='word_1_517' title='bbox 1369 4197 1584 4268; x_wconf 86' lang='lat' dir='ltr'><strong>signum</strong></span> <span class='ocrx_word' id='word_1_518' title='bbox 1617 4201 1836 4258; x_wconf 89' lang='lat' dir='ltr'><strong>rediens</strong></span> <span class='ocrx_word' id='word_1_519' title='bbox 1865 4204 2024 4259; x_wconf 90' lang='lat' dir='ltr'><strong>annis</strong></span> 
     </span>
    </p>
   </div>
   <div class='ocr_carea' id='block_1_73' title="bbox 439 4278 2023 4357">
    <p class='ocr_par' dir='ltr' id='par_1_73' title="bbox 439 4278 2023 4357">
     <span class='ocr_line' id='line_1_73' title="bbox 439 4278 2023 4357; baseline 0.012 -25"><span class='ocrx_word' id='word_1_520' title='bbox 439 4278 688 4348; x_wconf 90' lang='lat' dir='ltr'><strong>duobus;</strong></span> <span class='ocrx_word' id='word_1_521' title='bbox 728 4282 795 4336; x_wconf 92' lang='lat' dir='ltr'><strong>ad</strong></span> <span class='ocrx_word' id='word_1_522' title='bbox 822 4282 962 4339; x_wconf 90' lang='lat' dir='ltr'><strong>idem</strong></span> <span class='ocrx_word' id='word_1_523' title='bbox 986 4301 1118 4341; x_wconf 85' lang='lat' dir='ltr'><strong>vero</strong></span> <span class='ocrx_word' id='word_1_524' title='bbox 1140 4296 1406 4357; x_wconf 89' lang='lat' dir='ltr'><strong>punctum</strong></span> <span class='ocrx_word' id='word_1_525' title='bbox 1431 4292 1843 4350; x_wconf 75' lang='lat' dir='ltr'><strong>anni5120000.</strong></span> <span class='ocrx_word' id='word_1_526' title='bbox 1869 4293 2023 4350; x_wconf 93' lang='lat' dir='ltr'><strong>Luna</strong></span> 
     </span>
    </p>
   </div>
   <div class='ocr_carea' id='block_1_74' title="bbox 438 4371 2024 4456">
    <p class='ocr_par' dir='ltr' id='par_1_74' title="bbox 438 4371 2024 4456">
     <span class='ocr_line' id='line_1_74' title="bbox 438 4371 2024 4456; baseline 0.011 -32"><span class='ocrx_word' id='word_1_527' title='bbox 438 4371 682 4440; x_wconf 88' lang='lat' dir='ltr'><strong>quolibet</strong></span> <span class='ocrx_word' id='word_1_528' title='bbox 717 4389 906 4431; x_wconf 89' lang='lat' dir='ltr'><strong>mense</strong></span> <span class='ocrx_word' id='word_1_529' title='bbox 951 4391 982 4430; x_wconf 92' lang='lat' dir='ltr'><strong>a</strong></span> <span class='ocrx_word' id='word_1_530' title='bbox 1031 4378 1188 4447; x_wconf 87' lang='lat' dir='ltr'><strong>signo</strong></span> <span class='ocrx_word' id='word_1_531' title='bbox 1219 4380 1288 4435; x_wconf 91' lang='lat' dir='ltr'><strong>ad</strong></span> <span class='ocrx_word' id='word_1_532' title='bbox 1319 4381 1462 4437; x_wconf 90' lang='lat' dir='ltr'><strong>idem</strong></span> <span class='ocrx_word' id='word_1_533' title='bbox 1518 4384 1738 4456; x_wconf 89' lang='lat' dir='ltr'><strong>signum</strong></span> <span class='ocrx_word' id='word_1_534' title='bbox 1795 4387 2024 4442; x_wconf 87' lang='lat' dir='ltr'><strong>reverti-</strong></span> 
     </span>
    </p>
   </div>
   <div class='ocr_carea' id='block_1_75' title="bbox 437 4466 2023 4548">
    <p class='ocr_par' dir='ltr' id='par_1_75' title="bbox 437 4466 2023 4548">
     <span class='ocr_line' id='line_1_75' title="bbox 437 4466 2023 4548; baseline 0.013 -32"><span class='ocrx_word' id='word_1_535' title='bbox 437 4473 560 4531; x_wconf 88' lang='lat' dir='ltr'><strong>tur;</strong></span> <span class='ocrx_word' id='word_1_536' title='bbox 592 4466 674 4520; x_wconf 92' lang='lat' dir='ltr'><strong>sol</strong></span> <span class='ocrx_word' id='word_1_537' title='bbox 705 4481 833 4522; x_wconf 90' lang='lat' dir='ltr'><strong>vero</strong></span> <span class='ocrx_word' id='word_1_538' title='bbox 861 4467 1056 4525; x_wconf 90' lang='lat' dir='ltr'><strong>diebus</strong></span> <span class='ocrx_word' id='word_1_539' title='bbox 1102 4470 1208 4525; x_wconf 79' lang='lat'><strong>565</strong></span> <span class='ocrx_word' id='word_1_540' title='bbox 1250 4483 1304 4527; x_wconf 86' lang='lat' dir='ltr'><strong>et</strong></span> <span class='ocrx_word' id='word_1_541' title='bbox 1342 4475 1555 4530; x_wconf 88' lang='lat' dir='ltr'><strong>minuto</strong></span> <span class='ocrx_word' id='word_1_542' title='bbox 1589 4496 1601 4531; x_wconf 91' lang='lat'><strong>:</strong></span> <span class='ocrx_word' id='word_1_543' title='bbox 1633 4477 1780 4547; x_wconf 92' lang='lat' dir='ltr'><strong>quod</strong></span> <span class='ocrx_word' id='word_1_544' title='bbox 1810 4486 2023 4548; x_wconf 88' lang='lat' dir='ltr'><strong>tempus</strong></span> 
     </span>
    </p>
   </div>
   <div class='ocr_carea' id='block_1_76' title="bbox 437 4556 2022 4629">
    <p class='ocr_par' dir='ltr' id='par_1_76' title="bbox 437 4556 2022 4629">
     <span class='ocr_line' id='line_1_76' title="bbox 437 4556 2022 4629; baseline 0.011 -17"><span class='ocrx_word' id='word_1_545' title='bbox 437 4556 636 4612; x_wconf 86' lang='lat' dir='ltr'><strong>solaris</strong></span> <span class='ocrx_word' id='word_1_546' title='bbox 685 4560 992 4629; x_wconf 88' lang='lat' dir='ltr'><strong>appellatur</strong></span> <span class='ocrx_word' id='word_1_547' title='bbox 1041 4577 1238 4619; x_wconf 90' lang='lat' dir='ltr'><strong>annus.</strong></span> <span class='ocrx_word' id='word_1_548' title='bbox 1296 4565 1561 4622; x_wconf 89' lang='lat' dir='ltr'><strong>Similiter</strong></span> <span class='ocrx_word' id='word_1_549' title='bbox 1600 4578 1656 4624; x_wconf 89' lang='lat' dir='ltr'><strong>et</strong></span> <span class='ocrx_word' id='word_1_550' title='bbox 1695 4570 1925 4628; x_wconf 77' lang='lat' dir='ltr'><strong>Veneris</strong></span> <span class='ocrx_word' id='word_1_551' title='bbox 1957 4589 2022 4629; x_wconf 93' lang='lat' dir='ltr'><strong>ac</strong></span> 
     </span>
    </p>
   </div>
   <div class='ocr_carea' id='block_1_77' title="bbox 2206 3371 3718 3450">
    <p class='ocr_par' dir='ltr' id='par_1_77' title="bbox 2206 3371 3718 3450">
     <span class='ocr_line' id='line_1_77' title="bbox 2206 3371 3718 3450; baseline 0.016 -27"><span class='ocrx_word' id='word_1_552' title='bbox 2206 3371 2451 3450; x_wconf 67' lang='grc' dir='ltr'>χρόνοις</span> <span class='ocrx_word' id='word_1_553' title='bbox 2513 3371 2774 3442; x_wconf 76' lang='grc' dir='ltr'>ἕκαστός</span> <span class='ocrx_word' id='word_1_554' title='bbox 2815 3371 2826 3378; x_wconf 75' lang='grc'><em>’</em></span> <span class='ocrx_word' id='word_1_555' title='bbox 2863 3371 2984 3432; x_wconf 70' lang='grc' dir='ltr'><strong>τῶν</strong></span> <span class='ocrx_word' id='word_1_556' title='bbox 3061 3371 3386 3450; x_wconf 31' lang='lat' dir='ltr'><strong>suam-ritur</strong></span> <span class='ocrx_word' id='word_1_557' title='bbox 3459 3371 3718 3447; x_wconf 60' lang='grc' dir='ltr'>ἀποκειἀῖ</span> 
     </span>
    </p>
   </div>
   <div class='ocr_carea' id='block_1_78' title="bbox 2206 3441 2464 3495">
    <p class='ocr_par' dir='ltr' id='par_1_78' title="bbox 2206 3441 2464 3495">
     <span class='ocr_line' id='line_1_78' title="bbox 2206 3441 2464 3495; baseline 0 -1"><span class='ocrx_word' id='word_1_558' title='bbox 2206 3441 2228 3494; x_wconf 80' lang='grc' dir='ltr'><strong>ί</strong></span> <span class='ocrx_word' id='word_1_559' title='bbox 2231 3454 2464 3495; x_wconf 84' lang='grc' dir='ltr'>σταται.</span> 
     </span>
    </p>
   </div>
   <div class='ocr_carea' id='block_1_79' title="bbox 2206 3556 3711 3642">
    <p class='ocr_par' dir='ltr' id='par_1_79' title="bbox 2206 3556 3711 3642">
     <span class='ocr_line' id='line_1_79' title="bbox 2206 3556 3711 3642; baseline 0.006 -34"><span class='ocrx_word' id='word_1_560' title='bbox 2206 3561 2297 3626; x_wconf 82' lang='grc' dir='ltr'>ιη’.</span> <span class='ocrx_word' id='word_1_561' title='bbox 2332 3556 2500 3610; x_wconf 86' lang='grc' dir='ltr'>Πάλιν</span> <span class='ocrx_word' id='word_1_562' title='bbox 2537 3559 2567 3611; x_wconf 92' lang='lat'><strong>6</strong></span> <span class='ocrx_word' id='word_1_563' title='bbox 2598 3557 2833 3629; x_wconf 83' lang='grc' dir='ltr'>πρῶτος,</span> <span class='ocrx_word' id='word_1_564' title='bbox 2863 3561 2893 3613; x_wconf 97' lang='lat'><strong>6</strong></span> <span class='ocrx_word' id='word_1_565' title='bbox 2919 3557 3014 3615; x_wconf 80' lang='grc' dir='ltr'><strong>τοῦ</strong></span> <span class='ocrx_word' id='word_1_566' title='bbox 3045 3563 3251 3635; x_wconf 82' lang='grc' dir='ltr'>Κρονου</span> <span class='ocrx_word' id='word_1_567' title='bbox 3275 3568 3470 3639; x_wconf 83' lang='grc' dir='ltr'>αστὴρ,</span> <span class='ocrx_word' id='word_1_568' title='bbox 3523 3587 3711 3642; x_wconf 70' lang='grc' dir='ltr'>παρα-</span> 
     </span>
    </p>
   </div>
   <div class='ocr_carea' id='block_1_80' title="bbox 2139 3645 3718 3728">
    <p class='ocr_par' dir='ltr' id='par_1_80' title="bbox 2139 3645 3718 3728">
     <span class='ocr_line' id='line_1_80' title="bbox 2139 3645 3718 3728; baseline 0.009 -30"><span class='ocrx_word' id='word_1_569' title='bbox 2139 3645 2350 3714; x_wconf 89' lang='grc' dir='ltr'>γίνεται</span> <span class='ocrx_word' id='word_1_570' title='bbox 2395 3646 2504 3700; x_wconf 87' lang='grc' dir='ltr'>ἀπὸ</span> <span class='ocrx_word' id='word_1_571' title='bbox 2549 3645 2744 3712; x_wconf 82' lang='grc' dir='ltr'>ζωδίου</span> <span class='ocrx_word' id='word_1_572' title='bbox 2781 3649 2874 3702; x_wconf 79' lang='grc' dir='ltr'><strong>ἐπὶ</strong></span> <span class='ocrx_word' id='word_1_573' title='bbox 2905 3649 3094 3713; x_wconf 85' lang='grc' dir='ltr'>ζώδιον</span> <span class='ocrx_word' id='word_1_574' title='bbox 3121 3655 3458 3726; x_wconf 89' lang='grc' dir='ltr'>παχυμερῶς</span> <span class='ocrx_word' id='word_1_575' title='bbox 3489 3658 3590 3728; x_wconf 85' lang='grc' dir='ltr'>μὲν</span> <span class='ocrx_word' id='word_1_576' title='bbox 3621 3662 3718 3712; x_wconf 81' lang='grc' dir='ltr'><strong>καὶ</strong></span> 
     </span>
    </p>
   </div>
   <div class='ocr_carea' id='block_1_81' title="bbox 2141 3737 3720 3817">
    <p class='ocr_par' dir='ltr' id='par_1_81' title="bbox 2141 3737 3720 3817">
     <span class='ocr_line' id='line_1_81' title="bbox 2141 3737 3720 3817; baseline 0.009 -27"><span class='ocrx_word' id='word_1_577' title='bbox 2141 3737 2454 3803; x_wconf 84' lang='grc' dir='ltr'>πλατυκῶς,</span> <span class='ocrx_word' id='word_1_578' title='bbox 2475 3737 2620 3792; x_wconf 79' lang='grc' dir='ltr'>ἔτεσι</span> <span class='ocrx_word' id='word_1_579' title='bbox 2648 3740 2962 3810; x_wconf 88' lang='grc' dir='ltr'>τριάκοντα,</span> <span class='ocrx_word' id='word_1_580' title='bbox 2995 3743 3104 3796; x_wconf 86' lang='grc' dir='ltr'><strong>ἀπὸ</strong></span> <span class='ocrx_word' id='word_1_581' title='bbox 3136 3744 3193 3798; x_wconf 86' lang='grc' dir='ltr'>δὲ</span> <span class='ocrx_word' id='word_1_582' title='bbox 3227 3747 3452 3817; x_wconf 89' lang='grc' dir='ltr'>σημείου</span> <span class='ocrx_word' id='word_1_583' title='bbox 3476 3749 3720 3804; x_wconf 67' lang='grc' dir='ltr'>άποκαθυ</span> 
     </span>
    </p>
   </div>
   <div class='ocr_carea' id='block_1_82' title="bbox 2143 3827 3720 3904">
    <p class='ocr_par' dir='ltr' id='par_1_82' title="bbox 2143 3827 3720 3904">
     <span class='ocr_line' id='line_1_82' title="bbox 2143 3827 3720 3904; baseline 0.01 -23"><span class='ocrx_word' id='word_1_584' title='bbox 2143 3829 2353 3882; x_wconf 83' lang='grc' dir='ltr'>ίσταται</span> <span class='ocrx_word' id='word_1_585' title='bbox 2380 3829 2440 3883; x_wconf 83' lang='grc' dir='ltr'>ὲν</span> <span class='ocrx_word' id='word_1_586' title='bbox 2476 3827 2613 3884; x_wconf 77' lang='grc' dir='ltr'>ἑτῶν</span> <span class='ocrx_word' id='word_1_587' title='bbox 2657 3830 2884 3901; x_wconf 87' lang='grc' dir='ltr'>μυριάσι</span> <span class='ocrx_word' id='word_1_588' title='bbox 2939 3837 3394 3904; x_wconf 79' lang='grc' dir='ltr'>τριακονταπέντε</span> <span class='ocrx_word' id='word_1_589' title='bbox 3421 3839 3517 3893; x_wconf 78' lang='grc' dir='ltr'>καὶ</span> <span class='ocrx_word' id='word_1_590' title='bbox 3542 3840 3720 3897; x_wconf 78' lang='grc' dir='ltr'>ἔτεσιν</span> 
     </span>
    </p>
   </div>
   <div class='ocr_carea' id='block_1_83' title="bbox 2131 3918 3687 3993">
    <p class='ocr_par' dir='ltr' id='par_1_83' title="bbox 2131 3918 3687 3993">
     <span class='ocr_line' id='line_1_83' title="bbox 2131 3918 3687 3993; baseline 0.008 -17"><span class='ocrx_word' id='word_1_591' title='bbox 2131 3922 2432 3988; x_wconf 80' lang='grc' dir='ltr'>ἑξακοσίοις</span> <span class='ocrx_word' id='word_1_592' title='bbox 2469 3923 2953 3993; x_wconf 89' lang='grc' dir='ltr'>τριακονταπέντε.</span> <span class='ocrx_word' id='word_1_593' title='bbox 2991 3918 3160 3991; x_wconf 82' lang='grc' dir='ltr'>Οὗτος</span> <span class='ocrx_word' id='word_1_594' title='bbox 3192 3928 3251 3981; x_wconf 87' lang='grc' dir='ltr'><strong>δέ</strong></span> <span class='ocrx_word' id='word_1_595' title='bbox 3283 3930 3429 3984; x_wconf 78' lang='grc' dir='ltr'>ἐστιν</span> <span class='ocrx_word' id='word_1_596' title='bbox 3461 3933 3490 3984; x_wconf 91' lang='lat'><strong>6</strong></span> <span class='ocrx_word' id='word_1_597' title='bbox 3520 3934 3687 3988; x_wconf 89' lang='grc' dir='ltr'>καλού</span> 
     </span>
    </p>
   </div>
   <div class='ocr_carea' id='block_1_84' title="bbox 2131 4015 3718 4095">
    <p class='ocr_par' dir='ltr' id='par_1_84' title="bbox 2131 4015 3718 4095">
     <span class='ocr_line' id='line_1_84' title="bbox 2131 4015 3718 4095; baseline 0.008 -26"><span class='ocrx_word' id='word_1_598' title='bbox 2131 4032 2291 4086; x_wconf 86' lang='grc' dir='ltr'>μενος</span> <span class='ocrx_word' id='word_1_599' title='bbox 2318 4015 2493 4086; x_wconf 87' lang='grc' dir='ltr'>μέγας</span> <span class='ocrx_word' id='word_1_600' title='bbox 2519 4015 2784 4078; x_wconf 74' lang='grc' dir='ltr'>ἐνιαυτός.</span> <span class='ocrx_word' id='word_1_601' title='bbox 2826 4016 2886 4069; x_wconf 91' lang='grc' dir='ltr'>Ὁ</span> <span class='ocrx_word' id='word_1_602' title='bbox 2915 4017 2971 4070; x_wconf 83' lang='grc' dir='ltr'><strong>δὲ</strong></span> <span class='ocrx_word' id='word_1_603' title='bbox 3001 4018 3094 4072; x_wconf 89' lang='grc' dir='ltr'><strong>τοῦ</strong></span> <span class='ocrx_word' id='word_1_604' title='bbox 3123 4019 3244 4084; x_wconf 77' lang='grc' dir='ltr'>Διὸς</span> <span class='ocrx_word' id='word_1_605' title='bbox 3276 4022 3451 4095; x_wconf 80' lang='grc' dir='ltr'>ἀστὴρ</span> <span class='ocrx_word' id='word_1_606' title='bbox 3477 4025 3506 4078; x_wconf 91' lang='lat'><strong>6</strong></span> <span class='ocrx_word' id='word_1_607' title='bbox 3533 4025 3718 4082; x_wconf 81' lang='grc' dir='ltr'>δεύτε-</span> 
     </span>
    </p>
   </div>
   <div class='ocr_carea' id='block_1_85' title="bbox 2133 4105 3714 4180">
    <p class='ocr_par' dir='ltr' id='par_1_85' title="bbox 2133 4105 3714 4180">
     <span class='ocr_line' id='line_1_85' title="bbox 2133 4105 3714 4180; baseline 0.006 -20"><span class='ocrx_word' id='word_1_608' title='bbox 2133 4124 2225 4179; x_wconf 92' lang='grc' dir='ltr'><strong>ρος</strong></span> <span class='ocrx_word' id='word_1_609' title='bbox 2272 4105 2635 4178; x_wconf 87' lang='grc' dir='ltr'>παραγίνεται</span> <span class='ocrx_word' id='word_1_610' title='bbox 2683 4106 2792 4159; x_wconf 85' lang='grc' dir='ltr'>ἀπὸ</span> <span class='ocrx_word' id='word_1_611' title='bbox 2831 4107 3023 4169; x_wconf 89' lang='grc' dir='ltr'>ζωδίου</span> <span class='ocrx_word' id='word_1_612' title='bbox 3059 4108 3154 4161; x_wconf 77' lang='grc' dir='ltr'>ἐπὶ</span> <span class='ocrx_word' id='word_1_613' title='bbox 3197 4109 3386 4174; x_wconf 84' lang='grc' dir='ltr'>ζὼδιον</span> <span class='ocrx_word' id='word_1_614' title='bbox 3425 4113 3714 4180; x_wconf 85' lang='grc' dir='ltr'>πλατυκῶς</span> 
     </span>
    </p>
   </div>
   <div class='ocr_carea' id='block_1_86' title="bbox 2127 4197 3715 4278">
    <p class='ocr_par' dir='ltr' id='par_1_86' title="bbox 2127 4197 3715 4278">
     <span class='ocr_line' id='line_1_86' title="bbox 2127 4197 3715 4278; baseline 0.007 -27"><span class='ocrx_word' id='word_1_615' title='bbox 2127 4199 2221 4253; x_wconf 79' lang='grc' dir='ltr'><strong>καὶ</strong></span> <span class='ocrx_word' id='word_1_616' title='bbox 2245 4197 2582 4270; x_wconf 88' lang='grc' dir='ltr'>παχυμερῶς</span> <span class='ocrx_word' id='word_1_617' title='bbox 2601 4197 2776 4252; x_wconf 79' lang='grc' dir='ltr'>ἐτεσιν</span> <span class='ocrx_word' id='word_1_618' title='bbox 2802 4197 2888 4268; x_wconf 82' lang='grc' dir='ltr'><strong>ιβ”</strong></span> <span class='ocrx_word' id='word_1_619' title='bbox 2905 4199 3014 4252; x_wconf 80' lang='grc' dir='ltr'><strong>άπὸ</strong></span> <span class='ocrx_word' id='word_1_620' title='bbox 3034 4199 3091 4252; x_wconf 88' lang='grc' dir='ltr'>δὲ</span> <span class='ocrx_word' id='word_1_621' title='bbox 3113 4201 3340 4271; x_wconf 87' lang='grc' dir='ltr'>σημείου</span> <span class='ocrx_word' id='word_1_622' title='bbox 3368 4205 3461 4257; x_wconf 77' lang='grc' dir='ltr'><strong>ἐπὶ</strong></span> <span class='ocrx_word' id='word_1_623' title='bbox 3489 4209 3715 4278; x_wconf 87' lang='grc' dir='ltr'>σημεῖον</span> 
     </span>
    </p>
   </div>
   <div class='ocr_carea' id='block_1_87' title="bbox 2125 4290 3712 4369">
    <p class='ocr_par' dir='ltr' id='par_1_87' title="bbox 2125 4290 3712 4369">
     <span class='ocr_line' id='line_1_87' title="bbox 2125 4290 3712 4369; baseline 0.007 -25"><span class='ocrx_word' id='word_1_624' title='bbox 2125 4290 2556 4345; x_wconf 87' lang='grc' dir='ltr'>ἀποκαθίσταται</span> <span class='ocrx_word' id='word_1_625' title='bbox 2588 4293 2647 4343; x_wconf 85' lang='grc' dir='ltr'>ὲν</span> <span class='ocrx_word' id='word_1_626' title='bbox 2679 4291 2938 4362; x_wconf 89' lang='grc' dir='ltr'>μυριάσιν</span> <span class='ocrx_word' id='word_1_627' title='bbox 2963 4292 3101 4347; x_wconf 83' lang='grc' dir='ltr'><strong>ὲτῶν</strong></span> <span class='ocrx_word' id='word_1_628' title='bbox 3129 4293 3193 4358; x_wconf 83' lang='grc' dir='ltr'>ιζ’</span> <span class='ocrx_word' id='word_1_629' title='bbox 3224 4295 3318 4348; x_wconf 86' lang='grc' dir='ltr'>καὶ</span> <span class='ocrx_word' id='word_1_630' title='bbox 3341 4295 3484 4351; x_wconf 77' lang='grc' dir='ltr'>ἔτεσι</span> <span class='ocrx_word' id='word_1_631' title='bbox 3511 4307 3617 4369; x_wconf 86' lang='grc' dir='ltr'>χκ’.</span> <span class='ocrx_word' id='word_1_632' title='bbox 3653 4301 3712 4354; x_wconf 87' lang='grc' dir='ltr'>Ὁ</span> 
     </span>
    </p>
   </div>
   <div class='ocr_carea' id='block_1_88' title="bbox 2123 4382 3711 4455">
    <p class='ocr_par' dir='ltr' id='par_1_88' title="bbox 2123 4382 3711 4455">
     <span class='ocr_line' id='line_1_88' title="bbox 2123 4382 3711 4455; baseline 0.006 -19"><span class='ocrx_word' id='word_1_633' title='bbox 2123 4383 2181 4436; x_wconf 84' lang='grc' dir='ltr'>δὲ</span> <span class='ocrx_word' id='word_1_634' title='bbox 2209 4382 2302 4436; x_wconf 89' lang='grc' dir='ltr'><strong>τοῦ</strong></span> <span class='ocrx_word' id='word_1_635' title='bbox 2343 4383 2539 4455; x_wconf 77' lang='grc' dir='ltr'>’Ἄρεος</span> <span class='ocrx_word' id='word_1_636' title='bbox 2571 4384 2920 4455; x_wconf 87' lang='grc' dir='ltr'>περιέρχεται</span> <span class='ocrx_word' id='word_1_637' title='bbox 2951 4384 3060 4437; x_wconf 79' lang='grc' dir='ltr'>ἀπὸ</span> <span class='ocrx_word' id='word_1_638' title='bbox 3081 4383 3273 4448; x_wconf 89' lang='grc' dir='ltr'>ζωδίου</span> <span class='ocrx_word' id='word_1_639' title='bbox 3307 4389 3398 4442; x_wconf 74' lang='grc' dir='ltr'><strong>ἐπὶ</strong></span> <span class='ocrx_word' id='word_1_640' title='bbox 3426 4389 3615 4454; x_wconf 84' lang='grc' dir='ltr'>ζὼδιον</span> <span class='ocrx_word' id='word_1_641' title='bbox 3642 4393 3711 4446; x_wconf 89' lang='grc' dir='ltr'>δι’</span> 
     </span>
    </p>
   </div>
   <div class='ocr_carea' id='block_1_89' title="bbox 2125 4473 3711 4555">
    <p class='ocr_par' dir='ltr' id='par_1_89' title="bbox 2125 4473 3711 4555">
     <span class='ocr_line' id='line_1_89' title="bbox 2125 4473 3711 4555; baseline 0.008 -28"><span class='ocrx_word' id='word_1_642' title='bbox 2125 4473 2262 4528; x_wconf 77' lang='grc' dir='ltr'>ἐτῶν</span> <span class='ocrx_word' id='word_1_643' title='bbox 2305 4473 2420 4540; x_wconf 89' lang='grc' dir='ltr'>δύο,</span> <span class='ocrx_word' id='word_1_644' title='bbox 2452 4475 2546 4528; x_wconf 81' lang='grc' dir='ltr'><strong>καὶ</strong></span> <span class='ocrx_word' id='word_1_645' title='bbox 2591 4474 2700 4527; x_wconf 83' lang='grc' dir='ltr'>ἀπὸ</span> <span class='ocrx_word' id='word_1_646' title='bbox 2733 4475 2960 4545; x_wconf 88' lang='grc' dir='ltr'>σημείου</span> <span class='ocrx_word' id='word_1_647' title='bbox 2991 4477 3084 4530; x_wconf 78' lang='grc' dir='ltr'><strong>ἐπὶ</strong></span> <span class='ocrx_word' id='word_1_648' title='bbox 3107 4483 3331 4550; x_wconf 80' lang='grc' dir='ltr'>σημεῖον</span> <span class='ocrx_word' id='word_1_649' title='bbox 3362 4482 3422 4536; x_wconf 82' lang='grc' dir='ltr'>ὲν</span> <span class='ocrx_word' id='word_1_650' title='bbox 3451 4484 3711 4555; x_wconf 88' lang='grc' dir='ltr'>μυριάσιν</span> 
     </span>
    </p>
   </div>
   <div class='ocr_carea' id='block_1_90' title="bbox 2127 4563 3710 4644">
    <p class='ocr_par' dir='ltr' id='par_1_90' title="bbox 2127 4563 3710 4644">
     <span class='ocr_line' id='line_1_90' title="bbox 2127 4563 3710 4644; baseline 0.007 -26"><span class='ocrx_word' id='word_1_651' title='bbox 2127 4566 2262 4618; x_wconf 77' lang='grc' dir='ltr'>ἐτῶν</span> <span class='ocrx_word' id='word_1_652' title='bbox 2301 4563 2386 4635; x_wconf 84' lang='grc' dir='ltr'>ιβ’.</span> <span class='ocrx_word' id='word_1_653' title='bbox 2430 4565 2487 4618; x_wconf 82' lang='grc' dir='ltr'>ὐ</span> <span class='ocrx_word' id='word_1_654' title='bbox 2525 4565 2581 4617; x_wconf 82' lang='grc' dir='ltr'><strong>δὲ</strong></span> <span class='ocrx_word' id='word_1_655' title='bbox 2619 4567 2717 4636; x_wconf 83' lang='grc' dir='ltr'>τῆς</span> <span class='ocrx_word' id='word_1_656' title='bbox 2761 4566 3097 4637; x_wconf 74' lang='grc' dir='ltr'>’Ἀφροδίτης</span> <span class='ocrx_word' id='word_1_657' title='bbox 3118 4569 3164 4601; x_wconf 74' lang='lat'><strong>9°</strong></span> <span class='ocrx_word' id='word_1_658' title='bbox 3216 4572 3565 4644; x_wconf 80' lang='grc' dir='ltr'>περιέρχεται</span> <span class='ocrx_word' id='word_1_659' title='bbox 3601 4576 3710 4629; x_wconf 86' lang='grc' dir='ltr'><strong>άπὸ</strong></span> 
     </span>
    </p>
   </div>
   <div class='ocr_carea' id='block_1_91' title="bbox 435 4647 2039 4738">
    <p class='ocr_par' dir='ltr' id='par_1_91' title="bbox 435 4647 2019 4734">
     <span class='ocr_line' id='line_1_91' title="bbox 435 4647 2019 4734; baseline 0.013 -32"><span class='ocrx_word' id='word_1_660' title='bbox 435 4647 691 4704; x_wconf 87' lang='lat' dir='ltr'><strong>Mercurii</strong></span> <span class='ocrx_word' id='word_1_661' title='bbox 733 4652 927 4719; x_wconf 62' lang='lat' dir='ltr'><strong>stellae,</strong></span> <span class='ocrx_word' id='word_1_662' title='bbox 963 4654 1147 4711; x_wconf 90' lang='lat' dir='ltr'><strong>itidem</strong></span> <span class='ocrx_word' id='word_1_663' title='bbox 1182 4666 1239 4711; x_wconf 85' lang='lat' dir='ltr'><strong>ut</strong></span> <span class='ocrx_word' id='word_1_664' title='bbox 1281 4659 1385 4721; x_wconf 88' lang='lat' dir='ltr'><strong>sol,</strong></span> <span class='ocrx_word' id='word_1_665' title='bbox 1416 4661 1484 4716; x_wconf 92' lang='lat' dir='ltr'><strong>ad</strong></span> <span class='ocrx_word' id='word_1_666' title='bbox 1518 4661 1574 4715; x_wconf 92' lang='lat' dir='ltr'><strong>id</strong></span> <span class='ocrx_word' id='word_1_667' title='bbox 1604 4662 1842 4734; x_wconf 89' lang='lat' dir='ltr'><strong>signum,</strong></span> <span class='ocrx_word' id='word_1_668' title='bbox 1876 4666 2019 4722; x_wconf 92' lang='lat' dir='ltr'><strong>unde</strong></span> 
     </span>
    </p>
   </div>
   <div class='ocr_carea' id='block_1_92' title="bbox 2145 4647 3708 4738">
    <p class='ocr_par' dir='ltr' id='par_1_92' title="bbox 2145 4657 3708 4738">
     <span class='ocr_line' id='line_1_92' title="bbox 2145 4657 3708 4738; baseline 0.005 -25"><span class='ocrx_word' id='word_1_669' title='bbox 2145 4658 2312 4718; x_wconf 71' lang='grc' dir='ltr'>ῖωδίου</span> <span class='ocrx_word' id='word_1_670' title='bbox 2346 4658 2440 4711; x_wconf 72' lang='grc' dir='ltr'>ἐπὶ</span> <span class='ocrx_word' id='word_1_671' title='bbox 2473 4657 2664 4721; x_wconf 84' lang='grc' dir='ltr'>ζώδιον</span> <span class='ocrx_word' id='word_1_672' title='bbox 2696 4658 2838 4712; x_wconf 85' lang='grc' dir='ltr'>κατὰ</span> <span class='ocrx_word' id='word_1_673' title='bbox 2877 4658 3025 4729; x_wconf 83' lang='grc' dir='ltr'>μῆνα</span> <span class='ocrx_word' id='word_1_674' title='bbox 3053 4661 3346 4718; x_wconf 80' lang='grc' dir='ltr'>ἓκαστον·ὁ</span> <span class='ocrx_word' id='word_1_675' title='bbox 3371 4666 3428 4718; x_wconf 84' lang='grc' dir='ltr'>δὲ</span> <span class='ocrx_word' id='word_1_676' title='bbox 3455 4667 3608 4738; x_wconf 76' lang='grc' dir='ltr'>ἥλιος</span> <span class='ocrx_word' id='word_1_677' title='bbox 3649 4671 3708 4721; x_wconf 82' lang='grc' dir='ltr'>ἐν</span> 
     </span>
    </p>
   </div>
   <div class='ocr_carea' id='block_1_93' title="bbox 433 4737 2015 4824">
    <p class='ocr_par' dir='ltr' id='par_1_93' title="bbox 433 4737 2015 4824">
     <span class='ocr_line' id='line_1_93' title="bbox 433 4737 2015 4824; baseline 0.015 -34"><span class='ocrx_word' id='word_1_678' title='bbox 433 4737 695 4807; x_wconf 76' lang='lat' dir='ltr'><strong>profectae</strong></span> <span class='ocrx_word' id='word_1_679' title='bbox 745 4752 893 4808; x_wconf 91' lang='lat' dir='ltr'><strong>sunt,</strong></span> <span class='ocrx_word' id='word_1_680' title='bbox 935 4758 1119 4800; x_wconf 89' lang='lat' dir='ltr'><strong>annuo</strong></span> <span class='ocrx_word' id='word_1_681' title='bbox 1169 4747 1459 4805; x_wconf 90' lang='lat' dir='ltr'><strong>intervallo</strong></span> <span class='ocrx_word' id='word_1_682' title='bbox 1513 4752 1861 4824; x_wconf 82' lang='lat' dir='ltr'><strong>referuntur;</strong></span> <span class='ocrx_word' id='word_1_683' title='bbox 1889 4773 2015 4812; x_wconf 88' lang='lat' dir='ltr'><strong>nam</strong></span> 
     </span>
    </p>
   </div>
   <div class='ocr_carea' id='block_1_94' title="bbox 433 4829 2017 4907">
    <p class='ocr_par' dir='ltr' id='par_1_94' title="bbox 433 4829 2017 4907">
     <span class='ocr_line' id='line_1_94' title="bbox 433 4829 2017 4907; baseline 0.015 -27"><span class='ocrx_word' id='word_1_684' title='bbox 433 4842 573 4896; x_wconf 89' lang='lat' dir='ltr'><strong>pene</strong></span> <span class='ocrx_word' id='word_1_685' title='bbox 600 4829 791 4884; x_wconf 86' lang='lat' dir='ltr'><strong>eadem</strong></span> <span class='ocrx_word' id='word_1_686' title='bbox 823 4832 1108 4890; x_wconf 87' lang='lat' dir='ltr'><strong>celeritate</strong></span> <span class='ocrx_word' id='word_1_687' title='bbox 1137 4837 1451 4907; x_wconf 89' lang='lat' dir='ltr'><strong>rapiuntur.</strong></span> <span class='ocrx_word' id='word_1_688' title='bbox 1481 4840 1564 4898; x_wconf 91' lang='lat' dir='ltr'><strong>0b</strong></span> <span class='ocrx_word' id='word_1_689' title='bbox 1593 4845 1648 4898; x_wconf 91' lang='lat' dir='ltr'><strong>id</strong></span> <span class='ocrx_word' id='word_1_690' title='bbox 1684 4846 1752 4901; x_wconf 88' lang='lat' dir='ltr'><strong>de</strong></span> <span class='ocrx_word' id='word_1_691' title='bbox 1797 4847 2017 4904; x_wconf 88' lang='lat' dir='ltr'><strong>illarum</strong></span> 
     </span>
    </p>
   </div>
   <div class='ocr_carea' id='block_1_95' title="bbox 433 4919 2018 5005">
    <p class='ocr_par' dir='ltr' id='par_1_95' title="bbox 433 4919 2018 5005">
     <span class='ocr_line' id='line_1_95' title="bbox 433 4919 2018 5005; baseline 0.015 -34"><span class='ocrx_word' id='word_1_692' title='bbox 433 4919 542 4972; x_wconf 90' lang='lat' dir='ltr'><strong>situ</strong></span> <span class='ocrx_word' id='word_1_693' title='bbox 574 4925 952 4980; x_wconf 87' lang='lat' dir='ltr'><strong>controversia</strong></span> <span class='ocrx_word' id='word_1_694' title='bbox 974 4927 1240 4985; x_wconf 88' lang='lat' dir='ltr'><strong>nascitur.</strong></span> <span class='ocrx_word' id='word_1_695' title='bbox 1271 4931 1477 4987; x_wconf 87' lang='lat' dir='ltr'><strong>Horum</strong></span> <span class='ocrx_word' id='word_1_696' title='bbox 1513 4937 1835 5005; x_wconf 89' lang='lat' dir='ltr'><strong>spatiorum,</strong></span> <span class='ocrx_word' id='word_1_697' title='bbox 1868 4941 2018 4995; x_wconf 90' lang='lat' dir='ltr'><strong>velut</strong></span> 
     </span>
    </p>
   </div>
   <div class='ocr_carea' id='block_1_96' title="bbox 434 5006 2012 5101">
    <p class='ocr_par' dir='ltr' id='par_1_96' title="bbox 434 5006 2012 5101">
     <span class='ocr_line' id='line_1_96' title="bbox 434 5006 2012 5101; baseline 0.018 -42"><span class='ocrx_word' id='word_1_698' title='bbox 434 5006 838 5079; x_wconf 85' lang='lat' dir='ltr'><strong>phtbongorum</strong></span> <span class='ocrx_word' id='word_1_699' title='bbox 870 5015 940 5069; x_wconf 93' lang='lat' dir='ltr'><strong>ab</strong></span> <span class='ocrx_word' id='word_1_700' title='bbox 970 5015 1174 5073; x_wconf 83' lang='lat' dir='ltr'><strong>inlimis</strong></span> <span class='ocrx_word' id='word_1_701' title='bbox 1218 5020 1356 5077; x_wconf 91' lang='lat' dir='ltr'><strong>locis</strong></span> <span class='ocrx_word' id='word_1_702' title='bbox 1385 5024 1454 5078; x_wconf 90' lang='lat' dir='ltr'><strong>ad</strong></span> <span class='ocrx_word' id='word_1_703' title='bbox 1503 5025 1789 5083; x_wconf 87' lang='lat' dir='ltr'><strong>zodiacum</strong></span> <span class='ocrx_word' id='word_1_704' title='bbox 1819 5046 2012 5101; x_wconf 87' lang='lat' dir='ltr'><strong>usque,</strong></span> 
     </span>
    </p>
   </div>
   <div class='ocr_carea' id='block_1_97' title="bbox 430 5097 2013 5184">
    <p class='ocr_par' dir='ltr' id='par_1_97' title="bbox 430 5097 2013 5184">
     <span class='ocr_line' id='line_1_97' title="bbox 430 5097 2013 5184; baseline 0.02 -35"><span class='ocrx_word' id='word_1_705' title='bbox 430 5097 778 5155; x_wconf 87' lang='lat' dir='ltr'><strong>intervallum</strong></span> <span class='ocrx_word' id='word_1_706' title='bbox 827 5104 1100 5174; x_wconf 88' lang='lat' dir='ltr'><strong>ejusmodi</strong></span> <span class='ocrx_word' id='word_1_707' title='bbox 1138 5120 1221 5168; x_wconf 90' lang='lat' dir='ltr'><strong>est</strong></span> <span class='ocrx_word' id='word_1_708' title='bbox 1258 5117 1404 5184; x_wconf 88' lang='lat' dir='ltr'><strong>quod</strong></span> <span class='ocrx_word' id='word_1_709' title='bbox 1452 5132 1484 5172; x_wconf 89' lang='lat' dir='ltr'><strong>a</strong></span> <span class='ocrx_word' id='word_1_710' title='bbox 1518 5120 1748 5177; x_wconf 88' lang='lat' dir='ltr'><strong>musicis</strong></span> <span class='ocrx_word' id='word_1_711' title='bbox 1787 5134 2013 5180; x_wconf 84' lang='lat' dir='ltr'><strong>vocatur</strong></span> 
     </span>
    </p>
   </div>
   <div class='ocr_carea' id='block_1_98' title="bbox 501 5456 2009 5554">
    <p class='ocr_par' dir='ltr' id='par_1_98' title="bbox 501 5456 2009 5554">
     <span class='ocr_line' id='line_1_98' title="bbox 501 5456 2009 5554; baseline 0.024 -44"><span class='ocrx_word' id='word_1_712' title='bbox 501 5456 570 5511; x_wconf 83' lang='lat' dir='ltr'><strong>At</strong></span> <span class='ocrx_word' id='word_1_713' title='bbox 619 5460 881 5530; x_wconf 72' lang='lat' dir='ltr'><strong>Chaldaei,</strong></span> <span class='ocrx_word' id='word_1_714' title='bbox 911 5471 1223 5527; x_wconf 90' lang='lat' dir='ltr'><strong>mortalium</strong></span> <span class='ocrx_word' id='word_1_715' title='bbox 1260 5478 1504 5534; x_wconf 90' lang='lat' dir='ltr'><strong>omnium</strong></span> <span class='ocrx_word' id='word_1_716' title='bbox 1554 5481 1715 5554; x_wconf 82' lang='lat' dir='ltr'><strong>longe</strong></span> <span class='ocrx_word' id='word_1_717' title='bbox 1745 5488 2009 5545; x_wconf 55' lang='lat' dir='ltr'><strong>curiosiso</strong></span> 
     </span>
    </p>
   </div>
   <div class='ocr_carea' id='block_1_99' title="bbox 428 5553 2001 5644">
    <p class='ocr_par' dir='ltr' id='par_1_99' title="bbox 428 5553 2001 5644">
     <span class='ocr_line' id='line_1_99' title="bbox 428 5553 2001 5644; baseline 0.022 -40"><span class='ocrx_word' id='word_1_718' title='bbox 428 5553 574 5644; x_wconf 63' lang='lat' dir='ltr'><strong>simi,</strong></span> <span class='ocrx_word' id='word_1_719' title='bbox 599 5557 720 5611; x_wconf 90' lang='lat' dir='ltr'><strong>ausi</strong></span> <span class='ocrx_word' id='word_1_720' title='bbox 751 5569 880 5614; x_wconf 90' lang='lat' dir='ltr'><strong>sunt</strong></span> <span class='ocrx_word' id='word_1_721' title='bbox 895 5577 1118 5620; x_wconf 90' lang='lat' dir='ltr'><strong>cursum</strong></span> <span class='ocrx_word' id='word_1_722' title='bbox 1149 5568 1284 5625; x_wconf 87' lang='lat' dir='ltr'><strong>solis</strong></span> <span class='ocrx_word' id='word_1_723' title='bbox 1307 5579 1471 5644; x_wconf 92' lang='lat' dir='ltr'><strong>atque</strong></span> <span class='ocrx_word' id='word_1_724' title='bbox 1492 5553 2001 5638; x_wconf 17' lang='lat' dir='ltr'><strong>horasidescribere.</strong></span> 
     </span>
    </p>
   </div>
   <div class='ocr_carea' id='block_1_100' title="bbox 428 5639 2000 5732">
    <p class='ocr_par' dir='ltr' id='par_1_100' title="bbox 428 5639 2000 5732">
     <span class='ocr_line' id='line_1_100' title="bbox 428 5639 2000 5732; baseline 0.022 -39"><span class='ocrx_word' id='word_1_725' title='bbox 428 5639 641 5697; x_wconf 85' lang='lat' dir='ltr'><strong>Etenim</strong></span> <span class='ocrx_word' id='word_1_726' title='bbox 672 5645 862 5704; x_wconf 87' lang='lat' dir='ltr'><strong>horam</strong></span> <span class='ocrx_word' id='word_1_727' title='bbox 893 5652 1062 5721; x_wconf 89' lang='lat' dir='ltr'><strong>illam,</strong></span> <span class='ocrx_word' id='word_1_728' title='bbox 1083 5671 1189 5726; x_wconf 87' lang='lat' dir='ltr'><strong>qua</strong></span> <span class='ocrx_word' id='word_1_729' title='bbox 1215 5658 1270 5712; x_wconf 92' lang='lat' dir='ltr'><strong>in</strong></span> <span class='ocrx_word' id='word_1_730' title='bbox 1300 5639 1644 5732; x_wconf 65' lang='lat' dir='ltr'><strong>aequinoctiis</strong></span> <span class='ocrx_word' id='word_1_731' title='bbox 1667 5670 2000 5728; x_wconf 85' lang='lat' dir='ltr'><strong>constitutus</strong></span> 
     </span>
    </p>
   </div>
   <div class='ocr_carea' id='block_1_101' title="bbox 496 5822 1252 5906">
    <p class='ocr_par' dir='ltr' id='par_1_101' title="bbox 496 5822 1252 5906">
     <span class='ocr_line' id='line_1_101' title="bbox 496 5822 1252 5906; baseline 0.02 -32"><span class='ocrx_word' id='word_1_732' title='bbox 496 5822 540 5854; x_wconf 82' lang='lat'>”</span> <span class='ocrx_word' id='word_1_733' title='bbox 569 5823 608 5891; x_wconf 79' lang='lat' dir='ltr'><strong>f.</strong></span> <span class='ocrx_word' id='word_1_734' title='bbox 659 5825 788 5894; x_wconf 81' lang='grc' dir='ltr'>ἔχει.</span> <span class='ocrx_word' id='word_1_735' title='bbox 866 5831 909 5861; x_wconf 66' lang='grc'><strong>9⁸</strong></span> <span class='ocrx_word' id='word_1_736' title='bbox 939 5831 978 5896; x_wconf 81' lang='grc' dir='ltr'>Ι.</span> <span class='ocrx_word' id='word_1_737' title='bbox 1012 5831 1252 5906; x_wconf 79' lang='grc' dir='ltr'>σελήνης.</span> 
     </span>
    </p>
   </div>
   <div class='ocr_carea' id='block_1_102' title="bbox 2120 4749 3706 4825">
    <p class='ocr_par' dir='ltr' id='par_1_102' title="bbox 2120 4749 3706 4825">
     <span class='ocr_line' id='line_1_102' title="bbox 2120 4749 3706 4825; baseline 0.007 -23"><span class='ocrx_word' id='word_1_738' title='bbox 2120 4750 2228 4816; x_wconf 83' lang='grc' dir='ltr'>τξε¹</span> <span class='ocrx_word' id='word_1_739' title='bbox 2256 4749 2493 4821; x_wconf 80' lang='grc' dir='ltr'>ἡμέραις</span> <span class='ocrx_word' id='word_1_740' title='bbox 2534 4749 2629 4802; x_wconf 79' lang='grc' dir='ltr'>καὶ</span> <span class='ocrx_word' id='word_1_741' title='bbox 2671 4749 2873 4820; x_wconf 83' lang='grc' dir='ltr'>λεπτῷ-</span> <span class='ocrx_word' id='word_1_742' title='bbox 2907 4749 2966 4813; x_wconf 86' lang='grc' dir='ltr'>ὂς</span> <span class='ocrx_word' id='word_1_743' title='bbox 2996 4751 3058 4822; x_wconf 81' lang='grc' dir='ltr'>δὴ</span> <span class='ocrx_word' id='word_1_744' title='bbox 3098 4755 3290 4825; x_wconf 89' lang='grc' dir='ltr'>χρόνος</span> <span class='ocrx_word' id='word_1_745' title='bbox 3320 4757 3562 4812; x_wconf 87' lang='grc' dir='ltr'>καλεῖται</span> <span class='ocrx_word' id='word_1_746' title='bbox 3600 4762 3706 4813; x_wconf 81' lang='grc' dir='ltr'>ἐνι-</span> 
     </span>
    </p>
   </div>
   <div class='ocr_carea' id='block_1_103' title="bbox 2121 4841 3705 4920">
    <p class='ocr_par' dir='ltr' id='par_1_103' title="bbox 2121 4841 3705 4920">
     <span class='ocr_line' id='line_1_103' title="bbox 2121 4841 3705 4920; baseline 0.006 -25"><span class='ocrx_word' id='word_1_747' title='bbox 2121 4842 2284 4905; x_wconf 85' lang='grc' dir='ltr'>αυτὸς</span> <span class='ocrx_word' id='word_1_748' title='bbox 2309 4841 2553 4912; x_wconf 84' lang='grc' dir='ltr'>ἡλιακός.</span> <span class='ocrx_word' id='word_1_749' title='bbox 2602 4842 2833 4913; x_wconf 85' lang='grc' dir='ltr'>Ὁμοίως</span> <span class='ocrx_word' id='word_1_750' title='bbox 2865 4842 2922 4895; x_wconf 87' lang='grc' dir='ltr'><strong>δὲ</strong></span> <span class='ocrx_word' id='word_1_751' title='bbox 2955 4844 3096 4898; x_wconf 82' lang='grc' dir='ltr'><strong>καὶὸ</strong></span> <span class='ocrx_word' id='word_1_752' title='bbox 3125 4846 3222 4916; x_wconf 82' lang='grc' dir='ltr'><strong>τῆς</strong></span> <span class='ocrx_word' id='word_1_753' title='bbox 3263 4846 3579 4920; x_wconf 71' lang='grc' dir='ltr'>Ἀφροδίτης</span> <span class='ocrx_word' id='word_1_754' title='bbox 3611 4855 3705 4905; x_wconf 75' lang='grc' dir='ltr'><strong>καὶ</strong></span> 
     </span>
    </p>
   </div>
   <div class='ocr_carea' id='block_1_104' title="bbox 2118 4932 3704 5006">
    <p class='ocr_par' dir='ltr' id='par_1_104' title="bbox 2118 4932 3704 5006">
     <span class='ocr_line' id='line_1_104' title="bbox 2118 4932 3704 5006; baseline 0.004 -18"><span class='ocrx_word' id='word_1_755' title='bbox 2118 4935 2214 4989; x_wconf 92' lang='grc' dir='ltr'><strong>τοῦ</strong></span> <span class='ocrx_word' id='word_1_756' title='bbox 2251 4932 2456 5006; x_wconf 86' lang='grc' dir='ltr'>Ἑρμοῦ</span> <span class='ocrx_word' id='word_1_757' title='bbox 2487 4934 2583 4988; x_wconf 86' lang='grc' dir='ltr'><strong>σὺν</strong></span> <span class='ocrx_word' id='word_1_758' title='bbox 2610 4933 2688 5004; x_wconf 80' lang='grc' dir='ltr'><strong>τῷ</strong></span> <span class='ocrx_word' id='word_1_759' title='bbox 2716 4934 2850 5006; x_wconf 82' lang='grc' dir='ltr'>ἡλίῳ</span> <span class='ocrx_word' id='word_1_760' title='bbox 2882 4936 2951 4988; x_wconf 86' lang='grc' dir='ltr'>δι’</span> <span class='ocrx_word' id='word_1_761' title='bbox 2978 4937 3226 4990; x_wconf 82' lang='grc' dir='ltr'>ἐνιαυτοῦ</span> <span class='ocrx_word' id='word_1_762' title='bbox 3255 4939 3364 4992; x_wconf 84' lang='grc' dir='ltr'>ἀπὸ</span> <span class='ocrx_word' id='word_1_763' title='bbox 3396 4939 3587 5004; x_wconf 86' lang='grc' dir='ltr'>ζωδίου</span> <span class='ocrx_word' id='word_1_764' title='bbox 3611 4944 3704 4995; x_wconf 75' lang='grc' dir='ltr'>ἐπὶ</span> 
     </span>
    </p>
   </div>
   <div class='ocr_carea' id='block_1_105' title="bbox 2119 5027 3703 5104">
    <p class='ocr_par' dir='ltr' id='par_1_105' title="bbox 2119 5027 3703 5104">
     <span class='ocr_line' id='line_1_105' title="bbox 2119 5027 3703 5104; baseline 0.005 -23"><span class='ocrx_word' id='word_1_765' title='bbox 2119 5028 2308 5094; x_wconf 88' lang='grc' dir='ltr'>ζώδιον</span> <span class='ocrx_word' id='word_1_766' title='bbox 2343 5027 2767 5099; x_wconf 73' lang='grc' dir='ltr'>παραγίνονταιο</span> <span class='ocrx_word' id='word_1_767' title='bbox 2799 5030 2986 5099; x_wconf 77' lang='grc' dir='ltr'>σχεδὸν</span> <span class='ocrx_word' id='word_1_768' title='bbox 3011 5031 3118 5104; x_wconf 86' lang='grc' dir='ltr'>γὰρ</span> <span class='ocrx_word' id='word_1_769' title='bbox 3149 5033 3417 5103; x_wconf 78' lang='grc' dir='ltr'>ἰσοταχεῖς</span> <span class='ocrx_word' id='word_1_770' title='bbox 3457 5036 3581 5090; x_wconf 87' lang='grc' dir='ltr'>είσι.</span> <span class='ocrx_word' id='word_1_771' title='bbox 3611 5037 3703 5089; x_wconf 77' lang='grc' dir='ltr'>Διὸ</span> 
     </span>
    </p>
   </div>
   <div class='ocr_carea' id='block_1_106' title="bbox 2117 5119 3699 5196">
    <p class='ocr_par' dir='ltr' id='par_1_106' title="bbox 2117 5119 3699 5196">
     <span class='ocr_line' id='line_1_106' title="bbox 2117 5119 3699 5196; baseline 0.003 -21"><span class='ocrx_word' id='word_1_772' title='bbox 2117 5122 2213 5176; x_wconf 74' lang='grc' dir='ltr'>καὶ</span> <span class='ocrx_word' id='word_1_773' title='bbox 2243 5120 2509 5190; x_wconf 82' lang='grc' dir='ltr'>διάφωνος</span> <span class='ocrx_word' id='word_1_774' title='bbox 2528 5119 2774 5192; x_wconf 73' lang='grc' dir='ltr'>αύτῶνὴ</span> <span class='ocrx_word' id='word_1_775' title='bbox 2810 5122 2980 5189; x_wconf 83' lang='grc' dir='ltr'>τάξις.</span> <span class='ocrx_word' id='word_1_776' title='bbox 3014 5124 3231 5177; x_wconf 88' lang='grc' dir='ltr'>Τούτων</span> <span class='ocrx_word' id='word_1_777' title='bbox 3259 5125 3323 5196; x_wconf 85' lang='grc' dir='ltr'>δὴ</span> <span class='ocrx_word' id='word_1_778' title='bbox 3349 5125 3455 5180; x_wconf 85' lang='grc' dir='ltr'>τῶν</span> <span class='ocrx_word' id='word_1_779' title='bbox 3477 5127 3699 5196; x_wconf 89' lang='grc' dir='ltr'>διαστη-</span> 
     </span>
    </p>
   </div>
   <div class='ocr_carea' id='block_1_107' title="bbox 2120 5198 3698 5288">
    <p class='ocr_par' dir='ltr' id='par_1_107' title="bbox 2120 5198 3698 5288">
     <span class='ocr_line' id='line_1_107' title="bbox 2120 5198 3698 5288; baseline 0.003 -22"><span class='ocrx_word' id='word_1_780' title='bbox 2120 5198 2306 5282; x_wconf 86' lang='grc' dir='ltr'>μάτων</span> <span class='ocrx_word' id='word_1_781' title='bbox 2336 5212 2446 5266; x_wconf 85' lang='grc' dir='ltr'><strong>τῶν</strong></span> <span class='ocrx_word' id='word_1_782' title='bbox 2474 5211 2726 5280; x_wconf 88' lang='grc' dir='ltr'>φθόγγων</span> <span class='ocrx_word' id='word_1_783' title='bbox 2753 5213 2863 5266; x_wconf 85' lang='grc' dir='ltr'><strong>άπὸ</strong></span> <span class='ocrx_word' id='word_1_784' title='bbox 2895 5214 3006 5269; x_wconf 86' lang='grc' dir='ltr'>τῶν</span> <span class='ocrx_word' id='word_1_785' title='bbox 3045 5215 3342 5269; x_wconf 88' lang='grc' dir='ltr'>κατωτάτω</span> <span class='ocrx_word' id='word_1_786' title='bbox 3369 5216 3548 5270; x_wconf 84' lang='grc' dir='ltr'>τόπων</span> <span class='ocrx_word' id='word_1_787' title='bbox 3598 5220 3698 5288; x_wconf 88' lang='grc' dir='ltr'>μέ-</span> 
     </span>
    </p>
   </div>
   <div class='ocr_carea' id='block_1_108' title="bbox 2115 5303 3697 5381">
    <p class='ocr_par' dir='ltr' id='par_1_108' title="bbox 2115 5303 3697 5381">
     <span class='ocr_line' id='line_1_108' title="bbox 2115 5303 3697 5381; baseline 0.004 -23"><span class='ocrx_word' id='word_1_788' title='bbox 2115 5323 2208 5376; x_wconf 88' lang='grc' dir='ltr'><strong>χρι</strong></span> <span class='ocrx_word' id='word_1_789' title='bbox 2249 5304 2344 5360; x_wconf 90' lang='grc' dir='ltr'><strong>τοῦ</strong></span> <span class='ocrx_word' id='word_1_790' title='bbox 2390 5303 2656 5369; x_wconf 79' lang='grc' dir='ltr'>ζωδιακοῦ</span> <span class='ocrx_word' id='word_1_791' title='bbox 2689 5305 2896 5375; x_wconf 88' lang='grc' dir='ltr'>γίνεται</span> <span class='ocrx_word' id='word_1_792' title='bbox 2941 5307 3217 5378; x_wconf 87' lang='grc' dir='ltr'>διάστημα</span> <span class='ocrx_word' id='word_1_793' title='bbox 3251 5310 3569 5380; x_wconf 87' lang='grc' dir='ltr'>συμφωνίας</span> <span class='ocrx_word' id='word_1_794' title='bbox 3600 5315 3697 5381; x_wconf 77' lang='grc' dir='ltr'>τῆς</span> 
     </span>
    </p>
   </div>
   <div class='ocr_carea' id='block_1_109' title="bbox 2116 5397 3387 5472">
    <p class='ocr_par' dir='ltr' id='par_1_109' title="bbox 2116 5397 3387 5472">
     <span class='ocr_line' id='line_1_109' title="bbox 2116 5397 3387 5472; baseline 0.004 -22"><span class='ocrx_word' id='word_1_795' title='bbox 2116 5397 2270 5468; x_wconf 80' lang='grc' dir='ltr'>παρὰ</span> <span class='ocrx_word' id='word_1_796' title='bbox 2305 5401 2418 5461; x_wconf 87' lang='grc' dir='ltr'>τοῖς</span> <span class='ocrx_word' id='word_1_797' title='bbox 2448 5400 2725 5468; x_wconf 87' lang='grc' dir='ltr'>μουσικοῖς</span> <span class='ocrx_word' id='word_1_798' title='bbox 2750 5399 3049 5472; x_wconf 84' lang='grc' dir='ltr'>λεγομένης</span> <span class='ocrx_word' id='word_1_799' title='bbox 3087 5400 3387 5455; x_wconf 83' lang='grc' dir='ltr'>διαπασῶν.</span> 
     </span>
    </p>
   </div>
   <div class='ocr_carea' id='block_1_110' title="bbox 2174 5490 3694 5564">
    <p class='ocr_par' dir='ltr' id='par_1_110' title="bbox 2174 5490 3694 5564">
     <span class='ocr_line' id='line_1_110' title="bbox 2174 5490 3694 5564; baseline 0.002 -22"><span class='ocrx_word' id='word_1_800' title='bbox 2174 5490 2442 5544; x_wconf 84' lang='grc' dir='ltr'>’Χαλδαῖοι</span> <span class='ocrx_word' id='word_1_801' title='bbox 2485 5491 2561 5558; x_wconf 82' lang='grc' dir='ltr'><strong>δὲ,</strong></span> <span class='ocrx_word' id='word_1_802' title='bbox 2596 5491 3008 5562; x_wconf 84' lang='grc' dir='ltr'>περιεργότατοι</span> <span class='ocrx_word' id='word_1_803' title='bbox 3052 5494 3354 5564; x_wconf 89' lang='grc' dir='ltr'>γενόμενοι,</span> <span class='ocrx_word' id='word_1_804' title='bbox 3393 5492 3694 5564; x_wconf 81' lang='grc' dir='ltr'>ἐτόλμησαν</span> 
     </span>
    </p>
   </div>
   <div class='ocr_carea' id='block_1_111' title="bbox 2113 5580 3695 5657">
    <p class='ocr_par' dir='ltr' id='par_1_111' title="bbox 2113 5580 3695 5657">
     <span class='ocr_line' id='line_1_111' title="bbox 2113 5580 3695 5657; baseline 0.002 -24"><span class='ocrx_word' id='word_1_805' title='bbox 2113 5580 2205 5634; x_wconf 85' lang='grc' dir='ltr'><strong>τοῦ</strong></span> <span class='ocrx_word' id='word_1_806' title='bbox 2242 5581 2391 5651; x_wconf 81' lang='grc' dir='ltr'>ἡλίου</span> <span class='ocrx_word' id='word_1_807' title='bbox 2425 5585 2514 5636; x_wconf 83' lang='grc' dir='ltr'><strong>τδν</strong></span> <span class='ocrx_word' id='word_1_808' title='bbox 2545 5583 2741 5654; x_wconf 80' lang='grc' dir='ltr'>δρόμον</span> <span class='ocrx_word' id='word_1_809' title='bbox 2767 5584 2860 5636; x_wconf 81' lang='grc' dir='ltr'><strong>καὶ</strong></span> <span class='ocrx_word' id='word_1_810' title='bbox 2890 5584 2988 5647; x_wconf 83' lang='grc' dir='ltr'><strong>τὰς</strong></span> <span class='ocrx_word' id='word_1_811' title='bbox 3017 5584 3165 5657; x_wconf 83' lang='grc' dir='ltr'>ὥρας</span> <span class='ocrx_word' id='word_1_812' title='bbox 3193 5584 3548 5656; x_wconf 89' lang='grc' dir='ltr'>διορίσασθαι.</span> <span class='ocrx_word' id='word_1_813' title='bbox 3586 5584 3695 5654; x_wconf 81' lang='grc' dir='ltr'><strong>Τὴν</strong></span> 
     </span>
    </p>
   </div>
   <div class='ocr_carea' id='block_1_112' title="bbox 2112 5673 3695 5748">
    <p class='ocr_par' dir='ltr' id='par_1_112' title="bbox 2112 5673 3695 5748">
     <span class='ocr_line' id='line_1_112' title="bbox 2112 5673 3695 5748; baseline 0.003 -23"><span class='ocrx_word' id='word_1_814' title='bbox 2112 5673 2218 5745; x_wconf 74' lang='grc' dir='ltr'><strong>γὰρ</strong></span> <span class='ocrx_word' id='word_1_815' title='bbox 2265 5675 2320 5730; x_wconf 84' lang='grc' dir='ltr'>ἐν</span> <span class='ocrx_word' id='word_1_816' title='bbox 2367 5678 2484 5738; x_wconf 87' lang='grc' dir='ltr'>ταῖς</span> <span class='ocrx_word' id='word_1_817' title='bbox 2528 5675 2836 5746; x_wconf 81' lang='grc' dir='ltr'>ἰσημερίαις</span> <span class='ocrx_word' id='word_1_818' title='bbox 2884 5675 3031 5748; x_wconf 81' lang='grc' dir='ltr'>ὥραν</span> <span class='ocrx_word' id='word_1_819' title='bbox 3077 5677 3265 5743; x_wconf 86' lang='grc' dir='ltr'>αὐτοῦ,</span> <span class='ocrx_word' id='word_1_820' title='bbox 3307 5676 3426 5730; x_wconf 79' lang='grc' dir='ltr'>καθ’</span> <span class='ocrx_word' id='word_1_821' title='bbox 3455 5676 3520 5746; x_wconf 80' lang='grc' dir='ltr'>ἢν</span> <span class='ocrx_word' id='word_1_822' title='bbox 3567 5677 3695 5736; x_wconf 73' lang='grc' dir='ltr'>ἴσως</span> 
     </span>
    </p>
   </div>
  </div>
