4166 6408
419 393 524 450 .957

1173 393 1495 452 ACHILLIS
1527 394 1711 450 ΤΔΤΙΙ
1752 392 2051 452 lSAGOGE
2089 393 2181 449 AD
2217 391 2428 448 ARATI
2465 392 2937 452 ΡΗᾹΞΝΟΜΕΝΛ.

3567 392 3663 448 358

420 508 688 579 διέρχεται
719 509 810 564 τὸν
835 510 1015 574 πόλον,
1047 513 1125 575 είς
1147 511 1190 564 λ’
1222 513 1382 584 ὅρους
1414 515 1743 584 μερίζουσιν⁹
1770 513 1910 568 ὥστε
1939 513 1989 566 τί

2104 513 2288 584 polum
2321 529 2388 569 ex
2416 528 2575 584 aequo
2600 514 2938 570 transeundo
2970 513 3183 580 dividit,
3214 511 3270 568 in
3288 511 3526 568 tricenos
3557 521 3667 568 ter-

422 599 466 652 )!
498 599 666 670 μέρος
697 600 797 671 τῆς
827 600 996 672 ὧρας,
1022 602 1122 672 τῆς
1151 604 1209 654 ἐν
1234 606 1299 674 τῇ
1330 605 1614 675 ίσημερινῇ
1641 604 1844 674 ἡμέρᾳ,
1873 603 1997 673 ὅρον

421 689 675 759 λέγεσθαι
728 692 822 744 τοῦ
868 691 1068 764 δρόμου
1117 693 1214 746 τοῦ
1263 694 1435 764 ἡλίου.
1481 695 1710 764 Λέγουσι
1740 694 1798 748 δὲ
1837 693 1996 748 πάλιν

422 781 612 854 ἀνδρὸς
660 783 905 851 πορείαν,
945 785 1080 855 μήτε
1120 785 1404 854 τρέχοντος
1459 787 1594 856 μήτε
1630 785 1813 857 ἡρέμα
1849 785 1992 855 βαδί-

421 871 623 936 ζοντος,
645 873 779 946 μήτε
813 872 1065 944 γέροντος
1100 876 1235 946 μήτε
1265 875 1476 940 παιδὸς,
1493 875 1591 947 τὴν
1613 875 1836 947 πορείαν
1858 872 1995 930 εἶναι

418 962 514 1016 τοῦ
547 962 722 1034 ἡλίου,
755 964 847 1017 καὶ
876 964 918 1015 λ’
951 964 1179 1019 σταδίων
1201 965 1460 1036 καθαρῶν
1484 962 1646 1020 εἶναι.

500 1054 714 1126 Ἐπειδὴ
741 1054 799 1106 δὲ
827 1054 1054 1126 εἴπομεν
1077 1055 1584 1129 καθυποῦεϐηκέναι
1609 1058 1734 1121 τοὺς
1760 1057 1996 1128 ἀστέρας

417 1146 541 1209 τοὺς
589 1146 864 1218 πλάνητας
901 1147 1008 1203 τῶν
1051 1149 1255 1213 ἐπάνω,
1282 1151 1376 1203 καὶ
1403 1149 1501 1223 τὴν
1531 1151 1792 1205 ἀνωτάτω
1819 1151 1993 1222 ζώνην

417 1237 562 1308 ἔχειν
607 1237 699 1293 τὸν
752 1239 846 1293 τοῦ
889 1241 1122 1311 Κρόνου,
1152 1243 1252 1313 τὴν
1291 1243 1348 1296 δὲ
1395 1243 1534 1314 μετά
1563 1243 1766 1316 ταύτην
1789 1245 1880 1297 τὸν
1902 1243 1992 1296 τοῦ

415 1331 558 1398 Διὸς,
590 1332 689 1405 τὴν
721 1332 777 1385 δὲ
805 1335 994 1404 τρίτην
1019 1334 1109 1387 τὸν
1131 1334 1226 1388 τοῦ
1258 1337 1473 1407 Ἀρεος,
1499 1338 1594 1390 καὶ
1627 1335 1858 1408 καθεξῆς
1887 1337 1992 1391 τῶν

417 1421 591 1477 ἄλλων
609 1439 623 1453 ο
659 1422 788 1488 ἴσως
811 1425 878 1478 ἂν
911 1425 1166 1497 ζητήσειέ
1193 1444 1275 1491 τις
1298 1426 1414 1490 πῶς
1443 1446 1643 1500 φαμεν,
1668 1431 1715 1482 εί
1739 1429 1881 1482 οὕτω
1902 1429 1994 1481 τύ-

414 1528 522 1581 χοι,
553 1513 761 1584 Κρόνον
787 1515 880 1568 καὶ
910 1515 1060 1597 ἥλιον
1093 1519 1151 1570 ἐν
1181 1517 1338 1589 Κριῷ
1370 1515 1506 1573 εἶναι
1529 1537 1542 1549 ο
1567 1520 1600 1590 ἢ
1642 1520 1871 1590 σελήνην
1899 1520 1994 1573 καὶ

415 1602 514 1656 Δία
568 1604 625 1658 ὲν
674 1605 898 1676 Ταύρῳ·
927 1606 960 1677 ἢ
992 1607 1184 1672 ἄλλους
1239 1612 1393 1674 τινὰς
1426 1610 1660 1682 ἀστέρας
1695 1612 1908 1664 σύνοδον
1923 1613 1989 1675 ⁸⁷,

2099 602 2280 661 minos
2303 602 2582 670 dividunt,
2607 603 2745 658 adeo
2764 611 2823 659 ut
2848 603 3126 660 tricesima
3142 617 3270 674 pars
3285 602 3456 668 horae,
3471 617 3594 674 quae
3612 602 3667 657 in

2098 694 2463 764 aequinoctiali
2493 695 2582 751 die
2612 693 2693 759 ﬁt,
2718 697 3012 752 terminum
3039 695 3236 753 solaris
3259 709 3457 754 cursus
3488 694 3669 749 nomi-

2097 793 2250 843 nent.
2281 785 2552 842 Asserunt
2577 794 2843 858 praeterea
2874 787 2978 844 iter
3013 788 3138 852 viri,
3169 787 3265 858 qui
3291 800 3471 857 neque
3501 800 3669 841 cursu

2099 879 2327 944 feratur,
2361 895 2538 950 neque
2581 880 2727 937 lente
2756 881 3056 951 gradiatur,
3086 894 3266 950 neque
3288 893 3453 936 senex
3477 878 3550 934 sit
3575 880 3670 932 aut

2097 986 2256 1043 puer,
2296 973 2429 1029 solis
2456 973 2560 1029 iter
2585 988 2730 1039 esse,
2752 987 2817 1028 ac
2841 973 3048 1028 tricena
3077 986 3200 1028 esse
3219 984 3370 1026 mera
3397 967 3591 1025 stadia.

2133 1053 2143 1061 ’
2166 1058 2302 1114 Cum
2328 1068 2510 1116 autem
2538 1061 2788 1132 planetas
2809 1061 3110 1118 dixerimus
3132 1058 3510 1130 superioribus
3537 1056 3670 1114 stel-

2097 1150 2167 1206 lis
2224 1152 2501 1222 subjectos
2546 1168 2693 1218 esse,
2727 1169 2793 1210 ac
2833 1166 3146 1224 supremam
3182 1164 3375 1206 zonam
3423 1150 3671 1204 obtinere

2097 1240 2416 1310 Saturnum,
2460 1246 2766 1315 proximam
2815 1245 2884 1300 ab
2935 1260 3022 1310 eo,
3051 1242 3262 1309 Jovem,
3292 1240 3509 1297 tertiam
3544 1254 3669 1296 esse

2080 1334 2308 1402 Martis,
2359 1351 2423 1391 ac
2483 1336 2742 1407 deinceps
2797 1341 3045 1400 caeteros,
3077 1341 3283 1405 quaeret
3318 1331 3518 1402 aliquis
3550 1329 3666 1384 for-

2094 1434 2263 1494 tasse,
2295 1427 2569 1497 quomodo
2587 1428 2698 1483 dici
2723 1428 2914 1494 soleat,
2938 1424 3258 1490 Saturnum,
3285 1423 3518 1493 exempli
3545 1435 3667 1493 gra-

2092 1520 2188 1586 tia,
2217 1521 2303 1576 vel
2364 1521 2542 1576 solem
2603 1522 2661 1576 in
2701 1521 2887 1577 Ariete
2935 1519 3179 1585 versari;
3213 1524 3308 1573 aut
3343 1517 3550 1582 lunam,
3580 1513 3666 1570 vel

2091 1602 2280 1660 Jovem
2311 1605 2367 1660 in
2394 1605 2608 1672 Tauro;
2635 1607 2720 1662 vel
2745 1606 2884 1662 alias
2904 1604 3088 1662 stellas
3104 1604 3178 1659 ibi
3201 1603 3259 1658 in
3285 1601 3496 1673 synodo
3521 1613 3665 1666 esse,

414 1695 576 1750 ὁπότε
604 1698 678 1768 μή
716 1700 853 1754 εἰσιν
884 1702 942 1753 ὲν
972 1700 1050 1771 τῷ
1081 1702 1230 1772 αὐτῷ
1264 1703 1387 1772 ὕψει
1418 1707 1723 1774 φερόμενοι.
1760 1704 1989 1758 Λεκτέον

2093 1715 2217 1754 cum
2267 1699 2324 1753 in
2366 1698 2556 1755 eadem
2608 1699 2895 1756 altitudine
2923 1715 3046 1757 esse
3090 1702 3385 1768 nequeant.
3415 1693 3556 1749 Huic
3592 1694 3668 1748 ita

414 1785 493 1850 δὲ,
509 1787 589 1840 ὅτι
611 1788 702 1842 ὑπ’
718 1789 978 1860 ἀλλήλους
1002 1791 1153 1856 ὄντες
1175 1793 1294 1846 τότε
1324 1794 1571 1857 συνόδους
1591 1793 1989 1858 ποιοῦσιν,ὃταν

2092 1790 2510 1860 respondemus,
2565 1805 2690 1845 cum
2739 1789 2844 1844 sibi
2888 1789 3120 1845 invicem
3160 1787 3408 1856 subjecta
3440 1789 3571 1840 sunt
3601 1796 3668 1838 ea

415 1869 558 1924 κατά
586 1871 812 1927 κάθετον
841 1874 1083 1944 ἀλλήλων
1137 1877 1420 1944 γένωνται.
1457 1879 1665 1932 Είδέναι
1693 1879 1750 1932 δὲ
1771 1878 1896 1949 χρὴ,
1921 1878 1989 1942 ὡς

2096 1881 2298 1946 sidera,
2325 1881 2592 1952 synodum
2623 1881 2835 1946 facere;
2853 1894 2978 1934 cum
3005 1877 3262 1934 videlicet
3274 1875 3481 1930 directe
3495 1885 3664 1928 unum

411 1962 464 2014 οἱ
485 1963 806 2034 ἀστρονόμοι
844 1965 1046 2020 διδόασι
1077 1964 1252 2030 ζώνας
1277 1969 1384 2022 τῶν
1419 1969 1704 2040 πλανήτων
1727 1969 1988 2040 ἀστέρων.

2095 1973 2252 2029 alteri
2303 1973 2613 2043 subjicitur.
2650 1972 2948 2028 Sciendum
2996 1978 3180 2026 tamen
3210 1975 3295 2024 est
3320 1975 3667 2022 astronomos

425 2054 486 2106 '0
536 2055 594 2106 δὲ
651 2056 873 2109 Πλάτων
931 2058 1167 2130 σφαίρας
1216 2058 1354 2113 εἶναι
1382 2061 1527 2128 λέγει
1566 2062 1692 2132 μίαν
1724 2060 1829 2114 ὑπὸ
1864 2061 1989 2130 μίαν

2093 2064 2330 2135 planetis
2360 2063 2601 2120 circulos
2633 2063 2936 2134 assignare,
2965 2061 3248 2117 Platonem
3267 2072 3398 2115 vero
3424 2056 3667 2128 sphaeras

413 2147 647 2218 ἑκάστῳ.
691 2149 748 2202 Ὁ
775 2150 831 2203 δὲ
863 2151 1117 2222 Ἀρατος,
1145 2151 1275 2222 περὶ
1307 2151 1414 2205 τῶν
1444 2153 1602 2206 πέντε
1633 2152 1831 2221 λέγειν
1855 2169 1992 2223 παρ-

413 2241 796 2311 αιτησάμενος.
834 2244 971 2312 μετά
1004 2245 1104 2316 τὴν
1148 2245 1257 2298 τῶν
1296 2245 1637 2314 φαινομένων
1671 2244 1833 2310 δεῖξιν
1864 2243 1992 2316 περὶ

410 2331 562 2401 ἡλίου
592 2333 686 2386 καὶ
719 2333 948 2406 σελήνης
973 2335 1140 2404 λέγει.

479 2519 601 2572 Τῶν
647 2519 703 2572 δὲ
754 2521 998 2592 ἀστέρων
1041 2523 1091 2576 οἱ
1130 2522 1231 2593 μὲν
1281 2522 1538 2587 ἀπλανεῖς
1577 2523 1876 2594 ὲναρὴρασι
1912 2522 1990 2594 τῷ

408 2612 645 2683 οὐρανῷ,
681 2613 774 2666 καί
823 2616 959 2667 εἰσιν
1015 2614 1262 2685 ἀκίνητοι
1322 2615 1462 2668 κατά
1502 2615 1595 2669 τὸν
1633 2615 1761 2668 ἴδιον
1797 2615 1984 2684 λόγον·

411 2706 916 2778 συμπεριφέρονται
950 2708 1007 2761 δὲ
1050 2710 1114 2778 τῇ
1153 2708 1300 2781 ῥύμῃ
1331 2708 1426 2762 τοῦ
1463 2708 1818 2780 ούρανοῦ,ἀεὶ
1853 2708 1989 2762 κατά

409 2797 482 2850 τὰ
536 2798 676 2852 αὑτά
722 2799 815 2852 καὶ
857 2799 1119 2863 ὡσαύτως
1160 2799 1407 2865 δύνοντες
1453 2801 1546 2854 καὶ
1578 2798 1984 2864 ἀνατέλλοντες·

405 2889 491 2944 διὸ
539 2890 632 2942 καὶ
691 2890 951 2955 ἀπλανεῖς
1005 2892 1335 2963 ἐκλήθησαν.
1362 2891 1544 2945 Ἀλλοι
1581 2892 1638 2945 δέ
1681 2893 1818 2944 εἰσιν
1852 2890 1990 2944 ἐπτά

410 2983 640 3054 ἀστέρες
673 2983 968 3055 κατωτέρω
1019 2983 1112 3037 τοῦ
1158 2984 1388 3056 οὐρανοῦ
1435 2986 1492 3037 ὲν
1539 2983 1619 3054 τῷ
1661 2985 1868 3055 ἀέριθθ,
1897 2984 1991 3037 καὶ

413 3075 557 3138 ἰδίως
586 3076 680 3128 καὶ
721 3076 860 3146 μετὰ
902 3075 995 3128 τοῦ
1032 3076 1260 3145 ούρανοῦ
1293 3075 1630 3147 κινούμενον
1666 3077 1861 3140 οἵτινες
1911 3074 1990 3146 τῷ

409 3167 550 3220 ἰδίαν
604 3169 814 3238 κίνησιν
878 3167 1043 3238 ἔχειν,
1083 3169 1176 3222 κα)⁸
1240 3169 1315 3241 μὴ
1364 3170 1628 3243 ἀρηρέναι
1653 3170 1728 3241 τῷ
1752 3171 1986 3242 οὐρανῷ,

409 3259 527 3313 ἀλλ’
561 3261 619 3314 ἐν
647 3260 724 3332 τῷ
756 3259 931 3332 αἰθέρι
966 3261 1245 3332 φέρεσθαι,
1274 3259 1397 3314 οὔτε
1427 3261 1571 3316 κατά
1592 3263 1660 3315 τὰ
1693 3262 1831 3316 αὐτὰ
1867 3261 1988 3315 οὔτε

404 3351 670 3416 ὡσαύτως
695 3353 1043 3406 ἀνατέλλουσι
1064 3372 1076 3385 ·
1104 3353 1184 3406 διὸ
1213 3353 1351 3425 πρὸς
1383 3353 1669 3425 σύγκρισιν
1691 3355 1798 3408 τῶν
1818 3355 1992 3409 ἀπλα-

407 3442 517 3496 νῶν
546 3443 816 3514 πλάνητες
853 3444 1122 3513 λέγονται.
1154 3446 1218 3499 Οἱ
1247 3445 1306 3498 δὲ
1346 3446 1704 3518 Πυθαγόρειοι
1735 3447 1794 3499 οὐ
1832 3447 1990 3516 μόνον

407 3535 536 3600 τοὺς
582 3535 860 3607 πλάνητας
902 3537 1037 3591 ἰδίαν
1067 3537 1278 3608 κίνησιν
1322 3536 1467 3608 ἔχειν
1515 3537 1859 3608 φασ“ιν,ἁλλά
1897 3539 1990 3592 καὶ

407 3629 535 3690 τοὺς
574 3628 865 3692 ἀπλανεῖς·
900 3629 1043 3682 οὕτω
1097 3630 1278 3700 μέντοι
1311 3630 1579 3685 κινεῖσθαι
1613 3630 1689 3694 ὡς
1718 3630 1989 3701 τρύπανον

409 3714 849 3785 περιδινούμενον
888 3720 1018 3788 περὶ
1043 3718 1137 3771 τὸν
1166 3717 1332 3772 αὐτὸν
1367 3720 1552 3774 τόπον.
1589 3719 1889 3774 Ἐκλείπειν
1933 3721 1989 3774 δὲ

407 3807 636 3870 ἕκαστος
680 3810 801 3863 τότε
834 3809 940 3864 τῶν
977 3811 1224 3883 ἀστέρων
1247 3812 1412 3876 δοκεῖ,
1436 3814 1546 3876 ὅτε,
1576 3815 1987 3885 προσγειότερος

409 3899 575 3954 αὑτοῦ
610 3902 750 3956 κατὰ
779 3903 1006 3958 κάθετον
1032 3905 1342 3976 γενόμενος,
1371 3906 1675 3960 ὑπεισέλθοι
1701 3906 1797 3979 τὴν
1817 3907 1990 3979 αὐγὴν

408 3991 504 4046 τοῦ
542 3993 711 4062 ἡλίου.

1008 4191 1149 4261 Περὶ
1189 4193 1386 4261 ἡλίου.

481 4279 567 4333 ιϐ’.
615 4282 806 4334 Πολλοὶ
861 4282 968 4335 τῶν
1023 4285 1464 4356 ἐπιφανεστέρων
1491 4285 1618 4356 περὶ
1641 4286 1684 4318 9’
1715 4285 1865 4356 ἡλίου
1896 4283 1990 4338 καὶ

409 4373 640 4445 σελήνης
697 4374 1247 4446 ἐπραγματεύσαντο·
1304 4377 1409 4448 ἰδίᾳ
1461 4377 1518 4430 δὲ
1561 4379 1654 4430 καὶ
1709 4379 1838 4449 περὶ
1882 4377 1989 4430 τῶν

408 4467 590 4520 πέντε.
644 4465 735 4519 Διὸ
785 4467 878 4521 καὶ
921 4468 1154 4538 Ἀρατος
1199 4468 1342 4532 ἰδίως
1393 4470 1491 4540 μὲν
1536 4469 1663 4540 περὶ
1709 4470 1859 4539 ἡλίου
1895 4470 1988 4521 καὶ

2017 3213 2058 3269 C

2091 2172 2216 2213 esse
2265 2163 2478 2228 putare,
2531 2171 2766 2228 quarum
2802 2156 2960 2211 alteri
3009 2155 3182 2210 altera
3239 2150 3523 2222 supposita
3570 2148 3663 2204 sit.

2090 2249 2294 2308 Aratus
2343 2265 2508 2322 porro
2537 2265 2689 2306 cum
2735 2249 2803 2305 de
2857 2248 3100 2320 quinque
3148 2244 3384 2318 planetis
3426 2241 3668 2300 scribere

2091 2342 2383 2406 renuisset,
2402 2349 2692 2412 postquam
2718 2341 2786 2396 de
2813 2337 3205 2411 apparentibus
3234 2349 3455 2392 carmen
3485 2329 3669 2386 absol-

2090 2433 2194 2500 vit,
2223 2433 2293 2490 de
2320 2435 2435 2490 sole
2463 2434 2575 2505 agit
2621 2447 2685 2487 ac
2717 2433 2869 2487 luna.

2161 2526 2331 2597 igitur
2358 2527 2664 2591 stellarum,
2692 2538 2814 2594 quae
2847 2523 3154 2578 inerrantes
3177 2517 3459 2581 dicuntur,
3491 2512 3669 2568 inﬁxae

2091 2626 2219 2675 sunt
2265 2618 2425 2682 coelo,
2459 2625 2514 2672 et
2565 2615 2828 2686 peculiari
2883 2614 3096 2668 ratione
3137 2617 3268 2667 sunt
3306 2605 3612 2662 immobiles
3649 2621 3665 2660 :

2090 2711 2312 2766 tametsi
2369 2709 2492 2764 caeli
2557 2705 3054 2763 circumvolutione
3105 2701 3414 2772 rapiantur,
3471 2697 3664 2752 iisdem

2091 2804 2228 2859 locis
2281 2818 2347 2859 ac
2387 2801 2640 2858 similiter
2675 2813 2908 2855 occasus
2951 2802 3216 2865 ortusque
3267 2791 3532 2847 facientes
3556 2805 3570 2842 :
3596 2787 3666 2843 ob

2092 2895 2146 2950 id
2211 2896 2518 2952 inerrantes
2569 2892 2730 2948 dictae
2769 2898 2918 2947 sunt.
2948 2887 3150 2942 Praeter
3170 2886 3271 2941 has
3291 2884 3410 2938 aliae
3434 2874 3565 2938 sunt
3587 2895 3669 2936 se-

2090 2999 2236 3058 ptem
2285 2999 2517 3040 numero
2577 2983 2748 3038 stellae
2802 2980 2948 3034 intra
2989 2978 3190 3032 ccelum
3219 2989 3342 3045 quae
3383 2973 3440 3028 in
3467 2971 3668 3026 aethere

2091 3086 2201 3132 tam
2230 3077 2454 3148 proprio
2485 3084 2660 3140 motu,
2692 3088 2857 3145 quam
2897 3073 3166 3141 impresso
3192 3067 3260 3123 iis
3289 3066 3360 3122 ab
3389 3063 3531 3120 caelo
3557 3077 3667 3116 mo-

2091 3178 2307 3226 ventur.
2335 3169 2468 3235 Quae
2501 3183 2624 3222 cum
2652 3165 2924 3236 proprios,
2957 3161 3179 3230 utdixi,
3200 3164 3382 3213 motus
3405 3155 3666 3217 habeant,

2092 3277 2267 3332 neque
2297 3261 2353 3316 in
2377 3261 2518 3317 coelo
2545 3258 2734 3314 deﬁxae
2767 3257 2898 3322 sint,
2925 3254 3022 3312 sed
3052 3254 3110 3308 in
3134 3251 3336 3308 aethere
3384 3247 3663 3312 ferantur;

2092 3369 2270 3424 neque
2327 3352 2463 3408 locis
2515 3351 2732 3415 iisdem,
2768 3362 2871 3402 nec
2903 3345 3093 3402 eodem
3123 3341 3284 3398 modo
3319 3339 3573 3396 oriuntur
3612 3343 3669 3390 et

2090 3446 2349 3502 occidunt
2378 3465 2392 3501 :
2421 3454 2707 3514 pr0pterea
2738 3456 2864 3496 cum
2907 3439 3029 3494 ﬁxis
3062 3439 3391 3507 comparata:
3433 3431 3668 3501 planetae

2091 3545 2380 3593 vocantur.
2423 3535 2494 3589 At
2541 3549 2672 3589 vero
2703 3529 3030 3603 Pythagorei
3065 3543 3174 3583 non
3201 3526 3378 3581 solum
3408 3519 3664 3594 planetis,

2091 3629 2187 3685 sed
2208 3629 2374 3684 etiam
2397 3627 2521 3682 ﬁxis
2539 3625 2871 3698 peculiarem
2896 3629 3104 3677 motum
3129 3618 3434 3674 attribuunt
3460 3633 3472 3668 :
3503 3627 3666 3684 quem

2092 3721 2309 3793 quidem
2359 3719 2633 3791 ejusmodi
2671 3732 2796 3774 esse
2823 3716 3033 3782 volunt,
3059 3712 3240 3782 qualis
3280 3718 3364 3765 est
3398 3706 3662 3769 terebra,

2090 3830 2213 3885 quae
2247 3814 2456 3868 circum
2497 3811 2749 3867 eumdem
2774 3810 2951 3864 locum
2971 3806 3228 3862 volvitur.
3264 3801 3506 3871 Denique
3535 3806 3667 3854 tunc

2091 3921 2434 3976 unaquaeque
2476 3905 2758 3960 stellarum
2793 3900 3029 3957 deﬁcere
3057 3897 3291 3964 videtur,
3323 3908 3446 3952 cum
3481 3892 3667 3947 citima

2091 4003 2276 4067 terris,
2300 4017 2366 4056 ac
2393 3999 2498 4056 soli
2527 4014 2594 4054 ex
2624 3996 2834 4052 directo
2869 3992 3048 4064 posita
3082 3989 3186 4046 sub
3233 3986 3354 4058 ejus
3407 3983 3666 4056 splendo-

2091 4110 2204 4150 rem
2233 4093 2402 4150 subit.

2758 4198 2837 4252 De
2874 4196 3004 4252 sole.

2161 4298 2237 4354 De
2295 4295 2660 4368 principatum
2715 4288 3028 4345 tenentibus
3088 4282 3362 4341 sideribus
3425 4280 3542 4337 sole
3603 4292 3666 4332 ac

2092 4392 2220 4445 luna
2277 4388 2590 4458 complures
2647 4388 2874 4454 egerunt
2932 4400 2946 4435 :
2998 4394 3064 4432 ac
3113 4375 3367 4448 privatim
3408 4372 3570 4427 etiam
3599 4369 3667 4424 de

2091 4479 2350 4550 quinque.
2383 4476 2521 4532 Hinc
2539 4474 2738 4528 Aratus
2760 4472 2827 4527 de
2858 4471 2973 4526 sole
3015 4483 3080 4522 ac
3110 4469 3242 4521 luna
3271 4463 3454 4534 operis
3476 4464 3533 4517 in
3562 4461 3668 4516 ﬁne

408 4558 642 4631 σελήνης
687 4560 826 4632 πρὸς
853 4561 930 4632 τῷ
957 4561 1102 4614 τέλει
1131 4561 1229 4630 τῆς
1274 4564 1546 4632 ποιήσεως
1583 4559 1757 4625 εἶπεν,
1796 4563 1902 4634 ἰδίᾳ
1938 4563 1989 4616 δὲ

2099 4572 2322 4642 scripsit
2354 4590 2367 4626 :
2403 4570 2470 4624 de
2516 4566 2758 4638 quinque
2792 4578 2924 4618 vero
2952 4562 3008 4616 in
3040 4575 3107 4616 eo
3135 4558 3232 4629 qui
3263 4557 3560 4625 inscriptus
3586 4563 3670 4607 est

407 4653 538 4723 περὶ
565 4652 674 4705 τῶν
703 4653 865 4706 πέντε
895 4655 952 4707 ὲν
967 4652 1046 4724 τῷ
1075 4655 1498 4724 ἐπιγραφομένῳ
1520 4658 1759 4710 Κανόνι.
1787 4658 1898 4728 Τὴν
1930 4657 1987 4710 δὲ

2097 4664 2304 4719 Canon.
2339 4661 2498 4728 Quod
2536 4659 2605 4714 ad
2634 4657 2772 4713 solis
2813 4662 3069 4709 naturam
3112 4649 3368 4720 pertinet,
3396 4643 3670 4699 curiosius

403 4745 598 4799 οὐσίαν
629 4745 724 4798 τοῦ
769 4745 918 4816 ἡλίου
944 4745 1170 4799 Πλάτων
1213 4746 1522 4818 περιέργως
1555 4749 1620 4800 ἐκ
1649 4749 1821 4842 πυρὸς
1850 4745 1988 4802 εἶναί

407 4854 542 4909 φησι
557 4853 576 4874 -'
607 4837 752 4901 τινὲς
775 4837 831 4891 δὲ
854 4838 962 4891 τῶν
990 4838 1233 4907 φυσικῶν
1255 4838 1314 4903 ἐξ
1332 4837 1750 4909 ἀναθυμιάσεωξ
1772 4840 1875 4910 γῆς
1893 4841 1988 4894 καὶ

401 4929 585 4998 νεφῶν
617 4931 779 4994 αὑτὸν
808 4925 968 4985 εἶναι.
1012 4931 1380 5002 Ἀναξαγόρας
1408 4931 1607 5004 μύδρον
1639 4933 1798 4986 αὐτὸν
1826 4929 1944 4987 εἶπε
1966 4949 1980 4963 ·

401 5024 658 5091 Φιλόλαος
705 5026 799 5092 δὲ,
836 5025 897 5078 τὸ
947 5025 1196 5098 πυρῶδες
1235 5027 1327 5080 καὶ
1364 5027 1582 5095 διαυγὲς
1642 5027 1986 5097 λαμϐάνοντα

402 5116 612 5171 ἄνωθεν
649 5117 756 5170 ἀπὸ
780 5117 874 5170 τοῦ
911 5118 1154 5189 αἰθερίου
1183 5119 1374 5189 πυρὸς,
1402 5119 1536 5190 πρὸς
1561 5121 1710 5190 ἡμᾶς
1755 5120 1987 5190 πέμπειν

401 5210 502 5279 τὴν
536 5209 710 5280 αὐγὴν
739 5209 830 5264 διά
868 5227 1032 5263 τινων
1071 5211 1466 5282 ἀραιωμάτωνσ
1501 5212 1638 5266 ὥστε
1672 5213 1792 5266 κατ’
1825 5214 1988 5266 αὐτὸν

402 5301 624 5372 τρισσὸν
669 5297 812 5366 εἶναι
861 5301 955 5355 τὸν
991 5302 1176 5372 ἥλιον·
1225 5303 1286 5355 τὸ
1325 5303 1424 5374 μὲν
1463 5304 1570 5356 ἀπὸ
1600 5303 1696 5357 τοῦ
1742 5304 1983 5376 αἰθερίου

402 5393 595 5464 πυρός’
629 5393 692 5460 τὸ
723 5395 780 5448 δὲ
806 5396 900 5449 ἀπ’
933 5397 1142 5450 ἐκείνου
1170 5398 1522 5468 πεμπόμενον
1544 5397 1637 5450 ἐπὶ
1663 5397 1754 5450 τὸν
1785 5397 1987 5450 ύελοει-

400 5481 466 5553 δῆ
502 5483 594 5535 ὑπ’
626 5483 794 5538 αὐτοῦ
827 5485 1117 5557 λεγόμενον
1153 5485 1336 5557 ἥλιον
1366 5485 1426 5539 τὸ
1455 5485 1512 5539 δὲ
1553 5486 1662 5540 ἀπὸ
1689 5488 1782 5540 τοῦ
1813 5489 1986 5541 τοιού-

400 5591 496 5627 του
526 5574 676 5647 ἡλίου
708 5575 844 5646 πρὸς
871 5578 1021 5647 ἡμᾶς
1050 5577 1421 5648 πεμπόμενον.
1441 5577 1756 5649 Ἐπίκουρος
1780 5577 1834 5630 δὲ
1865 5595 1983 5630 κισ-

401 5669 658 5741 σηροειδῆ
689 5670 851 5724 αὑτὸν
878 5669 981 5742 ἔφη
1009 5672 1072 5724 ἐκ
1096 5671 1265 5743 πυρὸς
1300 5669 1388 5724 διά
1419 5671 1710 5743 τρημάτων
1739 5671 1898 5724 τινῶν
1928 5673 1986 5724 τὸ

518 5825 561 5860 ⁸⁷
587 5825 629 5894 f.
666 5825 880 5886 σύνοδον
910 5830 1100 5882 ποιεῖν.
1179 5827 1222 5859 ³⁸
1255 5828 1293 5895 Ῑ.
1332 5825 1529 5897 αἰθέρι.

1609 5829 1650 5857 “9
1683 5831 1722 5895 1.
1766 5826 1906 5896 πέρι.

2101 4756 2255 4810 Plato
2305 4771 2374 4810 ex
2427 4753 2551 4823 igne
2604 4756 2859 4805 constare
2901 4745 3089 4809 docet;
3126 4737 3343 4810 quidam
3378 4734 3586 4807 physici
3639 4749 3671 4788 e

2096 4857 2261 4904 terrae
2289 4863 2354 4903 ac
2387 4846 2616 4901 nubium
2659 4834 3490 4901 exhalationibus.Anaxagoras
3524 4841 3671 4881 mas-

2097 4955 2215 4996 sam
2285 4938 2546 5009 ignitam;
2604 4933 2881 4988 Philolaus
2945 4925 3194 4983 eumdem
3243 4917 3507 4993 quidquid
3574 4917 3671 4970 ha-

2093 5033 2186 5088 bet
2244 5035 2462 5103 igneum
2515 5044 2579 5082 ac
2624 5037 2975 5094 transparens
3002 5035 3069 5075 ex
3108 5017 3333 5073 aetherio
3357 5016 3500 5086 igne,
3524 5012 3670 5103 quod

2101 5101 2285 5193 supra?
2315 5122 2492 5190 ipsum
2524 5124 2630 5180 est,
2663 5114 2970 5184 exprimere
2997 5115 3173 5179 putat,
3202 5122 3266 5161 ac
3296 5121 3392 5176 per
3421 5101 3666 5193 quaedam

2095 5192 2359 5271 rimarum
2416 5209 2709 5266 interstitia
2767 5203 3111 5276 splendorem
3150 5200 3218 5254 ad
3245 5213 3346 5254 nos
3384 5192 3666 5250 transmit-

2091 5313 2241 5372 tere;
2281 5305 2415 5359 adeo
2446 5309 2506 5356 ut
2530 5301 2725 5370 triplex
2753 5297 2826 5352 sit
2854 5310 2919 5348 ex
2946 5293 3068 5363 ejus
3097 5289 3353 5361 opinione
3395 5287 3498 5340 sol.
3533 5281 3667 5336 Nam

2092 5398 2291 5468 partim
2323 5412 2389 5452 ex
2421 5395 2646 5450 aetherio
2674 5394 2798 5464 igne
2824 5388 3094 5446 conﬂatus
3116 5393 3207 5441 est
3235 5403 3249 5438 :
3278 5381 3471 5454 partim
3499 5380 3570 5434 ab
3603 5391 3671 5433 eo

2092 5489 2160 5542 ad
2198 5489 2369 5543 solem
2405 5487 2580 5550 illum,
2607 5499 2769 5556 quem
2816 5483 2946 5538 vitri
2982 5479 3218 5536 similem
3251 5480 3433 5540 vocat,
3469 5470 3668 5526 nonni—

2093 5581 2169 5635 hil
2225 5579 2490 5635 emittitur
2523 5597 2536 5633 :
2567 5579 2767 5648 partim
2825 5578 2896 5632 ab
2928 5575 3033 5630 hoc
3077 5574 3198 5643 ipso
3242 5568 3312 5624 ad
3355 5580 3457 5622 nos
3495 5579 3668 5635 usque

2093 5680 2295 5732 manat.
2339 5671 2606 5743 Epicurus
2640 5670 2873 5742 pumicis
2918 5666 3156 5740 speciem
3208 5661 3412 5718 habere
3459 5663 3664 5722 censet.
