4166 6408
447 349 557 406 959
1502 346 1594 402 AD
1637 345 1904 404 EUSEBII
1936 345 2332 403 CHBONICON
2360 345 2721 404 APPENDIX.
3598 348 3703 406 960

451 472 618 532 atque
669 478 737 519 ex
781 479 906 533 igne
955 478 1053 533 per
1097 462 1342 533 quaedam
1387 461 1655 517 foramina
1680 462 2022 533 splendorem

2130 463 2246 530 φῶς
2286 462 2660 533 ἐκπέμποντα.
2691 461 2849 526 Τινὲς
2887 462 2964 528 δὲ,
3002 456 3078 516 ὧν
3110 465 3225 516 ἐστι
3257 461 3350 517 καὶ
3389 462 3706 536 Ἀναξίμαν-

449 553 738 620 ejaculari.
771 551 1054 616 Nonnulli,
1080 560 1142 607 ut
1185 553 1614 617 Anaximander,
1639 554 1814 608 lucem
1849 555 1918 607 ab
1961 569 2028 608 eo

449 645 546 714 qui
578 645 649 700 sit
679 654 812 700 rotae
845 646 1062 710 similis,
1085 645 1261 700 emitti
1288 646 1549 701 sentiunt.
1580 645 1716 699 Nam
1747 654 1807 700 ut
1832 646 1887 700 in
1909 654 2027 700 rota

451 751 623 790 cavus
643 743 729 792 est
751 736 1047 800 modiolus,
1081 736 1167 790 cui
1205 735 1354 789 inﬁxi
1383 737 1523 790 radii
1553 735 1620 790 ad
1649 751 1876 791 summae
1901 751 2028 790 cur-

451 834 660 880 vaturae
699 825 964 880 ambitum
1006 827 1216 880 extensi
1252 833 1420 893 sunt;
1458 826 1532 881 ita
1567 828 1736 882 solem
1775 827 1930 881 aiunt
1961 842 2026 880 ex

455 931 590 970 cavo
605 915 786 970 lumen
806 915 1171 970 eﬁ‘undentem
1196 915 1378 970 radios
1398 931 1678 988 spargere,
1701 917 1812 987 82
1829 917 2028 986 quibus

455 1008 887 1076 circumquaque
921 1007 1228 1060 collustrat.
1256 1005 1395 1061 Sunt
1429 1007 1520 1078 qui
1550 1022 1686 1061 cavo
1717 1022 1784 1061 ex
1813 1006 1934 1061 loco
1975 1014 2029 1062 ct

457 1106 711 1168 angusto,
759 1100 900 1154 tubae
946 1100 1145 1162 instar,
1186 1099 1333 1155 illius
1365 1113 1589 1154 manare
1620 1100 1800 1154 lucem
1832 1099 2027 1154 existi-

456 1196 628 1254 ment,
661 1191 808 1245 velut
855 1191 1042 1260 igneas
1075 1190 1240 1246 faces.
1267 1189 1385 1246 1am
1418 1191 1588 1262 ﬁgura
1632 1191 1766 1246 solis
1806 1192 1875 1246 ab
1904 1191 2027 1244 aliis

455 1296 581 1336 cum
611 1281 766 1337 disco
805 1292 1176 1351 comparatur.
1212 1283 1522 1338 Heraclitus
1550 1283 1764 1352 scapha:
1795 1282 2026 1336 similem

454 1380 634 1442 putat,
693 1373 864 1426 Stoici
921 1374 1168 1443 sphaerae.
1217 1374 1486 1430 Caeterum
1517 1375 1586 1428 de
1616 1375 1731 1429 sole
1781 1375 2028 1444 plerique

457 1466 883 1519 commentarios
916 1464 1246 1532 ediderunt:
1279 1473 1338 1519 ut
1365 1464 1706 1535 Thrasyllus,
1760 1472 1816 1519 et
1857 1465 2028 1520 Adra-

453 1557 580 1610 stus
616 1554 1030 1623 Peripateticus,
1081 1562 1137 1610 et
1187 1555 1654 1624 Aphrodisiensis.
1698 1553 1889 1610 Deﬁcit
1931 1570 2030 1609 aua-

457 1652 590 1711 tem,
629 1660 696 1699 eo
733 1644 878 1714 quod
909 1647 1058 1710 luna,
1088 1652 1148 1699 ut
1176 1646 1400 1715 quidam
1430 1651 1706 1712 asserunt,
1735 1645 1942 1701 directe
1969 1660 2028 1701 se

461 1739 606 1793 inter
645 1741 821 1809 ipsum
878 1748 932 1795 et
979 1756 1081 1797 nos
1111 1742 1343 1796 mediam
1392 1742 1736 1813 interponit:
1771 1742 1912 1812 quod
1967 1750 2026 1796 ut

2126 554 2273 624 δρος,
2321 553 2452 622 φασὶ
2508 553 2748 624 πέμπειν
2803 553 2966 608 αὐτὸν
3011 552 3070 606 τὸ
3109 553 3244 622 φῶς,
3284 552 3472 624 σχῆμα
3515 554 3706 625 ἔχοντα

2126 642 2340 712 τροχοῦ.
2375 644 2586 714 Ὥσπερ
2621 645 2732 716 γὰρ
2753 645 2810 697 ἐν
2843 643 2921 714 τῷ
2959 644 3136 716 τροχῷ
3159 643 3314 714 κοίλη
3345 645 3490 699 ἐστὶν
3513 647 3546 717 ἡ
3570 646 3707 718 πλή-

2131 750 2259 804 μνη,
2297 733 2412 804 ἔχει
2445 734 2500 787 δέ
2523 736 2619 787 ἀπ’
2651 736 2818 806 αὐτῆς
2853 735 3259 806 ἀνατεταμένας
3298 735 3398 799 τὰς
3441 737 3705 808 κνημῖδας

2128 824 2269 894 πρὸς
2301 824 2402 896 τὴν
2451 824 2649 892 ἔξωθεν
2680 825 2780 894 τῆς
2829 826 3015 895 ἀψίδος
3058 827 3396 898 περιφοράν·
3437 828 3578 881 οὕτω
3611 830 3705 883 καὶ

2127 916 2309 978 αὐτὸν,
2328 917 2434 969 ἀπὸ
2462 915 2642 968 κοίλου
2669 916 2728 968 τὺ
2757 917 2872 985 φῶς
2898 917 3266 986 ἐκπέμποντα,
3290 918 3390 990 τὴν
3411 919 3708 974 ἀνάστασιν
3757 956 3782 983 .

2127 1006 2234 1060 τῶν
2261 1007 2495 1060 ἀκτίνων
2520 1006 2811 1071 ποιεῖσθαι,
2841 1007 2934 1060 καὶ
2962 1005 3158 1071 ἔξωθεν
3185 1009 3353 1072 αὐτὰς
3379 1009 3562 1082 κύκλῳ
3589 1028 3704 1079 φωρ

2125 1095 2314 1160 τίζειν.
2351 1098 2508 1161 Τινὲς
2534 1098 2611 1162 δὲ,
2643 1098 2718 1162 ὡς
2742 1098 2849 1151 ἀπὸ
2884 1098 3202 1167 σάλπιγγος,
3243 1101 3306 1152 ἐκ
3337 1100 3514 1153 κοίλου
3537 1101 3702 1154 τόπου

2127 1189 2222 1241 καὶ
2247 1189 2431 1242 στενοῦ
2465 1190 2767 1260 ἐκπέμπειν
2799 1189 2960 1244 αὑτὸν
2987 1191 3046 1242 τὸ
3076 1191 3210 1258 φῶς,
3243 1191 3431 1262 ὥσπερ
3459 1193 3704 1264 πρηστῆ-

2129 1297 2249 1352 ρας.
2291 1281 2482 1350 Σχῆμα
2515 1281 2572 1334 δὲ
2600 1282 2764 1335 αὐτοῦ
2788 1284 2838 1335 οἱ
2875 1284 2972 1353 μὲν
3003 1283 3316 1347 δισκοειδές,
3357 1282 3704 1354 Ἡράκλειτος

2125 1371 2182 1423 δέ
2211 1373 2547 1439 σκαφοειδὲς,
2583 1373 2809 1426 Στωϊκοὶ
2842 1374 2896 1426 δὲ
2927 1375 3259 1445 σφαιροειδὲς
3297 1369 3431 1428 εἶναι
3464 1377 3700 1445 λέγουσι.

2127 1461 2350 1523 Πολλοῖς
2366 1462 2423 1514 δὲ
2445 1463 2574 1533 περὶ
2596 1461 2786 1515 τούτου
2810 1468 3176 1534 πραγματεῖαι
3195 1464 3497 1534 γεγόνασιν,
3517 1465 3705 1538 ὥσπερ

2127 1552 2424 1624 Θρασύλλῳ
2453 1555 2548 1607 καὶ
2575 1553 2852 1626 Ἀδράστῳ
2882 1554 2959 1626 τῷ
2993 1557 3102 1610 ἀπὸ
3130 1556 3221 1609 τοῦ
3255 1558 3583 1628 Περιπάτου,
3611 1559 3704 1612 καὶ

2141 1643 2468 1714 Ἀφροδισεῖ.
2487 1645 2759 1699 Ἐκλείπει
2784 1645 2861 1711 δὲ,
2899 1646 2975 1709 ὡς
3009 1647 3108 1718 μέν
3129 1648 3270 1712 τινές
3290 1666 3472 1718 φασιν,
3497 1649 3702 1720 ἐμπρο-

2131 1735 2254 1789 σθεν
2283 1737 2447 1791 αὐτοῦ
2473 1739 2572 1808 τῆς
2603 1737 2831 1808 σελήνης
2864 1739 3003 1792 κατὰ
3037 1738 3264 1794 κάθετον
3313 1739 3480 1793 αὑτοῦ
3525 1758 3705 1810 γιγνο-

463 1805 800 1900 probabilius
832 1839 1052 1901 oportet
1081 1832 1354 1902 amplecti.
1389 1832 1482 1886 Est
1519 1805 1664 1887 enim
1696 1805 1820 1886 luna
1865 1841 2025 1886 terrae

2130 1828 2314 1898 μένης·
2350 1823 2395 1897 ᾧ
2441 1805 2536 1882 καὶ.
2591 1805 2811 1900 μᾶλλον,
2834 1831 2908 1894 ὡς
2955 1829 3188 1900 πιθανῷ,
3226 1831 3495 1886 πειστέον.
3528 1805 3705 1904 Προσ-

459 1920 694 1974 vicinior
745 1922 860 1977 sole
905 1934 1067 1993 atque
1114 1921 1455 1993 depressior;
1513 1923 1660 1993 quod
1701 1923 1904 1978 Aratus
1948 1924 2024 1977 ita

2130 1919 2372 1990 γειοτέρα
2417 1921 2524 1990 γὰρ
2569 1921 2733 1973 αὑτοῦ
2774 1923 2983 1992 ἐστινὴ
3034 1922 3252 1993 σελήνη,
3287 1923 3381 1976 καὶ
3419 1923 3705 1995 κατωτέρα

459 2020 694 2070 testatur
729 2033 742 2069 :

635 2126 796 2182 Stans
827 2127 964 2181 inter
987 2135 1181 2181 terram
1205 2129 1466 2197 solemque
1492 2126 1707 2182 directe.

528 2215 715 2287 Neque
747 2233 876 2273 vero
906 2218 1177 2273 defectum
1224 2220 1427 2289 patitur
1452 2220 1533 2274 sol
1571 2238 1584 2274 :
1627 2219 1730 2274 etsi
1762 2218 1836 2274 ita
1867 2219 2026 2276 nobis

459 2307 692 2364 videtur.
716 2308 851 2363 Nam
898 2325 1022 2364 cum
1071 2311 1136 2364 ad
1187 2311 1635 2380 perpendiculum
1680 2312 1730 2366 ei
1780 2313 2026 2383 subjecta

460 2401 592 2455 luna
641 2399 824 2464 fuerit,
864 2401 1009 2456 illius
1037 2401 1208 2457 radiis
1249 2402 1451 2466 obstat,
1476 2417 1545 2455 ne
1574 2401 1641 2456 ad
1678 2417 1802 2468 nos,
1846 2404 1939 2474 qui
1971 2403 2026 2457 in

459 2501 605 2547 terra
644 2508 856 2557 sumus,
888 2507 1063 2562 usque
1094 2494 1422 2563 pertingant.
1449 2493 1635 2563 Itaque
1658 2495 1818 2549 nobis
1856 2495 2028 2549 multo

460 2581 821 2637 inferioribus
870 2584 998 2637 luna
1026 2583 1258 2638 deﬁcere
1309 2582 1547 2640 videtur.
1579 2583 1706 2639 Sed
1729 2601 1830 2640 nec
1861 2587 2028 2641 totius

459 2673 616 2738 solis,
659 2689 847 2728 verum
877 2674 1047 2744 partis
1084 2673 1202 2743 ejus
1235 2674 1500 2729 duntaxat
1545 2675 1776 2731 defectio
1809 2676 2024 2732 accidit.

464 2763 586 2821 Non
626 2766 771 2821 enim
807 2773 988 2836 potest
1012 2767 1172 2837 longe
1204 2767 1382 2821 minor
1409 2769 1528 2838 ipso
1553 2769 1680 2823 luna
1703 2775 1873 2823 totum
1905 2770 2031 2824 abs»

457 2854 714 2910 condere.
749 2853 924 2921 Quam
964 2855 1036 2910 ob
1083 2869 1304 2909 causam
1349 2870 1458 2910 non
1492 2855 1560 2910 ab
1589 2855 1842 2911 omnibus
1867 2856 2029 2911 simul

461 2946 777 3002 hominibus
830 2945 1088 3003 deﬁciens
1128 2949 1390 3014 cernitur,
1438 2947 1534 3004 sed
1573 2948 1710 3005 alias
1759 2948 1829 3004 ab
1870 2949 2028 3014 aliis,

459 3033 607 3099 velut
653 3035 707 3088 in
763 3042 941 3089 tractu
990 3034 1218 3106 Syenes,
1263 3035 1604 3092 Alexandria:
1649 3042 1704 3091 et
1754 3034 2028 3107 Elephan-

2125 2009 2220 2062 τοῦ
2256 2009 2409 2080 ἡλίου
2431 2027 2444 2039 ·
2489 2010 2630 2063 οὕτω
2665 2010 2774 2081 γὰρ
2809 2012 2902 2064 καὶ
2927 2014 2955 2064 ὁ
2990 2013 3220 2085 Ἀρατος
3244 2011 3388 2081 λέγει
3410 2029 3423 2041 ·

2233 2125 2554 2195 Ἰσταμένη
2611 2126 2784 2195 γαίης
2829 2143 2893 2180 τε
2939 2127 3034 2180 καὶ
3081 2127 3305 2195 ἠελίοιο
3338 2129 3462 2180 κατ’
3495 2129 3607 2182 ιθύ.

2202 2217 2316 2270 Οὐκ
2342 2217 2581 2269 ἐκλείπει
2612 2217 2668 2270 δὲ
2696 2219 2724 2270 ὁ
2752 2217 2921 2286 ἥλιος·
2940 2217 3052 2270 ἀλλ’
3076 2219 3204 2288 ἡμῖν
3229 2218 3394 2271 δοκεῖ.
3420 2217 3574 2271 Κατὰ
3605 2222 3706 2272 κὰ-

2139 2306 2292 2360 θετον
2322 2307 2430 2379 γὰρ
2461 2310 2492 2378 ἡ
2530 2307 2724 2378 σελήνη
2749 2308 3009 2378 γενομένη
3037 2308 3128 2361 τοῦ
3153 2307 3322 2378 ἡλίου,
3343 2307 3582 2379 ἀνείργει
3605 2309 3705 2372 τὰς

2129 2398 2263 2469 πρὸς
2294 2400 2438 2470 ἡμᾶς
2462 2400 2584 2462 τοὺς
2621 2400 2713 2452 ἐπί
2740 2401 2842 2470 γῆς
2869 2398 3045 2468 αὐγὰς
3062 2399 3247 2452 αὑτοῦ.
3266 2401 3376 2452 Καὶ
3404 2402 3533 2472 ἡμῖν
3563 2399 3705 2454 οὓτω

2129 2492 2378 2558 φαίνεται
2413 2490 2708 2561 κατωτέρω
2739 2489 2844 2560 γῆς
2883 2489 3110 2560 σελήνης
3142 2485 3309 2543 οὖσιν.
3345 2491 3456 2559 Οὐχ
3478 2491 3600 2543 ὅλου
3623 2490 3703 2557 δὲ,

2128 2579 2262 2632 ἀλλὰ
2292 2581 2490 2651 μέρους
2525 2579 2763 2650 ἔκλειψις
2792 2581 3018 2650 γίνεται.
3050 2581 3122 2634 Οὐ
3148 2579 3255 2652 γὰρ
3283 2579 3523 2642 δυνατὸν,
3554 2578 3706 2632 ἐλάτ-

2127 2687 2254 2724 τονα
2293 2667 2456 2725 οὖσαν
2489 2673 2588 2742 τὴν
2622 2673 2851 2745 σελήνην
2880 2673 3035 2736 πολὺ,
3071 2672 3188 2725 ὅλον
3215 2672 3588 2743 ἀποκρύπτειν
3612 2670 3705 2724 τὸν

2128 2764 2298 2834 ἥλιον.
2332 2763 2423 2815 Διὸ
2471 2763 2532 2816 ού
2571 2765 2720 2835 παρά
2755 2766 2917 2818 πᾶσιν
2947 2763 3252 2834 ἀνθρώποις
3285 2763 3400 2832 ἅμα
3433 2762 3704 2814 ἐκλείπειν

2128 2857 2362 2920 δοκεῖνί,
2413 2854 2548 2908 ἀλλὰ
2583 2855 2713 2927 παρ’
2761 2857 2969 2927 ἑτέροις
3008 2855 3227 2910 ἄλλοτε·
3259 2848 3368 2908 οἷον
3414 2855 3471 2908 ἐν
3524 2855 3705 2926 Συήνῃ

2130 2946 2224 2999 καὶ
2267 2945 2660 3017 Ἀλεξανδρείᾳ,
2712 2947 2808 2999 καὶ
2855 2946 3205 3016 Ἐλεφαντίνῃ
3239 2945 3354 3016 ἅμα
3409 2944 3701 2998 ἐκλείπειν.

2130 3037 2237 3090 Τοῦ
2307 3037 2416 3110 γὰρ
2481 3037 2646 3092 αὐτοῦ
2693 3038 2952 3109 κλίματος
2997 3039 3145 3092 δοκεῖ
3200 3037 3372 3092 ταῦτα
3418 3037 3487 3090 τὰ
3532 3037 3705 3108 χωρία

459 3127 604 3182 tines
650 3127 839 3182 eadem
875 3135 1118 3197 tempore
1160 3129 1420 3184 deﬁciens
1465 3129 1699 3184 videtur.
1732 3127 1858 3184 Hac
1881 3128 2024 3184 enim

2130 3125 2284 3182 εἶναι.
2327 3130 2882 3202 Ἐπραγματεύσαντο
2921 3131 2976 3183 δέ
3009 3130 3192 3184 πολλοὶ
3237 3131 3363 3201 περὶ
3414 3129 3705 3198 ἐκλείψεων

457 3216 643 3270 omnia
699 3217 818 3272 loca
867 3217 935 3270 ad
975 3216 1115 3272 idem
1149 3217 1309 3272 clima
1351 3219 1624 3289 pertinere
1643 3220 1916 3273 videntur.
1953 3217 2028 3272 De

2130 3221 2277 3293 ἡλίου
2329 3221 2470 3275 κατά
2513 3222 2580 3274 τὰ
2628 3222 2768 3275 ἑπτὰ
2823 3222 3096 3292 κλίματα·
3153 3222 3341 3292 ὥσπερ
3404 3221 3618 3292 Ὠρίων,
3675 3221 3705 3274 ὁ

459 3309 754 3378 eclipsibus
784 3310 917 3366 solis
945 3312 1245 3368 secundum
1279 3313 1501 3367 climata
1526 3320 1731 3384 septem
1759 3313 2030 3384 scripsere

461 3400 790 3470 complures,
820 3410 881 3455 ut
909 3401 1099 3467 Orion,
1127 3403 1481 3473 Apollinaris,
1506 3403 1854 3463 Ptolemaeus,
1896 3403 2029 3474 Hip-

461 3491 722 3560 parchus.
757 3491 986 3547 Climata
1014 3494 1274 3548 dicuntur
1298 3493 1420 3550 ideo
1446 3496 1591 3565 quod
1621 3502 1764 3550 terra
1807 3495 2030 3550 minime

462 3583 625 3650 plana
667 3583 760 3647 sit,
796 3584 890 3639 sed
921 3585 1215 3640 nonnullas
1256 3584 1589 3644 devexitates
1629 3586 1824 3640 habeat
1857 3606 1869 3640 :
1904 3601 2034 3656 quo-

463 3673 612 3726 niam
642 3683 822 3742 partes
851 3675 972 3744 ejus
1011 3676 1400 3732 eminentiores
1434 3677 1552 3732 aliae
1595 3687 1746 3744 sunt,
1777 3677 1896 3732 aliae
1938 3679 2033 3732 de-

459 3761 752 3832 jectiores,
802 3779 866 3820 ac
909 3772 1098 3835 gentes
1163 3765 1280 3819 aliae
1311 3765 1432 3820 aliis
1472 3767 1529 3821 in
1577 3767 1715 3823 locis
1765 3767 2032 3824 habitant.

473 3853 666 3909 Annus
696 3857 829 3910 solis
853 3856 1096 3919 ἐνιαυτός
1121 3865 1372 3922 vocatur,
1399 3857 1545 3927 quod
1573 3860 1631 3912 ὲν
1659 3858 1854 3929 ἑαυτῷ,
1876 3859 1932 3912 in
1956 3877 2036 3914 se—

466 3944 585 4012 :‘pso
621 3951 975 4014 tempestates
1007 3962 1200 4003 omnes
1247 3957 1482 4020 quatuor
1525 3950 1926 4020 complectitur,
1975 3958 2034 4006 ut

467 4033 762 4109 Euripides
790 4037 995 4094 indicat
1020 4056 1035 4094 :

573 4149 838 4218 Quoniam
862 4151 918 4204 in
946 4165 998 4204 se
1020 4161 1211 4204 cuncta
1242 4151 1582 4221 complectens
1620 4153 1794 4210 habet.

533 4265 857 4336 Appellatur
890 4279 1068 4322 annus
1107 4265 1241 4321 solis
1271 4266 1340 4321 ab
1365 4266 1556 4322 eodem
1595 4266 1751 4338 signo
1783 4267 1851 4322 ad
1891 4266 2034 4323 idem

465 4356 744 4412 redeuntis
794 4357 1079 4413 conversio
1109 4358 1165 4411 in
1195 4357 1300 4413 565
1332 4359 1547 4424 diebus,
1578 4368 1634 4414 et
1660 4361 1852 4431 exigua
1883 4360 2038 4416 insu—

2139 3310 2561 3380 Ἀπολλινάριος,
2599 3310 2953 3380 Πτολεμαῖος,
2995 3311 3317 3380 Ἵππαρχος.
3352 3310 3606 3380 Κλίματα
3647 3310 3706 3363 δὲ

2128 3402 2361 3474 εἴρηται,
2392 3403 2480 3456 διὰ
2507 3403 2568 3456 τὸ
2590 3402 2694 3474 τὴν
2715 3404 2818 3474 γῆν
2859 3403 2933 3475 μὴ
2973 3399 3110 3456 εἶναι
3137 3402 3368 3474 ὁμαλὴν,
3401 3401 3535 3454 ἀλλά
3563 3400 3706 3472 ἔχειν

2129 3489 2236 3544 οἷον
2276 3491 2581 3561 ἐγκλίματά
2619 3509 2759 3558 τινα,
2802 3492 3146 3564 ὑψηλοτέρων
3185 3490 3352 3545 ὄντων
3375 3486 3484 3544 ’καὶ
3508 3507 3704 3543 ταπει-

2129 3583 2358 3654 νοτέρων
2407 3583 2514 3636 τῶν
2579 3583 2760 3654 μερῶν
2796 3585 2985 3655 αὐτῆς,
3012 3585 3106 3637 καὶ
3153 3583 3251 3644 τὰς
3305 3583 3548 3654 οἰκήσεις
3594 3581 3706 3637 τῶν

2130 3673 2298 3726 ἐθνῶν
2340 3673 2504 3737 ἄλλας
2550 3673 2782 3744 ἀλλαχοῦ
2836 3671 2990 3728 εἶναι.
3047 3673 3318 3737 Ἐνιαυτὸς
3351 3673 3407 3726 δὲ
3435 3673 3588 3744 ἡλίου
3630 3672 3708 3725 εῐ-

2133 3780 2315 3835 ρηται,
2350 3765 2471 3816 ἐπεὶ
2502 3763 2611 3834 ἔχει
2640 3766 2738 3828 τὰς
2765 3765 2944 3831 πάσας
2970 3766 3117 3838 ὥρας
3141 3769 3198 3818 ἐν
3227 3764 3404 3836 ἐαυτῷ
3435 3765 3706 3836 τέσσαρας

2131 3855 2273 3908 κατά
2309 3855 2400 3910 τὸν
2435 3857 2748 3929 Εὐριπίδην·

2206 4166 2320 4220 ’ΌΟ’
2350 4167 2545 4221 οὕνεκ’
2582 4169 2651 4220 ὲν
2682 4167 2843 4234 αὐτῷ
2872 4168 3066 4222 πάντα
3106 4168 3432 4225 συλλαϐὼν
3456 4169 3601 4238 ἔχει.

2210 4278 2441 4348 Λέγεται
2465 4279 2521 4332 δὲ
2547 4279 2792 4344 ἐνιαυτὸς
2817 4283 2850 4352 ἡ
2897 4282 3004 4334 ἀπὸ
3028 4281 3122 4335 τοῦ
3147 4281 3339 4346 ζωδίου
3371 4282 3460 4336 ἐπὶ
3492 4282 3552 4336 τὸ
3578 4282 3708 4336 αὐτὸ

2134 4371 2572 4434 ἀποκατάστασις
2610 4370 2772 4424 αὑτοῦ
2821 4373 2878 4424 ἐν
2910 4372 3145 4444 ἡμέραις
3170 4372 3276 4436 τξε¹
3312 4373 3406 4427 καὶ
3442 4374 3709 4444 ἐλαχίστῳ

467 4461 565 4518 per
594 4454 783 4516 parte;
816 4446 885 4501 ad
917 4445 1061 4502 idem
1083 4462 1214 4502 vero
1243 4456 1506 4519 punctum
1536 4447 1838 4504 octodecim
1875 4451 2029 4505 annis

2139 4461 2330 4531 μορίῳ·
2365 4459 2471 4513 ἀπὸ
2489 4461 2545 4513 δὲ
2574 4460 2799 4531 σημείου
2826 4462 2918 4514 ἐπὶ
2950 4465 3171 4533 σημεῖον
3200 4463 3626 4516 ἀποκαθίσταται
3649 4465 3706 4516 ἐν

467 4539 804 4595 vertentibus
835 4538 974 4595 redit
1014 4559 1027 4594 :
1066 4540 1112 4596 si
1143 4548 1227 4595 est
1273 4555 1590 4610 germanum
1639 4555 1779 4611 Opus
1841 4540 2033 4595 Erato-

469 4632 698 4688 sthenis.
728 4631 829 4687 Hic
856 4632 999 4686 enim
1029 4633 1630 4704 scripsit,ostenditque
1651 4649 1759 4688 non
1789 4648 1913 4690 esse
1942 4648 2036 4688 au-

464 4731 672 4778 ctorem
725 4721 1031 4781 Eudoxum.
1062 4724 1152 4790 At,
1181 4732 1244 4780 ut
1287 4734 1512 4780 censent
1555 4725 1670 4791 alii,
1698 4724 1760 4778 ﬁt
1802 4725 1898 4779 illa
1946 4740 2034 4782 re-

465 4816 645 4871 versio
701 4818 758 4872 in
806 4817 966 4874 annis
1007 4833 1102 4874 sex
1141 4827 1195 4873 et
1226 4818 1569 4888 septuaginta
1607 4837 1620 4873 :
1656 4832 1778 4888 quae
1817 4825 1902 4874 est
1932 4818 2035 4874 Ca-

465 4905 597 4976 lippi
632 4909 922 4963 sententia.
975 4908 1114 4964 Meto
1145 4924 1276 4964 vero
1318 4908 1690 4964 novemdecim
1720 4909 1882 4965 annis
1916 4909 2028 4966 ﬁeri

467 5005 637 5069 putat.
668 4997 838 5064 Quem
877 5001 1076 5056 Aratus
1105 5001 1193 5056 bis
1217 5000 1472 5057 versibus
1502 5010 1724 5056 secutus
1746 5009 1831 5056 est
1863 5019 1879 5056 :

465 5139 674 5150 ——u—~_

677 5141 814 5152 —-—
836 5111 1165 5166 celebrantur
1192 5113 1311 5181 jam

472 5177 842 5250 Novemdecim
869 5183 1053 5235 circuli
1084 5177 1346 5250 splendidi
1373 5182 1524 5236 solis.

469 5249 603 5320 Tum
642 5268 769 5320 quos
797 5268 828 5304 a
868 5251 1037 5306 balteo
1065 5249 1133 5304 ad
1166 5263 1457 5306 extremum
1486 5251 1735 5306 Orionem

471 5319 596 5374 No.1:
623 5319 1071 5386 circumvolvitur,
1107 5331 1157 5376 et
1191 5322 1257 5376 ad
1283 5322 1476 5377 Canem
1513 5322 1766 5376 audacem
1796 5321 2030 5378 Orionis.

926 5433 1003 5489 De
1039 5435 1166 5490 solis
1199 5437 1584 5504 magnitudine.

538 5522 628 5576 20.
667 5522 780 5588 Sol,
824 5534 886 5579 ut
915 5527 1085 5592 aiunt,
1119 5535 1320 5581 terram
1368 5527 1742 5599 magnitudine
1791 5541 2032 5600 superat.

476 5614 708 5680 Quidam
737 5633 865 5673 vero
886 5618 1130 5689 pedalem
1151 5659 1166 5684 ,
1196 5619 1293 5673 alii—
1321 5621 1561 5689 octuplo,
1581 5621 1671 5676 alii
1717 5623 2035 5679 undevicics

2132 4551 2731 4622 ὀκτωκαιδεκαετηρίδι,
2750 4552 2803 4604 εἴ
2819 4570 2882 4621 γε
2898 4553 3116 4623 γνήσιόν
3143 4554 3258 4606 ἐστι
3282 4553 3342 4606 τὸ
3372 4553 3708 4624 σύγγραμμα

2146 4641 2612 4714 Ἐρατοσθένους².
2659 4638 2829 4706 Οὗτος
2879 4643 2988 4714 γὰρ
3034 4643 3340 4715 ἀνέγραψεν
3365 4644 3600 4707 δεικνὺς,
3633 4644 3709 4707 ὡς

2130 4734 2231 4786 οὐκ
2288 4733 2373 4804 εἴη
2419 4733 2670 4799 Εὐδόξου.
2707 4733 2866 4788 Κατὰ
2914 4735 2972 4788 δέ
3018 4752 3170 4797 τινας
3209 4737 3263 4787 ἐν
3307 4736 3709 4806 ἐϐδομήκοντα.³

2132 4822 2337 4876 ἐτεσιν·
2385 4817 2454 4894 ἧς
2485 4823 2642 4895 δόξης
2665 4827 2782 4879 ἐστὶ
2814 4827 2907 4880 καὶ
2931 4826 3245 4891 Κάλιππος.
3293 4827 3451 4881 Κατά
3495 4829 3551 4881 δὲ
3594 4829 3706 4882 Μέ-

2134 4931 2278 4967 τωνα
2318 4913 2384 4967 δι’
2418 4916 3066 4990 ἐννεακαιδεκαετηρίδος.
3097 4918 3284 4992 Ταύτῃ
3311 4920 3710 4991 κατηκολούθη-

2139 5023 2229 5058 σεν
2262 5007 2496 5078 ’Ἄρατος
2519 5025 2532 5037 ·
2566 5010 2702 5079 φησὶ
2734 5008 2841 5080 γάρ
2861 5026 2875 5039 ·

2521 5121 2896 5175 συναείόᾉται
2925 5121 3041 5190 ἤδη

2153 5189 2607 5260 Ἐννεακαίδεκα
2637 5193 2830 5254 κύκλα
2854 5189 3100 5260 φαεινοῦ
3123 5193 3350 5259 ἠελίοιο
3369 5209 3384 5226 ·

2142 5257 2342 5330 Ὄσσα
2378 5261 2426 5312 τ’
2458 5260 2574 5313 ἀπὸ
2607 5260 2794 5328 ζώνης
2824 5257 2910 5327 εἷς
2937 5257 3201 5330 ἔσχατον
3232 5263 3473 5330 Ὠρίωνα

2141 5329 2270 5392 Νὺξ
2293 5330 2661 5394 ἐπιδινεῖται,
2703 5333 2867 5385 Κύνα
2898 5349 2960 5384 τε
2993 5329 3226 5396 θρασὺν
3262 5329 3555 5400 Ὠρίωνος.

2188 5508 2196 5524 ⁸
2383 5503 2394 5515 ,
2464 5491 2466 5493 .
2587 5443 2726 5513 Περὶ
2762 5443 3051 5513 μεγέθους
3081 5445 3280 5511 ἡλίου.

2213 5540 2286 5586 κ’.
2308 5534 2550 5603 Μέγεθος
2583 5537 2732 5607 ἡλίου
2759 5537 2941 5607 μεῖζον
2966 5537 3069 5606 γῆς
3089 5554 3240 5605 φασι.
3269 5535 3378 5590 Καὶ
3407 5537 3456 5590 οἱ
3493 5536 3591 5608 μὲν
3613 5555 3685 5591 πο

2141 5625 2327 5680 διαίον·
2364 5629 2411 5681 οἱ
2466 5629 2521 5682 δὲ
2576 5629 2966 5683 ὀκταπλάσιον·
3008 5630 3055 5682 οί
3097 5629 3153 5683 δὲ
3191 5629 3710 5689 ἐννεακαιδεκαπλὰο

587 5769 604 5801 ⁸
637 5769 675 5825 θ’.
700 5770 865 5826 δοκεῖ.
961 5777 979 5806 ²
1016 5773 1273 5831 Mcndosa
1309 5775 1408 5830 ista
1452 5786 1597 5832 sunt.
1696 5779 1714 5808 ³
1742 5778 1780 5846 Ῑ.
1817 5776 1875 5842 ἓξ
1909 5779 2000 5831 καὶ
2026 5777 2136 5832 ἐϐδ.

4139 4889 4146 4922 l
