4166 6408
378 397 479 456 961

1120 395 1440 454 ACHILLIS
1474 395 1662 455 ΤΑΤΙΙ
1696 397 1996 456 ISAGOGE
2035 397 2126 453 AD
2160 395 2370 452 ARATI
2402 395 2877 454 ΡΠᾹΞΝΟΜΕΝΑ.

3540 393 3647 452 96⁶2Ι

382 528 517 564 σιον.
547 509 808 584 Φέρεσθαι
837 509 895 564 δὲ
925 509 1089 564 αὐτὸν
1136 510 1236 583 τὴν
1273 512 1524 566 ἐναντίαν
1563 516 1676 578 τοῖς
1702 515 1966 570 ἀπλανέσι

2071 513 2331 584 majorem
2386 513 2617 570 faciunt.
2670 513 2935 568 Eumdem
2978 512 3256 570 contrario
3284 511 3462 568 stellis
3510 513 3649 567 iner-

379 603 552 673 φορὰν
601 603 744 657 κατὰ
781 601 879 673 τὴν
911 602 1044 656 ίδίαν
1078 602 1291 675 κίνησιν
1331 603 1439 656 ἀπὸ
1467 605 1687 676 δυσμῶν
1721 608 1807 660 ἐπ’
1831 608 1963 659 ἀνα-

378 695 568 760 τολάςο
593 693 820 764 ἄγεσθαι
845 694 900 746 δὲ
932 693 1037 746 ὑπὸ
1061 695 1159 765 τῆς
1199 694 1473 758 ἀπλανοῦς
1496 696 1606 748 ἀπὸ
1637 696 1744 748 τῶν
1777 698 1967 748 ἀνατο-

380 786 550 840 λικῶν
589 785 770 858 μερῶν
815 786 908 838 ἐπὶ
953 785 1024 839 τὰ
1067 785 1281 852 δυτικά,
1341 771 1484 841 κατὰ
1526 787 1618 841 τὸν
1665 787 1965 860 Εὐριπίδην

382 877 610 947 λέγοντα
631 892 646 906 ⁸

525 988 735 1054 Δείξας
762 986 874 1059 γὰρ
897 987 1142 1059 ἄστρων
1172 986 1288 1056 τὴν
1313 987 1597 1042 ἐναντίαν
1627 988 1793 1059 door,

523 1057 839 1128 Δήμουςΐ
872 1058 1106 1122 ἔσωσα,
1141 1059 1241 1111 καὶ
1283 1060 1580 1126 τύραννος
1622 1057 1842 1128 ἱζόμην.

469 1171 692 1242 Ἀτρεὺς
745 1169 852 1242 γὰρ
915 1163 1039 1242 εὗρε
1082 1169 1190 1223 τῶν
1227 1169 1514 1241 πλανήτων
1565 1170 1664 1240 τὴν
1715 1169 1965 1224 ἐναντίαν

385 1262 580 1336 φορὰν,
610 1261 798 1335 ὥσπερ
844 1261 940 1316 καὶ
986 1261 1137 1333 ἡλίου
1172 1261 1280 1314 ἀπὸ
1317 1260 1587 1314 ἀνατολῶν
1619 1261 1964 1333 κυλιομένου,

387 1355 481 1410 καὶ
508 1355 804 1428 φερομένου
831 1355 911 1418 είς
935 1353 1164 1424 δυσμάς.
1194 1354 1400 1426 ’Ὠσπερ
1431 1354 1558 1426 γὰρ,
1579 1355 1628 1407 εί
1652 1354 1804 1424 τύχοι
1829 1353 1968 1426 μύρ-

389 1449 499 1520 μηξ
552 1447 737 1520 ’ἑρπων
783 1445 979 1512 ἔξωθεν
1013 1445 1366 1517 περιφερείας
1413 1446 1557 1509 τινὸς
1595 1445 1704 1500 ἀπὸ
1746 1446 1966 1519 δυσμῶν

387 1539 476 1592 ἐπ’
522 1537 786 1602 ἀνατολὰς
844 1539 944 1609 τὴν
998 1536 1246 1592 ἐναντίαν
1302 1537 1380 1608 τῷ
1426 1536 1606 1609 τροχῷ
1645 1537 1966 1610 ποιούμενος

2069 604 2318 660 rantibus
2348 619 2414 660 ac
2445 605 2665 672 proprio
2691 612 2847 658 motu
2877 604 2944 656 ab
2973 619 3175 658 occasu
3210 604 3266 657 in
3295 614 3475 660 ortum
3515 602 3646 657 ferri

2067 690 2284 756 volunt;
2343 689 2563 744 interim
2617 691 2747 744 dum
2799 689 2871 745 ab
2917 689 3279 746 inerrantium
3316 692 3530 763 sphaera
3578 692 3650 746 ab

2065 784 2256 839 ortivis
2290 783 2542 856 partibus
2584 783 2639 837 in
2669 782 2931 840 occiduas
2977 785 3213 857 rapitur,
3251 795 3310 840 ut
3365 786 3452 842 his
3483 787 3650 844 versi-

2066 877 2169 933 bus
2208 884 2439 932 testatur
2463 875 2754 948 Euripides
2787 894 2804 934 :

2213 988 2439 1046 Ostenso
2467 990 2605 1044 enim
2631 999 2904 1044 astrorum
2935 990 3206 1046 contrario
3234 999 3403 1058 motu,

2203 1059 2439 1129 Populos
2472 1061 2696 1127 servavi,
2729 1072 2778 1116 et
2815 1070 3075 1133 tyrannus
3100 1061 3334 1117 consedi.

2133 1174 2270 1232 Nam
2324 1174 2525 1231 Atreus
2560 1175 2900 1231 contrarium
2947 1180 3156 1230 motum
3191 1177 3533 1245 planetarum
3561 1189 3649 1230 re-

2064 1269 2230 1339 perit,
2265 1274 2328 1322 ut
2365 1275 2420 1323 et
2452 1268 2585 1324 solis
2636 1268 2706 1323 ab
2757 1276 2884 1323 ortu
2929 1269 3204 1324 tendentis
3243 1268 3313 1322 ad
3361 1283 3645 1325 occasum.

2066 1361 2280 1416 Etenim
2309 1361 2770 1431 quemadmodum
2797 1363 2844 1417 si
2868 1362 3096 1417 formica
3126 1364 3184 1416 in
3212 1362 3484 1418 exteriore
3512 1369 3648 1417 rotae

2065 1453 2276 1508 ambitu
2307 1453 2584 1508 contraria
2611 1464 2774 1524 atque
2806 1454 2899 1508 illa
2929 1455 3318 1524 progressione
3345 1453 3414 1507 ab
3443 1467 3647 1508 occasu

2064 1553 2348 1600 moveatur
2382 1546 2439 1600 in
2467 1547 2758 1613 orientem,
2786 1546 2998 1600 accidet
3022 1546 3077 1600 id
3111 1545 3356 1617 quidem,
3387 1545 3464 1600 uti
3510 1553 3648 1602 rota:

387 1631 634 1700 πορείαν,
667 1630 1004 1702 συμϐήσεται
1036 1630 1200 1683 αὑτὸν
1231 1630 1336 1683 ὑπὸ
1373 1631 1469 1702 μὲν
1507 1631 1607 1702 τῆς
1646 1631 1746 1685 τοῦ
1770 1632 1966 1704 τροχοῦ

2067 1633 2390 1690 circuitione
2432 1636 2505 1691 ab
2555 1637 2768 1692 oriente
2809 1637 3058 1706 rapiatur
3100 1651 3358 1692 occasum
3394 1652 3588 1692 versus
3626 1653 3643 1691 :

389 1722 775 1793 περιδινήσεως
824 1720 932 1773 ἀπὸ
978 1720 1253 1774 ἀνατολῶν
1305 1721 1398 1774 ἐπὶ
1457 1719 1666 1792 δυσμὰς
1717 1722 1966 1792 ἄγεσθαι,

390 1813 495 1866 ὑπὸ
523 1812 579 1865 δὲ
608 1813 707 1882 τῆς
742 1811 872 1875 ἰδίας
893 1815 1157 1884 κινήσεως
1187 1812 1295 1866 ἀπὸ
1321 1812 1540 1884 δυσμῶν
1567 1815 1653 1866 ἐπ’
1679 1814 1963 1880 ἀνατολάς.

2065 1736 2260 1798 suopte
2293 1745 2426 1784 vero
2449 1737 2600 1785 motu
2643 1731 2712 1786 ab
2739 1745 2941 1786 occasu
2963 1730 3018 1784 in
3049 1737 3255 1784 ortum.’
3285 1729 3353 1783 At
3382 1744 3482 1785 nos
3515 1745 3646 1799 pro-

2065 1821 2244 1890 prium
2281 1821 2428 1876 illius
2462 1828 2693 1886 motum,
2712 1822 2857 1892 quod
2886 1821 3226 1876 lentissimus
3252 1821 3342 1889 sit,
3370 1837 3509 1893 aegre
3531 1821 3647 1876 dis-

401 1905 561 1974 Ἢμῖν
607 1903 662 1956 δὲ
694 1903 1146 1974 δυσκατάληπτον
1193 1899 1333 1958 εἶναι
1369 1903 1657 1975 συμϐαίνει
1687 1906 1786 1978 τὴν
1827 1907 1965 1962 ίδίαν

2067 1887 2360 1968 cernimus.
2381 1912 2465 1968 0b
2491 1914 2543 1967 id
2569 1887 2761 1969 oculos
2793 1921 3014 1970 nostros
3043 1913 3228 1983 effugit
3257 1887 3498 1968 formica:
3526 1929 3647 1983 pro-

389 1993 554 2048 αὺτοῦ
604 1994 838 2064 κίνησιν,
869 1993 964 2048 ἅτε
989 1993 1058 2064 δὴ
1086 1993 1289 2064 μικρὰν
1327 1989 1523 2048 οὖσαν·
1555 1994 1635 2048 διὸ
1668 1996 1762 2050 καὶ
1789 2015 1967 2068 παρα-

390 2085 570 2158 τρέχει
603 2086 758 2156 ἡμῶν
783 2084 880 2157 τὴν
913 2084 1033 2154 ίιψιν
1061 2087 1096 2155 ή
1121 2084 1216 2137 τοῦ
1253 2083 1542 2156 μύρμηκος
1575 2086 1810 2160 κίνησις,
1845 2088 1970 2154 ὀξυ-

389 2177 553 2248 τέρας
588 2177 752 2247 οῠσ-ης
781 2177 879 2247 τῆς
922 2174 1146 2247 τροχοῦ’
1181 2175 1274 2228 τὸν
1301 2175 1463 2228 αὑτὸν
1490 2176 1690 2248 τρόπον
1733 2178 1844 2231 νόει
1872 2179 1967 2232 καὶ

389 2269 482 2319 ἐπὶ
528 2265 698 2338 ήλίου.
738 2266 917 2318 Ἔστω
948 2264 1056 2336 γὰρ
1084 2263 1280 2337 τροχὸς
1313 2266 1340 2318 ὁ
1372 2264 1618 2336 οὐρανὸς,
1659 2267 1688 2319 ὁ
1731 2267 1786 2320 δὲ
1815 2267 1965 2340 ἥλιος

388 2355 509 2409 ἀντὶ
543 2354 852 2426 μύρμηκος.
895 2355 1006 2428 Τὴν
1036 2354 1093 2408 δὲ
1117 2355 1281 2420 δεῖξιν
1315 2352 1518 2426 ταύτην
1550 2355 1635 2408 ἐπ’
1667 2355 1838 2427 αὐτῆς
1867 2358 1966 2429 τῆς

391 2451 627 2518 σφαίρας
675 2446 821 2500 ἐστιν
871 2445 1017 2500 ἰδεῖν.
1071 2445 1195 2500 Ἐὰν
1237 2444 1346 2519 γὰρ
1380 2445 1708 2518 ὑποθώμεθα
1751 2447 1966 2520 πρῶτον

390 2539 700 2593 ἀνατέλλειν
749 2537 938 2609 Κριὸν,
965 2536 1061 2591 καὶ
1098 2537 1190 2591 τὸν
1219 2538 1369 2609 ἥλιον
1395 2539 1454 2591 ὲν
1481 2536 1654 2609 τούτῳ
1679 2533 1836 2606 εἶναι,
1872 2540 1966 2593 ἐπὶ

389 2632 603 2704 ἡμέρας
635 2631 677 2683 λ’
708 2631 805 2704 τὴν
841 2630 1139 2701 μετάϐασιν
1180 2629 1345 2684 αὐτοῦ
1393 2631 1502 2684 ἀπὸ
1537 2629 1630 2684 τοῦ
1671 2631 1842 2701 Κριοῦ
1874 2631 1966 2684 εὑ-

394 2725 650 2796 ρίσκομεν
683 2723 761 2786 είς
790 2723 881 2776 τὸν
913 2721 1127 2794 Ταῦρον
1151 2723 1440 2793 γινομένην
1463 2738 1477 2752 °
1511 2724 1538 2776 ὁ
1576 2721 1620 2774 δ’
1667 2723 1786 2776 ἐστὶ
1827 2722 1964 2794 μετὰ

390 2816 480 2869 τὸν
511 2815 698 2887 Κριόν.
741 2813 874 2867 Ἀπὸ
899 2813 1004 2866 τῶν
1034 2812 1266 2866 δυτικῶν
1285 2813 1392 2885 ἄρα
1413 2812 1596 2885 μερῶν
1621 2814 1714 2866 ἐπὶ
1741 2814 1810 2866 τὰ
1837 2814 1967 2868 ἀνα-

389 2905 597 2969 τολικὰ,
627 2903 740 2957 ἀλλ’
776 2903 896 2974 οὐχὶ
923 2903 1190 2957 ἀνάπαλιν
1215 2902 1322 2957 ἀπὸ
1357 2903 1468 2956 τῶν
1504 2900 1841 2957 ἀνατολικῶν
1873 2903 1966 2956 ἐπὶ

388 2993 459 3048 τὰ
507 2994 698 3049 δυτικά
736 2993 1058 3065 εὑρίσκομεν
1100 2992 1398 3065 φερόμενον
1424 2992 1607 3047 αὐτόν.
1643 2993 1815 3064 Δῆλον
1848 2989 1962 3060 οὖν,

390 3087 466 3151 ὡς
502 3089 751 3151 κινεῖται,
784 3088 878 3140 καὶ
910 3086 1132 3158 φέρεται
1164 3085 1304 3139 κατά
1332 3085 1429 3157 τὴν
1463 3086 1599 3140 ἰδίαν
1626 3086 1837 3158 κίνησιν
1859 3087 1968 3140 ἀπὸ

389 3178 497 3232 τῶν
527 3179 756 3232 δυτικῶν
786 3179 879 3232 ἐπὶ
910 3178 978 3232 τὰ
1007 3178 1323 3232 ἀνατολικὰ.

952 3271 1090 3340 Περὶ
1116 3269 1408 3338 σελήνης.

459 3369 565 3416 κα’.
597 3364 752 3428 Τινὲς
776 3363 896 3417 οὐδὲ
921 3362 1056 3426 ὅλως
1082 3362 1360 3433 βούλονται
1389 3358 1527 3416 εἶναι
1556 3364 1808 3438 σελήνην.
1834 3366 1965 3420 Ἀλ-

389 3459 470 3511 λοι
502 3458 558 3512 δὲ
585 3457 754 3529 αὐτὴν
799 3457 857 3524 ἐξ
888 3456 1307 3528 ἀναθυμιάσεως
1349 3459 1453 3530 γῆς
1499 3455 1638 3515 εἶναι
1679 3462 1926 3532 λέγουσιν
1947 3480 1964 3495 ·

389 3551 566 3623 ἕτεροι
597 3550 655 3604 δὲ
687 3551 752 3603 ὲκ
793 3550 998 3622 πυρός’
1031 3549 1178 3605 ἄλλοι
1224 3549 1321 3604 καὶ
1349 3551 1513 3623 ἀέρος
1534 3569 1548 3583 ⁸
1579 3553 1728 3607 ἄλλοι
1755 3556 1821 3609 ἐκ
1857 3555 1968 3610 τῶν

387 3643 670 3714 τεσσάρων
719 3642 1028 3712 στοιχείωνο
1083 3641 1262 3714 ἕτεροι
1315 3642 1374 3696 δὲ
1423 3643 1525 3714 γῆν
1564 3647 1966 3720 πεπυρωμένην

390 3737 727 3808 στερέμνιον,
759 3733 987 3805 ἔχουσαν
1026 3733 1168 3806 πῦρ·
1197 3729 1335 3788 εἶναι
1362 3735 1419 3788 δὲ
1448 3738 1535 3789 ἐπ’
1564 3739 1734 3810 αὐτῆς
1753 3743 1968 3814 οἴκησιν

388 3825 576 3896 ἀλλην,
608 3823 888 3895 ποταμούς
908 3841 968 3876 τε
992 3824 1085 3878 καὶ
1113 3824 1217 3878 ὅσα
1243 3824 1336 3878 ἐπὶ
1361 3826 1464 3897 γῆς
1489 3841 1504 3854 ·
1533 3828 1629 3882 καὶ
1651 3828 1746 3884 τὸν
1777 3831 1968 3886 λέοντα

387 3915 479 3968 τὸν
507 3916 775 3985 Νεμεαῖον
803 3913 1010 3967 ἐκεῖθεν
1042 3916 1226 3968 πεσεῖν
1258 3915 1658 3986 μυθολογοῦσιν.
1710 3921 1968 3992 Ἐμπεδο-

388 4006 523 4078 κλῆς
561 4006 618 4059 δὲ
649 4006 990 4076 ἀπόσπασμα
1033 4007 1206 4077 αὐτήν
1245 4025 1410 4078 φησιν
1453 4009 1629 4078 ήλίου.
1672 4013 1869 4085 Σχῆμα
1908 4015 1966 4068 δὲ

387 4101 556 4172 αὐτῆς
603 4101 652 4153 oi
703 4101 799 4170 μὲν
840 4100 1195 4171 σφαιροειδὲς,
1245 4103 1295 4154 oi
1340 4102 1399 4155 δὲ
1443 4103 1758 4170 δισκοειδές.
1809 4107 1968 4161 Κατὰ

393 4191 540 4263 μῆνα
558 4191 616 4246 δὲ
643 4191 885 4245 ἐκλείπει
908 4209 922 4221 ο
948 4191 1024 4254 ὡς
1050 4191 1147 4262 μὲν
1174 4192 1526 4264 Ἡράκλειτός
1549 4213 1736 4268 φησιν,
1765 4197 1967 4268 ὁμοίως

388 4285 468 4358 τῷ
508 4285 644 4359 ήλίῳ
676 4284 772 4339 τοῦ
804 4284 1127 4355 φωτοειδοῦς
1174 4287 1452 4358 σχήματος
1495 4290 1963 4362 ἀναστραφέντοςο

389 4378 538 4434 ἄλλοι
567 4378 625 4432 δὲ
660 4377 756 4432 τοῦ
790 4377 1012 4450 στομίου
1046 4376 1142 4432 τοῦ
1180 4380 1540 4451 τροχοειδοῦς,
1570 4381 1639 4435 δι’
1665 4377 1726 4438 οὗ
1753 4383 1967 4455 ἐκπέμ-

389 4486 553 4524 πεται
591 4457 668 4522 ἰδ’
695 4467 832 4538 φῶς,
862 4468 1338 4540 ἀποφραχθέντος·
1394 4470 1471 4534 ὡς
1521 4470 1578 4523 δὲ
1622 4471 1793 4537 ἄλλοι,
1841 4475 1966 4527 ὅταν

1991 3223 2040 3288 C

2067 2001 2298 2071 gressio,
2330 2003 2477 2074 quod
2512 2005 2584 2059 sit
2617 2005 2907 2059 conversio
2956 2005 3048 2059 illa
3101 2014 3234 2060 rotae
3283 2005 3518 2059 citatior.
3539 2003 3647 2058 Eo-

2067 2095 2188 2151 dem
2229 2096 2390 2150 modo
2424 2103 2479 2151 et
2507 2097 2576 2150 de
2614 2096 2729 2151 sole
2766 2097 3115 2167 cogitandum
3150 2104 3256 2159 est,
3287 2103 3348 2150 ut
3378 2096 3425 2151 is
3463 2095 3649 2150 formi-

2067 2200 2146 2240 ca:
2182 2186 2356 2240 instar
2387 2185 2483 2252 sit,
2519 2186 2719 2240 cmlum
2759 2195 2914 2242 rotae.
2941 2186 3098 2252 Quod
3149 2186 3286 2242 adeo
3331 2188 3388 2241 in
3429 2188 3647 2256 sphaera

2067 2275 2184 2345 ipsa
2215 2276 2581 2331 demonstrari
2606 2283 2804 2345 potest.
2827 2275 2962 2331 Nam
2985 2277 3032 2332 si
3056 2279 3433 2348 concipiamus
3460 2279 3648 2332 animo

2065 2369 2301 2439 primum
2349 2366 2588 2424 Arietem
2637 2370 2861 2434 exoriri,
2894 2370 2950 2424 in
2981 2386 3156 2440 eoque
3193 2373 3404 2427 versari
3444 2373 3642 2436 solem,

2070 2466 2194 2531 post
2214 2459 2282 2513 30
2305 2459 2423 2516 dies
2451 2460 2520 2516 ab
2539 2460 2724 2516 Ariete
2743 2461 3036 2518 transitum
3064 2463 3132 2518 ab
3153 2464 3246 2518 illo
3267 2463 3472 2518 factum
3492 2466 3648 2520 inve-

2066 2553 2250 2608 nimus
2283 2551 2351 2608 ad
2379 2550 2642 2617 Taurum,
2674 2553 2771 2623 qui
2811 2554 2878 2610 ab
2900 2553 3082 2610 Ariete
3112 2556 3398 2624 proximus
3417 2565 3524 2611 est.
3545 2555 3647 2626 lgi-

2068 2653 2156 2700 tur
2179 2645 2249 2700 ab
2281 2644 2529 2700 occiduis
2556 2645 2810 2715 partibus
2845 2647 2914 2701 ad
2947 2648 3266 2712 orientales,
3303 2664 3412 2704 non
3449 2657 3647 2704 contra

2067 2736 2136 2790 ab
2165 2735 2526 2791 orientalibus
2565 2736 2630 2790 ad
2674 2736 2936 2793 occiduas
2965 2737 3120 2792 illum
3159 2739 3294 2793 cieri
3341 2739 3650 2808 deprehen-

2065 2825 2268 2882 dimus.
2306 2825 2578 2892 Quocirca
2631 2826 2858 2882 dubium
2897 2843 3006 2883 non
3049 2836 3154 2892 est,
3185 2829 3396 2884 moveri
3440 2829 3644 2899 ipsum,

2066 2915 2307 2988 ferrique
2360 2917 2588 2990 proprio
2666 2927 2821 2973 motu
2872 2919 2942 2974 ab
2989 2919 3238 2975 occiduis
3286 2920 3536 2990 partibus
3587 2921 3644 2976 in

2066 3009 2382 3066 orientales.

2642 3265 2644 3267 ‘
2664 3253 2774 3325 83
2815 3253 2892 3308 De
2930 3253 3077 3308 (una.

2135 3343 2225 3400 21.
2263 3341 2404 3399 Sunt
2429 3343 2524 3415 qui
2565 3345 2752 3400 lunam
2811 3361 2936 3402 esse
2981 3345 3231 3402 funditus
3270 3355 3491 3419 negent.
3537 3347 3645 3403 Alii

2066 3437 2300 3494 terrenis
2319 3437 2764 3494 exhalationibus
2795 3450 3050 3494 constare
3073 3445 3295 3509 putant;
3323 3440 3545 3510 quidam
3576 3456 3645 3496 ex

2065 3530 2228 3600 igne;
2259 3530 2352 3584 alii
2385 3547 2452 3585 ex
2493 3541 2654 3598 aere;
2688 3531 2941 3584 nonnulli
2975 3546 3042 3586 ex
3087 3532 3373 3587 elementis
3409 3539 3646 3602 quatuor

2065 3621 2373 3690 exsistere;
2402 3621 2574 3692 aliqui
2603 3631 2807 3677 terram
2851 3623 3102 3694 ignitam,
3138 3624 3393 3689 solidam,
3436 3634 3491 3679 et
3521 3625 3646 3694 igne

2072 3714 2466 3770 circumfusam
2514 3730 2640 3772 esse
2687 3712 2955 3770 sentiunt.
3006 3714 3088 3769 Ad
3127 3716 3244 3770 haec
3279 3717 3442 3770 aliam
3489 3717 3545 3769 in
3577 3731 3644 3770 ea

2070 3810 2352 3881 regionem
2385 3810 2453 3866 ad
2499 3808 2864 3864 habitandum
2921 3809 3146 3874 inesse,
3179 3824 3304 3864 cum
3363 3808 3540 3864 ﬂuviis
3588 3817 3645 3864 et

2066 3903 2306 3967 caeteris,
2343 3917 2468 3972 quae
2497 3901 2551 3956 in
2597 3909 2745 3957 terra
2794 3901 3078 3957 videntur.
3129 3902 3371 3972 Indeque
3411 3901 3644 3958 Nemees

2066 3994 2220 4050 illum
2253 3994 2470 4050 leonem
2503 3993 2791 4064 delapsum
2833 4009 2959 4050 esse
2991 3994 3222 4049 fabulati
3255 4002 3408 4050 sunt.
3441 3993 3644 4065 Empev

2067 4085 2256 4142 docles
2295 4086 2546 4141 avulsam
2605 4085 2748 4139 hanc
2797 4101 2828 4140 a
2885 4087 2999 4141 sole
3030 4095 3242 4156 partem
3275 4102 3399 4142 esse
3432 4087 3640 4142 docuit.

2065 4174 2325 4248 Figuram
2355 4176 2542 4240 habet,
2577 4183 2636 4230 ut
2665 4174 2890 4245 quidam
2928 4176 3035 4230 rati
3081 4184 3234 4240 sunt,
3285 4176 3535 4246 sphaerae,
3583 4183 3644 4230 ut

2067 4271 2184 4335 alii,
2224 4269 2363 4324 disci
2399 4269 2658 4324 similem.
2695 4267 2888 4324 Deﬁcit
2929 4283 3117 4324 mense
3161 4268 3448 4338 quolibet:
3497 4267 3645 4337 quod

2069 4361 2415 4423 lleraclitus,
2451 4359 2710 4414 similiter
2740 4367 2905 4428 atque
2944 4359 2998 4412 in
3035 4358 3173 4421 sole,
3207 4357 3324 4412 ﬁeri
3371 4365 3528 4426 putat
3559 4358 3646 4411 in-

2067 4468 2228 4510 versa
2263 4452 2586 4523 splendente
2611 4451 2810 4504 forma.
2834 4451 2938 4502 Alii
2972 4465 3108 4503 cavo
3141 4449 3236 4502 illo
3269 4449 3647 4517 circinatoque

389 4561 519 4633 περὶ
549 4562 611 4614 τὸ
641 4561 923 4622 κωνοειδὲς
955 4539 1056 4632 τῆς
1090 4539 1204 4632 γῆς
1248 4560 1472 4632 γένηται
1513 4560 1773 4616 δύνουσα·
1799 4564 1875 4628 ὡς
1907 4566 1964 4618 δὲ

2069 4559 2185 4606 ore,
2227 4558 2326 4613 per
2348 4542 2495 4612 quod
2529 4543 2712 4595 lumen
2736 4539 3030 4600 emittitur,
3063 4539 3387 4604 obstructo;
3421 4539 3644 4607 quidam

388 4657 437 4709 oi
470 4655 673 4720 πολλοὶ,
712 4654 854 4707 κατά
896 4654 1187 4725 διάμετρον
1217 4654 1520 4724 γενομένην
1554 4654 1708 4726 ἡλίῳ.
1754 4656 1966 4710 Γίνεται

387 4747 445 4802 δὲ
470 4748 614 4802 κατὰ
651 4746 796 4818 μῆνα
836 4745 1088 4800 ἕκαστον.
1117 4746 1156 4797 Γ
1157 4744 1284 4798 ἑννα
1325 4744 1382 4797 δὲ
1423 4744 1672 4816 σελήνης,
1709 4746 1804 4800 καὶ
1835 4749 1968 4801 ἀνα-

385 4841 514 4913 τολὴ
543 4840 810 4911 διαφέρει.
846 4837 1000 4892 Μετά
1025 4836 1135 4909 γὰρ
1157 4839 1308 4908 τρεῖς
1338 4837 1371 4907 ἢ
1408 4836 1681 4910 τέσσαρας
1708 4837 1803 4892 τοῦ
1845 4856 1969 4908 γεν-

387 4934 616 5005 νηθῆναι
653 4932 864 5004 ἡμέρας
890 4930 1158 5000 φαίνεται,
1191 4929 1288 4983 καὶ
1318 4929 1416 4999 οὐχ
1446 4928 1563 5000 ἅμα
1591 4928 1675 5000 -τῴ
1703 4931 1968 5002 γεννηθῆ-

389 5041 496 5079 ναι.
541 5023 842 5077 Ἀνατέλλει
876 5021 935 5075 δὲ
969 5021 1068 5092 οὐχ
1105 5019 1228 5075 ὅλον
1272 5020 1332 5073 τὸ
1367 5018 1484 5088 φῶς
1511 5019 1708 5090 ἔχουσα
1741 5038 1968 5093 περιφε-

392 5116 502 5186 ρὲς,
530 5115 668 5168 ἀλλά
699 5113 984 5186 μηνοειδής
1001 5129 1016 5144 ·
1045 5111 1206 5184 μέχρι
1229 5110 1286 5164 δὲ
1311 5109 1404 5165 τοῦ
1428 5109 1651 5182 ἡμίσεος
1671 5109 1968 5182 αὐξηθεῖσα

385 5209 596 5278 γίνεται
624 5208 926 5278 διχότομος.
964 5204 1089 5259 Ἐὰν
1117 5204 1174 5257 δὲ
1205 5204 1266 5256 τὸ
1290 5203 1534 5275 δίμοιρον
1567 5205 1962 5278 περιφωτισθῇ.

385 5301 630 5354 καλεῖται
665 5298 1008 5371 ἀμφίκυρτος
1029 5313 1044 5328 ο
1075 5295 1426 5368 πληρωθεῖσα
1452 5295 1509 5348 δὲ
1533 5295 1741 5364 γίνεται
1772 5297 1877 5368 πλη
1887 5314 1968 5369 ρο-

387 5393 627 5464 σὲληνος,
664 5391 758 5445 καὶ
791 5391 1146 5462 πανσέληνος,
1189 5388 1285 5442 καὶ
1325 5387 1638 5458 διχόμηνις·
1685 5405 1967 5443 πεντεκαι-

383 5483 640 5537 δεκαταία
670 5483 778 5556 γάρ
824 5485 940 5536 ἐστι
971 5481 1321 5553 πληρωθεῖσα
1346 5495 1361 5510 ’
1389 5480 1418 5532 ὃ
1464 5479 1612 5532 ἐστιν
1657 5479 1830 5550 ἥμισυ
1863 5497 1968 5551 μη-

383 5574 496 5637 νδς,
528 5573 896 5644 διχαζομένων
927 5569 1038 5624 τῶν
1070 5568 1111 5622 λ’
1142 5567 1384 5640 ἡμερῶν.
1415 5566 1526 5620 Καὶ
1559 5566 1721 5619 πάλιν
1755 5563 1822 5620 αὖ
1856 5567 1966 5619 ἀπὸ

384 5667 483 5737 τῆς
511 5665 844 5736 πανσελήνου
876 5663 1103 5734 ἄρχεται
1133 5659 1436 5731 μειοῦσθαι,
1465 5658 1560 5711 καὶ
1587 5658 1796 5726 γίνεται
1819 5657 1968 5728 πρῶ-

383 5776 477 5812 τον
529 5758 897 5829 ἀμφίκυρτος,
953 5751 1071 5808 εἶτα
1120 5752 1422 5824 διχόμηνις,
1475 5747 1594 5804 εἶτα
1652 5750 1959 5821 μηνοειδής.

372 5827 655 5916 imaeve:
675 5827 905 5922 ζητῆσαι
928 5848 979 5902 τί
1002 5848 1198 5919 δήποτε
1228 5845 1322 5898 ἐπὶ
1352 5842 1445 5898 τοῦ
1474 5842 1650 5913 φωτὸς
1682 5842 1782 5913 τῆς
1803 5839 1962 5910 σελή-

2069 4646 2200 4691 tunc
2229 4635 2479 4690 accidere
2505 4643 2752 4698 censent,
2785 4650 2909 4687 cum
2939 4633 3084 4686 circa
3108 4643 3268 4686 terra:
3299 4646 3498 4686 conum
3522 4647 3645 4684 ver-

2068 4736 2224 4782 satur
2253 4727 2535 4782 occidens.
2566 4725 2894 4781 Communis
2916 4733 3001 4780 est
3031 4723 3238 4795 opinio,
3271 4723 3326 4778 id
3355 4730 3472 4776 tum
3501 4722 3642 4786 fieri,

2068 4835 2193 4875 cum
2223 4834 2290 4875 ex
2329 4819 2599 4874 diametro
2631 4817 2733 4872 soli
2778 4825 2862 4872 est
2902 4816 3156 4871 obversa.
3203 4813 3319 4869 Hoc
3353 4829 3480 4868 vero
3527 4814 3645 4867 sin-

2069 4913 2212 4984 gulis
2253 4912 2536 4968 mensibus
2567 4911 2766 4966 evenit.
2803 4908 2993 4964 Differt
3024 4915 3206 4962 autem
3235 4907 3304 4962 ab
3331 4913 3456 4961 ortu
3501 4906 3646 4960 luna;

2068 5006 2346 5061 nativitas.
2383 5002 2597 5074 Quippe
2646 5010 2772 5073 post
2819 5010 2933 5055 tres
2979 5007 3308 5070 quatuorve,
3343 4996 3510 5069 quam
3559 5006 3645 5052 est

2069 5105 2219 5160 nata,
2256 5097 2372 5151 dies
2402 5101 2648 5164 apparet,
2672 5108 2784 5147 non
2817 5093 2978 5148 simul
3009 5101 3174 5162 atque
3207 5100 3337 5146 nata
3368 5101 3470 5146 est.
3503 5091 3643 5144 Cum

2068 5188 2282 5252 oritur,
2332 5203 2443 5242 non
2484 5187 2816 5256 completum
2871 5185 3034 5239 habet
3071 5183 3214 5239 lueis
3263 5185 3488 5248 orbem,
3545 5186 3642 5238 sed

2071 5281 2355 5334 falcatum.
2407 5277 2620 5332 Exinde
2671 5276 2738 5330 ad
2790 5276 3077 5331 dimidium
3113 5282 3308 5338 aucta,
3343 5275 3646 5342 semiplena

2070 5372 2150 5427 fit.
2178 5371 2284 5426 Ubi
2331 5372 2494 5426 besse
2542 5369 2868 5424 collustrata
2911 5379 3015 5431 est,
3066 5365 3432 5438 ἀμφίκυρτος,
3477 5366 3532 5419 id
3563 5379 3649 5421 est

2067 5465 2298 5536 gibbosa
2334 5463 2688 5528 nominatur;
2738 5461 2993 5516 absoluto
3019 5459 3130 5529 jam
3163 5460 3296 5514 orbe
3326 5459 3486 5528 plena
3515 5458 3645 5512 luna

2067 5558 2293 5620 dicitur,
2336 5564 2392 5612 et
2433 5555 2839 5626 plenilunium;
2885 5554 3034 5624 quod
3072 5553 3289 5608 decimo
3328 5551 3525 5620 quinto
3556 5549 3647 5609 die

2067 5650 2292 5714 accidit,
2324 5649 2429 5704 hoc
2471 5656 2557 5704 est
2605 5646 2837 5704 dimidio
2871 5661 3062 5703 mense
3092 5684 3108 5711 ,
3165 5644 3398 5700 tricenis
3447 5642 3648 5698 diebus

2067 5742 2324 5798 bifariam
2368 5741 2608 5811 partitis.
2648 5739 2780 5796 Post
2825 5740 2881 5794 id
2921 5749 3138 5810 tempus
3177 5739 3353 5794 minui
3405 5738 3642 5808 incipit:

2068 5851 2131 5890 ac
2154 5835 2391 5905 primum
2425 5832 2716 5890 dimidiato
2746 5833 2880 5889 orbe
2909 5833 3104 5904 major,
3151 5839 3266 5887 tum
3304 5830 3531 5888 dimidia
3560 5829 3642 5900 iit,
