4130 6410
501 384 609 442 965

1526 385 1616 439 AD
1654 381 1924 439 EUSEBII
1963 376 2368 436 CHRONICON
2401 377 2763 434 APPENDIX.

3657 383 3762 439 964

502 502 630 558 inde
689 501 902 557 falcata.
936 500 1035 558 Hic
1080 517 1188 557 non
1241 503 1481 557 absurde
1531 503 1804 573 quaeritur
1857 515 1966 571 qua
2007 497 2070 554 de

2180 514 2277 568 νης
2308 499 2480 552 ταῦτα
2510 499 2578 552 τὰ
2626 501 2883 569 σχήματα
2932 499 3155 566 γίνεται.
3208 498 3350 570 Πρὸς
3400 498 3465 570 δὴ
3511 499 3670 554 τοῦτο
3709 504 3759 556 ol

499 606 666 647 causa
710 599 792 646 tot
829 593 886 646 in
931 593 1059 646 luna
1113 593 1330 662 species
1388 593 1678 645 accidant.
1725 591 2076 660 Respondent

501 681 692 750 aliqui,
718 696 842 736 cum
879 681 1030 735 circa
1059 687 1221 735 terrae
1250 693 1452 734 conum
1492 680 1742 747 exsistit,
1772 679 1827 733 id
1865 679 1916 734 ei
1945 692 2078 733 con—

499 774 732 845 tingere.
761 772 917 830 Velut
946 774 995 831 si
1028 775 1157 846 quis
1196 783 1440 830 montem
1470 775 1858 831 conscendens
1880 775 1936 829 in
1957 775 2078 845 ejus

497 869 706 922 vertice
733 868 1019 934 consistat,
1050 873 1208 923 totus
1237 883 1270 924 e
1305 868 1607 940 longinquo
1641 868 1892 940 prospici
1919 875 2078 939 pote-

499 957 591 1012 rit.
625 957 773 1014 Idem
816 960 865 1014 si
919 960 987 1014 ad
1039 969 1253 1032 partem
1291 962 1526 1018 alteram
1569 961 1939 1027 descenderit,
1982 961 2075 1029 iis,

499 1049 593 1119 qui
623 1063 765 1120 pone
792 1049 976 1121 ipsum
1018 1059 1210 1115 erunt,
1249 1067 1362 1108 non
1397 1053 1510 1124 jam
1557 1062 1708 1110 totus
1748 1055 2076 1125 apparebit;

499 1142 598 1198 sed
649 1151 848 1213 praeter
901 1143 1068 1216 pedes
1117 1146 1297 1216 primo
1335 1146 1607 1216 reliquum
1659 1161 1864 1217 corpus
1896 1189 1912 1216 ,
1961 1155 2078 1202 tum

498 1236 761 1306 paulatim
815 1239 992 1310 magis
1035 1240 1320 1310 magisque
1374 1239 1667 1296 demittens
1719 1255 1843 1297 sese
1904 1240 2077 1297 videri

497 1335 648 1386 totus
685 1329 919 1386 desinet.
980 1331 1100 1387 Non
1151 1347 1318 1388 secus
1353 1332 1409 1386 in
1461 1333 1594 1386 luna
1644 1332 1763 1388 ﬁeri
1806 1340 2072 1400 censent;

497 1423 658 1492 plena
687 1430 749 1478 ut
777 1423 913 1479 alias
941 1431 1224 1488 cernatur,
1251 1423 1390 1478 alias
1423 1432 1576 1494 parte
1600 1425 1686 1480 sui
1724 1425 1926 1493 lucida,
1951 1440 2074 1481 cum

496 1524 583 1572 est
610 1517 666 1572 in
695 1532 837 1573 cono
883 1525 1088 1573 terrae:
1135 1534 1247 1573 non
1292 1519 1440 1589 quod
1483 1522 1764 1575 minuatur
1797 1521 1942 1590 ipsa,
1979 1519 2075 1576 sed

495 1608 644 1678 quod
679 1608 839 1664 nobis
879 1610 955 1664 ita
989 1610 1264 1666 videatur.
1307 1609 1512 1667 Verum
1545 1611 1640 1682 qui
1673 1611 1884 1682 speculi
1915 1611 2074 1666 simi-

497 1700 602 1754 lem
636 1714 757 1755 eam
803 1716 928 1756 esse
975 1701 1190 1766 dicunt,
1224 1702 1563 1760 defectiones
1621 1705 1796 1774 ipsam
1835 1702 2075 1773 experiri

496 1793 771 1860 sentiunt;
804 1794 1005 1864 quibus
1032 1795 1268 1850 eilicitur
1297 1805 1356 1851 ut
1379 1797 1652 1852 interdum
1678 1797 1839 1867 plena
1867 1811 2066 1852 cerna-

496 1891 610 1948 tur,
636 1883 772 1938 alias
806 1883 948 1939 lucis
987 1884 1193 1953 indiga.
1226 1883 1698 1951 Quemadmodum
1721 1885 1814 1956 qui
1847 1892 2068 1954 sumpto

496 1978 726 2047 speculo
753 1977 1014 2049 imaginis
1053 1977 1306 2033 refractae
1341 1978 1580 2049 speciem
1614 1977 1671 2031 in
1719 1991 1786 2032 eo
1820 1976 2070 2032 contueri

493 2071 647 2136 velit,
706 2069 845 2125 illud
894 2069 1002 2125 sibi
1061 2085 1127 2124 ex
1178 2069 1408 2125 adverso
1452 2070 1707 2124 collocat.
1752 2070 1830 2124 lta
1869 2070 2071 2140 quippe

493 2169 671 2217 totum
702 2162 758 2216 in
791 2175 858 2217 eo
903 2161 1116 2217 vultum
1148 2175 1308 2215 suum
1362 2161 1630 2232 aspiciet;
1666 2160 1752 2217 sin
1783 2161 2069 2231 speculum

492 2268 562 2307 ex
595 2251 819 2323 obliquo
847 2253 1169 2323 respexerit,
1193 2260 1359 2323 prout
1388 2253 1496 2307 erit
1529 2251 1864 2323 obliquatio,
1900 2251 2072 2307 decli-

493 2343 756 2415 natioque
781 2344 1013 2414 speculi,
1047 2345 1286 2410 bessem,
1335 2353 1430 2399 aut
1469 2343 1779 2409 semissem,
1824 2353 1918 2399 aut
1950 2345 2070 2398 exi-

494 2449 658 2505 guam
684 2434 928 2505 aliquam
961 2435 1148 2490 vultus
1173 2435 1256 2490 sui
1291 2443 1501 2505 partem
1532 2435 1823 2490 rel'ractam
1843 2435 2068 2502 videbit,

491 2540 593 2596 pro
620 2540 688 2581 eo
734 2526 881 2596 quod
924 2527 1209 2598 speculum
1263 2526 1521 2582 declinet.
1553 2525 1759 2582 Eadem
1810 2534 1866 2582 et
1925 2527 2070 2581 luna:

493 2619 636 2674 ratio
667 2628 773 2676 est.
815 2617 958 2674 Huic
989 2619 1242 2689 opinioni
1275 2618 1678 2688 subscripsisse
1723 2625 1884 2689 putes
1927 2620 2068 2673 Ara-

495 2717 629 2776 tum,
657 2725 782 2765 cum
812 2710 887 2765 ita
921 2709 1197 2780 loquitur:

492 2816 710 2886 Semper
738 2817 954 2872 aliunde
985 2817 1126 2871 alia:
1156 2817 1424 2870 declinans
1457 2815 1620 2884 facies
1639 2855 1654 2881 ,

492 2930 744 2986 alludens
770 2929 838 2983 ad
861 2930 1069 3001 speculi
1101 2928 1542 2986 similitudinem.
1571 2927 1864 2998 Spbaaricas
1885 2925 2070 2997 ﬁgurae

489 3037 615 3077 esse
640 3021 908 3076 mundum
929 3021 1044 3090 jam
1069 3020 1329 3082 diximus,
1361 3034 1524 3090 quem
1559 3020 1615 3073 in
1645 3019 1834 3074 orbem
1855 3017 2068 3072 extrin-

489 3128 653 3169 secus
701 3113 1050 3184 amplectitur
1097 3113 1330 3178 cmlum;
1383 3119 1530 3166 terra
1561 3119 1746 3164 autem
1791 3110 1848 3164 in
1887 3107 2069 3163 medio

492 3207 638 3272 sita,
665 3207 840 3262 centri
884 3213 1049 3276 atque
1087 3205 1278 3276 puncti
1331 3204 1600 3258 rationem
1646 3202 1877 3258 obtinet.
1919 3199 2066 3255 Inter

492 3299 634 3353 hanc
657 3297 966 3368 caalumque
992 3295 1281 3366 interiecta
1309 3302 1440 3350 sunt
1461 3293 1656 3359 aether,
1691 3307 1784 3346 aer
1814 3297 1870 3347 et
1896 3304 2066 3360 aqua,

493 3392 832 3463 sphaerarum
861 3404 1016 3447 more
1041 3389 1275 3446 invicem
1309 3395 1585 3444 conserta.
1605 3384 1869 3440 Mundum
1901 3397 2069 3455 porro

492 3487 696 3558 κόσμον
731 3486 802 3542 ab
844 3485 1040 3542 ordine
1071 3499 1135 3540 ac
1167 3481 1527 3555 dispositione
1573 3487 1788 3538 veteres
1823 3477 2067 3549 appella—

493 3591 650 3650 runt;
681 3581 763 3637 sic
785 3579 1055 3637 Homerus
1083 3596 1102 3635 :

576 3777 841 3834 Ordinare
871 3793 1031 3846 equos
1051 3814 1065 3841 ,
1091 3783 1140 3830 et
1169 3775 1306 3829 viros
1341 3773 1608 3844 clypcatos
1625 3787 1644 3836 ;

493 3900 620 3953 item
645 3915 658 3949 :

492 4008 755 4064 Carterum
787 4007 875 4061 ubi
897 4007 1130 4063 ordinati
1159 4015 1281 4061 sunt
1307 4023 1425 4060 cum
1447 4005 1668 4058 ducibus
1693 4003 1918 4073 singuli,

493 4146 911 4203 instructionem
934 4146 1038 4200 hoc
1065 4145 1230 4200 verbo
1252 4143 1589 4216 signiﬁcans.
1605 4141 1745 4196 Nam
1767 4141 1936 4197 aether
1954 4141 2066 4196 απὸ

489 4240 585 4292 τοῦ
605 4238 800 4304 αῐθειν,
819 4238 965 4309 quod
993 4245 1077 4293 est
1108 4236 1312 4302 ardere,
1331 4237 1562 4302 dicitur;
1579 4242 1664 4291 est
1685 4235 1829 4290 enim
1851 4235 2067 4304 igneus,

491 4331 608 4386 sive
635 4345 667 4384 a
687 4329 855 4386 verbo
884 4329 1018 4394 θεῖν,
1050 4345 1257 4383 currere
1285 4335 1341 4383 et
1369 4327 1592 4383 iucitate
1625 4325 1774 4390 ferri,
1806 4325 2070 4395 quoniam

491 4419 712 4478 assidue
741 4420 1154 4490 circumagitur.
1187 4420 1296 4475 Aer
1321 4419 1389 4473 ab
1407 4433 1473 4474 eo
1504 4417 1652 4488 quod
1681 4427 1766 4472 est
1788 4417 1926 4482 ἄειν,
1961 4417 2071 4472 hoc

2186 595 2283 663 μὲν
2314 594 2527 661 λέγουσι
2555 593 2682 663 περὶ
2705 592 2794 645 τὸν
2824 591 2996 644 κῶνον
3024 593 3196 662 αὐτὴν
3217 593 3506 662 γινομένην
3531 593 3632 663 τῆς
3656 594 3759 664 γῆς

2179 684 2338 736 τοῦτο
2376 685 2623 754 πάσχειν.
2664 686 2875 754 Ὥσπερ
2907 684 3015 755 γὰρ
3043 683 3203 746 εἴτις
3234 686 3314 746 είς
3345 684 3470 754 ὅρος
3501 685 3756 756 ἀναϐαίη,

2180 777 2274 829 καὶ
2305 777 2397 830 ἐπὶ
2425 776 2594 846 ἄκρου
2627 774 2792 829 αὐτοῦ
2833 776 3015 846 σταίη,
3047 775 3167 839 ὅλος
3198 777 3448 845 φαίνεται
3481 780 3591 840 τοῖς
3615 777 3759 830 ἀπω-

2179 868 2272 922 θεν
2295 866 2413 922 οὖσι
2435 887 2448 900 ·
2474 869 2674 924 κατιὼν
2689 869 2746 922 δὲ
2775 871 2865 922 ἐπὶ
2886 869 2947 923 τό
2971 871 3057 922 ἐτε
3066 887 3156 941 ρον
3184 870 3369 941 μέρος,
3395 873 3508 933 τοῖς
3531 871 3758 924 κατόπιν

2178 962 2341 1014 αὐτοῦ
2369 964 2469 1015 οὐκ
2497 963 2574 1015 ἔτι
2607 963 2725 1026 ὅλος
2758 963 3041 1032 φαίνεται·
3072 963 3208 1016 ἀλλὰ
3240 964 3370 1035 περὶ
3401 963 3423 994 ⁸
3445 965 3571 1027 τοὺς
3593 964 3757 1027 πόδας

2179 1055 2351 1124 ἐφάνη
2395 1057 2536 1108 ἐκεῖ·
2571 1055 2603 1126 ἢ
2643 1055 2722 1108 ἔτι
2757 1055 2955 1126 μᾶλλον
2997 1054 3198 1109 κατιὼν
3231 1059 3372 1109 κατὰ
3415 1055 3606 1126 βραχὺ,
3651 1055 3756 1119 ἕως

2177 1143 2236 1201 οὐ
2260 1149 2378 1211 ὅλος
2405 1149 2616 1218 ἀφανὴς
2645 1148 2868 1218 γένηται
2890 1164 2904 1177 ’
2939 1148 3082 1201 οὓτω
3105 1149 3237 1218 φασὶ
3277 1149 3371 1202 καὶ
3396 1149 3497 1220 τὴν
3527 1149 3755 1219 σελήνην

2178 1240 2308 1292 ποτὲ
2343 1241 2439 1309 μὲν
2469 1240 2650 1311 πλήρη
2684 1241 2993 1309 φαίνεσθαι,
3023 1241 3154 1293 ποτέ
3189 1241 3245 1294 δέ
3281 1242 3346 1294 ἐκ
3379 1240 3598 1311 μέρους,
3625 1242 3755 1313 περὶ

2176 1329 2268 1380 τὸν
2307 1329 2479 1382 κῶνον
2509 1331 2797 1400 γινομένην
2837 1331 2935 1401 τῆς
2977 1332 3102 1402 γῆς,
3137 1332 3258 1401 οὐχὶ
3301 1334 3626 1404 μειουμένην
3656 1334 3752 1387 αὐ-

2176 1423 2294 1492 τὴν,
2325 1423 2439 1476 ἀλλ’
2466 1426 2596 1494 ἡμῖν
2637 1424 2778 1478 οὕτω
2812 1425 3160 1496 φαινομένην.
3189 1428 3250 1478 Οἱ
3279 1426 3333 1478 δὲ
3373 1425 3620 1493 λέγοντες
3655 1425 3751 1477 αὐ-

2174 1514 2272 1586 τὴν
2317 1515 2621 1586 κατόπτρῳ
2639 1517 3031 1587 παραπλησίαν
3062 1513 3222 1581 εἶναι,
3245 1517 3514 1586 ἐκλείψεις
3534 1516 3750 1584 λέγουσι

2175 1607 2418 1674 γίνεσθαι
2452 1609 2644 1677 αὐτῆς,
2677 1610 2733 1662 αἳ
2777 1609 2871 1662 τοῦ
2915 1609 3045 1662 ποτὲ
3094 1610 3192 1680 μὲν
3236 1608 3414 1680 πλήρη
3464 1606 3749 1677 φαίνεσθαι

2173 1699 2338 1769 αὐτὴν
2371 1699 2542 1754 αἴτιαι
2588 1701 2844 1768 γίνονται,
2890 1702 3020 1754 ποτὲ
3062 1700 3118 1753 δὲ
3153 1701 3309 1754 ἐνδεᾶ
3352 1700 3529 1769 φωτὸς
3569 1694 3744 1751 εἶναι·

2173 1790 2360 1861 ὥσπερ
2389 1790 2496 1862 γὰρ
2528 1792 2576 1844 εἰ
2617 1793 2920 1863 κάτοπτρον
2963 1792 3140 1846 λαὸών
3173 1810 3258 1855 τις
3295 1792 3470 1844 ἐθέλοι
3517 1792 3616 1863 τὴν
3655 1791 3752 1844 ἀπ’

2175 1883 2340 1936 αὐτοῦ
2387 1884 2778 1938 ἀντανάκλασιν
2810 1885 2904 1937 τοῦ
2947 1883 3162 1938 είδὼλου
3207 1882 3526 1946 θεάσασθαι,
3562 1881 3620 1946 ἐξ
3666 1883 3750 1936 ὲν-

2173 1975 2361 2038 αντίας
2383 1975 2474 2028 τοῦ
2512 1974 2801 2046 προσώπου
2832 1974 2996 2027 αὐτοῦ
3017 1974 3113 2044 τὴν
3142 1973 3288 2027 θέσιν
3312 1973 3406 2026 τοῦ
3441 1971 3750 2043 κατόπτρου

2174 2069 2456 2137 ποιήσεται
2483 2084 2497 2098 ο
2547 2067 2702 2120 τοῦτο
2747 2066 2855 2137 γὰρ
2905 2067 3160 2136 ποιήσας,
3204 2064 3323 2118 ὅλον
3357 2064 3418 2116 τὸ
3461 2064 3748 2134 πρόσωπον

2175 2162 2338 2214 αὐτοῦ
2369 2161 2622 2213 θεάσεται
2670 2161 2728 2213 ἐν
2760 2160 2837 2229 τῷ
2879 2157 3202 2228 κατόπτρῳ·
3237 2159 3286 2209 εί
3329 2155 3385 2209 δὲ
3428 2154 3747 2223 πλαγιάσειε

2172 2252 2233 2304 τὸ
2267 2254 2590 2324 κάτοπτρον,
2626 2251 2761 2322 πρὸς
2789 2250 2881 2303 τὸν
2923 2247 3265 2318 πλαγιασμὸν
3304 2245 3398 2299 καὶ
3442 2245 3540 2317 τὴν
3572 2245 3749 2314 ἔγκλι-

2175 2362 2259 2397 σιν
2294 2345 2386 2397 τοῦ
2435 2345 2742 2414 κατόπτρου
2795 2343 2828 2414 ἢ
2882 2341 2944 2394 τὸ
2994 2342 3256 2412 δίμοιρον,
3300 2339 3334 2409 ἢ
3367 2337 3428 2391 τὸ
3467 2339 3662 2408 ἥμισυ,
3707 2337 3743 2406 ἢ

2175 2438 2346 2508 βραχύ
2379 2456 2430 2490 τι
2461 2439 2625 2508 μέρος
2655 2435 2844 2488 τούτου
2873 2434 3125 2488 θεάσεται
3155 2430 3630 2501 ἀπανακλιῦμενον
3649 2428 3746 2482 τοῦ

2173 2529 2464 2602 προσώπου
2489 2526 2674 2591 αὐτοῦ,
2692 2525 2786 2580 τοῦ
2813 2524 3115 2596 κατόπτρου
3137 2523 3517 2592 ἐκκλινομένου
3535 2539 3548 2551 ·
3576 2521 3748 2582 οὕτως

2172 2623 2266 2677 καὶ
2299 2622 2392 2674 ἐπὶ
2417 2621 2516 2690 τῆς
2548 2621 2795 2690 σελήνης.
2829 2617 3014 2691 Ταύτῃ
3041 2620 3106 2689 τῇ
3139 2616 3266 2689 δόξῃ
3299 2616 3476 2669 ἔοικεν
3513 2616 3750 2684 ’Ἄρατος

2171 2712 2482 2766 ἀκολουθεῖν
2500 2729 2515 2742 ’
2553 2712 2685 2782 φησὶ
2716 2711 2824 2781 γάρ
2847 2725 2863 2741 ⁶

2171 2827 2292 2881 Alei
2321 2825 2372 2879 δ’
2414 2825 2675 2880 ἄλλοθεν
2716 2824 2877 2879 ἄλλα
2910 2821 3406 2892 παρακλίνουσα
3437 2818 3746 2887 πρόσωπα,

2170 2944 2233 2997 τὸ
2263 2941 2358 2996 τοῦ
2398 2941 2705 3010 κατόπτρου
2738 2939 3089 3011 παράδειγμα
3121 2935 3508 3004 αἰνιττόμενος.
3554 2931 3747 3001 Προεί-

2176 3053 2333 3106 ρηται
2361 3034 2417 3086 δὲ
2446 3035 2474 3086 ό
2503 3033 2705 3104 κόσμος
2735 3032 2969 3102 σφαίρας
2998 3031 3142 3099 ἔχειν
3176 3028 3391 3098 σχῆμα·
3423 3024 3618 3090 ἔξωθεν
3650 3024 3751 3094 μὲν

2173 3127 2515 3197 κυκλοτερῶς
2560 3125 2942 3198 περικείμενον
2973 3124 3110 3193 έχων
3143 3122 3233 3175 τὸν
3266 3119 3514 3192 οὐρανὸν,
3558 3133 3750 3188 μεσαι-

2170 3223 2338 3294 τάτην
2382 3221 2582 3296 δὲ-τήν
2615 3220 2741 3290 γῆν,
2791 3220 3014 3288 κέντρου
3058 3218 3152 3270 καὶ
3185 3214 3411 3285 σημείου
3456 3211 3610 3278 τάξιν
3651 3211 3750 3262 ἐπ-

2171 3315 2396 3384 έχουσαν
2413 3329 2427 3344 ·
2459 3309 2661 3383 μεταξύ
2689 3309 2748 3363 δὲ
2775 3309 2943 3378 αὐτῆς
2976 3308 3068 3360 καὶ
3095 3305 3186 3359 τοῦ
3209 3302 3438 3374 οὐρανοῦ
3463 3301 3657 3371 αἰθέρα
3688 3316 3750 3352 τε

2170 3403 2333 3456 αὐτὸν
2367 3397 2526 3466 εἶναι,
2558 3399 2654 3453 καὶ
2684 3399 2843 3470 ἀέρα,
2873 3398 2968 3452 καὶ
2997 3396 3139 3466 ὕδωρ
3184 3392 3490 3465 σφαιρικῶς
3521 3393 3614 3444 ὐπ’
3657 3390 3751 3442 ἀλ-

2169 3495 2344 3568 λήλων
2384 3494 2639 3564 ἐχόμενα.
2683 3491 2904 3561 Κόσμον
2943 3489 3000 3541 δὲ
3040 3487 3139 3559 τὴν
3170 3486 3281 3539 τῶν
3321 3486 3458 3539 ὅλων
3493 3483 3753 3536 σύστασιν

2171 3588 2324 3659 παρὰ
2349 3588 2448 3658 τὴν
2476 3585 2840 3655 διακόσμησιν
2873 3582 2969 3636 καὶ
3001 3580 3254 3646 εὐταξίαν
3283 3577 3548 3633 ἐκάλεσαν
3579 3577 3628 3629 oi
3654 3591 3754 3628 πα·

2170 3681 2307 3734 λαιοί
2333 3697 2346 3710 ·
2377 3680 2452 3742 ὼς
2482 3677 2578 3732 καὶ
2613 3678 2861 3748 Ὅμηρος
2884 3692 2897 3705 °

2171 3789 2489 3860 Κοσμῆσαι
2513 3789 2737 3854 ἵππους
2757 3804 2822 3842 τε
2844 3786 2941 3841 καί
2965 3785 3190 3855 ἄνδρας
3215 3782 3582 3847 ἀσπιδιώτας
3597 3795 3612 3808 ·

2171 3901 2266 3954 καὶ
2288 3899 2450 3953 πάλιν
2466 3917 2478 3929 ·

2170 4013 2368 4082 Αὐτὰρ
2413 4011 2542 4066 ἐπεὶ
2572 4013 2880 4082 κόσμηθεν
2909 4009 3006 4080 ἅμ’
3040 4009 3445 4079 ἡγεμόνεσσιν
3484 4005 3752 4069 ἕκαστοι,

2170 4151 2268 4224 τὴν
2307 4149 2561 4216 εὐταξίαν
2601 4148 2794 4217 λέγων.
2841 4146 3017 4219 Δίθὴρ
3055 4146 3114 4200 δὲ
3147 4145 3367 4214 λέγεται
3395 4145 3504 4199 ἀπὸ
3528 4143 3622 4198 τοῦ
3662 4143 3752 4196 αἵ-

2173 4244 2337 4298 θειν·.
2364 4240 2620 4314 πυρώδης
2666 4242 2775 4312 γάρ
2810 4242 2960 4294 ἐστιν
2980 4257 2993 4270 ·
3039 4239 3074 4310 ἥ
3118 4239 3228 4292 ἀπὸ
3257 4238 3352 4292 τοῦ
3396 4238 3485 4292 ἀεὶ
3513 4238 3625 4290 θεῖν
3657 4235 3756 4290 καὶ

2171 4337 2377 4407 ὁρμᾷν·
2430 4334 2616 4405 ἐπειδὴ
2651 4333 2740 4388 ἀεὶ
2786 4332 3166 4405 περιφέρεται.
3214 4331 3354 4403 Ἀήρ·
3398 4330 3455 4384 δὲ
3505 4329 3613 4384 ἀπὸ
3658 4329 3756 4382 τοῦ

2173 4430 2319 4484 ἀειν·
2347 4428 2463 4482 άειν
2494 4426 2603 4499 γὰρ
2645 4427 2708 4480 τὸ
2762 4429 2934 4480 πνεῖν.
2985 4425 3228 4497 Οὐρανὸς
3263 4424 3319 4477 δὲ
3361 4423 3484 4477 ὅθεν
3527 4420 3751 4492 ἐκλήθη,

488 4519 576 4567 est
605 4511 759 4576 flare,
790 4525 991 4566 nomen
1023 4511 1244 4581 accipit.
1268 4511 1481 4566 Caelum
1512 4510 1658 4567 unde
1683 4520 1939 4567 vocatum
1971 4512 2063 4578 sit,

2176 4521 2496 4592 προείρηται
2507 4563 2522 4578 .

491 4601 656 4673 paulo
693 4607 820 4656 ante
855 4600 1229 4656 meminimus.

563 4692 663 4747 Hic
695 4708 726 4747 a
771 4692 1050 4746 nonnullis
1094 4693 1384 4762 quaeritur.
1414 4707 1514 4747 cur
1559 4708 1682 4746 cum
1717 4694 1906 4764 ignita:
1955 4693 2066 4749 sint

491 4786 693 4852 stellae,
748 4799 1096 4854 nequaquam
1143 4800 1243 4840 nos
1302 4785 1419 4840 suis
1463 4784 1750 4841 ardoribus
1797 4794 2063 4841 exurant.

489 4875 926 4947 Respondemus,
955 4891 1122 4946 supra
1154 4885 1354 4930 terram
1383 4876 1506 4932 illas
1535 4893 1660 4933 esse
1687 4877 1932 4948 quidem,
1972 4877 2068 4933 sed

489 4969 776 5025 obscurari
815 4970 947 5025 solis
976 4967 1182 5033 radiis,
1229 4976 1284 5023 et
1322 4967 1586 5023 hebetari.
1635 4968 1912 5035 Quocirca
1969 4986 2072 5026 saa-

490 5078 788 5135 penumero
815 5063 883 5118 de
907 5063 1015 5127 die,
1046 5077 1170 5116 cum
1194 5063 1278 5116 sol
1306 5061 1510 5127 deﬁcit,
1538 5064 1726 5119 stellas
1762 5064 2068 5122 intuemur.

490 5155 706 5210 Rursus
733 5154 1020 5224 quaeritur,
1062 5153 1110 5208 si
1151 5151 1331 5208 inﬁxa:
1364 5161 1493 5209 sunt
1529 5155 1670 5209 coelo
1721 5154 1928 5221 stellae,
1969 5169 2070 5210 cur

489 5254 658 5300 noctu
699 5252 756 5300 et
794 5241 1036 5299 interdiu
1079 5242 1189 5298 labi
1227 5257 1322 5298 eas
1367 5259 1398 5299 e
1441 5245 1583 5298 cmlo
1613 5244 1918 5302 videamus.
1966 5245 2070 5301 Cui

489 5339 572 5394 sic
620 5337 1009 5394 occurrimus:
1057 5349 1169 5390 non
1222 5336 1371 5408 ipsas
1423 5338 1622 5394 cadere
1686 5339 1914 5407 stellas,
1967 5338 2064 5394 sed

490 5431 836 5501 splendorem
864 5428 1153 5501 quemdam
1193 5445 1260 5485 ex
1307 5430 1416 5484 illis
1459 5429 1757 5501 proﬂuere;
1790 5438 1955 5502 atque
2001 5438 2064 5485 ut

491 5522 760 5586 ventilati,
792 5531 886 5575 aut
915 5521 1102 5593 agitati
1135 5521 1402 5578 carbones
1449 5530 1749 5578 coruscant
1784 5524 1960 5595 magis
2007 5538 2072 5580 ac

494 5613 762 5670 scintillas
785 5616 1074 5683 evibrant,
1121 5615 1194 5671 ita
1235 5616 1406 5672 stellae
1442 5616 1693 5674 obscurae
1730 5624 1860 5674 sunt
1891 5617 2068 5675 inter-

1688 5723 1784 5738 -Δοαι

569 5790 592 5822 ⁸
621 5791 662 5860 ι’.
691 5793 860 5863 παρά.
947 5813 956 5822 ⁸

2239 4699 2469 4771 Ζιητοῦσι
2493 4698 2737 4760 δέτινες,
2761 4698 2808 4748 εί
2830 4694 3097 4767 πυρώδεις
3122 4695 3257 4748 είσὶν
3285 4696 3333 4746 oi
3361 4693 3609 4764 ἀστέρες,
3639 4691 3758 4756 πῶς

2173 4793 2234 4846 οὐ
2268 4792 2444 4844 καίειν
2476 4791 2628 4861 ἡμᾶς
2651 4789 2958 4858 φαίνονται.
2988 4789 3235 4858 Λέγομεν
3265 4782 3378 4852 οὖν,
3410 4785 3486 4848 ὡς
3515 4784 3623 4837 εἰσὶ
3656 4782 3756 4854 μὲν

2176 4882 2316 4954 ὑπὲρ
2364 4881 2502 4950 γῆς·
2556 4879 2994 4947 καταυγάςονται
3044 4877 3102 4930 δὲ
3145 4875 3252 4930 ὐπὸ
3303 4875 3400 4930 τοῦ
3429 4876 3604 4948 ἡλίου,
3659 4877 3758 4929 καὶ

2174 4973 2566 5045 ἀμαυροῦνται.
2603 4972 2690 5024 Ἐν
2718 4970 2849 5038 γοῦν
2881 4969 3157 5038 ἐκλείψεσι
3187 4965 3282 5020 τοῦ
3314 4967 3466 5039 ἡλίου
3494 4965 3757 5028 πολλάκις

2175 5067 2401 5137 ἀστέρες
2426 5065 2688 5136 ὤφθησαν
2736 5067 2793 5117 ἐν
2839 5064 3044 5136 ἡμέρᾳ.
3078 5063 3188 5117 Καὶ
3221 5062 3384 5117 πάλιν
3409 5061 3674 5132 ζητεῖται,
3702 5061 3754 5113 εί

2173 5159 2532 5230 ὲμπεπήγασι
2555 5155 2632 5227 τῷ
2659 5153 2872 5225 οὐρανῷ
2908 5157 2956 5208 oi
2984 5154 3230 5224 ἀστέρες,
3253 5154 3371 5216 πῶς
3397 5153 3614 5224 ὁρῶμεν
3644 5152 3756 5206 ἐνί-

2173 5268 2262 5304 οτε
2309 5250 2503 5313 νυκτὸς
2561 5249 2658 5302 καὶ
2698 5247 2911 5319 ἡμέρας
2973 5244 3452 5316 καταφερομένους
3496 5243 3753 5315 ἀστέρας.

2173 5341 2354 5412 Φαμὲν
2380 5339 2459 5404 δὲ,
2491 5341 2574 5394 ὅτι
2602 5339 2702 5392 οὐκ
2729 5338 2882 5392 αὐτοὶ
2914 5336 3365 5401 καταπίπτουσιν,
3396 5333 3533 5388 ἀλλά
3561 5334 3678 5404 φῶς
3704 5352 3759 5387 τι

2175 5435 2234 5500 ἐξ
2255 5433 2431 5488 αὐτῶν
2460 5432 2720 5504 ἀπορρεῖ·
2752 5431 2848 5484 καὶ
2878 5430 3068 5500 ὥσπερ
3096 5431 3146 5482 οί
3179 5429 3448 5501 ἄνθρακες
3477 5427 3749 5499 ῥιπιζόμε·

2175 5546 2276 5594 νοι,
2305 5528 2338 5600 ἦ
2370 5526 2680 5600 κινούμενοι
2707 5525 3077 5598 λαμπρότεροι
3107 5524 3371 5593 γίνονται,
3400 5525 3496 5577 καὶ
3528 5520 3756 5589 σπινθῆ-

2178 5637 2278 5691 ρας
2305 5617 2723 5689 ἀποπέμπουσι·
2756 5616 2848 5670 τὸν
2877 5616 3039 5670 αὐτὸν
3069 5614 3268 5687 τρόπον
3310 5613 3405 5669 καὶ
3437 5614 3487 5667 oi
3530 5613 3762 5680 ἀστέρες
