4166 6408
397 411 500 468 965

1098 410 1419 467 ACHILLIS
1459 410 1644 466 TATll
1673 409 1974 468 ISAGOGE
2012 410 2108 466 ΑΙ)
2143 409 2354 465 ARATI
2394 408 2866 466 ΡΗᾹΞΝΟΜΕΝΑ.

3535 403 3639 460 966

395 533 528 588 ποτὲ
580 533 676 604 μὲν
719 531 972 603 ἀμυδροὶ,
1009 532 1138 585 ποτὲ
1184 531 1243 585 δὲ
1297 531 1513 603 φαιδροὶ
1545 532 1824 600 γίνονται·
1855 528 1967 583 ἐσθ’

2073 529 2204 583 dum
2225 567 2240 594 ,
2273 529 2409 585 alias
2431 531 2747 600 splendent;
2775 542 3169 599 nonnunquam
3193 527 3378 584 lumen
3419 539 3487 581 ex
3518 539 3641 581 sese

395 627 483 678 ὅτε
509 623 567 677 δὲ
601 624 692 676 καὶ
721 621 837 692 φῶς
859 622 916 688 ἐξ
936 622 1116 676 αὐτῶν
1145 621 1512 694 ἐκπέμπουσι.

466 716 574 786 Σχή
582 731 746 786 ματος
772 715 950 767 τοίνυν
983 713 1271 785 σφαιρικοῦ
1291 714 1422 786 περὶ
1451 713 1541 766 τὸν
1571 713 1772 783 κόσμον
1798 712 1970 777 ὁντος,

399 807 492 860 καὶ
523 807 620 876 τῆς
662 805 764 876 γῆς
809 807 867 859 έν
909 805 1060 876 μέσῳ
1100 805 1328 876 κέντρου
1383 803 1537 869 τάξιν
1581 803 1902 873 ἐπεχούσης,
1943 804 1973 854 6

396 897 505 952 ἀπὸ
523 897 622 968 τῆς
649 897 1001 968 περιφερείας
1025 895 1127 965 τῆς
1163 896 1398 965 σφαίρας
1429 895 1522 947 τοῦ
1550 894 1777 963 κέντρου
1803 892 1972 961 αὐτῆς

396 991 598 1060 διήκων
633 989 726 1042 ἐπὶ
760 990 862 1060 τὴν
896 988 1250 1060 περιφέρειαν
1277 987 1420 1051 ἄξων
1447 986 1712 1049 καλεῖται,
1741 985 1871 1054 περὶ
1912 984 1972 1037 ὃν

399 1082 689 1154 στρέφεται
733 1083 766 1152 ή
805 1082 1013 1152 σφαῖρα
1048 1080 1166 1150 ἦτοι
1191 1081 1284 1149 ἀφ’
1315 1077 1536 1148 ἑαυτῆς,
1577 1078 1610 1148 ἢ
1644 1079 1733 1147 ὑφ’
1782 1077 1970 1147 ἐτέρου

398 1173 709 1244 κινουμένη.
755 1174 1119 1244 Ἀμφοτέραις
1161 1175 1270 1246 γὰρ
1314 1175 1434 1237 ταῖς
1477 1174 1658 1242 δόξαις
1687 1173 1716 1225 6
1744 1172 1971 1226 Πλάτων

398 1267 456 1318 ὲν
482 1265 561 1336 τῷ
589 1265 883 1332 Πολιτικῷ
910 1267 1196 1339 κέχρηται.

780 1380 919 1447 Περὶ
948 1379 1208 1443 κύκλιον,
1238 1379 1337 1433 καὶ
1367 1379 1457 1433 ὅτι
1491 1386 1582 1434 ια’.

468 1472 574 1542 κβθ.
606 1472 809 1525 Κύκλοι
846 1472 905 1525 δέ
930 1474 1066 1524 είσιν
1097 1471 1162 1525 ια’
1184 1489 1197 1501 ο
1231 1471 1428 1538 ἔξωθεν
1465 1472 1564 1542 μὲν
1596 1472 1697 1543 τῆς
1731 1473 1971 1544 σφαίρας

396 1568 489 1620 δύο
521 1568 786 1637 μέγιστοι,
820 1567 849 1619 ὅ
875 1583 933 1619 τε
971 1565 1171 1637 ὁρίζων
1194 1565 1290 1618 καὶ
1319 1567 1348 1618 6
1382 1565 1778 1636 μεσημϐρινός·
1825 1567 1970 1633 λοξοὶ

396 1661 452 1713 δὲ
479 1660 572 1713 δύο
603 1661 868 1731 μέγιστοι,
900 1660 994 1713 καὶ
1020 1661 1132 1722 τοῖς
1161 1658 1444 1730 προτέροις
1485 1657 1610 1722 ῐσοι,
1642 1661 1671 1712 6
1707 1658 1972 1722 ζωδιακὸς

399 1753 492 1806 καὶ
525 1755 554 1806 ὁ
582 1751 843 1821 γαλαξίας
864 1768 877 1781 ·
902 1751 1147 1822 κόλουροι
1171 1751 1229 1804 δὲ
1258 1750 1351 1804 δύο
1383 1750 1476 1804 καὶ
1503 1751 1656 1803 αὐτοὶ
1684 1751 1930 1821 μέγιστοι
1953 1767 1965 1780 ·

398 1844 731 1915 παράλληλοι
762 1844 818 1896 δὲ
848 1843 1030 1906 πέντε,
1062 1836 1137 1897 ὧν
1177 1845 1205 1896 6
1233 1842 1394 1913 μέσος
1423 1841 1563 1895 κατὰ
1599 1841 1828 1913 μέγεθος
1855 1843 1968 1906 ἴσος
2004 1874 2043 1928 Β

398 1942 511 2002 τοῖς
537 1936 970 2010 προειρημένοις.
999 1937 1159 1988 Ὥστε
1193 1934 1388 2007 ὁρίζων
1418 1937 1514 1988 καὶ
1541 1937 1570 1987 6
1597 1934 1970 2005 μεσημϐρινὸς

401 2031 504 2083 τσοι
532 2029 658 2094 εἰσὶ,
687 2029 822 2082 διότι
867 2027 953 2082 διὰ
997 2025 1090 2081 τοῦ
1121 2027 1347 2097 κέντρου
1390 2027 1646 2098 τέμνουσι
1675 2026 1774 2096 τὴν
1807 2027 1968 2096 σφαῖ-

401 2139 519 2194 ραν.
557 2120 775 2193 Ῥητέον
800 2119 856 2172 δὲ
891 2119 1020 2190 περὶ
1049 2119 1302 2173 ἑκάστου.

469 2212 696 2280 Λέγεται
733 2209 791 2264 δὲ
821 2208 1038 2280 ὁρίζων,
1082 2208 1216 2262 διότι
1257 2205 1426 2278 ὁρίζει
1471 2208 1533 2260 τὸ
1583 2206 1688 2259 ὑπὸ
1726 2206 1828 2277 γῆν
1873 2205 1968 2259 καὶ

400 2306 538 2375 ὑπὲρ
570 2305 674 2375 γῆν
707 2303 1080 2374 ἡμισφαίριον.
1113 2301 1248 2373 Περὶ¹
1287 2302 1397 2372 γὰρ
1427 2300 1526 2372 τὴν
1575 2303 1806 2370 σφαῖραν
1837 2299 1969 2363 ἕξω-

399 2399 490 2451 θεν
515 2397 614 2460 ὢν,
637 2395 788 2460 τάξιν
819 2395 932 2466 ἔχει
953 2393 1048 2448 τοῦ
1090 2391 1366 2457 Ὠκεανοῦ,
1397 2392 1458 2456 ὃς
1485 2390 1684 2457 ἔξωθεν
1714 2391 1968 2461 περικλύ-

401 2489 484 2553 ζει
528 2489 629 2561 τὴν
659 2488 796 2559 γῆνο
845 2489 938 2556 ἀφ’
980 2480 1041 2540 οὗ
1080 2485 1410 2547 ἀνατέλλειν,
1459 2484 1554 2538 καὶ
1581 2485 1662 2548 είς
1695 2483 1754 2536 ὃν
1791 2481 1968 2536 δύνειν

398 2580 545 2634 δοκεῖ
566 2581 636 2632 τὰ
673 2579 869 2650 ἄστρα.
899 2577 1063 2630 Ὅθεν
1099 2576 1194 2630 καὶ
1221 2575 1599 2647 Νεοπτόλεμος
1623 2577 1653 2628 ὁ
1699 2577 1970 2646 Παριανὸς

401 2673 459 2725 ὲν
488 2673 556 2741 τῇ
593 2669 896 2738 Ἰψιχθονίᾳ
928 2667 1090 2739 φησί·

405 2821 416 2834 .
447 2821 459 2833 .
489 2823 501 2834 .
536 2780 617 2846 τῷ
643 2779 811 2836 πᾶσα
841 2781 1191 2850 περίρρυτος
1218 2779 1518 2834 ἐνδέδεται
1547 2779 1728 2848 χθών.

468 2895 630 2948 Ὅθεν
664 2895 760 2948 καὶ
805 2895 1042 2966 Ἀρατος
1088 2893 1340 2947 Ὠκεανὸν
1380 2892 1542 2948 αὐτὸν
1583 2893 1742 2947 καλεῖ
1791 2892 1878 2946 διά
1911 2909 1970 2945 τε

399 2987 604 3041 τούτων
633 2988 728 3040 καὶ
751 2986 925 3042 ἄλλων
947 3004 960 3017 ·

393 3099 586 3168 Αὐτὰρ
628 3101 713 3170 ὅγ’
766 3101 1043 3155 Ὠκεανοῦ
1087 3101 1320 3154 τόσσον
1348 3099 1760 3170 παραμείϐεται
1789 3097 1968 3166 ὕδωρ,

404 3173 628 3225 Ὄσσον
665 3169 765 3225 ἀπ’
803 3171 1160 3240 Αὶγοκερῆος
1179 3170 1600 3240 ἀνερχομένοιο
1633 3169 1901 3240 μάλιστα

401 3242 696 3309 Καρκίνον
725 3245 811 3307 εὶς
836 3243 1099 3295 ἀνιόντα.

399 3333 562 3396 Είκὸς
599 3334 656 3386 δὲ
699 3334 860 3388 αὑτὸν
891 3335 950 3401 ἐξ
989 3334 1226 3406 Ὀμήρου
1258 3333 1356 3405 τὴν
1389 3333 1644 3404 ἀφορμὴν
1682 3331 1846 3403 ἔχειν,
1881 3330 1970 3384 λέ-

399 3420 614 3472 γοντος,

413 3560 510 3613 Ἐν
532 3559 584 3612 δ’
614 3559 782 3614 eaeo"
821 3559 1074 3626 Ὠκεανῷ
1094 3558 1554 3629 λαμπρὸνίςοάος
1580 3559 1829 3629 ἠελίοιο,

403 3631 624 3683 Ἕλκον
669 3631 862 3684 νύκτα
900 3627 1196 3700 μέλαιναν
1235 3629 1334 3683 ἐπὶ
1370 3627 1644 3698 ζείδωρον
1674 3627 1934 3698 ἄρουραν
1954 3643 1968 3659 ·

402 3742 500 3795 καὶ
517 3783 532 3808 ,

413 3849 636 3917 Ἠέλιος
659 3850 712 3904 δ’
734 3850 1030 3920 ἀνόρουσε
1048 3849 1242 3905 λιπὼν
1267 3850 1631 3920 περικαλλέα
1650 3852 1897 3921 λίμνην.
1924 3916 1934 3926 l

471 3959 753 4029 Φιλόσοφοι
777 3960 834 4014 δὲ
859 3961 953 4015 καὶ
978 3961 1289 4032 γεωμέτραι
1317 3959 1562 4033 ὁρίζοντα
1586 3961 1747 4014 αὐτὸν
1777 3959 1972 4014 καλοῦ-

405 4066 510 4114 t'w,
541 4045 649 4102 οἶδε
673 4050 729 4104 δὲ
752 4050 846 4104 καὶ
875 4052 1108 4124 ’Ἄρατος
1130 4051 1290 4106 αὐτὸν
1323 4051 1573 4124 ὁρίζοντα
1613 4052 1681 4106 τὰ
1707 4051 1800 4106 δύο
1844 4053 1972 4122 ἡμι-

406 4143 630 4212 σφαίρια
649 4159 662 4172 ο
701 4143 834 4215 φησὶ
861 4142 970 4216 γάρ
987 4160 999 4173 °

1333 4252 1439 4330 ᾗχι
1455 4272 1565 4328 περ
1586 4257 1759 4330 ἄκραι

403 4326 726 4396 Μίσγονται
751 4328 954 4394 δύσιές
982 4344 1046 4383 τε
1068 4328 1166 4382 καὶ
1201 4326 1450 4384 ἀντολαὶ
1493 4326 1860 4399 ἀλλήλῃσιν.

471 4439 574 4492 Τὸν
597 4438 652 4491 δὲ
694 4438 942 4512 ὁρίζοντα
985 4441 1080 4495 καὶ
1121 4442 1489 4514 μεσημϐρινὸν
1519 4443 1666 4506 ἐντὸς
1702 4437 1841 4496 εἶναι
1872 4442 1970 4514 τῆς

2069 617 2408 687 jaculantur.

2143 707 2256 778 84
2273 706 2392 762 Jam
2419 723 2552 764 vero
2571 749 2584 772 ,
2626 709 2886 779 quoniam
2907 706 3144 764 mundus
3176 707 3440 777 Sphaerica
3466 705 3642 775 ﬁgura

2073 800 2335 870 praeditus
2361 807 2469 864 est,
2501 809 2556 856 et
2589 802 2647 856 in
2675 801 2796 872 ejus
2829 800 3012 857 medio
3041 800 3220 855 centri
3254 800 3434 853 locum
3467 811 3640 850 occu-

2071 899 2166 958 pat
2197 898 2341 944 terra
2366 908 2382 958 ;
2423 892 2544 948 axis
2570 893 2627 947 in
2660 909 2726 949 ea
2753 899 2984 948 vocatur
3013 892 3178 956 linea,
3205 907 3326 961 quae
3353 906 3384 943 a
3415 889 3644 960 sphaerae

2073 980 2284 1034 ambitu
2312 981 2540 1052 trajecta
2570 998 2668 1052 per
2688 990 2939 1038 centrum
2973 983 3040 1038 ad
3071 983 3336 1036 ambitum
3365 979 3638 1051 pertinet;

2071 1085 2233 1140 quem
2265 1071 2474 1125 circum
2520 1072 2731 1142 sphaera
2761 1073 3030 1140 volvitur,
3067 1073 3181 1128 sive
3220 1088 3317 1142 per
3346 1086 3488 1138 sese,
3525 1073 3642 1127 sive

2071 1161 2300 1219 alterius
2355 1164 2617 1235 impulsu.
2664 1165 2800 1218 Nam
2855 1175 3087 1237 utraque
3139 1167 3411 1223 sententia
3461 1171 3644 1222 exstat

2072 1255 2217 1325 apud
2255 1255 2540 1313 Platonem
2574 1259 2630 1312 in
2652 1258 2904 1315 Politico.

2249 1369 2327 1424 De
2363 1372 2574 1425 circulis
2603 1371 2838 1440 ερίιατιε,
2873 1373 2962 1442 qui
2985 1384 3104 1427 sunt
3132 1389 3345 1426 numero
3368 1387 3443 1426 xl.

2139 1462 2232 1518 22.
2265 1461 2528 1519 Undecim
2564 1475 2693 1519 sunt
2739 1464 2967 1529 circuli,
3001 1479 3231 1535 quorum
3271 1465 3495 1519 maximi
3532 1465 3644 1518 duo

2073 1560 2201 1609 sunt
2223 1561 2382 1608 extra
2416 1554 2685 1624 sphaeram
2709 1600 2724 1623 ,
2752 1556 2983 1610 horizon
3009 1563 3063 1612 et
3091 1556 3459 1622 meridianus;
3499 1556 3640 1610 obli-

2071 1645 2165 1713 qui
2189 1655 2318 1700 sunt
2351 1646 2462 1701 duo
2494 1648 2739 1712 maximi,
2764 1647 3144 1717 superioribus
3170 1648 3430 1718 aequales,
3454 1648 3641 1702 zodia-

2071 1750 2171 1792 ειη
2196 1743 2253 1792 ει
2301 1738 2532 1794 lacteus.
2584 1737 2771 1794 Coluri
2819 1739 2929 1794 duo
2967 1746 3098 1793 sunt
3139 1740 3363 1794 maximi
3411 1746 3463 1794 et
3507 1739 3636 1810 ipsi,
3698 1759 3706 1767 ·

2072 1829 2318 1912 paralleli
2375 1831 2652 1900 quinque;
2701 1845 2934 1899 quorum
2995 1831 3209 1886 medius
3273 1832 3499 1902 aequalis
3552 1842 3639 1886 est

2071 1921 2328 1975 omnibus
2379 1921 2448 1976 iis
2475 1937 2616 1992 quos
2669 1921 3068 1977 recensuimus.
3120 1921 3361 1978 Horizon
3402 1938 3532 1995 ergo
3585 1932 3639 1977 et

2071 2010 2409 2066 meridianus
2463 2011 2704 2082 aequales
2749 2019 2900 2079 sunt,
2951 2013 3210 2083 quoniam
3249 2029 3346 2084 per
3387 2023 3636 2070 centrum

2071 2101 2323 2157 dividunt
2350 2103 2641 2174 sphaeram.
2674 2105 2852 2176 Atque
2879 2112 2938 2160 ut
2969 2107 3036 2162 de
3063 2107 3295 2178 singulis
3328 2117 3540 2178 agatur.

2141 2193 2382 2250 Horizon
2436 2197 2565 2251 inde
2616 2197 2797 2253 dictus
2847 2205 2932 2253 est
2991 2199 3137 2269 quod
3193 2199 3636 2270 hemisphaerium

2071 2299 2238 2355 supra
2271 2292 2473 2341 terram
2503 2287 2571 2342 ab
2597 2301 2664 2342 eo
2693 2287 2839 2358 quod
2871 2289 3060 2345 subter
3088 2298 3193 2357 est,
3228 2299 3464 2362 separat.
3502 2292 3636 2347 Nam

2071 2393 2195 2432 cum
2234 2379 2580 2436 extrinsecus
2621 2381 2849 2451 sphaerae
2889 2383 3321 2455 circumpositas
3368 2385 3460 2450 sit,
3491 2387 3640 2441 velut

2071 2469 2325 2527 Oceanus
2349 2481 2434 2527 est
2472 2473 2902 2545 circumquaque
2952 2483 3156 2530 terram
3187 2478 3424 2542 alluens,
3465 2494 3496 2534 e
3529 2493 3639 2548 quo

2071 2563 2244 2618 stella:
2275 2564 2436 2620 nobis
2483 2566 2656 2630 oriri,
2698 2552 2755 2622 et
2804 2567 2860 2621 in
2899 2583 3025 2623 eum
3071 2570 3324 2625 occidere
3356 2572 3633 2627 videntur.

2072 2649 2212 2707 Hinc
2251 2651 2644 2724 Neoptolemus
2675 2653 2942 2712 Parianus
2975 2655 3032 2710 in
3073 2656 3417 2713 Trichthonia
3443 2675 3462 2713 :

2076 2805 2088 2818 .
2111 2805 2126 2820 .
2149 2809 2161 2822 .
2192 2806 2206 2820 .
2242 2767 2328 2821 cui
2359 2777 2470 2821 tota
2497 2769 2811 2838 circumﬂua
2839 2770 3080 2841 illigatur
3112 2779 3275 2825 terra.

2145 2879 2300 2936 Unde
2341 2880 2542 2938 Aratus
2570 2884 2734 2938 etiam
2765 2886 3038 2940 Oceanum
3066 2887 3304 2956 appellat
3345 2888 3492 2943 hunc
3523 2889 3635 2944 cir-

2071 2974 2256 3028 culum
2285 2988 2412 3028 cum
2434 2975 2489 3029 in
2519 2975 2678 3041 aliis,
2709 2983 2822 3030 tum
2859 2976 2913 3031 in
2941 2977 3063 3032 istis
3098 2979 3346 3034 versibus
3377 2999 3389 3034 :

2071 3084 2243 3156 Porro
2277 3086 2376 3140 iste
2401 3086 2597 3141 Oceani
2628 3095 2835 3140 tantum
2867 3091 3210 3156 supereminet
3238 3093 3459 3155 undam,

2073 3155 2346 3227 Quantum
2376 3158 2590 3211 interest
2623 3174 2656 3210 a
2683 3155 3007 3227 Capricorno
3039 3163 3348 3217 ascendente
3376 3164 3605 3218 maxime

2073 3223 2339 3281 Cancrum
2369 3227 2438 3280 ad
2466 3223 2844 3297 assurgentem.
3317 3231 3326 3241 '

2069 3338 2227 3406 Quod
2265 3356 2332 3395 ex
2376 3339 2614 3398 Homero
2641 3343 2984 3413 expressisse
3026 3343 3284 3411 videtur,
3329 3347 3491 3418 cujus
3521 3347 3637 3404 haec

2069 3433 2236 3488 verba
2270 3439 2400 3489 sunt
2427 3451 2439 3487 :

2072 3547 2269 3602 Incidit
2298 3548 2507 3603 Oceano
2536 3549 2633 3618 fax
2665 3550 2841 3605 lucida
2867 3553 3019 3618 solis,

2072 3618 2307 3675 Trahens
2328 3630 2530 3674 noctem
2557 3621 2765 3691 nigram
2794 3638 2950 3692 super
2980 3623 3179 3678 almam
3209 3633 3423 3680 terram.

2072 3731 2232 3796 Item,

2072 3839 2166 3896 Sol
2193 3850 2408 3898 exortus
2436 3852 2514 3898 est
2544 3843 2839 3914 relinquens
2862 3847 3181 3914 praclarum
3206 3847 3401 3904 lacum.

2141 3955 2212 4009 At
2242 3956 2556 4027 philosophi
2586 3964 2642 4013 et
2672 3967 2961 4029 geometrae
2989 3959 3326 4016 horizontem
3360 3962 3511 4016 illum
3545 3977 3638 4017 vo-

2071 4052 2222 4109 cant,
2255 4061 2418 4115 quem
2469 4046 2674 4102 Aratus
2720 4047 3102 4119 hemisphaeria
3150 4050 3258 4105 duo
3300 4052 3491 4122 partiri
3525 4069 3638 4109 me-

2071 4146 2271 4204 morat,
2300 4154 2424 4194 cum
2457 4139 2537 4194 ait
2562 4159 2574 4194 :

2073 4290 2088 4304 .
2115 4290 2129 4304 .
2155 4289 2170 4304 .
2197 4292 2213 4306 .
2246 4249 2337 4304 ubi
2357 4253 2578 4306 extremi

2069 4317 2364 4375 Miscentur
2389 4337 2626 4387 occasus,
2657 4332 2704 4376 et
2739 4332 2886 4378 ortus
2913 4324 3148 4380 inuicem.

2139 4431 2411 4488 Praeterea
2459 4434 2810 4505 cogitandum
2853 4444 2938 4492 est
2976 4438 3314 4494 horizontem
3353 4453 3419 4493 ac
3474 4441 3640 4495 meri-

403 4529 634 4600 σφαίρας
655 4531 759 4582 τῶν
787 4530 921 4584 ὅλων
947 4531 1182 4602 νοητέον.
1217 4533 1380 4586 Οὐδὲν
1411 4533 1519 4604 γὰρ
1550 4533 1657 4586 τῶν
1684 4533 1852 4586 ὄντων
1880 4533 1971 4585 αὐ-

2071 4522 2294 4578 dianum
2325 4525 2472 4578 intra
2505 4525 2774 4596 sphaaram
2808 4541 2952 4583 esse.
2994 4527 3131 4582 Nam
3177 4530 3450 4586 nulla'res
3481 4539 3636 4586 extra

400 4620 501 4690 τῆς
527 4623 673 4674 ἐστιν
699 4622 874 4685 ἐκτός.
908 4623 1076 4695 ’Υπὲρ
1101 4623 1157 4677 δὲ
1175 4623 1269 4677 τοῦ
1297 4624 1772 4695 παρακολουθῆσαι
1798 4627 1966 4696 ἡμᾶς’

399 4710 558 4775 ἐκτὸς
601 4707 738 4765 εῖναι
780 4711 1029 4781 λέγονται
1063 4716 1144 4778 είς
1180 4715 1242 4768 τὸ
1285 4716 1437 4779 ἐντὸς
1477 4715 1576 4786 τῆς
1605 4717 1839 4787 σφαίρας
1871 4717 1969 4769 πέ-

401 4816 522 4870 ρας.

479 4894 538 4946 Ὃ
583 4894 640 4946 δὲ
688 4895 1055 4966 μεσημϐρινὸς
1081 4897 1423 4969 παρελήφθη,
1480 4898 1565 4953 ἵνα
1621 4899 1688 4951 τὰ
1725 4899 1832 4952 ἀπὸ
1874 4899 1971 4969 τῆς

398 4983 662 5053 ἀνατολῆς
693 4983 853 5055 μέχρι
886 4984 987 5054 τῆς
1017 4984 1220 5049 δύσεως
1247 4986 1486 5060 δεικνύῃ,
1523 4988 1616 5040 καὶ
1662 4988 1748 5040 ἵνα
1785 4988 1969 5058 μάθω-

402 5090 522 5142 μεν,
555 5075 637 5128 ὄτι
665 5075 804 5128 κατὰ
827 5075 1013 5130 τοῦτον
1044 5077 1322 5147 γινόμενος
1353 5081 1380 5131 6
1403 5079 1553 5150 ἥλιος
1588 5082 1681 5132 καὶ
1711 5080 1779 5132 τὰ
1811 5079 1971 5133 λοιπὰ

399 5165 574 5235 ἄστρα
621 5166 760 5236 ὑπὲρ
809 5167 914 5236 γῆς
965 5172 1318 5240 μεσουρανεί·
1363 5171 1455 5223 καὶ
1503 5173 1532 5224 6
1576 5173 1767 5244 χρόνος
1816 5165 1970 5234 οὗτός

399 5257 513 5308 ἐστι
541 5257 878 5328 μεσημϐρία,
909 5259 1220 5332 μεσημερία
1247 5279 1328 5324 τις
1357 5257 1508 5316 οὖσα.
1534 5263 1672 5326 Τοὺς
1695 5262 1750 5314 δὲ
1785 5260 1972 5326 λοξοὺς

397 5351 446 5400 οἱ
481 5351 577 5418 μὲν
608 5352 917 5423 αἰσθητοὺς,
949 5355 998 5406 οί
1033 5354 1091 5406 δὲ
1123 5355 1339 5419 πλείους
1383 5355 1472 5409 τὸν
1505 5355 1766 5425 γαλαξίαν
1803 5357 1972 5427 μόνον

398 5437 535 5493 εἶναι
557 5441 835 5512 βούλονται
855 5460 868 5473 ·
904 5446 1025 5508 τοὺς
1056 5445 1112 5498 δὲ
1138 5445 1354 5509 λοιποὺς
1382 5446 1587 5510 πάντας
1621 5448 1862 5518 νοητούς.

561 5701 565 5705 λ
680 5642 884 5696 Πόσον
901 5643 968 5695 τὸ
991 5642 1218 5709 πλάτος
1245 5644 1350 5698 τοῦ
1383 5642 1686 5704 ζωδιακοῦ.

469 5736 574 5796 κγ’.
603 5730 660 5783 Ὀ
693 5732 748 5784 δὲ
780 5732 1040 5797 ζωδιακὸς
1071 5735 1221 5801 λοξὸς
1248 5736 1321 5788 ὢν
1347 5736 1700 5807 περιφέρειαν
1731 5737 1842 5806 ἕχει
1877 5756 1970 5808 με-

402 5819 609 5892 γίστην,
635 5822 722 5878 διὰ
744 5823 836 5878 τοῦ
866 5824 1087 5896 κέντρου
1113 5829 1212 5898 τῆς
1241 5827 1475 5896 σφαίρας
1497 5827 1595 5896 τὴν
1617 5830 1966 5900 περιγραφὴν

2073 4613 2247 4684 ipsam
2279 4624 2384 4670 est.
2423 4612 2530 4669 Sed
2578 4624 2637 4670 ut
2673 4618 2857 4670 animo
2899 4632 3095 4687 capere
3140 4619 3440 4688 possimus,
3486 4628 3639 4672 extra

2071 4720 2193 4761 esse
2244 4705 2558 4775 tinguntur,
2610 4715 2665 4762 et
2703 4707 3022 4763 interiorem
3078 4709 3345 4778 sphaeram
3397 4710 3638 4764 circum-

2072 4799 2332 4854 scribere.
2931 4784 2944 4792 ”

2142 4889 2482 4945 Meridianus
2538 4891 2608 4946 ad
2657 4891 2762 4946 hoc
2819 4893 3156 4958 assumitur,
3210 4901 3270 4947 ut
3316 4893 3638 4950 orientalem

2071 4983 2261 5038 mundi
2297 4994 2506 5053 partem
2533 4984 2602 5038 ab
2639 4983 2872 5038 occidua
2901 4995 3174 5051 secernat,
3200 4993 3316 5040 tum
3349 4995 3409 5041 ut
3437 4987 3640 5043 intelli-

2072 5091 2266 5146 gamus
2294 5077 2468 5131 solem
2516 5091 2581 5132 ac
2606 5078 2818 5148 reliqua
2849 5077 3054 5145 sidera,
3083 5094 3208 5134 cum
3240 5080 3308 5134 ad
3340 5079 3489 5135 illum
3518 5097 3641 5151 per-

2071 5177 2360 5230 venerunt,
2396 5169 2635 5223 medium
2669 5185 2839 5239 supra
2869 5178 3071 5225 terram
3121 5171 3371 5227 obtinere
3415 5172 3637 5228 caelum.

2073 5258 2226 5324 Quod
2257 5267 2473 5330 tempus
2509 5261 2860 5336 μεσημϐρίαν
2889 5262 3252 5331 appellamus,
3283 5261 3337 5316 id
3361 5269 3444 5318 est
3474 5263 3641 5317 meri-

2073 5353 2240 5417 diem,
2268 5354 2423 5422 quasi
2457 5355 2822 5426 μεσημερίαν.
2858 5353 3123 5424 Obliquos
3151 5355 3391 5409 circulos
3418 5355 3641 5424 quidam

2073 5443 2432 5513 aspectabiles
2455 5458 2647 5499 omnes
2677 5460 2800 5499 esse
2827 5445 3047 5512 volunt;
3083 5444 3175 5496 alii
3204 5444 3306 5499 soli
3335 5443 3443 5498 hoc
3465 5443 3642 5498 lacteo

2074 5534 2354 5601 tribuunt;
2386 5541 2618 5590 caeteros
2645 5533 2802 5587 aiunt
2824 5533 3186 5604 intelligentia
3215 5533 3334 5588 sola
3360 5539 3637 5588 constare.

2517 5646 2597 5702 De
2630 5647 2837 5702 zodiaci
2865 5645 3169 5702 latitudine.

2141 5739 2232 5793 25.
2264 5737 2538 5795 Zodiacus
2583 5741 2827 5796 circulus
2865 5740 3123 5810 obliquus
3154 5737 3450 5792 maximum
3477 5734 3642 5790 habet

2075 5831 2356 5897 ambitum,
2383 5831 2538 5902 isque
2560 5848 2588 5886 a
2618 5832 2844 5902 sphaerae
2867 5839 3058 5888 centro
3079 5829 3425 5887 describitur.
3450 5825 3628 5898 Hujus
