4130 6410
458 397 562 454 967

1473 394 1564 450 AD
1600 393 1875 452 EUSEBII
1900 391 2298 451 annomcoa
2336 365 2680 453 APPENDIX

3593 391 3699 450 968

460 502 693 574 latitudo
734 515 1021 572 intervallo
1059 513 1318 570 delinitur
1344 513 1490 585 quod
1521 529 1551 567 a
1583 513 1914 583 Capricorno
1950 510 2016 566 ad

2133 513 2280 583 ἔχων.
2313 513 2525 579 Πλάτος
2569 516 2627 570 δὲ
2657 515 2765 586 ἔχει
2792 517 2891 588 τῆς
2927 516 3128 580 θέσεως
3160 515 3221 569 τδ
3253 515 3362 569 ἀπὸ
3394 515 3697 584 Αῑγοκέρωο

461 614 736 668 Cancrum
767 611 1025 680 pertinet.
1069 608 1181 664 Hoc
1216 609 1453 678 spatium
1493 607 1801 678 exprimere
1853 605 2026 659 voluit

2133 623 2214 669 τος
2242 607 2403 677 μέχρι
2435 609 2713 678 Καρκίνου
2745 608 3044 679 διάστημα.
3073 609 3245 661 Τοῦτο
3283 607 3342 660 τὸ
3376 607 3578 670 πλάτος
3607 607 3699 678 δη-

461 703 661 757 Aratus
691 701 777 756 his
809 701 1087 755 versibus:

460 795 724 850 Ceterum
750 794 834 847 hic
863 792 1058 848 Oceani
1091 802 1297 846 tantum
1327 792 1670 861 supereminet
1701 787 1922 855 audam,

461 863 732 930 Quantum
767 874 844 918 est
875 881 908 916 a
935 863 1257 930 Capricorno
1284 862 1593 917 ascendente
1621 863 1853 916 maxime

461 936 547 990 Ad
579 942 937 1005 assurgentem
965 933 1252 988 Cancrum.

533 1050 639 1106 Per
669 1051 814 1104 hunc
859 1049 1126 1104 circulum
1177 1064 1488 1104 commeare
1518 1048 1774 1104 videntur
1801 1051 2033 1120 planetae

463 1151 670 1214 septem
694 1143 797 1197 sub
827 1142 1004 1197 tribus
1031 1143 1209 1196 lineis.
1239 1141 1344 1207 Qui
1367 1141 1588 1212 quidem
1621 1143 1950 1214 exprimitur
1977 1143 2033 1198 in

463 1234 697 1304 sphera,
714 1242 774 1288 ut
796 1233 1006 1289 itineris
1035 1234 1379 1304 planetarum
1405 1232 1748 1289 latitudinem
1770 1249 2037 1306 agnosca-

464 1339 608 1380 mus.
639 1322 772 1377 Nam
795 1324 1022 1392 planetae
1045 1323 1287 1392 quinque
1307 1337 1413 1376 non
1440 1338 1545 1376 una
1569 1323 1624 1376 in
1641 1323 1780 1378 linea
1803 1325 2038 1378 circum-

471 1413 744 1469 feruntur.
778 1411 920 1478 Quid
945 1412 1112 1482 igitur
1133 1426 1313 1465 causa:
1340 1422 1424 1464 est
1449 1426 1549 1466 cur
1572 1426 1684 1466 non
1709 1412 1820 1467 duo
1846 1413 2036 1468 circuli

467 1505 737 1560 circuitus
766 1505 936 1569 illius,
973 1504 1067 1560 sed
1092 1511 1205 1558 tres
1234 1503 1289 1558 in
1319 1503 1550 1560 aodiaco
1579 1504 1842 1574 descripti
1875 1503 2040 1559 sunt?

2125 698 2298 752 λῶσαι
2328 699 2651 772 βουλόμενος
2677 702 2911 773 Ἀρατός
2940 719 3103 771 φησιν
3122 717 3135 730 ·

2128 790 2324 862 Αὐτὰρ
2365 791 2450 860 ὅγ’
2486 792 2764 847 Ὠκεανοῦ
2813 793 3042 846 τόσσον
3070 793 3486 862 παραμείϐεται
3521 788 3697 857 ὕδωρ,

2130 861 2365 914 ’Ὂο-σον
2385 863 2486 915 ἀπ’
2516 863 2870 932 Αὶγοκερῆος
2897 861 3316 932 ἀνερχομένοιο
3342 863 3628 931 μάλιστα,

2129 931 2427 998 Καρκίνον
2452 935 2540 997 είς
2569 931 2836 989 ἀνιόντα.

2199 1036 2426 1092 Δοκοῦσι
2469 1039 2528 1092 δὲ
2571 1041 2640 1094 δι’
2680 1041 2848 1095 αὐτοῦ
2891 1043 3148 1113 φέρεσθαι
3175 1043 3223 1095 οἱ
3255 1042 3392 1096 ἑπτὰ
3431 1043 3700 1115 πλάνητες

2132 1127 2225 1180 ἐπὶ
2254 1128 2420 1197 τριῶν
2458 1131 2753 1202 γραμμῶν.
2778 1133 3062 1186 Δείκνυται
3089 1133 3144 1187 δὲ
3190 1134 3282 1187 ἐπὶ
3309 1135 3406 1204 τῆς
3440 1136 3696 1204 σφαίρας,

2134 1221 2224 1273 ἵνα
2255 1221 2465 1292 νοῶμεν
2506 1224 2568 1275 τὸ
2612 1223 2812 1288 πλάτος
2843 1225 2944 1295 τῆς
2984 1227 3206 1296 πορείας
3242 1226 3348 1279 τῶν
3392 1227 3695 1297 πλανήτων,

2135 1311 2230 1363 καὶ
2255 1311 2426 1380 ἡλίου,
2456 1311 2551 1364 καὶ
2579 1312 2832 1383 σελήνης·
2862 1314 3049 1386 ἐπειδὴ
3070 1315 3118 1367 oi
3152 1315 3311 1368 πέντε
3346 1316 3420 1386 μὴ
3452 1318 3543 1368 ἐπὶ
3572 1317 3698 1386 μιᾶς

2135 1403 2399 1473 γραμμῆς
2427 1403 2705 1457 ποιοῦνται
2740 1407 2838 1478 τὴν
2864 1407 3184 1478 περιφοράν.
3211 1408 3276 1460 Τί
3303 1404 3394 1461 οὖν
3413 1407 3612 1478 δήποτε
3637 1409 3698 1462 οὐ

2136 1494 2229 1548 δύο
2258 1496 2466 1559 κύκλοι,
2499 1497 2636 1551 ἀλλὰ
2672 1501 2822 1570 τρεῖς
2855 1498 3261 1568 ἐσημειώσαντο
3300 1501 3392 1552 ἐπὶ
3416 1501 3517 1571 τῆς
3545 1517 3699 1570 περι-

464 1597 730 1650 Nimirum
761 1595 907 1666 quod
939 1596 1184 1665 quinque
1212 1595 1314 1660 illi,
1347 1611 1486 1665 quos
1518 1595 1782 1659 diximus,
1809 1596 2034 1667 planet:

2139 1590 2310 1658 φορᾶς
2337 1589 2427 1643 τὸν
2455 1589 2716 1654 ζωδιακὸν
2755 1591 2984 1655 κύκλον;
3029 1591 3172 1645 Διότι
3222 1594 3270 1644 οἱ
3316 1593 3698 1664 προειρημένοι

464 1689 636 1743 latum
660 1689 716 1744 id
755 1704 920 1743 omne
951 1688 1212 1758 spatium,
1258 1687 1404 1758 quod
1447 1689 1676 1743 circulis
1703 1689 1920 1745 duobus
1955 1691 2042 1744 in-

2141 1681 2299 1732 πέντε
2338 1681 2564 1755 ἀστέρες
2595 1683 2654 1734 τὸ
2698 1683 2898 1753 μεταξὺ
2943 1684 3052 1736 τῶν
3105 1684 3197 1737 δύο
3240 1685 3454 1738 κύκλων
3500 1685 3700 1748 πλάτος

463 1781 725 1846 cluditur,
745 1780 998 1836 obeundo
1021 1788 1313 1850 peragrant
1338 1799 1353 1834 :
1379 1781 1459 1835 sol
1485 1788 1664 1835 autem
1688 1796 1797 1835 non
1829 1788 2034 1835 tantum

2141 1773 2560 1843 περιφέρονται·
2591 1774 2621 1825 ό
2645 1774 2698 1827 δὲ
2728 1775 2876 1844 ἥλιος
2908 1776 2967 1828 οὐ
2991 1776 3240 1830 τοσοῦτον
3262 1779 3584 1849 παραϐαίνει
3607 1779 3700 1832 ἐπὶ

465 1874 534 1930 ad
565 1875 812 1930 dextram
844 1885 938 1928 aut
970 1874 1156 1928 laevam
1181 1873 1444 1936 deﬂectit,
1474 1881 1740 1943 quantum
1775 1873 1850 1928 illi
1873 1873 2034 1944 quiu-

2133 1865 2202 1918 τὰ
2243 1864 2393 1932 δεξιὰ
2442 1865 2537 1919 καὶ
2585 1865 2861 1937 εὐώνυμα,
2914 1870 3035 1921 ὅσον
3081 1871 3129 1922 οἱ
3186 1869 3378 1922 πέντε·
3414 1869 3548 1923 ἀλλὰ
3591 1870 3699 1923 τῶν

463 1980 592 2035 que,
629 1964 724 2019 sed
758 1964 898 2019 inter
942 1962 1082 2018 duos
1126 1963 1262 2017 istos
1298 1963 1610 2018 limitaneos
1647 1962 1885 2019 circulos
1917 1978 2031 2018 me-

464 2054 590 2108 dius
639 2063 908 2109 movetur.
932 2053 1016 2108 Ob
1062 2053 1116 2106 id
1158 2053 1406 2108 heliacus
1461 2052 1531 2107 ab
1582 2051 1748 2121 hujus
1776 2051 2035 2106 doctrinae

463 2145 658 2214 peritis
690 2145 1025 2215 appellatur;
1054 2150 1149 2197 aut
1183 2143 1494 2212 cclipticns,
1535 2143 1680 2207 quod
1712 2143 1768 2196 in
1798 2156 1868 2197 eo
1900 2141 2033 2197 solis

463 2234 698 2301 eclipses
730 2233 1003 2286 accidant.
1037 2231 1230 2286 Latum
1274 2234 1419 2286 hunc
1448 2234 1718 2286 circulum
1751 2232 2033 2287 zodiacum

465 2324 535 2376 ab
579 2323 865 2377 duodecim
908 2325 1080 2394 signis
1123 2324 1444 2378 nominant:
1483 2339 1604 2394 quae
1647 2333 1808 2389 sunt,
1852 2322 2031 2387 Aries,

465 2413 703 2480 Taurus,
738 2415 973 2479 Gemini,
1005 2415 1233 2482 Cancer,
1265 2414 1396 2479 Leo,
1433 2413 1618 2486 Virgo,
1653 2414 1836 2484 Libra,
1871 2414 2035 2471 Scor-

464 2505 618 2574 pius,
666 2505 1024 2577 Sagittarius,
1054 2507 1444 2576 Capricornus,
1480 2507 1781 2576 Aquarius.
1823 2505 2031 2562 Pisces.

463 2591 595 2658 Qua:
629 2600 683 2648 et
713 2594 856 2648 idola
880 2600 1168 2659 vocantur,
1198 2605 1254 2650 ut
1279 2595 1347 2648 ab
1370 2594 1577 2650 Arato:

639 2850 838 2908 Contra
869 2858 1023 2921 atque
1052 2851 1198 2905 idola
1238 2849 1515 2906 duodecim
1558 2851 1858 2907 volvuntur.

532 2941 643 3017 85
662 2941 768 2997 Sed
793 2946 962 3012 quaeri
997 2958 1104 2996 non
1129 2944 1397 2998 immerito
1419 2951 1619 3014 potest,
1649 2959 1748 2998 cur
1763 2959 1883 2998 cum
1903 2943 2036 3000 Cas-

465 3035 674 3104 siepca,
708 3042 762 3087 et
792 3033 1156 3098 Andromeda,
1177 3042 1229 3088 et
1284 3034 1390 3087 alia
1418 3035 1711 3089 simulacra
1733 3040 2034 3104 composita

473 3125 585 3180 sint
633 3139 664 3178 e
703 3125 899 3188 stellis,
937 3125 1052 3178 sola
1095 3125 1381 3180 duodecim
1422 3125 1587 3189 ζώδια
1632 3139 2032 3199 nuncupentur,

464 3221 613 3272 astra
661 3228 790 3267 vero
835 3222 1051 3269 caetera.
1084 3215 1166 3268 An
1214 3215 1361 3284 quod
1400 3217 1557 3286 plura
1605 3216 1661 3269 in
1697 3219 1787 3271 illo
1829 3219 2034 3274 circulo
2061 3205 2105 3261 (ἶ

463 3318 628 3374 quam
682 3305 832 3369 alibi,
868 3313 996 3360 sunt
1047 3306 1325 3370 animalia,
1361 3307 1485 3363 ideo
1527 3309 1683 3363 zodia
1735 3309 2034 3366 dicuntur?

466 3393 606 3448 Sunt
630 3393 774 3448 enim
806 3395 861 3448 in
893 3395 1166 3449 sideribus
1193 3391 1440 3466 reliquis,
1473 3416 1595 3469 qua:
1627 3416 1734 3454 non
1766 3408 1894 3456 sunt
1927 3399 2034 3466 ζώ-

461 3484 570 3550 δια,
602 3485 704 3538 hoc
733 3492 817 3540 est
859 3486 1174 3539 animalium
1224 3486 1538 3545 simulacra.
1573 3490 1656 3544 An
1700 3491 1826 3561 quia
1867 3507 2034 3562 gene-

462 3577 650 3631 thliaci
692 3577 970 3633 hominum
991 3593 1237 3648 geneses,
1273 3597 1337 3635 ac
1360 3582 1483 3636 vitae
1513 3584 1811 3654 mortisque
1840 3583 2036 3640 fatales

462 3669 644 3723 exitus
671 3683 737 3723 ex
786 3669 854 3725 iis
885 3679 940 3723 et
990 3670 1428 3726 discurrentibus
1468 3684 1565 3743 per
1600 3689 1662 3728 ea
1690 3675 1921 3744 planetis
1949 3675 2036 3729 in-

462 3761 730 3830 quirunt?
779 3776 847 3814 an
889 3763 1014 3830 quia
1068 3777 1164 3832 per
1201 3762 1450 3817 eumdem
1513 3763 1802 3830 circulum,
1862 3780 2034 3836 eaque

463 3854 620 3920 signa
646 3852 873 3920 planetae
912 3853 1177 3906 circuitus
1212 3869 1342 3908 suos
1368 3854 1590 3919 obeunt,
1625 3871 1724 3909 nec
1747 3871 1777 3909 a
1809 3856 2033 3911 zodiaco

462 3943 879 4012 digrediuntur?
917 3942 1057 3996 Sunt
1080 3951 1260 3998 autem
1287 3945 1517 4015 planetae
1559 3961 1749 4002 omnes
1777 3948 2031 4002 animalia

462 4029 738 4100 quaedam,
777 4031 920 4100 quod
958 4040 1150 4102 suapte
1185 4043 1379 4102 sponte
1416 4044 1753 4090 moveantur.
1798 4035 2034 4093 Planetze

463 4127 646 4175 autem
678 4121 747 4175 ab
777 4138 964 4177 errore
1011 4132 1064 4177 et
1105 4126 1391 4193 vagatione
1433 4125 1712 4183 dicuntur.
1761 4127 2031 4184 Interdum

460 4213 626 4267 etiam
649 4214 914 4269 circulum
941 4216 1104 4271 istum
1129 4217 1339 4288 άλησιν,
1363 4218 1416 4274 id
1429 4228 1514 4275 est
1528 4223 1879 4290 evagationem
1901 4223 2031 4278 solis

462 4306 760 4376 appellant,
797 4315 857 4361 ut
885 4307 1120 4364 Aratus:

602 4398 947 4474 Partimpero
983 4401 1150 4455 borea’
1183 4414 1231 4455 et
1273 4405 1596 4474 evagationis
1630 4405 1760 4460 solis

601 4465 670 4520 In
702 4470 872 4523 medio
897 4483 1239 4542 sparguntur.

533 4577 706 4649 Hujus
733 4581 924 4637 circuli
953 4600 1165 4638 summa
1192 4594 1276 4641 est
1306 4589 1636 4658 magnitudo.
1669 4583 1838 4661 Cujus
1870 4592 2032 4648 dimi-

458 4669 550 4724 dia
581 4686 707 4740 pars
746 4673 851 4727 sub
883 4682 1028 4728 terra
1055 4675 1204 4733 latet.
1249 4678 1480 4748 Ideoque
1510 4696 1602 4736 sex
1635 4692 1896 4754 perpetuo
1934 4701 2029 4741 su-

462 4777 559 4831 pra
609 4771 812 4818 terram
867 4766 1104 4821 interdiu
1153 4771 1394 4825 eminent
1455 4774 1642 4843 signa,
1695 4777 2029 4848 totidemque

460 4863 623 4909 nocte
667 4856 770 4910 sub
813 4863 1016 4912 terram
1060 4860 1282 4914 condita
1312 4871 1460 4918 sunt.
1495 4863 1650 4930 Quod
1701 4867 1907 4924 Aratus
1943 4869 2027 4925 his

459 4946 641 5001 verbis
669 4949 842 5016 aperit
869 4968 884 5002 :

513 5057 618 5112 Sea:
647 5071 894 5130 perpetuo
923 5063 1166 5119 occidunt
1200 5066 1525 5124 duodecima:
1555 5083 1732 5141 partes
1763 5077 1968 5130 circuli.

529 5170 621 5225 Sic
649 5173 794 5227 enim
817 5174 1254 5234 dodecatemoria
1283 5182 1565 5253 signorum
1595 5188 1861 5245 nominat.
1891 5189 2028 5247 Nolo

2130 1956 2296 2026 τριῶν
2323 1956 2527 2010 τούτων
2567 1956 2804 2022 κύκλων,
2838 1957 2946 2010 τῶν
2981 1959 3043 2010 τὸ
3087 1959 3287 2022 πλάτος
3312 1959 3404 2012 τοῦ
3434 1958 3698 2022 ζωδιακοῦ

2130 2047 2448 2101 δεικνύντων
2482 2051 2631 2119 ἡμῖν,
2671 2049 2812 2102 κατὰ
2859 2050 2948 2102 τὸν
2986 2050 3148 2120 μέσον
3194 2053 3222 2104 ὁ
3268 2050 3420 2120 ἥλιος
3453 2052 3694 2122 φέρεται.

2133 2140 2222 2192 Διὸ
2251 2140 2342 2192 καὶ
2381 2139 2600 2210 ἡλιακδς
2639 2140 2743 2193 ὑπὸ
2779 2140 2887 2193 τῶν
2915 2142 3083 2194 ταῦτα
3107 2142 3295 2195 δεινῶν
3329 2144 3700 2214 προσηγόρευ-

2130 2248 2240 2293 ται,
2278 2231 2370 2285 καὶ
2417 2231 2792 2296 ὲκλειπτικός·
2842 2234 3026 2304 ἐπειδὴ
3074 2236 3134 2287 ἐν
3177 2235 3322 2305 αὐτῷ
3371 2237 3427 2287 αἱ
3478 2236 3701 2305 ήλιακαὶ

2132 2323 2402 2393 ἐκλείψεις
2425 2325 2686 2392 γίνονται.
2717 2325 2820 2378 Τὸν
2853 2326 2911 2379 δὲ
2938 2327 3330 2398 προειρημένον
3358 2327 3563 2382 πλατὺν
3600 2328 3700 2382 κύ-

2133 2415 2257 2468 κλον
2288 2415 2551 2478 ζωδιακὸν
2596 2416 2870 2487 καλοῦμεν
2912 2419 3020 2472 άπὸ
3062 2419 3168 2472 τών
3205 2422 3264 2473 ὲν
3307 2418 3452 2488 αύτῷ
3497 2420 3564 2489 ιβ’
3593 2419 3705 2485 ζωο

2131 2507 2290 2559 δίων·
2329 2507 2364 2561 ά
2420 2510 2533 2560 ἐστι
2580 2509 2769 2581 Κριὸς.
2818 2509 3050 2582 Ταῦρος,
3105 2512 3342 2582 Δίδυμοι,
3388 2512 3699 2584 Καρκίνος,

2133 2597 2305 2663 Λέων,
2337 2600 2632 2670 Παρθένος,
2664 2602 2856 2670 Ζυγὸς,
2886 2603 3170 2673 Σκορπίος,
3195 2603 3447 2673 Τοξότης,
3479 2605 3703 2672 Αίγόκε-

2135 2706 2266 2761 ρως,
2304 2689 2609 2762 Ὑδροχόος,
2643 2693 2847 2763 Ἰχθύες
2869 2710 2881 2724 ·
2916 2694 3158 2749 καλεῖται
3181 2695 3238 2748 δὲ
3266 2695 3361 2748 καὶ
3381 2695 3599 2748 εἴδωλα·
3628 2696 3704 2760 ὡς

2133 2782 2226 2835 καὶ
2257 2784 2322 2834 Ἀ
2332 2800 2488 2854 ρατος
2504 2799 2517 2813 ⁸

2243 2873 2536 2943 Ἔμπαλιν
2561 2873 2828 2942 εἰδώλοις
2856 2874 3213 2930 δυοκαίδεκα
3242 2876 3591 2931 δινεύοντα.

2208 2963 2388 3028 Ἀξιον
2417 2965 2473 3018 δὲ
2505 2965 2753 3035 ζητῆσαι,
2782 2967 2835 3021 τί
2866 2967 3065 3038 δήποτε
3092 2968 3190 3038 τῆς
3217 2968 3579 3030 Κασσιεπείας
3605 2967 3699 3020 καὶ

2147 3056 2520 3128 Ἀνδρομέδας,
2567 3059 2661 3111 καὶ
2705 3057 2812 3110 τῶν
2856 3058 3032 3113 ἄλλων
3071 3057 3303 3112 εἰδώλων
3347 3059 3405 3124 ἐξ
3455 3057 3700 3127 ἀστέρων

2140 3150 2531 3220 συγκειμένων,
2565 3149 2633 3203 τὰ
2663 3148 2727 3220 ιβ’
2759 3150 2918 3221 μόνον
2946 3148 3130 3214 ζώδια,
3156 3150 3225 3203 τὰ
3252 3151 3309 3203 δὲ
3339 3149 3501 3203 λοιπὰ
3525 3149 3700 3217 άστρα

2137 3240 2400 3295 καλεῖται.
2434 3242 2657 3311 Μήποτε
2681 3237 2773 3294 οὖν
2809 3241 2916 3294 ἀπὸ
2947 3240 3055 3293 τῶν
3095 3241 3490 3305 πλεοναζόντων
3536 3240 3594 3291 ὲν
3626 3237 3703 3307 τῷ

2134 3332 2317 3402 κύκλῳ
2333 3329 2448 3395 ζῶα
2466 3333 2486 3362 ⁵
2505 3331 2718 3400 λέγεται
2735 3350 2748 3397 ;
2767 3331 2880 3384 ἐστι
2901 3331 3007 3403 γὰρ
3029 3333 3086 3384 ὲν
3105 3335 3215 3394 τοῖς
3237 3331 3441 3393 λοιποῖς
3462 3330 3699 3400 ἄστροις,

2132 3422 2169 3476 ἃ
2199 3424 2272 3493 μή
2309 3423 2423 3475 ἐστι
2456 3422 2642 3486 ζώδια,
2669 3423 2912 3476 τουτέστι
2946 3422 3098 3487 ζώων
3127 3422 3338 3475 εἴδωλαο
3367 3423 3400 3491 ἢ
3431 3421 3590 3474 πάλιν
3619 3421 3700 3473 ὅτι

2133 3517 2184 3570 οἱ
2209 3516 2578 3584 γενεσιαλόγοι
2605 3515 2705 3578 τὰς
2723 3515 2963 3584 γενέσεις
2983 3514 3090 3567 τῶν
3112 3514 3433 3585 ἀνθρώπων,
3455 3514 3550 3566 καὶ
3572 3515 3702 3582 περὶ

2133 3608 2279 3676 ζωῆς
2311 3609 2406 3660 καὶ
2439 3606 2688 3670 θανάτου,
2733 3606 2870 3677 πρὸς
2903 3605 3074 3659 ταῦτα
3110 3604 3391 3667 σκοποῦσι,
3440 3604 3536 3658 καὶ
3574 3605 3700 3670 τοὺς

2134 3698 2260 3768 περὶ
2305 3695 2444 3755 αὐτὰ
2483 3695 2861 3768 διερχομένους
2905 3695 3216 3766 πλάνητας·
3259 3695 3290 3765 ἢ
3335 3695 3416 3750 ὅτι
3449 3696 3579 3766 περὶ
3609 3696 3702 3749 τὸν

2133 3789 2350 3855 κύκλον,
2388 3789 2483 3842 καὶ
2514 3789 2642 3860 περὶ
2672 3787 2810 3841 αὐτὰ
2839 3789 2890 3840 οἱ
2921 3788 3061 3842 ἑπτὰ
3086 3787 3352 3857 πλάνητες
3378 3787 3701 3858 περιφέρον-

2132 3899 2246 3945 ται,
2273 3882 2370 3952 οὐχ
2399 3880 2793 3951 ὑπερϐάλλουσι
2815 3881 2906 3934 τὸν
2942 3879 3200 3944 ζωδιακὸν
3237 3877 3454 3932 κύκλον.
3487 3879 3609 3931 Ζῶα
3641 3878 3698 3931 δέ

2131 3972 2238 4024 εἰσι
2259 3972 2351 4025 καὶ
2373 3965 2516 4026 οὗτοι
2537 3973 2587 4024 oi
2604 3971 2744 4024 ἑπτὰ
2765 3971 3054 4042 πλάνητες,
3075 3969 3152 4040 τῷ
3175 3971 3513 4039 αὐτοκίνητοι
3535 3965 3696 4022 εἶναι’

2132 4065 2398 4134 πλάνητες
2426 4064 2483 4116 δὲ
2515 4062 2804 4116 καλοῦνται
2838 4062 2991 4129 παρὰ
3016 4062 3114 4133 τὴν
3141 4061 3274 4132 ἄλην
3309 4062 3408 4132 τὴν
3439 4063 3532 4114 καὶ
3565 4061 3698 4115 πλά-

2133 4173 2248 4226 νην.
2285 4157 2440 4207 Ἔστι
2479 4155 2522 4208 δ’
2549 4157 2638 4209 ὅτε
2677 4153 2866 4208 τοῦτον
2907 4155 2996 4209 τὸν
3034 4153 3230 4207 κύκλον
3270 4155 3364 4207 καλ⁵
3404 4172 3423 4206 ι
3455 4154 3644 4224 άλησιν
3670 4171 3690 4205 s

2132 4246 2484 4317 ὀνομάζουσιν
2516 4263 2536 4298 ‹
2571 4246 2741 4316 ἡλίοψ
2781 4265 2800 4299 ι
2834 4245 2910 4310 ὡς
2936 4247 3028 4300 καὶ
3061 4248 3312 4318 Ἀρατος·

2201 4428 2311 4483 Καὶ
2339 4429 2409 4482 τὰ
2425 4428 2542 4496 μὲν
2566 4423 2678 4482 οὖν
2700 4427 2912 4496 βορέω,
2935 4428 3033 4483 καὶ
3054 4428 3310 4496 Μήσιος
3339 4429 3566 4498 ἠελίοιο

2197 4499 2527 4567 Μεσσηγὺς
2560 4499 2894 4567 κέχυται....

2208 4611 2360 4682 Ἔχει
2391 4609 2448 4663 δὲ
2478 4603 2631 4672 οὗτος
2663 4611 2691 4661 ὁ
2716 4609 2911 4673 κύκλος
2939 4609 3163 4680 μέγεθος
3194 4609 3464 4680 μέγιστον.
3508 4609 3617 4662 ’Δεὶ
3635 4609 3691 4661 δὲ

2134 4703 2195 4756 τὸ
2220 4703 2392 4774 ἥμισυ
2422 4702 2526 4756 ὑπὸ
2558 4701 2662 4771 γῆν
2699 4701 2831 4773 ἔχει.
2876 4703 2966 4755 Διὸ
2995 4703 3088 4756 καὶ
3125 4701 3184 4766 ἓξ
3218 4691 3356 4773 ὑπὲρ
3395 4703 3496 4772 γῆν
3529 4702 3612 4754 ἀεὶ
3635 4703 3692 4754 ὲν

2134 4793 2317 4866 ἡμέρᾳ
2343 4793 2457 4846 ἐστὶ
2487 4793 2671 4858 ζώδια,
2694 4793 2786 4845 καὶ⁵
2815 4793 2873 4860 ἓξ
2907 4793 3011 4846 ὑπὸ
3041 4795 3142 4864 γῆν
3175 4796 3232 4846 ὲν
3262 4794 3436 4847 νυκτί.
3475 4795 3693 4863 Ἐπιση-

2138 4883 2382 4956 μαίνεται
2409 4883 2466 4936 δὲ
2496 4883 2652 4937 τοῦτο
2683 4884 2776 4936 καὶ
2804 4885 3036 4955 ’Ἄρατος
3061 4884 3250 4952 λέγων’

2208 5088 2310 5153 Ἓξ
2337 5087 2449 5142 αἰεὶ
2480 5086 2733 5141 δύνουσι
2761 5085 3127 5152 δυωδεκάδες
3151 5087 3413 5140 κύκλοιο.

2196 5199 2544 5262 Δυωδεκάδας
2571 5198 2678 5270 γὰρ
2706 5194 2826 5252 εἶπε
2862 5198 2933 5252 τά
2975 5197 3417 5269 δωδεκατημόρια
3451 5196 3556 5250 τῶν
3589 5196 3694 5261 ζω-

458 5261 548 5364 hic
687 5265 959 5336 quispiam
995 5268 1320 5341 interpellet,
1355 5274 1723 5347 objiciatquc:
1752 5280 1805 5335 Si
1835 5282 2028 5340 diebus

2133 5289 2268 5344 Βίων.
2301 5290 2505 5360 Μηδεὶς
2527 5261 2593 5343 δέ
2621 5261 2714 5344 ν’ῦν
2745 5290 3095 5360 ὐποκρουέτω
3114 5261 3304 5370 λέγιιξν·
3414 5290 3534 5342 καθ’
3563 5289 3692 5342 ἑκά-

457 5353 688 5424 singulis
716 5372 880 5427 supra
909 5358 1158 5430 infraque
1182 5371 1381 5418 terram
1405 5381 1503 5437 par
1529 5370 1808 5438 signorum
1835 5389 2028 5431 nume-

456 5459 552 5498 rus
598 5449 848 5516 exsistat,
881 5465 980 5505 cur
1025 5467 1136 5508 non
1173 5457 1410 5528 aequales
1438 5467 1566 5514 sunt
1595 5463 1826 5519 invicem
1866 5468 2025 5524 dies?

428 5593 433 5597 ι
457 5530 596 5634 Diam
621 5536 812 5634 hacde
831 5555 889 5634 re
917 5550 1032 5597 tum
1055 5560 1298 5616 agemus,
1329 5566 1450 5606 cum
1483 5551 1550 5610 de
1577 5564 1698 5612 ortu
1727 5559 2021 5631 cujuslibet

459 5627 600 5694 signi
637 5631 801 5686 verba
830 5631 1111 5694 faciemus.

533 5776 556 5809 ⁸
581 5779 622 5845 Ῑ.
657 5779 840 5844 ζώδια.

2133 5375 2265 5454 στην
2310 5383 2518 5453 ἡμέραν
2563 5383 2702 5454 ὑπὲρ
2741 5383 2843 5454 γῆν
2891 5384 2983 5436 καὶ
3035 5382 3140 5435 ὑπὸ
3192 5383 3294 5453 γῆν
3351 5382 3443 5436 ἴσα
3484 5383 3694 5451 γίνεται

2131 5473 2315 5539 ζώδια,
2351 5473 2468 5537 πῶς
2491 5475 2591 5528 οὐκ
2623 5475 2733 5527 ἴσαι
2767 5475 2904 5527 εἰσὶν
2949 5476 3002 5527 αἱ
3039 5474 3242 5546 ἡμέραι
3280 5474 3532 5546 ἀλλήλαις
3570 5474 3690 5540 ἀεί;

2142 5565 2402 5636 Ἐροῦμεν
2434 5565 2542 5638 γὰρ
2567 5567 2691 5638 περὶ
2723 5567 2931 5632 τούτου,
2957 5569 3084 5622 ὅταν
3118 5567 3245 5639 περὶ
3272 5565 3531 5638 ἀνατολῆς
3566 5566 3696 5620 ἐκά-

2135 5674 2256 5711 στου
2292 5657 2478 5723 ζωδίου
2510 5658 2771 5730 λέγωμεν.
