4166 6408
433 502 538 561 969

1042 529 1046 537 λ
1136 498 1455 557 ACHILLIS
1492 497 1677 553 TATII
1709 496 2008 555 lSAGOGE
2046 495 2138 550 AD
2173 491 2386 550 ARATI
2427 492 2902 551 PIIENOMENA.

3577 498 3686 556 επ)

505 615 710 672 Τούτου
726 615 819 670 τοῦ
844 613 1044 670 κύκλου
1062 614 1156 670 τοῦ
1176 615 1440 681 ζωδιακοῦ
1454 615 1515 669 τδ
1537 615 1636 687 μέν
1670 614 2007 686 βορειότερον

2179 608 2401 664 Zodiaci
2430 609 2626 664 circuli
2668 623 2796 679 pars
2833 609 2946 674 illa,
2982 623 3102 680 qua
3133 607 3369 666 maxime
3406 611 3580 683 vergit
3613 611 3682 669 ad

440 707 604 779 μέρος
637 707 940 776 ἐφάπτεται
955 707 1049 761 τοῦ
1070 705 1283 780 θερινοῦ
1299 705 1561 778 τροπικοῦ
1593 707 1734 760 κατά
1753 707 1844 760 τὸν
1859 707 2010 779 Καρ-

435 800 605 864 κίνον,
626 799 687 852 τὸ
709 800 766 853 δὲ
792 798 1107 872 νοτιώτερον
1131 799 1226 853 τοῦ
1250 799 1558 872 χειμερινοῦ
1576 798 1836 870 τροπικοῦ
1870 799 2012 854 κατά

433 892 526 944 τὸν
555 891 927 964 Αίγοκέρωταο
975 891 1070 946 τοῦ
1098 891 1154 945 δέ
1192 891 1517 963 μεσαιτάτου
1563 891 1657 945 τοῦ
1693 890 2008 963 ίσημερινοῦ

391 1023 394 1032 .
435 983 578 1037 κατά
607 983 700 1037 δύο
727 984 890 1057 μέρη,
917 985 1010 1039 καὶ
1036 983 1132 1038 δύο
1161 983 1347 1051 ζώδια,
1371 985 1513 1039 κατᾶ
1531 1001 1589 1038 τε
1611 985 1780 1055 Κριὸν
1800 983 2010 1049 καὶτὰς

435 1074 646 1146 Χηλάς’
679 1078 775 1129 καὶ
811 1076 877 1148 δὴ
915 1076 1100 1148 τέμνει
1132 1074 1223 1130 τὸν
1261 1077 1592 1148 ἰσημερινὸν,
1630 1079 1724 1131 καὶ
1752 1077 2010 1148 τέμνεται

436 1165 528 1220 ὑπ’
557 1165 746 1220 αὑτοῦ.
787 1166 916 1220 Ὅτε
958 1168 1136 1222 τοίνυν
1178 1169 1271 1221 ἐπὶ
1303 1168 1724 1243 τάοβορειότερα
1761 1169 1870 1222 ἀπὸ
1901 1169 2011 1222 τῶν

436 1259 766 1330 νοτιωτέρων
786 1259 1012 1330 ὑψοῦται
1036 1263 1065 1314 6
1083 1260 1254 1333 ἥλιος,
1282 1262 1444 1334 μέχρι
1471 1263 1746 1336 Καρκίνου
1773 1263 2007 1332 γίνεται.

434 1349 528 1404 Διὸ
553 1351 646 1404 καὶ
678 1350 878 1422 θερμὸς
903 1353 1032 1424 ἡμῖν
1080 1355 1395 1418 ὑποπίπτει,
1447 1355 1542 1410 ἇτε
1588 1354 1817 1428 πλησίον
1847 1355 2010 1427 ἡμῶν

433 1439 530 1496 ὢν.
561 1441 846 1496 Ἐπέκεινα
875 1444 932 1496 δὲ
954 1445 1228 1515 Καρκίνου
1257 1446 1353 1518 οὐχ
1383 1447 1631 1518 ὑψοῦταιο
1663 1447 1799 1502 ἀλλὰ
1835 1461 2007 1519 προε-

438 1531 532 1586 ιὼν
573 1531 807 1587 ἐνταῦθα
846 1535 1104 1606 τρέπεται
1149 1539 1242 1592 ἐπὶ
1287 1537 1358 1592 τὰ
1410 1538 1581 1593 νότια’
1625 1541 1720 1594 καὶ¹
1761 1540 2008 1594 καλεῖται

432 1625 617 1698 θερινὴ
641 1626 818 1698 τροπὴ
842 1627 904 1681 τὸ
927 1630 985 1684 ἐν
1010 1628 1089 1700 τῷ
1112 1629 1370 1704 Καρκίνῳ
1398 1627 1531 1700 ὕψος
1554 1628 1648 1684 τοῦ
1679 1630 1852 1702 ἡλίου.
1885 1631 2011 1684 Βού-

431 1715 613 1769 λονται
651 1716 707 1770 δέ
753 1717 958 1788 τροπὴν
1003 1717 1163 1772 αὑτὸν
1210 1718 1479 1772 ποιεῖσθαι
1524 1719 1575 1771 οἱ
1620 1719 1724 1790 μὲν
1755 1717 1882 1790 περὶ
1909 1719 2010 1784 τὰς

432 1807 629 1878 ἀρχὰς,
665 1809 715 1860 oi
747 1808 805 1862 δὲ
835 1809 963 1881 περὶ
993 1810 1184 1881 ὀγδόην
1214 1813 1426 1882 μοῖραν,
1449 1813 1498 1864 οἱ
1526 1811 1583 1866 δὲ
1618 1813 1747 1885 περὶ
1774 1813 1860 1884 ιβ’,
1885 1806 2008 1867 οἶδὲ

430 1900 563 1970 περὶ
589 1906 647 1951 ιε’
668 1899 760 1952 τοῦ
785 1901 1082 1973 Καρκίνου.
1100 1901 1318 1956 Κατιὼν
1337 1903 1392 1956 δὲ
1411 1904 1504 1956 ἐπὶ
1525 1903 1595 1957 τὰ
1615 1904 1763 1958 νότια
1784 1906 1812 1958 6
1832 1904 2002 1977 ἥλιος,

433 1991 570 2044 ἐπὰν
614 1991 755 2045 κατὰ
788 1991 881 2046 τοῦ
925 1993 1240 2065 ίσημερινοῦ
1274 1994 1521 2066 γένηται,
1554 1995 1677 2050 τότε
1715 1998 2005 2069 ἰσημερίαν

433 2085 595 2139 ποιεῖ.
631 2084 782 2137 Ποιεῖ
803 2084 859 2138 δὲ
885 2084 1043 2139 τοῦτο
1064 2086 1144 2150 δὶς
1170 2086 1264 2140 τοῦ
1291 2088 1557 2141 ἐνιαυτοῦο
1591 2088 1775 2158 ἐπειδὴ
1803 2091 1897 2143 καὶ
1928 2089 2009 2153 δίς

433 2171 734 2240 ἐφάπτεται
754 2174 847 2227 τοῦ
874 2175 1208 2246 ίσημερινοῦ.
1227 2176 1387 2247 Καὶή
1415 2178 1513 2248 μὲν
1529 2178 1772 2233 καλεῖται
1793 2179 2004 2251 ἐαρινὴ,

428 2263 465 2334 ἡ
495 2263 550 2316 δέ
585 2266 925 2338 μετοπωρινὴ
959 2268 1236 2340 ἰσημερίαν
1265 2268 1454 2340 ἐαρινὴ
1493 2269 1591 2340 μὲν
1619 2272 1678 2324 ἐν
1707 2270 1880 2342 Κριῷ,
1916 2272 2006 2325 ὃτε

431 2354 732 2424 ἐφάπτεται
771 2354 866 2409 τοῦ
910 2356 1226 2429 ίσημερινοῦ
1264 2357 1488 2412 κύκλουο
1540 2360 1887 2432 μετοπωρινή
1928 2361 2005 2426 δὲ,

430 2446 519 2498 ὅτε
558 2447 765 2515 γίνεται
805 2449 863 2502 ἐν
905 2450 1144 2520 Χηλαῖς,
1195 2451 1356 2505 πάλιν
1387 2452 1762 2523 ἐφαπτόμενος
1793 2452 1888 2506 τοῦ
1925 2455 2007 2506 ἰσ-

428 2539 712 2609 ημερινοῦ.
753 2540 884 2594 Ἀπὸ
910 2541 966 2594 δὲ
987 2542 1181 2614 Χηλῶν
1208 2544 1418 2598 κάτεισι
1434 2544 1750 2616 νοτιώτερος
1779 2545 1884 2609 ἕως
1910 2547 2008 2598 Αί-

429 2628 752 2699 γοκέρωτος·
775 2631 896 2684 τότε
925 2631 982 2685 δέ
1013 2632 1310 2702 ἐφάπτεται
1344 2637 1373 2687 6
1395 2634 1659 2698 ζωδιακὸς
1690 2635 1783 2688 τοῦ
1819 2653 2008 2706 χειμε-

429 2718 582 2789 ρινοῦ
605 2721 889 2791 τροπικοῦ,
919 2723 1060 2776 καὶὸ
1084 2723 1234 2794 ἥλιος
1265 2725 1426 2778 πάλιν
1465 2725 1572 2778 ἀπὸ
1604 2725 1712 2778 τῶν
1737 2725 2009 2780 ταπεινῶν

430 2813 524 2867 ἐπὶ
541 2812 609 2866 τὰ
633 2814 940 2887 ὑψηλότερα
964 2815 1240 2888 τρέπεται·
1266 2819 1359 2870 καὶ
1384 2818 1631 2871 καλεῖται
1659 2818 1832 2889 τροπὴ
1856 2817 2008 2889 ἡλίου

429 2905 465 2974 ἡ
502 2903 609 2958 ἀπὸ
632 2907 1013 2978 ταπεινοτέρου
1041 2909 1132 2961 ἐπὶ
1156 2907 1217 2960 τὸ
1251 2907 1580 2981 ὑψηλότερον
1614 2909 1829 2980 πορεία.
1871 2910 2009 2962 Ποτὲ

429 2993 487 3047 δὲ
509 2994 797 3065 Αἰγύπτιοι
823 2997 930 3051 ἀπὸ
957 2999 1232 3070 Καρκίνου
1257 3001 1347 3053 ἐπὶ
1375 3001 1719 3071 Λίγοκέρωτα
1740 2999 1830 3053 τὸν
1853 3000 2008 3070 ἥλιον

432 3087 688 3140 κατιόντα
712 3087 966 3158 ὁρῶντες,
1006 3088 1102 3142 καὶ
1143 3091 1209 3142 ἐκ
1254 3089 1606 3158 μακροτέρων
1641 3087 2010 3159 σμικρύνοντα

422 3174 532 3240 τὰς
566 3177 800 3248 ἡμέρας,
832 3177 1112 3242 ἐπένθουν,
1153 3177 1540 3249 εὐλαϐούμενοι
1581 3177 1654 3248 μὴ
1689 3177 2008 3248 καταϐραχὺ

431 3268 705 3342 καταλίπῃ
731 3269 926 3333 αὐτοὺς
957 3272 986 3322 6
1016 3270 1185 3339 ἥλιος·
1218 3271 1313 3323 καὶ⁹
1342 3269 1486 3323 ἐστιν
1515 3271 1543 3322 6
1579 3268 1768 3340 καιρὸς
1795 3263 1948 3333 οὗτος
1979 3271 2010 3323 6

431 3364 564 3433 παρ’
587 3362 770 3425 αὐτοῖς
799 3360 904 3414 τῶν
933 3361 1281 3432 καλουμένων
1320 3363 1514 3416 Ἰσίων.
1565 3363 1717 3415 Ἐπεὶ
1753 3362 1811 3416 δὲ
1846 3363 2008 3416 πάλιν

428 3451 741 3506 ἀναϐαίνειν
777 3453 998 3524 ἤρξατο,
1043 3454 1137 3508 καὶ
1177 3455 1520 3527 μακροτέρας
1553 3457 1726 3508 ποιεῖν
1752 3455 1848 3519 τὰς
1872 3456 2009 3526 ἡμέ-

433 3559 550 3615 ρας,
588 3543 888 3614 τηνικαῦτα
921 3544 1437 3616 λευχειμονήσαντες
1469 3547 2005 3618 ἐστεφανηφόρησαν.

431 3628 596 3698 Οὗτος
630 3637 658 3689 6
687 3633 906 3700 κύκλος,
951 3637 1001 3690 εί
1031 3636 1326 3709 διαιρεθείη
1369 3639 1449 3701 είς
1483 3637 1624 3691 ὀκτὼ
1665 3637 1802 3710 μέρη
1828 3678 1844 3702 ,
1887 3637 2010 3691 τέσ·

422 3741 574 3796 ίσαρα
592 3727 689 3796 μὲν
704 3725 814 3792 ἔξει
838 3727 977 3799 ὑπὲρ
996 3728 1122 3799 γῆν,
1141 3728 1212 3782 τὰ
1229 3731 1286 3784 δὲ
1310 3729 1472 3803 ἔτερα
1491 3729 1734 3802 τέσσαρα
1755 3722 1860 3784 ὑπδ
1880 3731 2004 3802 γῆν.

435 3817 599 3872 Ὥστε
630 3820 743 3874 [σον
779 3819 890 3891 ἔχει
919 3820 1026 3874 ἀπὸ
1057 3822 1181 3894 γῆν,
1212 3823 1305 3876 καὶ
1331 3821 1444 3877 ἴσον
1479 3823 1616 3896 ὑπὲρ
1645 3827 1770 3896 γῆν.
1805 3823 2006 3892 Τὲμνει

431 3908 490 3964 δὲ
513 3910 606 3966 τὸν
635 3912 966 3984 ἰσημερινὸν,
994 3913 1088 3968 καὶ
1118 3915 1375 3987 τέμνεται
1401 3916 1491 3969 ὑπ’
1524 3915 1728 3984 αὐτοῦ.

844 4185 846 4187 γ
904 4112 1044 4183 Περὶ
1077 4113 1182 4168 τοῦ
1219 4114 1534 4183 γαλαξίου.

507 4202 584 4258 κδ’
591 4246 606 4261 .
649 4203 709 4259 '0
737 4203 793 4258 δὲ
820 4204 1086 4275 γαλαξίας
1119 4207 1333 4277 εῐρηται
1361 4206 1480 4278 μὲν,
1515 4206 1590 4270 ὡς
1621 4205 1768 4260 ἐστιν
1788 4205 2004 4279 ὁρατὸς,

429 4295 529 4349 καὶ
552 4294 710 4365 μόνος
729 4295 821 4350 ἐπὶ
838 4296 937 4367 τῆς
960 4295 1194 4368 σφαίρας
1213 4297 1488 4368 αἰσθητὸς,
1511 4298 1620 4352 τῶν
1643 4297 1818 4353 ἄλλων
1837 4299 2008 4352 ὄντων

432 4382 657 4452 νοητῶν.
699 4383 833 4457 Περὶ¹
869 4384 928 4438 δὲ
966 4383 1155 4438 τούτου
1200 4386 1365 4457 φησὶν
1411 4387 1802 4459 Ἐρατοσθένης
1841 4388 1899 4441 ἐν
1931 4385 2009 4458 τῷ

411 4473 856 4543 Καταμερισμῷ
921 4473 1292 4549 μυθικώτερον
1343 4475 1435 4528 τὸν
1483 4475 1746 4544 γαλαξίαν
1808 4475 2010 4530 κύκλον

429 4564 708 4634 γεγονέναι
729 4567 794 4620 ἐκ
819 4567 911 4620 τοῦ
938 4568 1038 4639 τῆς
1063 4569 1240 4639 ’Ἥρας
1262 4568 1548 4636 γάλακτος.
1574 4567 1680 4621 Τοῦ
1702 4567 1814 4640 γὰρ
1845 4569 2009 4640 Ἦρα-

427 4657 618 4720 κλέους
646 4657 725 4711 ἐτι
753 4658 985 4730 βρέφους
1012 4660 1182 4723 ὄντος,
1215 4663 1309 4713 καὶ
1336 4661 1426 4714 τὸν
1449 4661 1654 4732 μαστὸν
1687 4661 1788 4732 τῆς
1821 4662 2004 4733 Ἥρας

427 4748 869 4821 ἐπισπασαμένου
898 4752 1274 4824 σφοδρότερον,
1294 4752 1508 4823 ἐκείνην
1529 4753 1878 4809 ἀντισπάσαι·
1907 4755 2006 4809 καί⁸

424 4838 489 4894 ού
503 4859 570 4894 ’ω
619 4842 1000 4914 περιχυθέντος
1035 4841 1128 4896 τοῦ
1167 4843 1459 4912 γάλακτος,
1489 4843 1690 4898 κύκλον
1727 4845 2003 4914 γενέσθαι,

427 4932 714 5001 παγέντος.
750 4933 822 4986 Τὸ
850 4933 906 4987 δὲ
945 4935 1075 4988 αὐτὸ
1115 4935 1210 4989 καὶ
1252 4936 1344 4988 ἐπὶ
1371 4934 1467 4988 τοῦ
1505 4935 1708 5008 Ἑρμοῦ
1741 4935 1888 5005 λέγει
1916 4953 2008 5006 γε-

426 5025 686 5095 γενῆσθαι
728 5026 1141 5098 Ἐρατοσθένης,
1187 5027 1262 5091 ὡς
1297 5028 1408 5100 ἄρα
1452 5029 1482 5081 6
1527 5027 1737 5100 Ἐρμῆς
1775 5028 1870 5083 τοῦ
1905 5048 2008 5101 μα-

427 5116 554 5170 στοῦ
582 5118 682 5188 τῆς
713 5117 891 5190 ’Ἥρας
924 5118 1220 5175 ἐσπάσατο.
1262 5119 1443 5174 Ἀλλοι
1466 5119 1523 5174 δὲ
1561 5123 1625 5175 ἐκ
1662 5121 1763 5191 τῆς
1803 5119 2007 5190 συμϐο-

424 5209 522 5280 λῆς
556 5207 664 5262 τῶν
694 5207 788 5262 δύο
828 5210 1201 5284 ἡμισφαιρίων
1245 5211 1461 5282 λέγουσι
1500 5212 1661 5267 αὐτὸν
1698 5213 2001 5282 γεγονέναι.

427 5296 644 5372 Ἐτεροι
681 5300 739 5353 δέ
772 5317 954 5370 φασιν,
993 5295 1067 5357 ὧν
1097 5303 1214 5356 ἐστι
1240 5305 1338 5357 καὶ
1363 5304 1666 5376 Οίνωπίδης
1686 5305 1714 5358 6
1737 5306 1888 5370 Χῖος,
1922 5306 2006 5358 ὅτι

425 5393 690 5465 πρότερον
731 5393 872 5449 κατά
899 5394 1090 5450 τούτου
1137 5396 1362 5468 ἐφέρετο
1406 5399 1436 5450 6
1480 5396 1652 5468 ἥλιος,
1699 5397 1790 5452 διὰ
1835 5395 1894 5450 δέ
1935 5396 2006 5450 τὰ

424 5485 687 5540 Θυέστεια
717 5487 906 5542 δεῖπνα
933 5489 1277 5562 ἀπεστράφη,
1309 5491 1403 5543 καὶ
1429 5489 1526 5561 τὴν
1558 5489 1807 5544 ἐναντίαν
1831 5489 2006 5560 τούτῳ

427 5576 719 5648 πεποίηται
744 5579 1070 5651 περιφορὰν,
1096 5580 1163 5650 ἣν
1189 5579 1284 5633 νῦν
1311 5580 1639 5652 περιγράφει
1669 5581 1696 5632 6
1721 5580 2003 5645 ζωδιακὸς.

431 5667 584 5721 Ἐστι
611 5669 671 5723 δέ
700 5670 944 5741 μυθῶδες
980 5670 1138 5725 τοῦτο
1173 5673 1269 5726 καὶ
1305 5672 1519 5742 ψεῦδος.
1555 5672 1618 5725 Τί
1645 5672 1756 5744 γὰρ
1784 5671 2005 5744 ἐροῦσιν

423 5759 475 5810 οἱ
503 5758 673 5814 ταῦτα
705 5761 953 5830 λέγοντες
992 5762 1120 5834 περὶ
1152 5764 1251 5834 τῆς
1289 5763 1520 5836 σελήνης
1559 5765 1652 5817 καὶ
1691 5763 1797 5816 τῶν
1836 5761 2002 5815 πέντε

427 5849 704 5920 ἀστέρων;
741 5853 816 5905 Ού
844 5853 952 5924 γὰρ
988 5853 1052 5925 δὴ
1079 5855 1175 5908 καὶ
1205 5848 1350 5906 οὗτοι
1381 5855 1470 5908 διὰ
1501 5856 1570 5909 τὰ
1597 5855 1859 5909 Θυέστεια
1893 5853 2002 5905 δεῖ-

427 5957 534 5995 πνα
563 5945 1010 6018 ἀπεστράφησαν.
1050 5947 1232 6000 ’Δλλοι
1272 5948 1329 6001 δὲ
1368 5951 1430 6001 ἐκ
1467 5948 1676 6020 μικρῶν
1709 5949 1871 6013 πάνυ,
1904 5948 2000 6002 καὶ

748 6042 1022 6103 Parnm.
1059 6042 1175 6103 Gn.
1216 6043 1390 6103 XIX.

2112 701 2439 771 aquilonem,
2476 701 2744 771 tropicum
2773 700 3026 756 aestivum
3047 701 3317 772 contingit
3343 701 3401 756 in
3429 700 3682 771 Cancro;

2110 809 2232 864 quae
2257 809 2386 850 vero
2409 793 2644 849 maxime
2671 804 2754 850 est
2785 794 3065 860 australis,
3097 794 3389 852 hibernum
3409 797 3683 868 tropicum

2111 886 2285 957 tangit
2323 885 2377 940 in
2410 884 2789 956 Capricorno;
2816 886 3056 941 medium
3086 887 3372 942 amborum
3417 888 3685 944 circulum

2110 976 2545 1047 aequinoctialem
2585 977 2641 1031 in
2678 977 2893 1033 duabus
2930 979 3198 1049 partibus,
3241 993 3305 1034 ac
3341 978 3513 1052 signis
3543 981 3684 1036 duo-

2110 1069 2236 1132 bus,
2259 1068 2443 1124 Ariete
2463 1083 2529 1124 ac
2561 1067 2744 1124 Libra.
2770 1069 2942 1136 Quem
2968 1070 3218 1126 eumdem
3257 1070 3524 1126 circulum
3547 1072 3690 1128 bifa-

2111 1159 2249 1213 riam
2275 1166 2446 1222 secat,
2477 1168 2532 1213 et
2551 1159 2798 1216 vicissim
2827 1160 2896 1214 ab
2919 1175 2986 1216 eo
3012 1168 3248 1216 secatur.
3274 1158 3444 1232 Igitur
3463 1163 3686 1232 quando

2109 1251 2193 1306 sol
2217 1251 2293 1306 ab
2324 1251 2655 1309 australibus
2685 1252 2933 1323 partibus
2953 1252 3492 1310 recedensboreales
3522 1266 3684 1312 scan-

2109 1343 2210 1408 dit,
2255 1342 2324 1399 ad
2369 1343 2640 1404 Cancrum
2688 1359 2862 1415 usque
2908 1345 3174 1416 pervenit.
3207 1344 3502 1417 Propterea
3536 1353 3684 1400 tunc

2112 1436 2272 1493 nobis
2309 1437 2588 1494 ardentior
2617 1437 2837 1503 accidit,
2874 1444 3061 1508 utpote
3104 1439 3485 1510 propinquior.
3525 1437 3683 1494 Ultra

2109 1527 2382 1585 Cancrum
2433 1545 2544 1586 non
2573 1530 2877 1597 attollitur;
2915 1527 3012 1586 sed
3055 1545 3122 1586 eo
3150 1545 3277 1586 cum
3315 1530 3572 1596 accessit,
3614 1530 3684 1586 ad

2110 1628 2358 1676 austrum
2398 1619 2736 1687 reﬂectitur;
2772 1621 3184 1692 appellaturque
3216 1621 3504 1678 conversio
3553 1622 3683 1676 alti-

2109 1710 2243 1765 tudo
2265 1712 2355 1767 illa
2380 1712 2512 1768 solis
2538 1712 2595 1766 in
2615 1711 2848 1768 Cancro.
2878 1711 3028 1768 lianc
3049 1727 3215 1784 porro
3240 1715 3682 1780 conversionem,

2111 1803 2226 1857 sive
2253 1804 2546 1858 solstitium
2572 1804 2662 1858 alii
2693 1803 2850 1858 initio
2872 1802 3070 1860 Cancri
3105 1804 3222 1860 ﬁeri
3247 1805 3468 1874 volunt;
3503 1805 3594 1860 alii
3625 1805 3684 1860 in
3767 1859 3778 1867 ,

2109 1903 2299 1950 octava
2334 1906 2526 1965 parte;
2559 1897 2653 1951 alii
2674 1895 2824 1951 circa
2851 1893 3262 1965 duodecimam;
3290 1897 3384 1952 alii
3411 1897 3556 1952 circa
3585 1898 3684 1952 de-

2109 1986 2305 2041 cimam
2333 1987 2606 2057 quintam.
2632 1987 2761 2043 lnde
2784 1989 2868 2044 sol
2891 1989 2947 2044 in
2979 1999 3226 2043 austrum
3251 1989 3529 2059 delapsus,
3553 2001 3680 2042 cum

2108 2079 2548 2148 aequinoctialem
2570 2080 2770 2151 attigit,
2801 2080 3190 2152 aequinoctium
3212 2078 3381 2146 facit;
3406 2080 3568 2150 idque
3596 2078 3683 2134 bis

2109 2172 2426 2240 quotannis,
2463 2172 2626 2228 toties
2656 2173 2800 2227 enim
2831 2172 3268 2244 aequinoctialem
3294 2173 3533 2244 attingit.
3567 2170 3682 2226 Ho-

2108 2276 2230 2316 rum
2272 2263 2504 2317 alterum
2554 2264 2942 2334 aequinoctium
2995 2277 3263 2330 vernum;
3307 2264 3540 2318 alterum
3579 2276 3686 2326 au-

2109 2357 2352 2411 tumnale
2409 2355 2628 2411 dicitur.
2670 2355 2912 2413 Vernum
2952 2356 3012 2410 ﬁt
3053 2356 3108 2411 in
3138 2357 3346 2422 Ariete,
3385 2356 3477 2412 ubi
3505 2354 3687 2410 circu-

2109 2448 2221 2501 lum
2243 2447 2677 2518 aequinoctialem
2703 2449 2899 2519 tangit.
2927 2448 3259 2504 Autumnale
3285 2449 3343 2504 in
3373 2446 3565 2514 Libra;
3589 2447 3686 2503 ubi

2110 2554 2303 2594 rursus
2327 2539 2577 2595 eumdem
2613 2541 2881 2595 circulum
2908 2539 3143 2610 attingit.
3167 2539 3213 2593 A
3239 2538 3403 2594 Libra
3424 2538 3685 2609 deinceps

2110 2631 2168 2685 in
2194 2639 2444 2686 austrum
2492 2631 2666 2701 magis
2695 2645 2759 2685 ac
2802 2630 2974 2700 magis
3020 2630 3249 2696 recedit,
3287 2629 3536 2700 adusque
3579 2629 3686 2685 Ca-

2111 2723 2448 2794 pricornum,
2483 2722 2577 2776 ubi
2629 2723 2889 2780 zodiacus
2929 2725 3198 2793 tropicum
3243 2721 3531 2777 hibernum
3555 2735 3687 2776 cono
3769 2755 3772 2758 ~

2112 2812 2271 2883 tingit
2303 2830 2316 2867 :
2361 2826 2428 2866 ac
2460 2812 2542 2866 sol
2583 2827 2778 2868 rursus
2802 2827 2832 2864 a
2861 2811 3248 2882 dejectioribus
3289 2811 3480 2870 mundi
3515 2809 3688 2881 parti-

2110 2902 2212 2956 bus
2242 2901 2308 2956 ad
2333 2901 2554 2956 altiores
2579 2903 2934 2956 convertitur.
2965 2901 3095 2967 Quae.
3121 2901 3340 2972 quidem
3370 2901 3439 2956 ab
3465 2901 3689 2956 inferio-

2111 2993 2260 3048 ribus
2295 2993 2364 3047 ad
2400 2993 2571 3047 ardua
2590 2993 2868 3063 migratio,
2904 2994 3038 3049 solis
3069 2993 3359 3048 conversio
3393 2992 3504 3047 dici
3525 2993 3684 3048 solet.

2110 3083 2352 3156 Egyptii
2382 3085 2658 3155 Quondam
2686 3088 2856 3140 solem
2894 3084 3144 3140 videntes
3177 3099 3208 3137 a
3241 3083 3455 3138 Cancro
3481 3083 3549 3138 ad
3581 3083 3690 3138 Ca-

2110 3177 2427 3246 pricornum
2459 3175 2815 3241 descendere,
2843 3192 2908 3231 ac
2949 3177 3224 3248 longiores
3270 3177 3688 3232 contrahentem

2111 3267 2251 3331 dies.
2301 3269 2484 3338 lugere
2525 3277 2948 3333 consueverant,
2996 3268 3150 3324 veriti
3191 3284 3258 3324 ne
3296 3269 3558 3339 paulatim
3605 3270 3690 3326 sol

2111 3377 2205 3417 eos
2227 3361 2580 3430 relinqueret.
2607 3359 2763 3426 Quod
2798 3368 3012 3428 tempus
3059 3359 3336 3416 incidebat
3365 3362 3421 3415 in
3453 3359 3688 3417 lsiorum

2111 3451 2329 3522 festum.
2372 3450 2546 3506 Simul
2576 3460 2739 3520 atque
2776 3465 2906 3506 vero
2932 3450 3303 3507 conscendere
3330 3462 3590 3522 cmperat,
3622 3466 3690 3507 ac

2110 3541 2321 3598 dierum
2352 3543 2525 3612 spatia
2565 3544 2904 3613 producere;
2935 3548 3066 3596 tunc
3097 3542 3288 3608 albati,
3330 3545 3688 3614 coronatique

2109 3633 2420 3705 prodibant.
2452 3631 2739 3689 Postremo
2774 3633 3019 3688 circulus
3050 3633 3154 3689 iste
3177 3633 3224 3688 si
3258 3634 3314 3688 in
3349 3642 3476 3688 octo
3503 3645 3688 3704 partes

2110 3726 2402 3792 tribuatur,
2437 3725 2632 3780 harum
2664 3741 2832 3796 supra
2857 3733 3064 3782 terram
3107 3734 3344 3797 quatuor
3367 3736 3684 3798 emergent;

2112 3818 2337 3888 reliqua:
2363 3818 2505 3872 infra
2541 3826 2742 3874 terram
2773 3825 3011 3889 quatuor
3047 3829 3208 3874 erunt
3235 3820 3482 3874 occultae.
3512 3819 3590 3874 Ita
3618 3835 3686 3874 ex

2107 3928 2264 3983 aequo
2295 3929 2480 3984 supra,
2514 3911 2768 3984 infraque
2798 3922 3000 3968 terram
3042 3927 3166 3969 sese
3195 3913 3463 3969 continet.
3489 3911 3690 3984 Equi-

2108 4005 2397 4060 noctialem
2430 4013 2610 4059 autem
2634 4011 2803 4069 secat,
2837 4013 2893 4059 et
2921 4004 2989 4059 ab
3018 4019 3084 4060 eo
3109 4003 3352 4060 vicissim
3377 4013 3615 4062 secatur.

2629 4118 2704 4172 De
2734 4118 2902 4173 lacteo
2943 4119 3141 4172 circulo

2178 4209 2268 4268 24.
2297 4208 2555 4266 Lacteum
2596 4210 2863 4266 circulum
2899 4211 3074 4264 solum
3100 4225 3170 4264 ex
3201 4209 3478 4273 omnibus,
3498 4209 3598 4280 qui
3631 4209 3688 4275 in

2110 4302 2322 4373 sphaera
2359 4311 2509 4366 sunt,
2561 4302 2948 4373 aspectabilcm
2991 4315 3134 4366 esse,
3169 4315 3238 4355 ac
3265 4316 3432 4356 sensu
3481 4303 3691 4373 percipi

2105 4395 2219 4465 jam
2263 4395 2538 4462 diximus;
2584 4409 2710 4449 cum
2767 4395 2950 4450 caeteri
2996 4388 3113 4450 sola
3145 4393 3509 4464 intelligentia
3555 4408 3690 4449 con-

2111 4493 2276 4543 stent.
2327 4486 2404 4542 De
2443 4487 2550 4541 hoc
2583 4485 2862 4540 fabulatur
2906 4484 3297 4540 Eratosthenes
3331 4484 3387 4538 in
3422 4498 3488 4539 eo
3523 4484 3688 4550 libro,

2110 4579 2205 4648 qui
2236 4578 2702 4648 Καταμερισμός,
2741 4577 2796 4631 id
2833 4586 2917 4631 est
2943 4574 3196 4640 Partitio,
3231 4576 3530 4646 inscriptus
3572 4587 3688 4643 est;

2113 4681 2180 4722 ex
2206 4665 2439 4720 lunonis
2470 4667 2612 4720 lacte
2641 4673 2826 4720 ortum
2871 4665 3154 4720 habuisse.
3178 4661 3314 4718 Nam
3345 4679 3470 4720 cum
3503 4663 3690 4720 infans

2109 4758 2288 4813 adhuc
2315 4757 2578 4814 Hercules
2613 4755 2846 4813 Junonis
2884 4756 3144 4827 papillam
3173 4755 3553 4812 vehementius
3591 4770 3688 4811 ex-

2109 4858 2367 4921 sugeret;
2420 4865 2652 4921 eamque
2689 4859 2881 4906 contra
2913 4849 3005 4903 illa
3057 4848 3406 4934 retraxisset:
3448 4846 3684 4904 eil‘usum

2109 4958 2233 4997 esse
2262 4943 2367 5008 lac,
2399 4949 2454 4996 et
2480 4943 2592 5014 86
2629 4958 2695 4998 eo
2724 4950 3116 4998 concrescente
3144 4942 3412 4996 circulum
3436 4956 3563 4998 esse
3601 4940 3684 4994 fa-

2108 5040 2290 5098 ctum;
2323 5032 2469 5102 quod
2500 5033 2680 5102 ipsum
2708 5039 2764 5088 et
2784 5030 3055 5086 Mercurio
3087 5030 3387 5102 contigisse
3405 5029 3684 5086 memoriae

2105 5121 2290 5194 prodit
2347 5121 2759 5186 Eratosthenes,
2796 5129 2859 5176 ut
2895 5119 3128 5179 lunonis
3167 5135 3462 5176 mammam
3499 5121 3684 5176 trahe-

2109 5222 2211 5270 ret.
2246 5214 2353 5268 Alii
2382 5230 2449 5269 ex
2489 5213 2996 5284 hemisphaeriorum
3041 5215 3277 5270 duorum
3317 5213 3682 5269 commissura

2109 5307 2225 5362 ﬁeri
2257 5313 2503 5362 censent.
2537 5304 2664 5373 Alii,
2695 5313 2755 5361 ut
2781 5306 3095 5378 (Enopides
3122 5306 3313 5371 Chius,
3341 5313 3679 5371 asseverant,

2108 5400 2279 5456 solem
2307 5408 2467 5455 antea
2505 5400 2607 5455 iter
2644 5399 2770 5454 illac
2801 5399 3024 5465 fecisse,
3055 5401 3230 5456 donec
3260 5407 3482 5469 propter
3501 5397 3681 5470 Thye-

2108 5499 2256 5548 steas
2286 5491 2476 5561 epulas
2512 5505 2762 5555 aversus,
2802 5491 3139 5546 contrariam
3166 5491 3307 5546 viam
3346 5489 3514 5561 cmpit
3544 5489 3683 5546 insi-

2109 5589 2274 5647 stere,
2305 5595 2469 5652 quam
2503 5581 2761 5636 zodiacus
2793 5581 2956 5636 modo
2996 5580 3279 5636 describit.
3312 5577 3417 5635 Sed
3451 5580 3565 5634 haec
3583 5579 3682 5650 λία-

2107 5673 2302 5729 bulosa
2350 5679 2498 5728 sunt.
2533 5671 2670 5726 Nam
2710 5673 2845 5743 quid
2873 5673 3058 5728 dicent
3098 5672 3192 5742 qui
3219 5673 3295 5726 ita
3335 5671 3578 5726 sentiunt
3612 5671 3682 5728 de

2105 5765 2259 5833 luna,
2291 5773 2344 5820 et
2368 5764 2611 5835 quinque
2637 5765 2896 5835 reliquis?
2925 5763 3046 5830 Non
3092 5764 3238 5818 enim
3279 5763 3350 5818 ob
3380 5761 3682 5834 Thyesteas

2107 5854 2275 5924 dapes
2301 5855 2463 5908 etiam
2495 5854 2586 5910 isti
2631 5869 2754 5909 sese
2783 5853 3131 5910 rcﬂexerunt.
3167 5852 3306 5906 Sunt
3338 5853 3430 5922 qui
3464 5853 3681 5923 perexi-

2108 5947 2230 6018 guis
2284 5963 2347 6003 ac
2388 5947 2598 6003 crebris
2629 5962 2657 6002 e
2687 5947 2884 6012 stellis,
2917 5962 3036 6017 quae
3067 5947 3139 6001 ob
3184 5945 3307 6000 cmli
3341 5959 3371 5996 a
3418 5956 3559 5998 terra
3597 5943 3681 5998 di-

3323 6038 3394 6097 31
