4166 6408
408 509 413 515 -
481 477 581 534 971

1514 465 1606 520 AD
1635 461 1904 520 EUSEBll
1944 462 2341 522 CHRONlCON
2379 459 2743 518 APPENDIX.

3636 454 3748 513 972

484 596 743 655 stantiam
778 593 1087 650 coalescere
1108 587 1379 650 videntur,
1412 584 1722 642 confectum
1758 585 1911 641 illum
1940 586 2058 642 exi-

2189 585 2632 657 τεπυκνωμένων,
2660 584 2755 636 καλ⁵
2785 583 2916 653 ἡμῖν
2945 578 3244 633 δοκούντων
3276 575 3537 649 ἡνῶσθαι,
3572 576 3660 631 διὰ
3685 576 3749 631 τὺ

428 704 458 763 t;
485 690 710 747 stimant
730 704 745 743 :
766 687 914 743 velut
937 683 985 740 si
1006 683 1130 754 quis
1148 680 1379 737 minutis
1406 679 1727 750 crebrisque
1749 681 1880 736 salis
1905 680 2064 735 micis

2189 677 2445 747 ἰιάστημα
2471 675 2531 728 τὸ
2560 673 2669 727 ἀπὸ
2702 672 2794 726 τοῦ
2829 669 3062 743 ούρανοῦ
3092 671 3184 723 έπὶ
3212 669 3312 740 τὴν
3340 668 3467 738 γῆν,
3501 667 3749 741 ἀστέρων

440 760 455 784 ”
488 779 695 851 aliquid
728 779 1026 848 inspergat.
1055 774 1161 829 Sed
1190 772 1378 828 nescio
1402 787 1472 826 an
1495 786 1605 826 non
1633 773 1704 827 sit
1724 771 2065 842 probabilius

2189 768 2334 822 ιύτὸν
2363 762 2504 822 εἶναι
2546 782 2727 836 φασιν·
2757 766 2833 828 ὡς
2856 764 3010 827 εἴτις
3033 762 3157 817 ἁλσὶ
3180 761 3398 825 λεπτοῖς
3422 778 3483 813 τε
3504 761 3598 815 καὶ
3621 760 3752 815 πολ-

489 874 662 939 dictu,
689 886 758 927 ex
790 868 1030 925 nubibus
1081 882 1206 924 eum
1241 863 1470 922 conﬂari
1521 864 1637 920 sive
1674 863 2064 919 condensatio-

489 980 617 1022 nem
663 963 807 1018 aeris
844 974 969 1017 esse
1007 959 1392 1030 pellucentem,
1436 971 1557 1027 quae
1600 955 1792 1010 circuli
1833 958 2069 1025 speciem

489 1057 676 1112 liabet.
708 1040 885 1127 Hujus
912 1067 1047 1108 sane
1072 1052 1318 1107 meminit
1342 1050 1545 1106 Aratus
1578 1050 1665 1106 bis
1688 1048 1872 1104 verbis
1903 1066 1915 1101 :

493 1257 641 1315 Illud
669 1258 892 1328 insigne,
925 1254 1233 1319 rotundum,
1265 1253 1348 1307 lac
1386 1252 1556 1321 ipsum
1594 1250 1890 1305 nominant.

561 1352 673 1406 Lac
732 1349 879 1405 enim
931 1347 1054 1403 ideo
1095 1353 1316 1410 vocant,
1360 1343 1507 1415 quod
1555 1341 1844 1412 γαλαξίου,
1882 1339 1938 1395 id
1986 1347 2074 1396 est

500 1462 520 1494 ι
551 1443 732 1509 lactei,
760 1461 780 1494 ι
811 1454 1011 1495 nomen
1038 1452 1233 1492 versus
1262 1437 1402 1491 ratio
1442 1450 1550 1491 nou
1591 1434 1920 1488 admitteret.
1958 1429 2075 1485 Cte-

2170 863 2282 926 λοῖς
2325 859 2660 915 καταπάσειέ
2707 875 2781 912 τι.
2829 858 3059 928 Μήποτε
3106 856 3289 927 μέντοι
3334 856 3555 925 ἄμεινον
3588 854 3752 909 αὐτὸν

2171 953 2349 1023 λέγειν
2387 953 2451 1005 ὲκ
2481 950 2680 1019 νεφῶν,
2718 948 2752 1019 ἢ
2784 947 2996 1018 πίλημά
3041 963 3095 999 τι
3135 944 3296 1017 ἀέρος
3334 944 3552 1013 διαυγὲς
3586 939 3750 1009 εἶναι,

2174 1045 2372 1102 κύκλου
2408 1044 2593 1115 σχῆμα
2620 1042 2758 1113 έχον.
2794 1040 3083 1112 Μέμνηται
3114 1038 3170 1092 δὲ
3194 1038 3359 1092 αὑτοῦ
3389 1038 3483 1092 καὶ
3520 1039 3753 1109 Ἄρατος

2171 1138 2237 1193 δι’
2262 1132 2337 1192 ὧν
2359 1153 2544 1210 φησιν·

2174 1255 2349 1310 Κεῖνο
2374 1253 2764 1323 περίτληνον,
2794 1250 3114 1320 τροχαλὸν,
3141 1246 3301 1318 τάλα
3317 1261 3425 1315 μιν
3441 1242 3752 1298 καλέουσι.

2244 1345 2392 1399 Γάλα
2414 1344 2524 1417 γὰρ
2554 1343 2718 1398 αὐτὸν
2742 1342 3015 1413 ὠνόμασε,
3038 1338 3128 1393 διὰ
3150 1339 3211 1392 τὸ
3236 1338 3311 1409 μὴ
3339 1334 3597 1390 δύνασθαι
3625 1333 3757 1388 αὐτὸ

2177 1436 2457 1508 ἐντεθῆναι
2490 1437 2570 1499 εἰς
2607 1434 2739 1498 ἔπος
2784 1432 2879 1487 τοῦ
2920 1430 3177 1501 γαλαξίου
3206 1429 3268 1483 τὸ
3296 1428 3487 1499 ὄνομα.
3523 1426 3755 1495 Λέγεται

494 1544 675 1590 terum
704 1547 735 1584 a
772 1528 1013 1585 candore
1056 1528 1215 1583 lactis
1256 1527 1333 1581 ita
1392 1531 1759 1593 nuncupatur.
1795 1520 1893 1578 Est
1927 1521 2074 1577 enim

2189 1530 2233 1583 se
2278 1529 2387 1583 ἀπὸ
2430 1528 2530 1599 τῆς
2578 1528 2769 1599 χροιᾶς
2807 1523 2902 1578 τοῦ
2931 1523 3200 1593 γάλακτος
3224 1522 3386 1576 οὕτω·
3423 1519 3614 1581 λευκὸς
3645 1518 3758 1587 γὰρ

493 1626 766 1683 candidus
805 1630 861 1679 et
901 1632 1274 1692 transparens.
1315 1618 1421 1686 Qui
1458 1617 1748 1688 sphaeram,
1795 1623 1851 1669 et
1888 1613 2076 1669 zodia-

497 1733 625 1773 cum
659 1717 951 1780 circulum,
991 1722 1046 1769 et
1086 1710 1523 1783 aequinoctialem
1570 1706 1820 1763 bifariam
1839 1704 2073 1770 'dividit,

496 1812 568 1869 ab
596 1811 773 1882 iisque
802 1814 995 1863 mutuo
1033 1805 1316 1869 dividitur,
1346 1818 1472 1857 cum
1501 1801 1571 1856 sit
1593 1800 1838 1870 aequalis.

838 1917 917 1972 De
943 1918 1169 1989 quinque
1192 1913 1467 1985 parallelis
1502 1910 1737 1966 circulis.

566 2012 661 2070 25.
690 2011 944 2081 Quinque
969 2015 1097 2063 sunt
1118 2006 1363 2077 paralleli
1395 2005 1587 2060 circuli
1623 2023 1635 2058 :
1682 2003 1941 2070 arcticus,
1981 2002 2074 2073 qui

501 2108 568 2160 ad
607 2104 916 2175 aquilonem
958 2101 1185 2173 propius
1229 2098 1471 2165 accedit,
1516 2095 1688 2152 Ursas
1722 2095 1866 2150 intra
1921 2110 1981 2150 se
2022 2100 2078 2149 et

499 2197 805 2253 Draconem
824 2195 1141 2262 continens;
1160 2193 1278 2249 etei
1297 2191 1584 2262 oppositus
1604 2188 1888 2252 australis,
1910 2203 2078 2258 quem

502 2273 867 2343 antarcticum
914 2293 1135 2341 vocant.
1185 2283 1453 2358 Tropicus
1484 2281 1711 2337 aestivus
1752 2288 1877 2351 post
1917 2281 2082 2335 arcti-

501 2395 663 2447 cum;
690 2379 957 2435 hibernus
987 2378 1236 2449 tropicus
1266 2384 1392 2449 post
1422 2375 1807 2431 antarcticum.
1843 2375 2082 2442 Quintus

503 2468 701 2523 horum
730 2469 974 2523 omnium
1012 2466 1227 2523 medius
1267 2477 1353 2522 est
1384 2466 1805 2537 aequinoctialis,
1847 2467 1965 2536 pari
1999 2467 2084 2520 in-

498 2560 731 2615 tervallo
767 2560 979 2615 distans
1010 2559 1080 2614 ab
1130 2558 1320 2614 aestivo
1358 2558 1694 2628 hibernoque
1722 2559 1955 2628 tropico.
1990 2557 2086 2613 Est

503 2660 686 2707 autem
732 2653 972 2706 arcticus
1014 2650 1367 2705 minimarum
1397 2666 1562 2717 unus,
1595 2651 1686 2721 qui
1724 2651 1871 2706 circa
1902 2652 2083 2720 polum

508 2744 774 2815 descripti
797 2752 948 2808 sunt,
973 2744 1210 2800 medium
1234 2745 1434 2815 ipsum.
1464 2744 1614 2799 velut
1635 2755 1906 2810 centrum,
1935 2759 2086 2798 com-

504 2838 770 2909 plectens,
793 2837 887 2908 qui
917 2837 1158 2892 arcticus
1184 2844 1407 2907 propter
1439 2834 1631 2900 Ursas,
1664 2852 1800 2907 quas
1830 2851 2084 2906 compre-

2178 1624 2273 1679 καὶ
2308 1622 2534 1693 διαυγὴς
2577 1620 2847 1690 φαίνεται,
2887 1618 3087 1687 Τέμνει
3117 1615 3176 1669 δὲ
3204 1615 3328 1685 δίχα
3367 1612 3465 1684 τὴν
3498 1613 3755 1681 σφαῖραν,

2179 1717 2275 1771 καὶ
2302 1716 2392 1769 τὸν
2422 1713 2686 1779 ζωδιακὸν
2712 1711 2931 1774 κύκλον,
2958 1710 3052 1762 καὶ
3083 1706 3413 1779 ίσημερινόψ
3443 1704 3538 1758 καὶ
3561 1702 3757 1772 τέμνε-

2178 1826 2268 1862 ται
2303 1809 2395 1862 ὑπ’
2426 1805 2625 1870 αὐτῶν,
2662 1805 2778 1867 ἴσος
2808 1804 2989 1866 αὐτοῖς
3020 1799 3113 1854 ὢν.

2485 1918 2627 1987 Περὶ
2660 1916 2777 1971 τῶν
2806 1915 2986 1970 πέντε
3018 1911 3447 1983 παραλλήλων.

2246 2017 2348 2067 κε’.
2383 2012 2445 2064 Οἱ
2469 2010 2525 2063 δὲ
2552 2005 2886 2079 παράλληλοί
2908 2007 3013 2058 εἱσι
3039 2005 3219 2070 πέντε,
3242 2000 3523 2074 ἀρκτικὸς,
3551 1996 3613 2064 ὅς
3646 2001 3761 2054 ἐστι

2179 2107 2535 2179 βορειότερος,
2571 2101 2722 2164 έντὸς
2746 2100 2884 2171 ἔχων
2917 2098 3016 2163 τάς
3049 2099 3319 2170 ’Λρκτους
3376 2096 3471 2149 καὶ
3498 2094 3590 2147 τὸν
3622 2093 3763 2165 Δρά-

2179 2212 2363 2251 κοντα⁸
2404 2195 2500 2248 καὶ
2531 2196 2560 2247 6
2584 2193 2758 2263 τούτῳ
2790 2188 3162 2259 ἀντικείμενος
3190 2186 3382 2249 νότιος,
3418 2185 3447 2236 6
3471 2184 3764 2255 ἀνταρκτι-

2178 2292 2275 2354 κὸς
2309 2288 2659 2359 καλούμενος·
2694 2286 2726 2337 6
2756 2281 2897 2356 [καὶ]
2941 2280 3149 2353 θερινὸς
3188 2279 3448 2352 τροπικὺς
3489 2275 3630 2348 μετά
3670 2274 3767 2328 τὸν

2182 2376 2462 2447 ἁρκτικόν·
2497 2377 2591 2429 καὶ
2614 2377 2641 2427 6
2665 2372 2973 2446 χειμερινὸς
2996 2370 3254 2444 τροπικός
3285 2367 3423 2441 μετὰ
3451 2367 3542 2422 τὸν
3566 2367 3766 2438 ἀνταρ-

2180 2468 2385 2522 κτικόψ
2411 2467 2573 2538 μέσος
2594 2465 2650 2519 δὲ
2676 2464 2880 2518 τούτων
2903 2462 3149 2534 πέμπτος
3173 2462 3201 2514 6
3227 2458 3558 2531 ίσημερινδς,
3576 2457 3766 2512 τοσοῦ-

2182 2577 2273 2613 τον
2303 2558 2523 2629 ἀπέχων
2552 2556 2645 2610 τοῦ
2675 2554 2889 2628 θερινοῧ
2927 2552 3216 2625 τροπικοὶλ
3242 2553 3366 2605 ὅσον
3394 2549 3487 2603 τοῦ
3518 2565 3766 2621 χειμερι-

2183 2651 2298 2705 νοῦ.
2325 2652 2482 2704 Ἔστι
2506 2649 2563 2702 δὲ
2588 2650 2616 2701 6
2643 2647 2903 2720 ἀρκτικὸς
2925 2646 3031 2698 τῶν
3056 2644 3373 2716 ἐλαχίστων,
3400 2643 3496 2695 καὶ
3523 2640 3651 2713 περὶ
3676 2640 3769 2693 τὸν

2185 2746 2394 2818 βόρειον
2410 2744 2591 2807 πόλον,
2606 2743 2757 2804 ἐντὸς
2776 2739 2912 2811 ἔχων
2933 2736 3256 2809 μεσαίτατον
3272 2735 3362 2788 τὸν
3378 2732 3540 2786 πόλον
3557 2731 3770 2801 ὠσπερ-

2182 2839 2234 2891 εὶ
2260 2837 2482 2908 κέντρον
2507 2834 2695 2889 αὐτοῦ.
2737 2831 3001 2886 Καλεῖται
3041 2828 3100 2882 δὲ
3142 2826 3398 2900 ἀρκτικὸς
3425 2824 3534 2878 ἀπὸ
3555 2821 3647 2877 τοῦ
3681 2823 3768 2874 ὲν-

508 2931 738 2998 hendit;
786 2941 840 2985 et
864 2928 1126 2994 borealis,
1174 2928 1323 2998 quod
1369 2928 1436 2982 ad
1483 2943 1602 2983 eam
1645 2927 1836 2982 mundi
1876 2935 2084 2997 partem

2189 2930 2276 2994 τὸς
2302 2928 2448 2999 ἒχειν
2487 2927 2585 2989 τὰς
2616 2926 2906 2996 Ἀρκτους
2932 2922 3027 2975 καὶ
3053 2920 3282 2992 βόρειος,
3311 2917 3399 2971 διὰ
3428 2915 3489 2969 τδ
3521 2914 3657 2986 πρὸς
3682 2912 3774 2984 ﬁo—

502 3022 706 3093 verg'rt,
753 3021 1097 3091 appellatur:
1147 3019 1291 3075 idem
1339 3035 1613 3091 apparens
1666 3019 1889 3084 dicitur,
1937 3019 2086 3090 quod

2189 3023 2316 3094 ρέαν
2346 3017 2486 3074 εἶναι
2507 3018 2613 3074 ἀεί.
2633 3017 2872 3089 Φανερὸς
2894 3015 2951 3068 δέ
2975 3017 3093 3067 ἐστι
3113 3013 3134 3042 ⁸
3157 3011 3245 3064 διὰ
3268 3011 3328 3063 τὸ
3349 3009 3435 3063 ἀεὶ
3462 3004 3771 3079 φαίνεσθαι,

508 3127 726 3183 semper
767 3112 1005 3177 eminet,
1058 3126 1159 3167 nec
1193 3111 1395 3167 occidit
1441 3126 1703 3181 unquam.
1745 3110 1886 3166 Huic
1916 3127 2088 3182 oppo-

2189 3117 2284 3169 καὶ
2318 3115 2393 3186 μὴ
2421 3113 2618 3167 δύνειν.
2666 3110 2724 3164 '0
2756 3110 2813 3163 δὲ
2842 3107 3015 3178 τούτῳ
3038 3104 3411 3176 ἀντικείμενος
3436 3101 3610 3164 νότιος
3631 3098 3774 3153 κατά

507 3207 651 3262 situs
678 3205 940 3260 australis
959 3205 1223 3275 aequalem
1263 3218 1387 3258 cum
1415 3218 1480 3259 eo
1509 3204 1676 3259 situm
1708 3204 1892 3269 habet,
1924 3212 2087 3274 atque

2189 3207 2286 3280 τὴν
2308 3208 2456 3261 θέσιν
2479 3207 2593 3270 [σος
2624 3206 2720 3277 μὲν
2746 3204 2892 3256 ἔστιν
2920 3198 3092 3270 αὐτῷ,
3121 3197 3367 3269 περιέχει
3395 3195 3453 3249 δὲ
3484 3194 3577 3248 τὸν
3600 3192 3775 3247 νότιον

510 3298 806 3354 australem
851 3298 1095 3351 continet
1140 3298 1359 3366 polum;
1415 3297 1750 3351 antarcticus
1793 3303 1974 3353 autem
2020 3312 2088 3352 ex

2192 3302 2374 3355 πόλον.
2409 3300 2642 3368 Λέγεται
2679 3298 2737 3351 δὲ
2764 3292 3125 3367 ἀνταρκτικὸς
3146 3291 3255 3346 ἀπὸ
3274 3289 3367 3343 τοῦ
3391 3288 3629 3350 ἐναντίος
3662 3288 3777 3339 κεῖ-

507 3407 578 3447 eo
607 3393 945 3455 nominatur,
986 3389 1131 3461 quod
1182 3400 1373 3444 contra
1409 3397 1571 3459 atque
1608 3390 1849 3446 arcticus
1878 3391 2092 3462 positus

512 3484 606 3540 sit.
637 3482 773 3538 Nam
806 3486 1045 3537 arcticus
1071 3481 1142 3537 ad
1194 3482 1438 3543 boream,
1470 3482 1574 3535 iste
1607 3481 1674 3535 ad
1710 3490 1981 3547 austrum,
2018 3483 2096 3539 si-

512 3583 605 3631 tus
633 3582 758 3643 est;
786 3575 877 3630 ille
908 3575 1213 3630 altissimus
1257 3583 1344 3631 est
1373 3578 1428 3629 in
1454 3574 1665 3645 sphaera
1693 3593 1705 3629 :
1739 3575 1827 3629 hic
1860 3578 2095 3633 maxime

513 3666 832 3738 depressus.
858 3664 942 3722 Ob
972 3667 1023 3721 id
1049 3666 1288 3721 arcticus
1318 3683 1534 3738 semper
1560 3683 1827 3738 apparens
1866 3678 1951 3724 est
1976 3687 1990 3724 :
2017 3669 2095 3723 al-

512 3765 600 3814 ter
633 3765 858 3829 apparet
890 3773 1191 3827 nunquam.
1235 3757 1425 3812 Potest
1463 3768 1518 3815 et
1566 3760 1854 3814 antarctici
1892 3775 2094 3815 nomen

515 3847 644 3902 inde
685 3848 946 3907 derivari,
990 3847 1136 3916 quod
1183 3848 1390 3902 arctico
1432 3864 1499 3904 ex
1553 3865 1712 3919 aequo
1742 3851 2093 3920 respondeat.

512 3937 655 3991 Nam
688 3939 999 4007 pra‘positio
1030 3938 1173 4004 ἀντί,
1214 3957 1234 3990 ι
1263 3941 1472 4011 aequale
1504 3962 1523 3995 ι
1562 3942 1830 4013 signiﬁcat
1857 3961 1873 4010 ;
1904 3951 1964 3997 ut
2001 3945 2097 3998 ἁν-

513 4027 711 4092 τίθεος,
766 4028 822 4083 id
871 4037 1005 4084 est:
1035 4031 1260 4101 aequalis
1314 4031 1491 4097 Deo,»
1535 4033 1792 4089 famulus.
1842 4033 1991 4090 idem
2042 4043 2097 4092 et

516 4118 776 4175 australis
812 4129 1060 4188 vocatur,
1089 4131 1284 4193 estque
1307 4138 1523 4193 semper
1552 4125 1822 4180 occultus.

585 4212 856 4284 Tropicus
903 4213 1127 4270 aastivus
1173 4215 1315 4270 inter
1348 4211 1614 4270 arcticum
1651 4226 1713 4272 et
1746 4218 2099 4289 aequinoctia-

514 4303 622 4359 lem
657 4304 797 4360 situs
841 4313 949 4370 est,
972 4320 1045 4360 ac
1096 4306 1390 4362 solstitium
1423 4309 1674 4362 aestivum
1726 4308 1781 4363 in
1822 4325 1882 4365 se
1919 4311 2099 4365 conti-

516 4407 630 4450 net.
663 4394 800 4450 Nam
846 4411 971 4452 cum
1016 4397 1097 4453 sol
1142 4397 1198 4452 in
1227 4398 1445 4455 Cancro
1488 4409 1760 4466 versatur,
1805 4402 1900 4456 ubi
1942 4403 2096 4458 illum

517 4487 719 4559 attigit,
759 4489 1011 4544 aestivum
1063 4490 1359 4545 solstitium
1405 4489 1558 4548 facit.
1616 4489 1744 4547 Ideo
1791 4492 2098 4550 solstitialis

2196 3392 2319 3446 σθαι
2346 3391 2424 3463 τῷ
2458 3386 2724 3463 ἀρκτικῷ’
2761 3386 2790 3438 6
2828 3386 2926 3456 μὲν
2961 3382 3070 3453 γὰρ
3101 3381 3361 3455 ἀρκτικὸς
3389 3378 3530 3433 κατά
3557 3376 3772 3449 βορέαν.

2194 3481 2346 3550 οὗτος
2368 3485 2424 3538 δὲ
2452 3482 2594 3538 κατὰ
2625 3482 2776 3536 νότον
2804 3478 2939 3533 έστί.
2983 3476 3096 3531 Καὶ
3137 3475 3166 3527 6
3207 3474 3306 3544 μὲν
3344 3470 3602 3544 ἀρκτικὸς
3634 3467 3775 3522 κατά

2194 3581 2293 3652 τὴν
2326 3580 2558 3649 σφαῖραν
2604 3571 2937 3645 ὑψηλότατός
2972 3572 3142 3631 ἐστιν,
3188 3569 3217 3621 6
3262 3567 3318 3620 δὲ
3366 3564 3773 3625 ταπεινότατος.

2194 3674 2286 3726 Διὸ
2307 3674 2335 3726 6
2370 3672 2467 3742 μὲν
2507 3667 2767 3742 ἀρκτικὸς
2793 3665 3058 3736 ἀειφανής
3085 3664 3253 3716 ἐστιν·
3281 3653 3435 3721 οὗτος
3470 3657 3528 3711 δὲ
3559 3656 3618 3709 ού
3652 3655 3780 3726 φαί-

2195 3782 2343 3819 νεται
2381 3765 2531 3835 ἡμῖν.
2565 3761 2633 3814 Ἢ
2674 3761 2756 3813 ὅτι
2799 3759 2913 3821 ῐσος
2944 3755 3060 3809 ἐστὶ
3101 3754 3179 3824 τῷ
3217 3750 3483 3824 ἀρκτικῷ,
3520 3750 3619 3819 τῆς
3656 3747 3779 3801 ἀντὶ

2195 3856 2505 3929 προθέσεως
2534 3853 2594 3907 τὸ
2620 3852 2731 3905 ἴσον
2766 3848 3157 3922 σημαινούσης,
3181 3846 3256 3910 ὡς
3284 3846 3342 3897 έν
3373 3842 3451 3915 τῷ
3485 3865 3502 3893 ι
3535 3839 3779 3896 ἀντίθεον

2197 3948 2526 4020 θεράποντα.
2569 3963 2588 3997 ι
2634 3941 2899 3995 Καλεῖται
2941 3938 3000 3993 δὲ
3039 3935 3403 4009 ἀνταρκτικὸς
3442 3935 3537 3989 καὶ
3579 3933 3774 3995 νότιος.

2200 4042 2356 4094 ’Ἐστι
2387 4038 2445 4092 δὲ
2469 4039 2557 4092 ἀεὶ
2581 4035 2814 4107 ἀφανής.

2276 4219 2337 4272 '0
2361 4218 2417 4271 δὲ
2445 4216 2657 4288 θερινὸς
2678 4212 2938 4287 τροπικδς
2962 4213 3139 4265 κεῖται
3170 4207 3371 4282 μεταξὺ
3394 4206 3489 4261 τοῦ
3517 4202 3780 4277 ἁρκτικοῦ

2199 4309 2408 4366 καὶτοῦ
2445 4307 2783 4381 ίσημερινοῦ.
2823 4307 2975 4376 Ἔχει
3005 4304 3062 4358 δὲ
3102 4305 3160 4356 έν
3198 4301 3377 4372 ἑαυτῷ
3417 4300 3517 4364 τὰς
3561 4295 3777 4370 θερινὰς

2197 4403 2410 4474 τροπὰς
2441 4400 2535 4456 τοῦ
2567 4400 2739 4473 ἡλίου.
2781 4401 2911 4454 Ὅτε
2940 4398 3049 4468 γὰρ
3086 4399 3115 4449 6
3139 4396 3290 4465 ἣλιος
3326 4396 3385 4447 ὲν
3419 4393 3496 4464 τῷ
3519 4389 3780 4463 Καρκίνῳ

2199 4496 2445 4570 γένηται,
2488 4495 2838 4564 ἐφαψάμενος
2876 4489 3066 4555 αὐτοῦ,
3100 4487 3199 4559 τὴν
3227 4485 3446 4558 θερινὴν
3474 4485 3620 4536 ποιεῖ
3652 4497 3778 4552 τρο-

516 4580 742 4636 aestivus
788 4580 1009 4637 dicitur.
1060 4581 1156 4636 Est
1199 4590 1382 4638 autem
1416 4590 1478 4638 ut
1511 4584 1719 4639 arctico
1769 4586 1967 4656 major,
2016 4588 2088 4642 sic

2203 4591 2331 4660 πήν.
2360 4589 2451 4641 Διὸ
2475 4588 2570 4641 καὶ
2596 4585 2811 4658 ,θερινὸς
2833 4583 3092 4656 τροπικός
3117 4580 3401 4650 κέκληται.
3427 4579 3582 4630 Ἔστι
3604 4574 3662 4630 δὲ
3684 4572 3780 4627 τοῦ

515 4673 886 4743 aequinoctiali
914 4674 1115 4729 minor.
1153 4674 1232 4730 Ac
1259 4676 1306 4732 si
1333 4677 1458 4747 quis
1488 4676 1666 4747 ipsum
1713 4678 1769 4732 in
1801 4649 1927 4733 oc'to
1950 4649 2088 4751 par-

2204 4649 2302 4755 μὲν
2323 4678 2585 4754 ἀρκτικοῦ
2612 4649 2829 4751 μέίζων·
2858 4649 2953 4730 τοῦ
2979 4676 3039 4729 δὲ
3069 4671 3388 4747 ἰσημερινοῦ
3423 4669 3780 4744 βραχύτερος.

516 4771 602 4819 tes
625 4764 927 4820 secundum
971 4756 1197 4819 Aratum
1228 4765 1471 4832 dividat,
1518 4777 1680 4822 erunt
1726 4769 1970 4842 quinque
2001 4785 2095 4826 su-

516 4869 615 4926 pra
647 4850 1012 4923 terram,'tres
1038 4855 1203 4912 inira.
1232 4855 1412 4914 Verba
1434 4858 1590 4913 Arati
1627 4878 1640 4914 :

518 5056 762 5128 Quinque
781 5056 835 5110 in
874 5056 1001 5112 caelo
1042 5066 1319 5112 versantur
1340 5073 1503 5128 supra
1530 5067 1750 5116 terram.

518 5127 648 5184 Tres
680 5128 738 5181 in
757 5128 899 5181 into:
927 5130 1129 5183 wstatis
1160 5138 1337 5183 autem
1352 5127 1413 5183 in
1447 5147 1519 5185 eo
1538 5140 1662 5186 sunt
1698 5131 2094 5199 conversiones;

513 5239 718 5311 quibus
750 5238 932 5295 verbis
966 5255 1031 5295 ex
1071 5247 1198 5295 octo
1229 5241 1479 5311 partibus
1519 5243 1760 5315 quinque
1786 5244 1943 5300 illum
1987 5246 2099 5301 ha-

513 5332 645 5388 bere
679 5348 844 5404 supra
870 5341 1094 5395 terram,
1127 5340 1241 5388 tres
1271 5334 1557 5400 subterra,
1590 5336 1880 5408 signiﬁcat.
1907 5338 1967 5393 In
1991 5339 2098 5395 hoc

514 5421 743 5490 sphaera:
773 5423 905 5484 situ,
924 5423 1017 5493 qui
1050 5421 1409 5493 Hellesponti,
1434 5424 1766 5483 Macedoniae
1795 5437 1848 5484 et
1866 5428 2096 5487 Graeciaa

507 5514 723 5569 elimati
769 5516 1083 5586 respondet,
1127 5518 1350 5588 quando
1396 5520 1478 5575 sol
1523 5523 1771 5578 aestivum
1814 5525 2092 5596 tropicum

513 5610 686 5668 tenet,
719 5610 991 5666 maximus
1023 5611 1141 5667 dies
1166 5614 1423 5670 horarum
1455 5626 1539 5672 est
1572 5616 1670 5684 15;
1704 5618 1929 5673 minima
1957 5634 2092 5683 nox.

515 5695 582 5765 9;
606 5713 730 5754 cum
771 5701 973 5774 ubique
1012 5707 1193 5764 noctis
1233 5724 1295 5764 ac
1321 5709 1426 5768 diei
1455 5711 1629 5783 spatia
1661 5713 1827 5770 simul
1867 5724 2088 5787 sumpta

591 5856 665 5928 σί
712 5859 786 5895 ἔα.

2198 4777 2263 4830 Εἰ
2288 4774 2345 4829 δέ
2373 4792 2453 4839 τις
2484 4771 2646 4829 αὑτὸν
2670 4771 2832 4825 διέλοι
2865 4771 2946 4835 είς
2977 4767 3121 4822 ὀκτὼ
3157 4769 3299 4839 μέρη
3326 4764 3469 4818 κατά
3497 4764 3589 4816 τὸν
3613 4764 3785 4833 Ἀρα-

2198 4884 2312 4931 τον,
2344 4865 2496 4919 ἔσται
2521 4864 2619 4936 μὲν
2642 4860 2805 4916 αύτοῦ
2834 4860 2994 4913 πέντε
3021 4858 3120 4930 μὲν
3141 4858 3281 4928 ὑπὲρ
3304 4855 3429 4926 γῆν,
3449 4854 3578 4925 τρία
3598 4851 3654 4905 δὲ
3677 4849 3785 4904 ὑπὸ

2199 4958 2325 5030 γῆν.
2354 4958 2492 5029 Φησὶ
2513 4956 2571 5009 δὲ
2594 4972 2660 5008 πε
2670 4957 2723 5026 pl.
2746 4951 2912 5008 αὐτοῦ
2936 4951 3109 5015 οὓτως
3144 4951 3382 5021 Ἀρατος
3409 4965 3426 4979 ·

2200 5071 2388 5127 Πέντε
2408 5070 2525 5141 μὲν

2546 5069 2714 5124 ἐνδια
2740 5068 3057 5140 στρέφεται
3084 5066 3212 5140 καθ’
3232 5063 3528 5140 ὑπέρτερα
3551 5062 3746 5140 γαίης.

2202 5143 2287 5197 Τὰ
2312 5135 2441 5211 τρίὶι
2460 5141 2511 5195 δ’
2533 5141 2602 5195 ἐν
2624 5135 2870 5210 περάτῄ·
2889 5135 3093 5207 θέρεος
3113 5135 3180 5191 δέ
3211 5139 3264 5190 οὶ
3282 5135 3570 5204 ἐντροπαί
3587 5136 3748 5187 εἰσιν
3766 5147 3781 5162 ⁸

2201 5255 2309 5310 ἀπὸ
2328 5255 2438 5309 τῶν
2464 5252 2610 5307 ὀκτὼ
2635 5252 2816 5325 μερῶν
2844 5252 3020 5323 δηλῶν
3047 5251 3117 5305 τά
3139 5249 3301 5303 πέντε
3325 5249 3466 5319 ὑπὲρ
3486 5246 3592 5317 γῆν
3615 5246 3784 5317 ἔχειν,

2201 5348 2270 5400 τὰ
2295 5348 2352 5402 δὲ
2372 5347 2501 5418 τρία
2527 5346 2633 5399 ὑπὸ
2659 5346 2782 5416 γῆν.
2808 5344 2968 5399 Κατὰ
2992 5344 3196 5412 ταύτην
3216 5343 3315 5413 τὴν
3339 5341 3488 5395 θέσιν
3510 5339 3612 5410 τῆς
3637 5336 3789 5407 σφαί-

2197 5457 2328 5512 ρας,
2358 5440 2480 5511 ἧτις
2512 5438 2655 5493 κατά
2695 5438 2756 5492 τὸ
2794 5438 2962 5508 κλίμα
2994 5436 3085 5490 τοῦ
3128 5434 3522 5506 Ἑλλησπόντου
3560 5432 3654 5485 καὶ
3685 5430 3788 5501 τῆς

2203 5530 2541 5595 Μακεδονίας
2565 5530 2703 5597 ἐστὶ,
2742 5531 2838 5585 καὶ
2872 5530 2971 5600 τῆς
3014 5527 3283 5592 Ἑλλάδος,
3313 5525 3409 5581 τοῦ
3444 5525 3597 5597 ἡλίου
3630 5540 3786 5593 γενο-

2203 5625 2366 5695 μένου
2411 5625 2504 5678 έπὶ
2542 5622 2638 5677 τοῦ
2682 5622 2894 5697 θερινοῦ
2937 5621 3224 5694 τροπικοῶ
3266 5624 3301 5693 ἡ
3345 5620 3577 5693 μεγίστη
3605 5616 3789 5689 ἡμέρα

2201 5716 2348 5771 ἐστὶν
2381 5716 2541 5788 ὡρῶν
2570 5724 2648 5771 ιε’·
2683 5719 2716 5789 ἡ
2745 5718 2802 5773 δὲ
2827 5716 3084 5788 ἐλαχίστη
3116 5713 3275 5788 ὡρῶν
3297 5713 3364 5780 θ’,
3392 5710 3673 5783 πανταχοῦ
3691 5705 3794 5765 τοῦ
