4166 6408
419 481 526 538 973

1158 475 1472 535 ACHILLIS
1509 476 1697 534 TATII
1726 476 2022 534 ISAGOGE
2060 475 2150 531 AD
2181 473 2397 533 ARATI
2432 458 2914 532 ΡΗᾸΔΣΝΟΜΕΝΔ.⁸

3555 464 3665 525 9η

420 592 818 667 ἡμερονυκτίου
860 591 936 646 κδ’
964 591 1123 665 ὡρῶν
1148 592 1323 657 ὃντος.
1353 593 1417 646 Ei
1443 592 1867 665 ’ὕποστησόμεθα
1900 587 1993 647 οὖν

2105 593 2260 648 horas
2286 600 2522 662 quatuor
2546 598 2598 646 ει
2610 588 2799 660 viginti
2821 584 3100 657 colligant.
3127 581 3300 655 Igitur
3321 581 3369 639 si
3391 582 3447 638 in
3471 582 3664 638 aestivo

420 692 480 745 ἐν
517 693 635 754 ταῖς
666 688 906 758 θεριναῖς
936 686 1184 758 τροπαῖς,
1215 685 1402 758 ὥσπερ
1436 687 1686 757 εἴπομεν,
1732 692 1793 739 ιε’
1833 686 1992 757 ὡρῶν

419 783 517 855 τὴν
545 780 807 853 μεγίστην
836 777 1048 851 ἡμέραν
1074 772 1234 841 εἶναι,
1265 777 1554 831 ἀκόλουθόν
1581 780 1696 829 ἐστι
1723 776 1993 849 βραχυτά-

419 890 522 944 την
552 871 675 925 τότε
714 868 956 940 νομίζειν
999 864 1138 920 εἶναι
1183 868 1282 938 τὴν
1329 866 1519 921 νύκτα.
1554 866 1724 920 Τοῦτο
1754 867 1809 919 δὲ
1837 866 1992 937 δῆλον

421 965 485 1019 ἐκ
517 982 577 1018 τε
610 962 805 1025 ἄλλων,
841 961 936 1013 καὶ
978 958 1038 1024 ἐξ
1075 951 1150 1012 ῶν
1197 960 1431 1031 ’Ἄρατός
1472 974 1655 1030 φησιν.
1698 959 1762 1011 Εἰ
1798 957 1907 1029 γὰρ
1933 957 1994 1010 τὸ

420 1053 813 1129 ἡμερονύκτιόν
853 1053 998 1104 ἐστιν
1037 1050 1493 1121 εἰκοσιτεσσάρων
1530 1048 1709 1120 ὡρῶν,
1755 1050 1834 1113 εἰς
1859 1055 1910 1118 η’
1935 1048 1992 1101 δὲ

422 1148 564 1220 μέρη
590 1146 681 1200 τὸν
707 1143 915 1216 θερινὸν
938 1140 1195 1214 τροπικὸν
1218 1140 1511 1210 τέμνεσθαι
1542 1141 1641 1204 δεῖ,
1676 1139 1905 1193 ἕκαστον
1937 1139 1994 1192 δὲ

306 1290 324 1310 ,
418 1240 614 1312 τμῆμα
638 1235 796 1308 ὡρῶν
828 1240 876 1303 γ’
896 1250 909 1264 ⁸
938 1232 1057 1304 τρὶς
1074 1230 1132 1284 66
1157 1230 1226 1285 τὰ
1249 1237 1299 1302 η’
1327 1231 1404 1284 κδ’
1425 1248 1440 1262 ·
1474 1233 1524 1284 εί
1551 1231 1727 1283 τοίνυν
1754 1230 1862 1284 ἀπὸ
1885 1228 1993 1283 τῶν

415 1329 564 1386 ὀκτὼ
592 1327 795 1382 τούτων
827 1325 1008 1397 μερῶν
1041 1324 1200 1379 πέντε
1230 1326 1376 1377 ἐστὶν
1405 1323 1546 1394 ὑπὲρ
1585 1324 1687 1393 γῆν
1711 1340 1725 1353 ο
1767 1323 1994 1376 ἕκαστον

419 1421 479 1475 δὲ
509 1420 686 1490 τρισὶν
718 1416 888 1487 ὥραις
909 1415 1279 1486 περιδινεῖται·
1307 1415 1424 1486 τρὶς
1453 1416 1472 1446 ’³
1515 1414 1581 1467 τὰ
1608 1415 1764 1469 πέντε
1787 1414 1995 1483 γίνεται

421 1519 512 1567 ιε’·
537 1509 929 1565 πεντεκαίδεκα
951 1507 1110 1573 ὡρῶν
1136 1507 1344 1577 γίνεται
1382 1507 1674 1579 περιφορά.
1705 1509 1769 1560 Εἰ
1801 1507 1858 1561 δὲ
1891 1508 1995 1562 ὑπὸ

417 1606 523 1676 γῆν
549 1604 676 1677 τρία
704 1603 843 1674 μέρη
871 1602 986 1655 ἐστὶ
1005 1601 1146 1654 τότε·
1171 1601 1399 1661 ἕκαστον
1421 1598 1478 1654 66
1497 1599 1606 1653 τῶν
1632 1599 1798 1671 τριῶν
1817 1601 1994 1672 τρισὶν

416 1695 591 1767 ὥραις
612 1693 986 1765 περιδινεῖταυ
1014 1692 1134 1763 τρὶς
1153 1691 1294 1744 δὲτὰ
1318 1692 1445 1764 τρία
1468 1692 1625 1744 ἐννέα
1651 1691 1767 1743 ἐστί
1777 1708 1790 1723 ν
1814 1691 1992 1762 δῆλον,

418 1790 502 1843 ὅτι
522 1788 671 1841 ἔσται
698 1788 733 1858 ὴ
755 1783 850 1850 νὺξ
874 1784 1032 1857 ὡρῶν
1059 1783 1102 1838 θ’
1124 1801 1137 1813 ·
1158 1785 1279 1855 ἥτις
1297 1782 1554 1854 ἐλαχίστη
1571 1783 1721 1837 ἐστὶν
1742 1785 1799 1837 ἐν
1822 1781 1995 1854 τούτῳ

415 1882 499 1955 τῷ
528 1880 771 1952 κλίματι.

502 2145 561 2198 ’0
587 2144 644 2197 δὲ
674 2143 979 2216 χειμερινὸς
1017 2142 1273 2216 τροπικὸς
1313 2145 1492 2197 κεῖται
1526 2143 1728 2214 μεταξὺ
1757 2142 1850 2197 τοῦ
1880 2143 2003 2197 ἀντ-

420 2235 685 2311 αρκτικοῢ
734 2236 828 2290 καὶ
870 2235 964 2289 τοῦ
1014 2233 1352 2308 ἰσημερινοῦ,
1403 2234 1642 2299 ἐναντίος
1682 2234 1762 2306 τῷ
1808 2234 2003 2307 θερινῷ

416 2328 688 2401 τροπικῷ,
730 2327 843 2391 ἶσος
863 2326 1033 2380 αὑτοῦ
1062 2327 1343 2404 ὑπάρχων.
1389 2326 1719 2397 Ἐφάπτεται
1748 2328 1805 2380 δὲ
1839 2327 2000 2381 αύτοῦ

414 2421 449 2473 6
491 2420 752 2485 ζωδιακὸς
798 2418 995 2483 κύκλος
1043 2419 1185 2473 κατὰ
1235 2419 1327 2473 τὸν
1371 2419 1744 2491 Αίγοκέρωτα·
1795 2419 1915 2472 καθ’
1945 2418 2003 2473 ὃν

419 2513 714 2583 γενόμενος
740 2513 768 2565 6
800 2511 952 2582 ἥλιος
980 2513 1211 2564 ποιεῖται
1240 2510 1555 2583 χειμερινὰς
1587 2510 1816 2582 τροπάς.
1859 2510 2005 2563 Ἐκεῖ

420 2602 533 2674 γὰρ
563 2603 875 2673 γενόμενος,
905 2600 1255 2670 παυσάμενος
1280 2600 1378 2670 τῆς
1405 2600 1654 2663 καθόδου,
1682 2600 1844 2653 πάλιν
1872 2600 2006 2652 ἀνω-

418 2694 563 2765 τέρω
608 2693 815 2747 ἄνεισι’
857 2691 937 2745 διὸ
981 2690 1074 2744 καὶ
1119 2691 1296 2762 τροπὴ
1337 2690 1502 2744 αὐτοῦ
1554 2690 1772 2758 λέγεται
1816 2691 1849 2759 ή
1896 2688 2004 2742 ἀπὸ

418 2785 797 2856 Αἰγοκέρωτος
848 2783 941 2835 ἐπὶ
990 2781 1264 2854 Καρκίνον
1311 2781 1516 2847 ἄνοδος.
1572 2780 1896 2852 Χειμερινὸς
1945 2780 2002 2834 δὲ

418 2877 650 2950 ἐκλήθη,
685 2879 768 2932 ὅτι
801 2878 858 2930 ἐν
881 2875 1030 2946 αὐτῷ
1049 2875 1338 2946 γενόμενος
1359 2875 1388 2927 6
1414 2873 1564 2945 ἥλιος
1589 2874 1646 2927 ὲν
1666 2873 2001 2945 Αίγοκέρωτι

420 2969 665 3043 χειμῶνα
700 2973 843 3022 ποιεῖ
863 2968 1181 3040 ἀκρότατον.
1221 2968 1364 3030 "leo;
1391 2966 1449 3019 66
1477 2964 1553 3018 ὢν
1583 2960 1737 3029 οὗτος
1763 2967 1792 3019 6
1816 2982 2005 3037 χειμε-

423 3063 568 3135 ρινὸς
594 3060 853 3133 τροπικὸς
883 3059 960 3131 τῷ
995 3057 1191 3131 θερινῷ
1218 3057 1485 3129 τροπικῷ,
1515 3057 1726 3130 ἐτμήθη
1744 3060 1832 3121 εἰς
1856 3058 2000 3130 μέρη

419 3160 494 3225 η’,
529 3152 778 3224 καθάπερ
810 3152 1038 3214 ἐκεῖνος.
1070 3149 1392 3204 Τούναντίον
1421 3145 1515 3203 οὖν
1541 3148 1734 3221 ἐκείνῳ
1759 3148 1869 3216 ἕξει
1894 3150 2003 3204 ἀπὸ
2048 3178 2056 3185 -

421 3244 531 3298 τῶν
556 3249 605 3315 η’
638 3242 819 3314 μερῶν
843 3239 1004 3294 πέντε
1042 3240 1140 3310 μὲν
1163 3239 1269 3292 ὑπὸ
1300 3240 1424 3311 γῆν,
1464 3240 1589 3311 τρία
1613 3238 1670 3294 66
1698 3240 1837 3311 ὑπὲρ
1873 3239 1997 3311 τῆν’

423 3337 502 3400 ὼς
533 3313 779 3405 γίνεσθαι
801 3332 899 3405 τὴν
928 3331 1138 3404 ἡμέραν
1162 3331 1283 3384 τότε
1308 3330 1617 3404 ἐλαχίστην,
1650 3332 1738 3385 ὅτε
1765 3334 1823 3386 ὲν
1850 3333 2006 3402 Δίγο-
2029 3313 2072 3370 C

423 3428 627 3498 κέρωτι
658 3425 947 3496 γενόμενος
982 3426 1010 3477 6
1049 3423 1200 3493 ἥλιος
1235 3421 1534 3492 ἐφάπτεται
1564 3421 1659 3476 τοῦ
1691 3422 2002 3494 χειμερινοῦ

422 3517 684 3592 τροπικοῦ
705 3535 718 3548 ·
751 3518 870 3590 ἦτοι
898 3516 1057 3588 ὡρῶν
1089 3514 1132 3568 θ’
1154 3530 1168 3544 '
1211 3516 1311 3587 τὴν
1345 3514 1401 3569 δὲ
1434 3513 1606 3569 νύκτα
1639 3514 1798 3586 ὡρῶν
1829 3521 1870 3568 ε’
1910 3516 2006 3569 καὶ

422 3611 576 3675 δέκα,
609 3608 752 3664 κατὰ
777 3609 868 3663 τὸν
896 3608 1056 3661 αὐτὸν
1088 3606 1244 3676 λόγον
1269 3605 1348 3676 τῷ
1367 3605 1564 3677 θερινῷ
1592 3606 1857 3678 τροπικῷ.

509 3702 566 3755 Ὀ
593 3701 649 3754 δὲ
684 3700 1014 3773 ἰσημερινὸς,
1052 3697 1255 3769 μεταξὺ
1303 3698 1409 3751 τῶν
1441 3698 1606 3751 πέντε
1645 3697 2006 3768 παραλλήλων

427 3791 702 3863 κείμενος,
747 3791 948 3862 μείζων
979 3790 1095 3844 ἐστὶ
1126 3789 1233 3844 τῶν
1268 3787 1443 3843 ἄλλων
1476 3787 1755 3859 τεσσάρων
1775 3806 1788 3818 ·
1821 3788 2007 3860 ἐπειδὴ

425 3884 515 3937 διὰ
528 3882 619 3936 τοῦ
636 3883 861 3955 κέντρου
879 3882 978 3954 τὴν
995 3881 1346 3952 περιφέρειαν
1368 3879 1500 3951 ἔχει.
1525 3882 1676 3934 Ποιεί
1694 3880 1752 3933 δὲ
1771 3882 1829 3934 ἐρν
1862 3876 2008 3951 αὐτῷ

429 3978 461 4030 6
492 3975 644 4046 ἥλιος
687 3975 786 4039 τὰς
837 3973 1242 4047 προειρημένας
1287 3973 1381 4027 δύο
1429 3973 1752 4045 ἰσημερίαςυ
1789 3973 2009 4045 ἐαρινὴν

434 4070 533 4140 μὲν
570 4072 628 4123 ὲν
665 4069 822 4140 Κριῷ
861 4068 1169 4138 γενόμενος,
1214 4067 1592 4138 μετοπωρινὴν
1616 4065 1752 4120 δὲέν
1779 4066 2004 4137 Χηλαῖς.

441 4160 777 4232 Ἶσημερινὸς
794 4159 852 4212 δὲ
876 4159 1113 4228 λέγεται,
1137 4158 1324 4230 ἐπειδὴ
1347 4159 1404 4212 ὲν
1425 4157 1571 4229 αὑτῴ
1594 4158 1692 4224 τὰς
1710 4158 2011 4229 ίσημερίας

429 4254 577 4305 ποιεῖ
611 4255 640 4306 6
666 4251 836 4323 ἥλιος.
876 4250 1118 4322 Τμηθεις
1146 4249 1203 4303 δὲ
1240 4251 1320 4314 είς
1351 4256 1421 4322 η’,
1453 4248 1693 4319 τέσσαρα
1736 4249 1834 4320 μὲν
1870 4250 2008 4321 ὑπὲρ

430 4342 557 4411 γῆν,
578 4339 819 4411 τέσσαρα
855 4338 913 4392 δὲ
941 4338 1046 4391 ὑπὸ
1089 4340 1193 4410 γῆν
1220 4337 1331 4405 ἕξει
1381 4338 1551 4410 μέρη·
1574 4340 1678 4393 καὶ
1709 4339 1856 4393 ἔστιν
1898 4339 2011 4403 ἴσος

429 4433 509 4505 τῷ
539 4429 789 4502 ζωδιακῷ
818 4430 912 4484 καὶ
941 4429 1019 4500 τῷ
1051 4428 1302 4501 γαλαξίνᾳ.

506 4525 666 4587 Ἴσως
690 4522 735 4575 δ’
757 4522 822 4577 ἄν
841 4540 924 4585 τις
955 4521 1229 4594 ζητήσειε,
1255 4520 1370 4586 πῶς
1403 4521 1610 4593 ἔφαμεν
1643 4523 1702 4576 ὲν
1732 4522 1832 4593 μὲν
1865 4521 2008 4593 θερι-

432 4618 555 4680 ναῖς
586 4616 814 4686 τροπαῖς
850 4614 1141 4684 γενόμενον
1165 4613 1255 4667 τὸν
1281 4613 1434 4684 ἥλιον
1462 4620 1521 4666 ιε’
1550 4613 1708 4686 ὡρῶν
1732 4613 1831 4686 τὴν
1868 4614 2008 4685 ἡμέ-
2040 4658 2084 4713 D

426 4724 535 4780 ραν
576 4708 778 4759 ποιεῖν·
822 4707 881 4758 ὲν
913 4705 970 4759 δὲ
1002 4708 1345 4776 ,χειμεριναῖς
1378 4705 1443 4770 θ’,
1474 4705 1637 4759 ὁπότε
1674 4707 1732 4758 ὲν
1756 4708 1869 4769 τοῖς
1905 4723 2008 4777 μη-

424 4801 675 4870 ,χανικοῖς
696 4796 1027 4869 ὡρολογίοις,
1068 4798 1161 4850 καὶ
1195 4796 1523 4867 ύδρολογίοις
1547 4798 1634 4850 ἀεὶ
1673 4799 1706 4867 ἡ
1736 4796 1918 4867 ἡμέρα
1944 4797 2009 4867 ιβ’

427 4892 592 4963 ὡρῶν
617 4891 885 4960 φαίνεται.
919 4889 1163 4957 Λέγομεν
1188 4884 1300 4954 οὖν,
1333 4889 1437 4954 ὅτι,
1457 4887 1644 4959 ῶσπερ
1669 4889 1776 4951 πᾶς
1801 4886 2011 4959 ἄνθρω-

433 5001 534 5046 πος
553 4982 713 5035 πέντε
738 4980 1014 5034 δακτύλων
1036 4979 1148 5049 ἔχει
1174 4980 1272 5051 τὴν
1297 4981 1473 5050 χεῖρα,
1497 4982 1626 5041 παῖς
1651 4995 1711 5031 τε
1733 4979 1827 5031 καὶ
1848 4977 2007 5049 ἀνὴρ,

430 5074 495 5127 ού
523 5073 627 5145 μὴν
655 5074 822 5138 ῐσους,
848 5072 1124 5140 ἀναλόγως
1150 5072 1244 5125 καὶ
1271 5071 1364 5124 ἐπὶ
1393 5070 1500 5125 τῶν
1530 5070 1752 5142 ἡμερῶν
1783 5071 1877 5123 καὶ
1900 5069 2009 5125 τῶν

433 5164 641 5218 νυκτῶν
663 5163 799 5236 πρὸς
828 5163 890 5216 τὸ
919 5163 1146 5234 μέγεθος
1177 5163 1271 5216 καὶ
1302 5162 1400 5234 τὴν
1434 5162 1709 5233 ταχυτῆτα
1742 5161 1886 5232 ἔχειν
1908 5178 2010 5230 φα-

437 5246 538 5328 μὲν
570 5255 669 5320 τὰς
698 5255 879 5328 ὥρας·
925 5257 1019 5310 καὶ
1049 5256 1300 5326 μεγάλων
1335 5256 1433 5326 μὲν
1462 5255 1723 5326 μεγάλας,
1758 5252 2008 5325 σμικρῶν

430 5349 491 5403 δὲ
524 5349 780 5421 σμικράς.
813 5348 957 5420 Πρὸς
987 5344 1078 5413 οὖν
1117 5348 1216 5412 τὰς
1246 5346 1559 5419 χειμερινὰς
1584 5347 1797 5419 ἡμέρας
1832 5346 1890 5400 αἱ
1917 5344 2029 5419 θεέ

436 5443 584 5515 ριναὶ
628 5442 861 5513 μεγάλαι
906 5438 1080 5505 οὖσαι,
1122 5447 1183 5495 ιε’
1229 5441 1378 5513 ὧρας
1427 5440 1743 5512 ίσημερινῆς
1794 5439 2007 5510 ἡμέρας

433 5533 711 5606 διάστημα
739 5534 978 5605 ἔχουσαι,
1011 5534 1090 5599 είς
1121 5533 1185 5604 ιβ’
1216 5534 1491 5603 ἀναλόγως
1527 5532 1750 5605 διῃρέθη
1783 5533 1827 5586 ⁸.
1850 5532 1924 5584 T6
1952 5532 2010 5585 δὲ

432 5626 566 5681 αὐτὸ
596 5629 691 5682 καὶ
720 5630 812 5681 ἐπὶ
836 5625 1044 5681 νυκτῶν
1068 5627 1337 5700 μεγάλων,
1369 5628 1463 5683 καὶ
1493 5627 1727 5699 μικρῶν,
1750 5628 1844 5682 καὶ
1868 5629 2009 5700 ἡμε-

403 5733 411 5741 ·
437 5719 548 5789 ρῶν
580 5719 601 5751 ⁹
638 5720 850 5791 μικρῶν
876 5720 1089 5795 σκόπει.

501 5918 525 5951 '
552 5919 595 5990 f.
626 5921 745 5993 τρὶς
770 5921 848 5977 δέ.

2094 684 2333 741 solstitio
2362 690 2634 749 sumatur,
2666 681 2746 736 uti
2777 680 2984 735 dictum
3012 682 3117 741 est,
3162 676 3518 748 longissimus
3545 675 3665 732 dies

2097 777 2356 832 horarum
2384 776 2481 842 15;
2504 787 2845 842 consequens
2872 778 2952 827 est
2982 768 3361 825 brevissimam
3386 782 3511 823 esse
3534 776 3666 822 tunc

2098 876 2335 922 noctem.
2385 868 2563 937 Atque
2594 865 2705 919 hoc
2753 878 2878 918 cum
2909 859 3131 919 aliunde
3178 856 3528 914 manifestum
3556 865 3662 922 est,

2096 966 2212 1015 tum
2248 976 2312 1016 ex
2348 960 2437 1023 iis,
2470 973 2607 1029 qua:
2645 958 2846 1012 Aratus
2893 954 3149 1025 explicat.
3193 953 3330 1007 Nam
3377 954 3423 1009 si
3471 953 3579 1009 diei
3611 963 3668 1008 et

2097 1052 2277 1108 noctis
2296 1051 2645 1107 intervallum
2676 1050 2936 1104 horarum
2964 1054 3051 1103 est
3076 1046 3271 1118 viginti
3299 1056 3534 1117 quatuor
3562 1066 3576 1101 :
3602 1061 3669 1103 ac

2096 1146 2368 1216 tropicum
2389 1143 2656 1199 circulum
2691 1140 2748 1195 in
2770 1148 2956 1211 partes
2988 1146 3119 1195 octo
3148 1138 3391 1194 dividere
3407 1145 3666 1207 oportet;

2098 1252 2329 1309 quarum
2360 1235 2616 1306 quaelibet
2643 1233 2811 1288 trium
2838 1240 2924 1287 est
2952 1231 3212 1285 horarum
3238 1249 3253 1285 :
3281 1245 3405 1284 cum
3438 1237 3523 1284 ter
3542 1236 3670 1284 octo

2099 1332 2210 1386 sint
2226 1329 2413 1401 viginti
2444 1337 2708 1398 quatuor;
2727 1319 2989 1395 quoniam
3017 1338 3084 1379 ex
3100 1328 3224 1378 octo
3245 1321 3671 1392 partibusquin-

2098 1438 2205 1493 que
2254 1436 2420 1492 supra
2453 1429 2656 1475 terram
2689 1417 2954 1482 eminent,
3006 1425 3062 1471 et
3105 1430 3447 1485 unaquaeque
3490 1414 3671 1472 tribus

2100 1515 2251 1570 horis
2281 1513 2516 1570 volvitur
2551 1533 2564 1568 :
2599 1519 2728 1567 sunt
2770 1517 2950 1565 autem
2991 1508 3285 1580 quinquies
3318 1514 3403 1563 ter
3439 1507 3673 1579 quinde-

2099 1606 2206 1659 cim
2240 1623 2252 1658 :
2285 1619 2510 1660 necesse
2534 1610 2617 1658 est
2636 1600 2948 1673 quindecim
2976 1599 3236 1654 horarum
3262 1598 3515 1654 diurnum
3538 1599 3672 1655 solis

2098 1710 2219 1751 esse
2243 1703 2470 1750 motum.
2501 1692 2658 1761 Quod
2697 1693 2744 1748 si
2780 1702 2910 1747 tunc
2937 1690 3180 1761 quinque
3219 1699 3349 1746 sunt
3379 1698 3562 1760 partes
3587 1689 3674 1745 in-

2100 1787 2184 1841 fra
2227 1796 2457 1855 terram;
2486 1802 2718 1858 quarum
2751 1785 3007 1856 quaelibet
3046 1785 3209 1839 trium
3262 1784 3522 1839 horarum
3554 1798 3676 1854 spa-

2099 1880 2177 1935 tio
2221 1880 2398 1935 cietur
2425 1898 2439 1934 :
2471 1893 2597 1933 cum
2631 1879 2742 1933 sint
2769 1884 2866 1936 .ter
2913 1874 3023 1929 tria
3060 1890 3294 1942 novem;
3324 1875 3675 1945 perspicuum

2027 1974 2069 2030 Β
2096 1982 2181 2028 εει
2217 1981 2432 2028 noctem
2462 1971 2617 2027 horis
2659 1980 2913 2028 constare
2952 1983 3147 2024 novem
3175 1985 3190 2035 ;
3223 1983 3343 2038 qua:
3373 1976 3457 2025 est
3497 1971 3553 2024 in
3581 1968 3674 2024 illo

2106 2072 2285 2119 tractu
2312 2063 2655 2120 brevissima.

2174 2155 2449 2211 Ilibcrnus
2481 2155 2725 2226 tropicus
2760 2154 2903 2210 inter
2937 2154 3300 2210 antarcticum
3329 2154 3595 2210 circulum
3625 2161 3679 2210 et
3784 2222 3789 2231 ί

2103 2246 2545 2317 aequinoctialem
2593 2246 2804 2315 positus
2846 2251 2951 2310 est,
2994 2254 3185 2300 contra
3233 2254 3394 2316 atque
3431 2244 3678 2315 tropicus

2103 2341 2347 2408 aestivus,
2376 2339 2465 2394 cui
2490 2338 2600 2409 87
2628 2345 2710 2394 est
2733 2337 2980 2408 aequalis.
3018 2336 3178 2394 Hunc
3203 2339 3461 2395 zodiacus
3488 2339 3552 2393 in
3573 2337 3680 2394 Ca-

2102 2433 2362 2503 pricorno
2390 2430 2656 2502 contingit
2686 2450 2698 2485 :
2734 2430 2787 2484 in
2819 2445 2929 2500 quo
2954 2430 3037 2486 sol
3067 2431 3353 2487 hibernum
3382 2431 3678 2487 solstitium

2103 2521 2284 2578 cllicit.
2314 2520 2449 2576 llluc
2473 2519 2620 2577 enim
2652 2519 2747 2574 ubi
2786 2521 3053 2590 pervenit,
3101 2536 3213 2576 non
3256 2522 3404 2579 ultra
3452 2521 3682 2578 descen-

2103 2614 2217 2680 dit;
2246 2613 2343 2669 sed
2379 2612 2683 2669 ascendere
2728 2625 2924 2667 rursus
2971 2611 3197 2681 incipit;
3232 2622 3517 2682 propterea
3548 2627 3683 2667 con-

2103 2707 2284 2762 versio
2312 2704 2461 2760 illius
2487 2703 2690 2758 dicitur
2714 2718 2744 2757 a
2762 2703 3097 2775 Capricorno
3118 2702 3186 2758 ad
3203 2701 3472 2759 Cancrum
3491 2718 3660 2761 ascen

2103 2796 2207 2852 sio.
2236 2794 2354 2850 1am
2393 2793 2662 2851 hibernus
2694 2792 2818 2848 ideo
2850 2793 3189 2859 nominatur,
3221 2793 3372 2864 quod
3432 2808 3559 2849 cum
3606 2793 3684 2848 ibi

2103 2888 2270 2943 sola'u
2289 2886 2628 2957 Capricorno
2654 2893 2928 2951 versatur,
2968 2901 3239 2942 summam
3264 2887 3496 2942 hiemem
3528 2886 3680 2942 facit.

2094 2977 2241 3032 Cum
2286 2985 2469 3033 autem
2505 2976 2752 3048 tropicus
2792 2977 3059 3034 hibernus
3104 2976 3296 3034 aestivo
3328 2978 3402 3033 sit
3432 2977 3682 3048 aequalis,

2103 3068 2358 3125 similiter
2401 3078 2569 3140 atque
2616 3071 2707 3124 hic
2752 3069 2808 3123 in
2847 3076 3032 3141 partes
3081 3077 3207 3125 octo
3260 3069 3541 3125 dividitur.
3577 3069 3687 3127 Sed

2103 3160 2404 3225 contrario,
2431 3176 2609 3231 quam
2644 3160 2759 3226 ille,
2791 3159 2954 3215 modo
2986 3159 3056 3215 de
3084 3159 3337 3230 partibus
3368 3167 3494 3215 octo
3523 3159 3689 3232 quin—

2103 3263 2213 3320 que
2248 3248 2391 3305 infra
2415 3257 2643 3317 terram,
2676 3257 2788 3306 tres
2815 3264 2984 3320 supra
3014 3259 3216 3305 terram
3239 3250 3432 3317 habet;
3465 3259 3526 3304 ut
3558 3259 3688 3306 tunc

2111 3342 2436 3398 brevissima
2461 3343 2580 3399 dies
2611 3342 2706 3408 sit,
2734 3357 2861 3397 cum
2882 3341 2968 3398 sol
2989 3340 3385 3412 Capricornum
3415 3345 3687 3400 transiens

2108 3431 2395 3486 hibernum
2426 3432 2698 3503 tropicum
2731 3432 2977 3503 attingit;
3008 3431 3268 3487 horarum
3297 3434 3547 3491 videlicet
3584 3450 3687 3491 no-

2105 3538 2226 3577 vcm
2260 3541 2273 3578 :
2307 3538 2417 3577 nox
2454 3533 2636 3579 autem
2678 3522 2942 3579 horarum
2976 3523 3291 3594 quindecim
3325 3544 3337 3580 :
3364 3526 3597 3597 perinde
3620 3542 3688 3584 ac

2094 3615 2319 3684 tropico
2340 3614 2531 3671 aestivo
2559 3615 2780 3671 accidit.

2094 3774 2097 3779 ὗ
2175 3704 2602 3776 Αἱιιυὶιιοειίειὶε
2647 3707 2893 3764 circulus
2944 3708 3160 3766 medius
3209 3708 3352 3765 inter
3389 3709 3688 3780 parallelos

2107 3802 2352 3870 quinque
2376 3839 2393 3864 ,
2424 3807 2663 3872 quatuor
2693 3802 2923 3873 reliquis
2952 3804 3129 3873 major
3160 3812 3246 3860 est
3271 3842 3288 3869 ,
3322 3805 3467 3874 quod
3496 3819 3526 3859 a
3557 3820 3689 3860 cen-

2107 3899 2195 3945 tro
2222 3890 2456 3946 ducatur
2487 3891 2609 3961 ejus
2640 3892 2902 3948 ambitus.
2931 3893 2989 3947 In
3019 3909 3085 3949 eo
3113 3894 3196 3949 sol
3226 3893 3339 3949 duo
3366 3893 3496 3948 facit
3520 3896 3689 3966 arqui-

2109 3982 2323 4048 noctia,
2359 3998 2480 4053 qua:
2505 3998 2671 4054 supra
2694 3983 2992 4039 memoravi
3020 4003 3035 4040 :
3068 4001 3297 4042 vernum
3349 4002 3473 4042 cum
3496 3997 3585 4043 est
3630 3989 3687 4042 in

2112 4074 2297 4129 Ariete
2324 4094 2337 4128 :
2376 4075 2693 4130 autumnale
2723 4084 2906 4133 autem
2927 4118 2943 4143 ,
2968 4077 3025 4132 in
3055 4075 3238 4133 Libra.
3261 4077 3688 4148 {Equinoctialis

2109 4159 2175 4214 ei.
2196 4175 2394 4214 nomen
2425 4169 2540 4225 est,
2578 4159 2838 4229 quoniam
2876 4161 2933 4215 in
2968 4160 3094 4231 ipso
3124 4161 3451 4231 aequinoctia
3487 4161 3624 4217 ﬁunt
3652 4179 3688 4217 a

2112 4250 2248 4304 sole.
2286 4248 2385 4304 llic
2419 4250 2465 4305 si
2501 4249 2782 4331 in.partcs
2812 4259 2938 4305 octo
2968 4251 3269 4315 tribuatur,
3310 4260 3547 4320 quatuor
3589 4268 3688 4308 su-

2111 4356 2209 4411 pra
2253 4351 2451 4396 terram
2500 4353 2703 4410 erunt;
2748 4341 2892 4396 infra
2921 4341 3188 4409 totidem;
3222 4352 3413 4413 estque
3459 4342 3689 4399 zodiaco

2110 4434 2337 4503 aequalis
2370 4441 2423 4488 et
2453 4434 2631 4488 lacteo
2660 4433 2891 4489 circulo.
3754 4500 3761 4506 ι

2183 4524 2358 4596 Roget
2403 4525 2602 4595 aliquis
2650 4541 2751 4580 cur
2801 4524 3144 4592 dixerimus,
3191 4525 3362 4580 solem
3412 4525 3467 4579 in
3498 4525 3690 4587 aestivo

2113 4617 2352 4672 solstitio
2402 4618 2762 4672 constitutum
2819 4617 3081 4672 horarum
3131 4616 3445 4687 quindecim
3508 4615 3691 4672 facere

2111 4710 2253 4764 diem
2281 4726 2296 4775 ;
2332 4710 2388 4763 in
2420 4708 2683 4773 hiberno,
2715 4723 2911 4763 novem
2944 4727 2957 4762 :
2992 4723 3119 4763 cum
3157 4716 3340 4762 tamen
3370 4708 3425 4761 in
3460 4707 3690 4763 mecha-

2113 4800 2250 4854 nicis
2282 4798 2583 4870 horologiis
2626 4807 2681 4853 et
2729 4798 3064 4870 hydrologiis
3096 4799 3215 4854 dies
3244 4805 3511 4870 perpetuo
3537 4798 3691 4854 horis

2111 4891 2400 4947 duodecim
2427 4900 2684 4946 constare
2716 4891 2987 4947 videatur.
3011 4890 3150 4945 Huic
3171 4892 3244 4946 ita
3270 4891 3684 4962 respondemus,

2113 4982 2571 5051 quemadmodum
2605 4983 2770 5037 homo
2802 4981 3034 5052 quilibet
3062 4990 3178 5036 tam
3220 4997 3357 5052 puer
3384 4997 3547 5052 quam
3578 4983 3685 5046 vir,

2115 5073 2316 5144 quinos
2350 5074 2407 5128 in
2459 5087 2627 5126 manu
2675 5072 2876 5143 digitos
2906 5073 3112 5141 habet;
3149 5088 3260 5127 non
3294 5081 3473 5128 tamen
3508 5089 3687 5144 :equa-

2116 5163 2197 5218 lcs
2227 5182 2239 5218 :
2273 5162 2516 5218 eamdem
2557 5165 2718 5235 plane
2752 5164 2808 5219 in
2837 5165 3032 5221 diebus
3072 5180 3137 5220 ac
3190 5165 3443 5220 noctibus
3480 5168 3692 5235 magni-

2117 5255 2328 5310 tudinis
2395 5268 2459 5308 ac
2537 5255 2837 5310 celeritatis
2890 5255 3160 5310 rationem
3217 5255 3383 5310 horas
3441 5254 3688 5310 habere:

2116 5346 2255 5401 adeo
2286 5355 2345 5401 ut
2377 5360 2700 5417 magnarum
2733 5361 2944 5417 magnae
2977 5347 3130 5414 sint;
3176 5362 3468 5417 parvarum
3503 5345 3692 5401 itidem

2119 5453 2319 5509 parm.
2342 5436 2511 5509 igitur
2531 5438 2703 5493 aestivi
2735 5437 2853 5494 dies
2879 5439 3123 5495 hibernis
3151 5439 3385 5509 majores
3406 5438 3691 5493 intervallo

2116 5537 2376 5587 constant
2405 5529 2664 5584 horarum
2694 5529 2762 5583 15
2790 5528 3288 5599 aequinoctialium,
3320 5544 3439 5600 quae
3467 5527 3522 5582 in
3554 5527 3693 5583 duo-

2117 5621 2297 5676 decim
2340 5621 2689 5692 proportione
2728 5620 3068 5676 dividuntur.
3111 5621 3256 5676 Idem
3295 5636 3426 5693 ergo
3467 5619 3693 5692 majori-

2118 5714 2223 5768 bus
2266 5727 2331 5768 ac
2389 5713 2699 5770 minoribus
2733 5713 2802 5768 de
2830 5714 3087 5771 noctibus
3110 5754 3126 5781 ,
3178 5721 3233 5772 et
3264 5712 3586 5789 majoribus
3625 5725 3696 5770 ac

2120 5805 2426 5862 minoribus
2454 5805 2647 5864 diebus
2681 5813 2764 5868 est
2789 5805 3081 5877 judicium.

958 5923 980 5957 ⁸
1012 5924 1052 5993 f.
1080 5923 1428 5998 διῃρέθησαν.
1504 5927 1526 5960 ⁸
1561 5924 1706 5979 Deest
1738 5922 2012 5994 μεγάλων,
2037 5923 2149 5977 καί.
