4166 6408
498 423 603 480 975
1517 417 1608 473 AD
1646 373 1922 474 russea
1953 410 2347 471 CHRONICON
2389 407 2756 466 APPENDIX.
3649 408 3758 467 976

572 537 823 595 Paralleli
851 536 1092 610 quinque
1120 536 1313 592 circuli
1345 545 1612 593 vocantur
1647 537 1915 592 translata
1943 550 1975 590 a
2009 535 2058 589 lit

2246 529 2584 605 Παράλληλοι
2605 529 2662 583 δὲ
2683 526 2989 601 ἐκλήθησαν
3008 525 3057 579 οί
3075 522 3114 579 ε’
3141 523 3330 579 κύκλοι
3352 522 3460 579 ἀπὸ
3473 521 3582 580 τῶν
3605 529 3756 599 παρὰ

500 635 620 689 ncis
673 630 1069 702 appellatione,
1120 643 1258 701 quas
1304 637 1599 700 geometrae
1648 628 1939 699 parallelas
1987 641 2053 682 vo

2180 628 2292 690 τοῖς
2321 622 2664 694 γεωμέτραις
2691 618 3049 694 παραλλήλων
3087 617 3385 690 γραμμῶν.
3412 620 3757 694 Παράλληλοι

498 735 646 780 cant.
681 722 961 794 Ejusmodi
1002 722 1355 776 nominantur
1395 721 1462 776 ab
1510 722 1577 776 iis
1624 721 1812 786 lineae,
1862 736 1983 790 quae
2025 720 2058 774 ii

2179 717 2235 770 δὲ
2263 714 2519 786 γραμμαὶ
2541 713 2788 782 λέγονται
2817 712 2948 782 παρ’
2975 711 3159 774 αὐτοῖς
3181 712 3234 763 αἱ
3265 711 3323 764 ὲν
3349 708 3428 781 τῷ
3461 710 3608 782 αὐτῷ
3631 713 3754 766 ὲπι-

497 817 689 872 eodem
732 815 896 885 plano
943 812 1138 882 positae
1177 813 1328 868 nulla
1358 822 1512 884 parte
1543 815 1600 868 in
1630 829 1690 869 se
1719 813 1963 868 invicem
1995 813 2058 867 in

2179 807 2325 878 πέδῳ
2347 802 2521 873 οὖσαι,
2543 805 2637 859 καὶ
2661 804 2734 876 μὴ
2757 804 3160 876 συμπίπτουσαι
3184 802 3278 854 ἐπὶ
3296 802 3570 874 μηδέτερα
3588 804 3749 876 μέρη.

497 908 726 962 clinant.
773 903 882 959 Sed
926 919 1026 958 nos
1053 901 1336 960 facilitatis
1370 905 1544 976 gratia
1577 905 1646 960 ab
1673 920 1740 960 eo
1767 903 1912 975 quod
1943 918 2058 959 coni

2178 899 2481 972 Σαφηνείας
2513 897 2568 952 δὲ
2603 897 2762 951 ἕνεκα
2797 899 2862 950 ὲκ
2894 895 2987 950 τοῦ
3026 893 3556 966 παρακολουθοῦντος
3589 894 3754 950 εἴπω-

498 1011 736 1068 sequens
784 1001 868 1050 est
900 1008 995 1050 eos
1027 994 1384 1065 explicemus.
1421 993 1720 1051 Parallelos
1754 994 1937 1064 itaque
1970 993 2058 1049 cir

2181 1011 2299 1064 μεν.
2333 991 2517 1062 Φαμὲν
2562 985 2676 1054 06v,
2703 989 2785 1043 ὅτι
2827 988 3161 1061 παράλληλοί
3186 990 3321 1041 εἰσιν
3355 989 3405 1040 οἱ
3440 987 3626 1041 κύκλοι
3653 1005 3750 1059 με-

495 1090 651 1144 culos
697 1102 821 1143 esse
869 1085 1105 1141 dicimus
1149 1101 1276 1151 eos,
1311 1087 1406 1154 qui
1456 1101 1487 1140 a
1532 1085 1973 1142 circumferentia
2011 1101 2058 1139 at

2175 1085 2308 1152 ταξὺ
2348 1083 2590 1156 ἀλλήλων
2627 1082 2736 1138 ἀπὸ
2774 1080 3130 1153 περιφερείας
3162 1081 3255 1139 ἐπὶ
3298 1080 3653 1152 περιφέρειαν
3694 1081 3755 1134 τὸ

494 1179 998 1237 circumferentiam
1048 1178 1295 1236 eamdem
1327 1179 1696 1251 undequaque
1730 1179 2058 1234 latitudinen

2179 1177 2290 1229 ἴσον
2322 1175 2421 1246 μὲν
2461 1173 2664 1237 πλάτος
2692 1173 2906 1242 ἔχοντες
2947 1170 3306 1242 πανταχόθεν,
3333 1171 3394 1223 ού
3433 1169 3614 1242 μέντοι
3643 1169 3754 1224 ἴσον

495 1275 739 1341 habent;
791 1273 898 1329 etsi
949 1287 1060 1328 non
1100 1273 1324 1344 aequalis
1378 1273 1522 1327 inter
1566 1287 1759 1328 omnes
1789 1272 2058 1343 interject:

2177 1267 2272 1320 καὶ
2297 1267 2358 1320 τὸ
2381 1266 2581 1330 πλάτος
2603 1265 2664 1319 τὸ
2697 1264 2897 1337 μεταξὺ
2932 1263 3132 1318 αὐτῶν.

493 1367 724 1424 latitudo
755 1366 846 1423 sit.

742 1481 821 1536 De
860 1496 1117 1535 zonarum
1149 1497 1182 1533 a
1210 1496 1264 1534 se
1295 1480 1516 1535 invicem
1545 1479 1828 1536 distantia.

2174 1471 2314 1543 Περὶ
2344 1471 2453 1540 τῆς
2485 1470 2634 1540 πρὸς
2664 1467 2944 1534 ἀλλήλας
2980 1464 3098 1521 τῶν
3127 1465 3321 1528 ζωνῶν
3359 1465 3748 1533 διαστάσεως.

557 1574 649 1629 26.
691 1573 869 1644 Atque
899 1581 958 1627 ut
998 1572 1191 1626 borum
1223 1573 1504 1627 intervalla
1530 1588 1956 1643 cognoscamus,
1993 1572 2058 1626 di-

2245 1571 2356 1630 κς.
2391 1564 2507 1617 Ἵνα
2549 1562 2605 1616 δὲ
2661 1563 2755 1616 καὶ
2801 1561 2870 1616 τὰ
2906 1561 3107 1634 μεταξὺ
3155 1559 3358 1614 τούτων
3409 1559 3752 1630 διαστήματα

489 1665 710 1719 vidatur
739 1664 954 1734 sphaera
992 1678 1088 1732 per
1121 1671 1369 1718 centrum
1394 1702 1410 1728 ,
1442 1663 1522 1717 sic
1555 1673 1612 1717 ut
1643 1663 1888 1732 parallcli
1938 1662 2058 1717 bifa-

2177 1656 2457 1730 μάθωμεν,
2487 1655 2627 1708 ἔστω
2649 1655 2958 1726 τεμνομένη
2984 1655 3016 1726 ἡ
3054 1655 3258 1724 σφαῖρα
3291 1650 3380 1705 διὰ
3407 1650 3499 1704 τοῦ
3523 1651 3749 1722 κέντρου

489 1757 628 1810 riam
689 1763 965 1820 secentur,
1015 1754 1163 1808 velut
1208 1769 1304 1808 eos
1331 1755 1506 1809 coluri
1554 1754 1842 1821 dividunt;
1897 1757 2058 1825 sitque

2173 1750 2363 1821 αὐτῆς,
2395 1748 2533 1802 ὥστε
2567 1747 2688 1818 δίχα
2712 1747 3003 1817 τέμνεσθαι
3032 1746 3157 1809 τοὺς
3195 1742 3587 1816 παραλλήλους,
3616 1741 3749 1797 καθ-

491 1848 735 1904 circulus
769 1847 858 1902 ille
887 1848 1126 1916 partium
1155 1845 1224 1900 60
1251 1846 1632 1916 hemisphaeria
1651 1887 1665 1912 ,
1694 1861 1828 1916 ergo
1856 1847 2058 1916 singula

2173 1844 2316 1914 άπερ
2382 1843 2486 1895 ὑπὸ
2544 1841 2653 1895 τῶν
2703 1839 2973 1912 κολούρων
3021 1839 3349 1908 τέμνονταιο
3399 1836 3494 1889 καὶ
3541 1835 3682 1888 ἔστω
3719 1837 3750 1888 ὁ

493 1940 716 2010 triginta
748 1941 984 2010 partium
1015 1945 1196 1995 erunt.
1243 1937 1410 2010 Igitur
1439 1940 1506 1993 ab
1539 1939 1819 1994 horizonte
1858 1939 1927 1992 ad
1970 1940 2058 1993 bo-

2172 1935 2366 1998 κύκλος
2413 1929 2566 1998 οῦτος
2611 1932 2814 2005 μοιρῶν
2857 1933 2918 1999 ξ’.
2961 1933 3232 1987 Ἕκαστον
3269 1925 3362 1983 οὖν
3391 1926 3749 2000 ἡμισφαίριον

489 2034 692 2087 realem
723 2033 907 2102 polum
940 2048 1035 2087 sex
1081 2034 1184 2087 erit
1227 2033 1464 2101 partium
1511 2031 1893 2096 intervallum,
1941 2033 2058 2086 toti-

2167 2029 2271 2083 ἀνὰ
2293 2029 2334 2081 λ’
2368 2027 2568 2099 μοιρῶν
2593 2027 2725 2092 ἓξει.
2770 2027 2902 2079 Ἀπὸ
2922 2025 3101 2079 τοίνυν
3126 2022 3220 2078 τοῦ
3245 2022 3516 2095 ὁρίζοντος
3538 2021 3628 2074 ἐπὶ
3655 2019 3749 2073 τὸν

490 2123 613 2176 dem
640 2162 656 2187 ,
688 2130 823 2192 quot
855 2123 1076 2194 triginta
1110 2132 1238 2178 sunt
1264 2123 1320 2178 in
1349 2121 1732 2192 hemispbmrio
1761 2122 2062 2192 superiore.

489 2215 664 2269 Tanta
694 2223 778 2271 est
805 2216 950 2270 enim
981 2215 1274 2272 eminentis
1303 2216 1414 2286 poli
1445 2215 1513 2270 ab
1546 2215 1829 2271 horizonte
1855 2216 2067 2270 distan-

488 2307 587 2360 tia.
635 2305 918 2378 Siquidem
964 2307 1138 2362 centri
1188 2308 1364 2363 instar
1407 2313 1491 2362 est
1525 2307 1765 2364 horealis
1810 2309 1969 2378 polus
1999 2308 2067 2362 ad

489 2399 754 2454 ambitum
789 2399 978 2454 arctici
1009 2399 1225 2454 circuli.
1258 2398 1320 2452 In
1348 2398 1497 2453 omni
1531 2406 1713 2452 autem
1744 2399 1953 2452 circulo
1981 2413 2066 2452 re-

487 2500 588 2545 ctae
633 2505 822 2547 omnes
870 2505 902 2544 a
949 2497 1140 2545 centro
1178 2490 1356 2546 ducta:
1398 2491 1467 2545 ad
1517 2491 1786 2546 ambitum
1827 2491 2065 2560 aequales

486 2589 614 2636 sunt
666 2582 920 2635 invicem.
979 2580 1329 2636 intervallum
1384 2583 1452 2638 ab
1501 2584 1710 2637 arctico
1757 2584 1965 2638 circulo
1997 2583 2064 2636 ad

483 2673 757 2742 tropicum
790 2673 1039 2728 aestivum
1068 2673 1306 2743 partium
1332 2675 1437 2729 erit
1463 2676 1744 2744 quinque:
1775 2676 1843 2728 ab
1874 2675 2064 2730 mstivo

486 2764 698 2832 tropico
752 2763 819 2816 ad
871 2763 1308 2834 aequinoctialem
1363 2766 1604 2834 partium
1660 2773 1936 2835 quatuor;
1996 2765 2064 2818 ab

482 2856 848 2926 aequinoctiali
884 2856 953 2910 ad
996 2857 1288 2913 hibernum
1334 2859 1642 2928 tropicum,
1696 2859 1884 2914 itidem
1927 2873 2064 2927 qua-

481 2955 647 3011 tuor;
680 2947 746 3001 ab
778 2948 1006 3003 hiberno
1040 2949 1254 3019 tr0pico
1298 2950 1366 3004 ad
1405 2950 1746 3005 horizontem
1773 2990 1788 3014 ,
1825 2951 2063 3018 partium

481 3039 764 3108 quinque;
817 3040 886 3094 ab
934 3040 1221 3096 horizonte
1275 3040 1342 3094 ad
1396 3041 1580 3111 polum
1628 3043 1960 3107 australem,
2008 3050 2078 3095 et-

484 3147 700 3200 semper
730 3131 1036 3197 occultum,
1067 3141 1252 3202 partes
1279 3141 1442 3188 erunt
1473 3149 1608 3201 sex;
1649 3135 1718 3188 ab
1745 3134 1934 3189 eodem
1967 3149 2062 3187 au-

483 3225 638 3280 strali
683 3227 810 3295 polo
851 3224 922 3279 ad
961 3225 1276 3281 inferiorem
1314 3227 1577 3282 ambitum
1621 3228 1814 3282 circuli
1865 3234 1990 3281 anta
2008 3243 2060 3280 νο
2086 3265 2131 3322 C

478 3314 644 3379 ctici,
674 3331 766 3370 sex
799 3315 1026 3386 partes;
1077 3319 1145 3372 ab
1175 3319 1477 3374 antarctico
1522 3320 1730 3374 circulo
1779 3319 1834 3372 in
1876 3320 2054 3373 hemi-

480 3406 715 3477 sphaerio
744 3408 1002 3464 inferiore
1029 3409 1095 3463 ad
1121 3409 1489 3476 horizontem,
1521 3419 1575 3466 et
1598 3419 1908 3466 contactum
1937 3413 2057 3482 ejus

481 3507 645 3568 atque
679 3500 874 3554 arctici
909 3501 1140 3568 circuli,
1182 3503 1369 3558 eadem
1402 3519 1510 3574 qua
1543 3503 1597 3556 in
1627 3504 1897 3574 superiori
1931 3520 2059 3574 pro-

451 3590 764 3662 .portione,
797 3593 1022 3662 reliquae
1054 3603 1182 3649 sunt
1216 3602 1398 3664 partes
1427 3593 1758 3650 octodecim.
1798 3593 2056 3650 Nonnulli

483 3683 750 3751 sphaeram
783 3699 878 3752 per
913 3683 1070 3755 polos
1099 3683 1412 3741 dividentes
1433 3725 1448 3747 .
1496 3686 1642 3740 velut
1676 3702 1774 3756 per
1802 3688 2058 3756 coluros,

479 3773 763 3828 intervalla
799 3775 1189 3844 parallelorum
1218 3777 1274 3830 in
1305 3777 1475 3831 latum
1510 3793 1621 3832 non
1665 3779 1720 3832 in
1750 3786 1934 3848 partes
1962 3780 2054 3845 60,

478 3863 574 3917 sed
606 3863 664 3916 in
695 3863 800 3917 560
832 3865 1168 3922 distribuunt
1197 3883 1211 3932 ;
1244 3867 1688 3938 quandoquidem
1734 3886 1915 3926 annus
1952 3859 2058 3926 565

479 3954 673 4010 diebus
721 3964 958 4012 constat.
1005 3958 1174 4013 Aiunt
1224 3975 1356 4030 ergo
1403 3959 1688 4015 dimidium
1736 3962 1892 4032 ejus,
1942 3966 2056 4020 sive

479 4048 732 4117 superius
762 4048 1237 4118 hemisphaerium,
1273 4057 1458 4121 partes
1488 4052 1737 4109 obtinere
1767 4054 1872 4108 180
1899 4070 1914 4119 ;
1948 4061 2056 4109 tot-

479 4139 620 4193 idem
661 4140 909 4196 inferius.
947 4140 1024 4195 Ex
1064 4142 1268 4212 quibus
1297 4144 1366 4198 ab
1396 4144 1682 4200 horizonte
1726 4146 1795 4200 ad
1827 4148 2053 4202 boreum

477 4229 661 4297 poium
683 4267 698 4292 ,
733 4235 787 4283 et
816 4230 1066 4285 altiorem
1099 4231 1362 4286 ambitum
1390 4234 1582 4288 circuli
1612 4237 1802 4290 arctici
1823 4277 1837 4302 ,
1870 4248 2053 4306 partes

476 4327 602 4372 sunt
628 4318 732 4384 58;
765 4335 796 4372 a
825 4319 992 4375 boreo
1022 4323 1147 4391 polo
1176 4322 1244 4377 ad
1268 4326 1532 4380 arcticum
1559 4327 1830 4381 circulum
1861 4336 2052 4398 partes

477 4411 597 4465 aliae
623 4411 690 4466 1'58
719 4427 733 4476 ;
782 4412 850 4467 ab
897 4413 1106 4468 arctico
1136 4414 1205 4468 ad
1252 4416 1499 4470 aestivum
1535 4418 1833 4488 tropicum,
1870 4427 2053 4488 partes

473 4504 582 4569 24;
613 4518 642 4557 a
673 4507 886 4574 tropico
911 4506 1102 4560 aestivo
1133 4506 1202 4561 ad
1231 4509 1664 4578 aequinoctialem
1684 4550 1698 4574 ,
1727 4519 1913 4580 partes
1937 4511 2007 4565 24
2034 4528 2048 4577 ;

2169 2122 2376 2194 βόρειον
2399 2121 2558 2174 πόλον
2579 2120 2638 2186 ἒξ
2658 2119 2860 2192 μοιρῶν
2883 2119 3035 2174 ἔσται
3060 2118 3335 2188 διάστημα
3360 2116 3468 2169 τῶν
3485 2114 3625 2185 ὑπὲρ
3641 2111 3746 2183 γῆν

2166 2215 2259 2269 τοῦ
2281 2215 2638 2286 ἡμισφαιρίου
2667 2214 2709 2267 λ’
2738 2212 2939 2285 μοιρῶν
2959 2229 2972 2244 ο
2992 2211 3242 2266 τοσοῦτον
3267 2209 3376 2282 γὰρ
3403 2206 3618 2262 ἀπὸτοῦ
3640 2205 3746 2277 ὁρί-

2167 2306 2351 2372 ζοντος
2381 2309 2474 2360 ὲπὶ
2503 2307 2594 2360 τὸν
2626 2306 2834 2378 βόρειον
2882 2304 3044 2359 πόλον
3084 2305 3200 2358 ἐστὶ
3237 2303 3297 2355 τὸ
3337 2301 3572 2374 ἔξαρμα.
3613 2299 3749 2352 Ἀπὸ

2169 2400 2267 2470 μὲν
2299 2400 2407 2472 γὰρ
2436 2399 2530 2453 τοῦ
2562 2398 2770 2471 βορείου
2804 2399 2966 2452 πόλου
2989 2399 3082 2452 ἐπὶ
3111 2397 3210 2468 τὴν
3239 2395 3352 2450 ἄνω
3389 2391 3746 2467 περιφέρειαν

2164 2491 2257 2543 τοῦ
2302 2491 2565 2562 ἀρκτικοῦ
2605 2490 2806 2543 κύκλου
2853 2488 3081 2561 κέντρου
3131 2487 3284 2554 τάξιν
3325 2485 3438 2558 ἔχει
3471 2487 3499 2540 ὁ
3536 2484 3742 2556 βόρειος

2165 2585 2354 2647 πόλοςο
2390 2583 2496 2637 ἀπὸ
2523 2583 2578 2636 δὲ
2606 2582 2700 2636 τοῦ
2737 2583 2904 2652 μέσου
2935 2582 3161 2652 κέντρου
3191 2580 3392 2642 παντὸς
3417 2578 3512 2632 τοῦ
3541 2577 3745 2632 κύκλου

2163 2675 2218 2727 αἱ
2247 2672 2639 2744 ἐκϐαλλόμεναι
2670 2671 2877 2725 εὐθεῖαι
2914 2674 2994 2734 εἰς
3030 2673 3129 2743 τὴν
3177 2669 3531 2743 περιφέρειαν
3571 2671 3744 2723 πᾶσαι

2163 2766 2276 2818 ἴσαι
2302 2764 2561 2836 ἀλλήλαις
2610 2765 2737 2819 εἰσί.
2765 2765 2838 2818 Τὸ
2866 2765 2923 2818 δὲ
2955 2765 3064 2819 ἀπὸ
3106 2763 3199 2818 τοῦ
3235 2761 3496 2835 ἀρκτικοῦ
3538 2761 3740 2817 κύκλου

2161 2858 2438 2929 διάστημα
2465 2859 2558 2910 ἐπὶ
2583 2857 2673 2910 τὸν
2705 2856 2914 2928 θερινὸν
2949 2856 3207 2929 τροπικὸν
3251 2855 3402 2910 ἔσται
3443 2856 3646 2928 μοιρῶν
3664 2860 3704 2907 ε’
3723 2871 3739 2885 ο

2161 2948 2221 3001 τὸ
2245 2949 2303 3002 δὲ
2335 2949 2443 3002 ἀπὸ
2476 2948 2570 3002 τοῦ
2610 2949 2824 3020 θερινοῦ
2866 2947 3126 3020 τροπικοῦ
3166 2949 3258 3001 ἐπὶ
3297 2947 3388 3001 τὸν
3426 2947 3742 3018 ἰσημερινὸν

2162 3041 2313 3094 ἔσται
2347 3041 2550 3112 μοιρῶν
2569 3041 2612 3094 δ’
2631 3056 2646 3070 ⁸
2684 3041 2746 3093 τὸ
2773 3041 2828 3093 δὲ
2851 3040 2959 3094 ἀπὸ
2999 3040 3092 3093 τοῦ
3122 3041 3436 3112 ίσημερινοῦ
3463 3042 3624 3113 μέχρι
3643 3040 3743 3093 τοῦ

2160 3132 2471 3206 χειμερινοῦ
2519 3131 2780 3205 τροπικοῦ
2821 3133 2973 3187 ἔσται
3016 3132 3123 3187 τῶν
3163 3134 3293 3186 ῐσων
3331 3133 3644 3204 τεσσάρων·
3681 3132 3743 3185 τὸ

2161 3227 2217 3278 δὲ
2251 3226 2359 3278 ἀπὸ
2392 3225 2482 3278 τοῦ
2516 3224 2824 3296 χειμερινοῦ
2854 3220 3116 3296 τροπικοῦ
3150 3223 3311 3296 μέχρι
3343 3224 3436 3279 τοῦ
3468 3225 3738 3296 ὁρίζοντος

2168 3317 2373 3387 μοιρῶν
2407 3314 2474 3368 ε’·
2501 3317 2610 3370 ἀπο
2627 3317 2684 3369 δὲ
2713 3315 2807 3368 τοῦ
2829 3315 3101 3388 ὁρίζοντος
3125 3317 3217 3369 ἐπὶ
3242 3317 3332 3371 τὸν
3353 3316 3524 3371 νότιον
3553 3315 3739 3379 πόλον,

2160 3409 2253 3460 καὶ
2279 3408 2364 3460 ἀεὶ
2393 3408 2594 3477 ἀφανῆ,
2625 3408 2809 3477 μοῖραί
2840 3410 2946 3461 εἱσι
2971 3413 3024 3472 ς’
3047 3425 3061 3438 ·
3095 3407 3202 3461 ἀπὸ
3232 3407 3289 3460 δὲ
3325 3408 3418 3461 τοῦ
3451 3404 3613 3460 αὐτοῦ
3645 3422 3736 3458 vo-

2159 3501 2273 3554 τίου
2309 3501 2471 3553 πόλου
2499 3503 2591 3554 ἐπὶ
2618 3501 2714 3572 τὴν
2743 3501 2892 3555 κάτω
2917 3499 3220 3573 περιφορὰν
3247 3499 3338 3553 τοῦ
3372 3495 3736 3569 ἀνταρκτικοῦ

2159 3593 2216 3645 αἱ
2245 3592 2425 3644 λοιπαὶ
2451 3591 2582 3666 ἑξῆς
2624 3599 2691 3663 ιη’
2721 3594 2905 3664 μοῖραι
2923 3611 2938 3624 ν
2965 3591 3071 3645 ἀπὸ
3106 3591 3217 3644 δὲ’·
3237 3589 3331 3643 τοῦ
3375 3586 3736 3658 άνταρκτικοῦ

2159 3686 2216 3737 ἐν
2243 3683 2322 3754 τῷ
2353 3684 2501 3737 κάτω
2541 3685 2884 3757 ἡμισφαιρίῳ
2929 3684 3090 3756 μέχρι
3132 3682 3226 3737 τοῦ
3266 3681 3558 3754 ὁρίζοντος,
3598 3679 3740 3734 καθὸ

2157 3776 2458 3852 ἐφάπτεται
2483 3777 2511 3828 ὁ
2542 3776 2802 3847 ἀρκτικὸς
2836 3776 3034 3839 κύκλος
3062 3775 3250 3841 αὑτοῦ,
3304 3774 3580 3842 ἀναλόγως
3621 3774 3737 3835 τοῖς

2157 3866 2573 3936 προειρημένοις
2613 3867 2754 3939 ὑπὲρ
2792 3868 2897 3938 γῆς
2935 3867 3319 3941 εὑρεθήσονται
3346 3866 3410 3919 ¹⁰.
3457 3865 3612 3929 Τινὲς
3653 3864 3735 3927 δὲ,

2155 3959 2442 4028 τέμνοντες
2479 3960 2576 4032 τὴν
2624 3964 2858 4033 σφαῖραν
2891 3960 2980 4014 διὰ
3019 3959 3128 4013 τῶν
3176 3959 3374 4025 πόλων,
3411 3957 3601 4028 ῶσπερ
3645 3956 3740 4011 διὰ

2153 4050 2264 4104 τῶν
2314 4051 2610 4122 κολούρων,
2637 4055 2708 4104 τὰ
2747 4053 2946 4124 μεταξὺ
2982 4053 3088 4107 τῶν
3117 4051 3474 4124 παραλλήλων
3506 4049 3732 4120 διαστή-

2160 4159 2304 4212 ματα
2332 4143 2472 4196 κατά
2507 4143 2708 4206 πλάτος
2739 4145 2838 4196 οὐκ
2879 4147 2958 4207 εἰς
2988 4143 3028 4208 ξ’
3058 4144 3249 4216 μοίρας
3286 4145 3592 4214 τέμνουσιν,
3619 4139 3731 4194 ἀλλ’

2155 4233 2236 4296 εἰς
2282 4233 2391 4298 τξθο
2426 4235 2610 4306 ἐπειδὴ
2654 4236 2746 4288 καὶ
2788 4237 2816 4287 ὁ
2851 4236 3092 4298 ἐνιαυτὸς
3143 4234 3248 4302 τξε¹
3279 4235 3424 4288 ἐστὶν
3474 4231 3732 4306 ἡμερῶν·

2155 4325 2249 4378 καί
2289 4342 2449 4394 φασιν
2495 4325 2583 4397 ρπ¹
2613 4321 2752 4381 εἶναι
2805 4328 2996 4398 μοίρας
3025 4327 3086 4380 τὸ
3127 4327 3320 4397 ἥμισυ,
3349 4327 3466 4396 ἦτοι
3497 4325 3558 4378 τὸ
3591 4323 3734 4395 ὑπὲρ

2155 4417 2257 4487 γῆς
2284 4418 2637 4490 ἡμισφαίριον
2662 4435 2674 4448 ·
2714 4421 2808 4472 καὶ
2838 4419 2997 4472 πάλιν
3029 4426 3118 4492 ρπ¹
3150 4419 3210 4472 τὸ
3242 4418 3346 4472 ὑπὸ
3367 4421 3488 4490 γῆν.
3535 4416 3626 4481 Ἐξ
3657 4410 3735 4470 ὧν

2154 4509 2262 4562 ἀπὸ
2297 4509 2395 4579 μὲν
2429 4510 2520 4562 τοῦ
2555 4511 2830 4580 ὁρίζοντος
2861 4512 3022 4582 μέχρι
3055 4511 3266 4584 βορείου
3306 4511 3471 4564 πόλου
3501 4509 3596 4564 καὶ
3633 4507 3732 4578 τῆς

477 4598 543 4651 ab
568 4599 932 4666 aequinoctiali
961 4599 1028 4653 ad
1059 4599 1348 4654 hibernum
1382 4601 1685 4670 tropicum,
1721 4610 1904 4672 partes
1935 4603 2006 4656 ‘24
2035 4619 2050 4669 ;

2159 4602 2511 4673 περιφερείας
2525 4603 2619 4656 τοῦ
2638 4604 2899 4675 ἀρκτικοῦ
2917 4605 3117 4658 κύκλου
3143 4606 3243 4677 τῆς
3268 4605 3605 4676 ὑψηλοτέρας
3625 4604 3732 4657 είσὶ

474 4686 605 4741 hinc
645 4689 711 4742 ad
757 4691 1153 4756 antarcticum,
1208 4692 1301 4762 qui
1352 4692 1691 4748 horizontem
1743 4694 2047 4765 contingit,

474 4779 591 4832 aliae
623 4789 804 4848 partes
833 4780 919 4836 32.
951 4781 1044 4837 Hae
1075 4797 1279 4839 omnes
1297 4784 1460 4838 simul
1491 4785 1733 4840 collectae
1761 4785 1896 4840 tiunt
1923 4787 2046 4841 180.

476 4868 567 4922 Sic
597 4870 736 4924 infra
779 4880 984 4927 terram
1022 4873 1215 4929 eodem
1259 4875 1421 4930 modo
1464 4883 1650 4946 partes
1683 4877 1909 4932 totidem
1941 4877 2048 4933 180

473 4971 853 5018 numerantur.
897 4962 1202 5021 Possumus
1244 4975 1297 5022 et
1346 4958 1639 5038 parallelos
1688 4967 1823 5023 istos
1867 4977 2047 5026 rectos

473 5054 780 5109 nominare.
813 5055 916 5120 Qui
947 5057 1019 5112 ob
1050 5057 1103 5112 id
1135 5066 1517 5122 assumuntur,
1548 5066 1610 5113 ut
1656 5059 1904 5117 boreales
1946 5076 2046 5115 au-

474 5145 778 5214 stralesque
805 5154 988 5216 partes
1013 5161 1107 5216 per
1131 5149 1245 5219 88
1273 5164 1367 5204 eas
1396 5149 1610 5206 facilius
1641 5165 2002 5221 agnoscamus
2027 5170 2039 5205 :

475 5243 587 5290 tum
622 5235 784 5290 etiam
816 5239 1202 5293 conversiones
1232 5238 1490 5295 hibernas
1540 5247 1596 5294 et
1648 5241 1886 5307 aestivas,
1945 5257 2046 5298 nec

469 5341 582 5381 non
614 5325 1021 5396 aequinoctiales
1048 5342 1244 5382 vernas
1277 5337 1331 5383 et
1363 5330 1724 5389 autumnales.

2160 4697 2343 4765 μοῖραι
2364 4692 2445 4763 λη’
2465 4712 2478 4724 ·
2508 4695 2616 4748 ἀπὸ
2638 4695 2693 4748 δὲ
2719 4695 2810 4749 τοῦ
2839 4697 3047 4768 βορείου
3073 4699 3166 4751 ἐπὶ
3199 4698 3292 4752 τὸν
3326 4697 3585 4769 ἀρκτικὸν
3617 4697 3734 4766 μοῖ-

2158 4803 2248 4856 ραι
2279 4785 2432 4854 ἄλλαι
2457 4787 2568 4858 λη’·
2604 4788 2712 4842 ἀπὸ
2744 4789 2802 4842 δὲ
2836 4791 2929 4844 τοῦ
2963 4790 3224 4863 ἀρκτικοῦ
3263 4791 3424 4862 μέχρι
3459 4789 3551 4842 τοῦ
3587 4788 3734 4860 θερι-

2153 4875 2245 4928 νοῦ
2269 4877 2528 4948 τροπικοῦ
2566 4881 2751 4953 μοῖραί
2779 4884 2885 4935 εἰσι
2909 4883 2984 4935 κδ’
3003 4901 3016 4913 ο
3045 4884 3151 4936 ἀπὸ
3175 4882 3230 4935 δὲ
3255 4882 3349 4934 τοῦ
3372 4879 3583 4953 θερινοῦ
3604 4897 3732 4951 τρο-

2153 4968 2314 5020 πικοῦ
2349 4970 2510 5042 μέχρι
2537 4972 2630 5025 τοῦ
2677 4974 2993 5046 ίσημερινοῦ
3033 4978 3217 5047 μοῖραι
3257 4975 3368 5032 κδ’⁶
3404 4975 3512 5029 ἀπὸ
3541 4976 3599 5030 δὲ
3637 4975 3731 5030 τοῦ

2156 5059 2472 5133 ἰσημερινοῦ
2507 5064 2610 5128 ἓως
2638 5065 2734 5119 τοῦ
2765 5067 3075 5138 χειμερινοῦ
3104 5068 3364 5140 τροπικοῦ
3398 5071 3583 5140 μοῖραι
3618 5066 3728 5122 κδ’·

2152 5154 2261 5206 ἀπὸ
2307 5154 2363 5208 δὲ
2401 5155 2494 5208 τοῦ
2540 5159 2850 5230 χειμερινοῦ
2904 5161 3009 5224 ἕως
3053 5161 3147 5214 τοῦ
3195 5160 3581 5232 ἁνταρκτικοῦ,
3639 5159 3734 5212 τοῦ

2152 5235 2533 5318 ἐφαπτομένου
2580 5250 2674 5304 τοῦ
2725 5252 3020 5322 ὁρίζοντος,
3059 5253 3214 5307 ἄλλαι
3263 5254 3370 5307 εἰσὶ
3404 5256 3591 5323 μοῖραι
3631 5251 3732 5321 λβ’.

2151 5333 2322 5392 Αῦται
2353 5340 2432 5408 δὲ,
2487 5343 2578 5396 ἐπὶ
2625 5344 2684 5397 τὸ
2725 5345 2856 5398 αὐτὸ
2886 5347 3188 5418 γινόμεναι,
3234 5345 3311 5410 ὡς
3355 5347 3605 5416 εἴπομεν,
3644 5349 3734 5415 ρπ⁹

469 5424 726 5514 γίνονται,
779 5423 1008 5494 Ὁμοίως
1049 5424 1107 5478 δὲ
1151 5424 1246 5478 καὶ
1289 5425 1392 5479 ὑπὸ
1421 5426 1526 5498 γῆν
1572 5428 1713 5482 κατὰ
1740 5429 1835 5484 τὸν
1881 5430 2042 5484 αὐτὸν
2070 5433 2269 5504 τρόπον
2304 5437 2414 5491 ίσαι
2453 5438 2609 5495 ἄλλαι
2646 5448 2732 5512 ρπ
2791 5444 2994 5514 μοῖραι.
3037 5443 3300 5496 Δύνανται
3351 5441 3406 5494 δὲ
3433 5443 3481 5494 οί
3521 5438 3734 5511 παράλ-

469 5512 806 5611 ληλοινοῦτοι
837 5521 929 5572 καὶ
969 5520 1117 5591 ὀρθοὶ
1158 5520 1437 5576 καλεῖσθαι
1459 5539 1474 5553 ’
1507 5525 1933 5598 παρελήφθησαν
1977 5528 2035 5582 δὲ
2062 5530 2203 5602 ὑπὲρ
2232 5533 2326 5587 τοῦ
2359 5512 2898 5609 εὐπαρακολούθητον
2922 5541 3053 5611 ἡμῖν
3096 5540 3194 5610 τὴν
3243 5538 3419 5611 ,δεῖξιν
3476 5533 3732 5605 γενέσθαι

467 5607 577 5662 τῶν
625 5609 973 5706 βορειοτέρων
1014 5614 1106 5706 καὶ
1149 5616 1511 5689 νοτιωτέρων·
1548 5619 1641 5672 καὶ
1674 5618 1814 5673 ὥστε
1845 5622 2048 5690 γνῶναι
2098 5627 2246 5696 ἡμᾶς
2287 5627 2388 5692 τὰς
2428 5607 2765 5702 χειμερινάς,
2795 5607 2919 5688 ήκαὶ
2943 5607 3074 5698 ⁷τὰς
3114 5607 3352 5706 θερινὰς,
3396 5630 3614 5694 καὶτὰς
3653 5632 3733 5683 la-

469 5699 752 5767 ἡμερινὰς,
784 5703 876 5754 καὶ
903 5704 1143 5775 ὲαρινὰς,
1175 5708 1269 5761 καὶ
1299 5711 1674 5783 μετοπωρινὰς
1698 5713 1924 5784 τροπάς.

537 5835 578 5865 θ’
617 5833 736 5906 Lr'g.
773 5839 1132 5912 ἀνταρκτικοῦ
1165 5845 1346 5917 μοῖραι
1368 5849 1504 5903 εἰσιν
1539 5849 1629 5914 ἕξ’
1656 5851 1762 5906 άπὸ
1792 5850 1871 5920 δέ,
1907 5861 2016 5911 etc.
2101 5857 2142 5888 ¹⁰
2171 5855 2294 5928 Leg.
2329 5857 2468 5931 ὑπὲρ
2499 5860 2602 5928 γῆς
2625 5861 2681 5916 αἱ
2704 5860 2887 5916 λοιπαὶ
2922 5859 2990 5932 ιη’
3027 5865 3212 5934 μοῖραι
3250 5863 3665 5933 εὑρεθήσονται.
