4130 6410
388 421 493 482 977

576 520 585 526 I
937 538 1077 607 Περὶ
1101 541 1424 608 κολούρων.

459 655 562 723 κζ’.
593 656 656 709 Οί
707 654 764 708 δὲ
809 653 1054 724 κόλουροι
1081 654 1187 706 είσι
1230 653 1328 724 μὲν
1356 652 1449 707 δύο
1484 653 1593 708 ἀπὸ
1639 652 1828 725 βορέου
1877 655 1968 708 ἐπὶ

380 750 552 813 νότον,
579 747 669 801 διὰ
685 745 791 800 τῶν
805 745 982 799 πόλων
995 745 1284 816 τέμνοντες
1298 745 1398 814 τὴν
1415 748 1646 817 σφαῖραν
1667 748 1760 801 καὶ
1773 748 1898 810 τοὺς
1909 748 1966 800 ἐν

377 844 517 914 αὐτῇ
533 842 741 904 πάντας
755 838 947 902 ἄλλους
958 837 1338 902 κύκλουςΕἰσὶ
1347 838 1404 891 δὲ
1424 839 1670 909 μέγιστοι
1685 840 1780 893 καὶ
1790 839 1962 904 αὐτοὶ,

376 932 453 997 ὡς
475 932 540 986 ἂν
557 930 646 984 διὰ
673 929 770 984 τοῦ
792 929 1018 998 κέντρου
1044 927 1146 997 τῆς
1164 927 1400 998 σφαίρας
1423 928 1670 1000 ἠγμένοι.
1695 927 1964 1000 Τέμνουσι

374 1024 458 1090 δὲ,
491 1024 576 1078 ἵνα
601 1022 702 1087 τὰς
728 1023 770 1077 δ’
801 1022 953 1096 ὥρας
975 1020 1071 1076 τοῦ
1104 1019 1348 1075 ἐνιαυτοῦ
1383 1020 1580 1093 ῥαδίως
1611 1021 1964 1092 καταλαμϐά-

375 1135 576 1189 νωμεν.
603 1116 920 1189 Τεμνόντων
943 1115 1052 1188 γὰρ
1080 1115 1283 1169 τούτων
1303 1113 1566 1186 ἀλλήλους
1583 1115 1678 1168 καὶ
1696 1115 1795 1187 τὴν
1813 1116 1964 1184 σφαῖ-

375 1227 500 1282 ραν,
534 1211 868 1283 συμόήσεται
895 1212 978 1275 είς
1002 1209 1245 1280 τέσσαρα
1277 1208 1581 1280 τετμῆσθαι
1601 1224 1616 1239 ο
1647 1207 1788 1262 ὥστε
1833 1208 1962 1263 ’ἐκα-

376 1319 500 1356 στον
526 1301 635 1356 τῶν
668 1302 952 1374 τεσσάρων
983 1302 1288 1374 τμημάτων
1325 1301 1452 1374 μίαν
1476 1300 1624 1372 ὥραν
1657 1300 1750 1354 τοῦ
1778 1303 1958 1354 ἐνιαυ-

370 1393 468 1449 τοῦ
506 1394 670 1466 ἔχειν.
702 1395 814 1450 Καὶ
841 1397 870 1449 6
895 1394 995 1466 μὲν
1028 1393 1209 1449 αὐτῶν
1258 1393 1400 1449 κατὰ
1431 1393 1704 1466 Καρκίνον
1734 1394 1829 1448 καὶ
1865 1394 1961 1446 Αί-

371 1473 655 1560 γοκέρωτα
678 1488 794 1560 ἔχει
825 1491 924 1562 τὴν
947 1488 1301 1562 περιφέρειαν
1316 1505 1330 1519 ·
1359 1487 1447 1543 διὰ
1469 1489 1568 1559 μὲν
1589 1487 1681 1541 τοῦ
1704 1487 1958 1559 ένὸςήμι-

369 1581 593 1636 κυκλίου
625 1581 888 1636 δεικνύων
925 1583 983 1635 ὲν
1009 1581 1271 1654 Καρκίνῳ
1301 1580 1478 1652 θέρος,
1501 1580 1665 1635 διὰδὲ
1701 1579 1794 1634 τοῦ
1835 1581 1954 1633 ἐτέ-

365 1692 465 1749 ρου
503 1677 562 1728 ὲν
593 1674 931 1747 Αἰγοκέρωτι
977 1673 1240 1746 χειμῶνα.
1277 1673 1334 1727 '0
1373 1673 1430 1727 δὲ
1460 1673 1602 1728 κατὰ
1645 1673 1815 1744 Κριὸν
1861 1671 1954 1725 καὶ

365 1765 552 1838 Χηλὰς
577 1764 674 1839 τὴν
706 1767 1064 1837 περιφέρειαν
1087 1764 1199 1836 ἔχει
1219 1781 1234 1796 ⁶
1269 1765 1361 1818 καὶ
1384 1764 1534 1836 δηλοῖ
1553 1763 1652 1828 τὰς
1676 1763 1841 1828 ἄλλας
1861 1762 1955 1818 δύο

362 1861 513 1931 ὥρας
526 1861 626 1926 τὰς
652 1860 990 1932 ίσημερινάς·
1015 1859 1114 1931 τὴν
1144 1858 1241 1930 μὲν
1259 1859 1479 1931 ἐαρινὴν
1501 1859 1558 1912 ὲν
1574 1857 1750 1930 Κριῷ,
1778 1855 1876 1928 τὴν
1891 1856 1950 1910 δὲ

1132 419 1458 477 ACHILLIS
1499 420 1689 478 TATIl
1727 419 2026 478 ISAGOGE
2060 422 2151 476 AD
2191 421 2398 478 ARATI
2435 421 2903 478 ΡΗᾸΞΝΟΜΕΝΑ.

3539 421 3651 483 973

2692 540 2769 594 De
2797 541 3014 597 coluris.

1997 546 2044 602 A

2152 655 2245 709 27.
2291 654 2404 710 Duo
2439 662 2568 710 sunt
2599 654 2772 710 coluri
2808 671 2838 709 a
2873 656 3244 726 septentrione
3291 657 3356 711 ad
3399 665 3646 714 austrum
3680 641 3685 660 ’

2070 763 2169 818 per
2199 747 2356 818 polos
2412 747 2679 818 sphaeram
2724 747 2954 818 ejusque
3006 749 3244 804 circulos
3283 763 3474 805 omnes
3517 765 3646 820 par-

2071 839 2292 897 tientes.
2345 837 2517 894 Iidem
2569 839 2796 893 maximi
2843 847 3005 904 sunt,
3041 849 3100 895 ut
3128 841 3222 910 qui
3255 856 3352 911 per
3396 850 3642 897 centrum

2069 928 2298 1000 sphaerae
2320 925 2643 985 transeunt.
2681 928 2882 985 Secant
2909 937 3089 986 autem
3134 930 3375 997 idcirco,
3418 939 3479 987 ut
3513 934 3642 988 anni

2066 1027 2418 1092 tempestates
2450 1031 2691 1092 quatuor
2719 1023 2879 1079 facile
2909 1023 3310 1082 discernamus.
3345 1023 3481 1079 Nam
3515 1019 3669 1080 cum'

2065 1129 2187 1170 sese
2231 1123 2424 1169 mutuo
2463 1113 2744 1180 dividant,
2781 1115 3052 1186 sphaeram
3092 1115 3268 1186 ipsam
3311 1131 3530 1187 quoque
3558 1115 3642 1171 di-

2063 1205 2172 1261 vidi
2203 1220 2429 1261 necesse
2472 1213 2557 1260 est
2584 1207 2650 1277 ﬁn
2704 1214 2889 1278 partes
2921 1216 3178 1278 quatuor,
3208 1208 3344 1264 adeo
3374 1216 3435 1263 ut
3463 1208 3640 1280 quod-

2061 1299 2195 1354 libet
2236 1315 2268 1355 c.
2314 1300 2614 1371 segmentis
2643 1309 2885 1372 quatuor
2916 1316 3072 1358 suam
3101 1301 3228 1356 anni
3261 1308 3637 1373 tempestatem

2061 1391 2323 1445 obtineat.
2357 1390 2396 1443 E
2424 1390 2634 1446 coluris
2664 1391 2788 1447 istis
2816 1392 3052 1448 alterius
3089 1392 3329 1448 ambitus
3369 1408 3468 1462 per
3491 1391 3636 1448 Can-

2059 1499 2212 1539 crum
2254 1491 2308 1540 et
2357 1483 2755 1556 Capricornum
2792 1484 3045 1551 ducitur,
3087 1499 3152 1540 ac
3181 1499 3278 1556 per
3314 1484 3635 1540 semicircu-

2057 1575 2170 1630 lum
2203 1592 2370 1630 unum
2404 1584 2649 1632 aestatem
2679 1576 2888 1633 indicat
2915 1577 2972 1632 in
3001 1576 3215 1633 Cancro
3235 1619 3250 1643 ,
3280 1591 3379 1648 per
3403 1577 3632 1633 alterum

2056 1667 2291 1723 hiemem
2319 1670 2376 1724 in
2396 1671 2752 1742 Capricorno.
2780 1669 3019 1727 Alterius
3049 1671 3286 1727 ambitus
3312 1670 3511 1727 transit
3535 1685 3632 1743 per

2054 1758 2294 1815 Arietem
2338 1769 2394 1816 et
2440 1760 2659 1816 Libram
2685 1801 2702 1829 ,
2733 1777 2797 1817 ac
2825 1763 2964 1818 duas
3003 1762 3141 1820 alias
3178 1763 3630 1834 requinoctiorum

2053 1856 2410 1922 tempestates
2441 1853 2661 1910 exhibet
2688 1871 2702 1908 :
2737 1869 2967 1927 vernam
2995 1856 3052 1909 in
3077 1854 3260 1911 Ariete
3289 1871 3304 1921 ;
3338 1862 3629 1912 autumna-

365 1921 834 2023 peto—nwpwﬁv‘tv
847 1921 1350 2022 ΧηλαῖςίΚύλουροι
1381 1921 1447 2002 δὲ.
1468 1921 1784 2020 κέκληνται,
1813 1921 1934 2001 διότι

2051 1942 2156 1998 lem
2192 1943 2248 1997 in
2279 1943 2465 1999 Libra.
2500 1943 2606 2010 Qui
2641 1945 2818 2000 coluri
2854 1923 3143 2017 propterea
3173 1955 3460 2009 vocantur,
3500 1949 3628 2019 quia

355 2043 609 2099 δοκοῦσιν
634 2045 765 2116 ἡμῖν
781 2041 1069 2097 κολοῦσθαι
1095 2041 1285 2112 ὥσπερ
1299 2040 1398 2104 τὰς
1412 2039 1600 2113 οὐρὰς,
1615 2039 1705 2095 διὰ
1730 2039 1790 2093 τὸ
1813 2040 1944 2111 ἡμῖν

363 2139 438 2211 μὴ
466 2137 755 2208 φαίνεσθαι
793 2137 975 2192 αὐτῶν
1013 2135 1083 2190 τά
1109 2136 1201 2189 ἐπὶ
1238 2135 1332 2188 τοῦ
1379 2131 1742 2206 ἀνταρκτικοῦ
1779 2133 1942 2205 μέρη,

358 2232 454 2285 καὶ
479 2233 654 2285 δοκεῖν
710 2229 1002 2284 κολοῦσθαι
1037 2229 1236 2294 αὐτοὺς
1281 2228 1423 2282 κατά
1461 2227 1622 2281 τοῦτο
1653 2227 1712 2281 τὸ
1757 2226 1944 2298 μέρος.

359 2320 684 2394 Συμϐέϐηκε
729 2321 838 2392 γὰρ
868 2319 937 2375 τὰ
972 2320 1071 2391 μὲν
1113 2319 1221 2373 ἀπὸ
1247 2318 1340 2374 τοῦ
1386 2317 1678 2390 ἀειφανοῦς
1721 2318 1944 2384 κύκλου,

357 2408 723 2462 τουτέστιτοῦ
750 2408 1038 2479 ἀρκτικοῦ,
1069 2407 1209 2480 μέρη
1241 2407 1526 2480 φαίνεσθαι
1545 2427 1558 2440 ·
1584 2408 1758 2464 ταῦτα
1790 2409 1846 2463 δὲ
1875 2409 1945 2463 τὰ

359 2499 504 2573 μέρη
552 2499 663 2554 τῶν
703 2499 979 2574 κολούρων
1025 2499 1242 2555 κύκλων
1293 2500 1364 2555 τὰ
1417 2500 1512 2555 τοῦ
1578 2500 1940 2574 ἀνταρκτικοῦ

351 2595 446 2648 ἀεὶ
472 2595 652 2666 ἀφανῆ
687 2589 848 2648 ἐῖναι.

873 2733 1029 2804 Περὶ.
1043 2734 1152 2788 τοῦ
1173 2734 1414 2802 ἄξονος.

423 2853 527 2918 κη’.
563 2847 752 2919 Διήκει
783 2846 840 2902 δὲ
865 2848 895 2901 6
924 2847 1068 2914 ἄξων
1101 2850 1209 2904 ἀπὸ
1236 2850 1330 2904 τοῦ
1371 2851 1597 2924 κέντρου
1624 2854 1716 2907 τοῦ
1749 2854 1940 2924 ἀρκτι-

349 2938 448 2992 κοῦ
477 2937 678 2992 κύκλου
732 2938 820 2992 διὰ
867 2939 964 2994 τοῦ
1011 2941 1236 3014 κέντρου
1271 2943 1372 3015 τῆς
1423 2944 1658 3015 σφαίρας
1705 2945 1809 3009 ἕως
1840 2944 1935 2999 τοῦ

348 3029 577 3101 κέντρου
608 3028 703 3084 τοῦ
735 3031 1119 3104 ἀνταρκτικοῦ.
1153 3035 1533 3107 Παρείληπται
1565 3037 1642 3104 δὲ,
1678 3038 1765 3092 ἵνα
1795 3039 1936 3108 γνῶ-

352 3139 452 3194 μεν
503 3124 587 3177 ὅτι
640 3125 771 3196 περὶ
814 3125 980 3180 αὑτὸν
1011 3127 1105 3180 καὶ
1142 3125 1212 3180 τὰ
1241 3127 1386 3198 ἄκρα
1431 3129 1598 3184 αὑτοῦ
1654 3129 1877 3184 δινεῖται
1904 3133 1933 3185 6

346 3216 574 3288 οὐρανός
596 3233 610 3247 ’
645 3216 834 3290 ὥσπερ
867 3218 996 3290 περὶ
1043 3219 1339 3291 ἁρμάτειον
1378 3221 1544 3288 ἄξονα
1579 3221 1844 3276 δινοῦνται
1879 3226 1930 3277 οἱ

345 3309 550 3380 τροχοί.
575 3309 686 3379 Τὴν
717 3309 775 3364 δὲ
814 3309 944 3381 ὓλην
974 3310 1141 3364 αὐτοῦ
1173 3312 1274 3366 οὐκ
1313 3312 1550 3378 ἐδίδαξεν
1590 3315 1736 3384 ἡμᾶς
1760 3315 1930 3385 Ἀρα-

344 3417 469 3464 τος’
499 3401 615 3456 ἀλλ’
653 3401 731 3466 ὠς
771 3403 831 3456 ὲν
870 3404 1088 3474 ποιήσει
1137 3403 1530 3477 μυθικώτερον,
1582 3405 1771 3479 ὥσπερ
1803 3408 1926 3461 ὀϐε-

341 3494 530 3549 λίσκον
566 3494 729 3548 αὐτὸν
768 3490 940 3549 εἶπεν.
970 3496 1034 3550 Ei
1076 3496 1174 3567 μὲν
1199 3492 1292 3551 οὖν
1337 3497 1483 3566 λέγοι
1513 3516 1596 3563 τις
1638 3500 1799 3553 αύτοῦ
1828 3500 1926 3572 τὴν

342 3583 474 3655 ὕλην
504 3585 570 3638 ὲκ
598 3585 791 3657 πυρὸς,
826 3583 996 3639 ἐλθὼν
1040 3584 1133 3638 ἐπὶ
1176 3584 1276 3657 τὴν
1309 3585 1402 3640 τοῦ
1446 3586 1640 3651 ὕδατος
1690 3591 1925 3660 σφαῖραν

342 3675 701 3749 σϐεσθήσεται
719 3693 736 3711 ο
762 3676 796 3748 ἢ
820 3677 926 3730 ὑπὸ
947 3677 1047 3748 τῆς
1080 3676 1172 3731 τοῦ
1195 3678 1367 3752 πυρὸς
1395 3679 1632 3750 σφαίρας
1661 3680 1925 3749 καταφλε-

337 3770 631 3841 χθήσεται·
664 3767 798 3823 εἰδὲ
819 3771 884 3824 ἐκ
911 3770 1010 3841 τῆς
1047 3770 1156 3829 τῶν
1188 3769 1410 3835 λοιπῶν,
1449 3770 1610 3842 ἀέρος
1637 3772 1670 3842 ἢ
1708 3771 1918 3838 ὕδατος,

335 3863 542 3934 ἀμιγὴς
571 3862 722 3916 ἔσται
747 3864 858 3927 τοῖς
887 3862 1088 3928 ἄλλοις,
1120 3863 1214 3916 καὶ
1238 3863 1343 3916 ὑπὸ
1360 3863 1469 3916 τῶν
1497 3865 1753 3918 ἐναντίων
1779 3866 1921 3935 ἀφα-

334 3955 670 4027 νισθήσεται.
715 3955 1030 4028 Γεωμέτραι
1062 3956 1120 4009 δὲ
1164 3957 1326 4011 αὑτὸν
1361 3957 1700 4012 ὑποτίθενται
1741 3974 1920 4031 γραμ-

335 4047 448 4120 μήν
474 4065 597 4102 τινα
637 4048 862 4120 λεπτὴν,
910 4048 1206 4120 διήκουσαν
1251 4049 1360 4102 ἀπὸ
1401 4048 1495 4103 τοῦ
1547 4051 1774 4122 κέντρου
1821 4051 1917 4106 τοῦ

331 4139 598 4211 ἀρκτικοῦ
643 4139 848 4195 κύκλου
891 4141 1054 4213 μέχρι
1086 4141 1181 4196 τοῦ
1232 4143 1618 4216 ἀνταρκτικοῦ,
1665 4145 1916 4218 καθάπερ

333 4231 566 4302 εῐρηται.
616 4233 679 4286 Ol
713 4232 770 4286 δὲ
810 4235 1031 4302 φυσικοὶ
1072 4235 1350 4306 φιλόσοφοι
1394 4237 1454 4290 τὸ
1487 4236 1689 4308 μεταξὺ
1727 4238 1916 4309 διῆκον

331 4320 552 4393 πνεῦμα
583 4321 832 4392 λέγουσιν
861 4322 1048 4391 ἄξονα.
1079 4325 1366 4396 Μέμνηται
1399 4327 1456 4381 δὲ
1483 4326 1647 4382 αὑτοῦ
1689 4329 1912 4384 Ἐοατο-

331 4411 525 4486 σθένης
555 4413 614 4469 ὲν
642 4413 719 4485 τῷ
754 4412 938 4486 Ἐρμῇ
959 4414 1133 4486 λέγων
1151 4433 1165 4449 ·

326 4547 534 4624 Anthr
694 4567 804 4624 μιν
845 4550 1050 4624 ἔτετμε
1089 4551 1565 4624 μεσήρεαγπαντὶ
1605 4555 1908 4624 Ὀλύμπου

325 4596 1064 4692 ὶξέιὲέὲοτῗᾶπῖᾌφῖιξοὶιῖ-
1089 4596 1197 4678 ’ἑῖᾶ
1216 4596 1535 4692 ’ἓτἜξῖῖὀξ
1546 4596 1905 4695 ’ὴρῖῦὲἶὲἓὶῗ
1940 4596 1985 4652 D

323 4732 436 4789 Καὶ
455 4733 484 4785 6
512 4734 749 4806 Ἀρατος
775 4734 979 4805 λέγων’

322 4845 519 4915 Αὐτὰρ
548 4846 638 4918 ὅτ’
660 4847 786 4904 οὐδ’
821 4849 1032 4920 ὀλίγον
1068 4853 1500 4922 μετανίσσεται
1517 4872 1531 4885 ·
1572 4854 1905 4980 ἀλλᾷ

1824 4945 1905 4993 ως

325 4985 524 5053 Ἄξων
545 4987 681 5044 αἰὲν
707 4989 929 5061 ἄρηρεν
950 5005 966 5022 ⁶
994 4992 1121 5063 ἔχει
1145 4993 1198 5047 δ’
1219 4993 1558 5051 ἀτάλαντον
1579 4985 1816 5066 ἁπάντη

317 5125 647 5198 Μεσσηγὺς
671 5127 846 5198 γαῖαν
863 5145 877 5160 ο
909 5129 1043 5199 περὶ
1084 5130 1138 5184 δ’
1163 5133 1417 5203 οὐρανὸς
1458 5134 1648 5191 αὐτὸν
1687 5135 1897 5207 ἀγινεῖ.

396 5301 718 5373 Ὠνόμασται
742 5305 790 5358 δ’
821 5305 966 5371 ἄξων
988 5307 1076 5363 διὰ
1096 5309 1158 5364 τὸ
1188 5311 1318 5383 περὶ
1341 5312 1504 5367 αὑτὸν
1531 5313 1779 5382 ἄγεσθαι,
1803 5316 1897 5370 καὶ

327 5394 702 5464 τεριδινεῖσθαι
724 5397 816 5452 τὸν
841 5401 1087 5472 οὐρανόν.
1117 5403 1199 5457 Τά
1233 5403 1291 5457 δὲ
1328 5405 1542 5477 πέρατα
1568 5406 1732 5460 αὑτοῦ
1759 5409 1905 5479 πρὸς

318 5485 423 5546 κοῖς
457 5485 704 5558 κέντροις
733 5487 829 5541 τοῦ
853 5507 913 5543 τε
951 5491 1216 5563 ἀρκτικοῦ
1260 5495 1352 5548 καὶ
1389 5495 1484 5549 τοῦ
1530 5497 1891 5570 ἀνταρκτικοῢ

343 5591 445 5629 στι.
471 5577 714 5633 Καλοῢσι
743 5581 788 5634 δ’
815 5577 959 5636 αύτά
979 5583 1177 5649 πόλους
1197 5585 1306 5639 ἀπὸ
1333 5586 1426 5640 τοῦ
1457 5589 1889 5660 περιπολεῖσθαι,

314 5667 406 5721 atat
438 5669 765 5740 στρέφεσθαι
811 5675 942 5746 περὶ
971 5677 1113 5732 αύτά
1152 5678 1243 5734 τὸν
1283 5679 1531 5752 οὐρανόν.
1579 5682 1796 5738 Τούτων
1833 5686 1892 5739 δὲ

306 5758 337 5810 6
365 5762 464 5830 μὲν
489 5762 734 5819 καλεῖται
762 5765 995 5840 βόρειος,
1019 5771 1108 5824 ἀεὶ
1145 5772 1379 5844 φανερὸς
1404 5773 1480 5827 ὢν
1498 5790 1512 5804 ·
1547 5777 1577 5828 6
1603 5775 1660 5832 δὲ
1694 5778 1885 5850 νότιος,

304 5853 395 5914 Ml
425 5855 658 5931 ἀφανής.
682 5859 972 5934 Μέμνηται
1009 5861 1191 5922 αὐτῶν
1217 5865 1310 5921 καὶ
1339 5865 1601 5939 Ἄρατος·

2049 2032 2210 2088 nobis
2245 2033 2398 2089 velut
2426 2035 2601 2090 cauda
2636 2035 2876 2091 mutilati
2920 2036 3200 2099 videntur,
3235 2053 3302 2093 eo
3329 2039 3474 2110 quod
3501 2053 3627 2110 par-

2047 2135 2131 2183 tes
2165 2127 2384 2183 illorum
2417 2128 2484 2183 ad
2510 2129 2695 2200 polum
2716 2130 3078 2186 antarcticum
3100 2129 3477 2187 occultantur:
3505 2133 3627 2204 qui-

2045 2222 2152 2278 bus
2181 2233 2236 2277 et
2269 2223 2508 2278 mutilati
2537 2223 2816 2280 videntur.
2850 2223 2987 2280 Nam
3033 2241 3155 2297 quae
3192 2241 3406 2298 semper
3457 2242 3624 2298 appa-

2044 2323 2200 2370 rente
2229 2315 2467 2382 circulo,
2505 2316 2559 2371 id
2595 2326 2680 2373 est
2721 2317 2965 2384 arctico,
3001 2319 3375 2384 continentur,
3404 2319 3620 2374 illorum

2045 2406 2362 2478 conspicua:
2389 2418 2517 2465 sunt
2547 2416 2767 2481 partes:
2803 2425 2925 2480 qua:
2956 2426 3089 2466 vero
3119 2410 3420 2467 antarctico
3446 2412 3622 2470 inclu-

2043 2498 2267 2565 duntur,
2302 2516 2514 2574 semper
2541 2502 2786 2558 occultae.

2716 2727 2792 2782 De
2827 2746 2947 2784 axe.

2107 2839 2198 2894 28.
2237 2841 2322 2896 Ab
2351 2842 2543 2898 arctic'i
2595 2843 2790 2899 circuli
2839 2853 3030 2901 centro
3077 2861 3176 2917 per
3226 2847 3451 2919 sphaerae
3489 2863 3618 2905 cen-

2038 2937 2220 2996 trum,
2275 2933 2344 2987 ad
2393 2943 2641 2990 centrum
2693 2936 2842 2992 aliud
2886 2939 3175 2994 antarctici
3223 2942 3424 2996 transit
3471 2940 3612 2997 axis.

2035 3018 2141 3086 Qui
2172 3023 2243 3078 ob
2282 3024 2338 3079 id
2381 3034 2699 3098 assumptus
2737 3036 2854 3097 est,
2888 3036 2948 3084 ut
2989 3030 3360 3102 intelligamus
3402 3031 3612 3087 circum

2034 3112 2183 3169 hunc
2211 3123 2267 3178 et
2293 3115 2417 3186 ejus
2445 3125 2691 3174 extrema
2717 3121 3078 3178 circumvolvi
3107 3123 3307 3178 omium
3335 3140 3349 3190 ;
3382 3123 3614 3194 perinde

2035 3211 2199 3274 atque
2224 3207 2430 3262 circum
2453 3224 2653 3267 currus
2680 3228 2837 3269 axem
2859 3222 2994 3270 rotae
3012 3214 3325 3271 volvuntur.
3352 3215 3424 3270 De
3445 3215 3612 3287 hujus

2033 3297 2260 3352 materia
2312 3299 2450 3353 nihil
2493 3317 2597 3359 nos
2641 3302 2844 3360 Aratus
2874 3306 3079 3361 docuit.
3135 3305 3239 3363 Sed
3288 3309 3499 3378 poetica
3545 3309 3614 3362 li-

2029 3391 2209 3445 centia
2241 3391 2549 3452 fabulosius
2579 3396 2811 3467 loquens
2855 3399 3034 3452 veruti
3079 3398 3257 3455 instar
3291 3415 3416 3456 esse
3448 3400 3608 3459 dixit.

2029 3481 2222 3553 Itaque
2252 3486 2369 3541 sive
2398 3487 2525 3558 quis
2554 3489 2708 3544 illum
2751 3475 2826 3546 ex.
2849 3491 3006 3561 igne.
3039 3507 3141 3548 ceu
3174 3493 3433 3560 materia,
3476 3509 3608 3549 con-

2029 3583 2177 3631 stare
2206 3578 2366 3645 velit,
2398 3593 2525 3634 cum
2567 3597 2667 3651 per
2709 3596 2865 3653 aquae
2903 3583 3172 3655 sphmram
3211 3592 3493 3652 transeat,
3525 3585 3606 3642 ibi

2029 3668 2445 3738 restinguetur;
2509 3679 2602 3726 aut
2649 3673 2717 3728 ab
2764 3675 2906 3745 ignis
2958 3675 3172 3745 sphaera
3222 3685 3596 3744 consumetur,

2025 3760 2142 3816 sive
2167 3775 2235 3816 ex
2270 3762 2504 3817 aliorum
2557 3765 2952 3822 elementorum
2982 3769 3246 3836 materia,
3285 3778 3415 3841 puta
3457 3773 3602 3829 aeris

2023 3859 2117 3908 aut
2145 3868 2317 3924 aquae,
2346 3855 2569 3911 misceri
2599 3872 2724 3912 cum
2769 3859 2894 3914 aliis
2921 3874 3029 3915 non
3056 3862 3257 3930 poterit
3283 3879 3298 3929 ;
3325 3869 3380 3918 et
3409 3877 3438 3916 a
3464 3878 3602 3918 con-

2021 3943 2208 4000 trariis
2233 3944 2526 4002 delebitur.
2551 3945 2789 4002 Proinde
2812 3957 3106 4019 geometrae
3133 3952 3334 4006 lineam
3365 3967 3489 4008 esse
3517 3952 3602 4008 di-

2021 4043 2154 4090 cunt
2178 4036 2374 4092 exilem
2400 4037 2471 4093 ab
2495 4038 2688 4093 arctici
2714 4048 2906 4096 centro
2934 4041 3002 4096 ad
3029 4049 3280 4098 centrum
3308 4043 3600 4100 antarctici

2019 4128 2387 4198 pertinentem
2407 4170 2422 4197 ,
2449 4130 2529 4185 uti
2555 4131 2820 4189 diximus.
2853 4133 2924 4189 At
2950 4135 3162 4206 physici
3188 4136 3472 4208 spiritum,
3501 4136 3598 4210 qui

2018 4235 2116 4290 per
2141 4222 2492 4293 interjectum
2525 4225 2764 4296 spatium
2784 4227 3014 4293 transit,
3043 4242 3204 4284 axem
3227 4237 3424 4301 putant
3450 4245 3596 4290 esse.

2015 4311 2186 4384 Cujus
2215 4314 2272 4368 in
2302 4313 2569 4371 Mercurio
2597 4319 2843 4374 meminit
2871 4318 3261 4378 Eratosthenes
3295 4341 3308 4376 :

2087 4555 2270 4637 ipsam
2296 4557 2504 4637 qutident
2533 4561 2700 4614 secuit
2724 4562 2953 4618 mediam
2979 4581 3199 4635 prorsus
3236 4567 3482 4637 Olympi,

2085 4625 2278 4683 Centro
2308 4625 2372 4682 ab
2401 4630 2662 4698 splzwrw,‘
2693 4647 2784 4702 per
2813 4625 3117 4692 axem'vero
3147 4625 3487 4708 fulciebat'ur.

2006 4737 2209 4796 Aratus
2234 4755 2452 4812 quoque
2483 4760 2498 4798 :

2079 4849 2253 4907 Porro
2286 4853 2371 4907 hic
2392 4871 2455 4910 ne
2481 4857 2758 4911 minimum
2783 4857 2993 4930 quidem
3021 4859 3283 4924 declinat,
3311 4862 3403 4917 sed
3430 4862 3590 4933 plana

3211 4929 3225 4986 Ι
3248 4933 3590 4986 immobiliter

2798 4929 2802 4930 ί
3211 4929 3590 5003 [ἱηιπιοῦἱίἰιεν

2080 4992 2215 5047 Axis
2245 5009 2448 5064 semper
2477 4997 2724 5066 ﬁrmatus
2754 5008 2874 5064 est;
2905 4999 3158 5074 habetque
3188 5002 3440 5087 libratam
3469 5021 3587 5087 orn—

3461 5091 3586 5128 nmo

2078 5131 2145 5188 In
2190 5135 2360 5190 medio
2407 5144 2647 5203 terram;
2675 5139 2884 5194 circum
2924 5149 3100 5197 autem
3141 5141 3277 5197 hunc
3316 5073 3503 5286 C([Blgtm
3531 5161 3586 5199 se

3389 5225 3582 5270 versat.

3389 5225 3582 5270 υενεαι.

2069 5316 2202 5375 Axis
2229 5321 2556 5375 vocabulum
2581 5322 2706 5378 ideo
2732 5324 2966 5390 meruit,
2990 5325 3137 5396 quod
3166 5325 3376 5381 circum
3401 5329 3578 5399 ipsum

1996 5423 2206 5484 agatur,
2237 5415 2596 5486 volvaturque
2626 5417 2848 5473 coelum.
2882 5418 3058 5490 Hujus
3089 5430 3332 5478 extrema
3364 5429 3493 5477 sunt
3521 5422 3582 5480 in

1997 5504 2204 5557 centris
2237 5504 2428 5558 arctici
2470 5511 2526 5560 et
2574 5505 2864 5561 antarctici
2893 5508 3227 5564 circulorum
3272 5523 3414 5579 quos
3474 5515 3579 5579 po-

1995 5593 2078 5648 los
2107 5595 2428 5664 nominant,
2459 5611 2526 5651 eo
2553 5597 2702 5667 quod
2739 5598 2948 5653 circum
2991 5599 3083 5654 illa
3124 5600 3326 5655 caelum
3354 5599 3571 5659 assidu!

1994 5685 2260 5755 vertigine
2303 5693 2649 5757 torqueatur.
2685 5687 2767 5744 Ex
2810 5690 2878 5746 iis
2920 5690 3057 5746 alter
3100 5691 3302 5748 boreus
3344 5691 3557 5759 dicitul

1991 5785 2210 5847 Semper
2239 5793 2546 5850 apparens:
2582 5781 2720 5837 alter
2742 5783 2998 5843 australis
3018 5824 3033 5853 ,
3057 5798 3274 5854 semper
3299 5782 3543 5844 occului

1993 5869 2199 5929 Horum
2230 5874 2476 5931 meminit
2511 5875 2747 5936 Aratus:
