4130 6410
387 313 485 384 981

1135 319 1467 378 AClllLLlS
1502 321 1683 374 ΤᾹΤΙΙ
1729 320 2020 375 ESAGOGE
2061 319 2148 373 AD
2175 319 2384 373 ABATI
2418 318 2862 376 PILENOMENA

3527 315 3631 376 98"

385 445 444 499 δὲ
478 447 535 498 ἐν
582 443 844 514 Καρκίνῳ
867 443 1125 512 γένηται,
1162 443 1190 494 ὅ
1224 443 1341 495 ἐστι
1394 440 1534 494 κατὰ
1563 442 1852 512 διάμετρον
1889 441 1966 511 τῷ

2093 441 2154 494 iit
2196 443 2262 494 ad
2297 440 2592 503 Cancrum,
2635 441 2728 510 qui
2774 455 2803 492 a
2850 438 3182 509 Capricorno
3213 445 3322 492 tota
3367 438 3634 492 diametro

390 536 761 608 Αἱγοκέρωτι,
819 535 941 588 τότε
997 535 1224 604 πλησίον
1264 534 1421 605 ἡμῶν
1451 535 1596 598 ἐστι,
1640 535 1734 588 καὶ
1777 533 1964 605 καῦμα

394 629 529 683 πολὺ
557 628 686 698 παρ’
717 630 870 697 ἡμῖν.
911 628 969 681 '0
1007 628 1065 680 δὲ
1092 627 1366 698 Καρκίνος
1394 627 1502 681 τῶν
1535 626 1599 696 ιβ’
1641 626 1847 690 ζωδίων
1878 627 1965 696 βο-

397 720 669 792 ρειότερός
698 721 836 773 ἐστι.
876 719 1045 789 Δῆλον
1077 715 1192 783 οὖν,
1219 720 1300 772 ὅτι
1331 719 1429 790 τὴν
1468 719 1673 790 βόρειον
1709 718 1966 790 οἰκοῦμεν

396 813 591 883 ζώνην.
610 813 698 866 Ἐν
731 811 840 882 γὰρ
868 811 1120 882 Καρκίνῳ
1141 811 1428 882 γενόμενος
1451 814 1479 864 ὁ
1507 812 1658 882 ἥλιος
1679 811 1965 884 ἀριστερὸς

395 907 552 977 ἡμῶν
584 904 885 971 ἀνατέλλει,
923 904 1022 974 τὴν
1054 902 1211 956 σκιὰν
1250 887 1409 974 μῶν
1444 905 1523 966 εἰς
1551 902 1619 957 τὰ
1649 903 1796 968 δεξιὰ
1825 904 1964 974 μέρη

397 995 624 1050 κλίνων⁶
671 997 699 1048 ὅ
745 995 860 1048 ἐστι
904 996 1128 1064 σημεῖον
1167 993 1396 1064 ἐναργὲς
1436 992 1530 1046 τοῦ
1567 995 1718 1063 ἡμᾶς
1763 993 1969 1058 δεξιοὺς

398 1080 539 1140 εἶναι
583 1085 679 1138 τοῦ
723 1085 894 1156 ἡλίου.
925 1084 990 1137 Εἰ
1024 1083 1132 1154 γάρ
1160 1101 1245 1148 τις
1300 1081 1490 1153 λύχνον
1535 1082 1679 1152 ἅψας
1719 1085 1776 1135 ὲν
1820 1083 1969 1153 μέσῳ

396 1179 697 1250 οἰκήματος
727 1177 868 1248 θείη,
891 1177 949 1229 ὲν
977 1175 1127 1246 δεξιᾷ
1147 1174 1202 1228 δὲ
1234 1173 1398 1228 αὐτοῦ
1426 1175 1582 1245 σταίη
1603 1191 1616 1204 ’
1646 1175 1706 1227 τὸ
1729 1173 1970 1244 σκίασμα

399 1269 494 1322 τοῦ
528 1267 760 1332 ἑστῶτος
789 1269 850 1320 οὐ
888 1266 1026 1339 πρὸς
1069 1266 1160 1319 τὸν
1191 1266 1417 1336 λύχνον,
1459 1265 1572 1320 ἀλλ’
1607 1266 1664 1318 ὲν
1701 1264 1852 1336 δεξιᾷ
1874 1265 1969 1317 τοῦ

399 1359 686 1432 ἀνθρώπου
713 1358 989 1430 τρέψεται.
1026 1358 1090 1410 Εἰ
1119 1357 1296 1411 τοίνυν
1326 1357 1421 1410 καὶ
1449 1355 1606 1427 ήμῶν
1645 1357 1700 1408 αἱ
1735 1355 1884 1408 σκιαὶ
1915 1356 1972 1407 ὲν

398 1452 550 1522 δεξιᾷ
575 1451 732 1523 ήμῶν
759 1451 1018 1518 γίνονται,
1037 1449 1213 1520 δῆλον,
1231 1449 1312 1502 ὃτι
1336 1449 1622 1521 ἀριστερὸς
1642 1447 1798 1519 ἡμῶν
1827 1447 1973 1500 ἐστιν

401 1545 431 1597 ὁ
457 1543 627 1612 ἥλιος.
655 1541 946 1596 ’Δνάπαλιν
967 1542 1024 1595 δὲ
1056 1545 1170 1605 τοῖς
1201 1544 1257 1596 ὲν
1278 1543 1344 1612 τῇ
1367 1540 1532 1611 νοτίῳ
1556 1539 1702 1612 ζώνῃ
1734 1539 1973 1593 οἰκοῦσιν

401 1636 458 1687 ἐν
496 1634 646 1704 δεξιᾷ
686 1635 784 1706 μὲν
819 1633 965 1688 ἐστιν
1004 1637 1032 1687 ὁ
1061 1634 1231 1705 ἥλιοςσ
1262 1635 1318 1686 ὲν
1357 1635 1620 1706 ἀριστερᾷ
1643 1633 1698 1686 δὲ
1727 1632 1906 1686 αὐτῶν
1937 1633 1970 1702 ἡ

403 1727 534 1781 σκιὰ
555 1727 692 1799 πρὸς
711 1727 862 1780 νότον
891 1727 1259 1797 ἐκπέμπεται..
1273 1726 1456 1789 Οὕτως
1482 1721 1574 1778 οῦν
1595 1724 1973 1778 ἀποδείκνυται

400 1820 550 1889 ἡμᾶς
587 1818 686 1888 τὴν
719 1818 924 1890 βόρειον
966 1817 1141 1889 ζώνην
1173 1819 1271 1889 τὴν
1311 1817 1572 1889 εὔκρατον
1605 1819 1792 1870 οἰκεῖν.
1821 1815 1977 1878 Τινὲς
2005 1803 2048 1857 Β

400 1910 460 1963 δὲ
501 1910 595 1963 καὶ
641 1910 815 1964 ταῦτα
847 1911 974 1982 περί⁵
1005 1910 1114 1963 τῶν
1147 1909 1332 1974 ζωνῶν
1363 1912 1633 1982 εἰρήκασι.
1666 1908 1840 1962 Ζῶναί
1871 1909 1977 1960 εἰσι

403 2004 502 2074 τῆς
546 2003 652 2074 γῆς
682 2003 786 2057 ὑπὸ
825 2005 951 2066 τοὺς
1000 2001 1376 2074 παραλλήλους
1417 2000 1617 2071 ὁμοίως
1656 1999 1849 2052 πέντεο
1890 1996 1979 2067 βὸ-

404 2112 568 2171 ρειος,
586 2094 680 2165 ὅλη
711 2093 1000 2164 μετέωρος,
1025 2093 1297 2162 ἀοίκητος,
1323 2087 1976 2160 κατεψυγμένη,Κρόνου,

401 2187 712 2257 ἐξηκοστῶν
748 2187 942 2258 μὲνης¹,
971 2185 1200 2238 σταδίων
1228 2184 1285 2237 δὲ
1307 2182 1609 2254 δισμυρίων
1637 2187 1726 2252 ,εσθ
1744 2196 1758 2211 ο
1783 2180 1845 2232 τὸ
1871 2179 1979 2250 γὰρ

405 2280 693 2351 ἑξηκοστὸν
731 2278 963 2333 σταδίων
994 2279 1110 2330 ἐστὶ
1140 2277 1250 2348 ,δσ’,
1286 2275 1492 2347 θερινὴ,
1528 2273 1749 2326 πλείονα
1785 2271 1981 2342 ἔχουσα

404 2373 472 2426 τὰ
515 2374 655 2445 ὑπὲρ
691 2373 784 2427 τὸν
820 2370 1104 2443 ὁρίζοντα’
1137 2369 1423 2442 εὔκρατος,
1456 2371 1512 2421 έν
1614 2368 1760 2420 ἐστιν
1799 2363 1980 2436 ἡκαθ⁹

404 2466 553 2536 ἡμᾶς
587 2463 878 2535 οἰκουμένη
900 2479 914 2494 ο
939 2463 1082 2527 Διὸς,
1112 2460 1420 2534 έξηκοστῶν
1445 2467 1505 2524 ε’,
1532 2458 1759 2512 σταδίων
1779 2457 1838 2510 δὲ
1867 2456 1982 2508 δισ-

405 2556 614 2627 μυρίων
656 2557 859 2626 καὶμο
909 2553 1234 2626 ἰσημερινὴ,
1296 2553 1409 2606 ἴσον
1469 2551 1668 2621 ἔχουσα
1705 2549 1797 2602 τὸν
1843 2548 1984 2618 ὑπὲρ

405 2648 508 2718 γῆς
533 2645 779 2717 ὁρίζοντα
806 2645 884 2717 τῷ
906 2647 998 2699 ὑπ’
1024 2645 1090 2699 αὐ
1101 2645 1193 2698 τόν
1213 2660 1226 2673 ⁸
1255 2642 1528 2711 ἀοίκητος,
1549 2637 1949 2709 διακεκαυμένη
1966 2654 1980 2667 ο

410 2740 627 2809 Ἄρεος,
670 2737 975 2810 έξηκοστῶν
1011 2737 1108 2808 μὲν
1142 2743 1215 2807 η’,
1264 2735 1324 2802 ἐξ
1362 2732 1623 2805 ἐκατέρου
1667 2729 1865 2802 μέρους
1891 2727 1984 2782 τοῦ

409 2831 728 2902 ἰσημερινοῦ
771 2831 1081 2903 τεσσάρωνο
1134 2821 1288 2894 οὗτος
1347 2829 1456 2901 γὰρ
1499 2826 1666 2896 αὐτὴν
1712 2824 1840 2896 ὅλην
1887 2823 1986 2895 τὴν

408 2929 644 2996 σφαῖραν
681 2925 865 2996 τέμνει
919 2925 1118 2996 μέσην·
1165 2922 1392 2977 σταδίων
1429 2921 1486 2974 δὲ
1524 2919 1864 2992 τρισμυρίων
1893 2918 1988 2971 καὶ

410 3024 506 3091 ⁴γχ¹
527 3036 539 3048 ⁸
578 3018 886 3089 χειμερινὴ,
915 3017 1187 3071 ἀνάπαλιν
1212 3018 1278 3086 τῇ
1313 3014 1523 3086 θερινῇ,
1568 3013 1751 3066 πλεῖον
1790 3011 1991 3082 ἔχουσα

408 3111 470 3164 τὸ
498 3110 604 3164 ὑπὸ
646 3110 736 3162 τὸν
778 3109 1048 3181 ὁρίζοντα,
1086 3107 1412 3178 οἰκουμένη,
1449 3104 1743 3176 εὔκρατος
1789 3105 1986 3174 Ἀφρο-
2017 3141 2058 3197 C

409 3202 582 3273 δίτης,
615 3201 922 3274 ὲξηκοστῶν
959 3201 1023 3267 ε’,
1063 3199 1292 3254 σταδίων
1322 3198 1380 3251 δὲ
1429 3196 1732 3268 δισμυρίων
1761 3194 1856 3248 καὶ
1905 3210 1985 3264 ,α-

411 3296 606 3361 νότιος,
629 3295 726 3367 ὅλη
752 3293 980 3365 ἀφανὴς,
1007 3293 1278 3364 ἀοίκητος,
1319 3288 1705 3359 κατεψυγμένη
1721 3304 1734 3318 ·
1763 3285 1988 3358 Ἑρμοῦ,

414 3387 725 3460 ἑξηκοστῶν
771 3387 870 3458 μὲν
902 3392 978 3450 ς’,
1031 3382 1260 3436 σταδίων
1310 3381 1367 3435 δὲ
1414 3379 1712 3451 δισμυρίων
1741 3385 1852 3451 ,εσ¹.
1903 3379 1991 3443 Ὠς

415 3476 555 3533 εἶναι
607 3479 668 3532 τὸ
715 3479 856 3548 ὑπὲρ
902 3477 996 3530 τὸν
1049 3474 1300 3548 ὁρίζοντα
1356 3473 1688 3545 περίμετρον
1738 3473 1838 3543 τῆς
1888 3473 1991 3544 γῆς

414 3571 733 3646 ἑξηκοστῶν
763 3571 862 3642 μὲν
904 3569 1220 3641 τριάκοντα,
1263 3566 1493 3621 σταδίων
1529 3566 1588 3620 δὲ
1621 3565 1897 3638 μυριάδων
1928 3565 1992 3635 ιβ’

415 3667 609 3736 καὶ-ς.
653 3662 958 3718 Καλοῦνται
982 3662 1041 3715 δὲ
1068 3661 1117 3714 οἰ
1144 3660 1243 3732 μὲν
1279 3660 1372 3711 ἐπὶ
1397 3657 1491 3711 τοῦ
1522 3657 1686 3710 αὐτοῦ
1730 3659 1995 3728 ἡμισφαι-

418 3759 534 3832 ρίου
557 3757 756 3828 βόρειοί
776 3773 836 3809 τε
859 3755 954 3810 καὶ
976 3754 1141 3808 νότιοι
1166 3751 1546 3814 κατοικοῦντες
1578 3749 1897 3821 αὐτόχθονες
1916 3749 1960 3781 ⁸⁸
1979 3767 1991 3780 ο

416 3851 467 3904 οἱ
491 3850 534 3902 δ’
558 3850 643 3918 ἐφ’
675 3848 911 3918 ἑκάτερα
943 3845 1051 3900 τῶν
1086 3843 1460 3916 ἡμισφαιρίων
1496 3842 1638 3914 ὑπὲρ
1671 3842 1774 3912 γῆς
1802 3859 1862 3896 τε
1902 3842 1998 3895 καὶ

419 3941 526 3994 ὑπὸ
552 3941 678 4011 γῆν,
715 3939 1016 4003 ἀντίποδες.

2070 534 2275 597 distat,
2333 533 2772 604 appropinquare
2827 533 3010 598 nobis,
3063 548 3127 587 ac
3178 547 3450 588 summum
3491 531 3635 601 apud

2068 641 2170 680 nos
2198 633 2393 680 aestum
2429 627 2714 681 exsistere.
2757 625 2824 678 At
2868 625 3077 680 Cancer
3115 625 3398 681 duodecim
3450 628 3637 697 signo-

2068 736 2191 774 rum
2230 720 2467 773 maxime
2491 719 2728 773 borealis
2757 725 2863 773 est.
2894 717 3248 787 Perspicuum
3277 728 3359 774 est
3385 735 3512 791 ergo
3549 721 3640 776 bo-

2070 811 2272 864 realem
2305 825 2336 863 a
2367 810 2526 864 nobis
2555 824 2748 862 zonam
2773 807 2974 863 incoli.
3002 808 3136 862 Nam
3170 809 3251 864 sol
3290 825 3412 864 cum
3446 820 3530 866 est
3582 813 3638 867 in

2074 905 2293 960 Cancro
2333 903 2557 958 sinister
2605 903 2764 958 nobis
2804 902 3006 967 oritur,
3052 903 3302 958 umbram
3349 920 3502 960 suam
3545 905 3640 962 ile-

2071 1003 2228 1051 etens
2263 995 2329 1050 ad
2380 994 2683 1049 dexteram.
2751 993 2905 1060 Quod
2964 1002 3285 1066 argumento
3315 1006 3528 1051 estnos
3573 997 3640 1051 ad
3711 1046 3716 1050 .

2077 1087 2327 1142 dextram
2367 1086 2632 1141 obversos
2676 1101 2798 1141 esse
2839 1087 2960 1142 soli.
3009 1086 3218 1141 Etenim
3242 1086 3288 1142 si
3317 1087 3440 1156 quis
3467 1087 3643 1142 lucer-

2073 1194 2197 1232 nam
2227 1177 2531 1234 accendens
2560 1178 2736 1233 media
2768 1179 2819 1233 in
2853 1179 3014 1234 domo
3051 1181 3304 1244 collocet,
3333 1187 3386 1234 et
3409 1179 3476 1232 ad
3511 1179 3644 1234 dex—

2074 1275 2214 1320 tram
2253 1267 2376 1336 ejus
2409 1275 2534 1333 stet,
2573 1268 2776 1324 stantis
2829 1267 3001 1338 ipsius
3058 1269 3252 1324 umbra
3288 1286 3397 1324 non
3445 1271 3514 1326 ad
3561 1271 3645 1324 lu-

2074 1372 2317 1422 cernam,
2361 1359 2452 1413 sed
2489 1359 2554 1413 ad
2596 1360 2841 1414 dextram
2870 1360 3108 1414 hominis
3143 1361 3345 1416 tendet.
3375 1362 3644 1427 Quocirca

2075 1464 2199 1504 eum
2243 1450 2449 1504 umbrae
2481 1466 2774 1521 corporum
2807 1459 3122 1507 nostrorum
3155 1452 3357 1508 dextrae
3395 1453 3506 1508 sint
3559 1471 3646 1508 no-

2075 1542 2180 1606 bis,
2232 1542 2586 1598 manil‘estum
2627 1551 2710 1598 est
2742 1543 3026 1597 sinistrum
3073 1558 3289 1612 quoque
3318 1543 3476 1598 nobis
3523 1559 3646 1599 esse

2076 1636 2266 1690 solem.
2309 1634 2351 1687 E
2413 1636 2693 1690 contrario
2741 1650 2871 1690 vero
2908 1635 2997 1698 iis,
3026 1636 3120 1705 qui
3151 1636 3202 1689 in
3243 1637 3470 1690 australi
3510 1651 3648 1690 zona

2076 1727 2301 1798 degunt,
2335 1729 2416 1783 sol
2444 1728 2637 1782 dexter
2676 1735 2800 1794 est;
2854 1726 2921 1781 ad
2953 1729 3233 1783 sinistram
3264 1745 3394 1784 vero
3429 1730 3648 1802 illorum

2079 1819 2273 1873 umbra
2322 1819 2524 1888 jacitur
2558 1819 2838 1874 meridiem
2884 1835 3097 1875 versus.
3153 1819 3265 1874 llac
3316 1821 3524 1876 ratione
3555 1821 3652 1876 de-

2079 1918 2418 1966 monstratur
2450 1926 2554 1966 nos
2584 1911 2639 1964 in
2666 1918 2964 1981 temperata
2997 1926 3133 1965 zona
3163 1912 3379 1982 degere.
3417 1911 3650 1978 Quidam

2079 2004 2242 2058 etiam
2269 2003 2337 2057 de
2367 2003 2523 2059 zonis
2553 2002 2656 2058 ista
2686 2003 3044 2073 scripserunt.
3075 2002 3236 2057 Zona:
3273 2011 3399 2060 sunt
3429 2005 3481 2057 iu
3506 2011 3652 2058 terra

2081 2098 2186 2152 sub
2223 2096 2501 2167 parallelis
2541 2095 2799 2151 similiter
2822 2096 3066 2166 quinque
3100 2115 3113 2150 :
3147 2095 3338 2162 Borea,
3375 2104 3486 2151 tota
3514 2096 3649 2153 sub-

2082 2190 2250 2254 limis,
2279 2189 2678 2252 inhabitabilis,
2726 2188 2952 2259 frigida;
2993 2187 3274 2255 Saturnia,
3320 2191 3654 2260 sexagesima

2084 2282 2346 2351 scrupula
2381 2297 2475 2337 sex
2500 2289 2717 2351 patens,
2753 2296 2875 2350 quae
2913 2288 3044 2335 sunt
3073 2280 3248 2336 stadia
3287 2278 3486 2336 25200.
3520 2277 3656 2332 Nam

2084 2375 2404 2444 scrupulum
2457 2388 2626 2427 unum
2681 2371 2875 2428 stadiis
2932 2378 3146 2426 constat
3186 2369 3344 2424 1200.
3395 2368 3608 2424 [Εδῐίνει
3639 2407 3656 2434 ,

2086 2468 2249 2538 cujus
2294 2466 2685 2536 parallelorum
2733 2479 2899 2534 supra
2936 2462 3274 2517 horizontem
3315 2461 3526 2514 minora
3571 2475 3658 2515 se-

2086 2567 2307 2632 gmenta
2341 2566 2496 2615 sunt.
2521 2557 2868 2628 Temperata,
2902 2559 2956 2612 in
2985 2573 3092 2629 qua
3123 2556 3262 2613 situs
3283 2563 3367 2611 est
3389 2555 3538 2610 orbis
3563 2569 3662 2609 no-

2089 2659 2222 2719 ster,
2259 2651 2326 2707 ad
2356 2649 2544 2707 Jovem
2576 2652 2858 2722 pertinens
2890 2667 3011 2720 quae
3047 2651 3101 2704 in
3134 2649 3468 2720 sexagesima
3497 2647 3662 2718 quin-

2089 2760 2196 2815 que
2240 2743 2567 2814 porrigitur;
2603 2744 2776 2798 stadia
2803 2743 2999 2798 21000.
3026 2741 3470 2812 Αῧιιυὶηοριὶοιὶε,
3504 2741 3664 2810 cujus

2088 2835 2317 2890 horizon
2350 2835 2614 2905 aequalem
2647 2833 2774 2889 facit
2810 2835 2952 2889 infra
3000 2850 3274 2906 supraque
3309 2833 3612 2904 portionem
3647 2851 3661 2885 :

2093 2926 2491 2990 inhabitabilis,
2538 2927 2784 2980 torrida:
2817 2927 3000 2981 dicata
3025 2926 3216 2995 Marti;
3262 2942 3381 2998 qua:
3407 2926 3668 2996 scrupula

2093 3029 2220 3074 octo
2257 3025 2426 3082 tenet,
2471 3019 2575 3072 hoc
2617 3026 2700 3072 est
2740 3017 2996 3089 utrinque
3028 3019 3096 3074 ab
3131 3018 3499 3090 mquinoctiali
3532 3032 3670 3087 qua-

2091 3120 2236 3166 tuor.
2277 3110 2377 3164 Hic
2417 3111 2561 3165 enim
2602 3111 2869 3180 sphaeram
2905 3120 3070 3164 totam
3107 3112 3160 3164 in
3195 3109 3375 3165 medio
3411 3111 3665 3178 partitur.

2097 3198 2193 3256 Est
2214 3208 2395 3254 autem
2426 3200 2725 3255 stadiorum
2757 3199 2953 3256 5⁵5600.
2988 3199 3268 3264 llicmalis,
3291 3209 3482 3256 contra
3506 3214 3672 3270 quam

2097 3292 2286 3346 aestiva
2333 3291 2596 3360 majorem
2651 3291 2754 3346 sub
2810 3292 3094 3347 horizonte
3146 3293 3449 3358 portionem
3502 3293 3674 3347 relin-

2097 3398 2310 3453 quens;
2361 3382 2606 3436 habitata
2653 3389 2987 3452 temperata,
3039 3384 3298 3438 attributa
3345 3381 3582 3448 Veneri;
3617 3382 3675 3436 in

2098 3475 2435 3546 sexagesima
2459 3477 2701 3546 quinque
2721 3475 2915 3531 dill‘usa
2937 3496 2949 3530 :
2975 3492 3100 3546 qua:
3123 3485 3251 3531 sunt
3279 3474 3454 3531 stadia
3475 3473 3672 3528 21000.

2099 3567 2376 3622 Australis
2407 3583 2514 3622 non
2554 3583 2824 3638 apparens
2855 3569 3081 3622 omnino
3119 3569 3514 3635 inhabitabilis,
3567 3568 3674 3622 fri-

2102 3673 2233 3729 gore
2271 3659 2482 3728 rigens;
2538 3658 2794 3713 Mercurii
2842 3659 3159 3730 peculiaris,
3208 3660 3546 3730 sexagesima
3581 3678 3679 3717 sex

2104 3748 2357 3803 obtinens
2393 3768 2404 3802 :
2443 3764 2565 3818 quae
2617 3749 2794 3805 stadia
2823 3750 3030 3804 faciunt
3056 3749 3253 3804 25200.
3305 3749 3382 3805 Ita
3417 3751 3678 3807 dimidius

2107 3857 2275 3911 supra
2312 3841 2650 3897 horizontem
2693 3843 2932 3898 ambitus
2971 3850 3130 3898 terra:
3172 3843 3430 3913 scrupula
3472 3843 3682 3914 colligit

2106 3934 2354 4004 triginta,
2385 3934 2563 3990 stadia
2599 3933 2826 3989 126000.
2860 3935 3035 3988 Porro
3065 3935 3158 4006 qui
3192 3937 3246 3988 in
3282 3934 3473 3990 eodem
3506 3935 3682 3989 hemi-

421 4036 657 4106 sphaerio
703 4036 831 4089 hinc
885 4033 954 4088 ad
1009 4031 1434 4103 septentriones,
1489 4030 1617 4085 inde
1674 4027 1743 4083 ad
1782 4028 2063 4082 meridiem
2114 4016 2384 4099 habitant,
2440 4029 2828 4085 antichthones
2885 4037 3189 4098 vocantur;
3245 4029 3340 4099 qui
3391 4035 3573 4084 autem
3627 4027 3684 4082 in

421 4131 653 4192 diversis
675 4129 1070 4200 liemisphaariis
1099 4144 1262 4199 supra
1281 4127 1533 4197 infraque
1547 4135 1772 4189 terram,
1794 4123 2082 4193 antipodes

460 4253 601 4323 Περί
625 4251 746 4306 τῶν
767 4251 838 4306 ἐν
867 4250 998 4316 ταῖς
1029 4251 1341 4318 εὐκράτως
1369 4247 1576 4313 ζώναις
1617 4247 1964 4300 οἰκούντων.

493 4367 558 4419 λ’.
590 4363 711 4419 Τῶν
744 4364 800 4416 δὲ
829 4363 888 4417 ὲν
914 4364 1036 4425 ταῖς
1069 4361 1219 4415 δυσὶν
1245 4359 1532 4431 εὐκράτοις
1563 4357 1761 4423 ζώναις
1790 4357 2002 4411 οἰκούν-

2319 4244 2398 4298 De
2427 4243 2510 4298 his
2539 4245 2630 4314 qui
2676 4251 2997 4314 temperatas
3035 4257 3195 4296 zonas
3227 4239 3486 4295 incolunt.

2178 4339 2266 4396 '50.
2296 4340 2401 4407 Qui
2433 4341 2489 4395 in
2518 4339 2830 4408 temperatis
2859 4337 3073 4392 duabus
3107 4335 3370 4399 habitant,
3392 4333 3691 4400 horum,ut

423 4479 551 4525 των,
577 4460 663 4514 ἵνα
690 4457 1022 4527 σαφέστερον
1053 4424 1360 4524 διέλωμεν(
1377 4455 1427 4506 οἰ
1457 4452 1556 4521 μέν
1583 4453 1688 4505 εἰσι
1719 4452 1985 4524 περίοικοι

2119 4433 2441 4489 distinctius
2474 4432 2837 4502 explicemus,
2873 4430 2965 4483 alii
3009 4427 3234 4507 perioeci
3264 4433 3564 4488 vocantur;
3596 4424 3692 4480 alii

425 4553 475 4604 οί
505 4550 562 4603 δὲ
596 4550 853 4612 ἄντοικοι,
883 4549 931 4600 οἱ
961 4545 1017 4598 δὲ
1047 4544 1374 4615 ἀντίχθονες,
1402 4545 1451 4597 οἰ
1474 4543 1532 4596 δὲ
1557 4543 1840 4605 ἀντίποδες
1863 4559 1875 4571 ·
1915 4560 2011 4594 πε-

429 4644 622 4717 ρίοικοι
654 4641 776 4714 μὲν,
811 4641 925 4694 ὅσοι
947 4639 1044 4710 τὴν
1082 4637 1251 4710 αὐτὴν
1279 4638 1492 4707 οἴκησιν
1515 4637 1783 4690 οἰκοῦσιν⁹
1820 4634 1932 4688 οἷον
1961 4636 2011 4688 οἱ

426 4737 528 4808 τὴν
566 4736 774 4807 βόρειον
807 4732 1087 4795 οἰκοῦντες
1125 4729 1394 4803 περίοικοί
1423 4731 1562 4782 εἰσιν
1595 4728 1875 4800 ἀλλήλοιςο
1917 4726 2014 4781 καὶ

410 4826 590 4880 ’πάλιν
616 4827 664 4878 οἰ
701 4825 800 4894 τὴν
833 4824 1006 4878 νότιον
1038 4820 1306 4891 περίοικοί
1341 4822 1479 4873 εἰσιν
1515 4818 1797 4890 ἀλλήλοις·
1838 4816 2014 4870 ἀντοι-

430 4936 516 4972 κοι
538 4918 595 4971 δὲ
620 4917 670 4970 οἱ
700 4915 796 4986 τὴν
819 4915 994 4968 νότιον
1018 4911 1294 4974 οἰκοῦντες
1315 4912 1428 4974 τοῖς
1445 4911 1541 4981 τὴν
1573 4909 1781 4980 βόρειον
1803 4906 2014 4959 οἰκοῦσι

432 5006 628 5078 ζώνην.
658 5008 768 5059 Καὶ
811 5003 1206 5074 ἀντοικουμένη
1247 5002 1395 5054 ἐστὶν
1423 5003 1456 5071 ή
1501 4999 1708 5070 βόρειος
1739 5000 1806 5068 τῇ
1834 4996 2014 5065 νοτίῳ,

437 5101 529 5153 καὶ
568 5098 803 5170 ἡνότιος
837 5099 902 5168 τῇ
939 5095 1136 5166 βορείῳ
1157 5111 1169 5123 ·
1203 5091 1515 5163 ἀντίχθονες
1557 5089 1614 5142 δὲ
1637 5091 1687 5142 οἱ
1727 5086 1868 5141 κατὰ
1906 5087 2020 5139 διά-

440 5207 637 5262 μετρον
666 5190 725 5243 ὲν
752 5191 873 5250 ταῖς
895 5186 1110 5256 ὁμοίαις
1140 5183 1337 5248 ζώναις
1365 5180 1642 5244 οἰκοῦντες
1662 5195 1676 5209 ⁶
1710 5173 1820 5232 οἷον
1863 5178 1924 5230 ὲν
1951 5178 2018 5250 τῇ

438 5281 633 5354 βορείῳ
657 5284 713 5334 ὲν
740 5280 819 5352 τῷ
861 5279 998 5352 ὑπὲρ
1026 5279 1130 5348 γῆς
1166 5275 1536 5347 ἡμισφαιρίῳ·
1581 5273 1783 5343 ὁμοίως
1830 5271 1888 5323 δὲ
1927 5269 2020 5322 καὶ

434 5374 492 5427 ὲν
524 5373 602 5443 τῷ
635 5372 814 5442 νοτίῳ.
844 5371 1149 5434 Ἀντίποδες
1171 5371 1226 5422 δὲ
1257 5371 1303 5422 oi
1333 5367 1474 5421 κατὰ
1499 5367 1788 5436 διάμετρον
1809 5364 1866 5415 ἐν
1897 5362 2017 5424 ταῖς

435 5464 703 5526 ἐναντίαις
732 5462 930 5527 ζώναις
963 5461 1237 5525 οἰκοῦντες
1258 5476 1271 5490 ⁸
1309 5457 1420 5514 οἷον
1446 5458 1553 5513 τῶν
1593 5457 1730 5529 πρὸς
1756 5454 1834 5526 τῷ
1866 5456 2018 5524 Καρ-

436 5557 574 5628 κίνῳ
605 5553 897 5608 οἰκούντων
933 5553 1214 5618 ἁντίποδές
1243 5554 1380 5607 εἰσιν
1419 5553 1468 5606 οἰ
1499 5550 1637 5623 πρὸς
1679 5547 1756 5620 τῷ
1782 5545 2008 5616 Αἰγοκέ-

513 5742 560 5778 ⁸⁸
587 5743 714 5817 Leg.
741 5742 1068 5816 ἀντίχθονες.

2123 4525 2368 4593 ιιιιιωοί;
2407 4525 2499 4579 alii
2536 4523 2961 4588 antichthones;
2999 4522 3089 4575 alii
3120 4518 3425 4590 antipodes.
3458 4516 3694 4572 Perioeci

2121 4627 2252 4674 sunt
2283 4619 2377 4688 qui
2404 4617 2653 4675 eamdem
2693 4615 3089 4672 habitationem
3127 4613 3394 4667 incolunt.
3445 4608 3693 4677 Exempli

2116 4731 2307 4781 causa,
2330 4715 2425 4789 qui
2459 4715 2734 4770 borealem
2772 4728 2964 4767 zonam
2997 4719 3287 4780 occupant,
3310 4706 3533 4778 perioeci
3567 4710 3701 4760 sunt

2117 4807 2374 4865 invicem.
2412 4805 2627 4861 Antmci
2660 4813 2790 4861 sunt
2819 4819 2970 4858 zona:
3002 4802 3258 4858 australis
3284 4801 3477 4854 incola:
3507 4798 3688 4852 borea-

2119 4899 2265 4954 libus
2310 4917 2324 4952 :
2389 4906 2581 4968 estque
2620 4896 2850 4951 australi
2895 4894 3144 4964 opposita
3200 4890 3438 4946 borealis
3476 4887 3695 4941 habita-

2121 4992 2235 5056 tio,
2274 4999 2329 5046 et
2377 4990 2638 5045 australis
2682 4988 2922 5043 boreali.
2971 4986 3083 5056 90
3132 4983 3533 5038 Antichthones
3573 4985 3701 5033 sunt

2123 5084 2218 5156 qui
2247 5097 2316 5136 ex
2349 5082 2623 5137 diametro
2649 5081 2924 5135 similibus
2964 5079 3018 5131 in
3060 5078 3213 5131 zonis
3252 5076 3522 5136 habitant,
3551 5071 3704 5126 velut

2124 5176 2217 5245 qui
2263 5174 2319 5228 in
2362 5173 2567 5228 boreali
2609 5171 2912 5241 superioris
2959 5167 3330 5237 hemisphaerii
3375 5165 3600 5235 degunt,
3646 5169 3704 5214 et

2125 5266 2221 5336 qui
2274 5267 2328 5319 in
2387 5263 2642 5320 australi.
2698 5262 3000 5332 Antipodes
3035 5267 3164 5316 sunt
3202 5258 3295 5328 qui
3327 5257 3381 5310 in
3422 5255 3576 5312 zonis
3604 5267 3705 5322 op-

2131 5357 2329 5428 positis
2360 5372 2426 5410 ex
2481 5356 2752 5410 diametro
2797 5353 2888 5408 siti
2919 5358 3066 5406 sunt.
3132 5349 3209 5403 Ita
3244 5348 3334 5418 qui
3379 5346 3481 5400 sub
3511 5342 3706 5410 Capri-

2126 5466 2303 5506 corno
2341 5457 2634 5504 versantur
2655 5461 2844 5502 eorum
2878 5451 3007 5499 sunt
3035 5441 3341 5513 antipodes,
3369 5438 3464 5507 qui
3492 5434 3700 5490 Caucrc

2128 5541 2434 5614 subjaccnt.
2477 5541 2644 5613 Igitur
2672 5537 2898 5610 periocci
2932 5546 3120 5592 noctes
3149 5547 3210 5588 ac
3242 5531 3380 5595 dies,
3411 5533 3466 5583 et
3491 5529 3695 5584 annum
