4130 6410
448 238 553 295 985

1465 244 1558 299 AD
1589 243 1856 301 EUSEBII
1888 244 2280 302 CHRONICON
2312 244 2674 302 APPENDIX.

3586 244 3690 302 984

453 364 809 428 tempestates
844 357 1046 414 habent
1077 359 1319 415 easdem.
1353 361 1569 416 Δηιαξεί
1597 363 1843 418 eamdem
1878 363 2018 418 invi-

2134 367 2372 437 ρωτι.οἱ
2416 366 2513 436 μὲν
2553 360 2645 419 οὖν
2692 362 2959 434 περίοικοι
3003 361 3101 433 τὴν
3143 360 3311 432 αὐτὴν
3349 358 3562 432 ἔχουσιν
3605 361 3691 415 at

448 463 569 504 cem
602 459 816 507 noctem
857 450 1081 519 habent,
1117 461 1172 507 et
1197 452 1342 507 diem
1378 471 1391 506 :
1426 455 1522 509 sed
1569 455 1786 512 diversa
1829 457 2019 512 solsti-

451 541 547 596 tia.
576 539 712 596 Nam
752 543 833 598 sol
872 541 927 598 in
957 543 1170 599 Cancro
1197 544 1413 614 positus
1450 553 1512 601 ut
1549 557 1795 603 aestatem
1833 549 2018 613 nobis,

450 634 544 704 qui
577 634 644 689 ad
685 635 1086 705 septentriones
1126 636 1477 706 accedimus;
1521 639 1604 694 sic
1655 641 1784 708 illis,
1822 643 1918 712 qui
1953 643 2019 697 ad

449 732 696 781 austrum
730 734 988 798 vergunt,
1039 726 1195 783 affert
1234 729 1493 786 hiemem.
1547 730 1804 787 Vicissim
1837 745 2019 788 autem

449 816 518 871 ad
544 816 940 887 Capricornum
961 817 1177 874 delatus
1205 819 1370 876 nobis
1397 820 1630 877 hiemem
1660 825 2021 893 septentrioni

450 908 974 980 propinquioribus;
1002 912 1070 967 ad
1101 920 1355 968 austrum
1389 930 1520 970 vero
1551 915 1746 985 positis
1777 925 2022 972 aestatem

448 1001 631 1056 ellicit.
669 1001 907 1070 Rursus,
950 1018 1077 1060 cum
1119 1005 1230 1060 sint
1263 1005 1596 1076 mquinoctia
1639 1008 1771 1075 duo,
1801 1007 2024 1079 quando

446 1095 530 1149 sol
562 1093 802 1152 Arietem
837 1097 1036 1168 attigit,
1059 1096 1378 1154 borealibus
1404 1099 1568 1154 nobis
1594 1081 1825 1154 vernum
1852 1101 2024 1171 aequi-

444 1187 691 1242 noctium
723 1187 876 1254 facit,
913 1192 1143 1247 antaacis
1181 1193 1514 1248 autumnale.
1552 1193 1608 1247 ln
1637 1191 1803 1248 Libra
1832 1202 2023 1248 contra

444 1279 604 1334 nobis
651 1281 998 1347 autumnale,
1056 1283 1291 1337 antmcis
1350 1298 1579 1337 vernum
1632 1282 2022 1352 aequinoctium

445 1370 608 1440 parit.
643 1369 774 1428 Post
813 1373 1225 1443 aequinoctium,
1263 1374 1410 1445 quod
1444 1373 1503 1428 lit
1546 1373 1706 1428 nobis
1744 1373 1801 1427 in
1839 1372 2027 1427 Ariete

445 1476 700 1528 vernum,
736 1463 820 1520 sol
864 1465 1190 1531 ascendens,
1231 1464 1288 1519 in
1322 1465 1537 1520 Cancro
1596 1464 1757 1520 nobis
1780 1471 2026 1519 aestatem

445 1553 632 1618 eﬂicit.
665 1565 935 1628 augetque
974 1557 1188 1618 dierum
1240 1559 1456 1629 spatia;
1491 1565 1760 1614 nocturna
1804 1564 2026 1612 contra-

431 1644 549 1700 .bit.
580 1646 664 1702 Ab
707 1648 1013 1703 autumnali
1041 1649 1372 1720 aequinoctio
1412 1648 1591 1704 Librae
1620 1649 1689 1704 ad
1735 1648 2027 1719 Capricor-

2123 457 2310 522 νύκτα,
2335 459 2427 512 καὶ
2447 457 2678 530 ἡμέραν,
2696 455 2792 509 καὶ
2815 453 2915 518 τὰς
2942 454 3189 524 ἐτησίους
3217 453 3394 524 ὥρας·
3421 455 3469 506 οἰ
3494 453 3552 505 δὲ
3570 453 3693 508 ἀντι

2129 566 2275 602 οικοι
2313 549 2412 620 τὴν
2463 548 2561 618 μὲν
2599 545 2767 617 αὐτὴν
2816 544 3030 616 ἔχουσιν
3067 544 3314 614 ἀλλήλοις
3361 544 3571 614 ἡμέραν
3603 544 3694 597 καὶ

2129 643 2320 708 νύκτα,
2358 643 2419 694 οὐ
2453 640 2552 704 τὰς
2599 637 2768 701 αὐτὰς
2795 637 2854 692 δὲ
2898 637 3124 709 τροπάς.
3174 638 3261 690 Ἐν
3298 637 3558 707 Καρκίνῳ
3586 637 3697 706 γὰρ

2125 735 2422 805 γενόμενος
2447 735 2476 786 ό
2499 733 2650 804 ἥλιος
2679 733 2810 802 ἡμῖν
2836 731 2935 803 μὲν
2968 730 3146 802 θέρος,
3181 729 3536 801 βορειοτέροις
3555 726 3693 793 οὖσι,

2130 829 2292 892 ποιεῖ,
2311 828 2425 890 τοῖς
2453 824 2509 877 δὲ
2527 823 2882 895 νοτιωτέροις,
2900 822 3160 893 χειμῶνα.
3183 822 3352 876 Ὅταν
3377 821 3433 873 δὲ
3455 823 3513 874 ἐν
3541 822 3715 888 Αίγοω

2130 917 2331 988 κέρωτι
2361 916 2607 987 γένηται,
2631 916 2760 985 ἡμῖν
2788 917 2884 986 μὲν
2913 913 3154 985 χειμῶνα
3178 913 3532 986 βορειοτέροις
3557 911 3695 973 οὖσι,

2125 1015 2235 1074 τοῖς
2269 1011 2455 1082 δὲτὴν
2498 1009 2673 1064 νότιον
2715 1009 2923 1063 οἰκοῦσι
2969 1007 3145 1079 ζώνην
3193 1009 3351 1080 θέρος
3379 1011 3543 1064 ποιεῖ.
3589 1009 3700 1060 Καὶ

2129 1102 2290 1156 πάλιν
2317 1103 2425 1158 τῶν
2461 1100 2762 1174 ἰσημεριῶν
2790 1101 2882 1154 δύο
2909 1100 3104 1166 οὐσῶν,
3141 1103 3200 1154 ἐν
3241 1100 3340 1171 μὲν
3368 1099 3523 1171 Κριῷ
3551 1099 3702 1170 ἥλιος

2126 1196 2418 1266 γενόμενος
2448 1197 2578 1266 ἡμῖν
2625 1194 2722 1265 μὲν
2756 1193 2999 1265 ἐαρινὴν,
3032 1195 3145 1257 τοῖς
3182 1193 3282 1264 τὴν
3322 1191 3558 1264 βόρειον,
3588 1195 3702 1257 τοῖς

2125 1289 2183 1342 δὲ
2230 1287 2499 1350 ἀντοίκοις
2545 1285 2920 1358 μετοπωρινὴν
2963 1285 3252 1358 ἰσημερίαν
3286 1288 3446 1338 ποιεῖ.
3473 1285 3612 1339 Ἐὰν
3643 1285 3702 1338 δὲ

2127 1381 2187 1434 ἐν
2212 1378 2422 1451 Χηλαῖς
2449 1379 2709 1448 γένηται,
2743 1380 2874 1450 ἡμῖν
2916 1377 3015 1448 μὲν
3063 1376 3466 1448 μετοπωρινὴν,
3494 1380 3608 1440 τοῖς
3641 1376 3703 1430 es

2128 1471 2398 1534 ἀντοίκοις
2434 1469 2655 1542 ἐαρινὴν
2697 1469 2988 1540 ἰσημερίαν
3011 1471 3183 1522 ποιεῖ.
3218 1469 3352 1520 Ἀπὸ
3384 1469 3440 1521 δέ
3477 1469 3575 1539 τῆς
3605 1467 3699 1520 τοῦ

2132 1561 2310 1633 Κριοῦ
2335 1562 2625 1632 ἰσημερίας
2645 1561 2744 1630 τῆς
2784 1563 2913 1632 παρ’
2940 1561 3070 1631 ἡμῖν
3095 1560 3314 1632 ἐαρινῆς
3337 1561 3365 1612 ό
3393 1560 3541 1631 ἣλιος
3573 1561 3704 1613 ἀνα-

2129 1655 2329 1708 ϐαίνων
2355 1656 2416 1708 ἐν
2454 1654 2716 1726 Καρκίνῳ
2737 1653 2912 1728 ,θέρος
2942 1653 3040 1724 μὲν
3068 1656 3198 1724 ἡμῖν
3233 1655 3395 1718 ποιεῖ,
3427 1654 3521 1707 καὶ
3551 1651 3704 1717 αὔξει

447 1753 582 1794 num
655 1738 940 1804 delabens,
980 1719 1124 1810 apud
1173 1753 1276 1794 nos
1317 1737 1436 1794 dies
1488 1737 1785 1804 imminuit,
1838 1746 2029 1794 noctes

2132 1741 2227 1808 τάς
2256 1745 2489 1815 ἡμέρας,
2527 1719 2627 1807 τὰς
2651 1719 2715 1798 ’δέ
2737 1719 2954 1807 νύκτας⁷
2968 1719 3223 1806 ἐλάττους
3245 1747 3388 1796 ποιεῖ
3411 1744 3454 1775 ¹⁸
3475 1760 3488 1773 ·
3519 1743 3625 1796 ἀπὸ
3647 1743 3706 1796 δὲ

447 1830 738 1901 producit;
762 1829 994 1886 hiemem
1019 1830 1287 1898 aﬂ‘erens;
1316 1829 1461 1902 apud
1489 1829 1614 1886 illos
1647 1836 1707 1884 ut
1732 1839 1892 1901 auget
1921 1830 2032 1886 die-

447 1937 574 1978 rum
626 1922 935 1988 intervalla,
987 1922 1071 1978 sic
1126 1921 1194 1978 de
1236 1923 1528 1978 nocturnis
1561 1922 1822 1988 detrahit,
1861 1930 2028 1979 aesta—

448 2023 668 2086 temque
712 2015 908 2070 reddit.
959 2015 1135 2086 Atque
1183 2023 1242 2069 ut
1283 2030 1394 2070 uno
1417 2016 1588 2071 verbo
1625 2015 1826 2082 dicam,
1867 2015 2028 2085 quid-

448 2105 584 2177 quid
617 2104 830 2160 Cancer
872 2105 1034 2160 nobis
1090 2104 1285 2170 eiiicit,
1340 2106 1445 2160 hoc
1478 2105 1587 2160 illis
1619 2104 2026 2175 Capricornus;

449 2195 672 2268 etquod
695 2195 856 2252 nobis
878 2195 1276 2267 Capricornus,
1313 2195 1415 2251 hoc
1454 2195 1564 2251 illis
1605 2194 1858 2262 Cancer;
1884 2194 2030 2266 quod

450 2289 612 2346 nobis
640 2287 820 2353 Aries,
866 2288 972 2345 hoc
1011 2289 1120 2345 illis
1152 2289 1318 2344 Libra
1350 2298 1442 2346 :et
1469 2305 1500 2344 e
1525 2289 1822 2344 contrario.
1873 2288 2031 2344 Anti-

449 2379 786 2436 ebthonibus
809 2379 1082 2435 alternant
1110 2389 1301 2436 noctes
1332 2389 1387 2436 et
1414 2379 1550 2437 dies.
1577 2380 1712 2436 Nam
1733 2381 2032 2451 superiori-

450 2467 556 2523 bus
585 2483 778 2524 eorum
817 2477 940 2523 ortu
989 2483 1092 2524 suo
1121 2468 1267 2524 diem
1309 2469 1391 2524 sol
1422 2468 1664 2525 infundit
1693 2489 1706 2524 :
1740 2470 2032 2526 inferiori—

448 2561 556 2618 bus
581 2569 818 2618 noctem.
849 2561 1065 2618 Rursus
1101 2562 1260 2618 nobis
1285 2563 1366 2621 sol
1396 2577 1599 2617 occasu
1629 2578 1732 2617 suo
1766 2571 1984 2618 noctem
2012 2581 2026 2631 ;

452 2654 558 2708 sub
582 2661 731 2710 terra
759 2651 1020 2718 conditis,
1052 2652 1198 2707 diem
1229 2651 1460 2707 oriendo
1489 2653 1753 2709 restituit.
1782 2652 2030 2708 Solstitia

451 2751 636 2798 tamen
663 2749 719 2797 et
749 2742 1081 2813 aequinoctia
1122 2743 1417 2811 utrobique
1453 2753 1582 2799 sunt
1616 2744 1804 2799 eadem
1836 2745 2032 2799 borea-

452 2834 598 2888 libus
644 2832 794 2888 inl'ra.
839 2849 1110 2903 supraque
1149 2834 1364 2904 positis.
1429 2832 1714 2904 Ejusmodi
1756 2843 1883 2890 sunt
1935 2850 2032 2889 an-

451 2925 786 2980 tichthones.
818 2923 1121 2995 Antipodes
1159 2927 1440 2979 contraria
1461 2932 1518 2980 et
1554 2925 1810 2996 opposita
1845 2923 2030 2979 vident

449 3015 654 3072 omnia.
695 3015 830 3071 Nam
870 3025 925 3072 et
961 3032 1086 3074 cum
1129 3017 1247 3072 dies
1283 3026 1368 3073 est
1406 3015 1584 3083 nobis,
1626 3032 1735 3072 nox
1777 3017 1887 3072 illis
1923 3027 2028 3084 est;

451 3123 506 3171 et
553 3129 680 3170 cum
736 3113 882 3185 apud
921 3113 1044 3169 illos
1095 3122 1262 3170 aestas
1301 3122 1406 3176 est,
1473 3113 1529 3166 in
1563 3111 1698 3166 orbe
1732 3119 1923 3166 nostro
1971 3111 2031 3166 ﬁt

453 3207 651 3262 hiems.
681 3204 764 3261 Ad
800 3220 1070 3261 summam
1096 3219 1222 3259 cum
1262 3203 1523 3259 australis
1549 3217 1700 3257 zonae
1742 3204 2029 3256 contrariae

455 3297 654 3354 incolis
691 3297 866 3353 hiems
905 3304 1002 3351 aut
1032 3297 1150 3352 dies
1190 3296 1415 3360 accidit,
1453 3303 1586 3349 tunc
1614 3295 1682 3350 iis
1705 3294 1797 3364 qui
1837 3293 2032 3350 borea-

452 3391 561 3446 lem
615 3390 890 3454 incolunt,
928 3397 1093 3446 aestas
1145 3398 1201 3445 et
1252 3403 1366 3444 nox
1405 3386 1742 3459 supervenit.
1801 3385 1880 3440 ita
1917 3395 2030 3442 tam

453 3488 646 3536 noctes
682 3488 738 3536 et
773 3481 928 3546 dies,
971 3495 1134 3552 quam
1185 3481 1453 3546 solstitia,
1495 3479 1826 3550 aequinoctia
1872 3477 2030 3534 habi-

452 3576 800 3645 tationesque
835 3588 868 3629 e
903 3573 1180 3629 contrario
1218 3573 1419 3628 antoeci
1459 3571 1728 3628 obtinent.

2129 1835 2226 1905 τῆς
2253 1835 2310 1888 ἐν
2338 1833 2546 1905 Χηλαῖς
2583 1835 2874 1906 ἰσημερίας
2901 1834 2994 1886 ἐπὶ
3031 1833 3120 1887 τὸν
3145 1833 3497 1906 Δίγοκέρωτα
3535 1848 3705 1886 κατα-

2131 1925 2348 1992 ϐαίνων,
2382 1928 2512 1998 παρ’
2555 1927 2687 1996 ἡμῖν
2745 1925 2843 1995 μὲν
2884 1926 3025 1996 μειοῖ
3061 1925 3160 1989 τάς
3188 1925 3434 1996 ἡμέρας,
3469 1925 3561 1977 καὶ
3608 1923 3708 1987 τὰς

2129 2019 2330 2084 νύκτας
2357 2019 2530 2086 αὔξει,
2552 2019 2800 2090 χειμῶνα
2823 2018 3268 2091 ἀπεργαζόμενος
3285 2035 3300 2049 ο
3327 2018 3456 2090 παρ’
3479 2018 3707 2080 ἐκείνοις

2127 2111 2186 2166 δέ
2211 2110 2365 2179 αὔξει
2402 2111 2503 2182 τὴν
2541 2112 2781 2183 ἡμέραν,
2818 2111 2912 2164 καὶ
2957 2110 3055 2182 τὴν
3085 2109 3257 2164 νύκτα
3295 2111 3518 2180 μοιείη,
3549 2108 3709 2178 θέρος

2129 2203 2320 2260 ποιῶν.
2353 2204 2600 2260 Καθόλου
2649 2204 2708 2257 δὲ
2742 2205 2951 2268 εἰπεῖν,
2981 2203 3010 2256 ὃ
3046 2203 3180 2274 ἡμῖν
3220 2204 3366 2255 ποιεί
3412 2200 3706 2272 Καρκίνος,

2129 2293 2276 2348 τοῦτ’
2327 2294 2554 2358 ἐκείνοις
2594 2294 2937 2364 Λίγόκερως’
3003 2292 3032 2346 ό
3069 2293 3116 2346 δ’
3161 2293 3292 2363 ἡμῖν
3353 2291 3666 2360 Αίγόκερως
3689 2331 3704 2353 ,

2129 2385 2273 2440 τοῦτ’
2296 2385 2525 2448 ἐκείνοις
2541 2385 2818 2455 Καρκίνος
2835 2401 2848 2414 ·
2885 2384 2915 2438 ὃ
2939 2383 2982 2436 δ’
3011 2385 3146 2455 ἡμῖν
3175 2383 3363 2456 Κριὸς,
3393 2382 3534 2436 τοῦτ’
3560 2383 3709 2435 ἐκεί-

2131 2492 2244 2538 νοις
2278 2473 2459 2546 Χηλαί
2479 2491 2493 2504 ·
2529 2474 2710 2528 καὶτὸ
2748 2473 3038 2528 ἀνάπαλιν.
3071 2474 3136 2527 Οἱ
3183 2473 3241 2527 δέ
3267 2472 3576 2542 ἀντίχθονες
3610 2471 3710 2536 τάς

2131 2566 2335 2630 νύκτας
2368 2565 2464 2618 καὶ
2488 2565 2587 2628 τὰς
2609 2565 2824 2637 ἡμέρας
2857 2564 3322 2636 παρηλλαγμένας
3349 2563 3551 2634 ἔχουσι.
3585 2563 3712 2625 Τοῖς

2130 2657 2238 2730 γὰρ
2267 2656 2408 2727 ὑπὲρ
2435 2657 2540 2725 γῆς
2573 2655 2883 2726 ἀντίχθοσιν
2929 2655 3236 2710 ἀνατέλλων
3263 2655 3291 2707 ό
3323 2655 3471 2725 ἥλιος
3499 2654 3714 2725 ἡμέραν

2133 2752 2298 2814 ποιεῖ,
2329 2751 2441 2811 τοῖς
2465 2747 2523 2802 δὲ
2561 2748 2668 2800 ὑπὸ
2701 2749 2805 2818 γῆν
2836 2747 3027 2802 νύκτα.
3060 2747 3172 2801 Καὶ
3208 2745 3370 2800 πάλιν
3411 2745 3542 2816 παρ’
3576 2746 3712 2814 ἡμῖν

2130 2838 2302 2892 δύνων
2331 2840 2360 2890 ό
2384 2839 2534 2909 ἥλιος
2571 2838 2741 2892 νύκτα
2771 2840 2946 2891 ποιεῖ·
2979 2835 3129 2909 παρὰ
3160 2836 3216 2890 δὲ
3251 2839 3364 2900 τοῖς
3395 2835 3545 2888 κάτω
3580 2835 3714 2896 ἀνα-

2129 2931 2304 2984 τέλλει
2345 2931 2556 3002 ἡμέραν
2588 2929 2778 2984 ποιῶν.
2817 2929 3036 3008 Τροπάς
3066 2928 3246 3000 μέντοι
3279 2928 3374 2982 καὶ
3420 2925 3713 2997 ἰσημερίας

2131 3020 2230 3086 τὰς
2265 3022 2436 3085 αὑτὰς
2460 3021 2672 3091 ἔχουσιν
2695 3022 2742 3074 οἰ
2776 3021 2888 3074 ἄνω
2920 3020 3120 3092 βόρειοι
3143 3021 3255 3084 τοίς
3273 3017 3421 3072 κάτω
3443 3015 3674 3088 βορείοις
3695 3030 3712 3046 ⁶

2138 3113 2415 3167 τουτέστιν
2447 3115 2494 3167 οί
2524 3113 2856 3183 ἀντίχθονες.
2877 3114 2941 3166 Ol
2966 3113 3023 3166 δὲ
3053 3111 3334 3174 ἀντίποδες
3363 3109 3542 3163 πάντα
3561 3109 3716 3161 ἐναν-

2123 3205 2230 3258 τία
2267 3204 2364 3258 καὶ
2400 3204 2682 3274 μαχόμενα
2722 3203 2971 3273 ἔχουσινο
3006 3205 3095 3256 ὅτε
3133 3203 3231 3273 μὲν
3259 3201 3367 3273 γάρ
3402 3200 3539 3271 πρὸς
3566 3200 3715 3270 ἡμᾶς

2135 3294 2232 3360 νύξ
2253 3295 2390 3359 ἐστι,
2425 3295 2555 3364 παρ’
2579 3293 2808 3357 ἐκείνοις
2837 3293 3021 3364 ἡμέρα
3041 3309 3057 3324 ο
3094 3296 3189 3345 καὶ
3218 3291 3307 3344 ὅτε
3334 3291 3463 3361 παρ’
3488 3289 3714 3352 ἐκείνοις

2137 3387 2316 3460 θέρος,
2347 3388 2406 3440 ἐν
2431 3389 2497 3458 τῇ
2535 3386 2656 3440 καθ’
2687 3388 2834 3457 ἡμᾶς
2861 3385 3157 3459 οἰκουμένῃ
3185 3383 3413 3456 χειμών.
3431 3385 3544 3436 Καὶ
3577 3381 3714 3435 καθ-

2131 3480 2253 3534 όλου
2286 3481 2375 3534 ὅτε
2419 3479 2478 3532 ἐν
2501 3481 2616 3542 τοῖς
2639 3479 2796 3549 νοτίῳ
2833 3476 2978 3550 ζώνῃ
3004 3476 3313 3534 ἀντοικοῦσι
3350 3473 3711 3546 χειμών-ἐστι

2137 3575 2232 3627 καὶ
2279 3573 2494 3645 ἡμέρα,
2547 3573 2669 3626 τότε
2703 3575 2816 3636 τοῖς
2860 3573 2920 3624 ἐν
2964 3574 3036 3642 τῇ
3075 3571 3268 3642 βορείῳ
3305 3568 3514 3623 οἰκοῦσι
3558 3567 3715 3638 θέρος

452 3669 569 3722 ἐστὶ
594 3668 689 3722 καὶ
717 3666 834 3732 νύξ.
865 3667 1031 3722 Ὥστε
1068 3667 1162 3721 καὶ¹
1208 3666 1411 3732 νύκτας
1447 3667 1529 3736 δὲ,
1568 3667 1664 3722 καὶ
1711 3667 1944 3741 ἡμέρας,
2004 3669 2097 3724 καὶ
2142 3669 2382 3741 τροπὰς,
2432 3669 2524 3722 καὶ
2570 3667 2891 3740 ἰσημερίας,
2936 3667 3031 3722 καὶ
3085 3667 3326 3738 οἰκήσεις
3373 3662 3618 3726 ἐναντίας
3665 3663 3714 3715 οἰ

455 3764 693 3818 ἄντοικοι
714 3763 951 3834 ἔχουσιν.

454 3873 532 3934 De
557 3876 868 3950 umbrarum
902 3877 1224 3948 cii/Terentia,
1260 3894 1379 3950 qua
1414 3880 1469 3934 in
1494 3879 1910 3934 habitationibus
1940 3896 2032 3934 va-

579 3948 677 4003 riis
716 3949 976 4016 incidunt,
1009 3957 1059 4004 et
1100 3948 1418 4021 quibusnam
1447 3950 1638 4024 degant
1667 3951 1724 4004 in
1755 3951 1908 4006 locis.

525 4063 616 4122 3i.
657 4062 717 4118 in
755 4063 1153 4120 habitationum
1185 4064 1502 4122 discrimine
1530 4064 1751 4136 quidam
1778 4065 2040 4120 dicuntur

455 4155 626 4222 ascii,
648 4154 742 4210 alii
765 4156 1096 4228 bracbyscii,
1117 4157 1210 4211 alii
1238 4156 1553 4222 macroscii,
1577 4156 1802 4228 quidam
1828 4155 2041 4212 hetero-

454 4247 580 4313 scii,
612 4245 706 4302 alii
744 4245 984 4314 antiscii,
1014 4248 1109 4304 alii
1135 4247 1444 4318 amphiscii.
1520 4247 1670 4304 Ascii
1703 4257 1853 4317 sunt,
1887 4265 2032 4320 quo-

2141 3874 2280 3946 Περὶ
2316 3874 2605 3945 διαφορᾶς
2639 3873 2757 3927 τῶν
2785 3874 2855 3928 ἐν
2884 3873 3012 3946 ταῖς
3039 3872 3317 3946 οἰκήσεσι
3363 3871 3574 3937 σκιῶν,
3615 3873 3714 3927 καί

2447 3947 2598 4000 κατὰ
2624 3947 2834 4011 ποίους
2859 3945 3082 4009 τόπους
3114 3943 3406 3997 οἰκοῦσιν.

2206 4059 2307 4114 λα’.
2343 4058 2464 4112 Τῶν
2492 4057 2550 4111 δὲ
2583 4058 2642 4111 ἐν
2674 4059 2794 4120 ταῖς
2822 4057 3101 4128 οἰκήσεσιν
3125 4057 3176 4108 οἰ
3205 4054 3304 4126 μέν
3333 4056 3472 4108 εἰσιν
3507 4055 3709 4119 ἀσκιοι,

2138 4152 2185 4205 οἰ
2208 4150 2264 4204 δὲ
2293 4149 2637 4222 βραχύσκιοι,
2666 4151 2715 4203 οἱ
2740 4147 2796 4201 δὲ
2833 4147 3181 4220 μακρόσκιοι,
3205 4149 3255 4200 οἰ
3289 4145 3346 4199 δὲ
3382 4146 3713 4218 έτερόσκιοιο

2136 4246 2184 4297 οἰ
2237 4243 2297 4296 δὲ
2327 4242 2605 4301 αὑτόσκιοι
2637 4241 2702 4306 ’⁷,
2740 4242 2789 4294 οἰ
2824 4241 2883 4294 δὲ
2913 4241 3221 4310 ἁμφίσκιοι.
3271 4240 3484 4294 Ἀσκιοι
3533 4239 3630 4310 μὲν
3663 4241 3714 4291 οἰ

452 4353 578 4394 rum
601 4339 861 4395 verticem
893 4339 976 4396 sol
1015 4339 1244 4395 incubat
1268 4339 1406 4395 hora
1444 4341 1552 4396 diei
1581 4349 1760 4397 sexta.
1787 4338 1859 4394 Ut
1887 4342 2029 4396 enim

2142 4334 2286 4389 κατά
2314 4334 2561 4407 κορυφὴν
2599 4332 2719 4406 ὥρᾳ
2759 4333 2894 4405 ’ἐκτῃ
2926 4333 3019 4385 τὸν
3061 4331 3211 4403 ἥλιον
3240 4331 3472 4400 ἔχοντες.
3503 4331 3717 4401 Ὥσπερ

454 4432 504 4487 si
533 4431 658 4502 quis
687 4445 980 4487 accensum
1003 4439 1210 4486 torrem
1236 4439 1448 4486 rectum
1478 4439 1708 4499 statuat,
1733 4431 1856 4501 ejus
1874 4432 2030 4487 nulla

451 4522 714 4580 reddetur
735 4523 960 4590 umbra;
987 4523 1068 4578 sic
1089 4522 1296 4577 nullam
1321 4521 1525 4578 habent
1546 4521 1608 4589 ii,
1636 4537 1873 4594 quorum
1906 4537 2037 4578 ver-

452 4615 545 4672 tici
567 4615 810 4672 medium
838 4617 1040 4670 emtum
1081 4623 1272 4671 tenens
1304 4613 1384 4670 sol
1413 4614 1684 4672 imminet.
1717 4614 1879 4672 Tales
1904 4624 2052 4699 sunt_

451 4709 549 4779 qui
579 4705 685 4766 sub
726 4707 1100 4780 aequinoctiali
1132 4707 1358 4779 degunt,
1383 4707 1480 4779 qui
1519 4709 1638 4766 sole
1666 4709 1910 4766 Arietem
1945 4709 2034 4764 vel

451 4801 678 4858 Libram
697 4801 982 4858 obtinente
1002 4800 1172 4857 solem
1208 4816 1377 4871 supra
1414 4811 1581 4873 caput
1609 4802 1903 4873 aspiciunt.
1932 4799 2034 4856 Fe-

450 4901 582 4947 runt
627 4891 772 4964 apud
811 4891 1027 4965 Syenen
1068 4901 1122 4949 et
1159 4893 1562 4965 Elephantinen
1613 4892 1868 4948 umbram
1909 4907 2035 4948 esse

451 4984 659 5038 nullam
686 4984 819 5039 hora
856 4985 962 5040 diei
988 4993 1165 5051 sexta,
1197 5001 1323 5040 cum
1355 4986 1410 5040 in
1443 4985 1662 5042 Cancro
1689 4985 1771 5041 sol
1805 4985 2030 5040 residet.

453 5073 791 5147 Brachyscii,
841 5075 896 5131 id
945 5085 1032 5132 est
1067 5095 1087 5128 ι
1126 5077 1310 5133 brevis
1349 5077 1578 5144 umbraa,
1620 5098 1639 5131 ι
1675 5087 1806 5134 sunt
1845 5093 1874 5132 a
1909 5079 2034 5149 qui-

451 5163 559 5222 bus
587 5181 782 5237 parum
813 5167 896 5224 sol
928 5167 1137 5234 distat;
1189 5169 1508 5237 macroscii,
1554 5187 1574 5221 ε
1615 5169 1880 5242 longioris
1915 5187 2035 5226 um-

451 5255 587 5322 brae,
628 5275 648 5310 ι
683 5265 816 5312 sunt
841 5256 937 5328 qui
973 5271 1005 5311 a
1032 5257 1146 5312 sole
1181 5257 1399 5330 longius
1439 5260 1680 5327 distant;
1717 5262 2029 5326 heteroscii,

452 5347 507 5404 id
535 5359 621 5406 est
661 5369 682 5404 ι
711 5364 824 5407 uno
854 5350 1026 5408 latere
1049 5351 1300 5408 umbram
1327 5351 1616 5422 iacientes,
1650 5373 1669 5405 ι
1698 5354 1902 5423 iisunt,
1936 5353 2029 5424 qui

453 5438 510 5496 in
543 5451 733 5500 nostro
771 5443 907 5500 orbe
934 5453 1242 5501 versantur.
1308 5443 1445 5499 Nam
1483 5445 1554 5499 ad
1611 5444 1842 5500 alterum
1886 5444 2029 5499 latus

2137 4426 2271 4500 γὰρ,
2297 4427 2351 4480 εί
2374 4443 2459 4491 τις
2490 4423 2647 4481 δαλὸν
2691 4424 2903 4494 ἀνάψας
2926 4423 3083 4496 όρθὸν
3121 4425 3360 4492 στήσειε,
3400 4422 3586 4478 τούτου
3614 4424 3716 4478 οὐκ

2137 4519 2205 4578 ἂν
2229 4519 2442 4588 γένοιτο
2470 4518 2599 4578 σκιά
2615 4533 2628 4546 ·
2663 4517 2835 4581 οὔτως
2860 4516 2980 4571 οὐδὲ
2999 4515 3106 4570 τῶν
3128 4515 3268 4588 ὑπὲρ
3296 4515 3537 4588 κορυφῆς
3561 4515 3714 4586 ἐχόν-

2137 4628 2248 4665 των
2280 4611 2372 4667 τὸν
2423 4611 2578 4681 ἣλιον
2631 4607 3068 4680 μεσουρανοῦντα
3107 4608 3322 4678 ¹γένοιτο
3364 4606 3448 4660 ἄν.
3488 4605 3612 4659 Εἰσί
3657 4605 3715 4659 δὲ

2139 4696 2283 4757 οὔτοι
2325 4699 2494 4760 οί’τὸν
2521 4701 2834 4774 ἰσημερινὸν
2853 4699 3127 4765 οἰκοῦντες
3147 4715 3162 4730 °
3186 4694 3349 4762 οὔτοι,
3383 4698 3533 4769 ἡλίου
3562 4713 3717 4764 γενο-

2147 4796 2333 4869 μένου,
2360 4798 2418 4850 ἐν
2451 4795 2609 4868 Κριῷ
2657 4795 2691 4866 ἢ
2743 4796 2800 4848 ἐν
2840 4794 3076 4865 Χηλαῖς,
3105 4777 3226 4847 τότε
3275 4789 3417 4845 κατά
3469 4789 3716 4860 κορυφῆς

2143 4887 2438 4960 έχουσιτδν
2469 4887 2639 4958 ἥλιον.
2669 4885 2806 4940 Φασὶ
2828 4884 2884 4938 δὲ
2919 4887 2977 4939 ἐν
3015 4886 3194 4956 Συήνῃ
3233 4883 3327 4936 καὶ
3366 4879 3715 4951 Ἐλεφαντίνῃ

2141 4981 2367 5043 ἀσκίους
2411 4978 2686 5050 γίνεσθαι,
2728 4979 2817 5031 ὅτε
2862 4979 2891 5030 ὀ
2919 4976 3070 5047 ἥλιος
3111 4975 3320 5044 γίνεται
3360 4974 3417 5026 ἐν
3452 4971 3716 5043 Καρκίνῳ

2141 5073 2270 5145 ἐιερί¹
2304 5071 2453 5144 ὥραν
2484 5071 2672 5142 ἕκτην.
2706 5068 3037 5141 Βραχύσκιοι
3060 5066 3116 5120 δὲ
3147 5066 3196 5119 οἰ
3224 5065 3314 5118 τὸν
3349 5064 3498 5136 ἥλιον
3535 5063 3714 5131 ὀλίγον

2142 5164 2432 5236 ἀφεστῶτα
2475 5163 2724 5235 ἔχοντες·
2769 5161 3094 5233 μακρόσκιοι
3135 5157 3192 5211 δὲ
3242 5159 3291 5210 οἰ
3329 5157 3519 5229 πόρρω
3551 5155 3714 5209 αὐτὸν

2141 5257 2387 5329 ἔχοντες·
2438 5256 2738 5328 ὲτερόσκιοι
2788 5253 2846 5306 δὲ
2895 5254 2945 5306 οἱ
2995 5254 3052 5306 ἐν
3104 5250 3275 5321 ταύτῃ
3304 5253 3370 5321 τῇ
3421 5247 3717 5320 οἰκουμένῃ

2139 5351 2436 5414 οἰκοῦντες,
2479 5349 2671 5420 ἐπειδὴ
2697 5348 2790 5401 ἐπὶ
2827 5347 2888 5400 τὸ
2907 5347 3093 5418 ἓτερον
3131 5343 3296 5416 μέρος
3331 5344 3360 5414 ῆ
3391 5342 3520 5396 ma;
3553 5339 3714 5412 ἡμῶν

2140 5443 2433 5514 τρέπεται·
2466 5441 2608 5511 λέγω
2636 5441 2691 5494 δὲ
2709 5442 2782 5495 ,ἐν
2821 5439 2966 5511 δεξιᾷ
2997 5439 3089 5492 ἐπὶ
3127 5435 3185 5491 τὸ
3222 5435 3449 5508 βόρειον.
3484 5431 3717 5505 Ὁμοίως

535 5620 579 5653 ’⁸
599 5621 756 5678 Deest
783 5626 1030 5698 Opposita
1065 5641 1194 5698 pars
1225 5625 1530 5684 divisionis.
1615 5627 1655 5659 ¹⁶
1687 5624 1810 5698 Leg.
1848 5628 2012 5700 μειοῖ.

2132 5626 2134 5632 ’
2167 5625 2287 5681 Cor.
2321 5623 2608 5679 ἀντίσκιοι.
