4166 6408
379 361 485 419 985

1121 353 1443 444 ACHlLLlS
1481 354 1667 410 TATH
1698 353 1995 412 lSAGOGE
2032 357 2123 411 AD
2154 356 2365 412 ARATI
2404 352 2877 410 ΡΗΕΝΟΜΕΝΑ.

3532 355 3636 414 986

377 471 436 527 δὲ
465 471 560 526 καὶ
587 471 638 526 oi
677 470 916 527 ἀντοικοι
945 469 1247 541 ὲτερόσκιοί
1285 471 1424 523 εἰσιν
1443 484 1457 499 ⁶
1487 469 1675 540 ἐπειδὴ
1710 471 1807 523 καὶ
1838 469 1961 524 τού-

2076 471 2254 526 imbra
2287 478 2478 525 nostra
2523 467 2851 538 projicitur:
2889 465 3143 522 videlicet
3166 465 3418 522 dextrum
3455 473 3509 522 et
3545 468 3638 522 bo-

379 578 488 616 των
521 561 555 632 ή
595 562 724 614 σκιά
770 558 864 613 ἐπὶ
902 559 965 612 τὸ
1006 560 1296 631 ἀριστερὸν
1334 559 1501 631 μέρος
1539 560 1604 614 τὸ
1643 559 1959 635 νοτιώτερον

378 653 662 725 τρέπεται.
697 651 985 706 Ἀντίσκιοι
1025 651 1084 705 δὲ
1131 654 1180 706 οἱ
1224 653 1282 705 ὲν
1313 650 1392 722 τῷ
1431 651 1628 725 βορείῳ
1662 652 1738 684 ¹⁸·
1772 653 1958 727 ἐπειδὴ

379 743 629 808 ἐναντίας
656 741 756 807 τὰς
783 742 942 807 σκιὰς
968 742 1180 814 ἔχουσιν
1201 760 1215 774 ο
1238 743 1421 815 οἱμὲν
1448 746 1530 808 είς
1548 745 1615 799 τά
1641 745 1791 810 δεξιά
1819 746 1958 819 μέρη

380 835 583 902 αὐτῶν,
623 836 672 888 οί
707 835 766 889 δὲ
798 837 880 900 είς
930 833 1000 888 τὰ
1042 836 1332 908 ἀριστερὰ,
1364 835 1451 890 διὰ
1503 835 1566 890 τὸ
1615 837 1781 908 μέσον
1822 834 1962 892 εἶναι

381 924 564 981 αὐτῶν
593 925 684 980 τὸν
712 926 884 998 ἥλιον.
918 927 1231 997 Ἀμφίσκιοι
1259 927 1316 980 δὲ
1361 926 1601 996 γίνονται
1640 928 1692 981 οί
1736 929 1835 1000 μὲν
1871 930 1962 984 τὸν

387 1017 700 1090 ἰσημερινὸν
733 1017 931 1071 κύκλον
959 1018 1254 1081 οἰκοῦντες.
1279 1019 1342 1072 Οἱ
1371 1018 1429 1072 δὲ
1462 1018 1616 1073 αὐτοὶ
1638 1019 1733 1072 καὶ
1758 1019 1957 1074 ἄσκιοι.

384 1107 513 1160 Ὅτε
545 1107 643 1178 μὲν
669 1107 778 1178 γὰρ
805 1107 946 1178 ὑπὲρ
976 1108 1222 1179 κορυφῆς
1249 1107 1430 1162 αὐτῶν
1452 1110 1600 1162 ἐστιν
1639 1111 1668 1163 ὁ
1694 1109 1862 1180 ἥλιος,
1887 1111 1962 1174 ὡς

384 1197 630 1269 εἴπομεν,
662 1199 843 1254 ἀσκιοί
888 1194 1052 1252 εἰσιν·
1095 1200 1184 1254 ὅτε
1210 1199 1268 1252 δὲ
1313 1199 1610 1268 ἀφίσταται
1639 1201 1818 1256 αὐτῶν
1856 1201 1964 1255 ἀπὸ

384 1288 555 1359 Κριοῦ
585 1291 664 1353 είς
683 1288 892 1362 Ταῦρον
921 1290 1016 1343 καὶ
1031 1289 1100 1344 τά
1121 1289 1248 1359 ὲξῆς
1271 1288 1458 1355 ζὼδια,
1474 1291 1574 1362 τὴν
1603 1291 1772 1361 αὐτὴν
1801 1291 1963 1346 σκιὰν

384 1376 596 1447 ἔχουσιν
622 1377 716 1431 ἐπὶ
747 1378 817 1432 τὰ
848 1377 1102 1450 εὐώνυμα
1130 1378 1302 1450 μέρη⁶
1334 1379 1423 1432 ὅτε
1449 1379 1505 1432 δὲ
1531 1379 1639 1433 ἀπὸ
1674 1381 1964 1452 ίσημερίας

382 1469 483 1538 τῆς
508 1470 566 1522 ὲν
594 1469 802 1542 Χηλαῖς
840 1471 869 1524 ὁ
904 1469 1056 1540 ἥλιος
1081 1469 1306 1540 γένηται
1349 1472 1408 1523 ὲν
1447 1471 1702 1543 Σκορπίῳ
1733 1473 1825 1525 καὶ
1853 1475 1965 1537 τοῖς

383 1551 512 1625 ἑξῆς
557 1555 789 1622 ζωδίοις,
820 1556 944 1610 τότε
974 1559 1008 1627 ἡ
1056 1555 1184 1610 σκιὰ
1212 1555 1394 1611 αὐτῶν
1423 1557 1518 1610 ἐπὶ
1549 1555 1618 1610 τὰ
1645 1556 1794 1622 δεξιά
1823 1557 1964 1629 μέρη

384 1647 750 1718 ἐκπέμπεται.
790 1647 951 1702 Ὥστε
995 1646 1311 1718 συμϐαίνειν
1350 1648 1476 1712 τοὺς
1516 1647 1643 1718 τῇδε
1683 1647 1966 1712 οἰκοῦντας

385 1740 517 1795 ποτὲ
551 1741 650 1810 μὲν
676 1739 900 1804 ἀσκίους
931 1739 1200 1808 γίνεσθαι,
1236 1740 1386 1806 ὅταν,
1425 1743 1482 1794 ὲν
1510 1739 1718 1811 Χηλαῖς
1741 1741 1776 1812 ἢ
1810 1740 1967 1812 Κριῷ

2061 578 2238 618 reum.
2276 560 2368 616 Sic
2395 559 2593 615 antmci
2640 558 2930 614 heteroscii
2969 565 3099 614 sunt
3130 600 3146 626 ,
3197 559 3397 630 quippe
3421 559 3635 614 illorum

2063 654 2259 708 umbra
2293 654 2583 709 sinistrum
2605 651 2672 706 ad
2695 652 2840 706 latus
2863 658 2917 705 et
2946 651 3189 706 australe
3227 650 3496 722 dirigitur.
3527 651 3637 704 Au-

2063 747 2205 802 tiscii
2230 745 2542 800 borealibus
2567 754 2696 800 sunt
2727 743 3019 806 australes,
3048 742 3175 812 quia
3215 746 3521 798 contrarias
3545 743 3640 798 ha-

2061 838 2193 892 bent
2235 835 2502 902 umbras;
2546 835 2624 888 illi
2665 834 2929 889 dextrum
2980 834 3049 888 ad
3098 833 3264 898 latus,
3305 834 3361 888 bi
3395 835 3458 889 ad
3502 835 3640 890 siui-

2063 938 2260 990 strum,
2305 927 2562 998 quoniam
2611 925 2826 981 medius
2865 925 2947 979 sol
2997 925 3265 980 ambobus
3317 926 3640 996 interjcctus

2062 1027 2165 1075 est.
2229 1018 2562 1088 Amphiscii,
2609 1015 2664 1070 id
2708 1023 2813 1082 est,
2874 1015 2942 1070 ad
2988 1023 3284 1086 utrumque
3322 1017 3466 1070 latus
3516 1034 3640 1070 um-

2061 1109 2216 1164 bram
2273 1109 2570 1171 habentes,
2617 1114 2746 1161 sunt
2791 1104 3161 1176 aequinoctiali
3213 1105 3421 1160 circulo
3450 1105 3638 1173 subje-

2063 1201 2157 1254 cti.
2204 1198 2372 1254 Iidem
2419 1205 2472 1253 et
2514 1198 2680 1260 ascii,
2715 1197 2768 1251 id
2800 1204 2884 1252 est
2929 1196 3134 1250 umbrae
3172 1209 3399 1265 prorsus
3441 1209 3640 1264 exper-

2064 1299 2168 1347 tes.
2227 1290 2363 1344 Nam
2410 1306 2533 1344 cum
2593 1305 2759 1360 supra
2802 1289 3060 1344 verticem
3125 1288 3345 1342 illorum
3402 1287 3483 1342 sol
3523 1295 3638 1350 est,

2065 1382 2220 1446 ﬁunt,
2253 1389 2312 1437 ut
2345 1381 2605 1447 diximus,
2638 1380 2773 1436 ascii
2795 1398 2810 1449 ;
2833 1395 2960 1435 cum
2985 1379 3138 1433 abiis
3174 1378 3484 1440 recesserit,
3512 1387 3638 1446 puta

2066 1475 2134 1529 ab
2171 1474 2355 1528 Ariete
2389 1475 2458 1528 ad
2489 1473 2731 1528 Taurum
2766 1481 2818 1528 et
2867 1470 3258 1541 consequentia
3293 1470 3466 1539 signa,
3491 1484 3641 1523 eam-

2065 1565 2186 1618 dem
2216 1564 2500 1620 nobiscum
2535 1563 2740 1620 habent
2768 1564 3016 1620 umbram
3042 1562 3109 1615 ad
3152 1561 3437 1616 sinistrum
3474 1560 3638 1614 latus.

2070 1655 2174 1710 Sed
2198 1672 2322 1710 cum
2354 1656 2422 1710 ab
2445 1656 2796 1726 aequinoctio,
2848 1655 2993 1725 quod
3047 1655 3103 1707 in
3126 1651 3289 1707 Libra
3344 1650 3424 1714 ﬁt,
3461 1651 3540 1704 sol
3573 1649 3642 1704 ad

2069 1746 2354 1817 Scorpium
2411 1756 2466 1802 et
2501 1748 2606 1802 alia
2646 1748 2799 1818 signa
2833 1747 3125 1801 transitum
3165 1744 3314 1808 facit,
3350 1751 3481 1797 tunc
3510 1744 3644 1796 dex-

383 1832 414 1885 ὁ
444 1832 592 1902 ἣλιος
611 1831 708 1898 ὣν,
747 1832 889 1886 κατά
917 1832 1163 1903 κορυφῆς
1189 1831 1367 1885 αὐτῶν
1505 1831 1640 1886 ποτὲ
1667 1832 1723 1885 δὲ
1757 1834 1816 1886 ὲν
1838 1833 1964 1904 ἀρι-

2076 1846 2310 1894 trorsum
2347 1839 2562 1894 illorum
2613 1839 2807 1894 umbra
2867 1838 3126 1894 mittitur.
3174 1836 3251 1891 Ita
3278 1836 3355 1901 lit,
3398 1844 3453 1889 ut
3496 1835 3642 1889 illius

386 1923 554 1994 στερᾷ
579 1922 720 1993 ἔχειν
751 1923 852 1994 τὴν
891 1923 1072 1989 σκιὰν,
1099 1924 1188 1978 ὅτε
1217 1925 1275 1976 ὲν
1299 1920 1554 1994 Σκορπίῳ
1581 1922 1676 1976 και⁵
1701 1925 1812 1986 τοῖς
1832 1922 1961 1993 ἑξῆς

386 2018 416 2070 ὁ
440 2015 593 2087 ἥλιος
620 2017 852 2086 γίνεται.
886 2015 1044 2081 Τινὲς
1078 2016 1138 2071 δὲ
1187 2016 1285 2070 καὶ
1322 2017 1640 2088 περισκίους
1671 2017 1795 2080 τοὺς
1831 2017 1963 2089 περὶ

385 2108 582 2171 αὐτοὺς
609 2107 794 2179 κύκλῳ
823 2107 1046 2179 ἔχοντας
1070 2107 1170 2179 τὴν
1201 2106 1363 2162 σκιὰν
1391 2103 1530 2162 εἶναι
1555 2105 1858 2178 βούλονται.

2065 1930 2334 1998 regionis
2369 1929 2562 1984 incolae
2594 1929 2866 1984 interdum
2911 1928 3054 1984 ascii
3080 1927 3213 1994 sint,
3244 1942 3368 1982 curn
3397 1926 3448 1980 in
3482 1925 3643 1980 Libra

2065 2022 2150 2076 vel
2177 2022 2365 2078 Ariete
2403 2022 2486 2077 sol
2539 2022 2730 2076 vertici
2779 2021 2998 2076 illorum
3045 2020 3296 2076 insidet:
3345 2021 3480 2075 alias
3511 2018 3646 2073 sini-

2068 2122 2186 2169 stra
2229 2114 2299 2170 iis
2345 2115 2540 2170 umbra
2585 2114 2678 2169 ﬂat
2716 2113 2937 2185 quando
2971 2112 3052 2169 sol
3090 2110 3379 2184 Scorpium
3419 2119 3474 2167 et
3511 2125 3645 2165 con-

385 2200 667 2272 sequentia
700 2201 856 2272 signa
891 2209 1163 2271 peragrat.
1227 2200 1368 2256 Sunt
1405 2201 1500 2272 qui
1531 2201 1798 2272 periscios
1845 2201 1971 2259 illos
2008 2222 2130 2263 esse
2169 2209 2377 2275 dicant,
2409 2223 2645 2279 quorum
2686 2207 2742 2262 in
2801 2207 2990 2262 orbem
3026 2206 3460 2277 circumquaque
3525 2217 3647 2257 um-

385 2294 483 2354 bra
519 2295 744 2366 iacitur.

456 2389 680 2462 Πρῶτος
725 2390 783 2444 δὲ
834 2391 1182 2464 Παρμενίδης
1223 2390 1354 2462 περὶ
1387 2389 1498 2445 τῶν
1525 2389 1713 2456 ζωνῶν
1746 2391 1970 2464 ἐκίνησε

389 2482 565 2551 λόγον.
598 2484 735 2555 Περὶ⁵
765 2483 822 2536 δὲ
857 2483 952 2538 τοῦ
992 2482 1230 2555 ἀριθμοῦ
1273 2484 1454 2538 αὐτῶν
1497 2483 1669 2556 πολλὴ
1701 2483 1972 2554 διαφωνία

389 2577 501 2638 τοῖς
528 2575 645 2644 μετ’
680 2576 842 2630 αὐτὸν
867 2575 1119 2646 γέγονεν·
1148 2575 1196 2627 οἱ
1235 2575 1332 2645 μὲν
1359 2574 1470 2646 γὰρ
1499 2574 1561 2640 ἐξ
1588 2575 1757 2640 αύτάς
1783 2571 1968 2629 εἶπον*

392 2666 468 2729 ὡς
501 2666 783 2730 Πολύϐιος,
841 2667 938 2721 καὶ
979 2666 1372 2731 Ποσειδώνιος,
1405 2665 1502 2736 τὴν
1533 2666 1972 2738 διακεκαυμένην

393 2759 473 2821 είς
501 2757 595 2811 δύο
621 2757 1000 2836 ,διαιροῦντεςο
1033 2757 1083 2809 oi
1109 2756 1167 2809 δὲ
1207 2757 1371 2810 πέντε
1406 2755 1712 2827 παρέλαϐον
1731 2773 1744 2786 ο
1780 2755 1970 2826 ῶσπερ

406 2847 795 2920 Ἐρατοσθένης
841 2849 934 2902 καὶ
968 2847 1118 2902 ἄλλοι
1153 2846 1358 2910 πολλοὶ,
1399 2841 1480 2910 οἷς
1505 2846 1601 2900 καὶ
1630 2847 1787 2917 ἡμεῖς
1837 2862 1968 2899 κατ-

392 2940 861 3012 ηκολουθήσαμεν.
894 2941 1030 3012 Περὶ
1077 2940 1133 2996 δὲ
1169 2940 1434 3011 οἰκήσεων
1484 2939 1644 2992 πάλιν
1669 2978 1682 3002 ,
1719 2939 1813 2992 καὶ
1865 2936 1972 2991 τῶν

395 3031 764 3098 ἐνοικούντων,
800 3034 894 3086 καὶ
927 3031 1240 3102 ὀνομάτων,
1285 3030 1477 3099 γέγονε
1510 3029 1680 3101 πολλὴ
1723 3029 1969 3100 ταραχὴ,

395 3124 490 3178 καὶ⁵
520 3123 647 3196 περὶ
673 3124 1004 3196 ἀντιχθόνων
1023 3164 1037 3189 ,
1066 3125 1160 3178 καὶ
1191 3123 1513 3178 ἀντιπόδων.

686 3239 826 3308 Περὶ
863 3238 1206 3309 μεταρσίων
1239 3238 1337 3292 καὶ
1378 3235 1698 3306 μετεώρων.

465 3352 567 3423 λβ’.
606 3352 862 3422 Διαφέρει
893 3351 1202 3422 μεταρσίων
1238 3350 1487 3420 μετέωρα
1508 3365 1520 3378 ·
1556 3343 1590 3422 ᾖ
1618 3346 1685 3400 τὰ
1714 3347 1812 3418 μὲν
1847 3364 1976 3418 μετ-

398 3443 548 3516 έωρα
601 3445 660 3497 ὲν
698 3441 913 3514 οὐρανῷ
961 3442 1058 3495 κα)⁸
1105 3441 1286 3514 αἰθέρι
1331 3440 1516 3494 ἐστίν’
1553 3440 1628 3504 ὡς
1670 3439 1848 3509 ἥλιος,
1888 3439 1979 3492 καὶ

400 3534 471 3588 τά
495 3532 678 3597 λοιπὰ,
709 3534 802 3586 καὶ
837 3533 1098 3604 οὐρανὸς,
1130 3531 1226 3584 καὶ
1272 3530 1438 3602 αἰθήρ
1462 3547 1474 3559 ⁸
1515 3531 1782 3600 μετάρσια
1819 3529 1876 3582 δὲ
1911 3529 1980 3582 τὰ

403 3623 605 3695 μεταξὺ
627 3623 721 3677 τοῦ
752 3623 914 3695 ἀέρος
946 3624 1041 3677 καὶ
1063 3622 1162 3694 τῆς
1189 3623 1294 3692 γῆς
1317 3639 1329 3651 ·
1363 3618 1472 3676 οἷον
1508 3621 1717 3693 ἄνεμοι,
1737 3621 1976 3691 νεφέλαι,

397 3714 593 3788 ὄμϐροι
613 3755 628 3780 ,
659 3715 968 3786 ἀστραπαὶ,
1003 3714 1255 3786 βρονταὶ,
1282 3713 1552 3786 κομῆται,
1591 3713 1794 3778 δοκίδες
1819 3755 1834 3779 ,
1867 3731 1981 3767 πω-

398 3808 613 3877 γωνίαι,
645 3807 958 3878 λαμπάδες,
997 3805 1182 3878 ἴριδες,
1207 3804 1412 3871 ᾶλωες,
1440 3805 1762 3876 διᾴττοντες,
1795 3804 1978 3876 ρυμοὶ,

402 3900 624 3972 ῥύακες.
659 3901 889 3954 Λεκτέον
926 3899 984 3953 δὲ
1009 3899 1137 3970 περὶ
1178 3897 1521 3970 μεταρσίων·
1555 3897 1683 3967 περὶ
1723 3896 1832 3968 γὰρ
1863 3913 1982 3967 μετ-

400 3993 588 4066 εώρων
631 3993 973 4066 προείρηται.
1023 3991 1244 4064 Πρῶτον
1286 3991 1344 4046 δὲ
1388 3991 1517 4048 περὶ
1558 3990 1774 4056 ἀνέμων
1820 3989 1984 4043 εἴπω-

407 4103 530 4158 μεν.

401 4195 544 4266 Περὶ
583 4195 838 4267 ἀνέμων,
883 4195 984 4249 καὶ
1022 4195 1112 4250 ὅτι
1147 4195 1413 4265 διαφέρει
1454 4190 1610 4264 αὖρα
1657 4193 1984 4264 ἀναθυμιά-

1111 4281 1282 4332 σεως.

481 4378 578 4448 λγ.
627 4378 1049 4450 ’Δναξίμανδρος
1090 4379 1268 4432 τοίνυν
1300 4379 1455 4450 ρύσιν
1479 4377 1640 4450 ἀέρος
1669 4376 1758 4431 τὸν
1787 4375 1984 4447 ἄνεμον
2052 4392 2062 4401 ‘

404 4469 560 4536 εἷπε·
599 4471 744 4536 τινὲς
782 4471 840 4525 δὲ
877 4471 1240 4541 ἀναθυμίασιν
1269 4470 1450 4542 ἀέρος.
1487 4471 1670 4525 ’Δλλοι
1704 4469 1760 4524 δὲ
1795 4469 1983 4539 διαφέ-

407 4580 526 4636 ρειν
550 4562 748 4632 ἄνεμον
777 4561 1028 4630 λέγουσιν
1051 4559 1226 4631 αὔρας
1249 4578 1261 4591 ·
1299 4562 1499 4631 ἄνεμον
1526 4560 1635 4631 γὰρ
1667 4554 1806 4614 εἶναι
1831 4557 1985 4628 ῥύσιν

405 4652 567 4725 ἀέρος
588 4668 603 4684 ο
629 4650 803 4722 αὕραν
835 4651 895 4706 δὲ
933 4649 1296 4722 ἀναθυμίασιν
1322 4651 1446 4721 γῆς.
1483 4651 1593 4705 Καὶ
1632 4651 1757 4713 τοὺς
1788 4649 1886 4721 μὲν
1919 4649 1984 4702 ὲκ

404 4745 582 4815 νεφῶν
610 4745 856 4814 λέγουσιν
888 4739 1026 4798 εἶναι
1059 4743 1314 4814 ἀνέμους,
1352 4743 1447 4796 καὶ
1467 4739 1747 4795 καλεῖσθαι
1786 4758 1804 4791 ‹
1829 4742 1983 4792 ἐκνε-

402 4838 534 4909 φίας
555 4854 570 4869 ·
601 4855 620 4891 ι
650 4837 776 4900 τοὺς
798 4835 855 4890 δὲ
879 4835 987 4890 ἀπὸ
1015 4835 1118 4907 γῆς
1148 4834 1482 4906 φερομένους
1506 4833 1797 4902 ἀπογείους
1814 4848 1827 4862 ·
1857 4831 1985 4896 τοὺς

401 4930 459 4985 δὲ
492 4929 600 4988 ἀπὸ
631 4927 892 5000 ποταμῶν
927 4927 1177 4999 ὲνυδρίας
1201 4943 1217 4958 ·
1244 4927 1369 4991 τοὺς
1397 4925 1455 4980 δὲ
1483 4925 1591 4980 ἀπὸ
1615 4925 1831 4980 κόλπων
1861 4923 1985 4978 κολ-

405 5023 534 5086 πίας
557 5039 571 5053 ·
608 5021 718 5076 ἀπὸ
744 5021 800 5075 δὲ
831 5020 972 5094 ὀρῶν
1005 5019 1181 5092 ὁρίας,
1203 5018 1238 5091 ἦ
1261 5019 1541 5090 ὀρεστίαςο
1571 5019 1666 5072 καὶ
1697 5017 1805 5086 γὰρ
1835 5015 1986 5088 παρά

420 5117 780 5189 ’Δριστοτέλει
812 5118 870 5172 ἐν
897 5115 976 5188 τῷ
1008 5115 1150 5184 Περὶ
1189 5113 1446 5184 ἀνέμων,
1485 5113 1580 5167 καὶ
1612 5111 1766 5184 παρά
1786 5110 1988 5166 Καλλι-

410 5211 568 5281 μάχῳ
621 5209 794 5273 οὕτως
846 5207 1220 5279 ὀνομάζονται.
1271 5207 1434 5261 ’Ὥστε
1485 5205 1581 5259 καὶ
1636 5203 1744 5257 ἀπὸ
1807 5202 1989 5256 τόπων

403 5301 568 5359 τινῶν
613 5299 745 5371 φασί
786 5317 937 5364 τινας
987 5299 1271 5368 λέγεσθαι·
1313 5292 1424 5351 οἷον
1481 5294 1717 5351 Καικίαν
1748 5294 1840 5348 τὸν
1883 5293 1992 5347 ἀπὸ

408 5394 578 5459 Κάῑος
605 5396 648 5428 ⁸⁸
687 5393 936 5465 ποταμοῦ
974 5393 1206 5447 πνέοντα
1233 5405 1248 5420 ⁶
1283 5392 1378 5448 καὶ
1420 5389 1700 5462 Σκείρωνα
1741 5388 1836 5442 τὸν
1881 5385 1992 5440 ἀπὸ

407 5485 780 5560 Σκειρωνίδων
805 5485 1040 5559 πετρῶν..
1077 5485 1233 5548 Τινὲς
1253 5484 1312 5538 δὲ
1339 5481 1450 5538 ἀπὸ
1479 5482 1656 5553 ὁρμῆς
1679 5477 1990 5550 ὠνομάσθη-

409 5594 528 5643 σαν,
549 5577 626 5641 ὡς
659 5577 902 5649 σφοδρῶς
937 5575 1150 5648 ῥέοντες
1171 5593 1184 5607 ·
1216 5573 1312 5630 καὶ
1337 5575 1385 5626 οἱ
1413 5571 1550 5643 μετά
1577 5568 1794 5641 παλμοῠ
1822 5585 1985 5631 τινος,

485 5758 527 5790 ¹⁶
559 5758 710 5812 Deest
740 5757 961 5823 aliquid,
994 5767 1117 5812 nuta
1153 5760 1263 5820 τοῖς
1292 5755 1347 5810 ὲν
1376 5772 1450 5823 τῳ
1474 5751 1654 5821 νοτίῳ.

2141 2390 2362 2444 Primus
2395 2388 2463 2444 de
2495 2372 2653 2444 zonis
2678 2385 3036 2442 Parmenides
3070 2385 3256 2440 dicere
3283 2386 3538 2440 instituit.
3571 2386 3648 2442 De

2071 2495 2302 2549 quarum
2333 2493 2562 2532 numero
2585 2491 2782 2548 magna
2815 2477 3088 2531 dissensio
3110 2483 3214 2531 εει.
3254 2475 3390 2530 Nam
3423 2476 3511 2531 alii
3552 2494 3648 2533 sex

2075 2581 2386 2635 numerant,
2449 2579 2508 2624 ut
2555 2568 2814 2640 Polybius
2851 2576 2907 2623 et
2957 2566 3312 2633 Posidonius,
3350 2569 3446 2638 qui
3488 2571 3652 2624 torri-

2072 2665 2197 2720 dam
2230 2665 2285 2718 in
2312 2663 2452 2718 duas
2473 2661 2764 2727 dividunt;
2793 2659 3040 2729 quinque
3069 2659 3280 2714 malunt
3308 2662 3426 2726 alii,
3460 2679 3491 2718 ε
3519 2663 3646 2733 qui-

2077 2757 2179 2811 bus
2209 2762 2292 2810 est
2313 2753 2724 2816 Eratosthenes,
2747 2760 2800 2807 et
2829 2766 2930 2806 nos
2959 2750 3153 2806 iisdem
3193 2751 3644 2824 subscripsimus.

2077 2847 2167 2902 Sic
2196 2847 2264 2901 de
2296 2844 2751 2905 habitationibus,
2787 2853 2840 2898 et
2873 2857 3062 2898 earum
3102 2843 3318 2908 incolis,
3348 2860 3650 2915 eorumque

2076 2936 2393 2991 nominibus
2431 2933 2579 2990 haud
2624 2933 2760 2988 levis
2798 2931 3088 2987 conﬂictus
3126 2941 3231 2995 est,
3276 2940 3332 2987 ut
3368 2941 3422 2986 et
3449 2934 3515 2988 de
3553 2949 3650 2988 an-

2076 3025 2450 3082 tichthonibus
2476 3031 2530 3079 et
2567 3023 2935 3094 antipodibus.

2117 3230 2222 3300 91
2263 3227 2341 3281 De
2385 3229 2450 3281 iis
2484 3243 2600 3297 qua:
2639 3223 2910 3297 μετάρσια
2950 3233 3001 3279 ει
3049 3225 3302 3296 μετέωρα
3343 3224 3613 3278 dicuntur.

2153 3343 2243 3398 52.
2279 3342 2543 3396 Diﬂ‘erunt
2573 3357 2603 3396 a
2633 3343 2889 3397 meteoris
2919 3356 3040 3410 quae
3067 3340 3334 3411 μετάρσια
3363 3339 3653 3393 nominan-

2083 3447 2170 3490 llll‘
2203 3457 2214 3490 ε
2249 3452 2376 3490 nam
2415 3442 2654 3490 meteora
2688 3434 2745 3488 in
2777 3434 2917 3488 εωίο
2949 3441 3079 3488 sunt
3122 3439 3175 3486 et
3224 3432 3426 3485 mthere
3459 3451 3469 3484 ξ
3509 3431 3656 3484 velut

2081 3531 2184 3593 sol,
2211 3537 2264 3584 et
2298 3529 2352 3584 id
2381 3543 2552 3598 genus
2583 3535 2796 3591 caetera,
2831 3526 3028 3580 caelum
3051 3564 3065 3588 ,
3116 3523 3318 3589 azthcr;
3357 3523 3609 3578 metarsia
3637 3561 3654 3585 ,

2081 3638 2202 3694 quae
2228 3637 2407 3678 aerem
2441 3621 2584 3674 inter
2607 3627 2662 3674 et
2699 3627 2901 3673 terram
2927 3616 3221 3672 accidunt:
3259 3622 3317 3668 ut
3348 3615 3516 3675 venti,
3552 3629 3655 3667 nu—

2080 3715 2200 3777 bes,
2229 3713 2456 3774 imbres,
2491 3710 2707 3780 fulgura
2729 3747 2745 3773 ,
2779 3709 3019 3762 tonitrua
3045 3747 3060 3772 ,
3116 3713 3340 3760 cometae
3363 3743 3378 3768 ,
3431 3703 3615 3758 trabes
3638 3742 3654 3766 ,

2081 3806 2324 3862 barbatae
2356 3803 2544 3866 stellae,
2576 3801 2747 3863 faces,
2782 3798 2983 3866 irides,
3028 3813 3166 3852 area:
3191 3836 3208 3863 ,
3254 3796 3657 3851 transvolantes

2084 3899 2280 3963 stellae,
2325 3904 2609 3959 temones,
2668 3892 2951 3965 proﬂuvia.
3003 3889 3079 3946 De
3112 3889 3180 3946 iis
3213 3905 3334 3960 qua:
3389 3887 3658 3959 μετάρσια

2083 3996 2383 4050 vocantur,
2427 3985 2696 4057 agendum
2749 3981 2909 4038 nobis
2940 3988 3045 4035 est.
3096 3976 3232 4032 Nam
3280 3975 3348 4032 de
3400 3974 3657 4031 meteoris
3704 4002 3713 4010 -

2081 4081 2192 4150 jam
2228 4077 2482 4134 diximus.
2515 4075 2594 4130 Ac
2621 4073 2773 4145 prius
2798 4071 2866 4128 de
2894 4070 3094 4126 ventis.

2091 4191 2167 4246 De
2207 4191 2406 4256 ventis,
2447 4188 2608 4260 deque
2645 4201 2792 4240 aura:
2825 4192 2875 4238 et
2927 4181 3282 4237 exhalationia
3331 4179 3653 4234 discrimine.

2167 4369 2692 4430 55.'Anaximander
2717 4368 2971 4424 ﬂuentem
3005 4379 3190 4419 aerem
3218 4360 3354 4416 dixit
3374 4374 3498 4415 esse
3525 4373 3658 4413 ven-

2095 4472 2250 4531 tum;
2286 4463 2378 4516 alii
2405 4461 2802 4516 exhalationem
2835 4455 2998 4510 aeris.
3043 4452 3150 4506 Alii
3175 4457 3396 4504 ventum
3427 4449 3498 4503 ab
3523 4463 3659 4502 aura

2096 4555 2417 4624 discrepare
2439 4551 2661 4606 volunt:
2692 4548 2891 4618 quippe
2917 4551 3136 4599 ventum
3172 4542 3326 4596 aiunt
3349 4555 3470 4596 esse
3493 4537 3660 4592 ﬂuen-

2096 4649 2200 4696 tem
2252 4653 2468 4704 aerem;
2515 4651 2705 4691 auram
2757 4648 2889 4689 vero
2923 4639 3197 4688 terrenam
3226 4628 3651 4686 exhalationcm.

2071 4733 2397 4790 .Yentorum
2430 4745 2593 4802 porro
2622 4728 2758 4783 alios
2785 4741 2817 4782 e
2843 4724 3083 4782 nubibus
3120 4721 3340 4792 prodire
3367 4726 3580 4788 putant,
3605 4729 3662 4775 et

2089 4826 2276 4882 vocari
2313 4843 2332 4876 ι
2365 4821 2690 4893 ecnephias;
2731 4838 2750 4872 ι
2786 4817 2923 4872 alios
2957 4831 2989 4872 e
3025 4821 3172 4870 terra
3217 4813 3484 4870 excitatos
3521 4813 3658 4866 am-

2090 4917 2309 4986 γείουςτ
2345 4913 2435 4984 qui
2475 4929 2505 4968 e
2560 4909 2874 4965 ﬂuminibus
2906 4907 3193 4971 oriuntur,
3228 4905 3528 4976 aquatiles,
3565 4904 3659 4975 qui

2089 5024 2120 5062 a
2154 5005 2442 5062 maritimis
2485 5000 2984 5066 εἱηὶδυε,κολπίας,
3017 5013 3047 5052 a
3081 4997 3355 5052 montibus
3388 4996 3542 5068 ὁρίας
3575 4996 3663 5050 vel

2093 5101 2377 5173 ὀρεστίας;
2413 5093 2685 5168 quomodo
2725 5093 2794 5148 ab
2823 5091 3110 5148 Aristotele
3139 5092 3194 5144 in
3223 5088 3366 5144 libro
3401 5087 3479 5141 De
3524 5103 3662 5141 ven-

2092 5199 2180 5262 tis,
2218 5204 2270 5250 et
2302 5190 2636 5248 Callimacho
2663 5187 3030 5244 nominantur.
3093 5183 3183 5239 Sic
3212 5198 3243 5238 a
3272 5182 3407 5238 locis
3438 5180 3663 5251 quidam

2092 5303 2290 5344 nomen
2323 5285 2598 5354 accipiunt
2626 5300 2640 5337 :
2674 5291 2734 5337 ut
2749 5281 2953 5336 Caecias
2983 5295 3014 5334 a
3035 5278 3198 5335 Caico
3214 5275 3378 5330 ﬂuvio
3397 5275 3613 5343 spirans
3642 5291 3660 5338 ;

2092 5391 2146 5436 et
2183 5378 2374 5434 Sciron
2405 5392 2436 5430 a
2469 5374 2764 5431 Scironicis
2812 5373 3072 5444 scopulis.
3117 5368 3403 5425 Nonnullis
3439 5367 3508 5420 ab
3560 5365 3658 5419 im-

2092 5479 2218 5543 petu
2283 5484 2477 5524 nomen
2539 5467 2811 5522 inditum:
2868 5473 2929 5520 ut
2981 5463 3074 5535 qui
3139 5458 3518 5518 vehementius
3572 5457 3661 5510 in-

2091 5573 2324 5637 gruant;
2378 5569 2432 5616 et
2478 5559 2570 5632 qui
2607 5558 2840 5630 quadam
2895 5571 3018 5614 cum
3058 5552 3361 5610 vibratione
3409 5563 3473 5604 ac
3533 5547 3666 5605 sub-

1770 5750 1811 5781 "
1843 5748 1882 5818 ί.
1917 5747 2144 5800 Καΐκου.
