4166 6408
463 357 564 414 987

1492 349 1578 402 AD
1611 345 1880 402 EUSEBH
1907 343 2300 402 CHBONICON
2339 347 2700 403 APPENDIX.

3614 355 3721 413 988

465 475 613 536 sultu
649 473 936 538 feruntur,
987 469 1258 542 procella.
1291 468 1397 522 Alii
1448 483 1479 522 a
1526 468 1709 538 specie
1738 467 1998 523 dicuntur
2028 486 2040 522 :

2152 466 2242 518 καὶ
2277 466 2591 538 πηδήματος
2631 467 2868 521 θύελλαι.
2907 443 2968 523 Oi
2995 470 3052 523 δὲ
3086 471 3192 524 ἀπὸ
3226 471 3500 543 σχήματος
3531 472 3718 548 λέγον-

465 569 612 622 velut
635 568 726 637 qui
759 565 994 636 quadam
1031 562 1298 633 vertigine
1323 561 1639 627 volvuntur,
1672 557 2044 632 appellantur-

467 674 573 728 que
608 657 873 712 turbines.
906 656 1038 710 ltem
1070 655 1163 724 qui
1213 653 1281 708 ab
1307 653 1417 708 imo
1447 669 1668 708 sursum
1700 652 2040 718 attolluntur,

468 759 759 820 presteres.
790 748 1021 818 Scripsit
1045 747 1112 802 de
1138 745 1315 802 ventis
1347 746 1510 800 etiam
1535 745 1944 802 Eratosthenes.
1977 746 2045 800 At

467 841 772 896 cardinales
811 839 956 896 venti
1006 845 1134 894 sunt
1167 846 1439 908 quatuor:
1473 853 1504 893 e
1533 837 1732 908 quibus
1785 837 1878 892 ille
1899 878 1914 902 ,
1950 837 2044 908 qui

469 934 538 987 ab
568 941 691 986 ortu
724 931 851 995 ﬂat,
908 931 1242 986 subsolanus
1294 929 1528 997 dicitur;
1591 929 1684 999 qui
1740 929 1808 983 ab
1841 930 2044 984 arctico

468 1026 613 1096 polo,
641 1025 870 1089 boreas;
905 1025 999 1094 qui
1025 1025 1094 1078 ab
1125 1023 1448 1089 antarctico,
1479 1032 1692 1091 auster;
1724 1022 1793 1078 ab
1818 1038 2042 1090 occasu,

469 1117 761 1189 zephyrus.
797 1114 935 1171 Nam
968 1117 1132 1185 ζέφος
1164 1117 1377 1187 poetice
1401 1131 1660 1172 occasum
1685 1114 1978 1188 signiﬁcat.

1084 1300 1160 1356 De
1199 1301 1436 1356 cometis.

537 1393 626 1448 54.
664 1393 742 1449 De
769 1392 1000 1448 cometis
1031 1401 1084 1447 et
1115 1393 1360 1449 trabibus
1393 1391 1666 1464 scripsere
1689 1393 1998 1464 complures
2027 1411 2040 1447 :

468 1488 616 1542 velut
644 1487 973 1542 Demetrius.
1005 1485 1184 1542 Locus
1209 1502 1398 1541 eorum
1435 1497 1521 1542 est
1567 1487 1623 1541 in
1662 1501 1807 1552 aere,
1839 1503 1949 1542 non
1988 1491 2044 1543 in

470 1579 628 1634 calo.
663 1578 740 1632 Ex
775 1579 844 1634 iis
877 1594 1110 1649 quorum
1162 1579 1344 1632 lumen
1390 1577 1650 1634 deorsum
1693 1580 1953 1649 respicit,
1988 1587 2045 1634 ut

469 1687 664 1726 versus
693 1686 812 1726 eam
836 1678 1042 1740 partem
1061 1685 1352 1726 coruscare
1368 1670 1656 1725 videantur
1673 1709 1689 1735 ,
1731 1690 1748 1722 ‹
1775 1681 1998 1726 cometa
2020 1689 2039 1722 ι
2076 1704 2119 1760 Β

469 1761 867 1827 nominantur;
938 1775 1173 1831 quorum
1240 1759 1497 1829 splendor
1552 1776 1771 1816 sursum
1832 1761 2043 1830 vergit,

477 1872 496 1905 ι
534 1852 720 1920 faces;
762 1872 782 1906 ι
817 1868 943 1908 cum
973 1853 1063 1907 lux
1098 1854 1313 1908 tractim
1344 1852 1683 1922 producitur,
1712 1872 1729 1903 ι
1768 1853 1988 1919 trabes;
2022 1872 2040 1905 ι

471 1946 693 2017 quando
735 1946 1012 2002 roscidum
1065 1946 1248 2001 lumen
1295 1957 1539 2016 apparet,
1572 1965 1592 1998 ‹
1629 1946 1727 2001 iris
1765 1965 1784 1998 ι
1823 1945 2043 2002 dicitur.

471 2037 706 2105 Quando
740 2037 910 2093 solem
940 2037 1112 2091 ambit
1145 2037 1386 2091 circulus
1416 2055 1428 2090 :
1462 2036 1769 2106 cujusmodi
1793 2051 2049 2094 nonnun-

471 2144 637 2199 quam
682 2129 791 2182 duo
825 2135 1008 2184 tresve
1037 2128 1175 2204 ﬂunt
1201 2147 1213 2182 :
1252 2127 1396 2182 unde
1422 2138 1476 2183 et
1502 2127 1702 2181 Aratus
1729 2126 1868 2180 dixit
1898 2143 1918 2178 σ
1950 2126 2050 2180 tri-

471 2223 730 2291 plicatam
765 2237 970 2284 aream,
1017 2241 1036 2274 ι
1081 2230 1306 2276 vocatur
1333 2223 1514 2286 ἅλως,
1558 2220 1612 2274 id
1643 2227 1728 2276 est
1778 2237 1797 2270 ‹
1839 2233 1986 2274 area.
2023 2237 2042 2270 ι

475 2314 534 2368 Si
561 2314 632 2369 ab
661 2314 829 2370 astris
884 2314 1025 2384 ignis
1070 2313 1138 2368 ad
1173 2313 1432 2370 inferiora
1479 2313 1846 2383 propellatur,
1904 2331 1923 2364 ‹
1969 2319 2050 2365 te-

471 2421 684 2471 mones,
708 2426 726 2459 »
746 2413 800 2462 et
820 2425 839 2458 ι
872 2406 1136 2478 proﬂuvia
1162 2426 1182 2459 ι
1214 2414 1620 2475 nuncupantur.
1638 2405 1740 2472 Qui
1758 2404 2047 2461 subsultim

472 2501 582 2555 huc
631 2507 687 2555 et
726 2500 856 2554 illuc
891 2499 1202 2570 agitantur,
1263 2518 1282 2550 ι
1324 2500 1581 2555 salientes
1621 2517 1640 2550 ι
1701 2505 1755 2553 et
1788 2516 1806 2550 ι
1848 2496 2051 2552 transi-

472 2592 668 2647 lientes
698 2613 710 2647 :
741 2593 888 2663 qu;d
923 2593 982 2646 ﬁt
1015 2593 1188 2648 stellis
1233 2603 1396 2648 vento
1422 2591 1742 2656 concussis,
1783 2599 1837 2647 et
1891 2591 2050 2662 quasi

472 2685 738 2740 scintillas
771 2684 1168 2740 emittentibus.
1206 2681 1346 2738 Hinc
1394 2683 1530 2737 illud
1583 2690 1869 2738 ventorum
1911 2698 2050 2752 pra-

472 2778 685 2848 sagium
739 2774 920 2830 facere
965 2773 1125 2830 docet
1171 2775 1394 2829 Aratus.
1427 2773 1510 2826 Ad
1544 2772 1659 2827 haec
1693 2791 1711 2824 ‹
1750 2788 1992 2844 prasepe
2025 2793 2044 2825 ι

470 2880 667 2925 vocant
703 2870 902 2927 nutem
957 2869 1250 2939 quamdam
1310 2870 1458 2923 circa
1511 2867 1783 2922 Cancrum
1821 2867 2048 2937 conglo-

2144 573 2232 608 ται
2258 574 2268 584 ·
2295 556 2481 629 ὥσπερ
2514 560 2562 610 οἱ
2603 559 2755 628 μετὰ·
2788 559 3047 631 δινήσεως
3082 562 3347 634 στρόϐιλοι
3367 581 3379 594 ·
3410 566 3503 618 καὶ
3526 567 3576 618 oi
3617 567 3715 621 κά-

2143 648 2313 702 τωθεν
2339 650 2418 713 είς
2452 649 2584 718 ὕψος
2612 651 2900 721 φερόμενοι
2923 654 3258 724 πρηστῆρες.
3304 656 3716 728 Ἐπραγματεύ-

2146 759 2276 794 σατο
2312 741 2369 794 δὲ
2407 743 2537 813 περὶ
2564 743 2778 812 ἀνέμων
2806 746 2898 798 καὶ
2935 747 3342 818 Ἐρατοσθένης.
3379 751 3440 802 Οἱ
3480 751 3535 803 δὲ
3572 768 3717 819 γενι-

2145 834 2378 889 κώτατοι
2417 836 2608 906 ἄνεμοι
2641 836 2905 908 τέσσαρές
2943 839 3077 890 εἱσι·
3114 840 3208 892 καὶ
3241 843 3268 893 ὁ
3309 842 3406 911 μὲν
3451 844 3558 896 ἀπὸ
3591 845 3719 898 ἀνα-

2143 928 2318 981 τολῶν
2366 929 2545 981 πνέων
2607 930 2851 982 καλεῖται
2897 931 3244 1003 ἀπηλιώτης,
3287 936 3315 986 ὁ
3361 935 3417 987 δὲ
3470 936 3576 990 ἀπὸ
3626 936 3718 991 τοῦ

2145 1023 2406 1094 ἀρκτικοῦ
2453 1024 2616 1077 πόλου
2665 1025 2878 1096 βορέας,
2911 1027 2940 1078 ὁ
2971 1026 3025 1078 δὲ
3070 1027 3177 1080 ἀπὸ
3223 1026 3315 1079 τοῦ
3359 1028 3719 1099 ἀνταρκτικοῦ

2146 1117 2318 1181 νότος,
2347 1119 2376 1169 ὁ
2405 1116 2460 1168 δὲ
2492 1116 2599 1170 ἀπὸ
2635 1117 2836 1181 δύσεως
2875 1117 3107 1189 ζέφυρος
3133 1135 3146 1148 ·
3177 1117 3339 1189 ζέφος
3373 1120 3482 1192 γὰρ
3512 1123 3544 1193 ἡ
3573 1121 3723 1184 δύσις

2148 1209 2289 1263 κατά
2309 1210 2436 1273 τοὺς
2471 1210 2716 1279 ποιητάς.

2705 1304 2842 1371 Περὶ
2873 1302 3165 1372 κομητῶν.

2217 1393 2311 1446 λδ¹.
2334 1394 2470 1466 Περὶ⁵
2490 1394 2546 1446 δὲ
2574 1395 2830 1466 κομητῶν
2846 1398 2938 1449 καὶ
2959 1397 3181 1450 δοκίδων
3202 1399 3726 1469 ἐπραγματεύσαντο

2147 1483 2361 1537 πολλοί·
2410 1485 2598 1558 ῶσπερ
2647 1487 2742 1539 καὶ
2787 1489 3115 1560 Δημήτριος.
3155 1491 3276 1542 Εἰσὶ
3321 1492 3378 1545 δὲ
3412 1494 3512 1546 οὐκ
3544 1495 3602 1546 ὲν
3631 1494 3722 1546 οὑ-

2149 1576 2318 1648 ρανῷ,
2370 1577 2484 1630 ἀλλ’
2536 1579 2595 1632 ὲν
2643 1578 2722 1649 τῷ
2753 1580 2894 1652 ἀέρι.
2926 1582 2988 1633 Oi
3039 1581 3136 1652 μὲν
3173 1578 3266 1636 οὖν
3305 1585 3454 1636 κάτω
3499 1584 3560 1636 τὸ
3610 1585 3725 1654 φῶς

2148 1669 2361 1741 ἔχοντες
2384 1713 2398 1737 ,
2435 1673 2530 1726 καὶ
2574 1671 2674 1736 τάς
2715 1675 3080 1745 μαρμαρυγὰς
3116 1677 3264 1730 κάτω
3306 1677 3597 1743 νευούσας,
3622 1697 3724 1732 κα-

2147 1761 2360 1816 λοῦνται
2419 1781 2438 1813 ε
2482 1764 2752 1834 κομῆταν
2801 1783 2820 1815 ι
2870 1767 2920 1817 οἱ
2960 1765 3016 1818 δὲ
3051 1767 3162 1820 ἀνω
3211 1767 3270 1820 τὸ
3314 1767 3430 1837 φῶς
3474 1769 3727 1833 νενευκὸς

2147 1850 2359 1921 ἔχοντες
2398 1853 2683 1907 καλοῦνται
2721 1873 2739 1906 ε
2760 1854 3059 1926 λαμπάδες.
3094 1876 3112 1909 ι
3151 1858 3340 1912 Ὁπότε
3368 1859 3423 1912 δὲ
3457 1861 3728 1931 ἐπίμηκες

2147 1943 2329 2014 έχουσι
2360 1944 2421 1998 τὸ
2454 1946 2589 2014 φῶς,
2624 1946 2914 2001 καλοῦνται
2947 1967 2965 1999 ι
2986 1949 3190 2012 δοκίδες
3209 1966 3224 1980 ο
3255 1970 3274 2001 ι
3305 1951 3462 2004 ὁπότε
3479 1952 3536 2004 δὲ
3566 1955 3727 2024 ίκμα-

2146 2036 2313 2100 τῶδες
2361 2037 2475 2106 φῶς
2515 2040 2744 2110 ὁρᾶται,
2781 2041 3024 2094 καλεῖται
3061 2061 3080 2092 ‹
3109 2042 3248 2112 ῐρις’
3284 2062 3302 2094 ι
3339 2044 3467 2097 ὅταν
3496 2044 3552 2097 δὲ
3599 2045 3728 2116 περὶ

2147 2130 2238 2182 τὸν
2263 2131 2413 2200 ἥλιον
2512 2129 2740 2195 κύκλος·
2775 2131 2943 2185 ἐνίοτε
2977 2132 3072 2184 καὶ
3098 2133 3142 2164 ²⁰
3184 2133 3297 2196 δύο,
3333 2136 3426 2188 καὶ
3465 2139 3613 2206 τρεῖς
3638 2137 3724 2206 γί-

2148 2240 2356 2277 νονται·
2401 2222 2523 2276 ὅθεν
2549 2224 2642 2276 καὶ
2671 2226 2904 2295 ¹Ἀρατος
2945 2221 3067 2278 εἶπε
3115 2245 3134 2277 ‹
3157 2227 3458 2297 τριέλικτον
3485 2229 3721 2301 ἀλωήν-ι

2155 2313 2355 2376 «ἀλως»
2381 2313 2646 2369 καλεῖται.
2664 2313 2788 2367 Ἐἀν
2803 2315 2858 2368 δὲ
2882 2315 2988 2368 ἀπὸ
3007 2315 3250 2388 ἀστέρων
3268 2312 3400 2382 ὧσις
3428 2318 3520 2372 τοῦ
3552 2321 3726 2389 φωτὸς

2149 2406 2376 2477 γένηται
2410 2407 2502 2459 ἐπὶ
2529 2406 2597 2460 τὰ
2625 2405 2796 2472 κάτω,
2823 2407 3108 2461 καλοῦνται
3139 2427 3156 2459 ι
3187 2408 3349 2480 ρυμοὶ
3380 2428 3397 2460 ι
3437 2411 3530 2463 καὶ
3562 2410 3726 2482 (ῥύα-

2150 2512 2277 2562 κες·
2309 2516 2328 2548 ι
2362 2499 2410 2551 οἱ
2442 2497 2499 2550 δὲ
2543 2498 2652 2551 ἀπὸ
2680 2498 2846 2552 τόπου
2887 2501 2966 2562 είς
2996 2499 3160 2552 τόπον
3205 2501 3591 2572 μετερχόμενοι
3626 2497 3734 2555 xa-=

2149 2588 2363 2644 λοῦνται
2413 2610 2430 2643 ‹
2459 2590 2709 2662 ᾄττοντες
2747 2610 2764 2642 ι
2813 2591 2907 2645 καὶ⁹
2954 2611 2972 2643 ι
2996 2591 3329 2662 διᾴττοντες·
3363 2612 3381 2644 ι
3419 2592 3626 2662 γίνεται
3669 2593 3727 2647 δὲ

2149 2681 2338 2746 τοῦτο,
2368 2683 2476 2735 τῶν
2523 2682 2768 2754 ἀστέρων
2810 2682 2916 2737 ὑπὸ
2961 2683 3270 2754 πνεύματος
3304 2686 3728 2756 τινασσομένων,

2151 2775 2246 2828 καὶ
2281 2775 2443 2829 οἱονεὶ
2496 2775 2801 2848 σπινθῆρας
2844 2777 3111 2846 ἀφιέντων
3136 2793 3150 2807 °
3194 2777 3275 2830 διὸ
3323 2777 3468 2830 κατά
3507 2781 3732 2848 σημεῖον

2151 2868 2367 2938 ἀνέμων
2405 2865 2558 2922 εἶπεν
2592 2870 2827 2942 Ἀρατος
2868 2869 3046 2923 τοῦτο.
3085 2871 3196 2923 Καὶ
3224 2871 3428 2939 φάτνην
3476 2870 3530 2922 δὲ
3571 2871 3731 2938 νέφος

471 2962 655 3018 batam
713 2972 766 3016 et
813 2961 1185 3031 splendidam,
1239 2968 1297 3015 ut
1345 2961 1547 3016 Aratus
1594 2960 1902 3031 signiﬁcat:
1959 2957 2049 3012 cui

2153 2959 2563 3030 πεφωτισμένον
2621 2961 2748 3031 περὶ
2802 2959 2895 3013 τὸν
2938 2961 3212 3030 Καρκίνον
3264 2959 3465 3026 φασίν·
3509 2958 3586 3017 ὡς
3634 2974 3731 3013 και

485 3061 916 3110 consentaneum
947 3062 1048 3117 est,
1067 3053 1211 3124 quod
1237 3052 1290 3106 in
1320 3052 1508 3107 eadem
1531 3058 1685 3121 parte
1709 3051 1879 3105 stella
1901 3064 2050 3119 qua-

2158 3049 2410 3118 Ἀρατος.
2453 3051 2782 3114 Ἀκολούθως
2824 3050 2881 3103 δὲ
2915 3049 3084 3120 ταύτῃ
3116 3050 3211 3102 καὶ
3245 3066 3263 3099 ι
3287 3049 3440 3113 ὁνους
3465 3069 3482 3100 ι
3512 3049 3732 3118 λέγουσι

473 3148 599 3202 dam
633 3147 780 3201 circa
809 3145 1102 3212 Cancrum,
1136 3163 1155 3196 ι
1195 3145 1336 3199 asini
1376 3163 1394 3196 ι
1431 3143 1712 3198 dicuntur.
1742 3141 1916 3196 Porro
1956 3155 2051 3196 co-

2155 3142 2282 3212 περὶ
2309 3140 2398 3195 τὸν
2429 3141 2700 3212 Καρκίνον
2746 3140 2980 3209 ἀστέρας
3019 3132 3176 3191 εἶναι.
3209 3139 3346 3201 Τοὺς
3384 3138 3441 3191 δὲ
3487 3141 3733 3210 κομήτας

474 3247 648 3294 metas
683 3246 737 3293 et
766 3238 820 3292 id
849 3253 1021 3306 genus
1062 3236 1202 3299 alia,
1250 3235 1470 3305 quidam
1519 3251 1549 3290 e
1590 3234 1762 3290 stellis
1809 3232 2050 3286 densatis

475 3337 530 3385 et
560 3329 880 3382 illuminatis
919 3327 1052 3380 oriri
1083 3326 1328 3382 sentiunt
1357 3345 1368 3378 :
1403 3327 1494 3379 alii
1525 3341 1592 3380 ex
1627 3325 1862 3379 nubibus
1893 3323 2052 3378 undi-

475 3435 583 3490 que
610 3418 979 3484 collustratis;
1032 3417 1283 3472 nonnulli
1313 3432 1376 3471 ex
1421 3416 1635 3470 aﬂ‘rietu
1666 3415 1925 3472 succendi
1956 3431 2054 3470 vo-

476 3513 615 3566 lunt.
647 3510 834 3580 Neque
868 3526 996 3564 vero
1031 3525 1244 3579 semper
1271 3516 1552 3578 apparent,
1576 3509 1671 3564 sed
1695 3508 1858 3562 certis
1890 3508 2054 3563 inter-

475 3602 638 3656 vallis
673 3611 996 3673 temporum.
1046 3602 1316 3655 Caterum
1361 3600 1536 3656 nubes
1571 3600 1714 3654 inter
1753 3614 1811 3654 se
1849 3599 2054 3653 collisae

476 3695 721 3748 tonitrua
752 3694 998 3758 faciunt;
1057 3692 1198 3747 ﬁssa
1227 3708 1385 3755 vero,
1429 3699 1484 3747 et
1539 3707 1666 3746 cum
1721 3690 1926 3760 impetu
1987 3703 2052 3743 ac

479 3782 817 3837 vehementia
852 3780 1036 3836 ﬂatum
1070 3782 1382 3835 emittentes
1405 3822 1420 3847 ,
1483 3781 1747 3834 fulmina:
1783 3794 1906 3834 eum
1938 3779 2056 3849 agi-

478 3877 686 3929 tatione
719 3875 881 3930 ﬂatus
927 3873 1282 3941 accenditur;
1339 3872 1554 3944 fulgura
1606 3872 1693 3927 vel
1733 3887 1763 3927 e
1813 3870 2052 3925 nubibus

479 3967 617 4036 ipsis
670 3971 958 4031 oriuntur,
1017 3981 1249 4022 accenso
1302 3966 1426 4037 igne
1484 3979 1548 4019 ac
1605 3965 1913 4019 restincto:
1968 3963 2054 4018 vel

480 4057 739 4128 splendor
765 4066 848 4113 est
879 4074 945 4112 ex
976 4059 1099 4127 igne
1129 4072 1450 4112 coruscans.
1497 4056 1704 4110 Imbres
1726 4071 1794 4110 ex
1835 4053 2054 4108 madido

478 4165 702 4220 vapore,
745 4159 800 4203 et
852 4149 1090 4204 humidis
1132 4149 1369 4203 nubibus
1414 4148 1706 4203 exsistunt.
1749 4144 1874 4199 llac
1905 4159 2056 4200 sum-

481 4242 668 4295 matim
721 4241 790 4297 de
839 4243 983 4297 aeris
1014 4241 1389 4297 affectionibus
1419 4280 1434 4306 ,
1487 4254 1608 4310 qua
1662 4238 1924 4310 μετάρσια
1953 4250 2054 4291 no-

481 4335 714 4388 minant.

982 4502 1060 4558 De
1094 4504 1270 4572 positu
1319 4503 1558 4568 sp‘hazrw.

550 4594 641 4651 55.
677 4593 912 4665 Sphara
943 4597 1118 4663 situs,
1149 4597 1294 4666 quod
1342 4597 1597 4666 ignorare
1650 4611 1759 4650 non
1811 4603 2053 4666 oportet,

480 4684 627 4738 haud
659 4687 824 4741 unius
864 4687 1080 4756 generis
1127 4695 1249 4752 est,
1297 4686 1393 4742 sed
1427 4703 1527 4758 pro
1555 4694 1715 4741 terra
1751 4686 2092 4742 inclinatio--

481 4777 646 4830 nibus
675 4778 815 4831 varii
855 4785 984 4833 sunt
1040 4778 1265 4848 sphara
1316 4779 1475 4833 situs.
1525 4776 1567 4830 E
1623 4778 1821 4847 quibus
1850 4793 2055 4849 paucos

481 4869 968 4940 perstringemus:
1030 4878 1086 4926 et
1138 4871 1206 4926 ad
1269 4870 1480 4925 Aratea
1540 4870 1764 4940 sphaera
1820 4871 2060 4940 positum

481 4973 672 5034 postea
701 4963 1004 5019 veniemus.
1055 4961 1153 5017 Est
1201 4962 1365 5032 igitur
1391 4963 1530 5018 situs
1582 4962 1832 5033 inprimis
1880 4961 2061 5018 Helle-

483 5057 688 5128 sponti,
715 5071 778 5110 ac
806 5055 1134 5112 Macedonia
1161 5056 1367 5110 elimati
1397 5071 1724 5126 congruens.
1748 5055 1884 5111 Cum
1910 5055 2058 5110 enim

461 5149 626 5215 apud
676 5147 1008 5218 Antigonum
1052 5145 1382 5201 Macedoniae
1427 5163 1608 5219 regem
1641 5155 1786 5203 esset
1814 5145 2014 5203 Aratus
2038 5187 2053 5213 ,

484 5239 552 5292 ad
585 5238 732 5294 illius
781 5237 887 5292 loci
933 5236 1095 5290 clima
1123 5237 1499 5308 apparentium
1529 5238 1834 5292 doctrinam
1881 5236 2059 5308 exegit

483 5347 719 5387 omnem.
752 5330 926 5388 Porro
965 5330 1180 5401 quoties
1206 5330 1316 5400 poli
1345 5329 1684 5386 horizontem
1711 5329 2055 5402 contingunt,

485 5425 684 5480 accidit
712 5431 773 5478 ut
807 5439 908 5480 nee
936 5423 1177 5480 arcticus
1231 5424 1470 5480 circulus
1493 5463 1510 5488 ,
1565 5438 1668 5478 nec
1719 5425 2057 5479 antarcticus
2083 5443 2100 5467 ο

487 5531 703 5585 semper
751 5523 1090 5587 appareant:
1124 5516 1220 5573 sed
1273 5516 1716 5587 hemiSpharium
1765 5523 2058 5587 utrumque

487 5606 698 5662 oriatur
761 5615 815 5664 et
873 5610 1106 5666 occidat.
1195 5609 1290 5664 Sin
1322 5609 1594 5665 borealem
1649 5609 1831 5681 polum
1891 5625 2056 5685 supra

571 5791 618 5823 1³
714 5791 886 5846 ἐνίοτε
907 5793 984 5848 δέ.
1063 5795 1127 5828 ’θ’
1217 5794 1373 5851 κατά.
1403 5796 1558 5852 Ευιπ.

2155 3233 2247 3284 καὶ
2274 3232 2400 3294 τοὺς
2428 3231 2704 3293 τοιούτους
2729 3231 2778 3283 οί
2817 3231 2914 3300 μὲν
2945 3231 3193 3297 λέγουσιν
3238 3228 3297 3292 ἐξ
3330 3230 3574 3300 ἀστέρων
3607 3248 3733 3283 συν-

2153 3324 2461 3394 ερχομένων
2472 3323 2712 3392 γίνεσθαι
2728 3321 2822 3374 καὶ
2842 3321 3320 3392 ὲμφωτιζομένων,
3337 3325 3385 3373 οί
3408 3323 3465 3375 δὲ
3482 3325 3544 3375 ὲκ
3558 3324 3734 3392 νεφῶν

2155 3416 2706 3487 περιπεφωτισμένων
2727 3431 2739 3443 ·
2774 3412 2923 3468 ἄλλοι
2951 3413 3006 3465 δὲ
3034 3415 3097 3466 ὲκ
3125 3413 3510 3484 παρατρίψεως
3539 3414 3734 3476 αὐτοὺς

2147 3491 2481 3577 ’φωτίζεσθαι
2505 3505 2771 3573 λέγουσιν.
2802 3504 2876 3557 Ού
2914 3504 3190 3573 φαίνονται
3236 3504 3294 3556 δὲ
3333 3506 3451 3558 ἀεί·
3489 3505 3624 3558 ἀλλά
3650 3505 3734 3574 γί-

2156 3617 2334 3654 νονται
2369 3599 2463 3652 καὶ
2498 3597 2566 3628 ²⁰⁴
2591 3596 2870 3668 περιόδους
2917 3595 3143 3667 χρόνων.
3172 3596 3301 3648 Ὅτε
3339 3596 3435 3666 μὲν
3473 3591 3564 3648 οὖν
3600 3612 3732 3664 συγ-

2145 3689 2442 3761 ’κρούονται
2463 3689 2517 3740 αί
2547 3686 2766 3760 νεφέλαι
2798 3687 2934 3756 πρὸς
2957 3685 3213 3756 ἀλλήλας,
3239 3686 3466 3758 βροντὰς
3499 3687 3730 3740 ποιοῦσι·

2157 3780 2405 3852 ραγεῖσαι
2445 3777 2522 3841 δὲ,
2555 3777 2646 3830 καὶ
2681 3774 2897 3846 πνεῦμα
2949 3775 3086 3846 μετά
3141 3777 3320 3848 ῥύμης
3365 3778 3456 3830 καὶ
3500 3777 3733 3848 σφοδρᾶς

2155 3871 2330 3940 ὁρμῆς
2373 3869 2628 3938 ἀφεῖσαι,
2658 3868 2957 3940 κεραυνοὺς
3006 3867 3257 3932 ποιοῦσι,
3295 3867 3384 3920 διὰ
3421 3868 3518 3938 τῆς
3555 3868 3734 3941 ῥύμης

2155 3959 2526 4029 ἀναπτομένΟυ
2561 3957 2654 4010 τοῦ
2693 3959 3003 4029 πνεύματος
3033 3975 3046 3988 ·
3081 3959 3355 4031 ἀστραπαὶ
3399 3959 3455 4011 δὲ
3495 3959 3734 4028 γίνονται

2155 4051 2273 4121 ἦτοι
2305 4049 2364 4116 ἐξ
2403 4049 2582 4102 αὐτῶν
2623 4051 2783 4104 πάλιν
2821 4051 2929 4103 τῶν
2961 4051 3170 4119 νεφῶν,
3201 4051 3378 4120 φωτὸς
3425 4049 3734 4120 ἀναπτομέ-

2156 4156 2247 4193 νου
2277 4141 2370 4193 καὶ
2401 4139 2758 4212 σϐεννυμένου
2785 4159 2798 4171 ο
2828 4142 2860 4213 ἢ
2894 4144 2958 4195 ὲκ
2988 4144 3159 4214 πυρὸς
3201 4143 3558 4215 μαρμαρυγαί
3597 4143 3734 4196 εἰσιν

2157 4229 2596 4300 ὲκπεμπὸμεναι.
2640 4231 2874 4303 Ὄμϐροι
2908 4232 2964 4285 δὲ
3009 4231 3066 4298 ἐξ
3109 4233 3282 4302 ὑγρᾶς
3315 4231 3618 4293 ἀναδόσεως
3641 4228 3736 4282 καὶ

2159 4321 2396 4390 νεφελῶν
2429 4321 2610 4393 ὑγρῶν
2641 4322 2899 4391 γίνονται.
2930 4323 3115 4376 Ταῦτα
3149 4324 3246 4393 μὲν
3271 4317 3363 4376 οὖν
3388 4323 3464 4386 ὼς
3490 4322 3546 4376 ἐν
3571 4319 3735 4391 ὀλίγῳ

2163 4413 2290 4487 περὶ
2325 4414 2654 4487 μεταρσίων.

2511 4486 2651 4572 Περὶ
2672 4503 2891 4569 θέσεως
2920 4505 3051 4577 [τῆς
3079 4505 3384 4577 σφαιζραςῖ.

2233 4595 2322 4650 λε’.
2348 4596 2675 4667 Εἰδέναιῗχρὴ
2692 4597 2819 4668 περί
2831 4596 2932 4666 τῆς
2953 4597 3152 4661 θέσεως
3168 4597 3266 4668 τῆς
3282 4596 3536 4668 σφαίρας,
3549 4594 3624 4660 ὡς
3639 4593 3738 4648 οὐκ

2162 4687 2278 4741 ἔστι
2314 4688 2430 4758 μία,
2465 4687 2603 4740 ἀλλά
2631 4687 2767 4758 πρὸς
2790 4687 2859 4741 τὰ
2887 4688 3125 4759 κλίματα
3167 4689 3266 4758 τῆς
3295 4689 3396 4758 γῆς
3434 4688 3529 4740 καὶ
3561 4687 3617 4739 αί
3651 4686 3738 4738 θέ-

2164 4797 2277 4843 σεις
2309 4781 2406 4850 τῆς
2445 4779 2678 4850 σφαίρας
2717 4780 2976 4848 γίνονται.
3007 4779 3238 4833 Λεκτέον
3265 4779 3322 4832 δὲ
3350 4779 3477 4850 περὶ
3504 4777 3698 4846 ὀλίγων
3719 4792 3734 4806 '

2162 4874 2256 4926 καὶ
2287 4872 2411 4924 τότε
2439 4873 2540 4942 τῆς
2575 4871 2716 4924 κατά
2749 4871 2840 4925 τὸν
2877 4872 3110 4942 ’Ἄρατον
3139 4871 3411 4943 ἀψόμεθα.
3449 4871 3609 4934 Θέσις
3655 4870 3740 4933 τίς

2162 4965 2278 5018 ἐστι
2313 4963 2456 5018 κατὰ
2501 4963 2564 5016 τὸ
2606 4964 3090 5035 Ἐλλησποντιακὸν
3126 4966 3220 5017 καὶ
3265 4966 3362 5036 τῆς
3404 4963 3740 5025 Μακεδονίας

2161 5058 2353 5129 κλίμα.
2387 5057 2545 5129 Παρά
2575 5057 2684 5130 γὰρ
2721 5057 3007 5129 Ἀντιγόνῳ
3037 5058 3326 5130 διατρίϐων
3362 5060 3628 5129 Ἀρατος,
3662 5053 3741 5125 τῷ

2159 5152 2258 5222 τῆς
2289 5151 2627 5213 Μακεδονίας
2674 5149 2900 5221 βασιλεῖ,
2948 5150 3086 5221 πρὸς
3119 5149 3180 5202 τὺ
3211 5149 3396 5202 αὐτόθι
3436 5149 3604 5218 κλίμα
3649 5147 3741 5199 καὶ

2159 5243 2258 5315 τὴν
2307 5242 2654 5296 διδασκαλίαν
2707 5243 2815 5295 τῶν
2866 5241 3204 5312 φαινομένων
3251 5241 3560 5312 πεποίηται.
3616 5238 3742 5292 Ἐὰν

2162 5337 2260 5408 μὲν
2290 5331 2381 5390 οὖν
2406 5339 2455 5390 oi
2483 5336 2633 5390 πόλοι
2664 5336 2801 5408 πρὸς
2833 5335 2910 5406 τῷ
2938 5336 3170 5406 ὁρίζοντι
3207 5335 3306 5405 τὴν
3343 5334 3491 5387 θέσιν
3524 5332 3739 5404 ἔχωσιν,

2157 5427 2300 5482 ὥστε
2347 5427 2684 5498 ἐφάπτεσθαι
2733 5427 2828 5480 τοῦ
2877 5427 3181 5497 ὁρίζοντος,
3216 5423 3554 5496 συμϐήσεται
3607 5424 3739 5492 μήτε

2157 5521 2250 5575 τὸν
2277 5520 2537 5593 ἀρκτικὸν
2586 5521 2720 5590 μήτε
2765 5519 2855 5572 τὸν
2897 5517 3259 5590 ἀνταρκτικὸν
3301 5517 3533 5586 ἀειφανῆ
3579 5510 3739 5576 εἶναι,

2161 5613 2274 5668 ἀλλ’
2303 5612 2561 5684 ἑκάτερον
2594 5611 2798 5666 τούτων
2827 5610 3150 5682 ἡμικύκλιον
3185 5608 3493 5667 ἀνατέλλειν
3533 5606 3619 5661 ἀεὶ
3647 5607 3738 5660 καὶ
