4166 6408
469 372 578 431 989

1216 373 1542 430 AClllLLlS
1581 373 1764 430 TATII
1804 374 2105 433 lSAGOGE
2145 376 2234 431 AD
2269 372 2479 429 ABATI
2518 371 2991 428 PllA-INOMENA.

3623 377 3729 435 990

466 488 664 545 δύνειν.
706 487 831 544 Ἐὰν
860 490 918 545 δὲ
957 491 1051 545 τὸν
1081 490 1289 562 βόρειον
1324 492 1487 546 πόλον
1525 491 1856 566 ὑψηλότερον
1902 496 2040 567 ποιή-

2159 493 2500 549 horizontem
2527 488 2829 545 attollimus
2854 528 2869 553 ,
2913 503 3012 559 pro
3052 487 3356 544 altitudinis
3380 496 3613 551 ratione,
3643 507 3733 545 va-

471 594 655 658 υωμεν
682 582 775 637 τοῦ
807 582 1101 656 ὁρίζοντος,
1132 583 1269 655 πρὸς
1301 585 1362 637 τὸ
1381 585 1661 657 γινόμενον
1693 585 1926 658 ἐξαρμα,
1951 587 2045 640 καὶ

472 673 606 745 ὕψος
635 674 821 740 αὑτοῦ,
852 677 948 730 καὶ
972 675 1041 729 τά
1073 676 1310 747 κλίματα
1340 677 1440 747 τῆς
1469 677 1572 748 γῆς
1602 677 1713 741 ἕξει
1736 678 1803 731 τὰ
1839 677 2041 749 μεγέθη

468 766 577 821 τῶν
598 766 817 839 ἡμερῶν
850 767 944 821 καὶ
969 766 1078 821 τῶν
1112 766 1321 820 νυκτῶν
1352 767 1599 839 διάφορα.
1628 768 1816 839 Δῶμεν
1846 768 1888 836 ξ’
1923 785 2043 841 μοι-

470 857 580 930 ρῶν
619 858 818 912 κύκλον
848 859 1113 930 τέμνοντα
1138 858 1237 930 τὴν
1286 861 1519 931 σφαῖραν
1556 858 1647 912 διὰ
1689 859 1797 912 τῶν
1844 859 2041 924 πόλων,

466 946 657 1020 ῶσπερ
687 950 812 1013 τοὺς
844 947 1154 1021 κολούρους.
1189 947 1356 1020 Δῆλον
1394 942 1487 1004 οὖν
1507 991 1520 1015 ,
1555 949 1637 1002 ὅτι
1677 947 1905 1002 ἕκαστον
1936 948 2043 1004 τῶν

466 1040 843 1113 ἡμισφαιρίων
869 1039 980 1106 ἕξει
1008 1038 1112 1094 ἀνὰ
1135 1039 1179 1092 λ’
1198 1056 1211 1070 ·
1246 1039 1355 1094 τῶν
1382 1039 1440 1093 δὲ
1470 1040 1512 1071 ¹¹
1544 1040 1680 1113 ὑπὲρ
1711 1039 1816 1111 γῆς
1849 1039 2044 1112 μοίρας

397 1124 404 1135 ’
466 1130 510 1185 λ’
540 1130 650 1185 ἀπὸ
684 1130 777 1185 τοῦ
810 1130 1084 1204 ὁρίζοντος
1120 1130 1281 1203 μέχρι
1304 1130 1398 1184 τοῦ
1416 1130 1600 1188 πόλου.
1642 1133 1766 1185 Ἐάν
1795 1129 1889 1185 οὖν
1918 1147 2045 1204 μετ-

466 1224 685 1294 εωρίσω
751 1223 842 1277 τὸν
892 1223 1101 1296 βόρειον
1146 1223 1309 1277 πόλον
1361 1224 1555 1297 μοίρας
1615 1231 1691 1290 ς’,
1740 1224 1893 1278 ἔσται
1946 1224 2041 1278 τοῦ

478 1313 872 1385 Ἑλλησπόντου
920 1314 980 1367 τὸ
1027 1314 1198 1387 κλίμα
1240 1314 1364 1386 ἔχον
1409 1315 1508 1388 τὴν
1552 1315 1651 1387 μὲν
1695 1315 1907 1389 ἡμέραν
1944 1314 2042 1387 τὴν

469 1408 733 1478 μεγίστην
783 1406 942 1479 ὡρῶν
989 1414 1071 1474 ιε’,
1121 1408 1220 1479 τὴν
1271 1408 1327 1462 δὲ
1380 1407 1551 1462 νύκτα
1594 1409 1694 1479 τὴν
1754 1408 2042 1480 ἐλαχίστην

462 1501 622 1572 ὡρῶν
657 1500 722 1555 θ’.
766 1501 890 1556 Ἐὰν
923 1501 980 1555 δὲ
1024 1502 1098 1574 μὴ
1136 1501 1296 1571 μόνον
1333 1499 1393 1567 ἒξ
1415 1543 1432 1570 ,
1462 1501 1578 1556 ἀλλ’
1615 1502 1770 1555 ἐννέα
1807 1501 1915 1555 ἀπὸ
1946 1501 2041 1555 τοῦ

460 1593 735 1664 ὁρίζοντος
770 1594 1086 1666 μετεωρίσω
1120 1593 1213 1648 τὸν
1252 1593 1461 1666 βόρειον
1488 1594 1648 1648 πόλον
1668 1634 1683 1660 ,
1729 1593 2043 1666 μακροτέρα

460 1682 613 1737 ἔσται
655 1686 689 1757 ἡ
722 1685 952 1757 μεγίστη
987 1686 1171 1759 ἡμέρα
1200 1686 1352 1758 παρὰ
1381 1689 1494 1750 τοῖς
1525 1686 1696 1752 οὑτως
1733 1686 1972 1741 οἰκοῦσιν
2007 1686 2040 1758 ἢ

459 1776 576 1838 τοῖς
616 1777 1038 1849 προειρημένοις
1075 1779 1135 1831 ἐν
1174 1777 1252 1850 τῷ
1286 1777 1679 1851 Ἑλλησπόντῳ.
1724 1779 1836 1832 Καὶ
1882 1779 2042 1832 πάλιν

2151 587 2233 640 ria
2266 595 2425 641 terrae
2462 582 2777 638 climatibus
2806 581 3017 636 dierum
3048 588 3102 636 et
3130 582 3372 636 noctium
3413 582 3731 651 magnitudo

2151 676 2445 733 constabit.
2479 674 2777 745 Fingamus
2838 675 3075 744 partium
3132 673 3415 744 sexaginta
3462 673 3732 727 circulum

2150 782 2310 832 esse,
2367 765 2462 837 qui
2522 766 2791 837 sphaeram
2839 778 2938 834 per
2977 763 3133 834 polos
3180 764 3454 818 transiens
3488 762 3727 827 dividit,

2148 856 2256 928 92
2288 862 2347 910 ut
2372 855 2546 910 coluri
2578 854 2807 909 faciunt.
2863 851 3033 924 Igitur
3086 854 3465 924 hemisphaeria
3514 854 3727 923 singula

2150 947 2377 1002 tricenis
2414 947 2678 1016 gradibus
2711 947 3065 1010 constabunt,
3113 945 3357 1015 adeoque
3386 944 3533 1015 quod
3564 960 3730 1015 supra

2150 1047 2352 1094 terram
2380 1039 2605 1103 eminet,
2643 1038 2846 1109 gradus
2896 1038 3138 1093 tricenos
3191 1037 3414 1093 habebit
3461 1036 3530 1093 ab
3577 1038 3731 1092 hori-

2151 1141 2310 1188 zonte
2330 1132 2398 1187 ad
2425 1133 2632 1203 polum.
2659 1130 2842 1197 Quare
2886 1129 2933 1187 si
2964 1130 3029 1184 ad
3058 1138 3241 1200 partes
3264 1144 3362 1184 sex
3403 1130 3590 1199 polum
3628 1143 3727 1183 ex-

2150 1223 2432 1288 tulero,in
2460 1222 2797 1293 Hellesponti
2822 1222 3039 1276 climate
3067 1221 3419 1291 longissimus
3467 1220 3588 1276 dies
3630 1220 3727 1276 ho.

2150 1331 2337 1370 rarum
2364 1314 2455 1371 ﬂet
2476 1316 2578 1381 15;
2611 1314 2937 1371 brevissima
2977 1330 3087 1369 nox
3126 1317 3383 1368 horarum
3410 1313 3464 1367 9.
3521 1311 3731 1379 Quodsi

2150 1425 2259 1464 non
2292 1416 2503 1463 tantum
2546 1423 2643 1463 sex
2672 1407 2972 1479 gradibus,
3019 1406 3115 1461 sed
3149 1420 3345 1460 novem
3378 1420 3544 1474 supra
3581 1404 3731 1459 hori-

2150 1508 2364 1556 zontem
2398 1500 2585 1570 polum
2612 1499 2885 1554 borealem
2909 1512 3157 1562 erexero,
3204 1497 3440 1567 longior,
3475 1511 3638 1566 quam
3670 1495 3727 1552 in

2150 1592 2523 1661 Hellesponto,
2556 1590 2647 1646 [iet
2680 1591 2830 1655 dies,
2866 1590 3015 1645 illius
3053 1597 3263 1643 tractus
3309 1588 3526 1642 incolis.
3587 1586 3732 1641 Rur-

2150 1700 2245 1740 sus
2273 1699 2403 1739 vero
2447 1685 2494 1739 si
2542 1682 2774 1737 arduum
2802 1682 3007 1753 magis,
3062 1696 3127 1735 ac
3170 1695 3338 1751 supra
3389 1681 3729 1735 horizontem

2150 1777 2480 1831 eminentem
2527 1776 2712 1846 polum
2764 1783 3048 1837 statuero,
3097 1774 3245 1827 horse
3302 1772 3579 1843 longiores
3634 1786 3730 1827 ex-

459 1865 558 1921 ἐὰν
602 1868 931 1941 ὑψηλότερον
973 1870 1137 1925 αὑτὸν
1176 1872 1416 1943 ποιήσω,
1452 1871 1547 1924 καὶ
1579 1871 1713 1925 πολὺ
1752 1870 1917 1925 αὑτοῦ
1950 1871 2040 1926 τοῦ

2144 1869 2373 1934 sistent,
2431 1868 2605 1923 donec
2656 1866 2895 1922 borealis
2949 1865 3109 1936 polus
3155 1864 3438 1920 culmiuet.
3487 1863 3565 1918 Ac
3597 1870 3730 1918 tunc

459 1959 733 2030 ὁρίζοντος
795 1961 1097 2033 ἀπέχοντα,
1149 1963 1483 2035 μακρότεραι
1538 1962 1925 2036 εὑρεθήσονται
1992 1967 2047 2017 αἱ

458 2043 599 2119 ὧραι
625 2053 670 2083 ²¹
691 2093 706 2119 ,
742 2051 847 2118 ἓως
885 2052 952 2108 ἂν
979 2055 1005 2107 ὁ
1039 2053 1251 2126 βόρειος
1300 2054 1683 2126 μεσουρανήσῃ
1726 2053 1888 2117 πόλος
1913 2071 1926 2084 ’
1954 2055 2049 2108 καὶ

459 2142 581 2196 τότε
606 2182 623 2210 ,
653 2143 826 2209 οὕτως
857 2146 1120 2217 κειμένης
1156 2145 1257 2217 τῆς
1300 2144 1569 2217 σφαίρας,
1603 2144 1943 2217 συμϐήσεται
1990 2144 2050 2210 ἒξ

462 2227 647 2308 μηνῶν
679 2232 820 2292 εἶναι
847 2238 947 2309 τὴν
993 2240 1229 2313 ἡμέραν,
1266 2239 1360 2292 καὶ
1390 2237 1450 2303 ἒξ
1480 2237 1667 2310 μηνῶν
1698 2237 1797 2310 τὴν
1837 2237 2009 2291 νύκτα
2030 2256 2043 2268 ·

461 2329 923 2401 μεσουρανοῦντος
972 2330 1081 2403 γὰρ
1128 2329 1224 2384 τοῦ
1265 2330 1477 2403 βορείου
1516 2330 1680 2385 πόλου
1706 2370 1721 2395 ,
1754 2330 2049 2403 εὑρεθήσε-

454 2432 547 2470 ται
575 2418 605 2471 ὁ
636 2417 899 2482 ζωδιακὸς
932 2419 1037 2472 ὑπὸ
1068 2417 1164 2472 τοῦ
1212 2418 1485 2490 ὁρίζοντος
1529 2420 1608 2483 είς
1640 2417 1735 2473 δύο
1775 2419 2046 2490 τεμνόμε-

455 2522 547 2570 νος
569 2523 586 2539 ⁶
616 2509 710 2561 καὶ
738 2509 800 2561 τὸ
841 2508 939 2580 μὲν
963 2509 1134 2579 ἥμισυ
1161 2509 1301 2581 ὑπὲρ
1329 2510 1454 2581 γῆς,
1483 2509 1545 2563 τὸ
1572 2509 1631 2562 δὲ
1656 2509 1841 2563 λοιπὸν
1872 2509 2044 2580 ἥμισυ

456 2596 563 2651 ὑπὸ
583 2598 686 2668 γῆν
715 2598 801 2652 ἀεὶ
830 2598 987 2670 ἔχων.
1018 2598 1221 2652 Τούτου
1251 2599 1309 2653 δὲ
1353 2599 1525 2663 οὑτως
1561 2600 1735 2667 ὄντος,
1761 2599 1938 2672 δῆλον,
1968 2600 2045 2664 ὡς

455 2689 550 2743 καὶ
577 2688 637 2755 ἓξ
662 2690 827 2757 ζώδια
854 2691 995 2764 ὑπὲρ
1030 2692 1133 2763 γῆς
1170 2691 1343 2757 ἔσται,
1369 2690 1543 2746 ταῦτα
1575 2692 1836 2763 δηλονότι,
1878 2695 1937 2747 ἐν
1961 2688 2043 2758 οἷς

452 2782 483 2835 ὁ
502 2781 653 2853 ἡλιος
683 2783 993 2855 γενόμενος,
1018 2784 1112 2839 καὶ
1139 2784 1505 2838 καθ’ἐκαστον
1533 2785 1578 2838 λ’
1607 2784 1822 2857 ἡμέρας
1847 2784 2038 2852 ποιῶν,

454 2876 673 2948 ποιήσει
702 2875 799 2949 τὴν
830 2877 1043 2949 ἡμέραν
1077 2878 1264 2949 μηνῶν
1298 2883 1351 2942 ς’
1378 2895 1393 2910 ο
1426 2877 1495 2930 τὰ
1527 2876 1585 2930 δὲ
1619 2876 1755 2933 ἀλλα
1790 2884 1844 2943 ς’
1873 2876 2042 2942 ζώδια

452 2966 542 3022 ἀεὶ¹
570 2966 775 3039 ἀφανῆ,
809 2969 904 3022 καὶ
926 2968 1030 3021 ὑπὸ
1065 2968 1168 3040 γῆν
1213 2968 1365 3022 ἔσται
1390 3009 1404 3034 ,
1432 2969 1491 3021 ἐν
1522 2962 1604 3032 οἷς
1642 2972 1670 3022 ὁ
1709 2968 1859 3040 ἡλιος
1888 2970 2041 3038 γενό-

456 3074 616 3128 μενος
649 3058 865 3130 ποιήσει
893 3058 993 3131 τὴν
1016 3058 1188 3112 νύκτα
1228 3060 1413 3130 μηνῶν
1449 3065 1523 3125 ς’,
1569 3058 1659 3112 διά
1692 3059 1754 3112 τὸ
1792 3059 1866 3130 μὴ
1906 3060 2038 3113 ἀνα-

451 3149 657 3203 τέλλειν
686 3152 744 3204 ἐν
770 3153 884 3215 τοῖς
909 3157 962 3217 ς’
995 3151 1207 3216 τούτοις
1233 3152 1524 3223 γενόμενον
1554 3151 1736 3205 αὑτόν.
1769 3151 1955 3206 Ταῦτα
1977 3151 2034 3206 δὲ

451 3243 586 3314 ἡμῖν
622 3242 866 3314 εἰλήφθω
907 3245 1008 3316 τῆς
1050 3217 1376 3315 ἀνωμαλίας.
1415 3243 1524 3297 τῶν
1573 3243 1809 3315 ἡμερῶν.
1838 3261 1897 3297 τε
1944 3243 2038 3298 καὶ
2063 3217 2107 3277 c

450 3333 660 3389 νυκτῶν
698 3334 878 3405 χάριν.
922 3334 1042 3405 Χρὴ
1071 3334 1129 3387 δὲ
1161 3335 1378 3399 ειδέναι,
1412 3337 1494 3388 ὅτι
1534 3335 1678 3406 λόγῳ
1710 3335 1805 3388 καὶ
1837 3335 2041 3408 θεωρίᾳ

448 3424 623 3480 ταῦτα
672 3427 792 3480 κατ’
849 3426 1169 3480 ἀκολουθίαν
1218 3428 1284 3480 ἐκ
1342 3425 1452 3481 τῶν
1500 3427 1751 3499 φανερῶν
1796 3427 2033 3500 ἐδείχθη,

447 3518 632 3588 ἀφανῆ
660 3517 808 3571 ὄντα.
846 3519 920 3572 Οὑ
948 3518 1058 3591 γὰρ
1107 3518 1302 3590 ἔχομεν
1341 3518 1451 3573 ἀπὸ
1489 3520 1779 3592 ἐμπειρίας
1817 3519 1877 3584 ἒξ
1930 3536 2035 3590 μη-

447 3610 555 3663 νῶν
583 3609 682 3681 τὴν
708 3609 941 3681 ἡμέραν,
978 3612 1071 3664 καὶ
1091 3611 1191 3683 τὴν
1222 3610 1391 3664 νύκτα
1420 3610 1689 3665 τοσούτων
1717 3611 1906 3678 δεῖξαι.
1935 3612 2033 3664 Τι-

449 3701 537 3764 νὲς
578 3701 635 3754 δὲ
671 3701 976 3773 ἱστοροῦσιν
1006 3708 1054 3774 η’
1090 3701 1314 3774 ἡμερῶν
1359 3701 1580 3756 ἔκτασιν
1629 3704 1760 3773 μιᾶς
1798 3703 2031 3775 ἡμέρας,

451 3791 599 3846 ἄλλοι
624 3791 681 3846 δὲ
701 3799 755 3845 π’
776 3793 1001 3865 ἡμερῶν
1023 3810 1037 3824 ο
1072 3793 1177 3847 είσὶ
1211 3794 1268 3847 δὲ
1294 3790 1436 3850 οῦτοι
1468 3795 1518 3848 οἱ
1540 3795 1680 3867 ὑπὲρ
1706 3794 1912 3867 Θούλην
1935 3795 2034 3866 τὴν

451 3881 613 3952 νῆσον
644 3882 925 3955 λεγόμενοι
958 3878 1117 3940 εἶναι.
1157 3885 1220 3938 Ἦ
1254 3885 1353 3955 μὲν
1389 3881 1481 3939 οῦν
1524 3885 1666 3940 κατὰ
1698 3885 1766 3938 τά
1795 3872 2035 3957 κλίματᾶ

450 3972 683 4046 διαφορά
710 3974 818 4029 τῶν
846 3975 1070 4048 ἡμερῶν
1110 3993 1172 4030 τε
1216 3979 1312 4031 καὶ
1349 3978 1560 4032 νυκτῶν
1595 3978 2036 4051 παραδείγματος

448 4064 608 4134 χάριν
638 4063 824 4117 τοῦτον
852 4064 942 4120 τὸν
974 4066 1175 4137 τρόπον
1206 4070 1339 4141 ἡμῖν
1376 4068 1619 4142 εἴρηται·
1647 4071 1680 4141 ἡ
1712 4069 1768 4123 δὲ
1797 4068 1939 4123 κατὰ
1966 4068 2036 4124 τὰ

452 4156 789 4225 Φαινόμενα
831 4157 1059 4228 Ἀράτου
1084 4160 1183 4231 τῆς
1218 4160 1453 4232 σφαίρας
1486 4161 1636 4225 θέσις
1661 4160 1864 4230 ὀφείλει
1890 4161 2034 4233 ἔχειν

449 4246 541 4301 τὸν
570 4248 829 4319 ἀρκτικὸν
856 4248 1054 4303 κύκλον
1091 4250 1184 4303 τοῦ
1210 4252 1479 4321 ὁρίζοντος
1509 4252 1902 4323 ἐφαπτόμενον,
1934 4254 2033 4325 τήν

2152 1958 2436 2015 semestris
2475 1958 2592 2016 dies
2630 1959 2738 2013 erit
2771 1956 3162 2025 semestrisque
3190 1971 3319 2011 nox.
3370 1953 3506 2009 Nam
3544 1956 3590 2010 si
3631 1954 3731 2011 bo-

2149 2051 2315 2106 realis
2348 2051 2507 2120 polus
2556 2051 2615 2105 in
2664 2050 2872 2105 vertice
2920 2050 3024 2116 sit,
3062 2047 3320 2103 zodiacus
3349 2047 3418 2102 ab
3447 2048 3729 2102 horizonte

2148 2140 2408 2211 bipertito
2435 2140 2749 2208 secabitur;
2780 2138 3010 2211 ejusque
3056 2154 3185 2209 pars
3211 2137 3436 2193 dimidia
3465 2146 3730 2208 perpetuo

2148 2248 2316 2303 supra
2355 2243 2558 2290 terram
2574 2233 2838 2298 'exstabit,
2867 2232 3038 2286 altera
3071 2232 3174 2288 sub
3206 2237 3409 2286 terram
3434 2230 3726 2287 condetur.

2148 2324 2264 2380 Hoc
2306 2340 2436 2381 vero
2485 2326 2703 2397 posito,
2759 2325 3114 2395 perspicuum
3147 2329 3233 2379 est
3279 2338 3376 2379 sex
3418 2321 3534 2378 fore
3575 2322 3729 2394 signa

2147 2432 2313 2487 supra
2334 2424 2540 2472 terram
2566 2434 2585 2472 :
2627 2416 2684 2471 in
2723 2416 2926 2487 quibus
2956 2416 3170 2472 scilicet
3201 2415 3415 2486 positus
3449 2415 3555 2479 soi,
3587 2423 3642 2470 et
3673 2416 3729 2469 in

2146 2524 2480 2580 moquoque
2506 2508 2731 2579 triginta
2759 2507 2877 2564 dies
2902 2522 3275 2574 commorans,
3310 2515 3628 2563 semestrem
3650 2504 3730 2561 ef-

2144 2603 2288 2659 ﬁciet
2321 2602 2497 2669 diem;
2527 2601 2740 2670 reliqua
2770 2617 2867 2658 sex
2884 2601 3043 2672 signa
3070 2614 3286 2669 semper
3306 2600 3523 2654 occulta
3544 2606 3727 2665 erunt,

2142 2701 2197 2751 et
2225 2693 2328 2749 sub
2350 2702 2500 2748 terra
2535 2692 2756 2747 condita
2784 2711 2797 2748 :
2831 2707 2954 2763 qua:
2983 2707 3108 2747 cum
3150 2692 3231 2747 sol
3267 2691 3600 2762 peragrabit,
3635 2706 3728 2747 sex

2142 2786 2417 2842 mensium
2450 2792 2666 2841 noctem
2694 2783 2881 2848 faciet,
2909 2799 2977 2839 eo
2998 2783 3145 2855 quod
3172 2786 3230 2838 in
3258 2783 3369 2838 illis
3410 2784 3552 2839 situs
3580 2799 3728 2838 nun-

2141 2895 2303 2949 quam
2329 2877 2523 2933 oritur.
2564 2875 2692 2932 Haec
2737 2876 2805 2932 ad
2837 2876 3050 2933 dierum
3109 2887 3163 2932 et
3206 2874 3450 2930 noctium
3483 2875 3727 2946 inaequa-

2139 2971 2348 3026 litatem
2376 2968 2755 3040 explicandam
2788 2967 3209 3038 assumpsimus.
3264 2964 3342 3021 De
3383 2965 3589 3036 quibus
3643 2965 3730 3022 sic

2137 3062 2449 3119 habendum
2475 3068 2593 3131 est;
2632 3061 2876 3125 ratione,
2927 3075 2991 3116 ac
3032 3058 3494 3123 consideratione,
3529 3072 3730 3113 conse-

2138 3162 2476 3226 quenterque
2505 3153 2573 3210 iis
2603 3170 2725 3225 quae
2776 3159 3080 3223 apparent,
3136 3151 3255 3206 haec
3306 3164 3338 3205 a
3381 3150 3546 3206 nobis
3600 3163 3728 3205 esse

2140 3247 2410 3311 collecta;
2443 3260 2568 3300 cum
2604 3246 2717 3301 sint
2745 3244 2963 3300 occulta
2993 3258 3242 3315 prorsus.
3269 3240 3391 3297 Non
3423 3242 3569 3297 enim
3611 3242 3725 3298 ulla

2138 3337 2301 3391 nobis
2330 3337 2664 3407 experientia
2696 3344 3016 3392 semestrem
3061 3334 3204 3389 diem
3243 3340 3574 3404 noctemque
3624 3348 3727 3404 pa-

2137 3428 2343 3484 tefecit.
2396 3428 2519 3483 Sint
2548 3429 2642 3499 qui
2674 3429 2874 3485 alicubi
2908 3428 3121 3483 dierum
3172 3436 3298 3483 octo
3343 3441 3468 3482 esse
3508 3427 3724 3496 lucem;

2136 3521 2230 3575 alii
2259 3522 2535 3591 octoginta
2582 3519 2825 3576 referant
2855 3539 2868 3574 :
2902 3519 3049 3591 quod
3081 3518 3150 3575 iis
3181 3517 3383 3574 accidit
3416 3518 3510 3588 qui
3556 3532 3727 3589 supra

2135 3611 2347 3668 Thulen
2393 3613 2628 3668 insulam
2665 3612 2937 3667 habitant.
2987 3611 3071 3666 Ad
3108 3627 3233 3668 eum
3284 3612 3469 3682 itaque
3497 3611 3724 3668 modum

2133 3705 2345 3761 dierum
2392 3705 2746 3777 noctiumque
2797 3720 2898 3776 pro
2925 3706 3207 3761 climatum
3258 3706 3473 3761 ratione
3520 3705 3724 3761 discri-

2133 3813 2260 3853 men
2314 3812 2346 3851 a
2407 3798 2570 3854 nobis
2624 3798 2953 3868 explicatum
3003 3805 3111 3854 est.
3160 3796 3364 3853 Verum
3419 3798 3563 3855 situs
3620 3798 3716 3856 ille

2131 3890 2379 3961 Sphazrae,
2408 3890 2502 3960 qui
2536 3890 2606 3945 ad
2644 3889 2799 3944 Arati
2833 3890 3189 3946 Phaznomena
3216 3891 3512 3957 convenit,
3569 3890 3720 3960 ejus-

2133 3979 2279 4035 modi
2303 3995 2424 4036 esse
2446 3979 2628 4047 debet,
2654 3988 2714 4035 ut
2739 3982 2797 4035 in
2834 3996 2901 4037 eo
2932 3981 3173 4037 circulus
3204 3982 3445 4037 arcticus
3499 3982 3721 4037 contin-

2142 4078 2234 4141 gat
2269 4072 2632 4138 horizontem,
2663 4088 2898 4143 eumque
2927 4074 3195 4128 circulum
3228 4080 3417 4145 tangat
3452 4073 3718 4131 Draconis

2139 4173 2305 4234 caput
2333 4183 2345 4218 :
2378 4165 2459 4220 sic
2490 4171 2551 4219 ut
2582 4166 2821 4221 arcticus
2850 4166 2941 4222 ille
2960 4168 3214 4237 attingat,
3233 4181 3297 4222 ac
3313 4167 3717 4239 quodammodo

2138 4257 2293 4311 radat
2323 4256 2684 4313 horizontem.
2718 4256 2858 4314 Hinc
2890 4259 3093 4314 Aratus
3121 4278 3134 4314 :

446 4359 507 4397 τε
536 4343 632 4397 τοῦ
667 4344 970 4436 Δράκοντος
1010 4346 1249 4417 κεφαλὴν
1292 4348 1676 4419 ἐφαπτομένην
1713 4348 1807 4402 τοῦ
1861 4350 2123 4421 άρκτικοῦ
2189 4352 2427 4423 κύκλου,
2459 4355 2626 4410 αὑτοῦ
2665 4356 2723 4410 δὲ
2759 4355 2853 4410 τοῦ
2904 4354 3165 4430 ἀρκτικοῦ
3209 4357 3585 4430 ἐφαπτομένου
3620 4358 3721 4414 106

446 4438 720 4511 ὁρίζοντος
746 4483 760 4507 ,
785 4443 880 4495 καὶ
911 4441 1100 4515 ῶσπερ
1131 4441 1271 4507 ξέειν
1303 4444 1485 4498 αὐτόν.
1528 4444 1621 4498 Διὸ
1660 4445 1755 4499 καὶ
1798 4446 2035 4520 ’Ἄρατός
2067 4464 2199 4519 φησι
2218 4465 2233 4480 ’

444 4557 625 4633 ξείνη
659 4570 778 4611 που
804 4558 1039 4633 {aemuli}
1064 4558 1137 4627 τῇ
1162 4560 1441 4633 ’νίσσεται
1468 4560 1535 4633 'f,
1566 4553 1673 4632 ᾗχί
1692 4576 1820 4633 ,περ
1851 4563 2029 4633 ἄκραι
2058 4569 2109 4629 D

442 4629 773 4697 Μίσγονται
800 4628 1009 4696 δύσιές
1035 4647 1099 4683 τε
1126 4630 1225 4683 καὶ
1259 4630 1509 4685 ἀντολαὶ
1538 4628 1699 4699 άζῖλή
1712 4628 1869 4704 Inoa.

513 4739 618 4792 Τὸν
650 4739 762 4811 γάρ
791 4738 1044 4811 ὁρίζοντα
1089 4740 1292 4811 μεταξὺ
1331 4741 1428 4795 τοῦ
1472 4743 1613 4814 ὑπὲρ
1638 4743 1744 4813 γῆς
1787 4744 1883 4797 καὶ
1923 4743 2029 4797 ὑπὸ

441 4828 545 4898 γῆν
570 4831 934 4902 ἡμισφαιρίου
967 4825 1109 4885 εἶναι
1146 4832 1483 4903 συμϐέϐηκε.
1530 4836 1688 4900 Τινὲς
1714 4836 1771 4889 δὲ
1800 4838 1901 4891 οὑκ
1934 4838 2027 4891 ἐπὶ

439 4920 536 4974 τοῦ
556 4922 830 4993 ὁρίζοντος
857 4922 1168 4991 ἀκούουσιν,
1185 4925 1299 4978 ἀλλ’
1327 4926 1423 4979 ἐπὶ
1449 4927 1543 4981 τοῦ
1563 4930 1937 5003 μεσημϐρινοῦ
1964 4932 2027 4985 τὸ

442 5013 549 5067 ὑπὸ
573 5013 666 5067 106
707 5014 934 5086 Ἀράτου
957 5015 1170 5087 λεχθέν·
1194 5017 1328 5071 διότι
1355 5020 1451 5073 τοῦ
1481 5021 1622 5092 ὑπὲρ
1637 5023 1741 5093 γῆς
1759 5024 2025 5095 ἡμισφαι-

444 5104 561 5177 ρίου
593 5106 928 5177 τεμνομένου
967 5107 1072 5161 ὑπὺ
1110 5109 1208 5163 τοῦ
1248 5110 1624 5184 μεσημϐρινοῦ
1661 5113 1723 5167 τὸ
1760 5115 1858 5185 μὲν
1905 5114 2023 5169 ἔστι

437 5197 579 5268 πρὸς
620 5201 688 5270 τῇ
727 5199 984 5271 ἀνατολῇ,
1006 5201 1068 5254 τὸ
1108 5202 1168 5255 δὲ
1200 5197 1337 5275 πρὶς
1370 5207 1434 5276 τῇ
1465 5204 1633 5263 δύσει.
1678 5208 1832 5277 Ἐμοὶ
1863 5207 1920 5261 δὲ
1959 5209 2021 5261 οὐ

438 5287 581 5340 πάνυ
614 5305 667 5343 τι
686 5288 846 5343 δοκεῖ
881 5291 1039 5345 τοῦτο
1081 5292 1262 5362 λέγειν
1300 5295 1563 5366 Ἄρατος·
1607 5299 1656 5351 εἰ
1689 5299 1762 5370 μὴ
1806 5298 1916 5371 ἄρα
1942 5317 2027 5363 τις

437 5376 582 5432 οὔτω
611 5378 761 5449 λέγοι
798 5380 897 5453 τὴν
934 5382 1177 5455 κεφαλὴν
1204 5383 1297 5436 τοῦ
1329 5386 1635 5457 Δράκοντος
1665 5386 2017 5459 πορεύεσθαι,

435 5560 767 5631 Min-ortae
803 5562 1013 5631 δύσιές
1047 5580 1112 5620 τε
1140 5496 1518 5622 2:535:35
1536 5497 1855 5638 mlum
1874 5589 1888 5602 ·

433 5651 575 5709 καθὸ
602 5653 698 5713 τοῦ
734 5655 1011 5730 ὁρίζοντος
1053 5659 1413 5735 ἐφαπτομένη
1438 5659 1585 5715 ἐστὶν
1617 5662 1649 5733 ἡ
1681 5662 1892 5736 κεφαλὴ
1922 5664 2016 5721 τοῦ

511 5808 553 5842 ⁸³
578 5808 620 5880 ι’.
645 5811 803 5884 τὸδὴ.
880 5815 927 5847 ι’
960 5814 1002 5883 ί.
1027 5814 1249 5886 ἡμέραι.
1320 5817 1365 5849 ’³
1400 5834 1487 5887 rp-
1519 5817 1759 5887 νῆἵεται·

2351 4565 2499 4620 Illud
2538 4574 2696 4635 caput
2728 4582 2789 4621 eo
2824 4566 3075 4635 pervenit,
3103 4567 3192 4620 ubi
3222 4567 3445 4620 extremi

2361 4635 2656 4691 Miscentur
2690 4653 2931 4702 occasus,
2966 4646 3015 4690 et
3046 4647 3192 4691 ortus
3226 4637 3461 4691 invicem.

2203 4747 2338 4804 Nam
2393 4750 2623 4806 horizon
2691 4750 2837 4806 inter
2900 4750 3343 4820 hemisphaerium
3419 4755 3717 4819 utrumque

2133 4841 2390 4912 superius
2447 4848 2503 4897 et
2552 4840 2783 4897 inferius
2839 4840 3164 4912 iuterjectus
3202 4848 3306 4896 est.
3357 4836 3477 4893 Non
3513 4837 3712 4894 desunt

2133 4942 2337 4997 tamen,
2362 4934 2456 5003 qui
2479 4933 2633 4988 Arati
2656 4934 2823 4989 verba
2858 4934 2950 4987 illa
2986 4948 3097 4987 non
3125 4932 3193 4985 ad
3221 4932 3582 4994 horizontem,
3611 4929 3709 4985 sed

2131 5025 2200 5080 ad
2234 5025 2613 5080 meridianum:
2652 5024 2936 5081 referant:
2967 5024 3230 5095 quoniam
3282 5038 3408 5078 cum
3457 5021 3717 5092 superius

2129 5116 2574 5187 hemisphaarium
2607 5133 2639 5171 a
2669 5118 2971 5173 meridiano
3001 5117 3210 5173 circulo
3257 5115 3549 5180 dividitur,
3586 5113 3712 5183 ejus

2129 5208 2300 5262 altera
2341 5224 2471 5280 pars
2494 5207 2561 5263 ad
2592 5218 2773 5264 ortum
2796 5251 2813 5277 ,
2843 5209 3014 5264 altera
3047 5207 3116 5262 ad
3162 5222 3419 5262 occasum
3448 5205 3705 5275 pertinet.

2133 5299 2263 5354 Mihi
2290 5316 2422 5357 vero
2470 5317 2580 5357 non
2632 5301 2738 5357 hoc
2768 5302 2907 5357 velle
2934 5300 3038 5356 sibi
3085 5299 3302 5355 videtur
3330 5298 3564 5363 Aratus,
3599 5296 3704 5351 nisi

2126 5392 2249 5460 quis
2271 5388 2507 5448 fortasse
2528 5390 2729 5448 dixerit
2754 5391 3021 5448 Draconis
3051 5397 3217 5461 caput
3241 5404 3307 5446 eo
3335 5387 3497 5454 ferri,
3538 5449 3545 5457 θ

2435 5542 2452 5555 .
2531 5543 2547 5559 .
2717 5549 2733 5565 .
2846 5538 2865 5562 .
2901 5505 2995 5559 ubi
3024 5503 3248 5557 extremi

2345 5572 2643 5629 Miscentur
2654 5590 2896 5641 occasus,
2917 5584 2969 5629 et
2993 5584 3143 5629 ortus
3163 5573 3380 5627 invicem
3399 5587 3422 5637 ;

2125 5667 2218 5724 ubi
2254 5668 2523 5742 contingit
2562 5668 2905 5726 horizontem
2936 5665 3204 5724 Draconis
3232 5670 3395 5737 caput
3440 5661 3507 5720 ad
3539 5661 3696 5719 meri-
