  <div class='ocr_page' id='page_1' title='image "/cluster/home/n/w/nwhite01/storage/ocr_20150623/19/nnc1.0037127454/517.png"; bbox 0 0 4166 6408; ppageno 0'>
   <div class='ocr_carea' id='block_1_1' title="bbox 429 301 3684 415">
    <p class='ocr_par' dir='ltr' id='par_1_1' title="bbox 429 301 3684 415">
     <span class='ocr_line' id='line_1_1' title="bbox 429 301 3684 415; baseline 0.006 -22"><span class='ocrx_word' id='word_1_1' title='bbox 429 349 530 410; x_wconf 70' lang='lat'><strong>991</strong></span> <span class='ocrx_word' id='word_1_2' title='bbox 1455 349 1541 402; x_wconf 78' lang='lat' dir='ltr'><strong>AD</strong></span> <span class='ocrx_word' id='word_1_3' title='bbox 1583 349 1849 404; x_wconf 81' lang='lat' dir='ltr'><strong>EUSEBII</strong></span> <span class='ocrx_word' id='word_1_4' title='bbox 1887 349 2288 408; x_wconf 80' lang='lat' dir='ltr'><strong>CHRONICON</strong></span> <span class='ocrx_word' id='word_1_5' title='bbox 2334 350 2689 406; x_wconf 79' lang='lat' dir='ltr'><strong>APPENDIX.</strong></span> <span class='ocrx_word' id='word_1_6' title='bbox 3495 301 3510 320; x_wconf 41' lang='grc' dir='ltr'><strong><em>θ</em></strong></span> <span class='ocrx_word' id='word_1_7' title='bbox 3575 356 3684 415; x_wconf 62' lang='lat'><strong>993</strong></span> 
     </span>
    </p>
   </div>
   <div class='ocr_carea' id='block_1_2' title="bbox 428 466 1996 547">
    <p class='ocr_par' dir='ltr' id='par_1_2' title="bbox 428 466 1996 547">
     <span class='ocr_line' id='line_1_2' title="bbox 428 466 1996 547; baseline -0.001 -21"><span class='ocrx_word' id='word_1_8' title='bbox 428 474 652 526; x_wconf 73' lang='lat' dir='ltr'><strong>manum</strong></span> <span class='ocrx_word' id='word_1_9' title='bbox 694 466 998 533; x_wconf 82' lang='lat' dir='ltr'><strong>circulum,</strong></span> <span class='ocrx_word' id='word_1_10' title='bbox 1046 485 1152 540; x_wconf 86' lang='lat' dir='ltr'><strong>qua</strong></span> <span class='ocrx_word' id='word_1_11' title='bbox 1197 476 1351 538; x_wconf 89' lang='lat' dir='ltr'><strong>parte</strong></span> <span class='ocrx_word' id='word_1_12' title='bbox 1404 483 1528 522; x_wconf 92' lang='lat' dir='ltr'><strong>cum</strong></span> <span class='ocrx_word' id='word_1_13' title='bbox 1584 468 1867 524; x_wconf 84' lang='lat' dir='ltr'><strong>horizonte</strong></span> <span class='ocrx_word' id='word_1_14' title='bbox 1910 471 1996 547; x_wconf 75' lang='lat' dir='ltr'><strong>ille</strong></span> 
     </span>
    </p>
   </div>
   <div class='ocr_carea' id='block_1_3' title="bbox 2092 466 3680 547">
    <p class='ocr_par' dir='ltr' id='par_1_3' title="bbox 2107 467 3680 547">
     <span class='ocr_line' id='line_1_3' title="bbox 2107 467 3680 547; baseline 0.004 -27"><span class='ocrx_word' id='word_1_15' title='bbox 2107 468 2429 538; x_wconf 82' lang='grc' dir='ltr'><strong>Δράκοντος,</strong></span> <span class='ocrx_word' id='word_1_16' title='bbox 2466 468 2558 521; x_wconf 78' lang='grc' dir='ltr'>καὶ</span> <span class='ocrx_word' id='word_1_17' title='bbox 2589 468 2724 540; x_wconf 85' lang='grc' dir='ltr'>πρὸς</span> <span class='ocrx_word' id='word_1_18' title='bbox 2745 467 2822 540; x_wconf 81' lang='grc' dir='ltr'>τῷ</span> <span class='ocrx_word' id='word_1_19' title='bbox 2857 470 3246 544; x_wconf 73' lang='grc' dir='ltr'>μεσημϐρινῷ,</span> <span class='ocrx_word' id='word_1_20' title='bbox 3273 473 3408 526; x_wconf 85' lang='grc' dir='ltr'>καθδ</span> <span class='ocrx_word' id='word_1_21' title='bbox 3441 473 3680 547; x_wconf 75' lang='grc' dir='ltr'>συμϐολὴ</span> 
     </span>
    </p>
   </div>
   <div class='ocr_carea' id='block_1_4' title="bbox 431 540 1996 635">
    <p class='ocr_par' dir='ltr' id='par_1_4' title="bbox 431 540 1996 631">
     <span class='ocr_line' id='line_1_4' title="bbox 431 540 1996 631; baseline -0.001 -15"><span class='ocrx_word' id='word_1_22' title='bbox 431 561 812 626; x_wconf 77' lang='lat' dir='ltr'><strong>committitur,</strong></span> <span class='ocrx_word' id='word_1_23' title='bbox 839 577 906 616; x_wconf 90' lang='lat' dir='ltr'><strong>ac</strong></span> <span class='ocrx_word' id='word_1_24' title='bbox 931 548 994 616; x_wconf 73' lang='lat' dir='ltr'><strong>se</strong></span> <span class='ocrx_word' id='word_1_25' title='bbox 1023 561 1128 630; x_wconf 86' lang='lat' dir='ltr'><strong>ipsi</strong></span> <span class='ocrx_word' id='word_1_26' title='bbox 1163 569 1348 615; x_wconf 87' lang='lat' dir='ltr'><strong>secant</strong></span> <span class='ocrx_word' id='word_1_27' title='bbox 1401 560 1656 615; x_wconf 81' lang='lat' dir='ltr'><strong>invicem.</strong></span> <span class='ocrx_word' id='word_1_28' title='bbox 1707 540 1996 631; x_wconf 60' lang='lat' dir='ltr'><strong>Propte’rca</strong></span> 
     </span>
    </p>
   </div>
   <div class='ocr_carea' id='block_1_5' title="bbox 2092 540 3681 635">
    <p class='ocr_par' dir='ltr' id='par_1_5' title="bbox 2108 540 3681 635">
     <span class='ocr_line' id='line_1_5' title="bbox 2108 540 3681 635; baseline 0.006 -29"><span class='ocrx_word' id='word_1_29' title='bbox 2108 555 2313 622; x_wconf 87' lang='grc' dir='ltr'>γίνεται</span> <span class='ocrx_word' id='word_1_30' title='bbox 2357 556 2448 609; x_wconf 76' lang='grc' dir='ltr'>τοῦ</span> <span class='ocrx_word' id='word_1_31' title='bbox 2507 557 2880 630; x_wconf 79' lang='grc' dir='ltr'>μεσημϐρινοῦ</span> <span class='ocrx_word' id='word_1_32' title='bbox 3075 540 3195 614; x_wconf 33' lang='grc' dir='ltr'>τοῦ-</span> <span class='ocrx_word' id='word_1_33' title='bbox 3221 540 3529 635; x_wconf 68' lang='grc' dir='ltr'>ὁρίζοντος,</span> <span class='ocrx_word' id='word_1_34' title='bbox 3587 540 3681 618; x_wconf 62' lang='grc' dir='ltr'><strong>καί</strong></span> 
     </span>
    </p>
   </div>
   <div class='ocr_carea' id='block_1_6' title="bbox 432 652 2006 724">
    <p class='ocr_par' dir='ltr' id='par_1_6' title="bbox 432 652 2006 724">
     <span class='ocr_line' id='line_1_6' title="bbox 432 652 2006 724; baseline -0.001 -17"><span class='ocrx_word' id='word_1_35' title='bbox 432 653 499 708; x_wconf 80' lang='lat' dir='ltr'><strong>de</strong></span> <span class='ocrx_word' id='word_1_36' title='bbox 527 652 743 724; x_wconf 77' lang='lat' dir='ltr'><strong>Cepheo</strong></span> <span class='ocrx_word' id='word_1_37' title='bbox 773 655 1003 724; x_wconf 91' lang='lat' dir='ltr'><strong>loquens</strong></span> <span class='ocrx_word' id='word_1_38' title='bbox 1035 653 1256 721; x_wconf 86' lang='lat' dir='ltr'><strong>Aratus,</strong></span> <span class='ocrx_word' id='word_1_39' title='bbox 1289 653 1542 708; x_wconf 88' lang='lat' dir='ltr'><strong>eumdem</strong></span> <span class='ocrx_word' id='word_1_40' title='bbox 1593 653 1753 708; x_wconf 90' lang='lat' dir='ltr'><strong>nobis</strong></span> <span class='ocrx_word' id='word_1_41' title='bbox 1795 653 2006 707; x_wconf 85' lang='lat' dir='ltr'><strong>indica-</strong></span> 
     </span>
    </p>
   </div>
   <div class='ocr_carea' id='block_1_7' title="bbox 432 734 2007 816">
    <p class='ocr_par' dir='ltr' id='par_1_7' title="bbox 432 734 2007 816">
     <span class='ocr_line' id='line_1_7' title="bbox 432 734 2007 816; baseline 0.001 -17"><span class='ocrx_word' id='word_1_42' title='bbox 432 734 527 800; x_wconf 77' lang='lat' dir='ltr'><strong>vit.</strong></span> <span class='ocrx_word' id='word_1_43' title='bbox 556 746 687 800; x_wconf 85' lang='lat' dir='ltr'><strong>Nam</strong></span> <span class='ocrx_word' id='word_1_44' title='bbox 715 748 878 815; x_wconf 86' lang='lat' dir='ltr'><strong>hujus</strong></span> <span class='ocrx_word' id='word_1_45' title='bbox 900 761 1026 816; x_wconf 88' lang='lat' dir='ltr'><strong>pars</strong></span> <span class='ocrx_word' id='word_1_46' title='bbox 1062 746 1154 800; x_wconf 90' lang='lat' dir='ltr'><strong>illa</strong></span> <span class='ocrx_word' id='word_1_47' title='bbox 1180 753 1314 810; x_wconf 90' lang='lat' dir='ltr'><strong>tota,</strong></span> <span class='ocrx_word' id='word_1_48' title='bbox 1352 762 1474 815; x_wconf 66' lang='lat' dir='ltr'><strong>quae</strong></span> <span class='ocrx_word' id='word_1_49' title='bbox 1497 761 1528 799; x_wconf 89' lang='lat' dir='ltr'><strong>a</strong></span> <span class='ocrx_word' id='word_1_50' title='bbox 1553 747 1775 816; x_wconf 85' lang='lat' dir='ltr'><strong>cingulo</strong></span> <span class='ocrx_word' id='word_1_51' title='bbox 1816 745 1883 800; x_wconf 91' lang='lat' dir='ltr'><strong>ad</strong></span> <span class='ocrx_word' id='word_1_52' title='bbox 1913 761 2007 816; x_wconf 89' lang='lat' dir='ltr'><strong>pe-</strong></span> 
     </span>
    </p>
   </div>
   <div class='ocr_carea' id='block_1_8' title="bbox 431 834 2004 904">
    <p class='ocr_par' dir='ltr' id='par_1_8' title="bbox 431 834 2004 904">
     <span class='ocr_line' id='line_1_8' title="bbox 431 834 2004 904; baseline 0.001 -17"><span class='ocrx_word' id='word_1_53' title='bbox 431 834 530 890; x_wconf 87' lang='lat' dir='ltr'><strong>des</strong></span> <span class='ocrx_word' id='word_1_54' title='bbox 561 836 811 904; x_wconf 85' lang='lat' dir='ltr'><strong>pertinet,</strong></span> <span class='ocrx_word' id='word_1_55' title='bbox 844 836 987 890; x_wconf 91' lang='lat' dir='ltr'><strong>intra</strong></span> <span class='ocrx_word' id='word_1_56' title='bbox 1009 835 1274 889; x_wconf 88' lang='lat' dir='ltr'><strong>circulum</strong></span> <span class='ocrx_word' id='word_1_57' title='bbox 1305 837 1574 891; x_wconf 89' lang='lat' dir='ltr'><strong>arcticum</strong></span> <span class='ocrx_word' id='word_1_58' title='bbox 1606 845 1710 891; x_wconf 90' lang='lat' dir='ltr'><strong>est.</strong></span> <span class='ocrx_word' id='word_1_59' title='bbox 1734 836 2004 902; x_wconf 82' lang='lat' dir='ltr'><strong>Quoniam</strong></span> 
     </span>
    </p>
   </div>
   <div class='ocr_carea' id='block_1_9' title="bbox 435 928 2002 1000">
    <p class='ocr_par' dir='ltr' id='par_1_9' title="bbox 435 928 2002 1000">
     <span class='ocr_line' id='line_1_9' title="bbox 435 928 2002 1000; baseline 0.003 -21"><span class='ocrx_word' id='word_1_60' title='bbox 435 943 562 981; x_wconf 86' lang='lat' dir='ltr'><strong>vero</strong></span> <span class='ocrx_word' id='word_1_61' title='bbox 593 929 833 983; x_wconf 75' lang='lat' dir='ltr'><strong>circulus</strong></span> <span class='ocrx_word' id='word_1_62' title='bbox 888 928 1128 984; x_wconf 89' lang='lat' dir='ltr'><strong>arcticus</strong></span> <span class='ocrx_word' id='word_1_63' title='bbox 1178 929 1384 984; x_wconf 84' lang='lat' dir='ltr'><strong>occidit</strong></span> <span class='ocrx_word' id='word_1_64' title='bbox 1431 945 1752 1000; x_wconf 82' lang='lat' dir='ltr'><strong>nunquam;</strong></span> <span class='ocrx_word' id='word_1_65' title='bbox 1793 929 2002 984; x_wconf 85' lang='lat' dir='ltr'><strong>balteus</strong></span> 
     </span>
    </p>
   </div>
   <div class='ocr_carea' id='block_1_10' title="bbox 431 1019 2002 1091">
    <p class='ocr_par' dir='ltr' id='par_1_10' title="bbox 431 1019 2002 1091">
     <span class='ocr_line' id='line_1_10' title="bbox 431 1019 2002 1091; baseline 0.003 -19"><span class='ocrx_word' id='word_1_66' title='bbox 431 1033 560 1072; x_wconf 85' lang='lat' dir='ltr'><strong>vero</strong></span> <span class='ocrx_word' id='word_1_67' title='bbox 592 1019 793 1089; x_wconf 84' lang='lat' dir='ltr'><strong>Cephei</strong></span> <span class='ocrx_word' id='word_1_68' title='bbox 827 1020 882 1074; x_wconf 89' lang='lat' dir='ltr'><strong>in</strong></span> <span class='ocrx_word' id='word_1_69' title='bbox 923 1021 1131 1075; x_wconf 89' lang='lat' dir='ltr'><strong>ambitu</strong></span> <span class='ocrx_word' id='word_1_70' title='bbox 1167 1031 1252 1076; x_wconf 90' lang='lat' dir='ltr'><strong>est</strong></span> <span class='ocrx_word' id='word_1_71' title='bbox 1303 1021 1547 1091; x_wconf 84' lang='lat' dir='ltr'><strong>ejusdem</strong></span> <span class='ocrx_word' id='word_1_72' title='bbox 1605 1021 1824 1090; x_wconf 84' lang='lat' dir='ltr'><strong>arctici;</strong></span> <span class='ocrx_word' id='word_1_73' title='bbox 1873 1021 2002 1076; x_wconf 87' lang='lat' dir='ltr'><strong>hinc</strong></span> 
     </span>
    </p>
   </div>
   <div class='ocr_carea' id='block_1_11' title="bbox 431 1109 1681 1183">
    <p class='ocr_par' dir='ltr' id='par_1_11' title="bbox 431 1109 1681 1183">
     <span class='ocr_line' id='line_1_11' title="bbox 431 1109 1681 1183; baseline 0.002 -20"><span class='ocrx_word' id='word_1_74' title='bbox 431 1109 770 1165; x_wconf 83' lang='lat' dir='ltr'><strong>horizontem</strong></span> <span class='ocrx_word' id='word_1_75' title='bbox 800 1126 898 1180; x_wconf 88' lang='lat' dir='ltr'><strong>per</strong></span> <span class='ocrx_word' id='word_1_76' title='bbox 927 1111 1047 1182; x_wconf 87' lang='lat' dir='ltr'><strong>ejus</strong></span> <span class='ocrx_word' id='word_1_77' title='bbox 1083 1112 1323 1168; x_wconf 86' lang='lat' dir='ltr'><strong>balteum</strong></span> <span class='ocrx_word' id='word_1_78' title='bbox 1358 1113 1629 1183; x_wconf 75' lang='lat' dir='ltr'><strong>signiﬁcat</strong></span> <span class='ocrx_word' id='word_1_79' title='bbox 1668 1131 1681 1166; x_wconf 89' lang='lat'><strong>:</strong></span> 
     </span>
    </p>
   </div>
   <div class='ocr_carea' id='block_1_12' title="bbox 1002 1286 1930 1358">
    <p class='ocr_par' dir='ltr' id='par_1_12' title="bbox 1002 1286 1930 1358">
     <span class='ocr_line' id='line_1_12' title="bbox 1002 1286 1930 1358; baseline 0.004 -19"><span class='ocrx_word' id='word_1_80' title='bbox 1002 1326 1017 1339; x_wconf 94' lang='lat'><strong>.</strong></span> <span class='ocrx_word' id='word_1_81' title='bbox 1097 1326 1109 1338; x_wconf 93' lang='lat'><strong>.</strong></span> <span class='ocrx_word' id='word_1_82' title='bbox 1188 1325 1205 1341; x_wconf 93' lang='lat'><strong>.</strong></span> <span class='ocrx_word' id='word_1_83' title='bbox 1248 1286 1478 1357; x_wconf 80' lang='lat' dir='ltr'><strong>Cepheus</strong></span> <span class='ocrx_word' id='word_1_84' title='bbox 1513 1299 1682 1342; x_wconf 86' lang='lat' dir='ltr'><strong>autem</strong></span> <span class='ocrx_word' id='word_1_85' title='bbox 1718 1289 1930 1358; x_wconf 85' lang='lat' dir='ltr'><strong>cingulo</strong></span> 
     </span>
    </p>
   </div>
   <div class='ocr_carea' id='block_1_13' title="bbox 432 1354 1999 1442">
    <p class='ocr_par' dir='ltr' id='par_1_13' title="bbox 432 1354 1999 1442">
     <span class='ocr_line' id='line_1_13' title="bbox 432 1354 1999 1442; baseline 0.003 -34"><span class='ocrx_word' id='word_1_86' title='bbox 432 1354 653 1408; x_wconf 84' lang='lat' dir='ltr'><strong>Terram</strong></span> <span class='ocrx_word' id='word_1_87' title='bbox 684 1355 865 1410; x_wconf 88' lang='lat' dir='ltr'><strong>radit:</strong></span> <span class='ocrx_word' id='word_1_88' title='bbox 899 1372 1017 1427; x_wconf 74' lang='lat' dir='ltr'><strong>qua:</strong></span> <span class='ocrx_word' id='word_1_89' title='bbox 1059 1366 1183 1410; x_wconf 87' lang='lat' dir='ltr'><strong>sunt</strong></span> <span class='ocrx_word' id='word_1_90' title='bbox 1234 1358 1290 1411; x_wconf 89' lang='lat' dir='ltr'><strong>in</strong></span> <span class='ocrx_word' id='word_1_91' title='bbox 1319 1354 1494 1428; x_wconf 71' lang='lat' dir='ltr'><strong>capite</strong></span> <span class='ocrx_word' id='word_1_92' title='bbox 1515 1358 1752 1429; x_wconf 83' lang='lat' dir='ltr'><strong>quidem,</strong></span> <span class='ocrx_word' id='word_1_93' title='bbox 1784 1354 1999 1442; x_wconf 59' lang='lat' dir='ltr'><strong>prorsus</strong></span> 
     </span>
    </p>
   </div>
   <div class='ocr_carea' id='block_1_14' title="bbox 431 1429 2001 1569">
    <p class='ocr_par' dir='ltr' id='par_1_14' title="bbox 431 1429 2001 1569">
     <span class='ocr_line' id='line_1_14' title="bbox 431 1429 2001 1569; baseline 0.004 -22"><span class='ocrx_word' id='word_1_94' title='bbox 431 1494 656 1566; x_wconf 75' lang='lat' dir='ltr'><strong>Tingens</strong></span> <span class='ocrx_word' id='word_1_95' title='bbox 689 1495 937 1552; x_wconf 86' lang='lat' dir='ltr'><strong>Oceano:</strong></span> <span class='ocrx_word' id='word_1_96' title='bbox 972 1497 1072 1552; x_wconf 82' lang='lat' dir='ltr'><strong>illa</strong></span> <span class='ocrx_word' id='word_1_97' title='bbox 1123 1513 1240 1551; x_wconf 79' lang='lat' dir='ltr'><strong>vero</strong></span> <span class='ocrx_word' id='word_1_98' title='bbox 1296 1515 1399 1553; x_wconf 87' lang='lat' dir='ltr'><strong>non</strong></span> <span class='ocrx_word' id='word_1_99' title='bbox 1452 1499 1613 1555; x_wconf 80' lang='lat' dir='ltr'><strong>licet:</strong></span> <span class='ocrx_word' id='word_1_100' title='bbox 1647 1499 1737 1554; x_wconf 88' lang='lat' dir='ltr'><strong>sed</strong></span> <span class='ocrx_word' id='word_1_101' title='bbox 1770 1429 2001 1569; x_wconf 39' lang='lat' dir='ltr'><strong>citatas:</strong></span> 
     </span>
    </p>
   </div>
   <div class='ocr_carea' id='block_1_15' title="bbox 437 1629 1690 1706">
    <p class='ocr_par' dir='ltr' id='par_1_15' title="bbox 437 1629 1690 1706">
     <span class='ocr_line' id='line_1_15' title="bbox 437 1629 1690 1706; baseline 0.005 -22"><span class='ocrx_word' id='word_1_102' title='bbox 437 1629 585 1686; x_wconf 79' lang='lat' dir='ltr'><strong>Ursa:</strong></span> <span class='ocrx_word' id='word_1_103' title='bbox 614 1632 905 1702; x_wconf 80' lang='lat' dir='ltr'><strong>prohibent,</strong></span> <span class='ocrx_word' id='word_1_104' title='bbox 935 1634 1110 1702; x_wconf 87' lang='lat' dir='ltr'><strong>pedes,</strong></span> <span class='ocrx_word' id='word_1_105' title='bbox 1144 1643 1191 1689; x_wconf 89' lang='lat' dir='ltr'><strong>et</strong></span> <span class='ocrx_word' id='word_1_106' title='bbox 1219 1651 1372 1706; x_wconf 85' lang='lat' dir='ltr'><strong>genu,</strong></span> <span class='ocrx_word' id='word_1_107' title='bbox 1396 1645 1444 1689; x_wconf 88' lang='lat' dir='ltr'><strong>et</strong></span> <span class='ocrx_word' id='word_1_108' title='bbox 1469 1634 1690 1690; x_wconf 79' lang='lat' dir='ltr'><strong>lumbos.</strong></span> 
     </span>
    </p>
   </div>
   <div class='ocr_carea' id='block_1_16' title="bbox 505 1744 1998 1817">
    <p class='ocr_par' dir='ltr' id='par_1_16' title="bbox 505 1744 1998 1817">
     <span class='ocr_line' id='line_1_16' title="bbox 505 1744 1998 1817; baseline 0.002 -19"><span class='ocrx_word' id='word_1_109' title='bbox 505 1744 627 1799; x_wconf 66' lang='lat' dir='ltr'><strong>Haec</strong></span> <span class='ocrx_word' id='word_1_110' title='bbox 646 1753 774 1800; x_wconf 88' lang='lat' dir='ltr'><strong>sunt</strong></span> <span class='ocrx_word' id='word_1_111' title='bbox 790 1761 908 1816; x_wconf 69' lang='lat' dir='ltr'><strong>qure</strong></span> <span class='ocrx_word' id='word_1_112' title='bbox 935 1747 1002 1801; x_wconf 91' lang='lat' dir='ltr'><strong>de</strong></span> <span class='ocrx_word' id='word_1_113' title='bbox 1025 1746 1248 1816; x_wconf 70' lang='lat' dir='ltr'><strong>sphaera:</strong></span> <span class='ocrx_word' id='word_1_114' title='bbox 1272 1749 1452 1817; x_wconf 87' lang='lat' dir='ltr'><strong>positu</strong></span> <span class='ocrx_word' id='word_1_115' title='bbox 1481 1747 1712 1803; x_wconf 89' lang='lat' dir='ltr'><strong>dicenda</strong></span> <span class='ocrx_word' id='word_1_116' title='bbox 1738 1746 1998 1802; x_wconf 85' lang='lat' dir='ltr'><strong>videban-</strong></span> 
     </span>
    </p>
   </div>
   <div class='ocr_carea' id='block_1_17' title="bbox 2108 647 3681 725">
    <p class='ocr_par' dir='ltr' id='par_1_17' title="bbox 2108 647 3681 725">
     <span class='ocr_line' id='line_1_17' title="bbox 2108 647 3681 725; baseline 0.007 -27"><span class='ocrx_word' id='word_1_117' title='bbox 2108 647 2393 718; x_wconf 81' lang='grc' dir='ltr'><strong>τέμνουσιν</strong></span> <span class='ocrx_word' id='word_1_118' title='bbox 2421 649 2704 719; x_wconf 84' lang='grc' dir='ltr'>ἀλλήλους.</span> <span class='ocrx_word' id='word_1_119' title='bbox 2741 651 2851 704; x_wconf 76' lang='grc' dir='ltr'><strong>Καὶ</strong></span> <span class='ocrx_word' id='word_1_120' title='bbox 2879 651 2964 704; x_wconf 84' lang='grc' dir='ltr'>διὰ</span> <span class='ocrx_word' id='word_1_121' title='bbox 2991 651 3147 706; x_wconf 81' lang='grc' dir='ltr'>τοῦτο</span> <span class='ocrx_word' id='word_1_122' title='bbox 3179 652 3306 724; x_wconf 80' lang='grc' dir='ltr'>περὶ</span> <span class='ocrx_word' id='word_1_123' title='bbox 3332 655 3564 725; x_wconf 82' lang='grc' dir='ltr'><strong>Κηφέως</strong></span> <span class='ocrx_word' id='word_1_124' title='bbox 3591 656 3681 709; x_wconf 65' lang='grc' dir='ltr'>λέη</span> 
     </span>
    </p>
   </div>
   <div class='ocr_carea' id='block_1_18' title="bbox 2106 740 3678 816">
    <p class='ocr_par' dir='ltr' id='par_1_18' title="bbox 2106 740 3678 816">
     <span class='ocr_line' id='line_1_18' title="bbox 2106 740 3678 816; baseline 0.006 -25"><span class='ocrx_word' id='word_1_125' title='bbox 2106 755 2248 806; x_wconf 88' lang='grc' dir='ltr'>γων,</span> <span class='ocrx_word' id='word_1_126' title='bbox 2281 740 2373 793; x_wconf 82' lang='grc' dir='ltr'><strong>τὸν</strong></span> <span class='ocrx_word' id='word_1_127' title='bbox 2421 741 2583 794; x_wconf 82' lang='grc' dir='ltr'>αὑτὸν</span> <span class='ocrx_word' id='word_1_128' title='bbox 2623 741 2880 812; x_wconf 75' lang='grc' dir='ltr'>ἐνέφηνεν</span> <span class='ocrx_word' id='word_1_129' title='bbox 2928 746 3061 814; x_wconf 85' lang='grc' dir='ltr'>ἡμῖν</span> <span class='ocrx_word' id='word_1_130' title='bbox 3109 746 3137 797; x_wconf 90' lang='lat'><strong>6</strong></span> <span class='ocrx_word' id='word_1_131' title='bbox 3178 747 3428 816; x_wconf 80' lang='grc' dir='ltr'>Ἀρατος.</span> <span class='ocrx_word' id='word_1_132' title='bbox 3479 747 3678 802; x_wconf 82' lang='grc' dir='ltr'><strong>Τούτου</strong></span> 
     </span>
    </p>
   </div>
   <div class='ocr_carea' id='block_1_19' title="bbox 2105 829 3680 904">
    <p class='ocr_par' dir='ltr' id='par_1_19' title="bbox 2105 829 3680 904">
     <span class='ocr_line' id='line_1_19' title="bbox 2105 829 3680 904; baseline 0.006 -22"><span class='ocrx_word' id='word_1_133' title='bbox 2105 829 2214 900; x_wconf 80' lang='grc' dir='ltr'><strong>γὰρ</strong></span> <span class='ocrx_word' id='word_1_134' title='bbox 2251 831 2319 884; x_wconf 77' lang='grc' dir='ltr'>τὰ</span> <span class='ocrx_word' id='word_1_135' title='bbox 2363 832 2472 886; x_wconf 83' lang='grc' dir='ltr'>ἀπὸ</span> <span class='ocrx_word' id='word_1_136' title='bbox 2514 833 2613 904; x_wconf 83' lang='grc' dir='ltr'>τῆς</span> <span class='ocrx_word' id='word_1_137' title='bbox 2652 832 2829 904; x_wconf 83' lang='grc' dir='ltr'><strong>ζώνης</strong></span> <span class='ocrx_word' id='word_1_138' title='bbox 2869 835 2974 900; x_wconf 74' lang='grc' dir='ltr'><strong>ἕως</strong></span> <span class='ocrx_word' id='word_1_139' title='bbox 3012 836 3121 890; x_wconf 89' lang='grc' dir='ltr'><strong>τῶν</strong></span> <span class='ocrx_word' id='word_1_140' title='bbox 3167 836 3342 890; x_wconf 87' lang='grc' dir='ltr'>ποδῶν</span> <span class='ocrx_word' id='word_1_141' title='bbox 3375 838 3524 901; x_wconf 88' lang='grc' dir='ltr'>ἐντός</span> <span class='ocrx_word' id='word_1_142' title='bbox 3564 841 3680 894; x_wconf 85' lang='grc' dir='ltr'>ἐστι</span> 
     </span>
    </p>
   </div>
   <div class='ocr_carea' id='block_1_20' title="bbox 2103 919 3678 996">
    <p class='ocr_par' dir='ltr' id='par_1_20' title="bbox 2103 919 3678 996">
     <span class='ocr_line' id='line_1_20' title="bbox 2103 919 3678 996; baseline 0.006 -24"><span class='ocrx_word' id='word_1_143' title='bbox 2103 919 2198 972; x_wconf 83' lang='grc' dir='ltr'>τοῦ</span> <span class='ocrx_word' id='word_1_144' title='bbox 2229 919 2514 991; x_wconf 81' lang='grc' dir='ltr'>ἅρκτικοῢ.</span> <span class='ocrx_word' id='word_1_145' title='bbox 2557 923 2709 976; x_wconf 83' lang='grc' dir='ltr'>Ἐπεὶ</span> <span class='ocrx_word' id='word_1_146' title='bbox 2753 923 2810 976; x_wconf 83' lang='grc' dir='ltr'>δὲ</span> <span class='ocrx_word' id='word_1_147' title='bbox 2843 926 2871 978; x_wconf 98' lang='lat'><strong>6</strong></span> <span class='ocrx_word' id='word_1_148' title='bbox 2905 925 3163 996; x_wconf 78' lang='grc' dir='ltr'>ἀρκτικὸς</span> <span class='ocrx_word' id='word_1_149' title='bbox 3203 926 3401 990; x_wconf 82' lang='grc' dir='ltr'><strong>κύκλος</strong></span> <span class='ocrx_word' id='word_1_150' title='bbox 3427 927 3678 981; x_wconf 83' lang='grc' dir='ltr'>οὐδέποτε</span> 
     </span>
    </p>
   </div>
   <div class='ocr_carea' id='block_1_21' title="bbox 2105 1012 3682 1091">
    <p class='ocr_par' dir='ltr' id='par_1_21' title="bbox 2105 1012 3682 1091">
     <span class='ocr_line' id='line_1_21' title="bbox 2105 1012 3682 1091; baseline 0.005 -27"><span class='ocrx_word' id='word_1_151' title='bbox 2105 1012 2450 1080; x_wconf 83' lang='grc' dir='ltr'><strong>καταδύεται,</strong></span> <span class='ocrx_word' id='word_1_152' title='bbox 2483 1016 2516 1084; x_wconf 87' lang='grc' dir='ltr'><strong>ή</strong></span> <span class='ocrx_word' id='word_1_153' title='bbox 2546 1013 2603 1067; x_wconf 83' lang='grc' dir='ltr'><strong>δὲ</strong></span> <span class='ocrx_word' id='word_1_154' title='bbox 2634 1013 2775 1087; x_wconf 79' lang='grc' dir='ltr'><strong>ζώνη</strong></span> <span class='ocrx_word' id='word_1_155' title='bbox 2801 1015 2895 1069; x_wconf 81' lang='grc' dir='ltr'>τοῦ</span> <span class='ocrx_word' id='word_1_156' title='bbox 2924 1017 3159 1087; x_wconf 82' lang='grc' dir='ltr'><strong>Κηφέως</strong></span> <span class='ocrx_word' id='word_1_157' title='bbox 3187 1020 3245 1072; x_wconf 86' lang='grc' dir='ltr'>ἐν</span> <span class='ocrx_word' id='word_1_158' title='bbox 3264 1021 3329 1089; x_wconf 83' lang='grc' dir='ltr'>τῇ</span> <span class='ocrx_word' id='word_1_159' title='bbox 3357 1020 3682 1091; x_wconf 77' lang='grc' dir='ltr'>περιφερείᾳ</span> 
     </span>
    </p>
   </div>
   <div class='ocr_carea' id='block_1_22' title="bbox 2103 1101 3682 1180">
    <p class='ocr_par' dir='ltr' id='par_1_22' title="bbox 2103 1101 3682 1180">
     <span class='ocr_line' id='line_1_22' title="bbox 2103 1101 3682 1180; baseline 0.006 -27"><span class='ocrx_word' id='word_1_160' title='bbox 2103 1101 2221 1155; x_wconf 77' lang='grc' dir='ltr'>ἐστὶ</span> <span class='ocrx_word' id='word_1_161' title='bbox 2253 1102 2346 1155; x_wconf 81' lang='grc' dir='ltr'>τοῦ</span> <span class='ocrx_word' id='word_1_162' title='bbox 2383 1105 2644 1176; x_wconf 84' lang='grc' dir='ltr'>ἀρκτικοῦ</span> <span class='ocrx_word' id='word_1_163' title='bbox 2679 1105 2877 1160; x_wconf 83' lang='grc' dir='ltr'>κύκλου</span> <span class='ocrx_word' id='word_1_164' title='bbox 2919 1107 3010 1162; x_wconf 86' lang='grc' dir='ltr'>τὸν</span> <span class='ocrx_word' id='word_1_165' title='bbox 3049 1106 3299 1180; x_wconf 78' lang='grc' dir='ltr'>ὁρίζοντα</span> <span class='ocrx_word' id='word_1_166' title='bbox 3329 1108 3416 1162; x_wconf 86' lang='grc' dir='ltr'>διὰ</span> <span class='ocrx_word' id='word_1_167' title='bbox 3446 1110 3544 1173; x_wconf 83' lang='grc' dir='ltr'>τῆς</span> <span class='ocrx_word' id='word_1_168' title='bbox 3578 1110 3682 1174; x_wconf 76' lang='grc' dir='ltr'><strong>ζώ-</strong></span> 
     </span>
    </p>
   </div>
   <div class='ocr_carea' id='block_1_23' title="bbox 2101 1193 2671 1267">
    <p class='ocr_par' dir='ltr' id='par_1_23' title="bbox 2101 1193 2671 1267">
     <span class='ocr_line' id='line_1_23' title="bbox 2101 1193 2671 1267; baseline 0.007 -22"><span class='ocrx_word' id='word_1_169' title='bbox 2101 1209 2199 1263; x_wconf 90' lang='grc' dir='ltr'>νης</span> <span class='ocrx_word' id='word_1_170' title='bbox 2225 1193 2390 1248; x_wconf 79' lang='grc' dir='ltr'>αὐτοῦ</span> <span class='ocrx_word' id='word_1_171' title='bbox 2417 1195 2671 1267; x_wconf 81' lang='grc' dir='ltr'>ἐμφαίνει</span> 
     </span>
    </p>
   </div>
   <div class='ocr_carea' id='block_1_24' title="bbox 2538 1286 3365 1360">
    <p class='ocr_par' dir='ltr' id='par_1_24' title="bbox 2538 1286 3365 1360">
     <span class='ocr_line' id='line_1_24' title="bbox 2538 1286 3365 1360; baseline 0.004 -19"><span class='ocrx_word' id='word_1_172' title='bbox 2538 1287 2753 1360; x_wconf 70' lang='grc' dir='ltr'>..ηόδὲ</span> <span class='ocrx_word' id='word_1_173' title='bbox 2786 1286 2938 1360; x_wconf 72' lang='grc' dir='ltr'><strong>ζώνῃ</strong></span> <span class='ocrx_word' id='word_1_174' title='bbox 2967 1291 3099 1344; x_wconf 88' lang='grc' dir='ltr'>τότε</span> <span class='ocrx_word' id='word_1_175' title='bbox 3125 1289 3365 1360; x_wconf 63' lang='grc' dir='ltr'>Κηφεὺς</span> 
     </span>
    </p>
   </div>
   <div class='ocr_carea' id='block_1_25' title="bbox 2101 1356 3609 1432">
    <p class='ocr_par' dir='ltr' id='par_1_25' title="bbox 2101 1356 3609 1432">
     <span class='ocr_line' id='line_1_25' title="bbox 2101 1356 3609 1432; baseline 0.004 -24"><span class='ocrx_word' id='word_1_176' title='bbox 2101 1356 2294 1411; x_wconf 83' lang='grc' dir='ltr'>Γαῖαν</span> <span class='ocrx_word' id='word_1_177' title='bbox 2315 1356 2550 1421; x_wconf 75' lang='grc' dir='ltr'>ὲπιξύει</span> <span class='ocrx_word' id='word_1_178' title='bbox 2577 1374 2589 1386; x_wconf 89' lang='grc'><strong>·</strong></span> <span class='ocrx_word' id='word_1_179' title='bbox 2621 1359 2693 1413; x_wconf 87' lang='grc' dir='ltr'>τὰ</span> <span class='ocrx_word' id='word_1_180' title='bbox 2724 1357 2843 1429; x_wconf 86' lang='grc' dir='ltr'>μὲν</span> <span class='ocrx_word' id='word_1_181' title='bbox 2870 1356 2941 1413; x_wconf 79' lang='grc' dir='ltr'>ἐν</span> <span class='ocrx_word' id='word_1_182' title='bbox 2967 1359 3202 1429; x_wconf 65' lang='grc' dir='ltr'>κεφαλῇ</span> <span class='ocrx_word' id='word_1_183' title='bbox 3218 1356 3390 1432; x_wconf 67' lang='grc' dir='ltr'>’μάλα</span> <span class='ocrx_word' id='word_1_184' title='bbox 3413 1359 3609 1414; x_wconf 81' lang='grc' dir='ltr'>πάντα</span> 
     </span>
    </p>
   </div>
   <div class='ocr_carea' id='block_1_26' title="bbox 2099 1491 3679 1616">
    <p class='ocr_par' dir='ltr' id='par_1_26' title="bbox 2099 1491 3679 1616">
     <span class='ocr_line' id='line_1_26' title="bbox 2099 1491 3679 1616; baseline 0.005 -73"><span class='ocrx_word' id='word_1_185' title='bbox 2099 1491 2356 1546; x_wconf 81' lang='grc' dir='ltr'>Βάπτων</span> <span class='ocrx_word' id='word_1_186' title='bbox 2395 1492 2697 1548; x_wconf 76' lang='grc' dir='ltr'>Ὠκεανοῖο</span> <span class='ocrx_word' id='word_1_187' title='bbox 2722 1510 2736 1523; x_wconf 92' lang='grc'><strong>·</strong></span> <span class='ocrx_word' id='word_1_188' title='bbox 2778 1492 2851 1546; x_wconf 88' lang='grc' dir='ltr'>τὰ</span> <span class='ocrx_word' id='word_1_189' title='bbox 2887 1493 2939 1546; x_wconf 84' lang='grc' dir='ltr'>δ’</span> <span class='ocrx_word' id='word_1_190' title='bbox 2968 1493 3041 1546; x_wconf 90' lang='grc' dir='ltr'>οὐ</span> <span class='ocrx_word' id='word_1_191' title='bbox 3074 1492 3238 1563; x_wconf 86' lang='grc' dir='ltr'><strong>θέμις</strong></span> <span class='ocrx_word' id='word_1_192' title='bbox 3260 1511 3273 1524; x_wconf 77' lang='grc' dir='ltr'><strong><em>ο</em></strong></span> <span class='ocrx_word' id='word_1_193' title='bbox 3306 1493 3577 1616; x_wconf 57' lang='lat' dir='ltr'><strong>ddicich</strong></span> <span class='ocrx_word' id='word_1_194' title='bbox 3625 1494 3679 1616; x_wconf 54' lang='grc' dir='ltr'><strong>τέ</strong></span> 
     </span>
     <span class='ocr_line' id='line_1_27' title="bbox 3503 1579 3655 1616; baseline 0 0"><span class='ocrx_word' id='word_1_195' title='bbox 3503 1579 3655 1616; x_wconf 86' lang='grc' dir='ltr'>αυτα</span> 
     </span>
    </p>
   </div>
   <div class='ocr_carea' id='block_1_27' title="bbox 2104 1563 3655 1706">
    <p class='ocr_par' dir='ltr' id='par_1_27' title="bbox 2104 1563 3655 1706">
     <span class='ocr_line' id='line_1_28' title="bbox 2104 1563 3655 1706; baseline 0.005 -23"><span class='ocrx_word' id='word_1_196' title='bbox 2104 1629 2336 1698; x_wconf 81' lang='grc' dir='ltr'>Ἀρκτοι</span> <span class='ocrx_word' id='word_1_197' title='bbox 2365 1633 2692 1696; x_wconf 76' lang='grc' dir='ltr'>κωλύουσι,</span> <span class='ocrx_word' id='word_1_198' title='bbox 2732 1633 2943 1700; x_wconf 80' lang='grc' dir='ltr'><strong>πόδας,</strong></span> <span class='ocrx_word' id='word_1_199' title='bbox 2971 1635 3070 1688; x_wconf 80' lang='grc' dir='ltr'>καὶ</span> <span class='ocrx_word' id='word_1_200' title='bbox 3101 1634 3310 1706; x_wconf 80' lang='grc' dir='ltr'>γοῦνα.</span> <span class='ocrx_word' id='word_1_201' title='bbox 3336 1633 3435 1689; x_wconf 82' lang='grc' dir='ltr'><strong>καί</strong></span> <span class='ocrx_word' id='word_1_202' title='bbox 3468 1563 3655 1697; x_wconf 40' lang='lat' dir='ltr'><strong>(lydia</strong></span> 
     </span>
    </p>
   </div>
   <div class='ocr_carea' id='block_1_28' title="bbox 2171 1738 3682 1816">
    <p class='ocr_par' dir='ltr' id='par_1_28' title="bbox 2171 1738 3682 1816">
     <span class='ocr_line' id='line_1_29' title="bbox 2171 1738 3682 1816; baseline 0.003 -22"><span class='ocrx_word' id='word_1_203' title='bbox 2171 1741 2252 1795; x_wconf 85' lang='grc' dir='ltr'><strong>Τὰ</strong></span> <span class='ocrx_word' id='word_1_204' title='bbox 2283 1742 2383 1814; x_wconf 84' lang='grc' dir='ltr'>μὲν</span> <span class='ocrx_word' id='word_1_205' title='bbox 2412 1738 2505 1797; x_wconf 79' lang='grc' dir='ltr'><strong>οὖν</strong></span> <span class='ocrx_word' id='word_1_206' title='bbox 2542 1743 2641 1813; x_wconf 83' lang='grc' dir='ltr'>τῆς</span> <span class='ocrx_word' id='word_1_207' title='bbox 2683 1744 2886 1808; x_wconf 80' lang='grc' dir='ltr'>θέσεως</span> <span class='ocrx_word' id='word_1_208' title='bbox 2915 1744 3088 1798; x_wconf 78' lang='grc' dir='ltr'>ταῦτα</span> <span class='ocrx_word' id='word_1_209' title='bbox 3118 1763 3131 1775; x_wconf 88' lang='grc'>·</span> <span class='ocrx_word' id='word_1_210' title='bbox 3169 1745 3260 1798; x_wconf 82' lang='grc' dir='ltr'>τὸν</span> <span class='ocrx_word' id='word_1_211' title='bbox 3292 1746 3348 1798; x_wconf 81' lang='grc' dir='ltr'><strong>δὲ</strong></span> <span class='ocrx_word' id='word_1_212' title='bbox 3383 1745 3682 1816; x_wconf 78' lang='grc' dir='ltr'>ἐξηγούμε-</span> 
     </span>
    </p>
   </div>
   <div class='ocr_carea' id='block_1_29' title="bbox 429 1816 1996 1910">
    <p class='ocr_par' dir='ltr' id='par_1_29' title="bbox 429 1834 1996 1906">
     <span class='ocr_line' id='line_1_30' title="bbox 429 1834 1996 1906; baseline 0.001 -16"><span class='ocrx_word' id='word_1_213' title='bbox 429 1843 542 1890; x_wconf 89' lang='lat' dir='ltr'><strong>tur.</strong></span> <span class='ocrx_word' id='word_1_214' title='bbox 581 1834 753 1902; x_wconf 88' lang='lat' dir='ltr'><strong>Quam</strong></span> <span class='ocrx_word' id='word_1_215' title='bbox 792 1838 886 1906; x_wconf 89' lang='lat' dir='ltr'><strong>qui</strong></span> <span class='ocrx_word' id='word_1_216' title='bbox 919 1837 1192 1906; x_wconf 83' lang='lat' dir='ltr'><strong>explicare</strong></span> <span class='ocrx_word' id='word_1_217' title='bbox 1219 1839 1391 1906; x_wconf 88' lang='lat' dir='ltr'><strong>velit,</strong></span> <span class='ocrx_word' id='word_1_218' title='bbox 1449 1839 1593 1893; x_wconf 90' lang='lat' dir='ltr'><strong>hunc</strong></span> <span class='ocrx_word' id='word_1_219' title='bbox 1640 1838 1708 1892; x_wconf 87' lang='lat' dir='ltr'><strong>ad</strong></span> <span class='ocrx_word' id='word_1_220' title='bbox 1750 1837 1996 1894; x_wconf 83' lang='lat' dir='ltr'><strong>dextram</strong></span> 
     </span>
    </p>
   </div>
   <div class='ocr_carea' id='block_1_30' title="bbox 2092 1816 3679 1910">
    <p class='ocr_par' dir='ltr' id='par_1_30' title="bbox 2101 1832 3679 1910">
     <span class='ocr_line' id='line_1_31' title="bbox 2101 1832 3679 1910; baseline 0.001 -22"><span class='ocrx_word' id='word_1_221' title='bbox 2101 1851 2190 1888; x_wconf 82' lang='lat' dir='ltr'><strong>vov</strong></span> <span class='ocrx_word' id='word_1_222' title='bbox 2217 1836 2274 1888; x_wconf 86' lang='grc' dir='ltr'>ἐν</span> <span class='ocrx_word' id='word_1_223' title='bbox 2301 1832 2450 1906; x_wconf 80' lang='grc' dir='ltr'>δεξιᾷ</span> <span class='ocrx_word' id='word_1_224' title='bbox 2480 1835 2584 1906; x_wconf 80' lang='grc' dir='ltr'><strong>χρὴ</strong></span> <span class='ocrx_word' id='word_1_225' title='bbox 2609 1835 2700 1888; x_wconf 83' lang='grc' dir='ltr'><strong>τὸν</strong></span> <span class='ocrx_word' id='word_1_226' title='bbox 2731 1835 2936 1908; x_wconf 88' lang='grc' dir='ltr'>βόρειον</span> <span class='ocrx_word' id='word_1_227' title='bbox 2977 1836 3136 1889; x_wconf 83' lang='grc' dir='ltr'>πόλον</span> <span class='ocrx_word' id='word_1_228' title='bbox 3161 1835 3323 1906; x_wconf 77' lang='grc' dir='ltr'>ἔχειν,</span> <span class='ocrx_word' id='word_1_229' title='bbox 3351 1839 3445 1890; x_wconf 80' lang='grc' dir='ltr'>καὶ</span> <span class='ocrx_word' id='word_1_230' title='bbox 3477 1839 3536 1890; x_wconf 83' lang='grc' dir='ltr'><strong>ἐν</strong></span> <span class='ocrx_word' id='word_1_231' title='bbox 3563 1839 3679 1910; x_wconf 84' lang='grc' dir='ltr'>ἀρι-</span> 
     </span>
    </p>
   </div>
   <div class='ocr_carea' id='block_1_31' title="bbox 430 1927 2000 2001">
    <p class='ocr_par' dir='ltr' id='par_1_31' title="bbox 430 1927 2000 2001">
     <span class='ocr_line' id='line_1_32' title="bbox 430 1927 2000 2001; baseline 0.003 -20"><span class='ocrx_word' id='word_1_232' title='bbox 430 1927 702 1983; x_wconf 87' lang='lat' dir='ltr'><strong>borealem</strong></span> <span class='ocrx_word' id='word_1_233' title='bbox 735 1928 934 1983; x_wconf 88' lang='lat' dir='ltr'><strong>habere</strong></span> <span class='ocrx_word' id='word_1_234' title='bbox 966 1929 1148 1998; x_wconf 90' lang='lat' dir='ltr'><strong>polum</strong></span> <span class='ocrx_word' id='word_1_235' title='bbox 1179 1937 1395 2001; x_wconf 89' lang='lat' dir='ltr'><strong>oportet</strong></span> <span class='ocrx_word' id='word_1_236' title='bbox 1426 1949 1440 1985; x_wconf 92' lang='lat'><strong>:</strong></span> <span class='ocrx_word' id='word_1_237' title='bbox 1492 1931 1785 1986; x_wconf 83' lang='lat' dir='ltr'><strong>australem</strong></span> <span class='ocrx_word' id='word_1_238' title='bbox 1829 1931 1896 1985; x_wconf 90' lang='lat' dir='ltr'><strong>ad</strong></span> <span class='ocrx_word' id='word_1_239' title='bbox 1923 1933 2000 1985; x_wconf 88' lang='lat' dir='ltr'><strong>si-</strong></span> 
     </span>
    </p>
   </div>
   <div class='ocr_carea' id='block_1_32' title="bbox 431 2017 1999 2088">
    <p class='ocr_par' dir='ltr' id='par_1_32' title="bbox 431 2017 1999 2088">
     <span class='ocr_line' id='line_1_33' title="bbox 431 2017 1999 2088; baseline 0.003 -15"><span class='ocrx_word' id='word_1_240' title='bbox 431 2020 686 2074; x_wconf 85' lang='lat' dir='ltr'><strong>nistram.</strong></span> <span class='ocrx_word' id='word_1_241' title='bbox 716 2017 849 2074; x_wconf 84' lang='lat' dir='ltr'><strong>Nam</strong></span> <span class='ocrx_word' id='word_1_242' title='bbox 880 2018 1036 2075; x_wconf 64' lang='lat' dir='ltr'><strong>Ursae</strong></span> <span class='ocrx_word' id='word_1_243' title='bbox 1058 2020 1112 2074; x_wconf 86' lang='lat' dir='ltr'><strong>in</strong></span> <span class='ocrx_word' id='word_1_244' title='bbox 1135 2022 1347 2077; x_wconf 89' lang='lat' dir='ltr'><strong>oriente</strong></span> <span class='ocrx_word' id='word_1_245' title='bbox 1375 2022 1581 2077; x_wconf 67' lang='lat' dir='ltr'><strong>dextrae</strong></span> <span class='ocrx_word' id='word_1_246' title='bbox 1613 2030 1776 2088; x_wconf 89' lang='lat' dir='ltr'><strong>sunt;</strong></span> <span class='ocrx_word' id='word_1_247' title='bbox 1813 2032 1999 2079; x_wconf 87' lang='lat' dir='ltr'><strong>auster</strong></span> 
     </span>
    </p>
   </div>
   <div class='ocr_carea' id='block_1_33' title="bbox 429 2110 1994 2186">
    <p class='ocr_par' dir='ltr' id='par_1_33' title="bbox 429 2110 1994 2186">
     <span class='ocr_line' id='line_1_34' title="bbox 429 2110 1994 2186; baseline 0.005 -23"><span class='ocrx_word' id='word_1_248' title='bbox 429 2125 558 2164; x_wconf 90' lang='lat' dir='ltr'><strong>vero</strong></span> <span class='ocrx_word' id='word_1_249' title='bbox 596 2111 838 2166; x_wconf 90' lang='lat' dir='ltr'><strong>sinister.</strong></span> <span class='ocrx_word' id='word_1_250' title='bbox 871 2110 1102 2178; x_wconf 85' lang='lat' dir='ltr'><strong>Quidam</strong></span> <span class='ocrx_word' id='word_1_251' title='bbox 1137 2120 1316 2168; x_wconf 87' lang='lat' dir='ltr'><strong>tamen</strong></span> <span class='ocrx_word' id='word_1_252' title='bbox 1359 2130 1480 2169; x_wconf 93' lang='lat' dir='ltr'><strong>cum</strong></span> <span class='ocrx_word' id='word_1_253' title='bbox 1516 2115 1666 2169; x_wconf 83' lang='lat' dir='ltr'><strong>illam</strong></span> <span class='ocrx_word' id='word_1_254' title='bbox 1703 2117 1994 2186; x_wconf 85' lang='lat' dir='ltr'><strong>explicant,</strong></span> 
     </span>
    </p>
   </div>
   <div class='ocr_carea' id='block_1_34' title="bbox 428 2201 1999 2274">
    <p class='ocr_par' dir='ltr' id='par_1_34' title="bbox 428 2201 1999 2274">
     <span class='ocr_line' id='line_1_35' title="bbox 428 2201 1999 2274; baseline 0.005 -20"><span class='ocrx_word' id='word_1_255' title='bbox 428 2201 640 2254; x_wconf 82' lang='lat' dir='ltr'><strong>malunt</strong></span> <span class='ocrx_word' id='word_1_256' title='bbox 671 2209 797 2257; x_wconf 88' lang='lat' dir='ltr'><strong>ante</strong></span> <span class='ocrx_word' id='word_1_257' title='bbox 829 2217 888 2258; x_wconf 88' lang='lat' dir='ltr'><strong>se</strong></span> <span class='ocrx_word' id='word_1_258' title='bbox 928 2201 1098 2258; x_wconf 87' lang='lat' dir='ltr'><strong>Ursas</strong></span> <span class='ocrx_word' id='word_1_259' title='bbox 1132 2202 1374 2273; x_wconf 88' lang='lat' dir='ltr'><strong>habere;</strong></span> <span class='ocrx_word' id='word_1_260' title='bbox 1431 2221 1574 2274; x_wconf 93' lang='lat' dir='ltr'><strong>pone</strong></span> <span class='ocrx_word' id='word_1_261' title='bbox 1608 2216 1855 2262; x_wconf 85' lang='lat' dir='ltr'><strong>austrum</strong></span> <span class='ocrx_word' id='word_1_262' title='bbox 1885 2227 1899 2264; x_wconf 91' lang='lat'><strong>:</strong></span> <span class='ocrx_word' id='word_1_263' title='bbox 1937 2217 1999 2263; x_wconf 91' lang='lat' dir='ltr'><strong>ut</strong></span> 
     </span>
    </p>
   </div>
   <div class='ocr_carea' id='block_1_35' title="bbox 428 2290 1996 2367">
    <p class='ocr_par' dir='ltr' id='par_1_35' title="bbox 428 2290 1996 2367">
     <span class='ocr_line' id='line_1_36' title="bbox 428 2290 1996 2367; baseline 0.007 -23"><span class='ocrx_word' id='word_1_264' title='bbox 428 2290 619 2346; x_wconf 83' lang='lat' dir='ltr'><strong>dexter</strong></span> <span class='ocrx_word' id='word_1_265' title='bbox 647 2293 718 2346; x_wconf 87' lang='lat' dir='ltr'><strong>sit</strong></span> <span class='ocrx_word' id='word_1_266' title='bbox 756 2293 890 2363; x_wconf 89' lang='lat' dir='ltr'><strong>ipsis</strong></span> <span class='ocrx_word' id='word_1_267' title='bbox 919 2295 1134 2360; x_wconf 91' lang='lat' dir='ltr'><strong>oriens,</strong></span> <span class='ocrx_word' id='word_1_268' title='bbox 1169 2295 1395 2353; x_wconf 87' lang='lat' dir='ltr'><strong>sinister</strong></span> <span class='ocrx_word' id='word_1_269' title='bbox 1431 2299 1708 2356; x_wconf 88' lang='lat' dir='ltr'><strong>occidens.</strong></span> <span class='ocrx_word' id='word_1_270' title='bbox 1742 2299 1898 2367; x_wconf 86' lang='lat' dir='ltr'><strong>Quod</strong></span> <span class='ocrx_word' id='word_1_271' title='bbox 1928 2317 1996 2357; x_wconf 78' lang='lat' dir='ltr'><strong>ex</strong></span> 
     </span>
    </p>
   </div>
   <div class='ocr_carea' id='block_1_36' title="bbox 428 2381 1672 2447">
    <p class='ocr_par' dir='ltr' id='par_1_36' title="bbox 428 2381 1672 2447">
     <span class='ocr_line' id='line_1_37' title="bbox 428 2381 1672 2447; baseline 0.008 -10"><span class='ocrx_word' id='word_1_272' title='bbox 428 2381 732 2441; x_wconf 85' lang='lat' dir='ltr'><strong>Homericis</strong></span> <span class='ocrx_word' id='word_1_273' title='bbox 762 2385 1011 2442; x_wconf 87' lang='lat' dir='ltr'><strong>versibus</strong></span> <span class='ocrx_word' id='word_1_274' title='bbox 1039 2385 1277 2444; x_wconf 85' lang='lat' dir='ltr'><strong>fortasse</strong></span> <span class='ocrx_word' id='word_1_275' title='bbox 1305 2387 1616 2445; x_wconf 82' lang='lat' dir='ltr'><strong>didicerunt</strong></span> <span class='ocrx_word' id='word_1_276' title='bbox 1659 2409 1672 2447; x_wconf 94' lang='lat'><strong>:</strong></span> 
     </span>
    </p>
   </div>
   <div class='ocr_carea' id='block_1_37' title="bbox 429 2494 1714 2568">
    <p class='ocr_par' dir='ltr' id='par_1_37' title="bbox 429 2494 1714 2568">
     <span class='ocr_line' id='line_1_38' title="bbox 429 2494 1714 2568; baseline 0.009 -21"><span class='ocrx_word' id='word_1_277' title='bbox 429 2494 548 2568; x_wconf 71' lang='lat' dir='ltr'><strong>§ive</strong></span> <span class='ocrx_word' id='word_1_278' title='bbox 575 2495 908 2568; x_wconf 75' lang='lat' dir='ltr'><strong>dextrorsum</strong></span> <span class='ocrx_word' id='word_1_279' title='bbox 929 2507 1048 2553; x_wconf 88' lang='lat' dir='ltr'><strong>eant</strong></span> <span class='ocrx_word' id='word_1_280' title='bbox 1078 2499 1147 2552; x_wconf 92' lang='lat' dir='ltr'><strong>ad</strong></span> <span class='ocrx_word' id='word_1_281' title='bbox 1170 2517 1421 2556; x_wconf 89' lang='lat' dir='ltr'><strong>auroram</strong></span> <span class='ocrx_word' id='word_1_282' title='bbox 1442 2511 1492 2556; x_wconf 88' lang='lat' dir='ltr'><strong>et</strong></span> <span class='ocrx_word' id='word_1_283' title='bbox 1515 2503 1714 2568; x_wconf 83' lang='lat' dir='ltr'><strong>solem;</strong></span> 
     </span>
    </p>
   </div>
   <div class='ocr_carea' id='block_1_38' title="bbox 425 2565 1866 2654">
    <p class='ocr_par' dir='ltr' id='par_1_38' title="bbox 425 2565 1866 2654">
     <span class='ocr_line' id='line_1_39' title="bbox 425 2565 1866 2654; baseline 0.006 -34"><span class='ocrx_word' id='word_1_284' title='bbox 425 2565 545 2620; x_wconf 76' lang='lat' dir='ltr'><strong>Sive</strong></span> <span class='ocrx_word' id='word_1_285' title='bbox 571 2567 934 2622; x_wconf 79' lang='lat' dir='ltr'><strong>sinistrorsum</strong></span> <span class='ocrx_word' id='word_1_286' title='bbox 958 2569 1027 2623; x_wconf 87' lang='lat' dir='ltr'><strong>ad</strong></span> <span class='ocrx_word' id='word_1_287' title='bbox 1059 2587 1303 2626; x_wconf 89' lang='lat' dir='ltr'><strong>occasum</strong></span> <span class='ocrx_word' id='word_1_288' title='bbox 1333 2565 1703 2628; x_wconf 33' lang='lat' dir='ltr'><strong>tenebrosumI</strong></span> <span class='ocrx_word' id='word_1_289' title='bbox 1860 2647 1866 2654; x_wconf 32' lang='lat'>&#39;</span> 
     </span>
    </p>
   </div>
   <div class='ocr_carea' id='block_1_39' title="bbox 425 2676 1992 2749">
    <p class='ocr_par' dir='ltr' id='par_1_39' title="bbox 425 2676 1992 2749">
     <span class='ocr_line' id='line_1_40' title="bbox 425 2676 1992 2749; baseline 0.009 -18"><span class='ocrx_word' id='word_1_290' title='bbox 425 2676 741 2735; x_wconf 77' lang='lat' dir='ltr'><strong>Nescientes</strong></span> <span class='ocrx_word' id='word_1_291' title='bbox 769 2687 985 2749; x_wconf 90' lang='lat' dir='ltr'><strong>poetam</strong></span> <span class='ocrx_word' id='word_1_292' title='bbox 1018 2683 1427 2739; x_wconf 89' lang='lat' dir='ltr'><strong>accommodate</strong></span> <span class='ocrx_word' id='word_1_293' title='bbox 1470 2685 1538 2740; x_wconf 90' lang='lat' dir='ltr'><strong>ad</strong></span> <span class='ocrx_word' id='word_1_294' title='bbox 1571 2686 1790 2742; x_wconf 88' lang='lat' dir='ltr'><strong>illorum</strong></span> <span class='ocrx_word' id='word_1_295' title='bbox 1825 2690 1992 2745; x_wconf 91' lang='lat' dir='ltr'><strong>situm</strong></span> 
     </span>
    </p>
   </div>
   <div class='ocr_carea' id='block_1_40' title="bbox 423 2769 1992 2843">
    <p class='ocr_par' dir='ltr' id='par_1_40' title="bbox 423 2769 1992 2843">
     <span class='ocr_line' id='line_1_41' title="bbox 423 2769 1992 2843; baseline 0.008 -19"><span class='ocrx_word' id='word_1_296' title='bbox 423 2769 646 2826; x_wconf 85' lang='lat' dir='ltr'><strong>dextras</strong></span> <span class='ocrx_word' id='word_1_297' title='bbox 676 2771 981 2841; x_wconf 88' lang='lat' dir='ltr'><strong>appellasse</strong></span> <span class='ocrx_word' id='word_1_298' title='bbox 1018 2780 1199 2843; x_wconf 87' lang='lat' dir='ltr'><strong>partes</strong></span> <span class='ocrx_word' id='word_1_299' title='bbox 1248 2775 1579 2842; x_wconf 87' lang='lat' dir='ltr'><strong>orientales,</strong></span> <span class='ocrx_word' id='word_1_300' title='bbox 1627 2779 1992 2838; x_wconf 88' lang='lat' dir='ltr'><strong>occidentales</strong></span> 
     </span>
    </p>
   </div>
   <div class='ocr_carea' id='block_1_41' title="bbox 424 2861 1992 2939">
    <p class='ocr_par' dir='ltr' id='par_1_41' title="bbox 424 2861 1992 2939">
     <span class='ocr_line' id='line_1_42' title="bbox 424 2861 1992 2939; baseline 0.006 -23"><span class='ocrx_word' id='word_1_301' title='bbox 424 2861 702 2918; x_wconf 75' lang='lat' dir='ltr'><strong>sinistras.</strong></span> <span class='ocrx_word' id='word_1_302' title='bbox 731 2864 799 2917; x_wconf 90' lang='lat' dir='ltr'><strong>At</strong></span> <span class='ocrx_word' id='word_1_303' title='bbox 819 2863 874 2918; x_wconf 90' lang='lat' dir='ltr'><strong>in</strong></span> <span class='ocrx_word' id='word_1_304' title='bbox 907 2865 1096 2924; x_wconf 87' lang='lat' dir='ltr'><strong>mundi</strong></span> <span class='ocrx_word' id='word_1_305' title='bbox 1132 2867 1314 2937; x_wconf 88' lang='lat' dir='ltr'><strong>positu</strong></span> <span class='ocrx_word' id='word_1_306' title='bbox 1344 2867 1550 2924; x_wconf 67' lang='lat' dir='ltr'><strong>dextrae</strong></span> <span class='ocrx_word' id='word_1_307' title='bbox 1573 2877 1702 2926; x_wconf 91' lang='lat' dir='ltr'><strong>sunt</strong></span> <span class='ocrx_word' id='word_1_308' title='bbox 1728 2871 1904 2939; x_wconf 60' lang='lat' dir='ltr'><strong>Urse,</strong></span> <span class='ocrx_word' id='word_1_309' title='bbox 1937 2881 1992 2928; x_wconf 90' lang='lat' dir='ltr'><strong>et</strong></span> 
     </span>
    </p>
   </div>
   <div class='ocr_carea' id='block_1_42' title="bbox 418 2954 1992 3034">
    <p class='ocr_par' dir='ltr' id='par_1_42' title="bbox 418 2954 1992 3034">
     <span class='ocr_line' id='line_1_43' title="bbox 418 2954 1992 3034; baseline 0.007 -24"><span class='ocrx_word' id='word_1_310' title='bbox 418 2969 490 3010; x_wconf 86' lang='lat' dir='ltr'><strong>eo</strong></span> <span class='ocrx_word' id='word_1_311' title='bbox 515 2954 677 3011; x_wconf 90' lang='lat' dir='ltr'><strong>modo</strong></span> <span class='ocrx_word' id='word_1_312' title='bbox 706 2956 972 3027; x_wconf 82' lang='lat' dir='ltr'><strong>sphaeram</strong></span> <span class='ocrx_word' id='word_1_313' title='bbox 1022 2960 1362 3018; x_wconf 87' lang='lat' dir='ltr'><strong>constituere</strong></span> <span class='ocrx_word' id='word_1_314' title='bbox 1411 2961 1571 3019; x_wconf 87' lang='lat' dir='ltr'><strong>debet</strong></span> <span class='ocrx_word' id='word_1_315' title='bbox 1601 2964 1694 3034; x_wconf 91' lang='lat' dir='ltr'><strong>qui</strong></span> <span class='ocrx_word' id='word_1_316' title='bbox 1727 2964 1874 3022; x_wconf 90' lang='lat' dir='ltr'><strong>illius</strong></span> <span class='ocrx_word' id='word_1_317' title='bbox 1904 2981 1992 3021; x_wconf 86' lang='lat' dir='ltr'><strong>ra-</strong></span> 
     </span>
    </p>
   </div>
   <div class='ocr_carea' id='block_1_43' title="bbox 421 3046 1029 3106">
    <p class='ocr_par' dir='ltr' id='par_1_43' title="bbox 421 3046 1029 3106">
     <span class='ocr_line' id='line_1_44' title="bbox 421 3046 1029 3106; baseline 0.01 -6"><span class='ocrx_word' id='word_1_318' title='bbox 421 3046 629 3103; x_wconf 90' lang='lat' dir='ltr'><strong>tionem</strong></span> <span class='ocrx_word' id='word_1_319' title='bbox 659 3047 856 3105; x_wconf 90' lang='lat' dir='ltr'><strong>docere</strong></span> <span class='ocrx_word' id='word_1_320' title='bbox 884 3050 1029 3106; x_wconf 85' lang='lat' dir='ltr'><strong>velit.</strong></span> 
     </span>
    </p>
   </div>
   <div class='ocr_carea' id='block_1_44' title="bbox 1067 3141 1357 3202">
    <p class='ocr_par' dir='ltr' id='par_1_44' title="bbox 1067 3141 1357 3202">
     <span class='ocr_line' id='line_1_45' title="bbox 1067 3141 1357 3202; baseline 0.017 -6"><span class='ocrx_word' id='word_1_321' title='bbox 1067 3141 1146 3198; x_wconf 88' lang='lat' dir='ltr'><strong>De</strong></span> <span class='ocrx_word' id='word_1_322' title='bbox 1191 3153 1357 3202; x_wconf 87' lang='lat' dir='ltr'><strong>motu.</strong></span> 
     </span>
    </p>
   </div>
   <div class='ocr_carea' id='block_1_45' title="bbox 488 3231 1991 3310">
    <p class='ocr_par' dir='ltr' id='par_1_45' title="bbox 488 3231 1991 3310">
     <span class='ocr_line' id='line_1_46' title="bbox 488 3231 1991 3310; baseline 0.005 -23"><span class='ocrx_word' id='word_1_323' title='bbox 488 3231 579 3288; x_wconf 79' lang='grc'><strong>56.</strong></span> <span class='ocrx_word' id='word_1_324' title='bbox 611 3232 716 3300; x_wconf 85' lang='lat' dir='ltr'><strong>Qui</strong></span> <span class='ocrx_word' id='word_1_325' title='bbox 745 3233 1011 3304; x_wconf 65' lang='lat' dir='ltr'><strong>sphaeram</strong></span> <span class='ocrx_word' id='word_1_326' title='bbox 1041 3236 1297 3306; x_wconf 81' lang='lat' dir='ltr'><strong>explicat,</strong></span> <span class='ocrx_word' id='word_1_327' title='bbox 1325 3238 1381 3291; x_wconf 90' lang='lat' dir='ltr'><strong>in</strong></span> <span class='ocrx_word' id='word_1_328' title='bbox 1421 3239 1694 3293; x_wconf 87' lang='lat' dir='ltr'><strong>contraria</strong></span> <span class='ocrx_word' id='word_1_329' title='bbox 1709 3239 1991 3310; x_wconf 59' lang='lat' dir='ltr'><strong>sphaeram</strong></span> 
     </span>
    </p>
   </div>
   <div class='ocr_carea' id='block_1_46' title="bbox 421 3324 1994 3402">
    <p class='ocr_par' dir='ltr' id='par_1_46' title="bbox 421 3324 1994 3402">
     <span class='ocr_line' id='line_1_47' title="bbox 421 3324 1994 3402; baseline 0.005 -24"><span class='ocrx_word' id='word_1_330' title='bbox 421 3331 692 3395; x_wconf 86' lang='lat' dir='ltr'><strong>torqueat.</strong></span> <span class='ocrx_word' id='word_1_331' title='bbox 715 3324 850 3380; x_wconf 88' lang='lat' dir='ltr'><strong>Nam</strong></span> <span class='ocrx_word' id='word_1_332' title='bbox 877 3327 971 3398; x_wconf 92' lang='lat' dir='ltr'><strong>qui</strong></span> <span class='ocrx_word' id='word_1_333' title='bbox 1001 3336 1192 3382; x_wconf 86' lang='lat' dir='ltr'><strong>contra</strong></span> <span class='ocrx_word' id='word_1_334' title='bbox 1217 3329 1482 3399; x_wconf 63' lang='lat' dir='ltr'><strong>sphaeram</strong></span> <span class='ocrx_word' id='word_1_335' title='bbox 1529 3345 1725 3387; x_wconf 83' lang='lat' dir='ltr'><strong>versus</strong></span> <span class='ocrx_word' id='word_1_336' title='bbox 1749 3333 1994 3402; x_wconf 93' lang='lat' dir='ltr'><strong>seipsum</strong></span> 
     </span>
    </p>
   </div>
   <div class='ocr_carea' id='block_1_47' title="bbox 418 3415 1994 3487">
    <p class='ocr_par' dir='ltr' id='par_1_47' title="bbox 418 3415 1994 3487">
     <span class='ocr_line' id='line_1_48' title="bbox 418 3415 1994 3487; baseline 0.003 -15"><span class='ocrx_word' id='word_1_337' title='bbox 418 3415 529 3487; x_wconf 80' lang='lat'><strong>93</strong></span> <span class='ocrx_word' id='word_1_338' title='bbox 562 3416 758 3483; x_wconf 88' lang='lat' dir='ltr'><strong>ciebit;</strong></span> <span class='ocrx_word' id='word_1_339' title='bbox 799 3415 949 3473; x_wconf 65' lang='lat' dir='ltr'><strong>Ursa:</strong></span> <span class='ocrx_word' id='word_1_340' title='bbox 986 3416 1223 3477; x_wconf 68' lang='lat' dir='ltr'><strong>sinistra:</strong></span> <span class='ocrx_word' id='word_1_341' title='bbox 1251 3425 1411 3473; x_wconf 90' lang='lat' dir='ltr'><strong>erunt</strong></span> <span class='ocrx_word' id='word_1_342' title='bbox 1437 3418 1674 3474; x_wconf 90' lang='lat' dir='ltr'><strong>orienti:</strong></span> <span class='ocrx_word' id='word_1_343' title='bbox 1709 3427 1897 3476; x_wconf 89' lang='lat' dir='ltr'><strong>auster</strong></span> <span class='ocrx_word' id='word_1_344' title='bbox 1925 3421 1994 3476; x_wconf 91' lang='lat' dir='ltr'><strong>ad</strong></span> 
     </span>
    </p>
   </div>
   <div class='ocr_carea' id='block_1_48' title="bbox 420 3507 1994 3581">
    <p class='ocr_par' dir='ltr' id='par_1_48' title="bbox 420 3507 1994 3581">
     <span class='ocr_line' id='line_1_49' title="bbox 420 3507 1994 3581; baseline 0.005 -19"><span class='ocrx_word' id='word_1_345' title='bbox 420 3507 710 3564; x_wconf 80' lang='lat' dir='ltr'><strong>dextram:</strong></span> <span class='ocrx_word' id='word_1_346' title='bbox 747 3508 894 3580; x_wconf 91' lang='lat' dir='ltr'><strong>quod</strong></span> <span class='ocrx_word' id='word_1_347' title='bbox 942 3509 1059 3566; x_wconf 83' lang='lat' dir='ltr'><strong>ﬁeri</strong></span> <span class='ocrx_word' id='word_1_348' title='bbox 1113 3510 1325 3581; x_wconf 90' lang='lat' dir='ltr'><strong>nequit.</strong></span> <span class='ocrx_word' id='word_1_349' title='bbox 1375 3510 1533 3578; x_wconf 87' lang='lat' dir='ltr'><strong>Quod</strong></span> <span class='ocrx_word' id='word_1_350' title='bbox 1591 3523 1769 3569; x_wconf 89' lang='lat' dir='ltr'><strong>autem</strong></span> <span class='ocrx_word' id='word_1_351' title='bbox 1803 3513 1900 3580; x_wconf 88' lang='lat' dir='ltr'><strong>ita,</strong></span> <span class='ocrx_word' id='word_1_352' title='bbox 1933 3522 1994 3570; x_wconf 90' lang='lat' dir='ltr'><strong>ut</strong></span> 
     </span>
    </p>
   </div>
   <div class='ocr_carea' id='block_1_49' title="bbox 420 3599 1989 3678">
    <p class='ocr_par' dir='ltr' id='par_1_49' title="bbox 420 3599 1989 3678">
     <span class='ocr_line' id='line_1_50' title="bbox 420 3599 1989 3678; baseline 0.008 -24"><span class='ocrx_word' id='word_1_353' title='bbox 420 3599 692 3666; x_wconf 82' lang='lat' dir='ltr'><strong>diximus,</strong></span> <span class='ocrx_word' id='word_1_354' title='bbox 733 3603 1001 3658; x_wconf 88' lang='lat' dir='ltr'><strong>movenda</strong></span> <span class='ocrx_word' id='word_1_355' title='bbox 1031 3605 1244 3673; x_wconf 62' lang='lat' dir='ltr'><strong>sphaera</strong></span> <span class='ocrx_word' id='word_1_356' title='bbox 1275 3604 1369 3671; x_wconf 88' lang='lat' dir='ltr'><strong>sit,</strong></span> <span class='ocrx_word' id='word_1_357' title='bbox 1393 3603 1615 3662; x_wconf 90' lang='lat' dir='ltr'><strong>docebit</strong></span> <span class='ocrx_word' id='word_1_358' title='bbox 1637 3621 1738 3664; x_wconf 91' lang='lat' dir='ltr'><strong>nos</strong></span> <span class='ocrx_word' id='word_1_359' title='bbox 1762 3607 1989 3678; x_wconf 84' lang='lat' dir='ltr'><strong>Aratus,</strong></span> 
     </span>
    </p>
   </div>
   <div class='ocr_carea' id='block_1_50' title="bbox 419 3692 1253 3766">
    <p class='ocr_par' dir='ltr' id='par_1_50' title="bbox 419 3692 1253 3766">
     <span class='ocr_line' id='line_1_51' title="bbox 419 3692 1253 3766; baseline 0.007 -21"><span class='ocrx_word' id='word_1_360' title='bbox 419 3693 514 3764; x_wconf 90' lang='lat' dir='ltr'><strong>qui</strong></span> <span class='ocrx_word' id='word_1_361' title='bbox 547 3692 614 3750; x_wconf 87' lang='lat' dir='ltr'><strong>de</strong></span> <span class='ocrx_word' id='word_1_362' title='bbox 642 3693 796 3750; x_wconf 87' lang='lat' dir='ltr'><strong>Ursis</strong></span> <span class='ocrx_word' id='word_1_363' title='bbox 817 3694 952 3750; x_wconf 87' lang='lat' dir='ltr'><strong>alias</strong></span> <span class='ocrx_word' id='word_1_364' title='bbox 986 3695 1253 3766; x_wconf 88' lang='lat' dir='ltr'><strong>loquens:</strong></span> 
     </span>
    </p>
   </div>
   <div class='ocr_carea' id='block_1_51' title="bbox 564 3869 1668 3946">
    <p class='ocr_par' dir='ltr' id='par_1_51' title="bbox 564 3869 1668 3946">
     <span class='ocr_line' id='line_1_52' title="bbox 564 3869 1668 3946; baseline 0.011 -24"><span class='ocrx_word' id='word_1_365' title='bbox 564 3869 852 3946; x_wconf 47' lang='lat' dir='ltr'><strong>....Semper</strong></span> <span class='ocrx_word' id='word_1_366' title='bbox 871 3888 991 3946; x_wconf 79' lang='lat' dir='ltr'><strong>vero</strong></span> <span class='ocrx_word' id='word_1_367' title='bbox 1022 3874 1077 3946; x_wconf 80' lang='lat' dir='ltr'><strong>in</strong></span> <span class='ocrx_word' id='word_1_368' title='bbox 1103 3873 1377 3930; x_wconf 80' lang='lat' dir='ltr'><strong>humerum</strong></span> <span class='ocrx_word' id='word_1_369' title='bbox 1407 3876 1668 3946; x_wconf 83' lang='lat' dir='ltr'><strong>feruntur,</strong></span> 
     </span>
    </p>
   </div>
   <div class='ocr_carea' id='block_1_52' title="bbox 562 3939 1563 4008">
    <p class='ocr_par' dir='ltr' id='par_1_52' title="bbox 562 3939 1563 4008">
     <span class='ocr_line' id='line_1_53' title="bbox 562 3939 1563 4008; baseline 0.01 -15"><span class='ocrx_word' id='word_1_370' title='bbox 562 3939 894 4008; x_wconf 76' lang='lat' dir='ltr'><strong>Prwpostere</strong></span> <span class='ocrx_word' id='word_1_371' title='bbox 925 3944 978 3997; x_wconf 84' lang='lat' dir='ltr'><strong>in</strong></span> <span class='ocrx_word' id='word_1_372' title='bbox 1015 3943 1258 4000; x_wconf 83' lang='lat' dir='ltr'><strong>humeros</strong></span> <span class='ocrx_word' id='word_1_373' title='bbox 1283 3939 1563 4004; x_wconf 62' lang='lat' dir='ltr'><strong>conversas.</strong></span> 
     </span>
    </p>
   </div>
   <div class='ocr_carea' id='block_1_53' title="bbox 421 4029 1036 4102">
    <p class='ocr_par' dir='ltr' id='par_1_53' title="bbox 421 4029 1036 4102">
     <span class='ocr_line' id='line_1_54' title="bbox 421 4029 1036 4102; baseline 0.011 -20"><span class='ocrx_word' id='word_1_374' title='bbox 421 4029 572 4086; x_wconf 87' lang='lat' dir='ltr'><strong>Alias</strong></span> <span class='ocrx_word' id='word_1_375' title='bbox 603 4030 669 4086; x_wconf 91' lang='lat' dir='ltr'><strong>de</strong></span> <span class='ocrx_word' id='word_1_376' title='bbox 705 4029 986 4102; x_wconf 87' lang='lat' dir='ltr'><strong>Ophiucho</strong></span> <span class='ocrx_word' id='word_1_377' title='bbox 1023 4052 1036 4089; x_wconf 92' lang='lat'><strong>:</strong></span> 
     </span>
    </p>
   </div>
   <div class='ocr_carea' id='block_1_54' title="bbox 427 4121 1758 4199">
    <p class='ocr_par' dir='ltr' id='par_1_54' title="bbox 427 4121 1758 4199">
     <span class='ocr_line' id='line_1_55' title="bbox 427 4121 1758 4199; baseline 0.009 -25"><span class='ocrx_word' id='word_1_378' title='bbox 427 4121 492 4199; x_wconf 55' lang='lat' dir='ltr'><strong>in</strong></span> <span class='ocrx_word' id='word_1_379' title='bbox 513 4123 756 4177; x_wconf 85' lang='lat' dir='ltr'><strong>humeros</strong></span> <span class='ocrx_word' id='word_1_380' title='bbox 787 4122 1402 4199; x_wconf 72' lang='lat' dir='ltr'><strong>demittita&#39;rumnosum</strong></span> <span class='ocrx_word' id='word_1_381' title='bbox 1431 4128 1758 4199; x_wconf 85' lang='lat' dir='ltr'><strong>Ophiuchum</strong></span> 
     </span>
    </p>
   </div>
   <div class='ocr_carea' id='block_1_55' title="bbox 419 4191 1987 4346">
    <p class='ocr_par' dir='ltr' id='par_1_55' title="bbox 419 4191 1987 4346">
     <span class='ocr_line' id='line_1_56' title="bbox 419 4191 1987 4346; baseline 0.008 -99"><span class='ocrx_word' id='word_1_382' title='bbox 419 4191 625 4248; x_wconf 83' lang='lat' dir='ltr'><strong>Cancer</strong></span> <span class='ocrx_word' id='word_1_383' title='bbox 649 4210 675 4247; x_wconf 90' lang='lat' dir='ltr'><strong>e</strong></span> <span class='ocrx_word' id='word_1_384' title='bbox 711 4193 969 4263; x_wconf 85' lang='lat' dir='ltr'><strong>genibus:</strong></span> <span class='ocrx_word' id='word_1_385' title='bbox 1002 4194 1234 4252; x_wconf 84' lang='lat' dir='ltr'><strong>demittit</strong></span> <span class='ocrx_word' id='word_1_386' title='bbox 1277 4215 1396 4254; x_wconf 81' lang='lat' dir='ltr'><strong>vero</strong></span> <span class='ocrx_word' id='word_1_387' title='bbox 1438 4191 1740 4346; x_wconf 52' lang='lat' dir='ltr'><strong>S&#39;erpenlerft</strong></span> <span class='ocrx_word' id='word_1_388' title='bbox 1774 4206 1987 4287; x_wconf 79' lang='lat' dir='ltr'><strong>propius</strong></span> 
     </span>
     <span class='ocr_line' id='line_1_57' title="bbox 1717 4291 1980 4332; baseline 0.015 -4"><span class='ocrx_word' id='word_1_389' title='bbox 1717 4291 1980 4332; x_wconf 72' lang='lat' dir='ltr'><strong>cervicem.</strong></span> 
     </span>
    </p>
   </div>
   <div class='ocr_carea' id='block_1_56' title="bbox 1717 4291 1980 4332">
    <p class='ocr_par' dir='ltr' id='par_1_56' title="bbox 1717 4291 1980 4332">
     <span class='ocr_line' id='line_1_58' title="bbox 1717 4291 1980 4332; baseline 0.015 -4"><span class='ocrx_word' id='word_1_390' title='bbox 1717 4291 1980 4332; x_wconf 71' lang='lat' dir='ltr'><strong>cervicem.</strong></span> 
     </span>
    </p>
   </div>
   <div class='ocr_carea' id='block_1_57' title="bbox 418 4352 600 4409">
    <p class='ocr_par' dir='ltr' id='par_1_57' title="bbox 418 4352 600 4409">
     <span class='ocr_line' id='line_1_59' title="bbox 418 4352 600 4409; baseline 0.016 -3"><span class='ocrx_word' id='word_1_391' title='bbox 418 4352 550 4409; x_wconf 85' lang='lat' dir='ltr'><strong>Item</strong></span> <span class='ocrx_word' id='word_1_392' title='bbox 585 4372 600 4409; x_wconf 92' lang='lat'><strong>:</strong></span> 
     </span>
    </p>
   </div>
   <div class='ocr_carea' id='block_1_58' title="bbox 417 4442 1519 4519">
    <p class='ocr_par' dir='ltr' id='par_1_58' title="bbox 417 4442 1519 4519">
     <span class='ocr_line' id='line_1_60' title="bbox 417 4442 1519 4519; baseline 0.006 -21"><span class='ocrx_word' id='word_1_393' title='bbox 417 4444 608 4519; x_wconf 66' lang='lat' dir='ltr'><strong>Oritur</strong></span> <span class='ocrx_word' id='word_1_394' title='bbox 634 4442 835 4514; x_wconf 71' lang='lat' dir='ltr'><strong>Hydra:</strong></span> <span class='ocrx_word' id='word_1_395' title='bbox 866 4453 1045 4519; x_wconf 79' lang='lat' dir='ltr'><strong>caput,</strong></span> <span class='ocrx_word' id='word_1_396' title='bbox 1071 4453 1122 4499; x_wconf 90' lang='lat' dir='ltr'><strong>et</strong></span> <span class='ocrx_word' id='word_1_397' title='bbox 1148 4448 1336 4501; x_wconf 63' lang='lat' dir='ltr'><strong>caesius</strong></span> <span class='ocrx_word' id='word_1_398' title='bbox 1348 4447 1519 4519; x_wconf 89' lang='lat' dir='ltr'><strong>Lepus</strong></span> 
     </span>
    </p>
   </div>
   <div class='ocr_carea' id='block_1_59' title="bbox 417 4515 1878 4588">
    <p class='ocr_par' dir='ltr' id='par_1_59' title="bbox 417 4515 1878 4588">
     <span class='ocr_line' id='line_1_61' title="bbox 417 4515 1878 4588; baseline 0.008 -18"><span class='ocrx_word' id='word_1_399' title='bbox 417 4517 495 4570; x_wconf 83' lang='lat' dir='ltr'><strong>Ac</strong></span> <span class='ocrx_word' id='word_1_400' title='bbox 523 4515 768 4586; x_wconf 80' lang='lat' dir='ltr'><strong>Procyon</strong></span> <span class='ocrx_word' id='word_1_401' title='bbox 795 4531 815 4570; x_wconf 91' lang='lat'><strong>:</strong></span> <span class='ocrx_word' id='word_1_402' title='bbox 842 4517 1232 4588; x_wconf 86' lang='lat' dir='ltr'><strong>anterioresquc</strong></span> <span class='ocrx_word' id='word_1_403' title='bbox 1263 4515 1432 4575; x_wconf 71' lang='lat' dir='ltr'><strong>Canis</strong></span> <span class='ocrx_word' id='word_1_404' title='bbox 1449 4520 1600 4588; x_wconf 83' lang='lat' dir='ltr'><strong>pedes</strong></span> <span class='ocrx_word' id='word_1_405' title='bbox 1625 4523 1878 4581; x_wconf 84' lang='lat' dir='ltr'><strong>ardentis.</strong></span> 
     </span>
    </p>
   </div>
   <div class='ocr_carea' id='block_1_60' title="bbox 417 4671 631 4729">
    <p class='ocr_par' dir='ltr' id='par_1_60' title="bbox 417 4671 631 4729">
     <span class='ocr_line' id='line_1_62' title="bbox 417 4671 631 4729; baseline 0.009 -3"><span class='ocrx_word' id='word_1_406' title='bbox 417 4671 631 4729; x_wconf 78' lang='lat' dir='ltr'><strong>Rursus</strong></span> 
     </span>
    </p>
   </div>
   <div class='ocr_carea' id='block_1_61' title="bbox 415 4761 1841 4834">
    <p class='ocr_par' dir='ltr' id='par_1_61' title="bbox 415 4761 1841 4834">
     <span class='ocr_line' id='line_1_63' title="bbox 415 4761 1841 4834; baseline 0.007 -15"><span class='ocrx_word' id='word_1_407' title='bbox 415 4763 712 4819; x_wconf 87' lang='lat' dir='ltr'><strong>Dimidium</strong></span> <span class='ocrx_word' id='word_1_408' title='bbox 739 4761 984 4829; x_wconf 69' lang='lat' dir='ltr'><strong>Coronae,</strong></span> <span class='ocrx_word' id='word_1_409' title='bbox 1006 4773 1056 4820; x_wconf 88' lang='lat' dir='ltr'><strong>et</strong></span> <span class='ocrx_word' id='word_1_410' title='bbox 1075 4767 1246 4834; x_wconf 87' lang='lat' dir='ltr'><strong>ipsam</strong></span> <span class='ocrx_word' id='word_1_411' title='bbox 1275 4776 1593 4834; x_wconf 79' lang='lat' dir='ltr'><strong>postremam</strong></span> <span class='ocrx_word' id='word_1_412' title='bbox 1616 4773 1841 4829; x_wconf 86' lang='lat' dir='ltr'><strong>caudam</strong></span> 
     </span>
    </p>
   </div>
   <div class='ocr_carea' id='block_1_62' title="bbox 413 4835 1660 4904">
    <p class='ocr_par' dir='ltr' id='par_1_62' title="bbox 413 4835 1660 4904">
     <span class='ocr_line' id='line_1_64' title="bbox 413 4835 1660 4904; baseline 0.009 -17"><span class='ocrx_word' id='word_1_413' title='bbox 413 4835 676 4889; x_wconf 83' lang='lat' dir='ltr'><strong>Centauri</strong></span> <span class='ocrx_word' id='word_1_414' title='bbox 698 4835 874 4904; x_wconf 81' lang='lat' dir='ltr'><strong>ferunt</strong></span> <span class='ocrx_word' id='word_1_415' title='bbox 894 4835 1233 4892; x_wconf 86' lang='lat' dir='ltr'><strong>ascendentes</strong></span> <span class='ocrx_word' id='word_1_416' title='bbox 1265 4838 1441 4893; x_wconf 84' lang='lat' dir='ltr'><strong>adhuc</strong></span> <span class='ocrx_word' id='word_1_417' title='bbox 1465 4838 1660 4898; x_wconf 72' lang='lat' dir='ltr'><strong>Chelw.</strong></span> 
     </span>
    </p>
   </div>
   <div class='ocr_carea' id='block_1_63' title="bbox 411 4923 854 4981">
    <p class='ocr_par' dir='ltr' id='par_1_63' title="bbox 411 4923 854 4981">
     <span class='ocr_line' id='line_1_65' title="bbox 411 4923 854 4981; baseline -0.002 -2"><span class='ocrx_word' id='word_1_418' title='bbox 411 4924 487 4980; x_wconf 85' lang='lat' dir='ltr'><strong>De</strong></span> <span class='ocrx_word' id='word_1_419' title='bbox 513 4923 648 4980; x_wconf 92' lang='lat' dir='ltr'><strong>Ceto</strong></span> <span class='ocrx_word' id='word_1_420' title='bbox 676 4940 808 4981; x_wconf 88' lang='lat' dir='ltr'><strong>vero</strong></span> <span class='ocrx_word' id='word_1_421' title='bbox 839 4941 854 4978; x_wconf 89' lang='lat'><strong>:</strong></span> 
     </span>
    </p>
   </div>
   <div class='ocr_carea' id='block_1_64' title="bbox 414 5015 1665 5089">
    <p class='ocr_par' dir='ltr' id='par_1_64' title="bbox 414 5015 1665 5089">
     <span class='ocr_line' id='line_1_66' title="bbox 414 5015 1665 5089; baseline 0.01 -19"><span class='ocrx_word' id='word_1_422' title='bbox 414 5019 490 5070; x_wconf 84' lang='lat' dir='ltr'><strong>Ac</strong></span> <span class='ocrx_word' id='word_1_423' title='bbox 519 5015 656 5088; x_wconf 87' lang='lat' dir='ltr'><strong>quod</strong></span> <span class='ocrx_word' id='word_1_424' title='bbox 689 5017 758 5071; x_wconf 92' lang='lat' dir='ltr'><strong>ad</strong></span> <span class='ocrx_word' id='word_1_425' title='bbox 787 5019 1034 5074; x_wconf 86' lang='lat' dir='ltr'><strong>cervicem</strong></span> <span class='ocrx_word' id='word_1_426' title='bbox 1060 5037 1222 5089; x_wconf 85' lang='lat' dir='ltr'><strong>usque</strong></span> <span class='ocrx_word' id='word_1_427' title='bbox 1247 5039 1551 5081; x_wconf 83' lang='lat' dir='ltr'><strong>conversum</strong></span> <span class='ocrx_word' id='word_1_428' title='bbox 1586 5039 1665 5084; x_wconf 90' lang='lat' dir='ltr'><strong>est</strong></span> 
     </span>
    </p>
   </div>
   <div class='ocr_carea' id='block_1_65' title="bbox 414 5153 1972 5234">
    <p class='ocr_par' dir='ltr' id='par_1_65' title="bbox 414 5153 1972 5234">
     <span class='ocr_line' id='line_1_67' title="bbox 414 5153 1972 5234; baseline 0.013 -24"><span class='ocrx_word' id='word_1_429' title='bbox 414 5153 657 5220; x_wconf 87' lang='lat' dir='ltr'><strong>Occidit;</strong></span> <span class='ocrx_word' id='word_1_430' title='bbox 690 5171 848 5224; x_wconf 86' lang='lat' dir='ltr'><strong>porro</strong></span> <span class='ocrx_word' id='word_1_431' title='bbox 882 5155 1114 5226; x_wconf 84' lang='lat' dir='ltr'><strong>Cepheus</strong></span> <span class='ocrx_word' id='word_1_432' title='bbox 1149 5161 1339 5230; x_wconf 87' lang='lat' dir='ltr'><strong>capite,</strong></span> <span class='ocrx_word' id='word_1_433' title='bbox 1365 5171 1414 5217; x_wconf 90' lang='lat' dir='ltr'><strong>et</strong></span> <span class='ocrx_word' id='word_1_434' title='bbox 1449 5183 1630 5234; x_wconf 86' lang='lat' dir='ltr'><strong>manu,</strong></span> <span class='ocrx_word' id='word_1_435' title='bbox 1664 5177 1713 5223; x_wconf 87' lang='lat' dir='ltr'><strong>et</strong></span> <span class='ocrx_word' id='word_1_436' title='bbox 1740 5169 1972 5231; x_wconf 89' lang='lat' dir='ltr'><strong>humero.</strong></span> 
     </span>
    </p>
   </div>
   <div class='ocr_carea' id='block_1_66' title="bbox 410 5310 593 5367">
    <p class='ocr_par' dir='ltr' id='par_1_66' title="bbox 410 5310 593 5367">
     <span class='ocr_line' id='line_1_68' title="bbox 410 5310 593 5367; baseline 0.022 -4"><span class='ocrx_word' id='word_1_437' title='bbox 410 5310 546 5365; x_wconf 83' lang='lat' dir='ltr'><strong>Item</strong></span> <span class='ocrx_word' id='word_1_438' title='bbox 579 5330 593 5367; x_wconf 90' lang='lat'><strong>:</strong></span> 
     </span>
    </p>
   </div>
   <div class='ocr_carea' id='block_1_67' title="bbox 413 5399 1715 5476">
    <p class='ocr_par' dir='ltr' id='par_1_67' title="bbox 413 5399 1715 5476">
     <span class='ocr_line' id='line_1_69' title="bbox 413 5399 1715 5476; baseline 0.016 -22"><span class='ocrx_word' id='word_1_439' title='bbox 413 5399 593 5476; x_wconf 57' lang='lat' dir='ltr'><strong>Equus</strong></span> <span class='ocrx_word' id='word_1_440' title='bbox 611 5415 785 5460; x_wconf 87' lang='lat' dir='ltr'><strong>autem</strong></span> <span class='ocrx_word' id='word_1_441' title='bbox 814 5423 1047 5476; x_wconf 55' lang='lat' dir='ltr'><strong>aquario</strong></span> <span class='ocrx_word' id='word_1_442' title='bbox 1069 5410 1399 5466; x_wconf 89' lang='lat' dir='ltr'><strong>commodum</strong></span> <span class='ocrx_word' id='word_1_443' title='bbox 1424 5416 1621 5474; x_wconf 79' lang='lat' dir='ltr'><strong>oriente</strong></span> <span class='ocrx_word' id='word_1_444' title='bbox 1708 5401 1715 5407; x_wconf 31' lang='lat' dir='ltr'><strong>I</strong></span> 
     </span>
    </p>
   </div>
   <div class='ocr_carea' id='block_1_68' title="bbox 2104 1926 3665 2001">
    <p class='ocr_par' dir='ltr' id='par_1_68' title="bbox 2104 1926 3665 2001">
     <span class='ocr_line' id='line_1_70' title="bbox 2104 1926 3665 2001; baseline 0.002 -21"><span class='ocrx_word' id='word_1_445' title='bbox 2104 1928 2267 1998; x_wconf 79' lang='grc' dir='ltr'>στερᾷ</span> <span class='ocrx_word' id='word_1_446' title='bbox 2289 1926 2378 1979; x_wconf 82' lang='grc' dir='ltr'>τὸν</span> <span class='ocrx_word' id='word_1_447' title='bbox 2405 1927 2595 1982; x_wconf 86' lang='grc' dir='ltr'>νότιον.</span> <span class='ocrx_word' id='word_1_448' title='bbox 2634 1927 2850 2001; x_wconf 81' lang='grc' dir='ltr'>Ἐπειδὴ</span> <span class='ocrx_word' id='word_1_449' title='bbox 2883 1930 2937 1980; x_wconf 92' lang='grc' dir='ltr'><strong>αί</strong></span> <span class='ocrx_word' id='word_1_450' title='bbox 2970 1929 3160 2000; x_wconf 80' lang='grc' dir='ltr'>ἄρκτοι</span> <span class='ocrx_word' id='word_1_451' title='bbox 3190 1930 3282 1982; x_wconf 73' lang='grc' dir='ltr'><strong>ἐπὶ</strong></span> <span class='ocrx_word' id='word_1_452' title='bbox 3303 1929 3574 1983; x_wconf 84' lang='grc' dir='ltr'>ἀνατολῶν</span> <span class='ocrx_word' id='word_1_453' title='bbox 3606 1933 3665 1983; x_wconf 94' lang='grc' dir='ltr'>ἐν</span> 
     </span>
    </p>
   </div>
   <div class='ocr_carea' id='block_1_69' title="bbox 2099 2018 3671 2092">
    <p class='ocr_par' dir='ltr' id='par_1_69' title="bbox 2099 2018 3671 2092">
     <span class='ocr_line' id='line_1_71' title="bbox 2099 2018 3671 2092; baseline 0.001 -19"><span class='ocrx_word' id='word_1_454' title='bbox 2099 2018 2248 2089; x_wconf 80' lang='grc' dir='ltr'>δεξιᾷ</span> <span class='ocrx_word' id='word_1_455' title='bbox 2269 2021 2472 2072; x_wconf 86' lang='grc' dir='ltr'>κεῖνται</span> <span class='ocrx_word' id='word_1_456' title='bbox 2497 2034 2513 2048; x_wconf 83' lang='grc'>⁶</span> <span class='ocrx_word' id='word_1_457' title='bbox 2549 2020 2609 2072; x_wconf 85' lang='grc' dir='ltr'><strong>ὲν</strong></span> <span class='ocrx_word' id='word_1_458' title='bbox 2647 2020 2910 2092; x_wconf 84' lang='grc' dir='ltr'>ἀριστερᾷ</span> <span class='ocrx_word' id='word_1_459' title='bbox 2940 2020 2996 2073; x_wconf 84' lang='grc' dir='ltr'>δὲ</span> <span class='ocrx_word' id='word_1_460' title='bbox 3029 2023 3056 2073; x_wconf 94' lang='lat'><strong>6</strong></span> <span class='ocrx_word' id='word_1_461' title='bbox 3085 2021 3255 2084; x_wconf 86' lang='grc' dir='ltr'>νότος.</span> <span class='ocrx_word' id='word_1_462' title='bbox 3289 2023 3443 2085; x_wconf 83' lang='grc' dir='ltr'>Τινὲς</span> <span class='ocrx_word' id='word_1_463' title='bbox 3475 2021 3530 2075; x_wconf 85' lang='grc' dir='ltr'>δὲ</span> <span class='ocrx_word' id='word_1_464' title='bbox 3561 2023 3671 2076; x_wconf 92' lang='grc' dir='ltr'><strong>τῶν</strong></span> 
     </span>
    </p>
   </div>
   <div class='ocr_carea' id='block_1_70' title="bbox 2098 2106 3675 2183">
    <p class='ocr_par' dir='ltr' id='par_1_70' title="bbox 2098 2106 3675 2183">
     <span class='ocr_line' id='line_1_72' title="bbox 2098 2106 3675 2183; baseline 0.003 -24"><span class='ocrx_word' id='word_1_465' title='bbox 2098 2106 2475 2178; x_wconf 78' lang='grc' dir='ltr'><strong>ἐξηγουμένων</strong></span> <span class='ocrx_word' id='word_1_466' title='bbox 2498 2107 2774 2178; x_wconf 83' lang='grc' dir='ltr'>βούλονται</span> <span class='ocrx_word' id='word_1_467' title='bbox 2799 2109 3104 2180; x_wconf 75' lang='grc' dir='ltr'>ἔμπροσθεν</span> <span class='ocrx_word' id='word_1_468' title='bbox 3132 2110 3229 2181; x_wconf 80' lang='grc' dir='ltr'><strong>μὲν</strong></span> <span class='ocrx_word' id='word_1_469' title='bbox 3258 2110 3356 2172; x_wconf 75' lang='grc' dir='ltr'><strong>τὰς</strong></span> <span class='ocrx_word' id='word_1_470' title='bbox 3385 2112 3675 2183; x_wconf 78' lang='grc' dir='ltr'>Ἀρκτους,</span> 
     </span>
    </p>
   </div>
   <div class='ocr_carea' id='block_1_71' title="bbox 2096 2199 3677 2277">
    <p class='ocr_par' dir='ltr' id='par_1_71' title="bbox 2096 2199 3677 2277">
     <span class='ocr_line' id='line_1_73' title="bbox 2096 2199 3677 2277; baseline 0.003 -26"><span class='ocrx_word' id='word_1_471' title='bbox 2096 2199 2271 2252; x_wconf 84' lang='grc' dir='ltr'>ὀπίσω</span> <span class='ocrx_word' id='word_1_472' title='bbox 2294 2199 2351 2252; x_wconf 85' lang='grc' dir='ltr'>δὲ</span> <span class='ocrx_word' id='word_1_473' title='bbox 2380 2200 2470 2253; x_wconf 88' lang='grc' dir='ltr'>τὸν</span> <span class='ocrx_word' id='word_1_474' title='bbox 2504 2201 2675 2266; x_wconf 81' lang='grc' dir='ltr'>νότον,</span> <span class='ocrx_word' id='word_1_475' title='bbox 2703 2200 2853 2267; x_wconf 85' lang='grc' dir='ltr'>δεξιὰ</span> <span class='ocrx_word' id='word_1_476' title='bbox 2889 2201 2945 2255; x_wconf 90' lang='grc' dir='ltr'><strong>δέ</strong></span> <span class='ocrx_word' id='word_1_477' title='bbox 2973 2201 3072 2265; x_wconf 83' lang='grc' dir='ltr'><strong>τὰς</strong></span> <span class='ocrx_word' id='word_1_478' title='bbox 3094 2201 3386 2266; x_wconf 83' lang='grc' dir='ltr'>ἀνατολὰς,</span> <span class='ocrx_word' id='word_1_479' title='bbox 3411 2203 3677 2277; x_wconf 80' lang='grc' dir='ltr'>ἀριστερὰ</span> 
     </span>
    </p>
   </div>
   <div class='ocr_carea' id='block_1_72' title="bbox 2096 2290 3676 2368">
    <p class='ocr_par' dir='ltr' id='par_1_72' title="bbox 2096 2290 3676 2368">
     <span class='ocr_line' id='line_1_74' title="bbox 2096 2290 3676 2368; baseline 0.003 -25"><span class='ocrx_word' id='word_1_480' title='bbox 2096 2290 2153 2344; x_wconf 81' lang='grc' dir='ltr'>δὲ</span> <span class='ocrx_word' id='word_1_481' title='bbox 2182 2291 2282 2362; x_wconf 80' lang='grc' dir='ltr'>τὴν</span> <span class='ocrx_word' id='word_1_482' title='bbox 2310 2291 2460 2344; x_wconf 92' lang='grc' dir='ltr'>δύσιν</span> <span class='ocrx_word' id='word_1_483' title='bbox 2487 2292 2662 2362; x_wconf 73' lang='grc' dir='ltr'>ἔχειν’</span> <span class='ocrx_word' id='word_1_484' title='bbox 2697 2291 2828 2357; x_wconf 84' lang='grc' dir='ltr'>ἴσως</span> <span class='ocrx_word' id='word_1_485' title='bbox 2869 2293 2977 2347; x_wconf 77' lang='grc' dir='ltr'><strong>ἀπὸ</strong></span> <span class='ocrx_word' id='word_1_486' title='bbox 3016 2295 3124 2347; x_wconf 88' lang='grc' dir='ltr'><strong>τῶν</strong></span> <span class='ocrx_word' id='word_1_487' title='bbox 3171 2291 3482 2368; x_wconf 82' lang='grc' dir='ltr'>Ὁμηρικῶν</span> <span class='ocrx_word' id='word_1_488' title='bbox 3527 2294 3676 2347; x_wconf 88' lang='grc' dir='ltr'>ἐπῶν</span> 
     </span>
    </p>
   </div>
   <div class='ocr_carea' id='block_1_73' title="bbox 2096 2381 2438 2452">
    <p class='ocr_par' dir='ltr' id='par_1_73' title="bbox 2096 2381 2438 2452">
     <span class='ocr_line' id='line_1_75' title="bbox 2096 2381 2438 2452; baseline 0.003 -16"><span class='ocrx_word' id='word_1_489' title='bbox 2096 2381 2410 2452; x_wconf 81' lang='grc' dir='ltr'>κινηθέντες</span> <span class='ocrx_word' id='word_1_490' title='bbox 2424 2401 2438 2415; x_wconf 75' lang='grc' dir='ltr'><strong>ο</strong></span> 
     </span>
    </p>
   </div>
   <div class='ocr_carea' id='block_1_74' title="bbox 2097 2497 3471 2569">
    <p class='ocr_par' dir='ltr' id='par_1_74' title="bbox 2097 2497 3471 2569">
     <span class='ocr_line' id='line_1_76' title="bbox 2097 2497 3471 2569; baseline 0.023 -41"><span class='ocrx_word' id='word_1_491' title='bbox 2097 2497 2160 2569; x_wconf 7' lang='grc' dir='ltr'><strong>ιι,</strong></span> <span class='ocrx_word' id='word_1_492' title='bbox 2174 2499 2296 2552; x_wconf 71' lang='grc' dir='ltr'><strong>Εἶτ’</strong></span> <span class='ocrx_word' id='word_1_493' title='bbox 2325 2498 2424 2552; x_wconf 73' lang='grc' dir='ltr'><strong>ἐπὶ</strong></span> <span class='ocrx_word' id='word_1_494' title='bbox 2451 2498 2597 2563; x_wconf 80' lang='grc' dir='ltr'>δεξί’</span> <span class='ocrx_word' id='word_1_495' title='bbox 2623 2499 2756 2569; x_wconf 78' lang='grc' dir='ltr'>Ζωσι</span> <span class='ocrx_word' id='word_1_496' title='bbox 2790 2499 2939 2569; x_wconf 81' lang='grc' dir='ltr'>πρὸς</span> <span class='ocrx_word' id='word_1_497' title='bbox 2963 2499 3050 2567; x_wconf 78' lang='grc' dir='ltr'><strong>ἠώ</strong></span> <span class='ocrx_word' id='word_1_498' title='bbox 3076 2499 3124 2552; x_wconf 85' lang='grc' dir='ltr'>τ’</span> <span class='ocrx_word' id='word_1_499' title='bbox 3155 2499 3368 2568; x_wconf 78' lang='grc' dir='ltr'>ἠέλιόν</span> <span class='ocrx_word' id='word_1_500' title='bbox 3387 2516 3471 2560; x_wconf 74' lang='grc' dir='ltr'>τε.</span> 
     </span>
    </p>
   </div>
   <div class='ocr_carea' id='block_1_75' title="bbox 2089 2568 3545 2640">
    <p class='ocr_par' dir='ltr' id='par_1_75' title="bbox 2089 2568 3545 2640">
     <span class='ocr_line' id='line_1_77' title="bbox 2089 2568 3545 2640; baseline 0.003 -21"><span class='ocrx_word' id='word_1_501' title='bbox 2089 2568 2212 2621; x_wconf 76' lang='grc' dir='ltr'><strong>Εἶτ’</strong></span> <span class='ocrx_word' id='word_1_502' title='bbox 2245 2569 2337 2622; x_wconf 82' lang='grc' dir='ltr'><strong>ἐπ’</strong></span> <span class='ocrx_word' id='word_1_503' title='bbox 2367 2568 2651 2640; x_wconf 83' lang='grc' dir='ltr'>ἀριστερὰ</span> <span class='ocrx_word' id='word_1_504' title='bbox 2676 2568 2840 2640; x_wconf 82' lang='grc' dir='ltr'>τοίγε</span> <span class='ocrx_word' id='word_1_505' title='bbox 2859 2570 2994 2624; x_wconf 80' lang='grc' dir='ltr'>ποτὶ</span> <span class='ocrx_word' id='word_1_506' title='bbox 3023 2569 3200 2640; x_wconf 68' lang='grc' dir='ltr'>ζόφον</span> <span class='ocrx_word' id='word_1_507' title='bbox 3226 2572 3545 2639; x_wconf 81' lang='grc' dir='ltr'>ἠερόεντα·</span> 
     </span>
    </p>
   </div>
   <div class='ocr_carea' id='block_1_76' title="bbox 2093 2684 3677 2758">
    <p class='ocr_par' dir='ltr' id='par_1_76' title="bbox 2093 2684 3677 2758">
     <span class='ocr_line' id='line_1_78' title="bbox 2093 2684 3677 2758; baseline 0.001 -21"><span class='ocrx_word' id='word_1_508' title='bbox 2093 2685 2192 2738; x_wconf 83' lang='grc' dir='ltr'><strong>οὐκ</strong></span> <span class='ocrx_word' id='word_1_509' title='bbox 2254 2684 2473 2749; x_wconf 72' lang='grc' dir='ltr'>εἰδότες,</span> <span class='ocrx_word' id='word_1_510' title='bbox 2507 2686 2584 2749; x_wconf 88' lang='grc' dir='ltr'>ὡς</span> <span class='ocrx_word' id='word_1_511' title='bbox 2641 2687 2669 2738; x_wconf 92' lang='lat'><strong>6</strong></span> <span class='ocrx_word' id='word_1_512' title='bbox 2713 2685 2942 2758; x_wconf 80' lang='grc' dir='ltr'>ποιητὴς</span> <span class='ocrx_word' id='word_1_513' title='bbox 2987 2684 3123 2758; x_wconf 78' lang='grc' dir='ltr'>πρὸς</span> <span class='ocrx_word' id='word_1_514' title='bbox 3179 2684 3278 2756; x_wconf 84' lang='grc' dir='ltr'>τὴν</span> <span class='ocrx_word' id='word_1_515' title='bbox 3332 2684 3442 2738; x_wconf 88' lang='grc' dir='ltr'><strong>τῶν</strong></span> <span class='ocrx_word' id='word_1_516' title='bbox 3495 2684 3677 2740; x_wconf 88' lang='grc' dir='ltr'>τόπων</span> 
     </span>
    </p>
   </div>
   <div class='ocr_carea' id='block_1_77' title="bbox 2093 2775 3677 2849">
    <p class='ocr_par' dir='ltr' id='par_1_77' title="bbox 2093 2775 3677 2849">
     <span class='ocr_line' id='line_1_79' title="bbox 2093 2775 3677 2849; baseline 0.002 -21"><span class='ocrx_word' id='word_1_517' title='bbox 2093 2777 2315 2829; x_wconf 84' lang='grc' dir='ltr'>ἐκείνων</span> <span class='ocrx_word' id='word_1_518' title='bbox 2365 2775 2511 2828; x_wconf 90' lang='grc' dir='ltr'>θέσιν</span> <span class='ocrx_word' id='word_1_519' title='bbox 2574 2776 2721 2841; x_wconf 80' lang='grc' dir='ltr'>δεξιὰ</span> <span class='ocrx_word' id='word_1_520' title='bbox 2779 2777 2877 2847; x_wconf 87' lang='grc' dir='ltr'><strong>μὲν</strong></span> <span class='ocrx_word' id='word_1_521' title='bbox 2917 2776 2988 2829; x_wconf 85' lang='grc' dir='ltr'>τὰ</span> <span class='ocrx_word' id='word_1_522' title='bbox 3033 2776 3360 2842; x_wconf 79' lang='grc' dir='ltr'>ἀνατολικὰ,</span> <span class='ocrx_word' id='word_1_523' title='bbox 3412 2777 3677 2849; x_wconf 83' lang='grc' dir='ltr'>ἀριστερά</span> 
     </span>
    </p>
   </div>
   <div class='ocr_carea' id='block_1_78' title="bbox 2091 2865 3679 2940">
    <p class='ocr_par' dir='ltr' id='par_1_78' title="bbox 2091 2865 3679 2940">
     <span class='ocr_line' id='line_1_80' title="bbox 2091 2865 3679 2940; baseline 0.003 -19"><span class='ocrx_word' id='word_1_524' title='bbox 2091 2868 2149 2921; x_wconf 82' lang='grc' dir='ltr'>δὲ</span> <span class='ocrx_word' id='word_1_525' title='bbox 2189 2867 2259 2922; x_wconf 83' lang='grc' dir='ltr'>τὰ</span> <span class='ocrx_word' id='word_1_526' title='bbox 2288 2867 2480 2922; x_wconf 85' lang='grc' dir='ltr'>δυτικὰ</span> <span class='ocrx_word' id='word_1_527' title='bbox 2507 2865 2680 2923; x_wconf 78' lang='grc' dir='ltr'>εἶπεν.</span> <span class='ocrx_word' id='word_1_528' title='bbox 2724 2869 2786 2921; x_wconf 86' lang='grc' dir='ltr'>Ἡ</span> <span class='ocrx_word' id='word_1_529' title='bbox 2833 2868 2890 2922; x_wconf 85' lang='grc' dir='ltr'>δὲ</span> <span class='ocrx_word' id='word_1_530' title='bbox 2928 2867 3022 2922; x_wconf 80' lang='grc' dir='ltr'>τοῦ</span> <span class='ocrx_word' id='word_1_531' title='bbox 3068 2870 3272 2940; x_wconf 85' lang='grc' dir='ltr'>κόσμου</span> <span class='ocrx_word' id='word_1_532' title='bbox 3313 2870 3460 2934; x_wconf 82' lang='grc' dir='ltr'>θέσις</span> <span class='ocrx_word' id='word_1_533' title='bbox 3485 2911 3501 2936; x_wconf 93' lang='grc'><strong>,</strong></span> <span class='ocrx_word' id='word_1_534' title='bbox 3531 2869 3679 2926; x_wconf 81' lang='grc' dir='ltr'>καθὰ</span> 
     </span>
    </p>
   </div>
   <div class='ocr_carea' id='block_1_79' title="bbox 2093 2959 3678 3031">
    <p class='ocr_par' dir='ltr' id='par_1_79' title="bbox 2093 2959 3678 3031">
     <span class='ocr_line' id='line_1_81' title="bbox 2093 2959 3678 3031; baseline 0.003 -20"><span class='ocrx_word' id='word_1_535' title='bbox 2093 2962 2375 3031; x_wconf 84' lang='grc' dir='ltr'>προεῖπον,</span> <span class='ocrx_word' id='word_1_536' title='bbox 2417 2959 2597 3027; x_wconf 83' lang='grc' dir='ltr'>δεξιὰς</span> <span class='ocrx_word' id='word_1_537' title='bbox 2632 2959 2743 3030; x_wconf 77' lang='grc' dir='ltr'>ἔχει</span> <span class='ocrx_word' id='word_1_538' title='bbox 2775 2960 2874 3024; x_wconf 73' lang='grc' dir='ltr'><strong>τὰς</strong></span> <span class='ocrx_word' id='word_1_539' title='bbox 2909 2962 3177 3031; x_wconf 76' lang='grc' dir='ltr'>Ἀρκτους</span> <span class='ocrx_word' id='word_1_540' title='bbox 3201 2978 3216 2992; x_wconf 86' lang='grc'><strong>·</strong></span> <span class='ocrx_word' id='word_1_541' title='bbox 3248 2964 3343 3016; x_wconf 75' lang='grc' dir='ltr'>καὶ</span> <span class='ocrx_word' id='word_1_542' title='bbox 3382 2961 3556 3027; x_wconf 73' lang='grc' dir='ltr'>οὕτως</span> <span class='ocrx_word' id='word_1_543' title='bbox 3597 2980 3678 3018; x_wconf 84' lang='grc' dir='ltr'>τι-</span> 
     </span>
    </p>
   </div>
   <div class='ocr_carea' id='block_1_80' title="bbox 2094 3050 3320 3123">
    <p class='ocr_par' dir='ltr' id='par_1_80' title="bbox 2094 3050 3320 3123">
     <span class='ocr_line' id='line_1_82' title="bbox 2094 3050 3320 3123; baseline 0.003 -19"><span class='ocrx_word' id='word_1_544' title='bbox 2094 3051 2244 3105; x_wconf 89' lang='grc' dir='ltr'>θέναι</span> <span class='ocrx_word' id='word_1_545' title='bbox 2275 3050 2380 3123; x_wconf 86' lang='grc' dir='ltr'>χρὴ</span> <span class='ocrx_word' id='word_1_546' title='bbox 2414 3053 2514 3123; x_wconf 87' lang='grc' dir='ltr'>τὴν</span> <span class='ocrx_word' id='word_1_547' title='bbox 2546 3054 2783 3122; x_wconf 84' lang='grc' dir='ltr'>σφαῖραν</span> <span class='ocrx_word' id='word_1_548' title='bbox 2814 3051 2904 3104; x_wconf 86' lang='grc' dir='ltr'>τὸν</span> <span class='ocrx_word' id='word_1_549' title='bbox 2937 3050 3320 3123; x_wconf 75' lang='grc' dir='ltr'>ἐξηγούμενον.</span> 
     </span>
    </p>
   </div>
   <div class='ocr_carea' id='block_1_81' title="bbox 2635 3143 3133 3211">
    <p class='ocr_par' dir='ltr' id='par_1_81' title="bbox 2635 3143 3133 3211">
     <span class='ocr_line' id='line_1_83' title="bbox 2635 3143 3133 3211; baseline 0 -13"><span class='ocrx_word' id='word_1_550' title='bbox 2635 3143 2778 3211; x_wconf 81' lang='grc' dir='ltr'>Περί</span> <span class='ocrx_word' id='word_1_551' title='bbox 2817 3143 3133 3209; x_wconf 81' lang='grc' dir='ltr'>κινήσεως.</span> 
     </span>
    </p>
   </div>
   <div class='ocr_carea' id='block_1_82' title="bbox 2164 3233 3675 3306">
    <p class='ocr_par' dir='ltr' id='par_1_82' title="bbox 2164 3233 3675 3306">
     <span class='ocr_line' id='line_1_84' title="bbox 2164 3233 3675 3306; baseline 0.004 -19"><span class='ocrx_word' id='word_1_552' title='bbox 2164 3234 2273 3299; x_wconf 85' lang='grc' dir='ltr'>λς’.</span> <span class='ocrx_word' id='word_1_553' title='bbox 2294 3234 2414 3305; x_wconf 85' lang='grc' dir='ltr'>Χρὴ</span> <span class='ocrx_word' id='word_1_554' title='bbox 2428 3233 2519 3288; x_wconf 85' lang='grc' dir='ltr'><strong>τὸν</strong></span> <span class='ocrx_word' id='word_1_555' title='bbox 2543 3233 2907 3303; x_wconf 84' lang='grc' dir='ltr'>ἐξηγούμενον</span> <span class='ocrx_word' id='word_1_556' title='bbox 2934 3235 3024 3286; x_wconf 68' lang='grc' dir='ltr'>ἐπὶ</span> <span class='ocrx_word' id='word_1_557' title='bbox 3048 3234 3118 3286; x_wconf 83' lang='grc' dir='ltr'>τὰ</span> <span class='ocrx_word' id='word_1_558' title='bbox 3143 3235 3361 3288; x_wconf 78' lang='grc' dir='ltr'>ἐναντία</span> <span class='ocrx_word' id='word_1_559' title='bbox 3383 3236 3675 3306; x_wconf 77' lang='grc' dir='ltr'>περιδινεῖν</span> 
     </span>
    </p>
   </div>
   <div class='ocr_carea' id='block_1_83' title="bbox 2095 3323 3677 3396">
    <p class='ocr_par' dir='ltr' id='par_1_83' title="bbox 2095 3323 3677 3396">
     <span class='ocr_line' id='line_1_85' title="bbox 2095 3323 3677 3396; baseline 0.003 -18"><span class='ocrx_word' id='word_1_560' title='bbox 2095 3325 2193 3396; x_wconf 81' lang='grc' dir='ltr'>τὴν</span> <span class='ocrx_word' id='word_1_561' title='bbox 2222 3328 2476 3395; x_wconf 89' lang='grc' dir='ltr'>σφαῖραν.</span> <span class='ocrx_word' id='word_1_562' title='bbox 2515 3325 2579 3377; x_wconf 92' lang='grc' dir='ltr'>Εί</span> <span class='ocrx_word' id='word_1_563' title='bbox 2608 3324 2716 3396; x_wconf 81' lang='grc' dir='ltr'><strong>γάρ</strong></span> <span class='ocrx_word' id='word_1_564' title='bbox 2752 3341 2838 3387; x_wconf 90' lang='grc' dir='ltr'><strong>τις</strong></span> <span class='ocrx_word' id='word_1_565' title='bbox 2871 3323 2980 3378; x_wconf 83' lang='grc' dir='ltr'>ἀπὸ</span> <span class='ocrx_word' id='word_1_566' title='bbox 3020 3325 3129 3377; x_wconf 90' lang='grc' dir='ltr'><strong>τῶν</strong></span> <span class='ocrx_word' id='word_1_567' title='bbox 3159 3327 3414 3381; x_wconf 85' lang='grc' dir='ltr'>ἐναντίων</span> <span class='ocrx_word' id='word_1_568' title='bbox 3442 3328 3527 3396; x_wconf 83' lang='grc' dir='ltr'>ἐφ’</span> <span class='ocrx_word' id='word_1_569' title='bbox 3553 3330 3677 3382; x_wconf 89' lang='grc' dir='ltr'>ἐαυ-</span> 
     </span>
    </p>
   </div>
   <div class='ocr_carea' id='block_1_84' title="bbox 2093 3415 3673 3490">
    <p class='ocr_par' dir='ltr' id='par_1_84' title="bbox 2093 3415 3673 3490">
     <span class='ocr_line' id='line_1_86' title="bbox 2093 3415 3673 3490; baseline 0.002 -21"><span class='ocrx_word' id='word_1_570' title='bbox 2093 3417 2184 3470; x_wconf 82' lang='grc' dir='ltr'>τὸν</span> <span class='ocrx_word' id='word_1_571' title='bbox 2215 3416 2546 3488; x_wconf 86' lang='grc' dir='ltr'>περιδινήσει</span> <span class='ocrx_word' id='word_1_572' title='bbox 2583 3415 2680 3488; x_wconf 79' lang='grc' dir='ltr'>τὴν</span> <span class='ocrx_word' id='word_1_573' title='bbox 2724 3418 2959 3486; x_wconf 87' lang='grc' dir='ltr'>σφαῖραν</span> <span class='ocrx_word' id='word_1_574' title='bbox 2983 3455 2997 3479; x_wconf 87' lang='grc'><strong>,</strong></span> <span class='ocrx_word' id='word_1_575' title='bbox 3032 3417 3086 3468; x_wconf 90' lang='grc' dir='ltr'><strong>αί</strong></span> <span class='ocrx_word' id='word_1_576' title='bbox 3123 3417 3347 3488; x_wconf 81' lang='grc' dir='ltr'>Ἀρκτοι</span> <span class='ocrx_word' id='word_1_577' title='bbox 3387 3419 3673 3490; x_wconf 77' lang='grc' dir='ltr'>ἀριστεραὶ</span> 
     </span>
    </p>
   </div>
   <div class='ocr_carea' id='block_1_85' title="bbox 2093 3504 3671 3579">
    <p class='ocr_par' dir='ltr' id='par_1_85' title="bbox 2093 3504 3671 3579">
     <span class='ocr_line' id='line_1_87' title="bbox 2093 3504 3671 3579; baseline 0 -20"><span class='ocrx_word' id='word_1_578' title='bbox 2093 3506 2307 3560; x_wconf 73' lang='grc' dir='ltr'>ἔσονται</span> <span class='ocrx_word' id='word_1_579' title='bbox 2348 3505 2457 3560; x_wconf 87' lang='grc' dir='ltr'><strong>τῶν</strong></span> <span class='ocrx_word' id='word_1_580' title='bbox 2504 3504 2778 3560; x_wconf 79' lang='grc' dir='ltr'>ἀνατολῶν</span> <span class='ocrx_word' id='word_1_581' title='bbox 2807 3525 2820 3537; x_wconf 76' lang='grc' dir='ltr'><strong><em>ο</em></strong></span> <span class='ocrx_word' id='word_1_582' title='bbox 2867 3509 2895 3560; x_wconf 90' lang='grc' dir='ltr'>ὁ</span> <span class='ocrx_word' id='word_1_583' title='bbox 2937 3505 2994 3560; x_wconf 82' lang='grc' dir='ltr'><strong>δὲ</strong></span> <span class='ocrx_word' id='word_1_584' title='bbox 3037 3507 3186 3570; x_wconf 87' lang='grc' dir='ltr'>νότος</span> <span class='ocrx_word' id='word_1_585' title='bbox 3219 3510 3277 3560; x_wconf 89' lang='grc' dir='ltr'><strong>ἐν</strong></span> <span class='ocrx_word' id='word_1_586' title='bbox 3309 3507 3492 3578; x_wconf 80' lang='grc' dir='ltr'>δεξιᾷ·</span> <span class='ocrx_word' id='word_1_587' title='bbox 3533 3508 3671 3579; x_wconf 86' lang='grc' dir='ltr'>ὅπερ</span> 
     </span>
    </p>
   </div>
   <div class='ocr_carea' id='block_1_86' title="bbox 2092 3591 3668 3670">
    <p class='ocr_par' dir='ltr' id='par_1_86' title="bbox 2092 3591 3668 3670">
     <span class='ocr_line' id='line_1_88' title="bbox 2092 3591 3668 3670; baseline -0.003 -16"><span class='ocrx_word' id='word_1_588' title='bbox 2092 3597 2373 3654; x_wconf 86' lang='grc' dir='ltr'>ἀδύνατον.</span> <span class='ocrx_word' id='word_1_589' title='bbox 2405 3600 2526 3653; x_wconf 88' lang='grc' dir='ltr'>Ὅτι</span> <span class='ocrx_word' id='word_1_590' title='bbox 2553 3599 2632 3662; x_wconf 88' lang='grc' dir='ltr'><strong>δέ,</strong></span> <span class='ocrx_word' id='word_1_591' title='bbox 2656 3598 2733 3662; x_wconf 84' lang='grc' dir='ltr'>ὡς</span> <span class='ocrx_word' id='word_1_592' title='bbox 2759 3591 2934 3664; x_wconf 79' lang='grc' dir='ltr'>εἷπον,</span> <span class='ocrx_word' id='word_1_593' title='bbox 2959 3597 3064 3670; x_wconf 85' lang='grc' dir='ltr'>χρὴ</span> <span class='ocrx_word' id='word_1_594' title='bbox 3088 3598 3188 3668; x_wconf 83' lang='grc' dir='ltr'>τὴν</span> <span class='ocrx_word' id='word_1_595' title='bbox 3218 3600 3451 3670; x_wconf 85' lang='grc' dir='ltr'>σφαῖραν</span> <span class='ocrx_word' id='word_1_596' title='bbox 3480 3600 3668 3664; x_wconf 89' lang='grc' dir='ltr'>κινεῖν,</span> 
     </span>
    </p>
   </div>
   <div class='ocr_carea' id='block_1_87' title="bbox 2091 3689 3670 3762">
    <p class='ocr_par' dir='ltr' id='par_1_87' title="bbox 2091 3689 3670 3762">
     <span class='ocr_line' id='line_1_89' title="bbox 2091 3689 3670 3762; baseline 0.001 -18"><span class='ocrx_word' id='word_1_597' title='bbox 2091 3691 2294 3758; x_wconf 79' lang='grc' dir='ltr'>διδάξει</span> <span class='ocrx_word' id='word_1_598' title='bbox 2343 3693 2493 3762; x_wconf 79' lang='grc' dir='ltr'>ἡμᾶς</span> <span class='ocrx_word' id='word_1_599' title='bbox 2543 3690 2705 3754; x_wconf 85' lang='grc' dir='ltr'>αὐτὸς</span> <span class='ocrx_word' id='word_1_600' title='bbox 2752 3690 2986 3762; x_wconf 83' lang='grc' dir='ltr'>Ἀρατος</span> <span class='ocrx_word' id='word_1_601' title='bbox 3055 3689 3186 3742; x_wconf 83' lang='grc' dir='ltr'>ποτὲ</span> <span class='ocrx_word' id='word_1_602' title='bbox 3235 3689 3333 3760; x_wconf 82' lang='grc' dir='ltr'>μὲν</span> <span class='ocrx_word' id='word_1_603' title='bbox 3389 3690 3519 3762; x_wconf 68' lang='grc' dir='ltr'><strong>περ)⁸</strong></span> <span class='ocrx_word' id='word_1_604' title='bbox 3562 3691 3670 3745; x_wconf 90' lang='grc' dir='ltr'><strong>τῶν</strong></span> 
     </span>
    </p>
   </div>
   <div class='ocr_carea' id='block_1_88' title="bbox 2095 3783 2564 3860">
    <p class='ocr_par' dir='ltr' id='par_1_88' title="bbox 2095 3783 2564 3860">
     <span class='ocr_line' id='line_1_90' title="bbox 2095 3783 2564 3860; baseline -0.004 -22"><span class='ocrx_word' id='word_1_605' title='bbox 2095 3785 2347 3854; x_wconf 62' lang='grc' dir='ltr'><strong>Ι’Λρκτων</strong></span> <span class='ocrx_word' id='word_1_606' title='bbox 2369 3783 2564 3860; x_wconf 72' lang='grc' dir='ltr'>λέγων.</span> 
     </span>
    </p>
   </div>
   <div class='ocr_carea' id='block_1_89' title="bbox 2096 3870 3244 3940">
    <p class='ocr_par' dir='ltr' id='par_1_89' title="bbox 2096 3870 3244 3940">
     <span class='ocr_line' id='line_1_91' title="bbox 2096 3870 3244 3940; baseline -0.006 -10"><span class='ocrx_word' id='word_1_607' title='bbox 2096 3917 2109 3930; x_wconf 96' lang='grc'><strong><em>.</em></strong></span> <span class='ocrx_word' id='word_1_608' title='bbox 2147 3915 2162 3929; x_wconf 92' lang='grc'><strong>.</strong></span> <span class='ocrx_word' id='word_1_609' title='bbox 2201 3913 2216 3928; x_wconf 92' lang='grc'><strong>.</strong></span> <span class='ocrx_word' id='word_1_610' title='bbox 2252 3872 2495 3928; x_wconf 79' lang='grc' dir='ltr'>.Αίεί-δὲ</span> <span class='ocrx_word' id='word_1_611' title='bbox 2523 3871 2877 3940; x_wconf 83' lang='grc' dir='ltr'>κατωμάδιαι</span> <span class='ocrx_word' id='word_1_612' title='bbox 2913 3870 3244 3939; x_wconf 70' lang='grc' dir='ltr'>φορέονται,</span> 
     </span>
    </p>
   </div>
   <div class='ocr_carea' id='block_1_90' title="bbox 2095 3941 3182 4014">
    <p class='ocr_par' dir='ltr' id='par_1_90' title="bbox 2095 3941 3182 4014">
     <span class='ocr_line' id='line_1_92' title="bbox 2095 3941 3182 4014; baseline -0.004 -16"><span class='ocrx_word' id='word_1_613' title='bbox 2095 3946 2397 4014; x_wconf 84' lang='grc' dir='ltr'>Ἔμπαλιν</span> <span class='ocrx_word' id='word_1_614' title='bbox 2419 3946 2506 4009; x_wconf 77' lang='grc' dir='ltr'>εἰς</span> <span class='ocrx_word' id='word_1_615' title='bbox 2544 3942 2739 4012; x_wconf 82' lang='grc' dir='ltr'>ὤμους</span> <span class='ocrx_word' id='word_1_616' title='bbox 2774 3941 3182 4010; x_wconf 81' lang='grc' dir='ltr'>τετραμμέναι.</span> 
     </span>
    </p>
   </div>
   <div class='ocr_carea' id='block_1_91' title="bbox 2092 4032 3138 4102">
    <p class='ocr_par' dir='ltr' id='par_1_91' title="bbox 2092 4032 3138 4102">
     <span class='ocr_line' id='line_1_93' title="bbox 2092 4032 3138 4102; baseline -0.002 -14"><span class='ocrx_word' id='word_1_617' title='bbox 2092 4033 2227 4088; x_wconf 86' lang='grc' dir='ltr'>Ποτέ</span> <span class='ocrx_word' id='word_1_618' title='bbox 2265 4034 2322 4087; x_wconf 83' lang='grc' dir='ltr'>δὲ</span> <span class='ocrx_word' id='word_1_619' title='bbox 2355 4033 2449 4087; x_wconf 72' lang='grc' dir='ltr'>ἐπὶ</span> <span class='ocrx_word' id='word_1_620' title='bbox 2480 4033 2573 4086; x_wconf 78' lang='grc' dir='ltr'>τοῦ</span> <span class='ocrx_word' id='word_1_621' title='bbox 2621 4032 2900 4102; x_wconf 85' lang='grc' dir='ltr'>Ὀφιούχου</span> <span class='ocrx_word' id='word_1_622' title='bbox 2932 4032 3138 4100; x_wconf 76' lang='grc' dir='ltr'>λέγων’</span> 
     </span>
    </p>
   </div>
   <div class='ocr_carea' id='block_1_92' title="bbox 2095 4122 3669 4197">
    <p class='ocr_par' dir='ltr' id='par_1_92' title="bbox 2095 4122 3669 4197">
     <span class='ocr_line' id='line_1_94' title="bbox 2095 4122 3669 4197; baseline 0.003 -18"><span class='ocrx_word' id='word_1_623' title='bbox 2095 4125 2207 4179; x_wconf 83' lang='grc' dir='ltr'><strong>Τὸν</strong></span> <span class='ocrx_word' id='word_1_624' title='bbox 2235 4124 2302 4197; x_wconf 76' lang='grc' dir='ltr'>δὲ</span> <span class='ocrx_word' id='word_1_625' title='bbox 2330 4125 2541 4197; x_wconf 32' lang='grc' dir='ltr'>καί-είς</span> <span class='ocrx_word' id='word_1_626' title='bbox 2567 4123 2766 4197; x_wconf 83' lang='grc' dir='ltr'>ὤμους</span> <span class='ocrx_word' id='word_1_627' title='bbox 2795 4122 3035 4197; x_wconf 77' lang='grc' dir='ltr'>κατάγει</span> <span class='ocrx_word' id='word_1_628' title='bbox 3060 4124 3318 4197; x_wconf 69' lang='grc' dir='ltr'>μογερὸν</span> <span class='ocrx_word' id='word_1_629' title='bbox 3362 4127 3669 4197; x_wconf 74' lang='grc' dir='ltr'>Ὀφιοῦχον</span> 
     </span>
    </p>
   </div>
   <div class='ocr_carea' id='block_1_93' title="bbox 2091 4193 3659 4338">
    <p class='ocr_par' dir='ltr' id='par_1_93' title="bbox 2091 4193 3659 4338">
     <span class='ocr_line' id='line_1_95' title="bbox 2091 4193 3659 4338; baseline 0.003 -89"><span class='ocrx_word' id='word_1_630' title='bbox 2091 4195 2386 4264; x_wconf 86' lang='grc' dir='ltr'>Καρκίνος</span> <span class='ocrx_word' id='word_1_631' title='bbox 2421 4195 2491 4248; x_wconf 80' lang='grc' dir='ltr'>ἐκ</span> <span class='ocrx_word' id='word_1_632' title='bbox 2523 4194 2816 4266; x_wconf 71' lang='grc' dir='ltr'>γονάτων·</span> <span class='ocrx_word' id='word_1_633' title='bbox 2859 4193 3099 4264; x_wconf 81' lang='grc' dir='ltr'>κατάγει</span> <span class='ocrx_word' id='word_1_634' title='bbox 3125 4194 3176 4247; x_wconf 81' lang='grc' dir='ltr'>δ’</span> <span class='ocrx_word' id='word_1_635' title='bbox 3199 4193 3659 4338; x_wconf 42' lang='lat' dir='ltr'><strong>mgni-merae</strong></span> 
     </span>
     <span class='ocr_line' id='line_1_96' title="bbox 3523 4288 3574 4335; baseline 0 -14"><span class='ocrx_word' id='word_1_636' title='bbox 3523 4288 3574 4335; x_wconf 84' lang='grc' dir='ltr'><strong>ς.</strong></span> 
     </span>
    </p>
   </div>
   <div class='ocr_carea' id='block_1_94' title="bbox 3523 4288 3574 4335">
    <p class='ocr_par' dir='ltr' id='par_1_94' title="bbox 3523 4288 3574 4335">
     <span class='ocr_line' id='line_1_97' title="bbox 3523 4288 3574 4335; baseline 0 -14"><span class='ocrx_word' id='word_1_637' title='bbox 3523 4288 3574 4335; x_wconf 87' lang='grc' dir='ltr'><strong>ς.</strong></span> 
     </span>
    </p>
   </div>
   <div class='ocr_carea' id='block_1_95' title="bbox 2090 4357 2421 4412">
    <p class='ocr_par' dir='ltr' id='par_1_95' title="bbox 2090 4357 2421 4412">
     <span class='ocr_line' id='line_1_98' title="bbox 2090 4357 2421 4412; baseline 0 0"><span class='ocrx_word' id='word_1_638' title='bbox 2090 4359 2201 4412; x_wconf 72' lang='grc' dir='ltr'><strong>Καὶ</strong></span> <span class='ocrx_word' id='word_1_639' title='bbox 2228 4357 2388 4412; x_wconf 82' lang='grc' dir='ltr'>πάλιν</span> <span class='ocrx_word' id='word_1_640' title='bbox 2407 4375 2421 4388; x_wconf 89' lang='grc'><strong>·</strong></span> 
     </span>
    </p>
   </div>
   <div class='ocr_carea' id='block_1_96' title="bbox 2101 4450 3660 4525">
    <p class='ocr_par' dir='ltr' id='par_1_96' title="bbox 2101 4450 3660 4525">
     <span class='ocr_line' id='line_1_99' title="bbox 2101 4450 3660 4525; baseline 0.005 -22"><span class='ocrx_word' id='word_1_641' title='bbox 2101 4450 2404 4525; x_wconf 44' lang='grc' dir='ltr'>ξᾼντὲὶλει</span> <span class='ocrx_word' id='word_1_642' title='bbox 2421 4450 2475 4525; x_wconf 74' lang='grc' dir='ltr'>δ’</span> <span class='ocrx_word' id='word_1_643' title='bbox 2493 4450 2708 4525; x_wconf 77' lang='grc' dir='ltr'>Ὕδρης</span> <span class='ocrx_word' id='word_1_644' title='bbox 2745 4451 3000 4525; x_wconf 73' lang='grc' dir='ltr'>κεφαλὴ,</span> <span class='ocrx_word' id='word_1_645' title='bbox 3019 4454 3295 4525; x_wconf 15' lang='grc' dir='ltr'>χαροπόςν</span> <span class='ocrx_word' id='word_1_646' title='bbox 3311 4471 3376 4525; x_wconf 77' lang='grc' dir='ltr'><strong>τε</strong></span> <span class='ocrx_word' id='word_1_647' title='bbox 3403 4457 3660 4525; x_wconf 77' lang='grc' dir='ltr'>Λαγωός·</span> 
     </span>
    </p>
   </div>
   <div class='ocr_carea' id='block_1_97' title="bbox 2019 4509 3663 4596">
    <p class='ocr_par' dir='ltr' id='par_1_97' title="bbox 2019 4509 3663 4596">
     <span class='ocr_line' id='line_1_100' title="bbox 2019 4509 3663 4596; baseline 0.004 -23"><span class='ocrx_word' id='word_1_648' title='bbox 2019 4509 2066 4566; x_wconf 86' lang='grc' dir='ltr'><strong>Ῑ)</strong></span> <span class='ocrx_word' id='word_1_649' title='bbox 2089 4521 2200 4574; x_wconf 83' lang='grc' dir='ltr'>Καί</span> <span class='ocrx_word' id='word_1_650' title='bbox 2229 4522 2554 4589; x_wconf 75' lang='grc' dir='ltr'>Προκύων·</span> <span class='ocrx_word' id='word_1_651' title='bbox 2589 4509 2866 4590; x_wconf 63' lang='grc' dir='ltr'>ὲτρδτερόι</span> <span class='ocrx_word' id='word_1_652' title='bbox 2897 4509 3182 4589; x_wconf 61' lang='grc' dir='ltr'>τεἼξῦιῗ-ὸς</span> <span class='ocrx_word' id='word_1_653' title='bbox 3217 4509 3663 4596; x_wconf 43' lang='grc' dir='ltr'>πὲὃεςξαὶῦομέ-</span> 
     </span>
    </p>
   </div>
   <div class='ocr_carea' id='block_1_98' title="bbox 3402 4593 3575 4667">
    <p class='ocr_par' dir='ltr' id='par_1_98' title="bbox 3402 4593 3575 4667">
     <span class='ocr_line' id='line_1_101' title="bbox 3402 4593 3575 4667; baseline 0.017 -20"><span class='ocrx_word' id='word_1_654' title='bbox 3402 4593 3575 4667; x_wconf 69' lang='grc' dir='ltr'>[νοιοξ</span> 
     </span>
    </p>
   </div>
   <div class='ocr_carea' id='block_1_99' title="bbox 2088 4679 2420 4734">
    <p class='ocr_par' dir='ltr' id='par_1_99' title="bbox 2088 4679 2420 4734">
     <span class='ocr_line' id='line_1_102' title="bbox 2088 4679 2420 4734; baseline 0.006 -2"><span class='ocrx_word' id='word_1_655' title='bbox 2088 4679 2201 4733; x_wconf 77' lang='grc' dir='ltr'>Καὶ</span> <span class='ocrx_word' id='word_1_656' title='bbox 2226 4679 2384 4734; x_wconf 87' lang='grc' dir='ltr'>πάλιν</span> <span class='ocrx_word' id='word_1_657' title='bbox 2401 4695 2420 4716; x_wconf 78' lang='grc'><strong>⁸</strong></span> 
     </span>
    </p>
   </div>
   <div class='ocr_carea' id='block_1_100' title="bbox 2086 4771 3662 4847">
    <p class='ocr_par' dir='ltr' id='par_1_100' title="bbox 2086 4771 3662 4847">
     <span class='ocr_line' id='line_1_103' title="bbox 2086 4771 3662 4847; baseline 0.005 -22"><span class='ocrx_word' id='word_1_658' title='bbox 2086 4772 2306 4847; x_wconf 59' lang='grc' dir='ltr'>ᾟμισα</span> <span class='ocrx_word' id='word_1_659' title='bbox 2341 4772 2411 4826; x_wconf 83' lang='grc' dir='ltr'>δὲ</span> <span class='ocrx_word' id='word_1_660' title='bbox 2435 4771 2781 4847; x_wconf 68' lang='grc' dir='ltr'>Στεςεὰνοιο,</span> <span class='ocrx_word' id='word_1_661' title='bbox 2811 4773 2910 4847; x_wconf 66' lang='grc' dir='ltr'><strong>καί</strong></span> <span class='ocrx_word' id='word_1_662' title='bbox 2942 4773 3138 4847; x_wconf 78' lang='grc' dir='ltr'>αὐτὴν</span> <span class='ocrx_word' id='word_1_663' title='bbox 3174 4775 3436 4843; x_wconf 79' lang='grc' dir='ltr'>ἔσχατον</span> <span class='ocrx_word' id='word_1_664' title='bbox 3471 4778 3662 4847; x_wconf 82' lang='grc' dir='ltr'>οὐρὴν</span> 
     </span>
    </p>
   </div>
   <div class='ocr_carea' id='block_1_101' title="bbox 2081 4843 3553 4916">
    <p class='ocr_par' dir='ltr' id='par_1_101' title="bbox 2081 4843 3553 4916">
     <span class='ocr_line' id='line_1_104' title="bbox 2081 4843 3553 4916; baseline 0.004 -20"><span class='ocrx_word' id='word_1_665' title='bbox 2081 4844 2420 4912; x_wconf 84' lang='grc' dir='ltr'>Κενταύρου</span> <span class='ocrx_word' id='word_1_666' title='bbox 2445 4843 2772 4913; x_wconf 76' lang='grc' dir='ltr'>φορέουσιν</span> <span class='ocrx_word' id='word_1_667' title='bbox 2798 4845 3193 4914; x_wconf 82' lang='grc' dir='ltr'>ἀνερχόμεναι</span> <span class='ocrx_word' id='word_1_668' title='bbox 3222 4848 3310 4900; x_wconf 79' lang='grc' dir='ltr'>ἐτι</span> <span class='ocrx_word' id='word_1_669' title='bbox 3339 4843 3553 4916; x_wconf 71' lang='grc' dir='ltr'>Χηλαίξ</span> 
     </span>
    </p>
   </div>
   <div class='ocr_carea' id='block_1_102' title="bbox 2084 4934 2744 5009">
    <p class='ocr_par' dir='ltr' id='par_1_102' title="bbox 2084 4934 2744 5009">
     <span class='ocr_line' id='line_1_105' title="bbox 2084 4934 2744 5009; baseline 0.005 -22"><span class='ocrx_word' id='word_1_670' title='bbox 2084 4934 2196 4988; x_wconf 72' lang='grc' dir='ltr'><strong>Καὶ</strong></span> <span class='ocrx_word' id='word_1_671' title='bbox 2221 4935 2350 5007; x_wconf 83' lang='grc' dir='ltr'>περὶ</span> <span class='ocrx_word' id='word_1_672' title='bbox 2372 4935 2467 4989; x_wconf 83' lang='grc' dir='ltr'>τοῦ</span> <span class='ocrx_word' id='word_1_673' title='bbox 2501 4937 2715 5009; x_wconf 82' lang='grc' dir='ltr'>Κήτους</span> <span class='ocrx_word' id='word_1_674' title='bbox 2731 4953 2744 4966; x_wconf 89' lang='grc'><strong>·</strong></span> 
     </span>
    </p>
   </div>
   <div class='ocr_carea' id='block_1_103' title="bbox 2083 5025 3658 5101">
    <p class='ocr_par' dir='ltr' id='par_1_103' title="bbox 2083 5025 3658 5101">
     <span class='ocr_line' id='line_1_106' title="bbox 2083 5025 3658 5101; baseline 0.003 -21"><span class='ocrx_word' id='word_1_675' title='bbox 2083 5026 2195 5080; x_wconf 83' lang='grc' dir='ltr'><strong>Καὶ</strong></span> <span class='ocrx_word' id='word_1_676' title='bbox 2247 5025 2315 5080; x_wconf 87' lang='grc' dir='ltr'>τὸ</span> <span class='ocrx_word' id='word_1_677' title='bbox 2353 5029 2472 5098; x_wconf 84' lang='grc' dir='ltr'>μὲν</span> <span class='ocrx_word' id='word_1_678' title='bbox 2515 5030 2581 5096; x_wconf 84' lang='grc' dir='ltr'><strong>ἐς</strong></span> <span class='ocrx_word' id='word_1_679' title='bbox 2625 5027 2850 5098; x_wconf 73' lang='grc' dir='ltr'>λοφιὴν</span> <span class='ocrx_word' id='word_1_680' title='bbox 2903 5027 3304 5098; x_wconf 82' lang='grc' dir='ltr'>τετραμμένον</span> <span class='ocrx_word' id='word_1_681' title='bbox 3338 5029 3474 5098; x_wconf 57' lang='grc' dir='ltr'>ἄχρι</span> <span class='ocrx_word' id='word_1_682' title='bbox 3524 5035 3658 5101; x_wconf 80' lang='grc' dir='ltr'>παρ’</span> 
     </span>
    </p>
   </div>
   <div class='ocr_carea' id='block_1_104' title="bbox 2081 5113 3655 5311">
    <p class='ocr_par' dir='ltr' id='par_1_104' title="bbox 2081 5113 3655 5311">
     <span class='ocr_line' id='line_1_107' title="bbox 2081 5113 3655 5311; baseline 0.003 -91"><span class='ocrx_word' id='word_1_683' title='bbox 2081 5168 2286 5222; x_wconf 88' lang='grc' dir='ltr'>Δύνει·</span> <span class='ocrx_word' id='word_1_684' title='bbox 2345 5167 2492 5237; x_wconf 87' lang='grc' dir='ltr'>ἀτὰρ</span> <span class='ocrx_word' id='word_1_685' title='bbox 2550 5169 2791 5240; x_wconf 73' lang='grc' dir='ltr'>Κηφεὺς</span> <span class='ocrx_word' id='word_1_686' title='bbox 2850 5167 3120 5238; x_wconf 67' lang='grc' dir='ltr'>κεφαλῇ,</span> <span class='ocrx_word' id='word_1_687' title='bbox 3167 5169 3266 5222; x_wconf 84' lang='grc' dir='ltr'><strong>καί</strong></span> <span class='ocrx_word' id='word_1_688' title='bbox 3317 5113 3655 5311; x_wconf 51' lang='grc' dir='ltr'><strong>χὶέέιὲξτῖινκαί</strong></span> 
     </span>
     <span class='ocr_line' id='line_1_108' title="bbox 2107 5258 3571 5311; baseline 0.007 -11"><span class='ocrx_word' id='word_1_689' title='bbox 2107 5296 2110 5300; x_wconf 92' lang='grc'>.</span> <span class='ocrx_word' id='word_1_690' title='bbox 3459 5258 3571 5311; x_wconf 67' lang='grc' dir='ltr'><strong>ινφ·</strong></span> 
     </span>
    </p>
   </div>
   <div class='ocr_carea' id='block_1_105' title="bbox 3482 5259 3571 5294">
    <p class='ocr_par' dir='ltr' id='par_1_105' title="bbox 3482 5259 3571 5294">
     <span class='ocr_line' id='line_1_109' title="bbox 3482 5259 3571 5294; baseline 0.022 -2"><span class='ocrx_word' id='word_1_691' title='bbox 3482 5259 3571 5294; x_wconf 68' lang='lat'><strong>79).</strong></span> 
     </span>
    </p>
   </div>
   <div class='ocr_carea' id='block_1_106' title="bbox 2082 5258 3536 5383">
    <p class='ocr_par' dir='ltr' id='par_1_106' title="bbox 2082 5258 3536 5383">
     <span class='ocr_line' id='line_1_110' title="bbox 2107 5258 3536 5312; baseline 0.006 -12"><span class='ocrx_word' id='word_1_692' title='bbox 2107 5296 2110 5300; x_wconf 91' lang='lat'><strong>.</strong></span> <span class='ocrx_word' id='word_1_693' title='bbox 3395 5258 3536 5312; x_wconf 67' lang='grc' dir='ltr'>ίωίίῐι</span> 
     </span>
     <span class='ocr_line' id='line_1_111' title="bbox 2082 5328 2414 5383; baseline -0.003 0"><span class='ocrx_word' id='word_1_694' title='bbox 2082 5330 2192 5383; x_wconf 79' lang='grc' dir='ltr'>Καὶ</span> <span class='ocrx_word' id='word_1_695' title='bbox 2223 5328 2386 5383; x_wconf 83' lang='grc' dir='ltr'>πάλιν</span> <span class='ocrx_word' id='word_1_696' title='bbox 2400 5347 2414 5362; x_wconf 75' lang='grc' dir='ltr'><strong>ο</strong></span> 
     </span>
    </p>
   </div>
   <div class='ocr_carea' id='block_1_107' title="bbox 2078 5419 3463 5493">
    <p class='ocr_par' dir='ltr' id='par_1_107' title="bbox 2078 5419 3463 5493">
     <span class='ocr_line' id='line_1_112' title="bbox 2078 5419 3463 5493; baseline 0.003 -19"><span class='ocrx_word' id='word_1_697' title='bbox 2078 5420 2287 5493; x_wconf 82' lang='grc' dir='ltr'>Ἵππος</span> <span class='ocrx_word' id='word_1_698' title='bbox 2317 5419 2370 5474; x_wconf 88' lang='grc' dir='ltr'>δ’</span> <span class='ocrx_word' id='word_1_699' title='bbox 2406 5420 2731 5491; x_wconf 84' lang='grc' dir='ltr'>Ὑδροχόοιο</span> <span class='ocrx_word' id='word_1_700' title='bbox 2773 5422 2915 5493; x_wconf 75' lang='grc' dir='ltr'>νέον</span> <span class='ocrx_word' id='word_1_701' title='bbox 2945 5421 3463 5493; x_wconf 72' lang='grc' dir='ltr'>περιτελλομένοιο</span> 
     </span>
    </p>
   </div>
   <div class='ocr_carea' id='block_1_108' title="bbox 410 5469 1996 5569">
    <p class='ocr_par' dir='ltr' id='par_1_108' title="bbox 410 5469 1975 5569">
     <span class='ocr_line' id='line_1_113' title="bbox 410 5469 1975 5569; baseline 0.02 -46"><span class='ocrx_word' id='word_1_702' title='bbox 410 5469 662 5540; x_wconf 82' lang='lat' dir='ltr'><strong>Pedibus,</strong></span> <span class='ocrx_word' id='word_1_703' title='bbox 692 5485 743 5530; x_wconf 87' lang='lat' dir='ltr'><strong>et</strong></span> <span class='ocrx_word' id='word_1_704' title='bbox 763 5469 932 5546; x_wconf 85' lang='lat' dir='ltr'><strong>capite</strong></span> <span class='ocrx_word' id='word_1_705' title='bbox 957 5479 1259 5535; x_wconf 82' lang='lat' dir='ltr'><strong>revolvitur.</strong></span> <span class='ocrx_word' id='word_1_706' title='bbox 1283 5481 1370 5535; x_wconf 73' lang='lat' dir='ltr'><strong>Ex</strong></span> <span class='ocrx_word' id='word_1_707' title='bbox 1397 5469 1618 5545; x_wconf 65' lang='lat' dir='ltr'><strong>adverso</strong></span> <span class='ocrx_word' id='word_1_708' title='bbox 1641 5504 1814 5552; x_wconf 87' lang='lat' dir='ltr'><strong>autem</strong></span> <span class='ocrx_word' id='word_1_709' title='bbox 1838 5496 1975 5569; x_wconf 82' lang='lat' dir='ltr'><strong>Equi</strong></span> 
     </span>
    </p>
   </div>
   <div class='ocr_carea' id='block_1_109' title="bbox 2092 5469 3652 5569">
    <p class='ocr_par' dir='ltr' id='par_1_109' title="bbox 2092 5469 3652 5569">
     <span class='ocr_line' id='line_1_114' title="bbox 2092 5469 3652 5569; baseline 0.003 -25"><span class='ocrx_word' id='word_1_710' title='bbox 2092 5469 2278 5545; x_wconf 82' lang='grc' dir='ltr'>Ποσσῖ</span> <span class='ocrx_word' id='word_1_711' title='bbox 2325 5509 2390 5546; x_wconf 92' lang='grc' dir='ltr'><strong>τε</strong></span> <span class='ocrx_word' id='word_1_712' title='bbox 2439 5469 2538 5546; x_wconf 57' lang='lat' dir='ltr'><strong>aedi</strong></span> <span class='ocrx_word' id='word_1_713' title='bbox 2569 5469 2828 5562; x_wconf 55' lang='grc' dir='ltr'>’κεφαλῇ</span> <span class='ocrx_word' id='word_1_714' title='bbox 2889 5469 3282 5549; x_wconf 57' lang='grc' dir='ltr'>ἁνελίσσεταῖ</span> <span class='ocrx_word' id='word_1_715' title='bbox 3301 5509 3314 5524; x_wconf 85' lang='grc'><strong>·</strong></span> <span class='ocrx_word' id='word_1_716' title='bbox 3341 5495 3546 5569; x_wconf 44' lang='grc' dir='ltr'>,ᾀ-ντια</span> <span class='ocrx_word' id='word_1_717' title='bbox 3598 5495 3652 5549; x_wconf 82' lang='grc' dir='ltr'>δ’</span> 
     </span>
    </p>
   </div>
   <div class='ocr_carea' id='block_1_110' title="bbox 409 5604 1640 5680">
    <p class='ocr_par' dir='ltr' id='par_1_110' title="bbox 409 5604 1640 5680">
     <span class='ocr_line' id='line_1_115' title="bbox 409 5604 1640 5680; baseline 0.018 -24"><span class='ocrx_word' id='word_1_718' title='bbox 409 5604 454 5658; x_wconf 83' lang='grc' dir='ltr'><em>Α</em></span> <span class='ocrx_word' id='word_1_719' title='bbox 488 5607 661 5662; x_wconf 89' lang='lat' dir='ltr'><strong>cauda</strong></span> <span class='ocrx_word' id='word_1_720' title='bbox 677 5605 999 5666; x_wconf 85' lang='lat' dir='ltr'><strong>Centaurum</strong></span> <span class='ocrx_word' id='word_1_721' title='bbox 1025 5613 1246 5669; x_wconf 84' lang='lat' dir='ltr'><strong>attrahit</strong></span> <span class='ocrx_word' id='word_1_722' title='bbox 1277 5617 1499 5676; x_wconf 86' lang='lat' dir='ltr'><strong>occidua</strong></span> <span class='ocrx_word' id='word_1_723' title='bbox 1519 5639 1640 5680; x_wconf 75' lang='lat' dir='ltr'><strong>nox.</strong></span> 
     </span>
    </p>
   </div>
   <div class='ocr_carea' id='block_1_111' title="bbox 409 5694 1360 5773">
    <p class='ocr_par' dir='ltr' id='par_1_111' title="bbox 409 5694 1360 5773">
     <span class='ocr_line' id='line_1_116' title="bbox 409 5694 1360 5773; baseline 0.016 -22"><span class='ocrx_word' id='word_1_724' title='bbox 409 5694 536 5752; x_wconf 62' lang='lat' dir='ltr'><strong>Haec</strong></span> <span class='ocrx_word' id='word_1_725' title='bbox 553 5702 620 5752; x_wconf 84' lang='lat' dir='ltr'><strong>de</strong></span> <span class='ocrx_word' id='word_1_726' title='bbox 655 5708 802 5755; x_wconf 91' lang='lat' dir='ltr'><strong>motu</strong></span> <span class='ocrx_word' id='word_1_727' title='bbox 828 5703 1014 5773; x_wconf 87' lang='lat' dir='ltr'><strong>paucis</strong></span> <span class='ocrx_word' id='word_1_728' title='bbox 1041 5704 1185 5762; x_wconf 88' lang='lat' dir='ltr'><strong>dicta</strong></span> <span class='ocrx_word' id='word_1_729' title='bbox 1216 5715 1360 5766; x_wconf 87' lang='lat' dir='ltr'><strong>sunt.</strong></span> 
     </span>
    </p>
   </div>
   <div class='ocr_carea' id='block_1_112' title="bbox 486 5812 739 5873">
    <p class='ocr_par' dir='ltr' id='par_1_112' title="bbox 486 5812 739 5873">
     <span class='ocr_line' id='line_1_117' title="bbox 486 5812 739 5873; baseline 0.012 -5"><span class='ocrx_word' id='word_1_730' title='bbox 486 5813 533 5846; x_wconf 77' lang='lat'>“</span> <span class='ocrx_word' id='word_1_731' title='bbox 557 5812 631 5873; x_wconf 72' lang='lat' dir='ltr'><strong>lt,</strong></span> <span class='ocrx_word' id='word_1_732' title='bbox 665 5817 739 5871; x_wconf 87' lang='grc' dir='ltr'><strong>Μ.</strong></span> 
     </span>
    </p>
   </div>
   <div class='ocr_carea' id='block_1_113' title="bbox 2088 5563 3581 5703">
    <p class='ocr_par' dir='ltr' id='par_1_113' title="bbox 2088 5563 3581 5703">
     <span class='ocr_line' id='line_1_118' title="bbox 2088 5563 3581 5703; baseline 0.005 -19"><span class='ocrx_word' id='word_1_733' title='bbox 2088 5629 2192 5696; x_wconf 85' lang='grc' dir='ltr'><strong>Ἐξ</strong></span> <span class='ocrx_word' id='word_1_734' title='bbox 2214 5630 2399 5700; x_wconf 83' lang='grc' dir='ltr'>οὐρῆς</span> <span class='ocrx_word' id='word_1_735' title='bbox 2425 5631 2765 5701; x_wconf 85' lang='grc' dir='ltr'>Κένταυρον</span> <span class='ocrx_word' id='word_1_736' title='bbox 2790 5633 3102 5702; x_wconf 69' lang='grc' dir='ltr'>ἐφέλκεται</span> <span class='ocrx_word' id='word_1_737' title='bbox 3129 5563 3581 5703; x_wconf 47' lang='grc' dir='ltr'><strong>ἐσπερίξιΙέιῆῗυ</strong></span> 
     </span>
    </p>
   </div>
   <div class='ocr_carea' id='block_1_114' title="bbox 2078 5722 3268 5800">
    <p class='ocr_par' dir='ltr' id='par_1_114' title="bbox 2078 5722 3268 5800">
     <span class='ocr_line' id='line_1_119' title="bbox 2078 5722 3268 5800; baseline 0.007 -24"><span class='ocrx_word' id='word_1_738' title='bbox 2078 5722 2260 5777; x_wconf 82' lang='grc' dir='ltr'>Ταῦτα</span> <span class='ocrx_word' id='word_1_739' title='bbox 2299 5724 2394 5794; x_wconf 78' lang='grc' dir='ltr'>μὲν</span> <span class='ocrx_word' id='word_1_740' title='bbox 2423 5724 2498 5789; x_wconf 77' lang='grc' dir='ltr'>ὡς</span> <span class='ocrx_word' id='word_1_741' title='bbox 2525 5726 2581 5779; x_wconf 78' lang='grc' dir='ltr'>ἐν</span> <span class='ocrx_word' id='word_1_742' title='bbox 2610 5725 2799 5798; x_wconf 78' lang='grc' dir='ltr'>βραχεῖ</span> <span class='ocrx_word' id='word_1_743' title='bbox 2828 5728 2954 5799; x_wconf 64' lang='grc' dir='ltr'>περὶ</span> <span class='ocrx_word' id='word_1_744' title='bbox 2988 5727 3268 5800; x_wconf 80' lang='grc' dir='ltr'>κινήσεως.</span> 
     </span>
    </p>
   </div>
  </div>
