4130 6410
311 367 326 398 1

371 426 473 489 D93

397 499 402 502 Ι
519 537 672 609 Περὶ
703 535 941 606 ἄστρων
965 534 1196 604 δύσεώς
1233 549 1298 588 τε
1330 533 1429 588 καὶ
1464 530 1786 601 ἀνατολῆς.

437 654 538 720 λζ’.
575 652 698 707 Τῶν
729 652 944 724 ἄστρων
966 649 1036 704 τὰ
1065 649 1164 721 μὲν
1191 648 1338 702 ἐστιν
1368 646 1622 718 ἀειφανῆ,
1655 646 1724 700 τὰ
1738 646 1794 700 δὲ
1819 646 1948 699 ποτὲ

374 747 472 819 μὲν
516 743 838 816 φαινόμενα,
889 741 1021 796 ποτὲ
1068 742 1126 796 δὲ
1172 740 1354 811 ἀφανῆ
1378 739 1654 810 γινόμενα.
1696 737 1948 808 Ἀειφανῆ

375 840 473 911 μὲν
497 833 591 891 οὗν
620 838 736 890 ἐστι
761 835 832 890 τὰ
857 834 1006 898 ἐντὸς
1027 833 1120 887 τοῦ
1147 830 1407 905 ἀρκτικοῦ
1433 829 1632 884 κύκλου
1651 846 1665 860 ·
1696 829 1951 882 οὐδέποτε

369 929 480 1001 γὰρ
533 926 856 983 καταδύεται
914 925 1120 980 ταῦτα’
1178 924 1364 996 ἐπειδὴ
1419 922 1553 993 μηδὲ
1599 923 1628 974 6
1683 919 1950 989 περιέχων

370 1021 514 1077 αύτά
540 1020 768 1084 κύκλος·
805 1019 920 1074 ἀλλ’
951 1019 1097 1072 ἐστιν
1138 1018 1226 1074 ἀεὶ
1269 1020 1327 1071 ὲν
1370 1015 1449 1087 τῷ
1495 1015 1636 1085 ὑπὲρ
1679 1015 1782 1084 γῆς
1824 1014 1954 1084 ἡμι-

374 1111 613 1184 σφαιρίῳ
663 1109 928 1181 ἀειφανὴς
981 1109 1120 1181 μετά
1165 1109 1259 1163 καὶ
1296 1107 1404 1162 τῶν
1432 1109 1489 1161 ὲν
1525 1104 1673 1176 αὐτῷ
1703 1105 1947 1176 ἄστρων·

372 1204 557 1274 ἀφανῆ
581 1203 638 1256 δὲ
668 1203 735 1256 τά
765 1201 914 1265 ἐντὸς
957 1201 1050 1254 τοῦ
1091 1198 1453 1272 ἀνταρκτικοῦν
1487 1198 1688 1252 κύκλου
1709 1213 1722 1226 ·
1769 1196 1953 1268 ἐπειδὴ

373 1295 468 1349 καὶ
506 1294 666 1358 αὐτὸς
702 1295 788 1349 ἀεὶ
837 1295 1050 1365 ἀφανής
1086 1295 1220 1348 ἐστι.
1271 1292 1391 1346 Τῶν
1424 1292 1481 1346 δὲ
1509 1291 1709 1346 λοιπῶν
1741 1292 1954 1363 ἄστρων

374 1389 443 1442 τὰ
470 1389 568 1460 μὲν
605 1388 737 1442 ποτὲ
789 1388 886 1460 μὲν
930 1385 1227 1449 ἀνατέλλει,
1263 1386 1392 1440 ποτὲ
1432 1387 1489 1440 δὲ
1533 1385 1676 1440 δύνει
1701 1403 1714 1416 ο
1772 1384 1840 1438 τά
1899 1383 1955 1437 δὲ

375 1479 468 1531 ἐπὶ
499 1479 600 1550 τῆς
627 1477 797 1548 αὐτῆς
824 1477 1018 1540 νυκτὸς
1051 1477 1144 1531 καὶ
1176 1475 1455 1531 ἀνατέλλει
1485 1476 1580 1529 καὶ
1620 1475 1786 1529 δύνει.
1831 1469 1956 1528 Οἷον

375 1567 517 1624 εστω
551 1569 579 1621 6
619 1567 769 1639 ἥλιος
803 1568 860 1620 ὲν
897 1566 1086 1639 Κριῷο
1133 1566 1321 1620 τούτου
1383 1565 1783 1631 ἀνατέλλοντος,
1821 1583 1957 1637 προ-

376 1656 654 1712 ανατέλλει
685 1657 914 1720 Ἵππος·
961 1657 1020 1709 ὲν
1069 1656 1276 1726 Χηλαῖς
1321 1653 1378 1707 δὲ
1432 1654 1584 1719 ὄντος
1636 1653 1731 1706 τοῦ
1780 1651 1955 1724 ἡλίου,

377 1750 472 1806 καὶ
511 1749 889 1812 ἀνατέλλοντος
909 1787 924 1812 ,
963 1747 1180 1802 δέδυκεν
1230 1747 1333 1818 ἤδη
1368 1748 1585 1811 Ἵππος.
1624 1748 1786 1800 Ὥστε
1827 1747 1957 1800 ποτὲ

383 1845 481 1915 μὲν
511 1842 760 1914 φαίνεται
793 1841 1092 1897 ἀνατέλλων
1129 1841 1158 1892 ὁ
1192 1841 1386 1904 Ἵππος
1409 1882 1424 1905 ,
1468 1841 1597 1894 ποτὲ
1646 1840 1703 1894 δὲ
1754 1840 1955 1894 δύνων·

377 1938 580 2009 ὁμοίως
621 1937 679 1990 δὲ
722 1935 819 1990 καὶ
848 1935 917 1989 τὰ
949 1935 1082 1990 ἄλλα
1116 1935 1290 2005 ἄστρα
1317 1933 1424 1987 ἀπὸ
1454 1932 1665 2006 Θερινοῦ
1699 1932 1959 2006 τροπικοῦ

382 2031 544 2101 μέχρι
573 2027 668 2082 τοῦ
699 2027 1032 2100 χειμερινοῦ.
1069 2027 1148 2081 Τὰ
1179 2027 1288 2099 γὰρ
1333 2029 1391 2081 ὲν
1423 2026 1500 2097 τῷ
1523 2027 1866 2098 ἀνταρκτικῷ
1885 2025 1963 2097 τῷ

381 2123 519 2195 πρὸς
540 2124 678 2195 νότῳ
698 2124 825 2177 ὄντα
848 2122 1062 2194 βράδιον
1087 2122 1444 2176 ἀνατέλλοντα
1459 2121 1602 2174 δύνει
1629 2121 1856 2191 ταχέως,
1875 2119 1964 2174 διά

389 2215 450 2268 τὸ
477 2216 658 2268 πλεῖον
684 2211 821 2268 εἶναι
856 2214 1020 2285 μέρος
1053 2213 1154 2284 τῆς
1184 2213 1416 2284 σφαίρας
1451 2211 1556 2265 ὑπὸ
1587 2212 1691 2282 γῆν
1727 2213 1865 2284 πρὸς
1887 2210 1964 2282 τῷ

387 2305 525 2375 νότῳ
543 2321 556 2334 '
588 2303 856 2358 ἀνάπαλιν
887 2304 945 2357 δὲ
967 2304 1036 2356 τὰ
1062 2304 1393 2376 βορειότερα,
1421 2306 1513 2357 καὶ
1554 2301 1751 2374 μεταξὺ
1778 2303 1965 2374 ἀρκτι-

382 2394 479 2450 κοῦ
518 2395 718 2449 κύκλου
767 2396 863 2450 καὶ
919 2395 1271 2467 ίσημερινοῦ,
1330 2395 1539 2466 ταχέως
1586 2395 1962 2458 ἀνατέλλοντα,

384 2485 622 2558 βραδέως
647 2487 811 2553 δύνει,
850 2487 938 2541 διά
973 2487 1034 2540 τὸ
1081 2487 1265 2541 πλεῖον
1297 2487 1442 2559 ἔχειν
1479 2488 1643 2558 μέρος
1693 2487 1834 2558 ὑπὲρ
1863 2488 1966 2558 γῆν

381 2575 480 2643 τὴν
518 2578 749 2647 σφαῖραν
795 2576 932 2647 πρὸς
979 2575 1056 2648 τῷ
1098 2577 1282 2649 βορέᾳ.
1317 2578 1660 2648 Συμϐἡσεται
1706 2574 1799 2632 οὖν
1845 2581 1984 2631 τινα

381 2669 490 2722 τῶν
529 2668 761 2723 ἐνταῦθα
793 2670 1060 2741 κειμένων
1105 2669 1318 2742 ἄστρων
1366 2671 1471 2724 ὑπὸ
1512 2671 1613 2740 τῆς
1659 2672 1828 2742 αὐτῆς
1873 2688 1966 2723 νυ-

387 2760 512 2824 κτὸς
547 2759 851 2814 ἀνατέλλειν
895 2759 990 2814 καὶ⁹
1037 2760 1244 2825 δύνειν,
1283 2759 1318 2814 ἀ
1359 2759 1604 2814 καλεῖται
1658 2758 1964 2830 ἀμφιφανῆ.

383 2853 830 2925 Παραδείγματος
871 2853 930 2906 δὲ
965 2853 1127 2925 χάριν
1171 2852 1528 2925 παρειλήφθω
1576 2852 1605 2903 6
1649 2852 1707 2905 ὲν
1755 2851 1965 2920 γόνασι,

384 2946 480 2999 καὶ
523 2944 662 2998 ἔστω
704 2947 733 2998 6
778 2945 926 3016 ἥλιος
961 2947 1020 2998 ὲν
1070 2944 1308 3018 Τοξότῃ,
1357 2945 1450 2998 καὶ
1495 2943 1776 2997 ἀνατέλλει
1823 2945 1867 2976 ²³
1911 2946 1969 2997 ὲν

376 3034 555 3106 αὐτῷ.
586 3035 754 3090 Πάλιν
781 3035 956 3092 δυέτω
989 3033 1234 3099 δύνοντος
1267 3034 1416 3106 ἡλίου
1436 3053 1450 3066 ο
1479 3034 1685 3106 ἑσπέρα
1726 3033 1844 3086 ἐστὶ
1877 3034 1971 3088 καὶ

385 3127 484 3193 νύξ
502 3145 515 3159 ·
545 3129 572 3179 6
599 3128 656 3181 δὲ
685 3130 741 3183 ὲν
767 3127 985 3196 γόνασιν
1013 3127 1222 3181 οὐδέπω
1249 3127 1468 3182 δέδυκεν
1487 3144 1500 3156 ·
1537 3127 1650 3180 ἀλλ’
1683 3126 1971 3197 ἐπιμείνας

386 3221 446 3271 ὲν
488 3218 567 3290 τῷ
596 3220 746 3290 ’ὑπὲρ
789 3222 893 3290 γῆς
928 3220 1286 3291 ἡμισφαιρίῳ,
1323 3219 1458 3290 πρὸς
1501 3221 1566 3289 τῇ
1592 3217 1738 3270 δύσει
1776 3216 1966 3280 δύνων,
1997 3237 2038 3293 C

389 3311 616 3383 ὕστερον
647 3312 742 3364 ἐπὶ
775 3313 874 3380 τῆς
911 3311 1082 3380 αὐτῆς
1108 3311 1301 3373 νυκτὸς
1347 3309 1718 3380 προλαμϐάνει
1750 3308 1848 3378 τὴν
1875 3306 1968 3360 τοῦ

388 3403 538 3475 ἡλίου
585 3402 846 3474 ἀνατολὴν
886 3403 978 3456 καὶ
1008 3402 1102 3454 τοῦ
1133 3401 1385 3467 Τοξότου,
1426 3400 1841 3473 προανατέλλων
1875 3400 1972 3452 αύ-

387 3494 519 3559 τῶν,
570 3495 664 3548 καὶ
721 3493 945 3566 ὕστερον
992 3492 1169 3547 αὐτῶν
1223 3492 1415 3548 δύνων.
1450 3491 1613 3563 Δηλοῖ
1651 3491 1781 3560 γοῦν
1815 3490 1972 3545 τοῦτο

395 3589 625 3658 Ἀρατος
661 3587 836 3656 λέγων
855 3605 868 3616 ’

393 3679 631 3732 ’Όντινα
690 3678 906 3732 τοῦτον
957 3678 1170 3732 ἄιστον
1222 3677 1325 3733 ὐπ’
1375 3677 1671 3745 οὐρανίων
1714 3677 1975 3732 εἰδώλων

405 3749 762 3818 Ἀμφότερον
791 3747 1072 3811 δύνοντα,
1106 3749 1205 3802 καὶ
1238 3747 1308 3813 ἐξ
1339 3747 1548 3817 ἑτέρης
1577 3748 1822 3802 ἀνιόντα
1899 3777 1907 3787 ~

392 3819 695 3885 Πολλάκις
723 3819 1012 3887 αὐτονυχὶ
1041 3820 1355 3888 θηεύμεθα.

659 3931 782 3984 Ὅτι
803 3929 1012 3996 δύσεις
1034 3929 1244 3996 διτταὶ,
1269 3930 1370 3984 καὶ
1402 3931 1709 3986 ἀνατολαί.

467 4023 566 4094 λη’.
599 4021 760 4086 Δύσις
782 4021 838 4075 δὲ
868 4023 1083 4093 ἄστρων
1113 4024 1231 4076 ἐστὶ
1261 4021 1434 4093 διττὴ,
1460 4024 1554 4076 καὶ
1585 4022 1816 4092 ἀνατολὴ
1835 4039 1849 4053 ·
1881 4024 1976 4078 καὶ

398 4122 431 4182 ἡ
459 4114 556 4184 μὲν
581 4111 692 4183 ἑῴα
721 4113 960 4181 λέγεται,
985 4115 1018 4183 ἡ
1045 4114 1102 4166 δὲ
1135 4114 1384 4184 ἐσπερία.
1425 4113 1564 4186 Ἐῳα
1594 4115 1691 4185 μὲν
1721 4114 1975 4185 ἀνατολὴ,

396 4205 522 4258 ὃταν
553 4205 913 4277 συνανατέλλῃ
944 4204 1020 4275 τῷ
1054 4205 1187 4276 ἡλίῳ
1228 4205 1352 4278 [ὡς]
1386 4206 1582 4279 ἄστρα,
1616 4206 1710 4260 καὶ
1747 4206 1821 4279 μὴ
1860 4208 1976 4278 μετ’

399 4296 562 4352 αὐτοῦ
603 4296 684 4329 ’θ’
721 4297 952 4370 ὲσπερία
995 4297 1072 4360 δὲ,
1121 4299 1270 4365 ὅταν,
1317 4298 1564 4363 δύνοντος
1613 4299 1800 4370 ἡλίου,
1845 4300 1978 4353 ἀνα-

397 4389 556 4460 τέλλῃ
587 4388 708 4442 τινὰ
759 4387 865 4442 τῶν
897 4389 1132 4461 ἄστρων.
1179 4389 1340 4454 Δύσις
1373 4389 1429 4444 δὲ
1467 4389 1576 4460 ἑῴα
1615 4392 1784 4456 ἐστὶν,
1828 4392 1976 4454 ὅταν,

400 4479 549 4550 ἡλίου
595 4480 994 4544 ἀνατέλλοντος,
1038 4480 1170 4555 δύνῃ
1221 4480 1292 4534 τά
1337 4482 1512 4552 ἄστρα
1569 4482 1692 4536 τάδε
1737 4483 1974 4555 ἢητάδεο

402 4568 630 4642 ὲσπερία
653 4570 731 4634 δὲ,
761 4570 888 4625 ὅταν
919 4570 1265 4641 συγκαταδύῃ
1307 4569 1474 4642 αύτῷ.

663 4683 795 4738 ’Ότι
822 4683 1088 4754 διαφέρει
1118 4684 1386 4753 ἀνατολὴ
1415 4685 1723 4755 ἐπιτολῆς.

471 4774 568 4830 λθ’.
591 4774 846 4847 Διαφέρει
861 4775 918 4827 δὲ
937 4773 1169 4846 ἀνατολὴ
1191 4774 1464 4844 ἐπιτολῆς,
1495 4773 1753 4845 Ἀνατολὴ
1769 4773 1864 4846 μὲν
1876 4773 1984 4844 γάρ

402 4884 550 4920 εστιν
585 4868 619 4936 ἡ
659 4866 776 4938 ἅμα
806 4865 884 4937 τῷ
908 4865 1046 4937 ἡλίῳ
1081 4866 1220 4937 ὑπὲρ
1263 4866 1356 4920 τὸν
1404 4866 1654 4938 ὁρίζοντα
1701 4865 1981 4936 ἀναφοράν

402 4957 626 5030 ἐπιτολὴ
655 4958 732 5022 δὲ,
766 4959 897 5013 ὅταν
924 4959 1032 5032 πρὸ
1071 4959 1224 5030 ἡλίου
1256 4958 1360 5012 ὑπὸ
1400 4958 1496 5029 τὴν
1541 4957 1682 5028 ἑῴαν
1731 4957 1988 5030 ἀνατείλῃ

403 5047 621 5118 ἄστρον,
655 5043 775 5102 εἶτα
813 5048 900 5103 ἐπ’
928 5047 1077 5120 αύτῷ
1123 5050 1151 5102 6
1192 5047 1340 5118 ἥλιος
1372 5047 1636 5120 ἐπιτείλῃ.
1671 5049 1765 5100 Δεῖ
1804 5047 1862 5100 δὲ
1899 5049 1978 5100 εί-

405 5138 572 5202 δέναι,
603 5140 709 5205 ὅτι,
743 5141 923 5213 πάσης
952 5139 1102 5213 ὥρας
1141 5139 1594 5212 περιφερομένης,
1635 5140 1728 5194 καὶ
1774 5140 1982 5211 περιδι-

406 5232 672 5303 νουμένης
712 5233 812 5303 τῆς
847 5233 1102 5304 σφαίρας,
1151 5233 1366 5304 ἀνάγκη
1400 5233 1527 5286 emt
1555 5233 1650 5287 καὶ
1694 5232 1762 5286 τὰ
1807 5231 1982 5304 ἄστρα

407 5325 571 5377 παντὶ
623 5325 820 5397 καιρῷ,
873 5327 1058 5380 καὶέν
1092 5325 1274 5397 ἡμέρᾳ
1312 5325 1406 5380 καὶ
1451 5326 1510 5380 ἐν
1551 5325 1706 5379 νυκτὶ
1739 5318 1878 5378 εἶναι
1923 5327 1982 5377 ὲν

408 5416 620 5488 οὐρανῷ
650 5419 1180 5490 συμπεριδινούμενα
1199 5435 1211 5447 ·
1239 5418 1312 5489 μὴ
1335 5416 1617 5487 φαίνεσθαι
1639 5416 1695 5470 δὲ
1721 5419 1778 5470 ὲν
1800 5415 1986 5489 ἡμέρᾳ.

407 5512 474 5581 τῇ
505 5509 775 5581 ὑπερϐολῇ
816 5510 916 5580 τῆς
959 5508 1341 5580 λαμπρότητος
1385 5507 1478 5562 τοῦ
1519 5509 1668 5579 ἡλίου
1711 5508 1985 5562 καλυπτό-

415 5617 570 5672 μενα.
611 5601 894 5671 Ἀνατολὴν
941 5601 998 5654 δὲ
1028 5601 1090 5654 οὐ
1120 5600 1337 5654 λεκτέον
1377 5601 1596 5672 ἄστρου,
1632 5599 1726 5654 ἐὰν
1757 5600 1987 5672 δευτέρᾳ

411 5690 583 5764 ὡρᾳῆ
613 5691 768 5765 τρίτῃ
789 5691 1124 5767 ἀναφέρηται
1155 5692 1296 5756 ὑπὲρ
1325 5692 1427 5763 γῆς
1448 5709 1461 5723 '
1495 5691 1628 5747 ἀλλά
1655 5693 1775 5746 τότε
1802 5693 1983 5764 μόνον,

486 5850 528 5918 ί.
563 5852 610 5884 ’⁸
641 5851 924 5926 ἀνατέλλῃ.
1000 5852 1046 5884 ⁸⁸
1082 5850 1122 5921 f.
1161 5851 1345 5906 αὐτόν.

1102 416 1418 475 ACIIILLIS
1457 415 1644 472 TATII
1681 414 1982 474 ISAGOGE
2018 413 2109 469 AD
2145 411 2359 468 ARATI
2398 407 2874 466 ΡΠΑΞΝΟΜΕΝᾹ.

1984 535 2032 591 Α

3520 409 3624 466 934

2448 525 2524 579 De
2553 525 2786 579 siderum
2810 538 2998 576 occasu
3026 528 3074 576 et
3094 531 3232 577 ortu.

2119 638 2208 694 57.
2241 637 2493 694 Siderum
2515 639 2622 692 alia
2649 651 2864 707 semper
2888 643 3181 707 apparent;
3234 635 3340 689 alia
3372 635 3626 691 videntur

2055 733 2327 789 interdum
2353 775 2368 798 ,
2425 733 2560 789 alias
2604 733 2821 786 occuha
2851 739 2998 786 sunt.
3035 731 3311 800 Apparent
3341 735 3623 799 perpetuo,

2055 838 2176 892 qua!
2200 822 2739 892 comprehenduntur
2781 823 2988 876 arctico
3033 820 3242 876 circulo
3289 838 3302 872 :
3343 834 3624 888 nunquam

2063 915 2207 969 enim
2239 915 2532 981 occidunt;
2563 915 2641 968 uti
2669 929 2844 984 neque
2874 914 3191 982 complexus
3239 912 3329 965 illa
3360 912 3625 976 circulus,

2052 1005 2146 1074 qui
2175 1005 2230 1059 in
2265 1006 2545 1074 superiore
2579 1012 2762 1058 manet
2817 1003 3199 1073 hemiSphmrio
3243 1017 3458 1072 semper
3502 1017 3625 1056 cum

2053 1097 2227 1153 stellis
2259 1098 2376 1151 suis
2412 1111 2702 1166 apparens.
2747 1093 3037 1165 Nunquam
3093 1103 3356 1165 apparent
3405 1111 3468 1149 ea
3510 1110 3623 1164 qua:

2058 1177 2363 1242 antai'ctico
2391 1188 2601 1241 circulo
2647 1187 3020 1251 continentur,
3087 1185 3348 1256 quoniam
3403 1194 3456 1240 et
3515 1187 3629 1256 ipse

2056 1294 2273 1349 semper
2295 1279 2545 1334 occultus
2574 1287 2677 1334 est.
2709 1277 3068 1348 Reliquorum
3115 1279 3358 1332 siderum
3409 1277 3514 1331 alia
3550 1278 3626 1330 in-

2053 1371 2269 1427 terdum
2322 1372 2578 1425 oriuntur
2639 1389 2652 1426 :
2699 1371 2974 1426 interdum
3032 1372 3321 1434 occidunt;
3383 1370 3630 1441 quaedam

2057 1460 2246 1514 eadem
2275 1462 2328 1514 in
2357 1469 2514 1515 nocte
2573 1461 2828 1514 oriuntur
2854 1467 2908 1515 et
2937 1461 3215 1515 occidunt.
3284 1459 3366 1514 Sit
3398 1459 3634 1529 exempli

2057 1567 2223 1608 causa
2255 1555 2335 1608 sol
2363 1553 2416 1606 in
2441 1553 2626 1609 Ariete
2657 1573 2670 1608 :
2700 1561 2825 1608 aute
2855 1553 3000 1608 hunc
3033 1553 3210 1607 oritur
3242 1553 3448 1623 Equus.
3487 1551 3631 1606 Idem

2058 1645 2174 1700 sole
2201 1645 2256 1698 in
2290 1644 2452 1700 Libra
2513 1647 2816 1700 constituto
2857 1652 2982 1699 ante
3028 1645 3175 1698 hunc
3229 1645 3460 1699 occidet.
3494 1642 3638 1697 Hinc

2059 1737 2354 1812 aliquando
2405 1739 2652 1793 cernitur
2702 1737 2888 1807 Equus
2917 1739 3125 1801 oriens,
3166 1737 3302 1792 alias
3325 1738 3584 1791 occidens
3617 1755 3630 1790 :

2061 1829 2143 1884 sic
2193 1840 2338 1885 astra
2397 1831 2605 1900 reliqua
2646 1831 2715 1883 ab
2751 1830 2942 1885 aestivo
2970 1830 3182 1898 tropico
3216 1829 3284 1882 ad
3320 1831 3631 1883 hibernum.

2061 1919 2195 1974 Nam
2219 1937 2340 1991 quae
2375 1921 2428 1974 in
2470 1925 2772 1976 antarctico
2805 1929 2933 1975 sunt
2989 1921 3056 1974 ad
3108 1929 3378 1983 austrum,
3425 1921 3636 1974 tardius

2063 2009 2293 2062 orientia
2337 2009 2499 2064 citius
2549 2009 2812 2063 occidunt
2867 2011 3060 2080 :quod
3114 2011 3309 2078 majori
3357 2025 3420 2063 ex
3482 2016 3641 2078 parte

2050 2100 2276 2172 'sphtera
2307 2101 2447 2154 infra
2477 2108 2680 2155 terram
2713 2101 2934 2156 condita
2965 2103 3036 2155 sit
3063 2103 3127 2156 ad
3165 2101 3476 2167 meridiem;
3504 2117 3638 2156 con-

2064 2201 2148 2246 tra
2181 2206 2303 2261 quae
2331 2191 2569 2245 borealia
2594 2201 2720 2246 sunt
2750 2193 2892 2246 inter
2947 2193 3210 2246 arcticum
3269 2192 3537 2246 circulum
3584 2198 3639 2246 et

2063 2283 2500 2354 aequinoctialem
2536 2283 2735 2353 posita,
2765 2284 2930 2338 citius
2962 2293 3142 2338 ortum
3171 2283 3402 2347 faciunt,
3432 2284 3645 2338 tardius

2065 2389 2324 2429 occasum
2361 2390 2373 2425 :
2408 2383 2692 2445 propterea
2721 2374 2866 2445 quod
2891 2375 3084 2443 majori
3121 2385 3273 2444 parte
3309 2377 3393 2430 sui
3427 2376 3642 2445 sphaera

2067 2480 2230 2534 supra
2263 2473 2463 2519 terram
2527 2466 2754 2536 emergit
2801 2468 2866 2519 ad
2915 2469 3362 2536 septentrionem.
3421 2469 3646 2522 Aet-idet

2066 2571 2196 2626 ergo
2228 2556 2476 2626 quaedam
2516 2565 2574 2610 ut
2602 2557 2675 2610 ibi
2709 2557 2977 2610 collocata
3031 2556 3210 2611 sidera
3257 2558 3444 2612 eadem
3482 2569 3646 2612 nocte

2067 2644 2316 2697 oriantur
2335 2649 2389 2698 et
2420 2643 2672 2698 occidant
2700 2660 2714 2696 :
2747 2660 2868 2714 quae
2885 2646 3173 2717 ἀμφιφανῆ
3193 2656 3410 2700 vocant.
3446 2647 3611 2702 Exem
3632 2679 3644 2688 ~

2067 2735 2141 2805 pli
2173 2735 2347 2806 gratia
2378 2736 2449 2790 sit
2480 2735 2850 2805 lngenieulus,
2886 2736 3066 2804 sitque
3099 2737 3182 2789 sol
3232 2738 3286 2791 in
3319 2736 3647 2807 Sagittario;

2067 2827 2122 2880 in
2149 2843 2215 2881 eo
2238 2827 2391 2882 sidus
2424 2827 2557 2880 illud
2581 2826 2809 2881 orietur.
2831 2825 3046 2882 Rursus
3085 2829 3301 2883 occidat
3333 2830 3438 2884 sub
3484 2845 3647 2884 occa-

2070 2933 2192 2972 sum
2233 2919 2388 2982 solis,
2415 2933 2642 2986 vespera
2665 2919 2792 2983 erit,
2818 2927 2872 2973 et
2897 2935 3004 2973 nox
3031 2937 3046 2975 :
3092 2921 3323 2975 necdum
3359 2920 3646 2992 lngenicu-

2071 3008 2156 3061 lus
2176 3007 2439 3060 occiderit
2466 3025 2478 3061 :
2508 3006 2602 3062 sed
2634 3008 2686 3061 in
2718 3008 3100 3078 hemispinerio
3130 3012 3413 3080 superiore
3459 3015 3648 3068 consi-

2071 3107 2222 3153 stens
2245 3101 2445 3163 adhuc,
2467 3113 2531 3153 ac
2561 3101 2665 3154 sub
2694 3116 2948 3155 occasum
2981 3101 3275 3164 occidens,
3305 3113 3489 3172 postea
3554 3121 3650 3174 per

2072 3192 2316 3246 eamdem
2347 3200 2561 3246 net-tem
2593 3193 2726 3248 solis
2744 3201 2796 3247 et
2825 3193 3102 3266 Sagittarii
3131 3205 3415 3264 praevertet
3438 3203 3642 3262 ortum,

2073 3289 2198 3336 ante
2223 3282 2371 3351 ipsos
2403 3285 2610 3347 oriens,
2641 3293 2694 3359 et
2726 3295 2850 3353 post
2879 3302 2974 3342 eos
3000 3288 3276 3344 occidens.
3315 3288 3472 3354 Quod
3501 3290 3642 3344 Ara-

2069 3382 2159 3427 tus
2193 3372 2276 3428 his
2301 3374 2748 3446 verbisexprimit
2786 3394 2799 3429 :
2883 3415 2886 3422 .

2146 3658 2310 3737 Quem
2342 3661 2550 3737 quidem
2574 3663 2809 3730 ignotum
2833 3664 2969 3719 inter
2997 3668 3226 3721 cwlestes
3254 3669 3508 3737 imagines

2143 3730 2361 3784 Pariter
2397 3735 2738 3794 occidentem.
2773 3744 2822 3788 et
2852 3737 3068 3790 aliunde
3095 3742 3347 3792 orientem

2148 3800 2300 3871 Srepe
2325 3804 2505 3857 eadem
2530 3814 2679 3858 nocte
2715 3807 3000 3880 cernimus.

2312 3915 2459 3972 Duos
2493 3935 2711 3973 occasus
2733 3935 2869 3986 esse,
2901 3931 3148 3993 ortusque
3174 3923 3411 3980 totidem.

2144 4008 2234 4063 58.
2275 4008 2527 4066 Siderum
2549 4027 2783 4067 occasus
2815 4022 3084 4084 ortusque
3108 4017 3308 4086 duplex
3333 4026 3418 4072 est
3449 4036 3464 4072 :
3516 4020 3662 4073 alter

2076 4101 2379 4155 matutinus
2408 4140 2422 4165 ,
2470 4105 2814 4172 vespertinus
2876 4107 3015 4159 alter
3061 4107 3284 4162 dicitur.
3357 4108 3660 4176 Matutinus

2076 4198 2232 4246 ortus
2266 4191 2344 4256 ﬁt,
2378 4209 2501 4247 cum
2527 4195 2736 4250 oriente
2764 4199 2879 4252 sole
2906 4199 3161 4253 oriuntur
3185 4214 3309 4253 cum
3356 4217 3420 4255 eo
3452 4202 3654 4266 sidera,

2078 4300 2190 4340 non
2222 4284 2570 4354 postipsum.
2620 4285 3001 4357 Vespertiuus,
3038 4305 3163 4343 cum
3212 4292 3497 4346 occidente
3539 4295 3655 4348 Sole

2079 4376 2260 4430 sidera
2319 4375 2568 4445 quaedam
2625 4379 2898 4433 oriuntur.
2935 4377 3234 4436 Matutinus
3294 4397 3526 4438 occasus
3575 4391 3658 4438 est

2079 4483 2204 4522 eum
2237 4470 2447 4523 oriente
2474 4471 2589 4524 sole
2626 4471 2883 4525 occidunt
2916 4473 3028 4526 haec
3058 4474 3142 4527 vel
3175 4473 3267 4527 illa
3311 4475 3526 4542 sidera;
3564 4491 3660 4530 ve-

2007 4580 2052 4635 ι)
2081 4562 2357 4633 spertinus
2388 4578 2513 4616 cum
2540 4577 2647 4616 una
2676 4577 2800 4617 eum
2837 4566 2953 4619 sole
2986 4565 3266 4621 conditur.

2293 4677 2433 4743 Quid
2467 4677 2732 4744 ἀνατολή
2767 4688 2815 4732 et
2847 4678 3097 4749 ἐπιτολή
3137 4679 3414 4749 differant.

2149 4771 2239 4827 59.
2274 4771 2462 4825 Diﬂert
2501 4779 2681 4827 autem
2723 4773 2951 4844 ἀνατολὴ
2983 4781 3038 4828 et
3063 4775 3310 4846 ἐπιτολή.
3341 4775 3476 4829 Nam
3533 4776 3636 4829 ἀνα

2081 4865 2207 4937 τολή
2231 4872 2313 4920 est
2339 4867 2664 4920 conscensio
2701 4881 2825 4920 cum
2868 4867 2983 4922 sole
3009 4882 3177 4938 supra
3202 4869 3471 4923 ﬁnitorem
3494 4886 3510 4935 ;
3540 4871 3662 4922 ἐπι-

2085 4959 2213 5030 τολή
2271 4975 2397 5012 cum
2444 4967 2571 5013 ante
2603 4942 2770 5013 solem
2829 4960 3006 5028 primo
3049 4977 3212 5016 mane
3261 4963 3438 5016 oritur
3469 4964 3662 5026 stella;

2085 5065 2248 5121 quam
2284 5051 2418 5105 solis
2446 5059 2599 5105 ortus
2621 5053 2890 5121 sequitur.
2917 5052 3028 5125 94.
3067 5053 3178 5109 Nec
3217 5054 3350 5110 illud
3403 5056 3664 5125 ignoran-

2087 5145 2215 5197 dum
2240 5151 2358 5208 est;
2386 5143 2520 5198 hora
2555 5144 2816 5213 qualibet,
2861 5146 3192 5201 circumacta
3231 5155 3287 5200 et
3324 5147 3575 5202 volvente
3606 5161 3667 5198 se

2089 5236 2322 5306 sphaera,
2367 5237 2550 5292 sidera
2605 5237 2721 5307 ipsa
2776 5239 3087 5294 necessario
3119 5255 3217 5308 per
3247 5254 3407 5293 omne
3451 5248 3670 5306 tempus

2090 5336 2252 5383 nocte
2279 5343 2342 5382 ac
2371 5329 2459 5383 die
2485 5344 2607 5383 cum
2632 5329 2772 5383 ccelo
2803 5328 3146 5384 circumferri
3184 5348 3197 5384 :
3234 5345 3342 5384 non
3380 5340 3556 5384 tamen
3585 5330 3636 5381 in

2091 5416 2272 5470 terdiu
2318 5416 2512 5481 videri,
2556 5418 2961 5472 vehementiori
2985 5418 3276 5488 splendore
3305 5419 3439 5474 solis
3467 5417 3664 5471 oll‘usa.

2090 5509 2362 5563 Caeterum
2424 5521 2576 5566 ortus
2636 5511 2806 5565 stellae
2859 5512 3045 5565 vocari
3077 5527 3184 5565 non
3213 5511 3396 5573 debet,
3447 5511 3671 5580 quando
3747 5553 3757 5562 .

2092 5601 2333 5656 secunda
2361 5604 2586 5658 tertiave
2610 5611 2731 5674 post
2770 5604 2903 5658 hora
2932 5605 3256 5660 conscendit
3283 5605 3663 5669 horizontem;

2094 5694 2188 5751 sed
2218 5705 2347 5752 tunc
2384 5696 2596 5762 solum,
2628 5712 2754 5753 cum
2781 5714 2890 5754 una
2913 5714 3037 5755 cum
3080 5701 3196 5758 sole
3222 5701 3421 5755 oritur.
3478 5697 3566 5753 Sic
3615 5707 3672 5751 et
