4166 6408
307 399 487 489 ’θοι

1115 424 1431 482 ACIIILLlS
1472 423 1659 481 TATII
1700 420 1997 478 lSAGOGE
2028 417 2120 472 AD
2155 414 2366 472 ARATI
2404 409 2881 469 ΡΠΑΞΝΟΜΕΝΑ.

3518 406 3628 464 998

376 544 597 615 δειγμα.
637 541 749 597 Kal
776 540 885 614 γὰρ
906 539 1196 616 φακοειδής
1233 543 1380 593 ἐστιν
1402 542 1437 610 ή
1465 539 1540 610 γῆ
1560 556 1573 567 ·
1611 540 1674 591 ὲκ
1704 538 1798 608 μὲν
1824 538 1949 589 ἐκα-
1978 542 2022 596 Α
2047 534 2076 585 6
2104 529 2421 591 διδάσκαλός
2443 545 2545 599 μου
2597 522 2957 616 Ἰσιδωριανδς
2988 521 3264 616 διαφέρειν
3302 520 3539 616 σφαίρας
3566 521 3629 578 τὸ

380 633 555 704 τέρων
582 631 691 685 τῶν
730 629 913 701 μερῶν
945 628 1039 683 τοῦ
1067 646 1125 682 τε
1153 630 1285 696 ἀνω,
1327 630 1423 684 καί
1458 629 1607 682 κάτω
1653 629 1789 700 πρὸς
1822 627 1952 697 ὕψος

375 722 690 793 οἰκουμένη,
720 721 857 794 πρὸς
893 721 952 774 δὲ
992 720 1062 774 τὰ
1099 725 1310 792 πέρατα
1340 722 1420 784 εἰς
1449 721 1749 791 λεπτότητα
1776 737 1955 774 στενο-

377 812 718 885 χωρουμένη.
760 813 848 875 Ὠς
889 806 983 865 οῦν
1019 810 1339 882 ὑποστάθμη
1383 807 1518 865 οὖσα
1549 809 1636 863 διὰ
1668 809 1729 863 τὸ
1769 809 1951 882 βάρος,

378 907 570 980 πρώτη
621 906 759 978 μετά
800 904 863 957 τὸ
905 903 1036 975 χάος
1093 904 1331 973 πέπηγε.
1381 903 1479 956 Διά
1527 919 1609 956 τοι
1655 902 1812 955 τοῦτο
1862 904 1955 955 καὶ

389 999 648 1065 Ἡσίοδος,
675 998 819 1052 τοῦτ’
850 997 1028 1063 εἰδὼς,
1054 995 1216 1068 φησίν
1236 1011 1250 1025 ·

379 1116 546 1195 ξῌζοι
567 1111 683 1195 μὲν
718 1109 1021 1195 πρώτισταῄ
1045 1108 1193 1195 χάος
1219 1106 1641 1195 γένετ’κλιὺτίίρ
1670 1106 1874 1195 ἔπειτα

375 1182 508 1238 Γαῖ’
530 1177 949 1252 εἰρύστερνος,
977 1177 1219 1233 πάντων
1248 1178 1384 1243 ἕδος
1409 1177 1682 1245 ἀσφαλὲς
1712 1179 1827 1229 αἰεί
1832 1218 1846 1229 .

374 1273 484 1344 95
515 1274 635 1327 Ὅτι
665 1272 721 1325 δὲ
740 1273 833 1326 καὶ
866 1272 1006 1343 μέση
1024 1272 1058 1341 ἡ
1074 1270 1167 1341 γῆ,
1192 1270 1459 1340 μαρτυρεῖ
1479 1270 1730 1338 Ἄρατος,
1746 1267 1917 1337 λέγων
1936 1284 1949 1298 ο

380 1385 579 1449 Ἀξων
613 1384 745 1439 αὶὲν
788 1382 1028 1452 ἄρηρεν.
1066 1383 1228 1452 Ἔχει
1258 1380 1312 1435 δ’
1351 1380 1690 1437 ἀτάλαντον
1714 1380 1952 1451 ἁπάντη

375 1456 706 1526 Μεσσητὺς
735 1455 929 1525 γαῖαν.

375 1566 451 1620 T6
488 1567 597 1639 γάρ
646 1566 942 1620 ἀτάλαντον
982 1565 1105 1620 ἀντὶ
1151 1563 1245 1618 τοῦ
1277 1563 1553 1635 ἀκίνητον.
1588 1563 1723 1637 Περὶ
1765 1562 1821 1616 δὲ
1854 1562 1953 1634 τήν

377 1659 483 1729 γῆν
514 1658 785 1723 κυκλικῶς
815 1657 949 1729 ἄλλη
996 1656 1145 1710 ἐστὶν
1180 1655 1365 1710 ἐπάνω
1398 1659 1601 1727 σφαῖρα
1634 1658 1667 1726 ἡ
1699 1654 1793 1708 τοῦ
1829 1653 1953 1707 ὓδα-

375 1767 490 1814 τος,
524 1749 725 1820 μείζων
758 1749 858 1820 τῆς
900 1749 1025 1820 γῆς.
1063 1746 1137 1800 Τὸ
1168 1749 1276 1818 γάρ
1304 1747 1555 1818 περιέχον
1583 1747 1676 1799 τοῦ
1708 1762 1956 1818 περιεχο-

381 1843 543 1913 μένου
602 1842 783 1912 μεῖζον
832 1836 972 1895 εἰναι
1014 1840 1112 1893 δεῖ.
1165 1841 1319 1895 Μετά
1355 1840 1411 1892 δὲ
1455 1840 1551 1910 τὴν
1600 1838 1693 1891 τοῦ
1738 1839 1951 1903 ὓδατος,

382 1934 545 1999 εὐθὺς
578 1936 612 2005 ἡ
642 1933 742 1987 τοῦ
773 1934 953 2005 ἀέρος,
991 1932 1087 1987 καὶ
1115 1930 1254 2003 αὐτὴ
1295 1930 1479 2001 κύκλῳ
1510 1930 1572 1982 τὸ
1613 1928 1756 2002 ὕδωρ
1801 1946 1958 2001 περι-

377 2025 598 2096 έχουσα.
622 2024 776 2079 Μετά
790 2025 847 2078 δὲ
873 2024 973 2096 τὴν
994 2023 1090 2077 τοῦ
1118 2023 1331 2096 ἀέροςή
1361 2023 1455 2076 τοῦ
1490 2020 1725 2094 αἰθέρος.
1744 2021 1834 2075 Διὸ
1862 2021 1957 2075 καὶ

373 2118 529 2190 ’Ὀμη
538 2118 630 2190 ρός
659 2135 761 2171 που
788 2117 935 2186 λέγει
955 2134 969 2147 ο

379 2233 482 2296 Εἰς
509 2230 732 2299 ἐλάτην
755 2231 980 2296 ἀναϐὰς
1007 2230 1422 2299 περιμήκετον,
1451 2228 1489 2297 ἢ
1524 2230 1640 2283 τότ’
1660 2231 1731 2283 ἐν
1756 2229 1886 2300 Ἴδῃ

377 2301 736 2371 Μακροτάτη
765 2301 1049 2371 πεφυυῖα,
1078 2302 1152 2354 δι’
1184 2300 1357 2369 ἠέρος
1391 2301 1571 2368 αἰθέρ’
1605 2301 1826 2355 ἵκανεν.

383 2416 538 2472 Εἰσὶν
564 2409 657 2469 οὖν
689 2415 950 2487 τέσσαρες
984 2416 1241 2486 σφαῖραιο
1284 2412 1322 2468 ἃ.
1358 2397 1592 2483 στοιχεῖα
1620 2412 1876 2467 καλοῦσιν
1906 2413 1956 2465 οἰ

383 2507 625 2571 παλαιοὶ,
651 2505 739 2559 διὰ
763 2505 825 2559 τὸ
848 2506 1043 2577 στοίχῳ
1070 2506 1164 2559 καὶ
1195 2504 1588 2571 τάξειὲκαστον
1623 2504 1803 2557 αὐτῶν
1826 2504 1958 2555 ὑπο-

381 2597 597 2652 κεῖσθαι
616 2614 629 2628 ·
656 2596 731 2661 ὦς
748 2614 848 2650 που
866 2597 961 2650 καὶ
994 2595 1233 2667 Ἀλκμὰν
1253 2594 1598 2665 ὀμοστοίχους
1620 2594 1845 2647 ἐκάλεσε
1860 2592 1958 2656 τὰς

382 2693 444 2745 ὲν
474 2692 627 2758 τάξει
663 2690 993 2762 χορευούσας
1034 2689 1356 2761 παρθένους.
1385 2688 1487 2742 Kal
1510 2692 1568 2743 ὲν
1600 2692 1955 2761 γραμματικῇ

382 2787 620 2856 στοιχεῖα
660 2785 758 2855 μὲν
805 2782 962 2837 καλεῖ
1001 2782 1043 2814 ³¹
1076 2783 1146 2837 τά
1175 2782 1496 2855 γράμματα,
1536 2782 1624 2836 διὰ
1658 2781 1720 2834 τό
1754 2782 1953 2853 στοίχῳ

378 2876 471 2928 καὶ
498 2873 652 2941 τάξει
687 2874 785 2938 τὰς
814 2874 901 2927 ἐπ’
931 2873 1108 2927 αὐτῶν
1142 2874 1439 2927 πλέκεσθαι
1477 2873 1762 2937 συλλαϐάς.
1798 2874 1957 2927 Μέσα

376 2962 472 3020 οῦν
503 2966 619 3019 ἐστι
651 2965 722 3018 τά
756 2964 926 3036 βαρέα
962 2967 1219 3035 στοιχεῖα.
1273 2964 1611 3035 Θαυμαστῶς
1634 2964 1742 3035 γὰρ
1779 2964 1961 3017 πάντα

378 3057 673 3123 κατέταξεν
696 3059 725 3111 6
755 3056 1115 3129 Δημιουργός.
1147 3056 1204 3109 '0
1228 3055 1336 3127 γὰρ
1368 3054 1528 3128 αἰθὴρ
1559 3055 1652 3108 καὶ
1666 3055 1727 3107 τὸ
1744 3055 1960 3125 πνεῦμα

379 3150 562 3204 πάντα
603 3151 684 3213 εἰς
735 3147 905 3201 ἑαυτά
950 3147 1149 3212 ἔξωθεν
1194 3148 1391 3201 ὲπαι...
1425 3148 1521 3202 καὶ
1549 3145 1671 3200 οὔτε
1711 3147 1791 3217 τῷ
1835 3146 1959 3218 ἀέρι

378 3242 580 3312 πτῆναι
605 3243 899 3313 συγχωρεῖ,
930 3239 1055 3293 οῦτε
1088 3239 1168 3310 τῷ
1194 3240 1345 3293 ὕδατι
1374 3240 1512 3311 χυθῆ

381 3347 514 3401 στην
550 3330 777 3400 μόνιμον
802 3327 897 3381 τοῦ
939 3330 1104 3380 τόπου
1159 3334 1319 3398 τηρεῖ
1340 3332 1438 3399 τὴν
1471 3330 1676 3392 στάσιν,
1714 3329 1855 3382 κατά
1896 3328 1957 3381 τὸ

377 3424 474 3479 ἐπὶ
509 3422 606 3476 τοῦ
644 3421 839 3491 λύχνου
863 3420 1186 3491 ὑπόδειγμα,
1204 3419 1413 3490 καὶτῆς
1436 3420 1587 3486 παρά
1612 3423 1724 3484 τοῖς
1756 3423 1958 3490 ἰατροῖς

381 3513 596 3578 σικύας,
646 3513 681 3585 ἢ
731 3512 810 3584 τῷ
837 3512 971 3583 πυρὶ
1009 3511 1147 3583 πρὸς
1188 3512 1385 3582 ἑαυτὴν
1417 3512 1573 3582 ἄγχει
1601 3511 1700 3575 τὰς
1733 3512 1955 3581 φλέϐας.

394 3608 453 3661 '0
481 3608 579 3678 μὲν
609 3602 703 3660 οὖν
726 3605 834 3677 ἀὴρ
864 3604 970 3657 ὑπὸ
1002 3603 1094 3658 τοῦ
1137 3603 1306 3676 πυρὸς
1334 3604 1613 3674 συνέχεται
1637 3621 1650 3634 ο
1675 3604 1735 3658 τὸ
1758 3604 1814 3658 δὲ
1847 3603 1959 3675 πῦρ

383 3698 522 3770 μετά
548 3695 642 3752 τοῦ
675 3696 837 3767 ἀέρος
858 3694 927 3749 τά
957 3693 1156 3749 πάντα.
1186 3694 1286 3748 Διά
1315 3692 1492 3757 τοῦτο,
1514 3693 1670 3763 ὕδωρ
1699 3694 1797 3749 καὶ
1822 3693 1961 3764 γαῖα

379 3789 679 3862 γένοισθε,
719 3788 819 3858 οὐχ
871 3786 947 3850 ῶς
985 3803 1129 3851 τινες
1164 3786 1410 3858 κατάραν
1457 3788 1568 3850 τοῖς
1602 3785 1959 3857 στρατιώταις

381 3880 728 3952 κατηράσατο
750 3896 764 3909 ·
795 3877 931 3931 ἀλλά
976 3878 1068 3931 τὸν
1094 3876 1249 3932 ὄκνον
1280 3876 1438 3941 εἰδὼς
1470 3879 1534 3930 ὲκ
1579 3876 1688 3932 τῶν
1718 3876 1959 3949 βαρυτά-

379 3990 490 4026 των
507 3972 637 4026 ὅντα
658 3969 955 4042 στοιχείων,
997 3969 1097 4043 τὴν
1133 3969 1409 4042 βαρύτητα
1436 3971 1618 4033 αὐτοῖς
1665 3970 1957 4039 ὠνείδισεν,

383 4060 556 4118 εἰπών
575 4081 590 4096 ·
1096 4052 1099 4057 ’

395 4179 547 4234 Ἀλλ’
572 4181 743 4249 ὑμεις
777 4192 894 4249 μεν
927 4191 1148 4244 παντες
1181 4176 1339 4249 ὕδωρ
1360 4177 1457 4231 καὶ
1496 4176 1634 4247 γαῖα
1666 4176 1960 4248 γένοισθε.

715 4252 781 4302 El
809 4248 1122 4316 ἓστηκενή
1164 4247 1263 4317 γῆ,
1287 4249 1325 4316 ἢ
1362 4250 1647 4313 κινεῖται.

456 4362 530 4432 γ’.
572 4363 746 4427 Τινὲς·
779 4362 875 4416 καὶ
902 4361 1071 4433 αὐτὴν
1108 4352 1679 4433 συμπεριστρέφεσθαι
1694 4359 1771 4431 τῷ
1800 4359 1964 4415 παντί

385 4470 571 4525 φασιν.
609 4452 972 4525 Ἀναισθήτως
998 4452 1056 4506 δὲ
1088 4453 1234 4524 ἡμᾶς
1270 4453 1395 4516 τοὺς
1426 4451 1766 4516 ἐνοικοῦντας
1796 4450 1960 4523 ἔχειν,

381 4546 473 4599 διά
497 4546 558 4599 τὸ
589 4548 648 4598 ὲν
677 4543 858 4616 μικρῷ
886 4543 1020 4615 ὀρίῳ
1062 4543 1163 4614 τῆς
1195 4544 1299 4615 γῆς
1323 4546 1616 4600 κατοικεῖν.
1651 4544 1868 4597 Βέλτιον
1904 4543 1961 4597 δὲ

378 4636 556 4708 αὐτὴν
572 4636 828 4706 ἀκίνητον
846 4635 1009 4705 ἔχειν,
1036 4634 1370 4705 πανταχόθεν
1386 4635 1489 4688 ὑπὸ
1510 4634 1616 4688 τῶν
1639 4636 1767 4706 περὶ
1791 4635 1962 4707 αὐτὴν

384 4729 665 4799 στοιχείων
686 4728 1148 4799 περιωθουμένην.
1171 4727 1353 4780 Δῶκεν
1374 4715 1419 4760 δ”
1446 4727 1503 4782 δὲ
1526 4729 1618 4781 xal
1638 4728 1958 4800 ὑπόδειγμα.

389 4822 455 4875 Ὅ
486 4820 629 4886 ἄξων
654 4821 761 4874 ἀπὸ
796 4819 1059 4892 ἀρκτικοῦ
1089 4819 1251 4873 πόλου
1279 4821 1440 4892 μέχρι
1472 4818 1566 4873 τοῦ
1600 4818 1960 4891 ἀνταρκτικόῦ

383 4914 584 4982 διήκει,
626 4912 715 4965 διὰ
758 4911 853 4964 τοῦ
910 4911 1145 4981 αἰθέρος,
1190 4911 1286 4965 καὶ
1330 4910 1441 4964 τῶν
1477 4910 1651 4965 ἄλλων
1686 4910 1963 4981 στοιχείων

2055 620 2388 694 σφαιροειδὲς
2407 619 2579 693 ταύτῃ
2598 662 2614 687 ,
2710 618 2744 688 ἡ
2764 616 2862 687 μὲν
2888 617 3092 685 σφαῖρα
3119 613 3464 685 κυκλοτερῶς
3489 628 3628 667 παν-

2051 714 2275 785 ταχόθεν
2311 714 2391 775 εἰς
2418 711 2667 781 λειότητα
2699 709 3058 779 ἀπήρτισται·
3099 707 3161 761 τὸ
3198 705 3533 778 σφαιροειδὲς
3572 704 3631 757 δὲ

2052 807 2272 871 κύκλος,
2297 807 2359 858 οὐ
2388 804 2492 876 μὴν
2519 803 2653 870 ἴσος,
2697 801 2812 855 ἀλλ’
2854 800 2992 872 ἔχων
3024 798 3241 870 εἰσοχάς
3281 800 3375 853 καὶ
3416 794 3629 868 ἐξοχάς.

2056 899 2243 951 Ἔστιν
2262 892 2353 950 οῦν
2386 897 2419 967 ἡ
2458 895 2529 967 γῆ
2560 891 2904 965 σφαιροειδὴς
2927 893 2985 945 ὲν
3021 889 3296 962 κοιλότησί
3336 906 3396 943 τε
3440 905 3635 944 ταπειο

2053 988 2308 1059 νουμένη,
2362 986 2457 1039 καὶ
2503 986 2564 1040 ὲν
2620 985 3002 1055 ἀναστήμασιν
3057 981 3357 1054 ὑψουμένη.
3396 984 3500 1035 Ἦν
3538 976 3634 1035 οὖν

2052 1078 2306 1149 οἰκοῦμεν
2324 1079 2485 1149 ἡμεῖς
2511 1076 2634 1147 γῆν,
2661 1075 2865 1146 μαστός
2885 1076 3034 1128 ἐστιν
3050 1072 3260 1145 ὥσπερ,
3288 1073 3384 1127 καὶ
3420 1071 3633 1144 κορυφὴ

2052 1166 2152 1237 τῆς
2202 1167 2407 1237 πάσης·
2461 1164 2712 1235 καθάπερ
2755 1164 2849 1217 καὶ
2884 1162 2984 1227 τάς
3017 1163 3214 1235 νήσους
3271 1161 3329 1215 ὲν
3362 1160 3511 1232 μέσῳ
3553 1159 3632 1230 τῷ

2053 1258 2279 1328 πελάγει
2308 1257 2658 1320 ὲπαναϐάσας
2680 1255 2758 1321 τῷ
2790 1253 2944 1308 ὕδατι
2966 1253 3202 1326 ὁρῶμεν.
3238 1251 3395 1308 Οὕτω
3422 1252 3517 1307 καὶ
3535 1251 3635 1323 τὴν

2052 1350 2232 1402 πᾶσαν
2277 1348 2603 1419 οἰκουμένην
2657 1346 2951 1417 γενήσουσι
2980 1345 3181 1416 τρόπον
3227 1345 3417 1416 ἐπέχει
3473 1344 3519 1376 ³⁸
3555 1344 3636 1415 τῷ

2052 1440 2199 1512 ὄγκῳ
2221 1440 2314 1495 τοῦ
2363 1441 2747 1511 ἀναστήματος
2778 1430 3289 1494 ἐπανακύπτουσαν.
3343 1438 3636 1509 Συμϐαίνει

2052 1531 2162 1602 γὰρ
2186 1531 2246 1585 τὸ
2277 1531 2420 1604 ὕδωρ
2453 1532 2596 1585 κατά
2625 1549 2745 1586 τινα
2778 1531 2919 1603 μέρη
2951 1531 3051 1602 τῆς
3075 1532 3197 1602 γῆς,
3225 1529 3292 1584 ἀν
3321 1530 3480 1603 τύχῃ,
3507 1528 3636 1583 ποτὲ

2056 1623 2154 1692 μὲν
2187 1622 2521 1687 πλεονάζειν,
2552 1622 2681 1675 ποτὲ
2702 1623 2756 1675 δὲ
2789 1622 2975 1694 λήγειν
2996 1621 3189 1687 οὕτως,
3215 1621 3357 1674 ὥστε
3381 1623 3634 1691 ὲπινηχο-

2057 1708 2224 1785 μένην
2271 1712 2474 1766 οἴεσθαι
2530 1712 2628 1784 τὴν
2674 1713 2797 1783 γῆν.
2862 1712 2972 1765 Καὶ
3015 1710 3077 1765 τὸ
3122 1709 3294 1775 πάθος
3323 1711 3382 1763 οὐ
3417 1712 3544 1782 περί
3572 1710 3636 1763 τὸ

2055 1806 2285 1876 πάσχον,
2334 1804 2471 1859 ἀλλά
2514 1806 2641 1878 περὶ
2665 1806 2726 1859 τὸ
2749 1804 3040 1875 βαστάζον,
3080 1804 3333 1876 καθάπερ
3361 1804 3453 1859 καὶ
3482 1806 3539 1857 ὲν
3566 1807 3633 1876 τῇ

1990 1906 2030 1963 Β
2060 1898 2302 1970 θαλάσσῃ
2340 1898 2584 1967 γίνεταιο
2627 1898 2689 1951 τὸ
2734 1897 2879 1969 ὕδωρ
2911 1897 3015 1950 ὑπὸ
3051 1897 3159 1953 τῶν
3193 1898 3410 1969 ἀνέμων
3455 1897 3637 1951 κινού-

2060 2006 2220 2061 μενον
2259 1989 2544 2061 ἀνώμαλον
2583 1989 2824 2043 δείκνυσι
2855 1990 2954 2061 τὴν
2989 1989 3342 2059 ἐπιφάνειαν·
3372 1991 3501 2044 ποτὲ
3538 1990 3637 2061 μὲν

2057 2080 2439 2153 κυρτουμένων
2489 2080 2748 2151 κυμάτων
2805 2079 2893 2133 διὰ
2921 2080 3022 2151 τὴν
3052 2080 3143 2133 τοῦ
3172 2080 3485 2151 πνεύματος
3505 2098 3634 2150 σφο-

2056 2174 2308 2245 δρότητα,
2338 2170 2435 2227 εἷθ’
2470 2174 2575 2226 ὑπὸ
2604 2174 2704 2243 τῆς
2739 2172 2976 2243 φυσικῆς
3006 2172 3249 2244 ἀνάγκης
3281 2174 3361 2237 εἰς
3385 2173 3632 2246 λειότητα

2055 2267 2441 2338 διαχεομένων.
2474 2267 2538 2319 Εἰ
2581 2262 2674 2319 οὖν
2706 2265 2947 2336 συμϐαίη
2980 2263 3131 2337 κῦμα
3163 2265 3364 2336 ὑψηλὸν
3410 2266 3639 2337 ὑποδρα-

2060 2361 2178 2429 μεῖν
2206 2357 2356 2423 ναῦν,
2380 2357 2699 2429 ὲπαιωρίζει
2744 2357 2843 2427 μὲν
2872 2356 3043 2427 αὐτὴν
3083 2358 3164 2420 εἰς
3197 2356 3351 2426 ὓψος,
3382 2357 3636 2429 διαχυθὲν

2055 2448 2111 2501 δὲ
2129 2451 2491 2520 συγκατασπᾷ
2538 2450 2633 2502 καὶ
2682 2448 2781 2520 τὴν
2805 2449 2959 2503 ναῦν.
2996 2448 3107 2500 Kal
3137 2450 3169 2519 ή
3198 2449 3413 2521 κίνησις
3443 2451 3504 2503 οὐ
3536 2450 3639 2520 τῆς

2056 2541 2203 2613 νηὸς,
2233 2541 2368 2594 ἀλλά
2388 2541 2479 2594 τοῦ
2504 2540 2694 2604 ὓδατος
2720 2539 2949 2610 γίνεται.
2979 2543 3072 2594 Δεῖ
3083 2542 3139 2595 δὲ
3162 2542 3382 2603 εἰδέναι,
3414 2542 3496 2594 ὅτι
3528 2541 3641 2593 τῶν

2058 2632 2336 2703 στοιχείων
2388 2633 2619 2687 ἕκαστον
2662 2632 2723 2686 οὐ
2755 2632 2855 2703 τὴν
2885 2633 3080 2686 ἑαυτοῦ
3106 2633 3276 2705 μόνην
3310 2633 3422 2704 ἔχει
3453 2621 3641 2703 φύσιν,

2057 2724 2172 2777 ἀλλ’
2237 2725 2480 2779 ἑκάστων
2540 2725 2649 2779 τῶν
2687 2725 2909 2790 λοιπῶν,
2950 2725 3046 2779 καὶ
3075 2725 3226 2778 οὐδὲν
3270 2726 3496 2796 ἄμοιρον
3540 2728 3640 2796 τῆς

2056 2816 2165 2870 τῶν
2218 2817 2420 2871 λοιπῶν
2480 2818 2791 2888 μετουσίας.
2836 2817 2962 2870 Ἐπὶ
3011 2815 3222 2880 τούτοις
3252 2816 3316 2888 δὴ
3352 2820 3465 2880 τοῖς
3504 2834 3643 2871 στοι-

2057 2906 2224 2978 χείοις
2250 2907 2448 2972 έξωθέν
2474 2908 2591 2961 ἐστι
2618 2908 2796 2961 πάντα
2822 2907 3090 2979 περιέχων
3117 2908 3146 2960 6
3181 2906 3406 2979 οὐρανὸς
3437 2910 3643 2980 σφαῖρα

2058 2999 2304 3070 πέμπτη,
2327 2997 2451 3051 οὒτε
2484 2997 2673 3071 βαρὺς,
2700 2997 2825 3052 οὔτε
2852 2998 3054 3068 κοῦφος
3076 3015 3093 3031 ’
3123 2998 3642 3070 ἀλλάτμεμιγμένην

2058 3092 2123 3144 ὲκ
2154 3090 2370 3146 πάντων
2403 3090 2515 3160 ἔχει
2541 3090 2638 3162 τὴν
2662 3093 2860 3161 κρᾶσιν
2889 3104 2903 3119 °
2932 3089 3014 3142 διὸ
3049 3088 3142 3143 καὶ
3168 3088 3267 3161 τὴν
3293 3089 3550 3143 σύστασιν
3577 3091 3643 3143 ἐκ

2058 3181 2158 3252 τῆς
2185 3180 2434 3253 κράσεως
2480 3180 2704 3251 βεϐαίαν
2754 3180 2888 3251 ἔχει.
2917 3180 3028 3235 Kal
3052 3180 3366 3253 ὠνόμασται
3400 3182 3552 3252 παρά
3583 3182 3646 3235 τὸ

1516 3256 1640 3346 νςκι·
1672 3240 1787 3292 ἀλλ’
1829 3241 1960 3346 ἑκάς
1984 3244 2027 3300 C
2059 3240 2289 3344 ιρᾅιεὶν,
2316 3274 2345 3326 δ
2374 3240 2521 3326 ὲςὲτὶν
2537 3274 2746 3344 όρμᾷνο
2780 3240 3114 3345 προώρμησε
3136 3240 3245 3345 έάρ
3281 3240 3510 3346 οὐρανδξ
3532 3275 3645 3329 τῶν

2057 3362 2229 3417 ἄλλων
2250 3363 2552 3433 στοιχείων.
2587 3365 2652 3416 Εἰ
2671 3363 2728 3416 δέ
2750 3364 2867 3417 ἐστί
2890 3382 2944 3417 τι
2965 3365 3121 3418 κενὸν
3146 3365 3342 3431 ἔξωθεν
3369 3366 3463 3419 τοῦ
3482 3366 3646 3439 οὐρα-

2056 3452 2171 3518 νοῦ,
2198 3455 2259 3507 οὑ
2291 3454 2583 3527 περίεργος
2617 3457 2749 3527 ἡμῖν
2788 3458 2823 3527 ή
2863 3455 3111 3528 ζήτησις.
3141 3456 3289 3527 Πλὴν
3330 3458 3379 3510 οἰ
3414 3459 3647 3513 Στωϊκοὶ

2056 3545 2305 3616 λέγουσιν
2326 3541 2466 3601 εἶναι
2487 3564 2500 3577 ³
2529 3546 2703 3620 ταύτῃ
2731 3547 2838 3619 γάρ
2860 3546 3140 3621 διαφέρειν
3161 3548 3222 3602 τὸ
3239 3548 3358 3603 ὅλον
3383 3551 3479 3603 τοῦ
3505 3568 3645 3604 παν-

2054 3638 2170 3703 τός.
2204 3638 2345 3693 Ἀλλ’
2363 3640 2463 3693 οὐκ
2485 3630 2827 3713 ἀπειρον,ὡς
2859 3641 3203 3713 Ἐπίκουρος,
3240 3643 3335 3695 καὶ
3368 3644 3416 3695 οἰ
3442 3642 3643 3697 λοιποί.

2070 3730 2224 3785 Ἐπεὶ
2252 3731 2311 3785 δὲ
2349 3731 2725 3804 συμμεμίχθαι
2755 3731 2834 3803 τῷ
2863 3732 3012 3786 ὕδατι
3050 3733 3147 3805 τὴν
3178 3733 3282 3804 γῆν
3316 3750 3517 3803 φαμεν,
3547 3750 3646 3785 τυ-

2058 3821 2172 3895 χὼν
2210 3824 2256 3856 ³⁸
2288 3824 2612 3896 ἀμφοτέρων
2640 3824 2850 3896 ποίημα
2879 3820 2948 3897 ἦν
2981 3826 3010 3877 6
3033 3824 3350 3897 ἄνθρωπος,
3382 3826 3644 3890 Ἡσίοδοςο

2059 3914 2250 3969 Γαῖαν
2268 3914 2397 3969 ὕδει
2420 3917 2651 3987 φύρειν,
2677 3916 2748 3970 έν
2775 3899 2827 3970 δῖ
2857 3916 3170 3991 ἀνθρώπου
3211 3915 3389 3987 θέμεν
3426 3918 3643 3985 αὐδήν.

2060 4005 2343 4061 Καὶτοῦτό
2372 4008 2520 4062 ἐστιν
2551 4010 2580 4061 6
2614 4006 2783 4080 μῦθος
2807 4009 2835 4061 6
2869 4008 3226 4080 Προμηθέως.

2483 4121 2556 4174 Εἰ
2581 4117 2693 4181 ζῶα
2727 4119 2929 4191 τρέφει
2967 4123 3000 4175 ό
3024 4120 3220 4190 αἰθήρ.

2130 4229 2193 4283 δ’.
2234 4230 2292 4284 'U
2319 4230 2420 4302 μὲν
2460 4233 2692 4303 ποιητής
2740 4250 2842 4287 που
2872 4231 3019 4301 λέγει
3048 4231 3121 4285 δι’
3151 4231 3382 4301 αἰθέρος
3405 4232 3648 4303 ἀτρυγέ-

2062 4338 2206 4380 τοιο,
2241 4324 2467 4393 ’Λγονον
2494 4325 2591 4377 καὶ
2642 4325 2911 4395 ἄκαρπον,
2958 4324 3034 4387 ὥς
3071 4341 3217 4388 τινες
3266 4324 3429 4378 αὐτὸν
3480 4327 3649 4379 αἰνιτ-

2063 4415 2309 4486 τόμενοιο
2345 4415 2393 4447 ⁸⁸
2439 4411 2509 4488 ἧς
2541 4414 2766 4487 γνώμης
2806 4415 3105 4469 κινδυνεύει
3156 4416 3248 4469 καὶ
3299 4419 3327 4470 6
3384 4417 3649 4489 Πίνδαρος

2066 4501 2231 4572 εἶναι,
2279 4507 2486 4578 λέγων·
2533 4507 2757 4578 ἐρήμας
2788 4507 2862 4560 δι’
2911 4507 3166 4576 αἰθέρος.
3215 4508 3556 4580 Εὑρίσκομεν
3590 4510 3649 4563 δὲ

1990 4586 2040 4645 Ι)
2067 4599 2231 4653 αὑτὸν
2281 4598 2668 4669 ξωογονοῦντα,
2721 4599 2816 4653 καί
2868 4598 2984 4663 ζῶα
3010 4599 3221 4669 ἔχοντα,
3249 4600 3485 4671 μάλιστα
3523 4603 3651 4666 τοὺς

2070 4688 2368 4760 πλάνητας,
2402 4690 2490 4745 διὰ
2508 4691 2569 4744 τὸ
2595 4690 2967 4762 αὐτοκίνητον.
3003 4693 3116 4745 Kal
3142 4691 3411 4763 Ὅμηρος,

2083 4802 2326 4870 Ἠέλιος,
2378 4803 2448 4870 ὃς
2490 4802 2663 4858 πάντ’
2702 4802 2943 4874 ἐφορᾷς,
2969 4804 3068 4859 καί
3101 4804 3275 4859 πάντ’
3313 4805 3650 4873 ἐπακούεις,

2069 4904 2210 4981 ζῶον
2253 4916 2423 4971 εἰπὼν
2476 4916 2644 4985 ἔδειξε
2684 4917 2776 4971 τὸν
2804 4917 2975 4989 ἥλιον·
3015 4917 3080 4971 Τί
3105 4912 3198 4971 οῦν
3226 4916 3457 4988 λέγομεν
3484 4917 3653 4989 ἀτρύ-

390 5003 724 5074 ίκνούμενος.
763 5002 828 5055 Ἠ
862 5002 932 5070 γῆ
954 4997 1046 5054 οὖν
1063 5001 1339 5073 βαρυτάτη
1363 4997 1497 5055 οὖσα
1514 5002 1749 5054 ὲνεῖκται
1778 5001 1845 5066 ³³,
1865 5001 1961 5054 καὶ
2067 5024 2255 5078 γετον;
2288 5009 2349 5061 οὐ
2386 5008 2448 5061 τὸ
2490 5007 2760 5079 ἄκαρπον,
2795 5008 2906 5062 Καὶ
2943 5007 3052 5079 γὰρ
3088 5007 3260 5078 γῆν...
3310 5006 3453 5060 ἔοικε
3483 5007 3539 5060 δὲ
3560 5008 3655 5060 καὶ

385 5095 826 5166 ἐμπεπερόνηται
854 5094 1357 5166 ἐμπεριειλημμένη
1382 5094 1485 5146 ὑπὸ
1503 5092 1604 5146 τοῦ
1625 5094 1844 5160 ἄξονοςο
1885 5093 1963 5158 ὡς
2067 5102 2157 5156 διὰ
2207 5101 2304 5172 τὴν
2347 5100 2501 5167 τάξιν
2541 5098 2635 5153 τοῦ
2685 5098 2884 5162 παντὸς
2917 5099 3013 5152 καὶ
3052 5098 3151 5169 τὴν
3190 5096 3372 5167 φύσιν.
3406 5096 3654 5167 Ὅμηρος

391 5185 1117 5257 μὴδύνασθαικινεῖσθαι.Τά
1136 5185 1193 5239 δὲ
1208 5185 1342 5239 ἄλλα
1358 5184 1971 5256 χαυνότεραδντατόπον
2075 5187 2169 5245 οὖν
2224 5191 2564 5262 καταμιγνὺς
2622 5189 2684 5243 τὸ
2739 5188 2985 5259 μυθῶδες
3035 5188 3114 5259 τῷ
3171 5185 3384 5257 φυσικῷ
3410 5202 3429 5217 °
3482 5187 3511 5238 6
3545 5185 3654 5255 γὰρ

388 5277 579 5348 ἔχοντα
627 5279 953 5349 στρέφεται·
990 5276 1177 5348 ῶσπερ
1206 5276 1271 5330 ἂν
1302 5278 1357 5330 εἴ
1394 5294 1479 5340 τις
1519 5276 1781 5347 ὀϐελίσκῳ
1813 5275 1968 5341 ξύλον
2049 5282 2229 5344 ’Ζεὺς,
2271 5280 2330 5332 ὃν
2385 5295 2564 5350 φαμεν
2597 5274 2735 5332 εἶναι
2764 5278 2859 5332 τοῦ
2895 5277 3095 5342 παντὸς
3129 5274 3480 5348 δημιουργὸν,
3514 5274 3655 5344 πρὸς

389 5368 661 5439 ἀκινήτως
696 5368 1067 5439 ἐμπερονήσῃ,
1103 5366 1421 5438 ὲμπεριθεὶς
1450 5365 1526 5437 τῷ
1578 5365 1718 5438 ξύλῳ
1738 5368 1967 5438 τροχοὺς
2072 5371 2164 5424 τὸν
2190 5371 2330 5441 ἀέρα
2358 5369 2456 5440 τὴν
2480 5370 2659 5439 ’Ἥραν
2691 5368 2873 5437 λέγει·

391 5460 753 5530 κυκλοτερῶς.
798 5459 1089 5532 Συμϐαίνει
1114 5459 1223 5532 γὰρ
1248 5460 1374 5522 τοὺς
1417 5460 1515 5530 μὲν
1548 5459 1776 5529 τροχοὺς
1800 5462 1967 5511 κινεῖ-

393 5550 538 5616 σθαι,
568 5552 628 5605 τὸ
652 5552 710 5605 δὲ
744 5551 896 5617 ξύλον
924 5553 1201 5622 ἀκινητεῖν
1232 5551 1336 5605 ὑπὸ
1356 5550 1452 5603 τοῦ
1486 5548 1817 5621 κρατοῦντος
1846 5566 1967 5602 στε-

391 5642 816 5716 νοχωρούμενον.
849 5645 985 5697 Φασὶ
1005 5645 1062 5698 δὲ
1102 5643 1383 5714 Διόδωρος,
1419 5644 1512 5697 καὶ
1546 5643 1839 5714 Κοδρᾶτος,
1870 5642 1967 5696 καὶ
2074 5641 2188 5697 ἐστι
2225 5643 2325 5713 μὲν
2346 5644 2451 5716 γάρ
2473 5644 2502 5697 6
2529 5642 2875 5716 κρεμάμενος
2910 5643 3018 5716 ἀὴρ
3046 5644 3195 5717 ’Ἡρα
3214 5660 3228 5673 ο
3254 5644 3305 5697 οἰ
3325 5642 3390 5697 δὲ
3422 5642 3657 5714 ἄκμονες

2077 5464 2148 5517 Ἦ
2171 5465 2243 5517 οὑ
2273 5462 2493 5531 μέμνῃ,
2520 5462 2618 5515 ὅτε
2640 5463 2688 5515 τ’
2711 5462 2934 5531 ἐκρέμω
2957 5463 3209 5529 ὑψόθεν,
3232 5460 3307 5531 ,ἐκ
3334 5458 3403 5531 δέ
3421 5457 3660 5531 ποδοῖιν

2077 5529 2369 5602 Ἀκμονας
2396 5529 2515 5604 ἧκα
2551 5532 2692 5600 δύω,
2732 5529 2866 5602 περὶ
2894 5531 3068 5602 χερσί
3111 5531 3180 5585 δὲ
3216 5530 3446 5601 δεσμὸν
3478 5529 3657 5598 1111a;

465 5764 509 5838 *ξ
539 5764 581 5835 f.
616 5765 879 5819 καλεῖται.
956 5767 1000 5799 ³³
1033 5765 1155 5837 Leg.
1193 5766 1389 5838 δῶμεν.

1468 5766 1512 5799 ³³
1542 5766 1583 5836 Ῑ.
1614 5767 1871 5837 ἐνεῖρται.
1950 5767 1996 5799 ³⁸
2097 5765 2202 5838 γῆν
2224 5770 2390 5834 vtam
2419 5777 2471 5822 οι
2503 5767 2738 5837 ἐπέχειν.
2778 5768 2821 5801 ³⁸
2852 5767 2894 5837 f.
2926 5767 3109 5838 τυχόν,
3141 5782 3267 5824 mox
3287 5765 3364 5831 ὡς
3394 5764 3656 5829 Ἡσίοδος.

395 5833 444 5868 ³⁸
540 5833 934 5907 αἰνιττόμενος.
