4130 6410
509 429 616 489 999

1470 428 1562 484 AD
1601 428 1869 485 EUSEBII
1898 428 2294 487 CHRONICON
2334 425 2695 482 APPENDIX.

3628 430 3768 490 ιοοο

507 549 618 602 τῶν
642 545 921 619 στοιχείων
968 545 1038 600 τά
1086 544 1383 620 βαρύτατα,
1412 543 1507 599 τοῦ
1559 545 1722 617 ἀέρος
1761 545 2083 617 ἠρτημένα·
2114 553 2159 609 Α
2187 543 2432 615 ἀλλήλων
2466 541 2714 613 κείμενα,
2739 538 3017 613 Καρκίνος
3048 539 3355 613 Δίγὸκερῳ,
3382 539 3562 612 Χηλαὶ
3588 542 3765 616 Κριῷ.

507 640 538 693 6
565 638 621 692 δὲ
644 636 843 710 χρυσὸς
871 636 913 668 ³⁴¹
946 635 1146 707 δεσμὸς
1174 633 1285 690 τῶν
1314 634 1516 706 χειρῶν
1535 635 1598 690 τὸ
1623 636 1756 707 1:69.
1776 635 2089 690 Συνδέδεται

508 731 618 803 γὰρ
666 729 747 801 τῷ
796 729 975 801 αἰθέρι
1016 729 1078 781 τὸ
1116 729 1243 782 πᾶν.
1279 729 1403 784 Ζῶα
1430 728 1489 782 66
1513 729 1609 783 τοῦ
1638 731 1802 803 ἀέρος
1830 729 1900 785 τά
1924 733 1982 785 6v
2012 732 2090 802 τῷ

507 813 631 896 ἀέρι
658 822 935 894 φερόμενα
965 821 1411 894 αὐτομολήσαντα
1444 823 1582 896 πρὸς
1608 823 1670 878 τὸ
1695 812 1895 896 φυσᾷν.

1087 934 1228 1005 Περί
1253 936 1514 991 κύκλων.

508 1051 518 1083 ί
580 1055 644 1104 ε’.
676 1047 882 1102 Κύκλοι
907 1048 965 1103 δέ
993 1048 1098 1102 εἰσι
1130 1049 1221 1104 τὸν
1241 1047 1474 1122 ἀριθμὸν
1508 1055 1605 1104 ια’·
1632 1049 1926 1122 ἀρκτικὸς,
1965 1052 2091 1105 ἀντ-

509 1141 789 1215 αρκτικὸς,
833 1143 1084 1214 τροπικοὶ
1106 1142 1221 1205 δύο,
1254 1142 1591 1215 ἰσημερινὸς,
1619 1142 1838 1215 ὁρίζων,
1871 1160 2091 1216 μεσημ-

509 1234 714 1307 ϐρινὸς,
769 1234 1052 1301 ζωδιακὸς,
1082 1234 1367 1305 γαλαξίας,
1414 1234 1664 1307 κόλουροι
1708 1234 1823 1290 δύο.
1860 1237 2089 1308 Μνημοο

507 1327 678 1381 νεύων
700 1326 757 1382 δὲ
781 1327 962 1382 αὐτῶν
982 1328 1239 1400 Ἄρατος,
1266 1325 1567 1397 οὺθετέρως
1604 1326 1803 1392 αὐτοὺς
1842 1328 2016 1383 καλεῖο

756 1499 772 1516 .
865 1498 882 1515 .
959 1498 977 1515 .
1047 1496 1065 1513 .
1138 1458 1345 1527 ἄρκιος
1371 1458 1507 1527 εἴην

523 1499 856 1587 Ἆπλανέων
865 1498 944 1585 'ra
959 1498 1022 1584 τε
1040 1478 1345 1584 ἕιύκαῖἶῗιῖ
1353 1478 1540 1599 τξᾜξκ
1554 1527 1772 1599 σήματ’
1792 1512 2085 1584 ἐνισπεῖν.

521 1642 788 1698 Ἐπαινῶν
815 1642 872 1697 δὲ
894 1641 1074 1697 αὐτῶν
1104 1641 1203 1715 τὴν
1236 1642 1459 1714 ἰσότητα
1487 1643 1588 1715 τῆς
1619 1642 1981 1716 δημιουργίας
1999 1659 2018 1677 ο

665 1756 742 1811 ἂν
772 1758 1089 1831 Ἀθηγαίης
1119 1757 1295 1831 (φησὶ)
1318 1754 1536 1827 χειρῶν
1550 1754 1917 1827 δεδαημένος
1933 1755 2089 1826 ἀνὴρ

511 1828 697 1898 Ἀ’λλῃ
735 1827 1121 1897 κοσμήσειεν.
1156 1827 1171 1883 .
1203 1827 1229 1883 ⁷.

506 1941 630 1994 Εἰσὶ
645 1942 703 1995 δὲ
728 1936 872 1996 οὗτοι
889 1958 902 1971 ·
926 1942 1205 2014 ἀρκτικὸς,
1224 1942 1435 2015 θερινὸς
1458 1941 1736 2016 τροπικὸς,
1756 1941 2087 2014 ἰσημερινὸς,

508 2032 819 2104 χειμερινὸς
875 2033 1154 2102 τροπικὸς,
1196 2034 1578 2107 ἀνταρκτικός.
1624 2029 1784 2089 Οὗτοι
1826 2034 1878 2086 οί
1929 2032 2091 2086 πέντε

507 2125 843 2197 παράλληλοι
910 2126 1201 2180 καλοῦνται
1232 2126 1321 2181 διὰ
1371 2127 1471 2199 τὴν
1508 2126 1661 2192 τάξιν
1704 2126 1804 2196 τῆς
1850 2125 2086 2188 θέσεως·

509 2220 719 2271 κεῖνται
738 2217 846 2288 γάρ
876 2218 1237 2290 παραλλήλως
1261 2218 1481 2291 ἐφεξῆς.
1513 2219 1570 2273 Ὀ
1597 2219 1696 2290 μὲν
1712 2213 1803 2272 06v
1832 2216 2092 2289 ἀρκτικὸς

507 2312 538 2363 6
567 2308 681 2363 ἄνω
714 2311 849 2382 πρὸς
878 2310 957 2380 τῷ
987 2311 1145 2383 ἄκρῳ
1175 2310 1270 2366 τοῦ
1302 2310 1490 2377 ἄξονος
1520 2310 1597 2382 τῷ
1632 2310 1821 2383 ὑψηλῷ
1849 2309 2092 2363 καλεῖται

509 2402 652 2456 κατά
681 2418 855 2469 τινας,
902 2403 986 2457 ὅτι
1015 2404 1234 2474 πρῶτος
1267 2402 1529 2475 ἄρχεται·
1573 2402 1634 2455 τὸ
1674 2401 1720 2455 δ’
1753 2400 1973 2471 ἀληθὲς,
2009 2400 2092 2453 δτι

508 2493 568 2546 6v
616 2493 767 2565 αὐτῷ
800 2492 901 2559 τάς
944 2494 1284 2565 καλουμένας
1310 2496 1581 2565 Ἀρκτους
1614 2493 1749 2565 ἔχει.
1812 2491 2091 2546 Ἐντεῦθεν

512 2584 856 2657 μανθάνομεν
886 2585 948 2638 τὸ
980 2586 1131 2658 παρά
1159 2586 1238 2657 τῷ
1271 2589 1506 2658 ποιητῇ·

511 2676 761 2799 ςῧρκτον
780 2676 851 2737 θ’,
889 2673 971 2742 ἦν
993 2675 1091 2727 καί
1120 2674 1386 2744 Ἅμαξαν
1415 2675 1744 2741 ἐπίκλησιν
1766 2671 2093 2728 καλέουσιν

616 2745 663 2797 τ’
688 2745 873 2799 αὐτοῦ
931 2744 1268 2799 στρέφεται.
1301 2744 1402 2797 καί
1447 2748 1497 2798 τ’
1560 2746 1802 2799 Ὠρίωνα
1834 2743 2087 2797 δοκεύει.

616 2745 663 2797 τ’
688 2745 873 2801 αὐτοῦ
931 2743 1268 2813 στρέφεται,
1301 2744 1402 2797 καί
1447 2748 1497 2798 τ’
1560 2746 1802 2812 Ὠρίωνα
1834 2743 2087 2797 δοκεύει.
2130 2775 2139 2785 ο

511 2814 618 2883 01η
648 2814 701 2868 δ’
729 2814 991 2885 ἄμμορός
1010 2816 1140 2869 ἐστι
1159 2813 1423 2883 λοετρῶν
1467 2814 1790 2868 Ὠκεανοῖο.

508 2901 658 2962 Οὗσα
686 2906 793 2979 γάρ
818 2907 876 2960 6v
906 2905 984 2977 τῷ
1009 2905 1275 2979 ἀρκτικῷ,
1292 2905 1369 2969 ὡς
1399 2903 1638 2976 ὁρῶμεν,
1656 2906 1718 2959 οὐ
1742 2902 2088 2958 καταδύεται.

520 2996 610 3063 Ὠς
660 2998 719 3053 66
775 3001 809 3070 ἡ
854 2999 1014 3071 χάρις
1057 2997 1223 3070 φησὶν
1272 3000 1306 3070 ή
1341 2998 1621 3070 ποιητικὴ,
1659 3000 1717 3052 6v
1761 2996 1999 3068 Ὠκεανῷ
2029 2998 2090 3050 06

506 3081 743 3136 λούεται.
799 3083 1082 3154 Ζητοῦμεν
1139 3079 1232 3138 06v
1276 3083 1394 3147 πῶς
1431 3084 1599 3155 μόνην
1643 3083 1812 3155 αὐτὴν
1843 3078 1964 3137 εἷπε
2015 3084 2090 3155 μὴ

508 3173 780 3239 λούεσθαι,
808 3174 1055 3228 τουτέστι
1086 3173 1473 3238 καταδύεσθαι,
1521 3176 1616 3229 καὶ
1646 3174 1741 3229 τοῦ
1765 3174 2088 3247 Δράκοντος,

2201 638 2260 690 '0
2285 636 2341 690 δὲ
2367 635 2564 708 ὁρίζων
2581 634 2797 703 λέγεται
2819 634 2937 705 μὲν,
2952 634 3140 706 ἐπειδὴ
3153 633 3378 705 διορίζει
3401 633 3543 689 κατά
3568 634 3769 701 πλάτος

2187 730 2258 783 τά
2285 727 2379 781 δύο
2398 726 2752 798 ἡμισφαίρια,
2784 725 3070 794 διάζωσμα
3093 724 3170 779 ὢν
3192 724 3286 778 τοῦ
3301 724 3533 797 ούρανοῦ
3554 742 3568 757 ·
3591 727 3769 780 κεῖται

2188 820 2245 873 66
2270 818 2374 886 ἔξω
2387 820 2486 890 τῆς
2509 819 2747 890 σφαίρας
2763 835 2776 849 ο
2796 818 2873 881 ὡς
2894 818 3033 890 πρὸς
3064 817 3165 889 τὴν
3206 817 3482 890 ἡμετέραν
3505 816 3647 889 ϐψιν.
3692 819 3770 873 Τὸ

2188 912 2233 965 δ’
2259 911 2478 984 ἀληθὲς,
2501 911 2581 984 τῷ
2610 911 2686 983 νῷ
2707 912 2867 965 αὐτὸν
2895 910 3002 965 έσω
3019 911 3101 965 δεῖ
3131 909 3467 979 παραλαϐεῖν
3490 911 3766 982 κείμενον.

2190 1005 2252 1059 Οί
2274 1004 2333 1058 δὲ
2360 1005 2582 1075 ποιηταὶ
2621 1002 2872 1058 Ὠκεανὸν
2886 1002 3047 1057 αὐτὸν
3065 1001 3322 1058 καλοῦσιν
3341 1017 3358 1033 ⁸
3388 1001 3420 1055 6
3438 1001 3573 1072 γοῦν
3588 1001 3770 1072 E6190-

2191 1097 2323 1169 ρίων
2351 1096 2514 1168 φησιν
2533 1113 2549 1129 ο

2203 1231 2499 1299 Ὠκεανὸς,
2537 1230 2619 1297 τῷ
2656 1230 2825 1287 πᾶσα
2875 1230 3227 1300 περίρῤυτος
3261 1227 3560 1283 ἐνδέδεται
3583 1227 3763 1299 χθών.

2196 1343 2261 1418 ,Ὀ
2288 1342 2346 1397 δὲ
2386 1341 2759 1414 μεσημϐρινὸς
2810 1340 3055 1396 καλεῖται
3115 1340 3214 1412 μὲν
3241 1337 3437 1405 οὕτως,
3473 1339 3557 1392 δτι
3591 1338 3767 1409 ἥλιος,

2189 1438 2248 1492 6v
2368 1433 2617 1507 ζωδιακῷ
2645 1435 2829 1505 κύκλῳ
2856 1433 3177 1507 φερόμενος,
3205 1432 3333 1488 ὅταν
3365 1430 3592 1503 γένηται
3624 1432 3769 1486 κατά

2192 1527 2558 1600 μεσημϐρίαν,
2578 1526 2768 1581 τούτου
2780 1526 3031 1580 ἅπτεται·
3053 1523 3303 1579 τοσοῦτον
3321 1524 3429 1596 γάρ
3446 1524 3638 1595 ἀπέχει
3663 1521 3767 1593 τῆς

2188 1618 2505 1683 ἀναϐάσεως
2520 1618 2642 1671 ὅσον
2659 1617 2759 1687 τῆς
2785 1615 3156 1680 καταϐάσεως.
3167 1615 3323 1669 τΕστι
3337 1615 3395 1668 66
3409 1616 3438 1667 6
3460 1613 3657 1686 χαλκὸς
3671 1614 3702 1667 6
3718 1611 3767 1646 ³⁸

2188 1710 2373 1783 κύκλῳ
2393 1710 2450 1765 6v
2469 1712 2536 1781 τῇ
2558 1708 2763 1781 σφαίρᾳ
2777 1706 3155 1781 περικείμενος
3172 1706 3260 1761 διά
3277 1706 3369 1760 τοῦ
3384 1706 3570 1774 ἄξονος
3588 1704 3765 1776 ἐμπέ-

2188 1820 2386 1874 πηγεν.
2415 1803 2472 1856 Ὀ
2489 1801 2546 1856 δὲ
2571 1800 2832 1867 ζωδιακὸς
2853 1800 3097 1855 καλεῖται
3118 1799 3237 1871 μὲν,
3254 1798 3443 1869 ἐπειδὴ
3463 1800 3520 1852 6v
3535 1795 3683 1851 αὐτῷ
3697 1796 3768 1851 τὰ

2118 1916 2163 1973 Β
2194 1893 2260 1965 ιβ’
2278 1892 2441 1958 ζὼδια
2456 1891 2542 1964 ἔχε
2553 1909 2589 1945 ιο
2606 1892 2716 1963 ἔχει
2731 1891 2787 1944 δὲ
2804 1890 3123 1963 ἐγχαράξεις
3134 1893 3299 1962 τρεῖς,
3318 1890 3384 1954 ἀς
3396 1891 3445 1943 οί
3467 1887 3767 1961 μαθηματιο

2189 1989 2277 2043 κοὶ
2289 1988 2497 2051 ταινίας
2514 1985 2680 2040 καλοῦ
2688 2001 2759 2039 σι.
2774 1983 2988 2047 Πλατὺς
3000 1982 3056 2036 δέ
3069 1984 3235 2036 ἐστιν·
3254 1982 3311 2036 6v
3329 1980 3475 2051 αὐτῷ
3489 1979 3597 2052 γὰρ
3614 1980 3767 2053 φέρε-

2189 2079 2318 2134 ταιὸ
2339 2079 2488 2150 ἥλιος
2503 2075 2726 2139 πλατύς.
2760 2075 2856 2139 Ὠς
2883 2073 3086 2143 φασιδὲ
3113 2074 3164 2125 οἱ
3184 2071 3521 2144 ἀστρολόγοι,
3553 2074 3604 2125 εί
3635 2087 3766 2124 ποτε
3854 2116 3869 2127 .

2191 2171 2484 2243 παραρρυῇ
2512 2186 2567 2221 τι
2607 2167 2716 2221 τῶν
2745 2165 2967 2221 ταινιῶν
3014 2167 3049 2237 ἡ
3078 2163 3171 2219 τοῦ
3207 2164 3359 2236 ἡλίου
3403 2162 3564 2235 φορὰ,
3601 2163 3767 2234 τέρας

2190 2256 2330 2315 εἶναι
2359 2260 2481 2314 τότε
2511 2259 2573 2313 τὸ
2603 2256 2961 2330 γεννώμενον.
2994 2258 3151 2312 Ἔστι
3178 2256 3235 2310 δὲ
3267 2257 3297 2310 ὁ
3330 2255 3768 2327 κατακεχρισμέ-

2190 2372 2278 2418 νος
2307 2355 2364 2407 6v
2424 2354 2490 2424 τῇ
2541 2352 2747 2423 σφαίρᾳ
2773 2348 2929 2422 κηρῷ
2973 2346 3384 2420 μεμιλτωμένῷ.
3427 2348 3485 2400 ὐ
3512 2346 3568 2400 δὲ
3598 2346 3770 2415 γαλα-

2192 2444 2311 2511 ξίας
2336 2443 2579 2499 καλεῖται
2617 2444 2735 2514 μὲν,
2769 2442 2845 2507 ὡς
2873 2442 2924 2495 οἱ
2952 2440 3111 2513 μῦθοί
3132 2457 3295 2510 φασιν
3316 2453 3330 2469 ⁸
3370 2440 3420 2493 οἰ
3456 2439 3554 2511 μὲν
3592 2436 3766 2511 Ἥρα-

2192 2538 2347 2604 κλέα,
2376 2538 2425 2592 οἱ
2487 2537 2545 2591 δὲ
2605 2534 2835 2609 Ἑρμῆν,
2870 2535 2957 2588 ὅτε
3009 2533 3312 2607 προσετέθη
3355 2531 3435 2604 τῷ
3481 2530 3637 2604 μαζῷ
3665 2531 3768 2603 τῆς

2192 2632 2373 2705 Ἥρας
2401 2629 2507 2684 61:6
2531 2629 2626 2684 τοῦ
2663 2629 2803 2696 Διὸς,
2831 2628 2919 2682 ῖνα
2937 2627 3181 2698 κλέψειεν
3207 2625 3238 2680 6
3269 2624 3404 2690 Θεὸς
3425 2628 3538 2689 τοῖς
3558 2624 3767 2687 τέκνοις

2191 2723 2490 2787 ἀθανασίας
2516 2722 2754 2795 τροφήν
2784 2722 2819 2792 ἠ
2855 2720 2932 2785 66,
2959 2720 3081 2773 ἐπεὶ
3112 2717 3391 2790 ἐξανέστη,
3421 2717 3766 2795 ἠγανάκτησε

2193 2816 2329 2888 πρὸς
2388 2815 2486 2887 τὴν
2540 2791 2749 2885 κλοπὴν
2768 2854 2783 2879 ,
2810 2791 2817 2792 7
2846 2813 2941 2868 καὶ
2996 2812 3094 2884 τὴν
3145 2811 3312 2884 θηλὴν
3354 2811 3451 2865 τοῦ
3499 2791 3767 2882 στὸμοῗτος

2191 2906 2479 2963 ἀπέσπασε
2519 2906 2632 2979 βίᾳ,
2663 2904 3011 2978 ὲκμυζῶντος
3038 2904 3117 2958 ἔτι
3132 2903 3227 2959 τοῦ
3254 2903 3467 2959 παιδίου
3490 2919 3506 2936 ⁸
3536 2903 3613 2967 ὡς
3643 2900 3766 2957 τότε

2190 2999 2255 3068 τῇ
2285 2996 2420 3068 θηλῇ
2450 2996 2571 3068 ῥέον
2596 2994 2676 3066 τῷ
2697 2995 2909 3068 οὐρανῷ
2930 2994 3115 3066 κύκλῳ
3140 2993 3434 3067 περιχυθὲν
3454 2991 3767 3046 ὲκτυπῷσαι

2189 3089 2251 3142 τὸ
2279 3089 2466 3160 σχῆμα
2505 3088 2604 3158 τῆς
2635 3090 2833 3161 ἐκροῆς
2852 3104 2865 3121 ·
2895 3087 2957 3142 τὸ
2984 3086 3043 3141 66
3082 3086 3297 3159 ἀληθὲς,
3333 3085 3425 3140 διὰ
3452 3085 3550 3158 τὴν
3582 3082 3771 3139 λευκό-

2191 3197 2330 3251 τητα
2382 3180 2705 3251 φερωνύμου
2765 3178 3135 3254 προσηγορίας
3188 3179 3396 3249 ἔτυχεν.
3434 3178 3589 3232 Ἔστι
3629 3177 3687 3231 66
3739 3179 3769 3232 6

509 3268 606 3319 καὶ
620 3266 822 3338 μέρους
851 3265 945 3320 τοῦ
976 3266 1209 3336 Κηφέως
1237 3267 1311 3337 μὴ
1339 3267 1764 3337 καταδυομένου.
1788 3266 2090 3337 Δυθήσεται
2116 3274 2160 3329 C
2192 3272 2695 3341 κατακεχρισμένος
2749 3274 2807 3324 6v
2859 3274 2926 3341 τῇ
2952 3270 3167 3340 σφαίρᾳ
3205 3268 3362 3341 κηρῷ
3384 3268 3582 3341 λευκῷ.
3620 3270 3682 3324 Οί
3712 3269 3770 3322 66

508 3353 601 3412 οὖν
628 3359 687 3410 τὸ
715 3355 1045 3429 ζητούμενον
1077 3358 1134 3410 6v
1164 3356 1243 3428 τῷ
1273 3357 1402 3427 περὶ
1428 3356 1693 3429 ἀρκτικοῦ
1727 3355 1891 3428 λόγῳ,
1928 3356 2089 3420 εὐθὺς

511 3448 652 3520 μετά
675 3446 862 3504 τοῦτον
890 3447 1292 3503 καταϐαίνοντι.
1316 3448 1505 3501 Ἔστιν
1537 3449 1565 3501 6
1585 3446 1916 3518 καλούμενος
1941 3446 2089 3519 θερι-

508 3540 598 3603 νὸς
618 3538 897 3611 τροπικὸς,
938 3539 1043 3602 ὅτι,
1090 3538 1381 3610 γενόμενος
1437 3538 1588 3608 ¹ἥλιος
1631 3539 1690 3590 6v
1721 3538 1998 3611 Καρκίνῳ,
2030 3538 2090 3601 ὃς

508 3632 686 3684 κεῖται
715 3631 772 3683 6v
798 3627 966 3699 αὐτῷ,
1007 3628 1224 3700 θερινάς
1249 3627 1457 3700 τροπὰς
1487 3632 1751 3683 ποιεῖται·
1787 3627 1929 3682 κατά
1970 3631 2090 3683 Μα-

508 3719 732 3781 κεδόνας
784 3719 882 3790 μὲν
927 3718 1208 3789 Παναίμου
1270 3716 1448 3771 εἰκάδι
1516 3719 1770 3790 τετάρτῃ,
1841 3719 1984 3772 κατὰ
2029 3717 2088 3771 66

520 3809 906 3883 Ἀλεξανδρέας
961 3810 1149 3880 Ἐπιφὶ
1195 3811 1433 3883 τετάρτῃ
1474 3810 1669 3865 εἰκάδι.
1718 3809 1855 3880 Περὶ
1896 3808 2086 3862 τούτου

509 3905 674 3975 φησὶν
701 3904 933 3975 ’Λρατος
950 3918 966 3933 ⁸

506 4014 622 4085 96
652 4012 895 4085 τοῦμὲν
926 4030 991 4085 τε
1017 4011 1092 4068 δι’
1110 4012 1262 4066 ὀκτὼ
1287 4013 1683 4085 μηρηθέηος
1766 4072 1773 4079 ,

508 4083 698 4139 Ila—rte
718 4083 836 4154 μὲν
860 4083 1029 4138 ἐνδια
1052 4086 1368 4154 στρέφεται
1398 4084 1802 4153 καθυπέρτερα
1821 4083 2016 4153 γαίης.

514 4155 592 4209 Τὰ
620 4153 752 4224 τρία
774 4154 825 4207 δ’
847 4155 917 4208 ἐν
937 4153 1182 4224 περάτῃ.
1216 4154 1428 4223 Θέρεος
1455 4155 1522 4208 δέ
1548 4157 1601 4207 οὶ
1622 4155 1903 4222 ἐντροπαί
1916 4157 2054 4207 εἰσι.

508 4269 665 4324 Μετά
709 4265 899 4323 τοῦτον
940 4263 1345 4321 ὑποκαταϐάντι
1381 4265 1527 4317 ἐστὶν
1563 4265 1593 4318 6
1636 4264 1968 4336 καλούμενος
2010 4264 2089 4316 ἰσ-

506 4360 768 4433 ημερινός
783 4375 797 4389 ·
820 4360 903 4414 ὅτι
923 4362 952 4414 6
972 4358 1142 4431 ἥλιος,
1165 4360 1221 4413 6v
1249 4358 1329 4429 τῷ
1354 4356 1606 4430 ζωδιακῷ
1637 4357 1821 4428 κύκλῳ
1854 4357 2088 4428 φερόμε.

508 4471 617 4518 νος,
639 4454 768 4507 ὅταν
812 4453 952 4506 κατά
1007 4451 1179 4523 Κριὸν
1208 4451 1457 4522 γένηται,
1490 4450 1525 4521 ἦ
1568 4450 1710 4505 κατά
1742 4449 1949 4522 Χηλὰς,
1988 4449 2089 4513 τὰς

505 4545 847 4617 καλουμένας
874 4544 966 4599 ὑπ’
1001 4544 1315 4613 Αἰγυπτίων
1350 4543 1552 4612 Ζυγὸν,
1589 4543 1877 4615 ἰσημερίαν
1906 4544 2084 4596 ποιεῖ·

2192 3362 2438 3434 κόλουροι
2487 3360 2738 3429 λέγονται
2800 3360 2919 3431 μὲν,
2956 3360 3038 3413 ὃτι
3067 3359 3131 3413 τὸ
3168 3360 3462 3414 καταδύνον
3482 3359 3659 3414 αὐτῶν
3689 3362 3770 3424 εἰς

2189 3446 2280 3500 τὸν
2313 3446 2675 3518 ἀνταρκτικὸν
2719 3446 2923 3518 ἀφανὲς
2954 3446 3034 3513 ὃν,
3068 3446 3362 3520 ὁλόκληρον
3405 3448 3564 3520 ἡμῶν
3614 3448 3769 3518 γενέ-

2191 3532 2315 3586 σθαι
2358 3531 2571 3586 κολούει
2608 3533 2676 3566 ³⁸²
2697 3535 2795 3605 τὴν
2835 3533 2991 3588 θέαν·
3042 3535 3091 3587 εἰ
3124 3534 3183 3589 66
3217 3530 3358 3606 ἦσαν
3383 3537 3665 3608 τέσσαρες,
3694 3534 3772 3599 ὥς

2188 3625 2321 3694 φασί
2346 3641 2511 3688 τινες,
2542 3626 2710 3697 μέχρι
2733 3625 2826 3679 τοῦ
2858 3624 3146 3696 βλέποντος
3189 3625 3637 3699 ἀπαρτιζόμενοι,
3672 3628 3773 3682 οὐκ

2187 3717 2254 3771 ἂν
2278 3713 2419 3789 ἦσαν
2447 3718 2717 3789 κόλουροι.
2752 3719 2817 3772 Εἰ
2841 3718 2899 3772 δέ
2925 3734 3010 3782 τις
3031 3718 3202 3787 λέγοι,
3217 3720 3313 3773 καὶ
3332 3719 3441 3792 γάρ
3458 3719 3568 3774 τῶν
3596 3719 3774 3775 ἄλλων

2187 3808 2402 3863 κύκλων
2441 3808 2512 3862 τά
2539 3809 2646 3863 ὑπὸ
2670 3808 2774 3883 γῆν
2795 3810 2858 3863 06
2880 3810 3162 3879 φαίνονται
3185 3826 3201 3843 ·
3231 3810 3373 3866 ὥστε
3405 3813 3647 3867 κάκεῖνοι
3675 3811 3773 3866 κό-

2186 3901 2369 3973 λουροι
2393 3916 2407 3931 ’
2440 3903 2595 3968 ἵστω,
2628 3903 2735 3967 ὅτι,
2764 3902 2873 3957 τῶν
2898 3903 2997 3975 μὲν
3049 3903 3145 3958 τοῦ
3184 3904 3348 3959 πόλου
3376 3905 3771 3978 στρεφομένου,

2187 3994 2281 4047 καὶ
2301 3992 2371 4047 τά
2406 3993 2511 4047 61:6
2541 3994 2644 4065 γῆν
2685 3994 3017 4066 ὀφθήσεται,
3048 3995 3160 4049 τῶν
3185 3995 3241 4050 66
3273 3994 3547 4069 κολούρων
3580 3994 3678 4049 καὶ
3712 3997 3772 4048 6v

2187 4087 2308 4150 ταῖς
2359 4085 2453 4139 τοῦ
2509 4086 2674 4140 πόλου
2715 4090 2979 4158 στροφαῖς
3037 4087 3108 4142 τά
3158 4089 3218 4142 6v
3246 4087 3324 4160 τῷ
3357 4089 3555 4158 ἀφανεῖ
3590 4088 3770 4159 πάντη

2188 4178 2537 4232 καταδέδυκε.
2574 4177 2792 4232 Τούτων
2819 4179 2931 4233 τῶν
2957 4184 3023 4234 ια’
3038 4179 3158 4251 διχῇ
3179 4179 3444 4249 τέμνουσι
3474 4179 3574 4251 τὴν
3614 4183 3774 4251 σφαῖ-

2192 4288 2291 4343 ραν
2325 4271 2465 4325 οἵδε·
2494 4271 2712 4343 ὁρίζων,
2747 4272 3137 4345 μεσημϐρινὸς,
3169 4269 3452 4340 ζωδιακὸς,
3484 4272 3771 4342 γαλαξίας,

2192 4362 2527 4435 ἰσημερινὸς,
2561 4364 2611 4416 οἰ
2656 4362 2753 4417 δύο
2792 4364 3063 4437 κόλουροι,
3090 4365 3185 4418 καὶ
3214 4366 3244 4417 6
3267 4365 3602 4436 ίσημερινὸς,
3630 4366 3773 4419 καὶὸ

2187 4453 2410 4528 ὁρίζων,
2457 4455 2551 4509 καὶ
2603 4455 2977 4528 μεσημϐρινὸς
3008 4455 3205 4527 κύκλῳ.
3241 4454 3518 4527 φέρονται,
3542 4456 3636 4509 καὶ
3658 4456 3771 4508 ἴσον

2188 4546 2255 4616 τῇ
2294 4546 2576 4617 μεταφορᾷ
2604 4544 2698 4598 τὸν
2729 4544 2929 4599 κύκλον
2973 4544 3188 4617 ἔχουσιν
3207 4559 3222 4575 ⁸
3261 4544 3377 4599 ἀλλ’
3406 4545 3482 4609 ὡς
3506 4545 3644 4617 πρὸς
3670 4545 3770 4615 τὴν

506 4638 654 4706 ἅπαξ
688 4638 788 4710 μὲν
842 4635 1105 4708 ⁴Ιιαμενὼθ
1163 4634 1338 4689 εἰκάδι
1377 4634 1647 4707 τετάρτῃο
1678 4633 1923 4689 τουτέστι
1956 4634 2088 4706 Γορ-
2118 4623 2164 4679 Ῑ)
2192 4635 2341 4690 θέσιν
2366 4637 2468 4708 τῆς
2504 4636 2742 4710 σφαίρας
2776 4637 2884 4691 εἰσὶ
2924 4636 3089 4702 λοξοί.
3132 4637 3189 4691 '0
3217 4636 3349 4706 γοῦν
3374 4636 3638 4701 ζωδιακὸς
3673 4635 3772 4691 καὶ

505 4731 714 4784 πιαίου.
763 4728 876 4782 Καὶ
922 4729 981 4781 6v
1013 4726 1170 4799 Κριῷ
1202 4727 1299 4798 μὲν
1329 4726 1554 4797 ὲαρινάς
1588 4728 1734 4778 ποιεῖ
1767 4725 1997 4797 τροπάς,
2029 4726 2087 4779 ὲν

502 4820 559 4874 δὲ
596 4819 823 4891 Χηλαῖς,
855 4820 975 4890 ἦτοι
1021 4815 1199 4887 Ζυγῷ,
1240 4814 1664 4889 φθινοπωρινάς.
1700 4813 1858 4868 Μετά
1894 4815 2087 4868 τοῦτον

502 4912 621 4965 κατ’
673 4909 921 4964 ἐναντίαν
949 4909 1099 4962 ἐστὶν
1157 4907 1187 4959 6
1225 4906 1559 4976 καλούμενος
1588 4904 1950 4977 ἀνταρκτικὸς
1975 4922 2080 4976 χει·

504 5000 724 5071 μεριιὸς
776 4997 1069 5070 τροπικός·
1098 4995 1284 5067 ἐπειδὴ
1319 4995 1471 5066 ἥλιος
1505 4997 1562 5049 6v
1613 4996 1896 5068 Αἰγόκερῳ
1925 4996 2085 5065 γενό-

505 5108 685 5161 μενος,
718 5090 777 5154 ὃς
830 5093 1006 5144 κεῖται
1039 5091 1097 5144 6v
1122 5088 1294 5161 αὐτῷ,
1324 5088 1640 5161 χειμερινὰς
1678 5092 1821 5143 ποιεῖ
1856 5090 2082 5163 τροπάς.

501 5184 658 5238 Μετά
682 5182 869 5237 τοῦτόν
890 5184 1037 5235 ἐστιν
1069 5182 1098 5234 ὁ
1131 5181 1460 5252 καλούμενος
1492 5182 1932 5253 ἀνταρκτικός-ἢ
1963 5184 2086 5237 ἐπεὶ

500 5277 819 5340 ἀντίκειται,
851 5276 886 5347 ἢ
920 5276 1042 5329 ἐπεὶ
1091 5274 1205 5338 ἴσος
1256 5275 1374 5329 ἐστὶ
1404 5274 1483 5346 τῷ
1536 5273 1803 5347 ἀρκτικῷ.
1831 5275 1986 5327 Ἔστι
2027 5273 2085 5327 δὲ

505 5368 617 5433 ἴσος
658 5372 687 5423 ὁ
727 5368 986 5441 ἀρκτικὸς
1017 5365 1096 5438 τῷ
1150 5365 1515 5438 ἀνταρκτικῷ,
1540 5368 1569 5419 ὁ
1601 5365 1909 5437 χειμερινὸς
1949 5382 2083 5436 τρο-

500 5462 663 5525 πικὸς
714 5460 794 5532 τῷ
842 5458 1038 5532 θερινῷ
1087 5457 1350 5530 τροπικῷ.
1392 5460 1450 5512 Ὀ
1481 5457 1539 5511 δὲ
1576 5457 1794 5512 πάντων
1830 5455 2031 5528 μείζων
2057 5459 2107 5510 6

2189 4725 2371 4792 λοξίας
2402 4727 2507 4779 61:6
2548 4743 2714 4780 τινων
2768 4727 3013 4782 καλεῖται
3033 4745 3047 4759 '
3096 4726 3283 4798 ἐπειδὴ
3307 4727 3458 4798 ἧλιος
3482 4726 3581 4791 τάς
3614 4726 3773 4791 ὁδοὺς

2190 4819 2249 4872 6v
2274 4818 2425 4890 αὐτῷ
2457 4818 2749 4889 πορεύεται
2798 4819 2967 4887 λοξός.
3017 4819 3105 4873 Ἐν
3136 4818 3194 4872 66
3221 4817 3299 4889 τῷ
3322 4817 3459 4888 ἡλίῳ
3494 4818 3526 4870 ὁ
3577 4818 3772 4871 Ἀπόλ-

2189 4912 2317 4979 λων,
2347 4912 2407 4977 ὃς
2440 4913 2686 4969 καλεῖται
2717 4912 2914 4981 Λοξίας
2936 4914 3042 4968 ὑπὸ
3066 4912 3175 4969 τῶν
3217 4913 3478 4985 ποιητῶν,
3511 4909 3651 4966 εἶναι
3689 4929 3774 4966 πι-

2193 5003 2464 5057 στεύεται.
2520 5005 2784 5076 ’Δρχεται
2832 5004 2889 5058 δὲ
2918 5006 2947 5058 ὁ
2975 5002 3239 5068 ζωδιακὸς
3274 5002 3480 5059 ἄνωθεν
3520 5002 3632 5056 ἀπὸ
3673 5003 3773 5056 τοῦ

2191 5093 2406 5167 θερινοῦ
2437 5096 2699 5167 τροπικοῦ
2721 5114 2735 5128 °
2780 5096 2909 5152 ἔνθα
2940 5097 3153 5169 συνέχει
3183 5097 3274 5153 τὸν
3305 5096 3580 5169 Καρκίνον
3611 5095 3641 5147 6
3671 5096 3775 5149 κύ-

2189 5184 2336 5250 κλος.
2402 5187 2738 5242 Καταϐαίνει
2786 5188 2845 5243 δὲ
2877 5188 3221 5263 λοξούμενος,
3246 5188 3324 5254 ὡς
3350 5186 3487 5262 πρὸς
3524 5186 3595 5241 τά
3618 5186 3775 5241 κάτω

2192 5276 2354 5349 μέχρι
2383 5278 2478 5333 τοῦ
2500 5279 2713 5351 θερινοῦ
2745 5283 3030 5355 τροπικοῦ,
3054 5284 3187 5337 ὅπου
3214 5282 3307 5337 τὸν
3334 5280 3535 5337 κύκλον
3556 5279 3773 5350 συνέχει

2188 5368 2522 5441 Αἰγόκερως.
2556 5370 2758 5427 Τοῦτον
2780 5372 2872 5426 τὸν
2907 5370 3109 5444 τρόπον
3150 5374 3181 5427 6
3217 5373 3391 5444 ἥλιος,
3419 5370 3496 5436 ὡς
3534 5369 3770 5445 ἒφςιμενν

2188 5457 2415 5530 βαδίζων
2443 5460 2571 5514 δντα
2615 5460 2788 5530 λοξὸν,
2824 5462 2903 5534 πῆ
2928 5464 3025 5534 μὲν
3046 5465 3374 5535 ὑπερπετεῖς
3397 5463 3493 5516 καὶ
3511 5459 3772 5524 πλατείας

506 5552 817 5623 ἰσημερινός
853 5552 970 5604 ἐστι
999 5550 1161 5624 μέσος
1175 5548 1271 5612 ὢν,
1292 5550 1614 5621 ἰσομεγέθης
1642 5548 1718 5602 ὢν
1732 5548 1809 5620 τῷ
1831 5547 2082 5620 ζωδιακῴ
2183 5551 2339 5617 6606;
2369 5553 2594 5625 βαδίζει,
2623 5556 2724 5621 τὰς
2755 5558 2886 5621 ἀνω,
2921 5559 3053 5613 ὅταν
3140 5559 3198 5612 6v
3222 5557 3506 5630 Καρκίνῳ,
3529 5555 3606 5619 ὡς
3627 5554 3771 5625 πρὸς

504 5643 598 5694 καὶ
635 5642 713 5715 τῷ
769 5642 1025 5714 γαλαξίᾳ.
1074 5643 1233 5696 Ἔστι
1269 5640 1325 5694 δὲ
1369 5640 1538 5706 ζώδια
1581 5640 1648 5695 τὰ
1676 5640 1817 5695 κατά
1849 5639 2079 5694 κάθετον
2181 5641 2245 5696 τὸ
2272 5643 2541 5717 ἡμέτερον
2563 5646 2731 5721 κλίμα
2761 5648 2817 5703 ὲν
2845 5646 3037 5720 ὑψηλῷ
3053 5648 3307 5721 κειμένου
3340 5648 3418 5681 ³³*
3452 5646 3530 5716 πῆ
3559 5644 3617 5699 66
3646 5659 3775 5698 στι-

1357 5829 1421 5861 ³⁸”
1458 5828 1499 5898 Ῑ.
1537 5826 1753 5883 κωλύει.
1794 5826 1950 5883 Eon.
2032 5827 2072 5859 ³³
2106 5826 2146 5885 Ῑ.
2179 5826 2451 5893 κείμενον.

571 5824 615 5858 ⁸⁷
648 5826 687 5893 f.
713 5828 961 5899 χρυσοῦς.
1050 5829 1095 5862 ³⁸
1128 5829 1169 5899 Ῑ.
1199 5830 1277 5893 ὃς.
