4166 6408
519 414 658 473 1003

1503 412 1591 466 Al)
1623 405 1892 466 E'USEBII
1931 405 2331 466 CHRONICON
2367 403 2732 465 APPENDIX.

3632 398 3772 466 H104

517 532 610 589 dio
639 541 691 588 te
721 547 848 605 erga
882 531 1201 603 disciplinas
1228 546 1290 585 ac
1321 529 1596 584 voluntate
1638 544 1760 584 esse
1789 528 2082 584 constanti.

2190 525 2453 597 λομαθίαν
2481 526 2821 589 οἰκειώσεως.
2859 525 2938 579 Τά
2955 542 3012 577 τε
3041 523 3148 594 γὰρ
3168 522 3372 593 φυσικὰ
3387 521 3494 576 τῶν
3512 519 3771 594 ἐπιζητη-

519 624 730 681 Etenim
764 640 885 695 quae
923 624 990 677 de
1029 622 1369 678 naturalibus
1401 622 1598 684 rebus,
1631 619 1807 690 deque
1854 619 1922 674 iis
1971 633 2090 688 quae

516 717 587 772 ab
619 717 785 771 Arato
830 715 1033 786 scripta
1065 723 1193 770 sunt
1223 713 1278 768 in
1313 711 1617 777 coortibus,
1651 726 1682 764 a
1727 725 1812 765 me
1841 708 2092 764 sciscita-

513 809 630 871 ris,
670 824 996 881 propensum
1043 807 1097 862 in
1133 807 1302 862 bonas
1335 814 1482 860 artcs
1530 805 1774 858 animum
1817 809 1972 856 tuum
2016 800 2092 854 si—

516 903 809 976 guiﬁcant;
843 908 1004 970 atque
1027 901 1129 954 hoc
1156 909 1310 954 tanto
1336 899 1562 969 majoris
1595 913 1627 951 a
1655 911 1741 952 me
1773 895 1851 959 ﬁt,
1885 903 2091 964 quanto

515 1013 582 1050 ex
631 994 1064 1050 clarissimorum
1109 993 1344 1048 fratrum
1388 1001 1705 1047 nostrorum
1751 990 1924 1052 obitu,
1983 987 2089 1042 fre-

516 1087 894 1158 quentioribus
923 1086 1045 1140 vita:
1067 1086 1233 1157 hujus
1262 1087 1494 1157 negotiis
1524 1084 1834 1154 implicatus
1862 1081 2086 1136 teneris.

517 1182 594 1234 Ac
629 1180 695 1234 de
726 1179 938 1234 caeteris
965 1177 1186 1248 quidem
1235 1177 1366 1247 quid
1411 1177 1640 1232 sentiam
1677 1183 1865 1246 postea
1904 1172 2088 1228 decla-

515 1272 679 1333 rabo;
707 1285 854 1326 nunc
881 1270 947 1325 de
976 1270 1043 1324 iis
1067 1284 1186 1339 quae
1208 1271 1261 1323 in
1294 1267 1657 1323 Phwnomenis
1682 1265 1895 1336 prodita
1927 1272 2091 1318 suuut

493 1361 587 1417 -ab
617 1361 805 1426 Arato,
851 1359 1064 1415 institui
1086 1361 1165 1414 .ad
1204 1369 1257 1414 te
1288 1359 1549 1423 scribere,
1584 1369 1640 1412 ut
1675 1357 1926 1412 universe
1959 1355 2090 1426 quid

497 1460 663 1508 “recte
695 1460 789 1506 aut
831 1465 993 1508 secus
1040 1452 1095 1505 in
1137 1451 1246 1507 illis
1285 1452 1548 1521 scriptum
1588 1449 1659 1504 s‘it
1706 1448 1986 1518 aperiam:
2025 1463 2087 1501 ex

498 1545 717 1616 quibus
764 1559 888 1598 cum
941 1541 1231 1613 perspicua
1283 1542 1381 1595 tibi
1425 1549 1587 1596 erunt
1627 1540 1832 1602 omnia,
1867 1548 1981 1593 tum
2025 1553 2089 1594 ea

499 1637 770 1700 ‘maxime,
802 1651 923 1707 quas
963 1637 1018 1689 in
1050 1643 1144 1688 tua
1185 1635 1594 1706 percontatione
1624 1631 1876 1703 posuisti.

583 1733 762 1798 Atque
793 1727 947 1780 Arati
991 1726 1211 1796 quidem
1245 1724 1599 1780 Pltwnomena
1649 1739 1772 1779 cum
1819 1723 1910 1776 alii
1941 1736 2093 1776 com-

504 1823 699 1894 ‘plures
729 1819 1072 1892 interpretati
1087 1826 1230 1875 'sunt
1261 1838 1272 1871 :
1317 1826 1434 1872 tum
1490 1817 1581 1872 ille
1617 1817 1753 1886 ipse,
1799 1815 1894 1885 qui
1931 1822 2089 1870 atate

511 1921 702 1968 nostra
731 1912 885 1977 vixit,
909 1911 1328 1966 mathematicus
1357 1910 1601 1963 omnium
1627 1908 1842 1962 videtur
1867 1923 2090 1963 accura-

513 2003 725 2060 tissime
752 2001 1276 2073 diligentissimeque
1309 1998 1621 2068 scripsisse.
1645 1997 1850 2052 Verum
1890 1999 2091 2053 carmi-

500 2111 645 2150 -num
673 2095 834 2150 istius
871 2100 1041 2163 poetae
1067 2092 1369 2147 sententias
1415 2091 1714 2160 explicare,
1751 2105 1837 2145 res
1865 2101 1950 2146 est
1978 2105 2089 2144 non

511 2201 729 2259 magna,
767 2201 886 2240 meo
917 2184 1132 2255 quidem
1155 2183 1385 2253 judicio.
1421 2197 1554 2236 cura
1582 2190 1636 2238 et
1675 2184 1975 2237 attentione
2004 2183 2088 2236 di-

511 2295 640 2350 gna.
670 2278 766 2334 Est
792 2279 936 2333 enim
960 2279 1188 2347 simplex
1239 2284 1294 2331 et
1325 2277 1584 2333 concisus
1618 2275 1707 2330 hic
1743 2283 1901 2345 poeta
1928 2292 1941 2327 :
1971 2284 2088 2329 tum

509 2373 598 2428 vel
641 2371 901 2428 mediocri
944 2385 1125 2425 rerum
1179 2369 1534 2437 intelligentia
1578 2368 1818 2438 praditis
1864 2368 2088 2439 cognitu

510 2465 692 2522 facilis
730 2484 744 2519 :
786 2479 908 2535 quae
957 2475 1136 2518 autem
1185 2462 1504 2517 cmlestibus
1547 2461 1614 2516 de
1666 2461 1832 2516 rebus
1875 2461 1944 2516 ab
1993 2463 2087 2517 illo

509 2559 713 2628 scripta
747 2563 896 2618 sunt,
945 2555 1127 2609 animo
1161 2569 1374 2622 capere,
1411 2569 1475 2609 ac
1527 2555 1659 2624 quid
1708 2555 2086 2624 apparentium

501 2658 692 2704 rerum
736 2646 1124 2718 experimentis
1171 2654 1570 2711 consentanec,
1629 2647 1761 2717 quid
1812 2648 2088 2704 contrarie

505 2741 713 2797 dictum
743 2741 836 2804 sit,
867 2754 1208 2810 agnoscere;
1239 2739 1342 2794 hoc
1368 2748 1421 2793 et
1448 2739 1606 2809 longe
1643 2739 1888 2794 omnium
1914 2740 2088 2796 utilis-

501 2832 729 2895 simum,
764 2840 819 2886 et
867 2831 1143 2902 imprimis
1181 2829 1562 2884 mathematica
1593 2828 1823 2884 scientia
1863 2829 2085 2901 dignum

507 2926 741 2982 videtur.
783 2922 1150 2990 Quamobrem
1195 2937 1318 2977 cum
1358 2921 1414 2976 in
1453 2922 1752 2992 plerisque,
1797 2929 1851 2976 et
1896 2923 2088 2994 praeci-

508 3020 636 3092 puis
666 3019 892 3072 Aratum
933 3031 1213 3072 cernerem
1256 3015 1325 3070 ab
1356 3015 1748 3085 apparentibus
1779 3016 2086 3085 cujusmodi

509 3113 688 3184 reipsa
716 3111 1040 3180 contingunt
1069 3108 1326 3163 aberrare
1353 3127 1366 3162 :
1398 3117 1452 3162 et
1483 3109 1758 3189 iniisdem
1804 3125 1942 3179 pene
1971 3124 2088 3163 om-

2192 618 2393 674 θέντων
2409 620 2513 674 ὑπὸ
2529 619 2622 673 σοῦ
2650 620 2744 673 καλ⁸
2776 617 2844 672 τὰ
2866 617 3114 690 περὶτῶν
3137 616 3287 689 παρὰ
3317 617 3370 670 ’Δ
3382 617 3525 687 ράτῳ
3545 615 3773 686 λεγομέ-

2192 729 2296 764 νων
2319 714 2512 775 ενταῖς
2541 710 2923 773 συνανατολαῑς
2951 709 3286 779 ἱκανωτέραν
3312 706 3554 776 ἐνέφαινέ
3579 725 3666 778 μοι
3685 725 3772 776 φι-

2191 803 2470 874 λοτεχνίαν
2488 820 2500 832 ³
2524 804 2617 857 καὶ
2647 801 2826 873 πολλῷ
2845 819 2907 871 γε
2940 800 3158 873 μᾶλλον,
3179 801 3288 870 ὅσῳ
3316 798 3691 862 πεπλεόνακας
3716 801 3773 852 ἐν

2189 897 2309 958 ταῖς
2339 893 2618 964 βιωτικαῖς
2657 894 2933 965 ἀσχολίαις
2961 892 3050 946 διὰ
3079 892 3176 963 τὴν
3198 891 3306 945 τῶν
3330 890 3774 959 ἀξιολογωτάτων

2191 985 2436 1056 ἀδελφῶν
2482 985 2640 1058 ἡμῶν
2670 985 2948 1056 τελευτήν.
3001 985 3138 1056 Περὶ
3186 982 3284 1054 μὲν
3317 978 3412 1035 οὖν
3443 980 3553 1032 τῶν
3599 979 3773 1034 ἄλλων

2194 1079 2334 1150 μετὰ
2357 1077 2531 1132 ταύτά
2557 1095 2636 1132 σοι
2667 1079 2764 1149 τὴν
2797 1076 2932 1130 ἰδίαν
2953 1076 3135 1148 κρίσιν
3157 1075 3478 1146 διασαφήσω
3497 1090 3508 1101 ·
3545 1074 3674 1144 περὶ
3714 1072 3772 1124 δὲ

2189 1171 2300 1226 τῶν
2321 1172 2426 1225 ὐπὸ
2463 1169 2689 1243 Ἀράτου
2720 1169 3027 1239 λεγομένων
3048 1170 3103 1221 ἐν
3126 1171 3236 1231 τοῖς
3258 1165 3642 1236 Φαινομένοις
3679 1163 3772 1216 νῦν

2191 1263 2552 1335 προτέθειμαί
2595 1280 2675 1316 σοι
2731 1263 2974 1334 γράψαι,
3030 1263 3138 1315 πᾶν
3189 1259 3416 1314 καθόλου
3479 1258 3542 1311 τὸ
3589 1257 3769 1321 καλῶς

2190 1359 2224 1430 ἢ
2284 1358 2469 1422 κακῶς
2525 1356 2817 1428 λεγόμενον
2889 1358 3074 1421 αὐτοῖς
3119 1353 3516 1409 ὑποδεικνύων·
3576 1353 3636 1417 ἐξ
3694 1345 3769 1405 ὧν

2189 1451 2342 1505 ἔσται
2377 1467 2462 1505 σοι
2491 1451 2700 1523 φανερὰ
2734 1451 2932 1518 πάντα,
2963 1452 3058 1505 καὶ
3094 1449 3163 1504 τά
3203 1448 3355 1520 παρὰ
3385 1446 3478 1501 σοῦ
3508 1447 3769 1517 διαπορη-

2189 1542 2374 1599 θέντα.

2263 1727 2496 1797 Ζήτησιν
2522 1724 2564 1756 ⁸⁷
2594 1723 2693 1795 μὲν
2707 1719 2800 1778 οὖν
2827 1722 2936 1776 τῶν
2978 1722 3204 1794 ’Δράτου
3239 1719 3637 1790 Φαινομένων,
3674 1719 3769 1772 καὶ

2190 1819 2338 1874 ἄλλοι
2368 1818 2590 1881 πλέονες
2622 1818 3011 1889 συντετάχασιν
3031 1834 3044 1847 ·
3091 1815 3494 1893 ἐπιμελέστατα
3533 1813 3591 1868 δὲ
3624 1813 3771 1866 δοκεῖ

2192 1911 2408 1966 πάντων
2437 1911 2598 1974 αὐτὸς
2639 1910 2684 1942 ⁸⁸
2718 1913 2746 1964 ὁ
2778 1909 2902 1963 καθ’
2931 1909 3078 1981 ἡμᾶς
3109 1905 3487 1980 μαθηματικὸς
3515 1905 3604 1958 τὸν
3641 1905 3769 1976 περὶ

2188 2003 2370 2056 αὐτῶν
2395 2001 2726 2073 πεποιῆσθαι
2755 2002 2929 2070 λόγον.
2975 1999 3133 2054 Ἀλλὰ
3159 1999 3220 2053 τὸ
3253 1999 3352 2070 μέν
3394 1996 3766 2068 ἐξηγήσασθαι

2187 2095 2287 2166 τὴν
2311 2095 2368 2148 ἐν
2392 2095 2506 2157 τοῖς
2563 2095 2832 2164 ποιήμασι
2857 2092 3094 2144 διάνοιαν
3125 2091 3184 2144 οὐ
3223 2088 3469 2161 μεγάλης
3512 2089 3765 2158 ἐπιστρο-

2190 2187 2296 2257 φῆς
2330 2185 2676 2257 προσδεῖσθαι
2716 2184 2953 2255 νομίζω·
2987 2183 3189 2246 ἁπλοῦς
3223 2199 3280 2235 τε
3304 2181 3410 2252 γὰρ
3455 2179 3548 2232 καὶ
3579 2179 3766 2232 σύντο-

2191 2277 2291 2348 μός
2336 2279 2452 2330 ἐστι
2483 2278 2742 2348 ποιητής·
2795 2275 2964 2329 ἔτιδὲ
3013 2274 3188 2346 σαφὴς
3231 2275 3345 2338 τοῖς
3387 2273 3483 2326 καί⁸
3528 2270 3764 2341 μετρίως

2188 2368 2728 2440 παρηκολουθηκόσι’
2767 2368 2828 2421 τὸ
2857 2367 2914 2421 δὲ
2947 2369 3181 2419 συνεῖναι
3223 2364 3293 2417 τὰ
3325 2363 3595 2433 λεγόμενα
3636 2360 3767 2433 περὶ

2185 2460 2295 2514 τῶν
2345 2460 2612 2532 οὐρανίων
2665 2461 2756 2512 ὑπ’
2801 2458 2986 2525 αὐτοῦ,
3035 2458 3155 2511 τίνα
3197 2473 3256 2508 τε
3317 2453 3620 2526 συμφώνως
3654 2456 3767 2517 τοῖς

2187 2555 2532 2624 φαινομένοις
2554 2553 2986 2625 ἀναγέγραπται,
3018 2552 3112 2604 καὶ
3133 2551 3252 2604 τίνα
3285 2547 3762 2619 διημαρτημένως,

2184 2646 2330 2701 τοῦτ’
2355 2645 2778 2718 ὠφελιμώτατον
2809 2647 3058 2718 ἡγήσαιτ’
3091 2644 3154 2698 ἄν
3189 2659 3292 2706 τις,
3329 2641 3422 2695 καὶ
3451 2641 3764 2712 μαθηματι-

2187 2739 2289 2810 κῆς
2339 2739 2470 2793 ίδιιον
2510 2739 2823 2810 ἐμπειρίας.
2858 2735 3090 2808 Θεωρῶν
3122 2735 3167 2788 δ’
3212 2731 3307 2789 οὖν
3347 2735 3459 2796 τοῖς
3492 2731 3766 2794 πλείστοις

2187 2831 2280 2883 καὶ
2319 2831 2758 2901 χρησιμωτάτοις
2795 2827 3167 2898 διαφωνοῦντα
3211 2826 3302 2880 τὸν
3339 2827 3577 2896 ’Ἄρατον
3630 2822 3766 2895 πρὸς

2187 2921 2256 2976 τὰ
2281 2923 2602 2993 φαινόμενα,
2649 2923 2743 2976 καὶ
2768 2921 3027 2993 γινόμενα
3070 2921 3211 2975 κατὰ
3251 2919 3528 2988 ἀλήθειαν,
3557 2918 3767 2978 τούτοις

2186 3014 2244 3068 δὲ
2273 3013 2445 3068 ἅπασι
2479 3011 2664 3084 σχεδὸν
2693 3015 2752 3067 οὐ
2791 3015 2950 3085 μόνον
2979 3014 3104 3076 τοὺς
3131 3012 3343 3076 ἄλλους,
3386 3009 3522 3064 ἀλλὰ
3551 3007 3644 3062 καὶ
3675 3006 3767 3060 τὸν

2191 3109 2456 3163 ’Ἄτταλον
2489 3107 3027 3178 συνεπιγραφόμενον
3049 3123 3062 3136 ·
3098 3105 3289 3176 ἔκρινα
3319 3101 3420 3172 τῆς
3463 3101 3561 3171 σῆς
3605 3099 3768 3153 ἕνεκα

510 3206 672 3262 uibus
705 3204 984 3258 erroribus
1017 3217 1127 3256 non
1161 3200 1338 3256 solum
1372 3188 1638 3269 reliquos,
1675 3200 1770 3255 sed
1803 3201 1970 3256 etiam
1994 3201 2082 3256 At-

2189 3201 2514 3272 φιλομαθίας
2549 3199 2768 3269 καὶτῆς
2811 3199 2999 3269 κοινῆς
3032 3195 3295 3265 ὡφελείας
3341 3191 3654 3263 ἀναγράψαι
3700 3188 3767 3243 τὰ

507 3300 677 3352 talqu
709 3297 885 3368 ipsum
915 3311 1040 3351 esse
1064 3302 1361 3356 versatum,
1394 3291 1571 3346 visum
1619 3292 1752 3345 mihi
1795 3299 1900 3354 est,
1933 3300 1992 3347 ut
2030 3303 2085 3349 et

505 3388 690 3444 studio
717 3375 845 3458 erga
876 3387 1088 3441 litteras
1120 3393 1236 3449 tuo,
1265 3391 1318 3438 et
1361 3381 1640 3437 communi
1685 3383 1906 3436 utilitati
1951 3399 2084 3438 cum

505 3480 770 3541 sulerem,
803 3492 868 3532 ea
898 3475 1158 3530 mandare
1189 3475 1319 3528 huic
1341 3475 1502 3538 libro,
1530 3474 1585 3527 in
1618 3476 1818 3542 quibus
1840 3484 2082 3529 erratum

506 3570 576 3624 ab
600 3569 708 3625 illis
735 3583 859 3623 esse
887 3567 1156 3637 perspexi.
1191 3564 1347 3632 Quod
1376 3564 1489 3635 98
1507 3580 1615 3618 non
1649 3578 1713 3618 eo
1739 3564 2004 3634 suscipio,
2023 3569 2084 3620 ut

503 3677 572 3717 ex
602 3661 837 3716 aliorum
865 3657 1293 3729 reprehensione
1315 3657 1492 3710 inanis
1505 3655 1790 3721 cujusdam
1808 3656 2083 3726 opinionis

506 3754 744 3809 fructum
779 3751 1065 3821 colligam;
1096 3749 1150 3804 id
1172 3751 1319 3804 enim
1341 3762 1564 3813 vanum,
1589 3755 1644 3802 et
1671 3748 1934 3803 illiberale
1960 3764 2084 3805 esse

505 3843 722 3914 judico;
770 3843 880 3897 imo
918 3856 1046 3895 vero
1086 3841 1154 3894 iis
1192 3839 1449 3894 omnibus
1494 3854 1526 3894 e
1562 3840 1841 3894 contrario
1879 3842 2082 3911 gratias

505 3934 785 3991 habendas
835 3947 1058 3997 censeo,
1085 3931 1198 4002 {qui
1247 3931 1556 3986 communis
1601 3931 1858 3987 utilitatis
1907 3935 2082 4003 gratia

506 4024 760 4096 privatim
791 4023 1076 4079 elaborare
1104 4022 1430 4087 voluerunt;
1460 4022 1554 4078 sed
1585 4031 1642 4077 ut
1668 4037 1846 4094 neque
1875 4032 1956 4089 tu,
1989 4041 2082 4080 ne-

505 4132 612 4187 que
651 4113 883 4170 studiosi
926 4113 1106 4167 caeteri
1159 4115 1216 4167 in
1265 4113 1571 4168 caelestium
1623 4115 2082 4185 contemplatione

505 4222 688 4263 rerum
716 4220 748 4261 a
779 4205 1008 4260 veritate
1036 4205 1250 4275 longius
1289 4205 1663 4273 abhorreatls;
1695 4206 1843 4277 quod
1882 4209 2080 4264 merito

505 4298 778 4370 plerisque
819 4296 1039 4351 accidit.
1073 4294 1210 4350 Nam
1249 4295 1499 4365 poeticus
1541 4296 1693 4367 lepor
1723 4297 1811 4365 iis,
1842 4315 1964 4370 qua:
1993 4300 2080 4355 di-

504 4396 726 4453 cuntur,
759 4388 946 4443 nescio
975 4401 1138 4456 quam
1195 4384 1356 4440 ﬁdem
1390 4395 1445 4440 et
1473 4387 1856 4443 auctoritatem
1891 4392 2080 4445 conci-

505 4481 628 4542 liat;
655 4494 720 4534 ac
745 4478 1136 4550 propemodum
1157 4492 1368 4540 omnes,
1397 4476 1490 4548 qui
1516 4484 1733 4548 poetam
1759 4479 1903 4534 hunc
1927 4495 2080 4536 com-

2189 3293 2450 3348 δοκοῦντά
2477 3309 2576 3362 μοι.
2619 3290 3045 3363 διημαρτῆσθαι.
3083 3287 3252 3341 Τοῦτο
3282 3285 3340 3340 δὲ
3373 3284 3598 3354 ποιῆσαι
3637 3298 3768 3352 προ-

2189 3385 2391 3456 εθέμην
2423 3385 2522 3438 οὐκ
2553 3388 2618 3438 ἐκ
2659 3384 2753 3440 τοῦ
2799 3385 2926 3446 τοὺς
2971 3382 3160 3444 ἄλλους
3207 3380 3451 3449 ἐλέγχειν
3471 3377 3768 3447 φαντασίαν

2189 3475 2595 3544 ἀπενέγκασθαι
2627 3473 3054 3545 προαιρούμενος
3079 3488 3090 3497 ·
3123 3469 3276 3523 κενὸν
3307 3468 3416 3539 γὰρ
3446 3467 3541 3520 καὶ
3575 3464 3768 3537 μικρό-

2187 3563 2357 3634 ψυχον
2389 3565 2701 3628 παντελῶς·
2755 3563 3065 3618 τούναντίον
3114 3561 3172 3614 δέ
3224 3561 3335 3614 δεῖν
3364 3561 3546 3629 οἴομαι
3605 3558 3770 3610 πᾶσιν

2187 3659 2338 3728 ἡμᾶς
2363 3656 2728 3727 εὐχαριστεῖν,
2763 3656 2881 3707 ὅσοι
2913 3656 3012 3722 τῆς
3043 3653 3228 3722 κοινῆς
3273 3653 3458 3706 ἐνεκεν
3501 3647 3770 3718 ὠφελείας

2190 3747 2297 3800 ἴδια
2331 3747 2375 3778 ⁴⁹
2406 3747 2590 3799 πονεῖν
2625 3743 3008 3813 ἁναδεχόμενοι
3037 3741 3397 3810 τυγχάνουσιν
3417 3756 3430 3768 ο
3459 3737 3572 3791 ἀλλ’
3605 3736 3768 3789 ἕνεκα

2187 3841 2281 3895 τοῦ
2315 3842 2448 3912 μήτε
2476 3839 2558 3903 σέ,
2592 3843 2729 3909 μήτε
2760 3838 2885 3899 τούς
2915 3836 3134 3896 λοιποὺς
3162 3833 3270 3886 τῶν
3294 3831 3610 3901 φιλομαθῶν
3637 3831 3770 3884 ἀποέ

2188 3932 2492 3986 πλανᾶσθαι
2521 3931 2621 4002 τῆς
2655 3929 2783 4001 περὶ
2813 3928 2882 3982 τὰ
2923 3927 3223 3998 φαινόμενα
3257 3925 3399 3977 κατὰ
3441 3922 3533 3975 τὸν
3565 3921 3768 3992 κόσμον

2189 4025 2455 4096 Θεωρίας’
2505 4025 2644 4095 ὅπερ
2673 4023 2908 4090 εὐλόγως
2945 4020 3129 4073 πολλοὶ
3159 4016 3513 4072 πεπόνθασιν.
3554 4015 3619 4068 Ἦ
3660 4015 3767 4086 γὰρ

2186 4117 2294 4171 τῶν
2331 4116 2654 4187 ποιημάτων
2682 4115 2842 4187 χάρις
2871 4113 3210 4178 ἀξιοπιστίαν
3247 4110 3369 4164 τινὰ
3400 4111 3514 4172 τοῖς
3540 4107 3767 4178 λεγομέ-

2187 4225 2300 4271 νοις
2326 4206 2672 4280 περιτίθησι·
2723 4208 2819 4260 καί⁸
2864 4207 3064 4268 πάντες
3109 4203 3295 4275 σχεδὸν
3335 4204 3386 4255 οἱ
3418 4203 3508 4255 τὸν
3538 4201 3766 4272 ποιητὴν

2187 4299 2375 4354 τοῦτον
2421 4299 2774 4370 ἐξηγούμενοι
2811 4297 3189 4368 προστίθενται
3218 4297 3330 4358 τοῖς
3361 4293 3453 4347 ὐπ’
3483 4291 3648 4345 αὐτοῦ
3676 4290 3766 4343 λε-

2187 4391 2458 4462 γομένοις.
2521 4389 2940 4461 Ἐμπειρότερον
2977 4389 3035 4442 δὲ
3075 4386 3303 4453 Εὔδοξος
3349 4387 3450 4457 τὴν
3486 4384 3656 4452 αὐτὴν
3686 4381 3763 4452 τῷ

2199 4483 2410 4555 Ἀράτῳ
2457 4484 2586 4554 περὶ
2629 4481 2736 4536 τῶν
2769 4480 3108 4551 φαινομένων
3152 4477 3402 4543 σύνταξιν
3449 4475 3757 4546 ἀναγέγρα-

504 4568 788 4624 mentariis
839 4568 956 4622 suis
1001 4568 1365 4631 illustrarunt,
1413 4567 1483 4622 iis
1536 4582 1658 4637 qua:
1716 4568 1786 4622 ab
1834 4585 1902 4625 eo
1949 4585 2080 4628 sunt

2186 4593 2302 4645 φεν.
2335 4575 2582 4645 Εὐλόγως
2603 4571 2697 4629 οὖν
2726 4575 2820 4629 καὶ
2842 4575 2906 4627 ἐκ
2931 4573 3032 4643 τῆς
3077 4572 3184 4626 τῶν
3208 4569 3478 4624 τοσούτων
3515 4569 3612 4622 καὶ
3663 4581 3760 4638 τη-

573 4743 616 4776 ιτ
655 4743 693 4798 θ’,
718 4742 997 4814 ἐξήγησιν.
1075 4741 1121 4772 ⁸⁸
1149 4741 1191 4810 f.
1229 4739 1508 4802 Ἄτταλος.
1587 4742 1631 4774 ⁸³
1667 4741 1708 4812 f.
1745 4741 1869 4812 ἰδίᾳ.

505 4923 700 4978 nomia:
723 4930 893 4977 totam
913 4938 1031 4978 eam
1056 4931 1264 4992 partem
1286 4921 1504 4976 duobus
1527 4921 1686 4977 libris
1717 4922 2070 4992 comprehen-

504 4994 678 5050 derat.
720 4993 923 5047 Aratus
950 4991 1081 5048 vero
1111 4991 1325 5062 poetico
1383 4993 1568 5062 lepore
1620 4991 1898 5047 conditam
1944 5009 2071 5048 cum

502 5064 697 5120 iisdem
714 5063 862 5118 vitiis
895 5061 1254 5132 periculusius
1285 5062 1448 5116 etiam
1502 5061 1568 5115 ad
1595 5071 1847 5132 posteros
1895 5071 2080 5117 trans-

509 5135 760 5190 miserat.
796 5134 1064 5202 7ACCessit
1085 5141 1138 5187 et
1171 5134 1365 5187 tertius
1397 5132 1581 5185 Aratei
1617 5134 1887 5202 poematis
1911 5133 2078 5188 inter-

504 5219 650 5286 pres,
674 5205 768 5275 qui
793 5201 1108 5286 Hipparchi,
1141 5210 1203 5256 ut
1237 5203 1451 5286 opinor,
1486 5201 1708 5286 sreculo,
1753 5203 2072 5284 pauldaute

504 5271 710 5344 ipsum,
741 5271 1173 5344 commentarios
1193 5271 1448 5344 ad’illum
1488 5271 1772 5344 auctoreui
1828 5273 2072 5342 scripse-

503 5341 610 5409 rat,
634 5344 850 5400 Attalus
889 5342 1314 5413 grammaticus.
1349 5341 1555 5397 Contra
1610 5343 1711 5398 hos
1763 5350 1877 5398 tres
1934 5341 2073 5412 Opus

506 5413 650 5470 istud
674 5411 1028 5482 elucubravit,
1065 5411 1431 5482 Hipparchus,
1463 5426 1529 5466 ac
1568 5419 1742 5466 totum
1788 5411 2074 5468 distribuit

503 5485 559 5538 in
608 5484 780 5539 libros
826 5492 958 5537 tres.
1008 5481 1226 5553 Primus
1279 5483 1436 5536 initio
1487 5483 1818 5537 testimoniis
1864 5485 2073 5553 aliquot

504 5553 762 5619 ostendit,
779 5555 1002 5608 Aratum
1015 5555 1086 5608 ab
1103 5552 1326 5608 Eudoxo
1336 5561 1522 5623 mutuo
1533 5553 1716 5608 omnia
1732 5552 2036 5623 sumpsisse
2053 5571 2068 5621 ;

504 5624 584 5694 sic
619 5631 678 5676 ut
708 5627 766 5678 in
807 5624 995 5679 multis
1020 5622 1398 5694 tantummodo
1435 5623 1831 5693 paraphrasten
1863 5622 2067 5694 egerit.

501 5691 632 5746 Post
654 5695 939 5748 amborum
985 5702 1163 5748 errata
1197 5701 1353 5746 notat
1380 5691 1452 5747 in
1473 5691 1650 5748 stellis
1679 5709 1775 5763 per
1819 5691 1963 5758 sese,
2016 5703 2071 5749 et

500 5777 689 5840 earum
719 5765 848 5824 situ,
874 5763 960 5840 vel
977 5763 1370 5840 descriptione,
1434 5778 1536 5818 nec
1571 5778 1680 5816 non
1727 5764 1916 5840 Attali,
1967 5766 2065 5834 qui

501 5835 789 5901 utriusque
815 5833 1040 5902 vestigia
1072 5843 1396 5905 persecutus
1426 5841 1535 5902 est,
1596 5835 1830 5890 maxime
1880 5833 2065 5891 autem

2174 4922 2232 4978 in
2277 4921 2617 4977 delineandis
2643 4921 2937 4990 parallelis,
2965 4919 3199 4991 aliisque
3226 4920 3453 4976 circulis
3481 4920 3769 4978 aberrasse

2178 4993 2458 5048 convincit
2478 5007 2694 5046 omnes.

2252 5061 2539 5117 Secundus
2562 5063 2701 5117 liber
2730 5059 2984 5115 bifariam
3037 5070 3221 5116 sectus
3252 5065 3357 5115 est.
3395 5057 3577 5114 Prima
3638 5076 3766 5131 pars

2177 5133 2344 5187 trium
2377 5133 2594 5186 illorum
2645 5133 3155 5202 peccatacastigat
3206 5131 3261 5184 in
3308 5137 3583 5185 astrorum
3634 5149 3764 5184 συν-

2177 5205 2483 5266 ανατολαῖς,
2512 5201 2606 5256 καὶ
2638 5201 3097 5270 συγκαταδύσεσι,
3125 5216 3268 5271 quos
3287 5211 3525 5264 coortus,
3549 5211 3766 5255 etcooc-

2175 5291 2331 5327 casus
2353 5273 2628 5342 appellare
2659 5274 2825 5336 licet;
2873 5273 3152 5342 posterior
3213 5272 3283 5325 de
3315 5272 3510 5326 iisdem
3551 5273 3662 5341 agit
3693 5288 3762 5326 ex

2174 5345 2253 5398 rei
2285 5346 2534 5408 veritate,
2557 5355 2611 5397 et
2643 5343 2902 5413 opinione
2927 5357 3028 5396 sua
3068 5342 3388 5398 constitutis
3431 5342 3485 5395 iu
3523 5342 3761 5397 boreali-

2175 5415 2279 5469 bus
2310 5413 2636 5468 asteriszuis.

2245 5483 2464 5540 Tertius
2495 5481 2817 5538 australium
2876 5482 3290 5537 asterismorum
3331 5489 3486 5536 ortus
3516 5489 3571 5537 et
3603 5496 3763 5536 occa-

2175 5570 2271 5610 sus
2305 5555 2575 5625 explicat;
2611 5553 2806 5608 deinde
2826 5553 3118 5625 duodecim
3151 5554 3452 5622 imaginum
3479 5561 3633 5608 ortus
3671 5553 3762 5606 iti-

2173 5625 2296 5678 dem
2334 5624 2392 5679 et
2407 5639 2675 5688 occasus;
2707 5631 2985 5692 postremo
3013 5625 3080 5678 de
3107 5624 3411 5678 intervallis
3435 5625 3757 5694 asterismo-

2173 5710 2294 5748 rum
2324 5694 2563 5757 disserit,
2618 5694 2820 5762 quibus
2872 5695 3134 5750 horarum
3183 5701 3423 5765 quatuor
3451 5702 3506 5751 et
3536 5694 3756 5766 _viginti

2173 5766 2349 5837 spatia
2376 5766 2740 5835 complentur.
3200 5762 3218 5765 ⁷
3536 5762 3553 5769 ’
