4166 6408
424 370 561 426 1013

1412 381 1779 443 ΙΠΡΡΑΒΟΠΙ
1824 389 1913 442 AD
1952 387 2402 449 PILENOME‘NA
2443 395 2570 452 LIB.
2599 397 2639 452 ἒ.

3534 413 3671 472 10M

420 482 500 550 τῷ
523 484 950 558 ἐπιγραφομένῳ
986 489 1280 560 Ἐ’νόπτρῳ
1305 495 1398 548 τὸν
1420 500 1677 569 τροπικὸν
1706 501 1994 571 τέμνεσθαί

2101 520 2262 572 quem
2317 509 2654 579 Ἔνοπτρον
2697 511 3008 585 inscripsit,
3059 519 3330 589 tropicum
3378 522 3450 577 ita
3494 531 3666 582 secari

421 593 588 646 φησιν
608 577 800 642 οὕτως,
833 577 974 634 ὥστε
1001 582 1157 653 λόγον
1187 585 1329 657 ἔχειν
1355 589 1421 642 τὰ
1448 594 1707 663 τμήματα
1743 594 1877 666 πρὸς
1905 597 1997 651 ἀλ-

421 669 558 738 ληλα
586 671 676 725 τὸν
700 674 884 738 αὐτὸν,
915 671 1028 729 οἷον
1057 675 1169 748 ἔχει
1203 679 1270 733 τὰ
1308 687 1348 735 ε’
1381 682 1518 754 πρὸς
1546 685 1614 738 τὰ
1646 692 1716 754 γ’.

494 786 569 840 Δ⁹.
604 788 724 841 Ὅτι
762 789 858 860 μὲν
891 786 984 846 οῦν
1007 793 1220 865 Εὐδόξῳ
1247 797 1689 869 ἐπακολουθήσας
1711 804 1739 854 ό
1763 803 1998 873 Ἀρατος

425 879 717 958 συντέταχε
750 881 818 935 τὰ
845 886 1196 955 Φαινόμενα,
1223 887 1420 953 ἱκανῶς
1448 887 1599 961 οἶμαι
1619 893 1886 948 δεικνύναι
1910 896 1997 949 διὰ

385 989 390 993 ·
421 969 531 1025 τῶν
556 976 968 1047 προειρημένων
987 993 1000 1006 °
1035 980 1093 1032 ἐν
1122 974 1204 1043 οἷς
1239 979 1296 1034 δὲ
1341 981 1721 1038 διαπίπτουσιν
1749 981 1896 1041 οὗτοί
1935 1005 1995 1041 τε

424 1063 516 1116 καὶ
536 1065 584 1117 οἱ
609 1070 1138 1142 συνεπιγραφόμενοι
1164 1074 1368 1139 αὐτοῖς,
1389 1070 1462 1130 ὧν
1485 1079 1600 1132 ἐστι
1626 1080 1721 1134 καὶ
1749 1082 1778 1134 ό
1801 1083 1998 1137 Ἀττα-

423 1152 534 1220 λος,
565 1155 659 1211 νῦν
688 1159 1041 1232 ὐποδείξομεν
1066 1181 1081 1196 ο
1115 1165 1463 1238 ἐκθησόμεθα
1495 1171 1552 1224 δὲ
1574 1171 1776 1238 εὐθέως
1813 1176 1908 1230 καὶ
1937 1177 1996 1231 ἐν

420 1240 503 1309 οἷς
531 1247 634 1320 ἰδίᾳ
657 1250 884 1315 ἕκαστος
913 1254 1092 1309 αὐτῶν
1124 1256 1503 1331 διαμαρτάνει.
1533 1263 1878 1335 Προληπτέον
1915 1268 1993 1331 δὲ,

420 1337 555 1430 διότι
599 1342 864 1408 Ἀτταλος
913 1348 1046 1401 πᾶσι
1095 1351 1280 1421 σχεδὸν
1318 1355 1431 1418 τοῖς
1474 1355 1579 1407 ὐπὸ
1627 1356 1721 1411 τοῦ
1767 1359 1994 1430 Ἀράτου

421 1429 735 1502 λεγομένοις
769 1437 896 1507 περὶ
933 1439 1040 1494 τῶν
1083 1443 1348 1512 οὐρανίων
1389 1429 1880 1520 συνεπιγράφεται,
1920 1453 1995 1516 ὡς

423 1525 727 1594 συμφώνως
773 1532 886 1593 τοῖς
931 1533 1277 1605 φαινομένοις
1311 1536 1403 1589 ὑπ’
1447 1538 1612 1593 αὐτοῦ
1658 1539 1992 1614 λεγομένοις,

423 1615 562 1688 πλὴν
595 1619 679 1689 ἐφ’
711 1621 829 1685 ἐνὸς
866 1625 961 1678 καὶ
1005 1625 1290 1699 δευτέρου·
1327 1629 1362 1684 ἃ
1406 1631 1470 1703 δὴ
1510 1633 1604 1686 καὶ
1644 1635 1994 1707 ὑποδείξομεν

420 1707 481 1760 ὲν
521 1713 634 1775 τοῖς
679 1712 895 1785 ἐφεξῆς.
957 1717 1120 1787 Λέγει
1156 1721 1286 1789 γοῦν
1352 1723 1409 1777 ἐν
1453 1725 1529 1795 τῷ
1595 1728 1861 1799 προοιμίῳ
1904 1728 1994 1782 τὸν

420 1804 620 1910 τρόπον
654 1806 881 1910 τοῦτονς
927 1827 946 1861 ι
971 1811 1062 1866 Διὸ
1102 1813 1166 1884 δὴ
1207 1816 1327 1870 τότε
1380 1817 1474 1871 τοῦ
1512 1819 1738 1892 Ἀράτου
1792 1821 1993 1892 βιϐλίον
2021 1851 2067 1910 Β

419 1892 900 1970 ἐξαπεστάλκαμέν
927 1920 1008 1956 σοι
1035 1904 1412 1978 διωρθωμένον
1443 1910 1532 1981 ὐφ’
1561 1912 1740 1982 ἡμῶν,
1771 1915 1865 1966 καὶ
1892 1915 1993 1985 τήν

421 1986 682 2060 ἐξήγησιν
733 1994 933 2060 αὐτοῦ,
960 2000 1070 2061 τοῖς
1112 2016 1172 2052 τε
1208 2002 1552 2073 φαινομένοις
1600 2005 1806 2061 ἕκαστα
1851 2008 1990 2078 σύμ-

422 2097 572 2148 φωνα
611 2086 935 2155 ποιήσαντες
961 2091 1056 2143 καὶ
1082 2096 1194 2156 τοῖς
1224 2085 1328 2147 ὐπὸ
1359 2095 1454 2149 τοῦ
1491 2097 1713 2169 ποιητοῦ
1746 2117 1994 2172 γεγραμ-

422 2171 604 2243 μένοις
632 2177 897 2233 ἀκόλουθα
944 2200 961 2232 ι
996 2183 1106 2236 Καὶ
1144 2186 1304 2239 πάλιν
1337 2187 1465 2258 ἐξῆς
1511 2206 1675 2259 φησι·
1711 2211 1729 2242 ι
1753 2171 1905 2262 Τάχα
1931 2171 1992 2246 δέ

418 2279 562 2328 τινες
588 2266 903 2338 ἐπιζητοῦσι
927 2271 1029 2326 τίνι
1053 2273 1195 2345 λόγῳ
1227 2277 1537 2342 πεισθέντες
1567 2281 1744 2352 φαμὲν
1771 2281 1994 2336 ἀκολού-

418 2352 528 2445 θως
555 2359 621 2429 τῇ
667 2358 761 2412 τοῦ
807 2363 1034 2434 ποιητοῦ
1073 2368 1387 2438 προαιρέσει
1429 2369 1526 2445 τὴν
1572 2371 1854 2442 διόρθωσιν
1897 2374 1990 2429 τοῦ

421 2444 630 2514 βιϐλίου
663 2453 1013 2524 πεποιῆσθαι,
1049 2457 1236 2528 Ἡμεῖς
1261 2460 1319 2513 δέ
1350 2444 1786 2536 ἀναγκαιοτάτην
1813 2468 1991 2522 αἰτίαν

418 2539 741 2613 ἀποδίδομεν
769 2545 867 2617 τὴν
895 2547 986 2600 τοῦ
1033 2550 1256 2621 ποιητοῦ
1301 2555 1638 2623 συμφωνίαν.
1676 2575 1693 2607 ι
1723 2557 1991 2630 Τοιαύτην

418 2624 510 2682 οὖν
538 2631 751 2702 ἔχοντος
774 2637 867 2690 τοῦ
904 2641 1157 2696 Ἀττάλου
1188 2643 1286 2716 τὴν
1318 2645 1588 2718 διάληψιν,
1623 2651 1725 2704 ὅσα
1762 2650 1829 2705 ἂν
1855 2624 1990 2705 άπό-

416 2719 750 2796 δεικνύωμεν
778 2727 887 2782 τῶν
910 2731 1014 2783 ὑπὸ
1032 2732 1126 2786 τοῦ
1164 2735 1392 2807 ’Λράτου
1419 2739 1508 2791 καὶ
1539 2740 1771 2808 Εὐδόξου
1799 2743 1991 2808 κοινῶς

418 2811 726 2884 λεγομένων
752 2818 1124 2887 διαφωνοῦντα
1153 2827 1289 2896 πρὸς
1319 2827 1387 2881 τὰ
1418 2829 1739 2900 φαινόμενα,
1779 2831 1860 2885 δεῖ
1884 2833 1992 2887 δια-

416 2902 718 2973 λαμϐάνειν
739 2913 833 2963 καὶ
859 2911 948 2964 τὸν
974 2914 1236 2969 Ἄτταλον
1269 2918 1399 2989 περὶ
1427 2919 1536 2974 τῶν
1563 2922 1739 2976 αὐτῶν
1760 2925 1992 2996 διημαρ-

415 2996 662 3068 τημένως
697 3005 1246 3076 συναποφαινόμενον.

2099 597 2280 662 docet,
2320 609 2378 654 ut
2414 616 2476 654 ea
2515 605 2586 657 sit
2620 605 2760 657 ratio
2795 616 3200 677 segmentorum
3246 615 3390 669 inter
3431 633 3508 680 se,
3550 635 3670 676 suae

2097 698 2180 744 est
2203 691 2236 745 5
2260 692 2324 746 ad
2359 694 2412 748 5.

2173 801 2324 876 ιοι
2361 808 2444 863 IV.
2466 809 2688 865 Aratum
2709 812 2874 883 igitur
2891 814 3115 872 Eudoxo
3133 818 3186 872 in
3203 821 3456 878 omnibus
3478 838 3668 880 assen~

2101 896 2320 953 tieutem
2377 898 2732 957 Phrenomena
2783 921 2881 961 sua
2935 910 3352 979 conscripsisse,
3404 915 3539 970 satis
3583 932 3670 971 me

2102 990 2340 1046 arbitror
2363 991 2631 1052 hactenus
2657 997 2984 1054 ostendisse.
3045 999 3201 1057 Nunc
3231 1005 3671 1062 ea'demonstra-

2095 1081 2298 1149 bimus,
2353 1085 2408 1140 in
2465 1088 2667 1157 quibus
2723 1099 2833 1145 tam
2897 1093 3220 1150 aberrarunt
3269 1097 3429 1152 iidem
3484 1100 3666 1163 ambo,

2096 1189 2264 1243 quam
2298 1177 2393 1246 qui
2421 1177 2532 1233 illis
2567 1179 3017 1252 subscripserunt
3051 1204 3063 1238 :
3104 1201 3136 1240 e
3162 1187 3362 1256 quibus
3397 1195 3479 1242 est
3512 1188 3669 1242 Atla-

2098 1262 2204 1318 lus.
2239 1266 2450 1330 Quibus
2488 1283 2554 1322 ea
2595 1269 2852 1344 deinceps
2890 1273 3230 1344 adjiciemus,
3266 1293 3388 1349 quae
3419 1281 3668 1350 privatim

2098 1355 2166 1409 ab
2201 1371 2532 1429 unoquoque
2560 1371 2782 1431 peccata
2828 1374 2977 1420 sunt.
3019 1366 3126 1422 Sed
3164 1369 3296 1424 illud
3336 1378 3492 1425 antea
3521 1373 3670 1442 cogi-

2097 1448 2322 1502 tandum
2369 1459 2452 1505 est
2486 1471 2499 1506 :
2535 1452 2770 1508 Attalum
2801 1457 3057 1513 omnibus
3089 1458 3225 1525 fere,
3262 1476 3383 1531 qua:
3409 1461 3477 1516 ab
3503 1462 3670 1518 Arato

2097 1539 2414 1597 coelestibus
2457 1542 2525 1598 de
2572 1544 2738 1600 rebus
2772 1547 2988 1617 prodita
3033 1559 3184 1615 sunt,
3227 1553 3507 1617 assentiri,
3546 1561 3671 1608 tan-

2097 1645 2261 1699 quam
2316 1639 2465 1686 recte
2511 1644 2566 1688 et
2623 1644 2990 1706 congruenter
3052 1640 3144 1704 iis,
3197 1656 3321 1710 qua:
3382 1652 3666 1714 apparent,

2096 1723 2368 1793 explicata
2417 1723 2658 1793 fuerint;
2705 1728 2752 1784 si
2797 1745 2966 1784 unum
3016 1731 3103 1786 vel
3146 1733 3374 1788 alterum
3402 1735 3667 1805 excipias,

2095 1815 2162 1870 de
2207 1817 2408 1886 quibus
2457 1828 2643 1888 postea
2694 1820 2925 1876 dicetur.
2965 1821 3056 1879 Sic
3094 1823 3259 1894 igitur
3298 1825 3354 1880 in
3403 1827 3670 1896 procemio

2100 1908 2341 1978 loquitur
2379 1909 2594 1969 Attalus
2653 1933 2665 1966 :
2721 1932 2741 1965 ι
2794 1912 3086 1986 Propterea
3126 1931 3230 1971 nos
3273 1917 3424 1971 Arati
3467 1917 3668 1974 librum

2095 2001 2163 2056 ad
2205 2009 2258 2057 te
2291 2003 2538 2060 misimus
2569 2003 2914 2061 emendatum
2945 2021 2975 2060 a
3005 2008 3184 2074 nobis,
3216 2023 3324 2064 una
3362 2024 3486 2065 cum
3521 2010 3668 2067 illius

2098 2093 2564 2166 interpretatione,
2620 2097 2756 2154 adeo
2811 2107 2872 2153 ut
2923 2107 2977 2154 et
3035 2101 3372 2172 apparentiis
3432 2117 3670 2159 consen-

2095 2193 2259 2241 tanea
2303 2192 2358 2242 et
2416 2202 2539 2242 cum
2580 2196 2753 2258 poetae
2795 2191 3113 2247 narratione
3161 2193 3520 2263 congruentia
3554 2194 3669 2248 sin-

2096 2280 2223 2349 gula
2268 2278 2594 2337 faceremus.
2639 2301 2658 2334 ι
2698 2281 2842 2338 Idem
2886 2283 3147 2355 deinceps
3181 2284 3248 2339 ad
3289 2300 3413 2341 eum
3446 2286 3668 2341 modum

2096 2372 2286 2426 scribit
2346 2387 2359 2423 :
2409 2390 2427 2423 ι
2490 2371 2746 2439 Quaerent
2795 2375 2964 2445 aliqui
3011 2374 3247 2431 fortasse
3295 2391 3404 2446 qua
3456 2376 3682 2431 ratione.

2096 2463 2222 2520 freti
2266 2464 2591 2531 dixerimus,
2622 2476 2990 2524 consentanee
3031 2477 3204 2538 poeta,-
3231 2469 3512 2540 proposito
3543 2469 3677 2524 libri

2096 2573 2199 2614 nos
2244 2559 2394 2615 illius
2442 2559 2880 2616 emendationem
2934 2561 3260 2618 instituisse.
3311 2561 3488 2632 Hujus
3538 2579 3667 2618 vero

2099 2665 2321 2707 causam
2344 2667 2444 2707 nos
2480 2652 2811 2723 praecipuam
2853 2652 3197 2720 adducimus,
3230 2661 3402 2725 poeta?
3434 2670 3669 2710 consen-

2097 2743 2328 2800 sionem.
2402 2763 2422 2797 ι
2467 2746 2604 2801 Cum
2670 2747 2784 2802 haec
2844 2747 3008 2801 Attali
3057 2749 3324 2802 sententia
3375 2748 3467 2812 sit,
3527 2764 3668 2817 quae-

2098 2852 2314 2907 cunque
2353 2839 2424 2892 ab
2475 2838 2662 2903 Arato,
2706 2841 2789 2895 vel
2847 2841 3071 2895 Eudoxo
3120 2841 3480 2896 communiter
3519 2841 3666 2896 dicta

2095 2928 2324 2985 mlnime
2379 2944 2503 2985 cum
2561 2931 2894 3001 apparentiis
2956 2932 3250 2986 convenire
3325 2932 3666 2986 demonstra-

2101 3020 2301 3086 bimus,
2333 3021 2525 3077 eadem
2559 3024 2628 3078 ab
2661 3022 2843 3078 Attalo
2871 3039 3087 3095 quoque
3121 3010 3420 3094 putandum
3461 3024 3666 3093 scripta

2094 3129 2216 3170 esse
2247 3114 2529 3172 mendose.

487 3194 562 3260 E’.
598 3196 822 3266 Πρῶτον
859 3200 957 3270 μὲν
993 3197 1084 3255 οῦν
1123 3205 1152 3258 ό
1196 3204 1431 3276 ’Ἄρατος
1469 3208 1679 3278 ἀγνοεῖν
1715 3227 1804 3279 μοι
1848 3211 1994 3264 δοκεῖ

2169 3223 2235 3279 V.
2272 3225 2516 3282 Primum
2543 3226 2709 3297 igitur
2724 3227 2924 3282 Aratus
2951 3227 3003 3281 in
3026 3227 3214 3283 mundi
3251 3227 3358 3282 situ
3379 3227 3665 3283 aberrasse

415 3286 478 3338 τὸ
529 3285 763 3360 ἕγκλιμα
789 3290 884 3344 τοῦ
930 3294 1157 3365 κόσμου,
1205 3298 1440 3368 νομίζων
1470 3302 1528 3353 ἐν
1559 3304 1671 3365 τοῖς
1716 3303 1844 3374 περὶ
1896 3302 1992 3376 τὴν

428 3376 658 3449 Ἐλλάδα
689 3382 874 3446 τόποις
921 3387 1160 3441 τοιοῦτον
1206 3385 1364 3457 εἶναι,
1401 3391 1541 3446 ὥστε
1574 3395 1672 3463 τὴν
1730 3396 1992 3470 μεγίστην

417 3469 632 3542 ἡμέραν
682 3472 838 3543 λόγον
871 3475 1014 3546 ἔχειν
1053 3479 1189 3550 πρὸς
1221 3481 1319 3553 τὴν
1352 3483 1639 3556 ἐλαχίστην
1683 3486 1774 3540 τὸν
1807 3489 1988 3552 αὐτὸν,

415 3563 476 3617 δν
499 3565 612 3636 ἔχει
640 3567 710 3621 τά
733 3574 774 3622 ε’
816 3570 952 3640 πρὸς
990 3572 1059 3625 τὰ
1089 3580 1156 3641 γ’.
1194 3577 1354 3645 Λέγει
1386 3579 1493 3650 γὰρ
1521 3580 1614 3634 ἐπὶ
1653 3579 1748 3634 τοῦ
1779 3581 1990 3653 θερινοῦ

416 3672 680 3727 τροπικου
705 3675 718 3691 °

424 3817 534 3897 [οὗ
566 3817 696 3897 μὲν.
714 3819 873 3897 dolos:
893 3839 955 3876 τε
978 3823 1246 3897 μάλιστα
1278 3826 1350 3880 δι’
1377 3827 1530 3880 ὀκτὼ
1558 3831 1954 3897 μετωθέπος

417 3884 605 3969 ξέν’-τε
621 3888 941 3969 ἐνδια
964 3884 1302 3969 ἁτρέφεται,
1327 3898 1426 3951 καὶ
1457 3884 1750 3968 ὑπέρτέρὰ
1781 3884 1954 3969 ταίηξ·
1973 3919 1987 3933 ·

424 3957 502 4010 Τὰ
539 3960 671 4026 τρία
700 3958 760 4012 ‘6’
787 3961 858 4014 ἐν
883 3957 1130 4034 respui-tn:

491 4111 867 4182 Συμφωνεῖται
893 4115 978 4186 δὴ,
995 4117 1129 4172 διότι
1160 4121 1219 4173 ἐν
1245 4122 1343 4193 μὲν
1361 4125 1473 4188 τοῖς
1495 4125 1624 4197 περὶ
1646 4127 1746 4197 τὴν
1769 4125 1990 4182 Ἐλλάδα

418 4201 608 4266 τόποις
643 4205 672 4257 ό
717 4205 952 4276 γνώμων
994 4208 1151 4276 λόγον
1201 4209 1315 4282 ἔχει
1351 4213 1489 4285 πρὸς
1525 4215 1626 4286 τὴν
1672 4218 1990 4289 ἰσημερινήν

421 4294 603 4362 σκιὰν,
643 4296 702 4350 ὃν
736 4297 848 4368 ἔχει
879 4299 947 4352 τὰ
977 4301 1220 4373 τέσσαρα
1263 4305 1400 4376 πρὸς
1437 4306 1509 4360 τὰ
1546 4308 1694 4380 τρία.
1747 4311 1894 4365 Ἐκεῖ
1926 4311 1992 4383 δὴ

415 4389 658 4460 τοίνυνή
693 4390 924 4462 μεγίστη
960 4393 1143 4464 ἡμέρα
1184 4395 1333 4450 ἐστὶν
1369 4396 1543 4470 ὡρῶνΓ
1569 4401 1901 4474 ἰσημερινῶν
1932 4402 1990 4456 ιδ’

2093 3318 2314 3374 videtur
2352 3338 2366 3375 :
2404 3319 2497 3390 qui
2527 3321 2792 3389 ejusmodi
2831 3321 2982 3375 illum
3017 3335 3141 3376 esse
3178 3329 3330 3392 putat
3353 3321 3408 3375 in
3431 3318 3662 3385 Graecia,

2100 3417 2160 3464 ut
2183 3412 2419 3466 maxima
2450 3411 2568 3468 dies
2586 3427 2706 3466 eam
2739 3413 2807 3467 ad
2835 3414 3114 3469 minimam
3147 3412 3410 3467 rationem
3444 3412 3662 3479 habeat,

2093 3516 2258 3571 quam
2298 3504 2539 3573 quinque
2571 3505 2771 3560 habent
2803 3504 2869 3558 ad
2901 3505 3024 3558 tria.
3056 3502 3192 3558 Nam
3233 3503 3302 3559 de
3339 3502 3528 3558 astivo
3556 3510 3680 3560 tro-.

2092 3595 2213 3665 pico
2242 3594 2321 3650 sic
2344 3595 2585 3666 loquitur
2615 3614 2628 3650 :

2100 3835 2213 3910 Hoc
2241 3855 2389 3903 sane,
2418 3849 2647 3910 quantus
2667 3849 2894 3910 quantus
2922 3849 3022 3904 est,
3055 3821 3109 3893 in
3135 3848 3250 3894 octo
3275 3847 3452 3909 partes
3473 3837 3672 3910 diviso,

2096 3908 2335 3979 Quinque
2363 3909 2570 3979 quidem
2595 3908 2871 3964 uoluuntur
2890 3921 3063 3978 supra
3088 3908 3282 3964 terram
3309 3926 3331 3976 ;

2095 3979 2223 4033 Tres
2252 3989 2427 4034 autem
2457 3981 2622 4050 infra.

2165 4136 2264 4194 Est
2303 4145 2484 4194 autem
2532 4139 2675 4209 apud
2722 4155 2914 4196 omnes
2953 4140 3010 4194 in
3047 4139 3324 4208 confesso,
3358 4137 3416 4195 in
3442 4139 3664 4194 Graeciae

2095 4234 2276 4282 tractu
2307 4217 2633 4298 gnomonem
2682 4227 2826 4284 hanc
2856 4229 2924 4283 ad
2949 4228 3382 4300 aequinoctialem
3416 4229 3663 4283 umbram

2095 4317 2506 4388 pr0portionem
2544 4319 2776 4381 habere,
2828 4333 2952 4389 qua:
2999 4325 3358 4397 esthuatuor
3408 4315 3476 4372 ad
3533 4317 3661 4370 tria.

2094 4407 2277 4475 Quare
2331 4409 2530 4465 ibidem
2589 4409 2826 4464 maxima
2881 4409 3000 4465 dies
3052 4410 3312 4463 horarum
3363 4417 3444 4463 est
3495 4407 3664 4477 atqui-

419 4481 516 4534 καὶ
557 4486 606 4548 γ’
647 4481 877 4550 ἔγγιστα,
925 4485 1380 4555 πεμπτημορίων.
1417 4487 1489 4540 Τὸ
1537 4487 1602 4554 δὲ,
1639 4489 1852 4569 ἐξαρμα
1895 4492 1988 4546 τοῦ

2098 4501 2417 4556 noctialium
2447 4502 2514 4555 14
2554 4508 2608 4556 et
2658 4500 2742 4555 ’ὁδ’
2771 4501 3011 4556 circiter.
3046 4499 3164 4557 Poli
3211 4508 3387 4556 autem
3433 4499 3662 4554 altitudo

419 4573 585 4626 πόλου
625 4574 830 4646 μοιρῶν
873 4574 951 4640 λζ’
979 4576 1056 4639 ὼς
1100 4575 1350 4646 ἔγγιστα.
1395 4582 1569 4634 Ὅπου
1605 4581 1665 4647 δὲ
1689 4587 1722 4654 ἡ
1758 4586 1986 4660 μεγίστη

2096 4592 2330 4661 partium
2363 4595 2447 4648 est
2477 4590 2590 4647 fere
2622 4591 2711 4646 57.
2749 4590 2820 4645 At
2867 4591 2958 4648 ubi
2992 4592 3246 4661 maximae
3291 4591 3400 4646 diei
3435 4591 3574 4644 ratio
3595 4590 3663 4645 ad

417 4665 605 4738 ἡμέρα
645 4667 802 4737 λόγον
849 4667 963 4739 ἔχει
1009 4672 1145 4743 πρὸς
1187 4672 1284 4744 τὴν
1315 4673 1629 4746 ἐλαχίστην,
1665 4677 1724 4731 ὃν
1772 4678 1884 4750 ἔχει
1925 4681 1993 4734 τὰ

420 4763 461 4818 ε’
480 4759 627 4830 πρὸς
655 4760 725 4813 τὰ
751 4765 821 4828 γ’,
841 4761 958 4815 ἐκεῖ
989 4765 1020 4833 ή
1055 4764 1155 4834 μὲν
1185 4765 1420 4838 μεγίστη
1453 4768 1635 4840 ήμέρα
1665 4771 1812 4824 ἐστὶν
1833 4771 1994 4843 ὡρῶν

423 4854 484 4900 ιε’
503 4865 516 4878 ο
545 4849 608 4901 τὸ
630 4849 686 4902 δὲ
715 4850 931 4922 ἐξαρμα
963 4853 1072 4906 τοῦ.
1096 4853 1259 4907 πόλου
1286 4856 1490 4927 μοιρῶν
1513 4865 1602 4929 μα’
1633 4858 1710 4922 ὡς
1743 4858 1991 4928 ἔγγιστα,

421 4939 590 5008 Δῆλον
614 4940 816 5006 τοίνυν,
834 4941 915 4995 ὃτι
939 4943 1000 4995 οὐ
1025 4941 1249 4997 δυνατὸν
1273 4946 1331 4998 ἐν
1359 4947 1472 5009 τοῖς
1497 4947 1625 5019 περὶ
1646 4948 1746 5020 τὴν
1769 4947 1998 5008 Ἐλλάδα

420 5028 514 5082 τὸν
545 5030 944 5102 προειρημένον
977 5028 1118 5086 εἶναι
1151 5033 1309 5102 λόγον
1344 5035 1447 5106 τῆς
1484 5037 1748 5108 μεγίστης
1781 5039 1994 5113 ἡμέρας

423 5120 560 5192 πρὸς
589 5122 690 5194 τὴν
737 5123 1048 5196 ἐλαχίστην,
1080 5125 1218 5180 ἀλλὰ
1252 5127 1452 5197 μᾶλλον
1479 5131 1536 5182 ἐν
1587 5133 1700 5193 τοῖς
1731 5131 1860 5204 περὶ
1902 5132 1994 5187 τὸν

437 5213 831 5284 Ἑλλήσποντον
874 5217 1082 5281 τόποις.
1121 5218 1379 5288 Καίτοιγε
1421 5223 1450 5273 ό
1486 5221 1584 5292 μὲν
1610 5222 1868 5295 Ἄρατος,
1895 5224 1995 5277 οὐκ

426 5305 521 5374 ἀφ’
547 5307 741 5360 ἐαυτοῦ
769 5309 950 5380 κρίσιν
981 5311 1108 5382 περὶ
1137 5311 1246 5366 τῶν
1277 5312 1533 5367 τοιούτων
1568 5316 1994 5388 προφερόμενος,

428 5397 706 5469 γέγραφεν
732 5441 746 5466 ,
784 5401 923 5455 ἀλλὰ
965 5402 1044 5474 τῷ
1073 5403 1290 5475 Εὐδόξῳ
1323 5406 1418 5460 καὶ
1464 5407 1592 5478 περὶ
1637 5408 1826 5462 τούτου
1861 5425 1994 5462 κατ-

425 5492 794 5567 ακολουθήσας
814 5512 827 5525 ·
867 5497 916 5550 εί
939 5496 995 5550 δὲ
1023 5499 1117 5552 καὶ
1146 5500 1238 5569 ἀφ’
1272 5500 1464 5555 ἐαυτοῦ
1485 5500 1783 5573 γέγραφεν,
1802 5503 1860 5555 οὐ
1884 5503 1998 5556 δια-

431 5589 682 5658 σαφήσας
720 5591 778 5642 ἐν
799 5589 970 5655 ποίοις
992 5593 1139 5646 ἐστὶν
1167 5596 1200 5666 ἡ
1226 5595 1594 5668 προειρημένη
1636 5596 1876 5666 ἔγκλισις
1895 5595 1995 5652 τοῦ

431 5681 672 5752 κόσμου,
727 5684 868 5755 τάχα
927 5684 993 5738 ἂν
1047 5687 1189 5742 κατά
1235 5705 1298 5757 γε
1345 5686 1503 5742 τοῦτο
1549 5689 1885 5773 διακρούοιτο
1936 5691 1996 5742 τὸ

430 5770 701 5848 ἔγκλημα.
787 5776 844 5832 '0
905 5776 1152 5850 μέντοιγε
1218 5781 1480 5844 Ἀτταλος
1555 5770 1996 5858 ὁμολογουμένως

2098 4682 2478 4738 brevissimam
2515 4682 2787 4749 eiusmodi
2818 4691 2924 4748 est,
2959 4682 3138 4752 qualis
3163 4688 3246 4738 est
3269 4682 3303 4736 5
3332 4680 3401 4736 ad
3419 4681 3474 4742 ὅ.
3507 4680 3579 4733 ibi
3609 4688 3664 4734 et

2096 4772 2215 4829 dies
2257 4773 2495 4828 maxima
2542 4772 2804 4829 horarum
2845 4783 2930 4829 est
2972 4773 3060 4836 15,
3113 4781 3168 4828 et
3206 4773 3367 4844 polus
3405 4772 3663 4842 gradibus

2093 4865 2156 4918 4t
2192 4865 2413 4920 circiter
2443 4865 2731 4919 attollitur.
2765 4864 3004 4935 Apparet
3029 4879 3161 4935 ergo
3193 4863 3309 4918 ﬁeri
3334 4878 3444 4918 non
3478 4876 3660 4932 posse,

2096 4964 2159 5012 ut
2196 4956 2250 5011 in
2292 4953 2500 5010 Gracia
2537 4955 2678 5011 ratio
2718 4956 2808 5010 illa
2851 4958 2924 5012 sit
2959 4957 3212 5010 maxime:
3247 4956 3354 5011 diei
3399 4955 3466 5010 ad
3509 4956 3666 5012 mini-

2095 5064 2287 5116 mam,
2341 5047 2438 5105 sed
2489 5048 2671 5119 potius
2716 5050 2771 5105 id
2825 5050 2879 5104 in
2925 5048 3259 5120 Hellesponti
3299 5056 3477 5104 tractu
3531 5064 3660 5104 conc

2094 5139 2323 5210 tingere.
2378 5137 2702 5210 Quanquam
2743 5154 2853 5195 non
2889 5156 2957 5195 ex
2999 5147 3191 5210 su0pte
3223 5139 3432 5208 judicio
3480 5140 3547 5195 iis
3596 5144 3665 5195 de

2094 5233 2260 5286 rebus
2294 5232 2658 5303 pronuntians
2704 5231 2808 5289 ista
2837 5231 3060 5302 scripsit
3086 5231 3317 5297 Aratus;
3349 5231 3441 5286 sed
3469 5231 3526 5284 in
3557 5229 3664 5285 illis

2095 5325 2259 5381 etiam
2304 5325 2549 5382 inritatus
2593 5325 2900 5381 Eudoxum.
2948 5323 3102 5392 Quod
3150 5323 3194 5377 si
3245 5322 3513 5393 judicium
3550 5322 3666 5391 ipse

2098 5433 2262 5472 suum
2305 5418 2718 5489 interposuerit,
2785 5427 2964 5473 tamen
3016 5433 3140 5472 eum
3186 5417 3240 5473 id
3283 5432 3391 5470 non
3439 5430 3666 5485 expres-

2097 5511 2266 5575 serit,
2311 5511 2643 5582 quibusnam
2697 5510 3013 5582 regionibus
3056 5509 3215 5564 talem
3261 5507 3385 5562 cceli
3430 5509 3664 5576 positum

2099 5604 2443 5667 attribuerit,
2514 5604 2620 5658 hac
2663 5604 2876 5659 ratione
2933 5602 3150 5672 culpam
3195 5616 3226 5655 a
3279 5614 3338 5655 se
3383 5599 3667 5669 deprecari

2099 5695 2334 5752 videtur.
2367 5695 2584 5752 Attalus
2624 5711 2754 5752 vero
2801 5695 2938 5749 citra
2971 5691 3398 5748 controversiam
3431 5689 3657 5758 castiga-

2105 5788 2258 5851 tione
2301 5787 2501 5860 dignus
2552 5793 2654 5857 est,
2711 5787 2803 5860 qui
2860 5785 3062 5844 diserte
3117 5785 3306 5846 scribit
3357 5783 3412 5838 in
3461 5781 3680 5844 ϐιαιώά
