4166 6408
545 361 684 419 1015

1531 354 1626 413 AD
1663 353 1934 419 EUSEBII
1971 350 2365 418 ειιιιοΝιεοΝ
2401 351 2762 419 APPENDIX.

3645 345 3783 402 1016

538 474 814 547 ejusmodi
840 486 963 530 esse
995 471 1243 530 maximae
1273 469 1382 526 dici
1413 469 1679 526 rationem
1706 469 1774 524 ad
1806 469 2108 533 minimam,

2216 471 2428 543 ἠγνόει,
2454 470 2627 539 λέγων
2665 471 2724 522 έν
2749 471 2862 533 τοῖς
2903 467 3033 541 περὶ
3075 467 3174 539 τὴν
3211 462 3433 521 Ἐλλάδα
3469 463 3652 530 τόποις
3685 465 3786 537 τὴν

539 583 702 638 quam
753 565 954 626 habent
998 564 1030 622 5
1072 563 1139 617 ad
1185 563 1237 620 5.
1278 561 1579 631 Postquam
1621 560 1765 616 enim
1804 559 1956 618 Arati
1989 573 2112 614 car-

541 661 686 712 mina
711 658 778 712 de
819 656 1006 712 aestivo
1030 654 1239 723 tropico
1271 652 1496 707 adduxit
1538 652 1594 706 in
1639 650 1896 712 medium,
1926 650 2112 704 statim

539 749 646 803 ista
673 747 905 824 subjecit
936 762 950 799 :
991 764 1010 798 ι
1058 744 1117 799 1η
1140 745 1258 815 jhoc
1290 760 1418 800 vero
1451 744 1736 814 perspicue
1775 742 2013 802 declarat
2053 756 2113 796 se

539 848 716 895 totum
747 839 800 899 id
838 839 1019 915 operis
1049 839 1103 892 in
1135 836 1359 891 Graeciaa
1391 835 1704 907 regionibus
1741 835 2109 890 elucubrasse.

545 929 678 986 Nam
734 929 876 1002 apud
924 930 1046 984 illos
1091 943 1154 982 ea
1197 929 1338 981 ratio
1384 935 1468 982 est
1517 928 1851 997 longissima:
1890 925 1999 981 diei
2043 924 2112 979 ad

543 1020 928 1077 brevissimam
964 1027 1202 1085 noctem,
1244 1032 1365 1101 quae
1393 1023 1478 1072 est
1513 1017 1546 1072 5
1575 1018 1643 1072 ad
1680 1018 1735 1074 5.
1776 1037 1796 1074 ι

706 1215 764 1278 in
804 1215 937 1278 illud
979 1226 1142 1290 auget
1173 1216 1612 1284 admirationem,
1649 1215 1797 1287 quod
1826 1216 2114 1280 Eudoxum

550 1303 654 1358 alio
683 1303 738 1356 in
769 1304 907 1367 libro
937 1307 1096 1377 longe
1124 1307 1282 1368 aliter
1314 1307 1604 1378 scripsisse
1636 1323 1744 1361 non
1773 1305 2115 1361 animadver-

544 1395 693 1457 terit.
739 1405 1075 1454 asserentem
1131 1408 1471 1470 segmentum
1518 1399 1651 1454 illud
1697 1399 1913 1473 trcpici,
1968 1397 2115 1468 quod

545 1497 710 1557 supra
753 1490 954 1536 terram
1009 1494 1116 1552 est,
1181 1488 1248 1541 ad
1302 1489 1556 1556 alterum,
1616 1489 1763 1558 quod
1809 1489 1912 1542 sub
1967 1496 2114 1542 terra

543 1573 819 1639 conditur,
867 1591 986 1630 eam
1033 1579 1300 1644 rationem
1353 1580 1554 1638 habere
1595 1595 1717 1656 quae
1753 1590 1838 1635 est
1866 1579 1932 1634 12
1966 1580 2032 1632 ad
2059 1579 2112 1636 7.

543 1665 642 1724 Cui
677 1676 1045 1734 consentanea
1074 1669 1376 1743 Philippus,
1405 1683 1459 1727 et
1505 1673 1816 1743 complures
1847 1673 1938 1726 alii
1984 1671 2118 1736 scri-

542 1769 793 1832 pserunt,
857 1767 912 1814 et
970 1761 1328 1828 nihilominus
1382 1772 1630 1829 coortus,
1698 1772 1752 1823 et
1815 1777 2115 1818 cooccasus

543 1849 784 1906 siderum
816 1851 890 1905 ita
924 1853 1376 1926 perscripserunt,
1407 1865 1664 1925 tanquam
1699 1855 1849 1925 ipsos
1882 1854 1938 1908 in
1970 1854 2115 1910 Grae-

543 1940 644 1996 cia:
707 1942 1008 2022 provinciis
1075 1944 1482 2000 observassent.
1534 1946 1615 2001 Ita
1671 1947 1727 1999 in
1783 1945 1888 2000 loci
1946 1945 2112 2015 hujus

543 2032 898 2096 inclinatione
925 2034 1060 2107 fugit
1088 2035 1390 2099 illosratio.
1419 2035 1528 2091 Nos
1552 2045 1732 2092 autem
1760 2037 1863 2091 hoc
1892 2025 2112 2099 illorum

542 2140 729 2184 errore
783 2127 1170 2195 praetermisso,
1211 2136 1379 2182 totam
1437 2144 1625 2189 eorum
1676 2129 2112 2196 lucubrationem

543 2215 610 2275 ad
642 2215 864 2284 Graeciae
911 2218 1246 2287 horizontem
1282 2219 1582 2290 exegimus.
1631 2218 1750 2274 Non
1788 2222 1933 2276 enim
1969 2224 2113 2278 veri-

543 2305 674 2360 tatis
721 2314 1026 2373 amantem,
1076 2308 1171 2364 sed
1220 2310 1458 2366 inaniter
1515 2311 1795 2366 curiosum
1847 2313 2003 2368 decet
2054 2314 2111 2368 in

545 2393 680 2457 falsa
719 2397 937 2453 illorum
988 2399 1276 2480 hypothesi
1316 2403 1715 2470 convincenda,
1763 2415 1816 2458 et
1863 2406 1931 2460 iis
1975 2407 2110 2480 ipsis

541 2490 1004 2560 reprehendendis
1051 2501 1224 2547 totum
1269 2494 1571 2560 immorari,
1612 2496 1705 2552 sed
1746 2497 1793 2551 si
1822 2497 1886 2550 ad
1916 2479 2109 2554 obser-

539 2582 790 2638 vationes
820 2581 994 2640 factas
1035 2585 1088 2639 in
1136 2585 1345 2660 Graecia
1385 2587 1786 2642 accommodari
1828 2601 2106 2660 queant...

537 2673 877 2740 Adhibeatur
905 2675 1074 2746 igitur
1102 2676 1170 2731 ad
1200 2692 1318 2732 eam
1355 2679 1847 2738 considerationem
1879 2680 2111 2738 horizon

537 2765 902 2833 Athenarum;
929 2767 1020 2820 ubi
1053 2769 1289 2822 maxima
1319 2768 1436 2824 dies
1467 2780 1550 2824 est
1580 2769 1842 2832 horarum
1874 2773 1959 2836 14,
1989 2773 2106 2840 56¹;

539 2857 769 2918 altitudo
791 2875 918 2922 vero
943 2861 1050 2939 poli
1079 2859 1342 2939 graduum
1376 2861 1464 2916 57.

613 2947 687 3002 Ac
721 2949 789 3005 de
828 2937 1031 3006 boreali
1060 2937 1184 3022 polo
1223 2951 1393 3009 falsus
1426 2961 1510 3009 est
1539 2953 1821 3020 Eudoxus,
1866 2954 1994 3008 dum
2031 2954 2111 3016 sic

540 3041 733 3094 scribit
773 3057 788 3093 :
837 3061 856 3094 ι
893 3043 989 3099 Est
1014 3033 1146 3099 vero
1175 3045 1329 3100 stella
1359 3046 1605 3115 quaedam
1653 3047 1708 3100 in
1737 3047 1926 3101 eodem
1970 3062 2110 3101 sem-

2144 1824 2192 1880 B

2219 563 2489 634 μεγίστην
2541 561 2755 633 ἡμέραν
2789 560 2926 632 πρὸς
2960 561 3059 630 τὴν
3101 558 3387 629 ἐλαχίστην
3426 556 3581 625 λόγον
3619 555 3782 626 ἔχειν,

2212 655 2272 708 ὃν
2305 653 2372 706 τὰ
2407 659 2447 705 ε’
2488 652 2624 723 πρὸς
2661 652 2731 704 τὰ
2758 659 2828 720 γ’.
2869 651 3272 722 Προεκθέμενος
3304 650 3412 721 γὰρ
3443 648 3514 701 τὰ
3556 649 3650 701 ἐπὶ
3688 647 3783 701 τοῦ

2219 744 2437 817 θερινοῢ
2473 744 2734 816 τροπικοῦ
2767 745 3064 814 ποιήματα,
3095 742 3413 813 ἐπιφέρεται
3437 741 3620 795 ταυτί·
3644 759 3663 791 ι
3687 740 3787 794 Διὰ

2211 838 2271 891 δὲ
2303 837 2495 903 τούτου
2521 837 2751 908 φανερὸν
2779 839 2941 898 ποιεῖ,
2966 835 3099 888 διότι
3127 833 3223 906 τὴν
3250 833 3375 904 ὃλην
3405 832 3786 908 πραγματείαν

2213 931 2273 996 έν
2318 933 2432 993 τοῖς
2471 931 2600 1000 περὶ
2645 928 2743 1000 τὴν
2783 927 3008 980 Ἐλλάδα
3055 927 3240 990 τόποις
3287 926 3597 994 πεποίηται.
3647 922 3784 993 Παρ⁹

2217 1021 2450 1083 ἐκείνοις
2501 1007 2614 1091 γάρ
2663 1022 2808 1084 ἐστιν
2839 1022 2872 1090 ἡ
2918 1017 3233 1089 μακροτάτη
3280 1016 3462 1088 ἡμέρα
3507 1015 3644 1090 πρὸς
3686 1014 3786 1086 τὴν

2185 1187 2188 1190 ν
2222 1112 2560 1192 μικροτάτην
2590 1110 2780 1174 νύκτα,
2813 1109 2888 1172 ὡς
2911 1108 2978 1162 τὰ
3003 1107 3041 1160 ε’
3071 1109 3207 1178 πρὸς
3242 1106 3310 1160 τὰ
3333 1114 3402 1176 γ’.
3441 1124 3460 1158 ι

2288 1227 2416 1279 Ἔτι
2469 1225 2527 1278 δὲ
2569 1223 2769 1294 μᾶλλον
2805 1222 3134 1292 θαυμάσειεν
3165 1220 3229 1274 ἄν
3255 1237 3339 1283 τις
3375 1218 3493 1283 πῶς
3525 1235 3654 1271 ποτε
3687 1218 3787 1271 οὐκ

2215 1317 2485 1388 ἐπέστησε
2512 1316 2606 1370 τοῦ
2639 1314 2868 1384 Εὐδόξου
2908 1316 2964 1366 ὲν
2990 1313 3066 1383 τῷ
3106 1312 3276 1384 ἑτέρῳ
3301 1311 3637 1380 συντάγματι
3672 1309 3787 1369 δια-

2214 1408 2401 1481 φόρως
2441 1407 2760 1477 ἐκθεμένου,
2795 1405 2889 1460 καὶ
2929 1404 3250 1476 γράφοντος,
3297 1404 3378 1456 ὃτι
3411 1402 3471 1455 τὸ
3516 1401 3652 1473 ὑπὲρ
3683 1400 3788 1472 γῆν

2213 1501 2309 1554 τοῦ
2337 1498 2600 1569 τροπικοῦ
2633 1500 2828 1570 τμῆμα
2851 1497 2986 1566 πρὸς
3019 1497 3077 1550 τὸ
3100 1496 3205 1549 ὑπὸ
3234 1497 3333 1565 γῆν
3370 1495 3527 1562 λόγον
3550 1494 3683 1563 ἔχει,
3726 1493 3788 1545 ὃν

2213 1589 2282 1643 τὰ
2318 1590 2382 1660 ιβ’
2414 1592 2548 1662 πρὸς
2581 1591 2648 1658 τὰ
2699 1590 2740 1654 ζ’
2766 1607 2778 1620 '
2826 1589 3027 1659 ὁμοίως
3065 1588 3123 1641 δὲ
3160 1587 3334 1658 τούτῳ
3376 1586 3470 1640 καὶ
3518 1585 3625 1637 τῶν
3661 1585 3788 1654 περὶ

2213 1681 2485 1737 Φίλιππον
2518 1682 2964 1754 ἁναγραφόντων,
2996 1680 3090 1733 καὶ
3126 1679 3302 1733 ἄλλων
3332 1678 3609 1734 πλειόνων.
3640 1676 3787 1747 Πλὴν

2217 1776 2676 1844 ὲπισυντετάχασι
2712 1775 2810 1845 μὲν
2842 1773 2941 1837 τὰς
2966 1770 3327 1836 συνανατολάς
3359 1788 3418 1824 τε
3453 1771 3546 1824 καὶ
3585 1785 3788 1838 συγκα-

2214 1866 2466 1930 ταδύσεις
2493 1867 2602 1920 τῶν
2646 1867 2881 1938 ἄστρων,
2916 1865 2991 1928 ὼς
3028 1867 3086 1917 ὲν
3118 1867 3231 1926 τοῖς
3262 1863 3389 1934 περὶ
3425 1861 3523 1933 τὴν
3563 1859 3788 1913 Ἐλλάδα

2211 1961 2398 2024 τόποις
2426 1959 2811 2030 τετηρημένων
2831 1973 2846 1988 °
2881 1956 3021 2010 κατὰ
3042 1956 3099 2009 δὲ
3127 1957 3188 2008 τὸ
3218 1955 3452 2026 έγκλιμα
3475 1953 3584 2007 τῶν
3606 1953 3789 2005 τόπων

2212 2053 2644 2124 διημαρτήκασι,
2677 2049 3154 2120 Παραπέμψαντες
3172 2049 3217 2081 ⁸⁵
3248 2049 3405 2107 τοῦτο
3427 2047 3490 2100 τὸ
3513 2045 3786 2116 ἀγνόημα,

2211 2146 2310 2215 τὴν
2335 2145 2462 2214 ὅλην
2487 2142 2665 2208 αὐτῶν
2699 2141 2946 2213 σύνταξιν
2987 2139 3412 2211 ἐπεσκεψάμεθα
3450 2137 3586 2210 πρὸς
3609 2136 3700 2190 τὸν
3730 2137 3789 2188 ὲν

2182 2242 2280 2310 ,τῇ
2324 2236 2535 2291 Ἐλλάδι
2583 2235 2856 2306 ὁρίζοντα.
2903 2234 3037 2292 Οὐδὲ
3081 2235 3192 2306 γὰρ
3244 2232 3602 2304 φιλαλήθους,
3653 2229 3790 2287 ἀλλὰ

2213 2329 2599 2392 κενοσπούδου,
2634 2327 2695 2379 τὸ
2737 2325 2881 2380 κατὰ
2919 2325 3098 2380 πάντα
3134 2325 3440 2396 μαχόμενον
3467 2326 3535 2394 τῇ
3573 2321 3790 2391 διεψευ-

2214 2423 2388 2494 σμένῃ
2436 2419 2690 2475 ὑποθέσει
2735 2418 3202 2490 ἐπιλαμϐάνεσθαι
3236 2417 3450 2480 αὐτῶν,
3497 2415 3602 2470 κᾶν
3650 2412 3790 2486 τύχῃ

2214 2513 2522 2585 συμφώνως
2550 2511 2819 2581 λεγόμενα
2837 2511 2952 2572 τοῖς
2979 2511 3036 2563 ὲν
3067 2511 3132 2581 τῇ
3175 2508 3384 2562 Ἐλλάδι
3418 2506 3785 2577 φαινομένοις.

2221 2601 2563 2657 ’Υποκείσθω
2589 2601 2644 2654 δὲ
2669 2603 2800 2672 ἡμῖν
2825 2600 3023 2670 ὁρίζων
3051 2599 3187 2669 πρὸς
3213 2598 3311 2666 τὴν
3354 2596 3644 2666 ἐπίσκεψιν
3675 2597 3702 2655 6
3730 2597 3787 2648 ἐν

2224 2698 2509 2766 Ἀθήναις·
2553 2685 2614 2746 οὗ
2646 2695 2793 2746 ἐστιν
2832 2693 2866 2762 ή
2905 2689 3136 2761 μεγίστη
3169 2689 3350 2760 ἡμέρα
3392 2688 3550 2758 ὡρῶν
3594 2689 3788 2763 ἰσημε-

2178 2853 2180 2856 ν
2215 2786 2376 2858 ρινῶν
2403 2788 2462 2840 ιδ’
2515 2786 2608 2838 καὶ
2637 2791 2682 2853 γ’
2722 2781 3193 2854 πεμπτημορίων·
3239 2779 3301 2834 τὸ
3340 2779 3398 2831 δὲ
3441 2777 3658 2850 ἔξαρμα
3694 2778 3786 2832 τοῦ

2212 2879 2377 2944 πόλου
2408 2895 2472 2929 πε
2483 2877 2537 2947 pl.
2565 2873 2769 2957 μοιρῶν
2791 2872 2893 2935 λζ’.-

2283 2970 2420 3040 Περὶ
2477 2968 2574 3038 μὲν
2608 2962 2700 3018 οὖν
2730 2963 2826 3018 τοῦ
2872 2962 3081 3047 βορείου
3123 2961 3283 3025 πόλου
3318 2958 3545 3025 Εὔδοξος
3585 2959 3788 3032 ἀγνοεῖ,

2213 3061 2385 3130 λέγων
2419 3058 2624 3120 οὕτως·
2657 3076 2676 3109 ι
2705 3057 2863 3109 Ἐστι
2891 3054 2948 3107 δέ
2986 3071 3068 3116 τις
3105 3053 3281 3123 ἀστὴρ
3316 3052 3492 3122 μένων
3531 3051 3616 3105 ἀεὶ
3649 3049 3790 3103 κατὰ

538 3144 636 3199 per
660 3133 968 3188 consistens
994 3133 1112 3189 loco
1133 3151 1253 3204 quae
1284 3136 1500 3204 quidem
1534 3137 1691 3206 polus
1722 3144 1806 3192 est
1833 3136 2044 3190 mundi.
2084 3156 2103 3190 ι

2213 3156 2302 3208 τὸν
2335 3152 2495 3206 αὑτὸν
2529 3151 2715 3207 τόπον.
2757 3144 2924 3210 Οὗτος
2962 3147 3019 3199 δὲ
3051 3147 3079 3196 6
3120 3144 3294 3215 ἀστὴρ
3341 3144 3503 3207 πόλος
3538 3144 3654 3196 ἐστὶ
3693 3141 3790 3195 τοῦ

538 3221 675 3277 Nam
707 3224 760 3278 in
789 3225 916 3309 polo
949 3227 1066 3296 ipso
1103 3229 1257 3283 stella
1293 3230 1442 3283 nulla
1479 3230 1584 3284 sita
1611 3236 1696 3285 est
1726 3249 1738 3284 :
1779 3231 1872 3285 sed
1903 3246 2110 3286 vacuus

539 3327 626 3374 cst
669 3319 844 3384 locus,
897 3323 987 3376 cui
1040 3323 1212 3377 stella:
1259 3331 1370 3378 tres
1413 3323 1665 3392 adjacent
1714 3342 1727 3378 :
1778 3324 2109 3393 quibuscum

541 3421 802 3481 punctum
835 3414 1011 3484 ipsum
1036 3416 1143 3486 poli
1170 3416 1598 3487 quadrangulam
1630 3417 1851 3472 circiter
1882 3417 2111 3488 ﬁguram

540 3502 702 3557 eliicit
735 3521 748 3557 :
782 3511 843 3557 ut
871 3510 925 3560 et
963 3504 1195 3576 Pytheas
1223 3504 1582 3562 Massiliensis
1614 3507 1711 3561 ait.

613 3684 768 3754 102
816 3682 905 3738 Vl.
945 3680 1254 3737 Secundum
1294 3681 1408 3736 hac
1452 3697 1554 3753 par
1579 3683 1822 3738 omnium
1865 3699 2021 3740 error
2055 3683 2114 3739 in

537 3773 804 3842 Draconis
843 3774 1223 3830 constituendo
1261 3773 1370 3828 situ
1419 3793 1433 3829 :
1476 3773 1636 3844 cujus
1687 3775 1884 3830 ﬂexum
1925 3776 2115 3831 existi-

537 3873 690 3919 mant
750 3866 903 3931 circa
958 3865 1188 3932 minoris
1247 3863 1399 3940 Ursa}
1465 3872 1629 3934 caput
1702 3865 1840 3920 ﬁeri.
1899 3865 2113 3922 Etenim

538 3956 892 4020 lucidissima:
931 3956 1425 4026 antecedentesque
1471 3957 1775 4022 stellarum,
1831 3973 1956 4028 quae
1984 3967 2113 4016 sunt

538 4049 592 4102 in
666 4047 816 4115 illius
898 4047 1192 4108 laterculo,
1253 4063 1486 4118 quarum
1559 4048 1762 4102 alterca
1843 4048 2116 4103 borealior

536 4139 835 4194 secundum
905 4139 1030 4194 illos
1085 4152 1250 4208 supra
1299 4145 1462 4212 caput
1511 4137 1684 4206 ipsius
1745 4144 1877 4204 est;
1945 4137 2112 4193 altera

538 4235 830 4299 australior
859 4234 920 4305 in
945 4219 1311 4287 anterioribus
1363 4233 1634 4303 pedibus;
1683 4233 1956 4303 parallelaa
1990 4244 2118 4289 sunt

546 4328 767 4382 circiter
809 4325 1004 4396 caudae
1033 4324 1318 4395 Draconis.
1364 4323 1528 4382 Falso
1558 4327 1721 4398 igitur
1756 4326 1872 4382 haec
1911 4326 2116 4400 scripta

538 4428 667 4474 sunt
693 4439 706 4453 ⁸

644 4579 710 4632 1η
741 4578 886 4645 spira
909 4587 1086 4631 autem
1115 4575 1396 4648 Cynosura
1423 4585 1579 4644 caput
1608 4574 1782 4648 habet.
1827 4575 1956 4631 Ηιεο
1988 4593 2108 4632 vero

650 4647 888 4704 Volvitur
917 4657 1096 4718 caput.
1164 4645 1177 4648 ⁷
1659 4645 1824 4718 [circa
1862 4649 2035 4717 ipsum

534 4805 744 4876 Quibus
780 4806 979 4860 similia
1035 4805 1255 4875 scripsit
1308 4803 1590 4872 Eudoxus.
1654 4801 1760 4858 Sed
1814 4803 2108 4873 peculiaris

532 4899 685 4953 Arati
738 4896 807 4954 de
866 4897 1115 4952 Dracone
1167 4905 1253 4953 est
1301 4896 1534 4967 inscitiae
1572 4897 1759 4966 lapsus
1810 4911 1822 4947 :
1872 4897 2108 4967 primum

533 4988 680 5060 quod
743 4989 813 5045 ab
866 4997 1097 5060 utraque
1153 4990 1315 5060 spirae
1360 4998 1515 5060 parte
1567 4989 1856 5050 collocavit
1911 4987 2104 5056 Ursas.

533 5081 676 5136 Sunt
739 5082 884 5138 enim
945 5082 1235 5152 utrinque,
1291 5097 1406 5151 non
1457 5081 1605 5153 spira
1653 5080 1958 5152 interiecta,
2014 5080 2110 5136 sed

535 5174 732 5230 cauda.
768 5172 904 5228 Nam
936 5189 1062 5228 cum
1102 5174 1347 5242 obversa:
1384 5173 1516 5236 sint,
1550 5187 1614 5227 ac
1647 5172 1789 5240 velut
1813 5172 2106 5240 parallelae,

533 5266 800 5330 Draconis
828 5265 1002 5322 cauda
1030 5265 1218 5330 ambas
1249 5265 1391 5320 inter
1419 5265 1474 5318 in
1501 5263 1723 5338 longum
1763 5263 2058 5337 porrigi-tur
2090 5279 2107 5329 ;

531 5365 588 5420 at
635 5357 784 5428 spira
827 5355 1097 5410 minorem
1147 5353 1340 5424 Ursam
1383 5355 1729 5424 amplexatur
1773 5371 1788 5408 :
1839 5367 1870 5407 a
1903 5352 2112 5422 majore

530 5449 858 5524 sejungitur.
876 5446 961 5502 Ob
983 5447 1228 5504 eamdem
1247 5461 1464 5518 quoque
1486 5433 1709 5501 causam
1737 5444 1905 5500 etiam
1939 5444 2109 5512 istud,

537 5560 558 5601 ι
595 5541 924 5612 Circumque
958 5541 1188 5604 fractus,
1229 5559 1248 5593 ι
1284 5553 1571 5623 perperam
1615 5537 1841 5593 dicitur.
1877 5534 2018 5607 Tum
2053 5534 2111 5590 id

531 5631 677 5693 enim
706 5648 895 5689 verum
925 5640 1091 5698 esset,
1126 5631 1172 5688 si
1198 5633 1269 5700 ab
1295 5641 1527 5706 utraque
1555 5629 1719 5702 spira:
1749 5635 1904 5702 parte
1937 5628 2109 5684 collo-

2143 4495 2190 4551 D

2214 3247 2440 3315 κόσμου.
2469 3263 2488 3295 ι
2529 3242 2652 3296 Ἐπὶ
2673 3240 2783 3320 γὰρ
2819 3239 2911 3292 τοῦ
2942 3236 3106 3290 πόλου
3128 3236 3249 3289 οὐδὲ
3272 3231 3354 3300 εἷς
3385 3237 3558 3308 ἀστὴρ
3589 3238 3789 3304 κεῖται,

2214 3338 2349 3396 ἀλλὰ
2379 3335 2533 3398 κενός
2558 3337 2674 3387 ἐστι
2696 3324 2880 3396 τόπος,
2905 3323 2950 3398 ᾧ
2977 3328 3338 3400 παράκεινται
3361 3332 3509 3400 τρεῖς
3538 3329 3788 3398 ἀστέρες,

2218 3431 2336 3503 μεθ’
2369 3424 2444 3482 ὧν
2489 3429 2551 3482 τὸ
2581 3429 2805 3499 σημεῖον
2830 3425 2891 3478 τὸ
2933 3421 3076 3478 κατὰ
3115 3421 3206 3474 τὸν
3245 3421 3408 3475 πόλον
3452 3421 3790 3492 τετράγωνον

2215 3524 2444 3592 ἔγγιστα
2481 3521 2665 3591 σχῆμα
2682 3518 2944 3594 περιέχει·
2979 3515 3230 3590 καθάπερ
3263 3517 3356 3568 καὶ
3384 3514 3595 3582 Πυθέας
3624 3513 3792 3582 φησὶν

2214 3615 2243 3667 6
2259 3611 2680 3672 Μασσαλιώτης.
2854 3594 2856 3598 ⁷

2287 3708 2379 3772 (τ’.
2419 3703 2724 3773 Ἐχομὲνως
2748 3700 2806 3754 δὲ
2835 3699 2930 3754 καὶ
2953 3700 3380 3771 διαμαρτάνουσι
3408 3695 3606 3758 πάντες
3629 3694 3687 3746 ὲν
3716 3696 3785 3764 τῇ

2214 3792 2307 3847 τοῦ
2359 3793 2663 3862 Δράκοντος
2704 3790 2878 3854 θέσει,
2915 3789 3386 3860 ὑπολαμϐάνοντες
3425 3784 3522 3856 τὴν
3563 3782 3790 3854 καμπὴν

2216 3884 2382 3948 αὑτοῦ
2418 3881 2686 3937 ποιεῖσθαι
2716 3883 2845 3950 περὶ
2875 3881 2974 3952 τὴν
3018 3881 3260 3951 κεφαλὴν
3299 3881 3399 3950 τῆς
3424 3879 3625 3950 μικρᾶς
3655 3877 3790 3946 Ἀρ·

2216 3995 2368 4032 κτου.
2403 3977 2465 4028 Οί
2499 3975 2608 4044 γὰρ
2639 3973 3012 4046 λαμπρότατοι
3045 3974 3138 4027 καὶ
3175 3955 3467 4044 ἡγούμενοι
3489 3969 3598 4023 τῶν
3626 3972 3683 4022 ὲν
3713 3967 3789 4039 τῷ

2215 4069 2447 4140 πλινθίῳ
2475 4068 2680 4139 ταύτης
2719 4067 2986 4138 ἀστέρων,
3013 4059 3089 4119 ὧν
3123 4068 3152 4119 6
3187 4065 3285 4136 μὲν
3314 4061 3649 4136 βορειότερός
3677 4061 3789 4112 ἐστι

2217 4161 2359 4232 κατὰ
2386 4160 2480 4214 τοῦ
2499 4161 2546 4192 ⁵⁵
2611 4159 2704 4211 ἐπὶ
2745 4158 2845 4229 τῆς
2876 4157 3139 4228 κεφαλῆς,
3170 4158 3198 4209 6
3240 4155 3296 4208 δὲ
3335 4152 3654 4225 νοτιὼτερος
3699 4151 3792 4205 ἐπὶ

2217 4253 2327 4307 τῶν
2351 4250 2700 4324 ἐμπροσθίων
2729 4250 2925 4315 ποδῶν,
2954 4269 3029 4303 πα
3037 4249 3317 4322 ραλλήλως
3338 4249 3566 4318 ἔγγιστα
3586 4250 3789 4315 κεῖνται

2215 4349 2284 4419 τῇ
2307 4345 2444 4418 οὐρᾷ
2475 4343 2568 4414 τοῦ
2599 4342 2920 4412 Δράκοντος.
2953 4341 3163 4405 Ψεῦδος
3187 4337 3280 4396 οὖν
3309 4342 3426 4393 ἐστι
3459 4339 3540 4408 τό·

2219 4566 2440 4634 Σπεῖρῃ
2463 4564 2515 4618 δ’
2545 4565 2614 4618 ἐν
2633 4565 2990 4634 Κυνόσουρα
3013 4563 3166 4633 κάρη
3196 4563 3321 4634 ἕχει
3338 4577 3357 4605 ⁸-
3381 4563 3421 4630 ἠ
3448 4560 3516 4615 δὲ
3534 4558 3663 4634 κᾳτξ
3685 4559 3790 4614 αὐ-

2211 4629 2467 4699 Ειλεῗτιιι
2501 4636 2794 4705 κεφαλήν.
2908 4629 2924 4634 ⁷
3086 4629 3102 4633 ⁷
3155 4629 3163 4632 ⁷
3228 4629 3264 4634 ⁷⁷
3411 4629 3418 4630 ⁷
3582 4629 3724 4703 [τὴν.

2231 4794 2468 4867 Ὀμοίως
2503 4795 2560 4848 δὲ
2584 4795 2679 4848 καὶ
2707 4797 2735 4848 6
2757 4794 2987 4862 Εὒδοξος
3013 4794 3234 4865 γράφει.
3265 4793 3393 4864 ’ἰδίᾳ
3417 4792 3472 4845 δὲ
3497 4791 3525 4843 6
3556 4791 3791 4862 ’Ἄρατος

2219 4889 2312 4942 ἐπὶ
2348 4888 2442 4942 τοῦ
2484 4889 2782 4960 Δράκοντος
2808 4889 3019 4956 ἀγνοεῖ·
3055 4886 3269 4958 πρῶτον
3306 4884 3404 4955 μὲν
3443 4883 3521 4954 τῷ
3560 4882 3790 4952 φάσκειν

2218 4980 2452 5052 σπείρης
2493 4979 2752 5052 ἑκάτερθε
2784 4978 3044 5050 φέρεσθαι
3083 4979 3182 5041 τὰς
3219 4978 3516 5049 Ἀρκτους·
3552 4975 3650 5046 τῆς
3681 4975 3790 5046 γὰρ

2219 5073 2389 5144 οὐρᾶς
2417 5071 2751 5145 ἑκατέρωθέν
2782 5073 2910 5135 εἰσι,
2955 5072 3049 5136 καὶ
3079 5071 3138 5123 οὐ
3183 5069 3284 5140 τῆς
3324 5068 3571 5137 σπείρης.
3637 5067 3790 5123 Ἀντ-

2215 5165 2612 5238 εστραμμένων
2659 5164 2769 5236 γὰρ
2792 5164 3004 5232 αὐτῶν,
3035 5165 3130 5217 καὶ
3179 5163 3380 5216 ὡσανεὶ
3429 5159 3788 5230 παραλλήλως

2165 5255 2169 5259 ’
2217 5258 2508 5328 κειμένων,
2541 5259 2575 5329 ἡ
2608 5255 2745 5329 οὐρὰ
2773 5255 2865 5310 τοῦ
2909 5255 3208 5328 Δράκοντος
3245 5252 3446 5325 μεταξὺ
3489 5249 3668 5304 αὐτῶν
3701 5249 3790 5310 διὰ

2219 5350 2429 5421 μήκους
2459 5349 2860 5421 παρατέταται·
2891 5350 2924 5420 ἡ
2959 5348 3016 5402 δὲ
3068 5349 3266 5417 σπεῖρα
3314 5344 3413 5415 τὴν
3453 5343 3551 5414 μὲν
3585 5339 3789 5413 μικρὰν

2217 5444 2457 5516 Ἀρκτον
2483 5441 2882 5515 περιλαμϐάνει
2899 5457 2913 5471 ·
2944 5439 3043 5510 τῆς
3067 5439 3126 5493 δὲ
3168 5437 3411 5510 μεγάλης
3439 5435 3573 5490 πολὺ
3613 5431 3790 5521 κεχῴ

2216 5552 2419 5608 ρισται.
2469 5535 2570 5588 Διὰ
2630 5534 2728 5605 τὴν
2777 5531 2946 5604 αὐτὴν
2994 5531 3052 5584 δὲ
3103 5530 3284 5586 αἰτίαν
3324 5529 3418 5583 καὶ
3462 5527 3544 5593 τὸ,
3612 5523 3791 5608 Ἀμφι

2216 5628 2265 5679 τ’
2301 5625 2509 5696 ἑαγὼς,
2541 5623 2946 5699 ἡμαρτημένως
2981 5621 3220 5708 λέγεται.
3257 5619 3547 5675 Συνέσαινε
3573 5615 3683 5708 γὰρ
3718 5613 3790 5687 Qu

624 5808 672 5851 "
713 5809 866 5874 Deest
887 5809 1108 5888 aliquid,
1140 5820 1267 5882 puta
1290 5811 1448 5887 ἡμεῖς
1475 5805 1569 5879 οὖν.
1604 5825 1816 5884 παραπ.
1895 5809 1939 5844 ⁸⁸
1967 5805 2091 5893 Cor.
2119 5807 2237 5864 καττ
2267 5803 2491 5875 αὐτούς..
