4130 6410
494 375 630 431 14ης)

1483 365 1578 421 AD
1616 361 1888 422 EUSEBII
1925 357 2324 419 CHRONICON
2365 354 2732 414 AI‘PENDIX.

3607 351 3752 411 £020

491 504 774 545 conversae
796 493 1074 558 ponuntur
1100 484 1171 540 ab
1194 483 1473 547 omnibus,
1500 480 1749 554 adeoque
1770 482 1840 539 ab
1864 480 2032 536 Arato
2057 518 2072 544 ,

2199 472 2269 527 εοῦ
2301 473 2509 543 κόσμου
2550 471 2718 542 μέρος
2750 468 3210 540 ἐπεστραμμένα,
3237 468 3312 532 ὡς
3351 469 3519 539 ἔφην,
3553 470 3754 543 ἀστρο-

490 584 652 653 cujus
689 584 744 636 in
772 581 936 637 libris
961 579 1219 635 omnibus
1248 579 1325 634 ita
1353 577 1551 647 legitur
1582 593 1599 634 :

708 784 884 840 Medio
913 799 1032 837 vero
1061 797 1223 847 supra
1257 787 1414 848 caput

498 858 689 913 Dextri
719 858 864 925 pedis
893 864 1186 909 extremum
1211 847 1365 905 habet
1395 849 1620 905 tortuosi
1651 847 1937 902 Draconis.

569 972 840 1027 Praeterea
899 984 1025 1023 cum
1092 965 1393 1038 lngeniculi
1450 963 1716 1035 ﬁguram,
1769 977 1835 1017 ac
1909 961 2078 1017 situm

498 1063 776 1134 explicare.
819 1061 979 1117 nobis
1014 1060 1219 1114 Aratus
1247 1065 1495 1128 cuperet,
1534 1054 1734 1111 merito
1768 1054 2081 1126 signiﬁcare

498 1156 713 1219 debuit,
756 1163 881 1209 uter
922 1169 1021 1224 pes
1049 1152 1172 1222 ejus
1205 1150 1373 1223 capiti
1416 1147 1682 1204 Draconis
1716 1147 2078 1203 incumberet.

498 1247 619 1303 Non
662 1247 811 1303 enim
860 1247 968 1302 alia
997 1246 1066 1301 de
1099 1258 1267 1301 causa
1300 1242 1500 1313 capitis
1541 1240 1810 1297 Draconis
1848 1240 2082 1296 mentio-

498 1354 624 1395 nem
653 1338 863 1409 injicit,
892 1337 998 1393 nisi
1037 1345 1098 1392 ut
1129 1350 1196 1392 eo
1217 1335 1378 1390 modo
1414 1332 1713 1405 lngeniculi
1743 1333 1898 1405 103
1917 1333 2082 1388 situm

418 1508 425 1515 ο
500 1431 722 1502 assequi
774 1429 1075 1500 possimus,
1117 1426 1267 1499 quod
1310 1427 1367 1483 in
1419 1428 1545 1482 aliis
1587 1426 1864 1498 plerisque
1905 1425 2085 1481 facere

499 1523 674 1588 solet;
720 1523 868 1577 velut
899 1521 968 1575 de
1016 1518 1332 1591 lngeniculo
1382 1518 1655 1584 scribens,
1706 1528 1929 1574 caeteras
1963 1517 2083 1588 ejus

505 1624 685 1684 partes
713 1613 788 1668 ita
812 1622 1206 1668 commemorat
1242 1631 1256 1668 :

502 1706 677 1760 Dorso
716 1707 926 1775 quidem
957 1703 1172 1759 Corona
1204 1704 1567 1776 propinquat:
1595 1716 1752 1776 caput
1780 1721 1897 1760 vero
1921 1720 2085 1776 _sum-

503 1775 737 1835 Observa
761 1777 924 1846 juxta
949 1785 1108 1844 caput
1146 1775 1443 1845 Anguiferi.

504 1890 636 1947 Item
670 1891 738 1946 de
765 1889 905 1961 Lyra
943 1906 957 1943 :

574 2004 658 2059 Ad
687 2022 820 2075 genu
844 2005 930 2059 illi
951 2006 1137 2060 lcevum
1168 2003 1389 2059 accedit.

507 2118 619 2173 Nec
655 2135 762 2174 non
790 2119 858 2174 de
881 2118 1118 2175 Perseo:

510 2230 832 2314 Eropever‘o
867 2233 968 2302 ipsi
994 2233 1179 2287 la'vum
1201 2248 1333 2305 genu
1366 2230 1650 2286 admodum
1679 2247 1853 2286 omnes

507 2301 756 2358 Pleiades
784 2301 1047 2362 feruntur.

510 2416 643 2471 Item
666 2433 681 2470 :

511 2529 552 2601 4
562 2538 681 2599 tque
708 2530 829 2584 huic
857 2530 1046 2585 dextra
1069 2531 1277 2601 quidem
1318 2546 1480 2599 supra
1510 2528 1745 2584 lecticam
1794 2527 2097 2582 extenditur

513 2598 782 2656 Soceralis
815 2600 980 2656 sellw.

514 2710 610 2767 Sic
637 2713 707 2769 de
739 2714 928 2787 Cygno
963 2732 977 2768 :

634 2868 647 2880 .
676 2867 690 2880 .
730 2868 744 2882 .
782 2869 795 2883 .
836 2867 852 2884 .
888 2869 902 2882 .
942 2828 1025 2882 Ad
1050 2829 1291 2883 dextram
1322 2846 1534 2883 manum

513 2896 776 2969 Cepheam
811 2916 995 2969 penna
1020 2899 1236 2954 dextras
1265 2902 1625 2954 extremitates
1654 2900 1953 2971 porrigens.

589 3010 667 3067 Ita
701 3014 754 3068 in
806 3014 931 3069 aliis
987 3013 1268 3083 plerisque
1301 3012 1605 3084 propinqua
1654 3012 1835 3068 sidera
1891 3011 2098 3068 descri-

517 3105 676 3169 bens,
704 3105 910 3161 indicat
941 3104 1207 3161 dextrane
1236 3106 1541 3176 adjaceant,
1570 3120 1638 3160 an
1668 3106 1917 3162 sinistra.

587 3283 745 3352 Quod
808 3292 989 3338 autem
1050 3282 1324 3353 neglectu,
1359 3297 1468 3337 non
1520 3298 1710 3339 errore
1754 3291 1827 3339 sit
1861 3283 1993 3338 illud
2029 3284 2097 3339 ab

518 3377 745 3435 Eudoxo
771 3384 823 3432 et
852 3375 1023 3430 Arato
1058 3374 1129 3430 de
1168 3374 1305 3446 pede
1342 3376 1723 3441 commissum,
1750 3391 1816 3431 ex
1871 3376 2098 3446 reliquis

518 3477 768 3543 apparet,
798 3483 921 3540 qua:
951 3476 1181 3538 uterque
1211 3465 1279 3522 de
1318 3464 1632 3539 lngeniculo
1667 3468 1930 3538 prodidit.
1962 3469 2098 3525 Nam

520 3562 588 3617 de
623 3559 763 3632 Lyra
793 3561 909 3615 haec
939 3558 1182 3640 Aratus:

520 3677 814 3731 Collocavit
842 3685 1021 3730 autem
1053 3672 1178 3743 (ait,
1209 3673 1409 3750 ipsam)
1456 3687 1580 3732 ante
1606 3675 2098 3750 ignotumsimnla-

1861 3764 2030 3811 crum,

1861 3764 1989 3802 crnn

527 3814 590 3888 In
619 3815 805 3888 caelum
840 3817 1166 3886 transferens
1192 3836 1209 3873 :
1236 3828 1390 3888 atque
1425 3818 1479 3872 in
1498 3817 1742 3872 cruribus
1774 3748 1989 3874 volatile

526 3885 672 3939 Genu
691 3888 739 3939 ei
759 3887 976 3943 sinistro
1005 3885 1413 3961 appropinquat.

596 4000 768 4056 Porro
812 4018 942 4059 crus
1000 4001 1153 4074 Lyra:
1205 4002 1445 4058 vicinum
1508 4002 1563 4057 in
1616 3999 1880 4059 Draconis
1930 4003 2107 4073 capite

528 4093 763 4162 positum
804 4103 906 4150 est.
942 4092 1157 4152 Rursus
1185 4093 1254 4150 de
1293 4099 1421 4149 ortu
1457 4092 1759 4165 lngeniculi
1802 4093 1882 4151 sic
1929 4095 2108 4166 loqui-

528 4194 616 4244 tur
648 4203 662 4239 :

604 4337 619 4353 .
659 4339 672 4353 .
718 4340 731 4355 .
779 4340 793 4354 .
828 4340 843 4354 .
886 4299 1071 4354 Solum
1093 4317 1212 4356 vero
1235 4300 1411 4357 Chelas
1433 4310 1599 4371 agunt

534 4367 787 4441 Dextrum
819 4388 941 4425 crus
966 4370 1033 4424 ad
1068 4372 1240 4439 ipsum
1266 4387 1425 4441 usque
1457 4367 1613 4441 oena,

531 4437 746 4509 Semper
774 4437 1111 4510 geniculatim
1129 4458 1147 4505 ;
1179 4437 1379 4509 semper
1408 4437 1478 4496 ad
1508 4440 1702 4513 Lyram
1733 4442 2038 4497 accidentis.

598 4554 760 4609 Aliud
790 4562 873 4609 est
916 4570 1044 4609 erus
1082 4555 1147 4610 ad
1187 4569 1476 4636 occasum,
1511 4554 1656 4626 quod
1700 4556 1853 4627 prius
1911 4557 2106 4621 oritur,

534 4664 711 4718 neque
737 4649 789 4702 id
819 4648 984 4718 capiti
1015 4640 1280 4704 Draconis
1311 4648 1602 4705 incumbit.
1644 4648 2002 4720 Perspicuum
2025 4658 2110 4705 est

536 4742 702 4811 Igitur
734 4742 883 4826 illam
916 4742 984 4796 ab
1012 4757 1077 4796 eo
1107 4742 1391 4798 sinistram
1443 4741 1696 4815 intelligi.
1742 4741 1837 4799 llis
1875 4757 2110 4801 consen-

535 4843 695 4887 tanea
725 4833 793 4888 de
822 4841 944 4888 ortu
979 4831 1179 4888 Leonis
1202 4832 1404 4888 cecinit
1433 4852 1445 4887 :

614 5081 626 5092 .
669 5081 681 5093 .
715 5078 731 5094 .
762 5077 778 5093 .
813 5077 827 5091 .
869 5038 1133 5093 therum
1170 5038 1252 5093 hic
1281 5040 1620 5109 geniculatim

540 5109 736 5171 Sedens
776 5125 895 5162 cum
923 5110 1043 5178 jam
1080 5109 1218 5163 alias
1250 5119 1463 5178 partes;
1502 5120 1611 5164 tum
1644 5126 1811 5180 genu,
1844 5118 1892 5163 et
1932 5110 2111 5179 pedem

1813 5179 2114 5251 [sinistrum

542 5250 797 5305 Nondum
827 5249 1122 5319 ﬂuctuante
1154 5249 1358 5304 reducit
1396 5248 1628 5309 Oceano.

613 5361 691 5417 Ex
724 5362 811 5418 his
861 5362 1121 5417 omnibus
1171 5371 1419 5433 apparet,
1458 5363 1746 5418 sinistrum
1779 5378 1911 5420 crus
1959 5364 2115 5418 illum

543 5454 728 5511 dicere
753 5453 821 5508 ad
846 5451 1113 5508 Draconis
1136 5460 1301 5524 caput
1322 5455 1649 5525 pertingere.

620 5630 748 5687 \‘III.
763 5633 892 5689 Post
902 5633 1007 5690 hoc
1018 5633 1217 5690 Aratus
1228 5633 1480 5705 privatim
1492 5632 1559 5690 de
1568 5632 1855 5704 Ophiueho
1868 5632 2117 5694 scribens

635 5787 681 5827 ⁸³
716 5786 867 5842 Deest
902 5790 1217 5859 Δράκοντος.
1296 5789 1340 5821 ⁶⁰
1371 5788 1409 5858 f.
1444 5786 1635 5861 τούτῳ.

1919 1773 2087 1847 [mum
2118 1823 2159 1847 ἢ
2190 1758 2449 1814 Σκέπτεο
2487 1758 2607 1827 πάρ

2179 565 2416 619 θετείται
2440 563 2544 618 ὑπὸ
2568 564 2807 626 πάντων,
2832 564 2925 616 καὶ
2949 564 3041 616 ὑπ’
3064 560 3227 616 αὐτοῦ
3255 559 3353 616 τοῦ
3383 563 3635 633 Ἄρατον,
3657 566 3754 620 καὶ

2180 661 2237 712 ὲν
2270 658 2405 711 πᾶσι
2435 658 2547 720 τοῖς
2582 655 2809 727 βιϐλίοις
2846 655 3117 727 γράφεται
3138 672 3152 687 ο

2183 807 2197 822 .
2243 810 2256 822 .
2295 809 2312 823 .
2339 809 2354 824 .
2381 806 2396 822 .
2428 808 2441 822 .
2471 809 2486 823 .
2516 768 2731 837 μέσσῳ
2762 766 2813 819 δ’
2843 766 3142 836 ἐφύπερθε
3165 765 3404 834 καρήνῳ

2180 839 2492 907 Δεξιτεροῦ
2523 838 2708 904 ποδὸς
2741 837 2929 906 ἀκρον
2960 837 3085 906 ἔχει
3108 837 3376 891 σκολιοῖο
3401 837 3469 893 ⁸⁸.

2250 953 2396 1024 Πρὸς
2435 952 2494 1006 δὲ
2524 950 2747 1005 τούτου
2780 952 2875 1004 καὶ
2921 949 3016 1003 τὸν
3060 950 3440 1021 σχηματισμὸν
3484 951 3615 1021 ἡμῖν
3656 949 3758 1004 τοῦ

2193 1046 2282 1100 Ἐν
2314 1046 2539 1114 γούνασι
2587 1044 2684 1099 καὶ
2732 1044 2832 1116 τὴν
2862 1042 3010 1098 θέσιν
3053 1042 3334 1112 διασαφεῖν
3376 1043 3697 1115 βουλόμενος
3727 1047 3767 1105 ὁ,

2185 1140 2421 1206 Ἀρατος
2451 1137 2690 1206 εὐλόγως
2715 1136 2783 1192 ἂν
2816 1137 3094 1208 σημαίνοι,
3124 1136 3218 1190 xal
3250 1138 3400 1199 ποῖος
3425 1136 3588 1190 αὐτοῦ
3615 1137 3760 1201 ⁴ιοοῡς

2182 1233 2359 1285 κεῖται
2392 1231 2486 1284 ἐπὶ
2502 1230 2602 1300 τῆς
2631 1228 2727 1284 τοῦ
2753 1230 3056 1301 Δράκοντος
3079 1228 3338 1299 κεφαλῆς.
3352 1230 3430 1283 Οὐ
3454 1229 3562 1301 γὰρ
3580 1229 3761 1293 ἄλλως

2184 1321 2519 1394 παρατίθησι
2545 1322 2644 1394 τὴν
2672 1321 2767 1376 τοῦ
2801 1322 3101 1394 Δράκοντος
3129 1322 3391 1393 κεφαλὴν,
3419 1321 3534 1376 ἀλλ’
3571 1322 3662 1376 ἵνα
3688 1324 3758 1394 τῇ

2184 1416 2334 1471 θέσει
2380 1414 2475 1469 τοῦ
2510 1415 2599 1470 Ἐν
2640 1416 2868 1484 γούνασι
2911 1415 3441 1491 σπαρακολοιιθιῖψεν⁸
3486 1416 3622 1486 ὅπερ
3660 1416 3761 1471 καὶ

2184 1506 2279 1559 ἐπὶ
2308 1504 2483 1558 ἄλλων
2536 1504 2797 1560 πλειόνων
2832 1509 3000 1561 ποιεῖ·
3032 1506 3282 1578 καθάπερ
3338 1507 3433 1560 καὶ
3474 1507 3562 1559 ἐπ’
3589 1504 3760 1558 αὐτου

2185 1596 2279 1650 τοῦ
2320 1597 2409 1650 Ἐν
2441 1595 2666 1666 γούνασι
2696 1598 2767 1653 τὰ
2794 1598 2931 1657 ἄλλα
2955 1598 3121 1654 αὐτοῦ
3153 1597 3295 1670 μέρη
3324 1596 3457 1667 φησι
3475 1612 3491 1627 ⁸

2186 1688 2363 1761 Νώτφ
2386 1689 2504 1758 μὲν
2530 1687 3073 1761 Στέφανοςνπελάει
3089 1708 3103 1722 ·
3123 1689 3356 1760 κεφαλῇ
3382 1707 3446 1761 γε
3463 1688 3579 1760 μὲν
3604 1688 3760 1759 ἄκρη

2640 1760 2915 1831 κεφαλὴν
2956 1762 3297 1832 Ὀφιούχεον

2189 1874 2301 1928 Kal
2328 1873 2408 1928 ἔτι
2435 1878 2502 1948 τῇ
2529 1876 2685 1949 Λύρα
2709 1877 2863 1949 φησί’

2258 2012 2520 2066 rods-att
2549 2015 2604 2066 οι
2628 2012 2819 2080 σκαιῷ
2841 2012 3067 2069 studet.

2190 2122 2303 2176 Kal
2329 2121 2406 2187 ὡς
2440 2122 2533 2176 ἐπὶ
2563 2122 2659 2177 τοῦ
2691 2125 2975 2195 Περσέως

2197 2234 2461 2309 ’ξΑγχιμδέ
2483 2239 2537 2291 οἱ
2568 2237 2790 2309 σκαιῆς
2810 2238 3188 2309 ἐπιγουνίδος
3206 2239 3386 2308 ἤλιθα
3411 2237 3598 2295 πᾶσαν

2193 2305 2491 2374 Πληϊάδες
2518 2308 2832 2376 φορέονται
2851 2325 2864 2338 ⁸
2918 2305 2929 2309 ’
3165 2305 3175 2306 ί
3234 2305 3242 2308 ’
3438 2323 3455 2342 ο

2193 2419 2289 2472 καὶ
2320 2419 2483 2474 πάλιν
2498 2436 2514 2450 °

2195 2535 2307 2588 Kal
2331 2537 2385 2587 οἱ
2418 2534 2687 2607 δεξιτερὴ
2717 2535 2829 2603 μὲν
2856 2536 2953 2589 ἐπὶ
2983 2536 3243 2607 κλισμὸν
3273 2537 3625 2594 τετάνυσται

2196 2606 2515 2673 Πενθερίου
2542 2605 2794 2676 δίφροιο.

2196 2715 2307 2770 Καὶ
2338 2716 2415 2780 ὡς
2446 2716 2540 2771 ἐπὶ
2565 2717 2659 2771 τοῦ
2697 2717 2945 2791 Ὀρνιθός
2972 2736 3136 2792 φησιο

2201 2872 2214 2886 .
2260 2870 2273 2884 .
2309 2871 2322 2885 .
2363 2871 2375 2884 .
2414 2869 2429 2885 .
2467 2872 2482 2887 .
2517 2869 2533 2885 ο
2568 2832 2720 2887 κατὰ
2748 2833 2915 2899 δεξιὰ
2946 2834 3143 2903 χειρὸς

2201 2872 2214 2886 .
2260 2870 2273 2884 .
2309 2871 2322 2885 .
2363 2871 2375 2884 .
2414 2869 2429 2885 .
2467 2872 2482 2887 .
2517 2869 2533 2885 .
2568 2854 2720 2887 κατα
2748 2854 2915 2899 οεςια
2985 2854 3143 2903 ειρος

2196 2903 2480 2970 Κηφείης,
2510 2904 2751 2972 ταρσοῖο
2783 2903 2854 2958 τὰ
2888 2854 3057 2971 δεξιὰ
3081 2905 3328 2975 πείρατα
3350 2906 3597 2975 φαίνων.

2182 3080 2191 3087 _
2267 3015 2379 3069 Kal
2423 3015 2510 3071 ἐπ’
2541 3016 2715 3072 ἄλλων
2748 3017 2806 3071 δὲ
2840 3019 3098 3072 πλειόνων
3147 3017 3247 3082 τὰς
3292 3019 3621 3091 παραθέσεις
3657 3020 3781 3075 τᾶν

2198 3108 2413 3178 ἄστρων
2460 3106 2758 3177 διασαφῶν,
2809 3109 3064 3180 σημαίνει
3112 3110 3340 3182 πότερον
3372 3109 3442 3164 τὰ
3464 3111 3614 3178 δεξιὰ
3641 3113 3675 3183 ἢ
3702 3112 3780 3168 τέ.

2122 3175 2164 3232 C
2197 3175 2461 3271 ἀριστερὰ
2484 3175 2834 3271 παράκειται.

2272 3289 2391 3342 Ὀτι
2425 3289 2483 3343 δὲ
2512 3290 2812 3362 παρόραμά
2841 3290 2957 3343 ἐστι
2982 3289 3076 3343 τοῦ
3104 3289 3332 3356 Εὐδόξου
3357 3290 3450 3345 καὶ
3478 3291 3573 3345 τοῦ
3613 3290 3782 3364 ’Δρά-

2198 3397 2291 3435 του
2335 3378 2396 3432 τὸ
2440 3380 2570 3452 περὶ
2595 3380 2687 3434 τὸν
2720 3380 2876 3446 πόδα,
2904 3381 3000 3434 καὶ⁸
3026 3381 3124 3452 οὐχ
3149 3381 3474 3454 ἁμάρτημα,
3500 3382 3658 3452 δῆλον
3685 3382 3779 3452 τί-

2200 3490 2349 3527 νεται
2401 3474 2467 3526 ἐκ
2508 3472 2618 3527 τῶν
2659 3473 2859 3527 λοιπῶν
2896 3472 3004 3527 τῶν
3051 3474 3357 3544 λεγομένων
3388 3475 3477 3544 ὑφ’
3511 3473 3781 3547 ἑκατέρου

2203 3565 2332 3635 περὶ
2354 3564 2449 3619 τοῦ
2490 3566 2577 3619 Ἐν
2608 3565 2851 3635 γούνασι.
2881 3566 3017 3633 Περὶ
3041 3566 3141 3636 μὲν
3163 3565 3272 3637 γὰρ
3291 3566 3391 3638 τῆς
3412 3566 3598 3638 Δύρας
3616 3584 3630 3599 ·

2206 3678 2386 3734 Καδδ’
2443 3680 2632 3744 ἔθετο,
2679 3682 2843 3752 φησὶν
2865 3719 2880 3745 ,
2927 3679 3096 3753 αὐτὴν
3143 3683 3566 3753 προετοιροιιεθενέ⁸
3594 3682 3785 3753 rixen-

3295 3750 3456 3822 [ρέος
3485 3750 3780 3822 εἰδώλοιο,

2210 3819 2479 3886 Οὐρανὸν
2504 3819 2855 3890 εισαγατὼνο
2880 3820 2947 3874 τὸ
2967 3819 3019 3873 δ’
3036 3819 3134 3875 ἐπὶ
3161 3819 3487 3875 σκελέεσσι
3513 3820 3788 3888 stringor

2208 3892 2467 3944 ιὀύνατί
2498 3894 2552 3944 οι
2580 3890 2771 3955 σκαιῷ
2803 3890 3033 3945 πελάει·

2208 4002 2267 4056 τὸ
2299 4001 2355 4056 δὲ
2390 4002 2525 4074 πρὸς
2572 4003 2640 4073 τῇ
2687 4001 2842 4072 Λύρα
2875 3999 3065 4064 σκέλος
3106 4000 3224 4053 ἐστὶ
3266 3999 3513 4072 κείμενον
3549 3999 3642 4052 iul
3682 3997 3789 4068 τῆς

2207 4092 2302 4147 τοῦ
2343 4094 2643 4165 Δράκοντος
2669 4092 2926 4164 κεφαλῆς.
2960 4092 3129 4148 Πάλιν
3153 4091 3209 4146 δὲ
3236 4092 3363 4164 περὶ
3381 4093 3481 4164 τῆς
3517 4090 3787 4160 ἀνατολῆς

2210 4184 2304 4238 τοῦ
2349 4184 2439 4237 Ἐν
2468 4183 2691 4254 γούνασι
2718 4182 2910 4252 λέγων,
2946 4183 3097 4255 φησι·

2218 4339 2230 4352 .
2263 4338 2277 4351 .
2324 4338 2337 4351 .
2384 4339 2396 4349 .
2441 4340 2452 4352 .
2487 4336 2503 4351 .
2541 4299 2781 4367 ,μόνην
2812 4295 2863 4350 δ’
2893 4296 2992 4367 ἐπὶ
3021 4296 3210 4367 Χηλαὶ
3246 4294 3464 4367 ἄγουσι

2213 4367 2525 4436 Δεξιτερὰν
2561 4365 2800 4436 κνήμην
2823 4366 3014 4435 αὐτῆς
3044 4365 3422 4436 ἐπιγουνίδος
3449 4365 3642 4435 ἄχρις,

2215 4439 2339 4494 Alei
2372 4435 2544 4508 γνὺξ,
2567 4435 2685 4491 alet
2714 4436 2784 4491 δὲ
2808 4438 2973 4505 Λύρη
3008 4435 3533 4504 παραατεπτηῶτος.

2286 4549 2452 4622 Ἀλλη
2507 4550 2645 4623 πρὸς
2697 4552 2762 4622 τῇ
2803 4548 2952 4603 δύσει
3005 4551 3186 4622 κνήμη
3229 4551 3346 4604 ἐστὶ
3376 4553 3410 4621 ἡ
3459 4551 3794 4622 προανατέλο

2210 4644 2395 4707 λουσα,
2433 4643 2527 4696 καὶ⁵
2556 4642 2655 4696 ούκ
2687 4642 2829 4696 ἐστιν
2857 4641 2995 4713 αὕτη
3032 4643 3123 4695 ἐπὶ
3149 4641 3251 4712 τῆς
3280 4643 3522 4715 κεφαλῆς
3537 4643 3635 4697 τοῦ
3657 4645 3796 4716 Δρά-

2211 4754 2417 4800 κοντος.
2447 4734 2613 4806 Δῆλον
2635 4729 2727 4788 οὗν
2748 4735 2830 4789 ὅτι
2863 4733 3079 4806 ἐκείνην
3126 4734 3420 4807 ἀριστερὰν
3441 4735 3610 4805 λέγει.
3643 4737 3794 4808 Συμ-

2214 4828 2406 4899 φωνῶν
2434 4827 2490 4883 δὲ
2521 4826 2731 4892 τούτοις
2768 4826 2861 4880 καὶ
2897 4825 2991 4880 ἐπὶ
3017 4827 3114 4898 τῆς
3140 4827 3403 4892 ἀνατολῆς
3433 4827 3527 4882 τοῦ
3562 4828 3795 4894 Λέοντός

2216 4937 2381 4993 φησιν
2405 4937 2419 4950 ·

2222 5010 3195 5080 .........αὺτὰρὸγεγνὺε

2220 5085 2476 5153 Ἦμενος
2499 5081 2662 5136 ἄλλα
2685 5081 2804 5152 μὲν
2826 5081 2964 5151 ἤδη,
2983 5082 3131 5151 ἀτὰρ
3151 5083 3297 5136 γόνυ
3319 5080 3417 5134 καὶ
3440 5080 3596 5134 πόδα
3614 5080 3798 5136 λαιὸν

2213 5226 2389 5279 Οὔπω
2413 5222 2809 5293 κυμαίνοντος
2846 5219 3206 5289 ὑποστρέφει
3240 5215 3561 5272 Ὠκεανοῖο.

2290 5355 2526 5430 Φανερὸν
2552 5350 2645 5411 οὖν
2667 5356 2733 5410 ὲκ
2761 5354 2978 5410 πάντων
3006 5352 3234 5423 γίνεται,
3250 5348 3386 5403 διότι
3421 5348 3481 5401 τὸ
3507 5345 3800 5419 ἀριστερὸν

2226 5450 2415 5514 σκέλος
2448 5449 2581 5522 φησὶ
2614 5447 2876 5521 καθήκειν
2909 5445 3002 5500 ἐπὶ
3028 5443 3125 5515 τὴν
3152 5442 3247 5497 τοῦ
3288 5441 3589 5514 Δράκοντος
3618 5455 3799 5506 κεφα-

2294 5560 2342 5597 ν.

2223 5543 2372 5692 λήέίν.
2408 5634 2563 5708 Ἑξῆς
2586 5634 2643 5692 δὲ
2667 5633 2792 5710 περὶ
2814 5631 2907 5692 τοῦ
2922 5628 3203 5703 Ὀφιούχου
3222 5627 3393 5699 λέγων
3418 5622 3561 5691 ἰδίως
3577 5627 3604 5680 ό
3621 5626 3806 5698 Ἀρατ-
