4130 6410
381 424 515 482 1021

1371 404 1743 466 mansuem
1778 405 1871 463 AD
1908 398 2357 461 remouens
2395 396 2522 455 un.
2562 395 2606 453 ι.
2696 369 2701 373 ’

3510 382 3643 441 101’)

377 567 489 613 τος,
521 545 681 618 ὀρθόν
716 561 849 615 φησι
892 540 1109 597 κεῖσθαι
1158 539 1321 594 αὐτὸν
1367 539 1432 610 τῇ
1484 536 1654 599 θέσει,
1692 530 1963 605 βεϐηκότα

2074 528 2234 583 talem
2260 526 2310 583 ei
2342 525 2510 582 situm
2542 518 2752 583 tribuit,
2786 523 2847 573 ut
2874 514 3051 571 oculis
3078 510 3294 583 Scorpii
3339 523 3403 564 ac
3433 507 3643 580 pectori

376 642 436 697 έν
469 658 530 695 τε
567 640 681 702 τοῖς
725 634 1025 708 ὀφθαλμοῖς
1056 631 1150 687 τοῦ
1186 630 1459 703 Σκορπίου
1507 629 1602 683 καὶ
1636 626 1715 698 τῷ
1752 623 1963 697 στήθει.

378 736 458 807 Τῇ
488 733 546 786 δὲ
566 730 832 804 ἀριστερᾷ
861 727 1017 800 μόνον
1051 725 1238 797 κνήμῃ
1259 722 1487 794 βέϐηκεν
1518 716 1964 788 ἀποτετμημένῃ,

382 824 586 897 μεταξὺ
618 820 848 892 κειμένῃ
877 818 972 872 τοῦ
1004 835 1063 871 τε
1095 815 1350 889 μετώπου
1374 812 1582 868 καὶτοῦ
1611 809 1844 881 στήθους
1870 808 1965 862 τοῦ

378 919 651 992 Σκορπὶου
672 935 686 948 ·
719 916 779 970 τὸ
811 915 869 970 δὲ
900 913 1072 979 δεξιὸν
1113 910 1300 976 σκέλος
1351 909 1465 981 ἔχει
1517 905 1963 976 συνεσταλμένον.

377 1011 515 1065 Οὐδὲ
560 1010 589 1062 6
643 1006 873 1072 Εὔδοξος
910 1004 969 1071 δὲ
1022 1005 1290 1073 διασαφεῖ,
1321 1002 1403 1055 ὅτι
1452 998 1601 1053 ἔστιν
1647 997 1826 1069 ὀρθός.
1864 994 1967 1048 Τὸν

377 1100 488 1174 γὰρ
520 1098 691 1167 δεξιὸν
725 1096 862 1151 πόδα
894 1093 1058 1150 αὑτοῦ
1104 1094 1245 1164 ὑπὲρ
1288 1092 1350 1145 τὸ
1383 1089 1542 1162 σῶμα
1578 1088 1794 1143 κεῖσθαί
1833 1104 1968 1159 φησι

376 1191 475 1248 τοῦ
528 1189 820 1262 Σκορπίου,
852 1189 927 1253 ὡς
955 1189 1051 1242 καὶ
1081 1188 1193 1258 ἔχει
1220 1187 1286 1257 τῇ
1320 1182 1570 1255 ἀληθείᾳ,
1607 1181 1703 1235 καὶ
1742 1180 1844 1233 οὐκ
1876 1179 1972 1232 ἐπὶ

378 1281 473 1336 τοῦ
508 1280 756 1354 στήθους.

450 1377 610 1428 Δοκεῖ
629 1373 686 1427 δέ
717 1391 808 1445 μοι
840 1373 936 1426 καὶ
958 1371 1087 1442 περὶ
1116 1370 1226 1423 τῶν
1250 1372 1310 1423 ὲν
1338 1370 1457 1432 ταῖς
1490 1368 1648 1439 χερσὶ
1674 1364 1769 1419 τοῦ
1816 1362 1962 1432 Ὀφι-

380 1467 544 1539 ούχου
572 1467 818 1540 ἀστέρων
847 1463 992 1519 κατὰ
1020 1463 1082 1517 τὸ
1119 1460 1348 1534 μέγεθος
1374 1460 1552 1516 αὐτῶν
1581 1458 1970 1529 ἀγνοεῖν.Τοὺς

379 1561 490 1635 γὰρ
536 1563 595 1615 ὲν
644 1562 758 1624 τοῖς
790 1558 964 1631 ὤμοις
1004 1556 1097 1611 τοῦ
1138 1554 1422 1626 Ὀφιούχου
1468 1555 1649 1623 φήσας
1683 1550 1971 1623 λαμπροὺς

380 1650 545 1720 εἶναι,
572 1655 711 1709 ὥστε
740 1653 836 1707 καὶ
863 1653 921 1705 ὲν
953 1648 1274 1720 πανσελήνῳ
1307 1644 1653 1719 θεωρεῖσθαι,
1683 1643 1929 1716 ἐπιφέρει
1953 1658 1964 1671 ·

382 1899 402 1919 .
434 1902 448 1917 .
485 1899 502 1914 .
544 1899 560 1915 .
599 1900 614 1913 .
656 1897 670 1912 .
709 1897 721 1910 .
753 1853 902 1922 ἀτὰρ
933 1851 1105 1922 χέρες
1143 1851 1215 1922 οὐ
1246 1847 1388 1922 μᾴέ
1425 1847 1612 1899 ἐΐσαι’

381 1915 585 1998 λεπτὴ
618 1928 730 1998 γὰρ
768 1924 843 1994 τῇ
861 1915 973 1977 ἡκιὶῖ
998 1915 1564 1990 ὶνῇίὲξεπιδέδρομεν
1595 1915 1798 1986 αἴγλη.

466 2042 606 2096 Ἀλλ’
637 2042 688 2095 οἱ
720 2041 777 2093 ἐν
804 2043 924 2101 ταῖς
950 2036 1108 2108 χερσὶ
1135 2034 1231 2088 τοῦ
1272 2033 1570 2106 Ὀφιούχου]
1601 2033 1831 2104 ἀστέρες
1858 2048 1971 2083 κοι-

380 2135 463 2194 νοί
482 2136 592 2188 εισι
624 2133 718 2187 καὶ
749 2130 844 2185 τοῦ
882 2131 1118 2199 Ὄφεως,
1141 2126 1395 2198 καθάπερ
1432 2129 1527 2181 καὶ
1557 2128 1584 2179 6
1612 2123 1775 2188 αὐτὸς
1801 2124 1970 2194 ῗἈρα-

380 2249 473 2297 τος
505 2229 655 2299 λέγει
677 2246 691 2259 ·

464 2322 804 2391 Ἀμφότεροι
832 2317 886 2372 δ’
920 2319 1122 2387 Ὄφιος
1162 2312 1553 2381 πεπονήαται.

452 2434 515 2487 Ol
542 2432 587 2486 6’
621 2433 680 2485 ἐν
708 2430 787 2502 τῷ
823 2432 985 2501 Ὀφει
1040 2428 1291 2500 ἀστέρες,
1335 2417 1410 2479 ὧν
1461 2425 1643 2496 ἔχεται
1685 2425 1715 2477 6
1758 2423 1972 2493 Ὄφιοῦ-

381 2542 499 2597 χος,
534 2525 594 2578 οὐ
643 2520 954 2593 λειπόμενοξ
1001 2523 1108 2575 εἰσι
1141 2523 1209 2591 τῇ
1250 2515 1594 2590 λαμπρότητι
1634 2515 1742 2571 τῶν
1773 2516 1831 2568 ὲν
1863 2517 1973 2578 τοῖς

380 2610 580 2682 ὤμοις⁸
636 2609 815 2681 πολλῷ
839 2611 897 2663 δὲ
928 2609 1298 2681 λαμπρότεροι
1327 2604 1439 2678 (55)
1459 2606 1508 2658 οἱ
1532 2606 1590 2658 ἐν
1633 2607 1746 2668 τοῖς
1777 2603 1970 2675 ὤμοις.

386 2705 481 2758 Διὸ
509 2704 605 2759 καὶ
636 2698 1075 2776 ὲπιστήσειεν’ἄν
1107 2720 1193 2767 τις
1219 2701 1336 2765 πῶς
1361 2701 1456 2755 καὶ
1475 2702 1505 2754 6
1527 2697 1788 2761 Ἀτταλός
1811 2714 1974 2768 φησιν

377 2798 576 2861 αὐτοὺς
607 2797 807 2861 ἱκανῶς
838 2796 1127 2868 λαμπροὺς
1156 2792 1316 2850 εἶναι.

452 2936 527 2990 ϐ’.
578 2934 736 3003 Ἑξῆς
760 2932 975 3004 δὲπερὶ
1005 2930 1115 3004 τῶν
1145 2928 1342 3004 Χηλῷν
1371 2929 1660 3004 ὁβΑρατος
1688 2924 1870 2992 λέγει’

464 3007 623 3061 Ἀλλ’
760 3003 879 3073 μὲν
920 2993 1129 3071 έςαέων
1179 2993 1581 3073 ἐὲτιδευέεςΙῆ
1608 2993 1973 3073 ξῖτιμξμφέες]

1497 3066 1705 3140 [οὐδὲν
1733 3066 1972 3137 ἀγαυαί.

450 3190 587 3261 Φησὶ
630 3190 687 3244 δὲ
716 3190 746 3243 6
790 3186 1055 3251 Ἄτταλος
1088 3186 1164 3258 μή
1191 3184 1281 3239 διὰ
1319 3183 1383 3238 τὸ
1423 3182 1652 3255 μικροὺς
1682 3177 1822 3237 εἶναι
1850 3181 1977 3245 τοὺς
2002 3220 2045 3279 C

388 3285 447 3337 ὲν
479 3283 600 3345 ταῖς
630 3280 839 3352 Χηλαῖς
883 3279 1122 3350 ἀστέρας
1152 3277 1336 3346 λέγειν
1365 3276 1457 3330 τὸν
1494 3276 1731 3345 ’Ἄρατον
1776 3271 1976 3343 φαέων

377 3374 749 3446 ἐπιμεμφέας
796 3374 968 3437 αὑτὰς
1026 3368 1167 3426 εἶναι
1191 3385 1205 3397 ·
1251 3368 1388 3424 ἀλλά
1440 3367 1530 3422 διά
1581 3367 1642 3420 τὸ
1686 3366 1728 3420 δ’
1783 3365 1976 3436 μόνους

379 3463 520 3522 εἶναι
572 3468 698 3530 τοὺς
749 3465 988 3529 πάντας·
1020 3462 1116 3527 οὒς
1169 3460 1244 3534 μὴ
1286 3459 1641 3533 συμπληροῦν
1670 3458 1771 3530 τὴν
1794 3456 1977 3527 ὁμοιό-

377 3577 517 3632 τητα
547 3559 755 3613 αὐτῶνθ
784 3558 847 3612 τὸ
871 3558 929 3611 δὲ
956 3556 1156 3627 μηδὲν
1188 3554 1419 3626 ἀγαυὰς
1455 3553 1640 3622 λέγειν
1672 3549 1854 3615 αὐτὸν,
1884 3548 1976 3605 διὰ

380 3654 442 3709 τὸ
477 3654 612 3725 μηδὲ
657 3652 851 3724 ὁμοίας
877 3649 1048 3715 αὐτὰς
1071 3649 1358 3720 ὑπάρχειν.
1394 3646 1467 3699 Οὐ
1497 3644 1645 3697 δοκεῖ
1666 3643 1732 3714 δή
1771 3659 1860 3713 μοι
1886 3640 1976 3694 διὰ

378 3747 538 3801 τοῦτο
572 3745 756 3815 λέγειν
789 3743 962 3808 αὐτὰς
988 3741 1190 3812 φαέων
1229 3737 1618 3809 ἐπιμεμφέας,
1652 3734 1752 3788 καὶ
1780 3732 1976 3803 μηδὲν

380 3839 634 3910 ἀγαυὰς.
668 3837 782 3892 ἀλλ’
811 3836 888 3900 ὡς
924 3835 992 3890 ἂν
1026 3834 1104 3906 μὴ
1132 3832 1418 3905 λαμπράς.
1450 3830 1563 3885 Καὶ
1606 3829 1717 3901 γὰρ
1764 3831 1823 3883 ὲν
1855 3831 1974 3891 ταῖς

383 3928 767 3991 συνανατολαῖς
791 3924 936 3980 οὕτω
957 3924 1107 3994 λέγει
1135 3923 1264 3993 περὶ
1297 3921 1475 3976 αὐτῶν
1493 3938 1507 3951 ·

386 4036 525 4090 Οὐδ’
560 4036 641 4089 ἂν
668 4036 1065 4104 ἐπερχόμεναι
1098 4031 1314 4100 Χηλαι,
1345 4029 1449 4085 καὶ
1475 4029 1668 4086 λεπτὰ
1709 4028 1973 4101 φάουσαι

387 4108 719 4176 Ἀερραστοι
752 4105 1043 4175 παρίοιεν.

395 4198 677 4274 Ἐπιφέρει
709 4197 841 4269 γοῦν
865 4197 1086 4260 εὐθέως·

386 4329 401 4343 .
450 4332 463 4345 .
502 4331 515 4344 .
550 4329 563 4342 .
594 4327 609 4342 .
644 4326 659 4339 .
695 4287 902 4341 ..ἐπεὶ
934 4285 1090 4357 μέγα
1132 4283 1298 4355 σῆμα
1331 4283 1570 4352 Βοώτης

396 4361 637 4429 Ἀθρόος
669 4353 952 4413 ἀντέλλει
978 4353 1393 4427 ,βεϐολημένος
1433 4353 1818 4425 Ἀρκτούροιο.

467 4474 555 4538 Ὠς
612 4473 680 4527 ἂν
724 4472 790 4525 ὲκ
829 4471 925 4525 τοῦ
968 4469 1298 4543 Ἀρκτούρου
1332 4469 1491 4541 ήμῶν
1534 4467 1847 4539 δυναμένων
1875 4482 1972 4536 ση-

2066 624 2253 673 rectus
2278 615 2520 672 insistat.
2551 610 2755 668 Verum
2788 622 2954 664 crure
2993 606 3224 662 sinistro
3252 602 3519 657 duntaxat
3561 600 3647 652 iu-

2068 708 2237 773 sistit,
2269 707 2571 776 eodemque
2600 701 2823 765 mutilo;
2867 698 3013 769 quod
3041 697 3183 752 inter
3215 694 3449 749 frontem
3476 692 3646 747 Scor-

2069 801 2145 872 pii
2174 815 2239 856 ac
2282 808 2475 871 pectus
2513 793 2802 851 incumbit.
2846 791 3108 847 Dextrum
3147 802 3315 858 porro
3344 800 3474 840 crus
3512 800 3648 837 cou-

2071 901 2305 949 tractum
2356 891 2539 945 habet.
2601 886 2710 943 Sed
2746 901 2850 941 nec
2885 882 3146 939 Eudoxus
3186 880 3239 934 id
3268 894 3391 934 esse
3438 884 3648 931 rectum

2069 994 2256 1056 aperte
2285 981 2578 1055 signiﬁcat.
2597 978 2734 1035 Nam
2763 978 3017 1034 dextrum
3048 974 3242 1044 pedem
3280 970 3453 1041 ipsius
3482 981 3649 1038 supra

2072 1078 2287 1150 Scorpii
2328 1091 2532 1147 corpus
2574 1074 2741 1130 situm
2781 1085 2906 1126 esse
2955 1067 3148 1131 refert,
3188 1062 3334 1136 quod
3373 1070 3428 1118 et
3457 1072 3651 1131 verum

2068 1181 2183 1238 est,
2216 1185 2327 1226 non
2356 1175 2540 1224 autem
2561 1179 2728 1237 supra
2753 1168 2972 1234 pectus.

2140 1350 2411 1407 Praeterea
2429 1346 2650 1403 videtur
2682 1348 2830 1401 idem
2859 1355 3022 1414 poeta
3060 1347 3119 1397 in
3163 1337 3440 1411 Ophiuchi
3468 1336 3654 1395 stella—

2071 1458 2194 1500 rum
2244 1438 2622 1512 magnitudine
2673 1436 2984 1495 definienda
3034 1448 3227 1490 errore
3276 1433 3485 1501 lapsus.
3516 1430 3652 1484 Cum

2068 1536 2217 1593 enim
2250 1536 2459 1596 stellas.
2486 1549 2610 1605 quae
2638 1532 2695 1587 in
2725 1529 3011 1602 Anguileri
3048 1534 3178 1584 sunt
3218 1526 3468 1586 humero,
3515 1522 3655 1577 luci-

2070 1630 2172 1686 das
2223 1644 2347 1685 esse
2402 1627 2659 1690 dixisset,
2700 1624 2838 1679 adeo
2872 1628 2933 1677 ut
2987 1621 3043 1675 in
3098 1616 3400 1689 plenilunio
3436 1628 3656 1687 quoque
3712 1638 3713 1641 η

2072 1721 2316 1779 discerni
2352 1729 2578 1791 queant,
2620 1731 2749 1772 mox
2769 1712 2999 1783 subjicit
3036 1730 3051 1767 :

2485 1828 2590 1885 Sed
2605 1843 2794 1882 manus
2827 1841 2933 1879 non
2961 1822 3183 1876 multum
3215 1819 3442 1888 (aquales
3482 1830 3501 1869 :

1997 1882 2043 1938 Β
2154 1871 2354 1960 Ῠείιιλίέ
2369 1868 2734 1957 mining}:
2761 1898 2882 1950 hinc
2901 1895 3111 1949 exsistit
3140 1868 3419 1962 splendor.

2145 2015 2255 2072 Sed
2282 2030 2404 2087 quae
2433 2015 2489 2069 in
2521 2013 2798 2083 Ophiuchi
2837 2017 2969 2067 sunt
2993 2006 3248 2062 manibus
3287 2004 3478 2066 stellae,
3502 2016 3657 2057 com-

2072 2125 2268 2166 munes
2305 2117 2435 2164 sunt
2461 2113 2517 2163 et
2540 2103 2793 2176 Serpenti
2816 2144 2831 2169 ,
2857 2098 3326 2174 quemadmodum
3358 2108 3414 2153 ct
3449 2096 3654 2150 Aratus

2074 2203 2192 2272 ipse
2213 2207 2448 2256 testatur
2474 2216 2486 2249 :

2144 2292 2325 2346 Ambae
2351 2301 2524 2345 autem
2549 2289 2796 2360 Serpente
2829 2291 3148 2358 fatigantur.

2147 2405 2348 2462 Verum
2381 2420 2503 2475 quae
2535 2404 2590 2459 in
2631 2402 2899 2474 Serpente
2928 2409 3060 2466 sunt
3089 2400 3280 2462 stellzc,
3312 2397 3514 2470 quibus
3562 2396 3659 2475 at!-

2077 2502 2246 2555 hrcret
2275 2497 2618 2569 Ophiuchus,
2675 2494 2965 2567 splendore
3013 2509 3126 2549 non
3173 2494 3375 2549 cedunt
3414 2490 3503 2553 iis,
3538 2503 3661 2559 quae

2078 2599 2207 2647 sunt
2232 2591 2289 2645 in
2334 2589 2602 2653 humeris,
2632 2602 2826 2644 verum
2864 2585 3011 2641 haud
3049 2585 3222 2640 multo
3252 2591 3379 2639 sunt
3418 2580 3663 2653 splendi-

2074 2681 2281 2737 diores.
2304 2679 2386 2734 Ex
2408 2694 2518 2750 quo
2555 2677 2812 2734 dubitare
2852 2675 3032 2747 possit
3069 2675 3269 2745 aliquis
3294 2674 3524 2744 quinam
3564 2686 3660 2726 eas

2076 2774 2292 2829 Attalus
2321 2770 2616 2827 admodum
2648 2768 2968 2841 splendidas
2996 2783 3121 2824 esse
3145 2766 3364 2823 dixerit.

2152 2905 2312 2978 ιοά.
2334 2904 2427 2959 lX.
2456 2904 2728 2978 Deinceps
2744 2902 2949 2978 Aratus
2969 2901 3037 2956 de
3057 2898 3242 2978 Chelis
3269 2917 3282 2978 :_

2080 2969 2301 3034 Sed—lia:-
2323 2978 2437 3032 luce
2468 2969 2765 3048 indigentes
2792 2973 2952 3045 (alias
2982 2969 3291 3042 culpandw)
3327 2982 3659 3048 nequaquam

3380 3036 3658 3110 [insignes.

2150 3161 2252 3219 Hic
2284 3163 2525 3227 Attalus,
2554 3176 2664 3217 non
2690 3161 2837 3231 quod
2878 3172 3059 3229 parrae
3093 3156 3213 3212 ista!
3238 3155 3349 3211 sint
3388 3153 3443 3208 in
3473 3152 3659 3207 Chelis

2077 3257 2270 3322 stellae,
2313 3257 2382 3312 ab
2424 3257 2592 3310 Arato
2643 3252 2930 3309 luminibus
2982 3248 3280 3319 culpandas
3322 3246 3506 3303 vocari
3558 3260 3661 3316 pu-

2077 3358 2158 3404 tat
2191 3368 2204 3404 :
2237 3348 2335 3404 sed
2381 3348 2526 3418 quod
2556 3361 2785 3402 numero
2829 3345 2942 3400 sint
2972 3359 3082 3399 non
3110 3341 3349 3411 amplius
3384 3345 3659 3409 quatuor,

2077 3455 2254 3511 neque
2306 3437 2727 3495 similitudinem
2769 3449 2926 3490 suam
2987 3434 3292 3504 impleant;
3337 3428 3449 3484 dici
3503 3442 3659 3487 vero,

2076 3546 2404 3601 nequaquam
2472 3529 2740 3599 insignes,
2815 3525 2964 3597 quod
3030 3539 3210 3594 neque
3274 3522 3386 3577 sint
3452 3517 3663 3574 similes

2076 3617 2394 3698 ipszengo
2466 3639 2600 3679 vero
2668 3622 2946 3677 nominari
3007 3628 3296 3692 propterea
3372 3614 3662 3671 luminibus

2076 3712 2369 3783 culpandus
2412 3722 2464 3767 et
2519 3728 2849 3784 nequaquam
2881 3711 3143 3773 illustres,
3201 3724 3313 3763 non
3372 3707 3658 3762 arbitror:

2076 3807 2170 3861 sed
2203 3805 2350 3876 quod
2389 3805 2617 3860 minime
2656 3805 2773 3859 sint
2820 3802 3140 3875 splendidae.
3174 3800 3390 3857 Etenim
3437 3813 3564 3854 cum
3596 3797 3666 3851 de

2074 3898 2358 3955 coortibus
2387 3897 2520 3968 agit,
2552 3897 2628 3952 ita
2667 3897 2735 3952 de
2766 3897 2877 3952 illis
2905 3894 3151 3966 loquitur
3182 3909 3197 3947 :

2077 4011 2261 4081 Neque
2290 4013 2568 4066 subeuntes
2596 4009 2796 4078 Chelte,
2825 4028 2888 4066 ac
2912 4011 3138 4065 tenuiter
3174 4010 3407 4064 lucentes

2078 4084 2333 4139 Obscura:
2356 4091 2693 4151 praetereant.

2075 4175 2264 4247 itaque
2288 4176 2476 4232 statim
2508 4174 2774 4243 subjicit:
2832 4214 2837 4219 .

2184 4309 2197 4320 .
2227 4310 2240 4322 .
2284 4307 2297 4320 .
2333 4264 2777 4335 Quandoquidem
2801 4281 3051 4335 magnum
3074 4265 3283 4335 signum
3316 4263 3508 4319 Bootes

2184 4337 2490 4407 Confertim
2522 4338 2696 4407 oritur
2718 4337 3003 4391 distinctus
3031 4336 3282 4390 Arcturo.

2144 4450 2302 4518 Quod
2334 4448 2536 4507 Chelas
2565 4465 2663 4521 per
2687 4448 2989 4504 Arcturum
3013 4449 3328 4505 discernere
3352 4446 3660 4518 possimus:

388 4561 724 4637 μειώσασθαι
756 4561 856 4625 τὰς
890 4537 1096 4634 Χηλάς·
1125 4537 1246 4616 καθ’
1274 4537 1445 4626 αὐτάς
1472 4561 1529 4615 δὲ
1560 4561 1633 4632 μὴ
1653 4537 1862 4632 ῥᾳδίως
1888 4559 1972 4645 διά

2082 4557 2181 4613 per
2209 4557 2333 4599 sese
2355 4557 2484 4597 vero
2520 4556 2891 4612 nequaquam,
2936 4549 2993 4595 ut
3022 4540 3144 4611 ejus
3172 4541 3360 4612 opinio
3394 4537 3534 4606 fert;
3568 4538 3663 4607 qui

382 4658 483 4729 τὴν
515 4656 820 4730 μικρότητα
848 4654 1050 4709 αὐτῶνθ
1078 4656 1155 4720 ὡς
1182 4652 1687 4727 ὑπολαμϐάνει(54)
1706 4670 1765 4707 τε
1794 4652 1972 4724 ἀμαυ-

390 4749 518 4822 ρους
572 4747 809 4820 ἀστέρας
847 4746 1040 4818 ἔχοντα
1083 4746 1193 4801 τῶν
1232 4748 1450 4819 ἄστρων
1501 4745 1732 4800 εἴθισται
1787 4744 1973 4799 καλεῖν

383 4841 460 4907 ὡς
494 4841 587 4895 ἐπὶ
617 4840 776 4907 πολὺ,
811 4840 1004 4894 λεπτὰ
1032 4841 1126 4895 καὶ
1153 4839 1336 4895 οὐδὲν
1371 4839 1586 4909 ἀγαυά.

453 4937 512 4989 1'.
543 4935 632 4989 Ἐν
658 4933 715 4987 δὲ
745 4936 859 4999 τοῖς
887 4932 1016 5005 ἑξῆς
1044 4933 1175 5006 περὶ
1203 4933 1305 5005 τῆς
1327 4934 1564 5006 ’Ἄρκτου
1591 4931 1871 4994 παντελῶς
1888 4931 1974 4986 δο-

386 5026 545 5081 κοῦσί
580 5044 671 5099 μοι
691 5026 934 5096 ἀγνοεῖν·
970 5028 1000 5080 6
1035 5027 1132 5098 μὲν
1165 5024 1393 5093 Εὔδοξος
1411 5024 1554 5080 οὕτω
1572 5024 1766 5093 λέγων·
1795 5042 1815 5075 ι
1836 5023 1974 5077 Ὑπὸ

384 5116 442 5169 δὲ
461 5115 560 5187 τὴν
581 5116 824 5188 κεφαλὴν
851 5115 950 5185 τῆς
986 5115 1229 5188 μεγάλης
1248 5117 1485 5188 Ἀρκτου
1512 5115 1563 5167 οἱ
1584 5113 1805 5186 Δίδυμοι
1827 5114 1973 5166 κεῖν-

384 5223 496 5284 εαν
529 5207 671 5261 κατά
697 5207 861 5279 μέσον
883 5206 940 5261 δὲ
964 5209 992 5261 6
1017 5206 1310 5280 Καρκίνος·
1326 5205 1431 5259 ὑπὸ
1460 5205 1519 5259 δὲ
1542 5207 1668 5271 τοὺς
1691 5203 1971 5268 ὀπισθιους

384 5297 551 5361 πόδας
580 5298 609 5350 6
635 5290 817 5352 Λέων·
862 5316 881 5349 ι
922 5297 952 5349 6
982 5297 1038 5350 δὲ
1079 5299 1347 5369 Ἄρατος·

383 5388 564 5457 Ιιζοατὶ
579 5389 647 5443 δέ
660 5392 716 5444 οἱ
738 5390 978 5460 Δίδυμοι
996 5407 1010 5421 ’
1044 5389 1252 5460 μέσσῃ
1271 5389 1324 5460 δ’
1352 5388 1473 5445 ὑπὸ
1497 5391 1791 5459 Καρκίνος
1813 5391 1970 5446 ἐστι·

382 5460 583 5514 Ποσσὶ
607 5460 661 5531 δῖ
687 5459 1185 5529 ὀπισθοτέροισι⁶¹
1214 5459 1382 5515 Λέων
1404 5461 1522 5515 ὑπὸ
1544 5462 1701 5517 καλὰ
1718 5464 1968 5532 φαείνει.

456 5574 502 5607 ⁸⁸
530 5592 620 5644 γρ.
660 5576 753 5628 ὑπ’
778 5575 1151 5648 ἀμφοτέροισι.

460 5687 575 5761 (55)
604 5689 820 5761 Πολλῷ
845 5689 915 5743 δὲ
940 5693 1357 5761 λαμπρότεροι.
1390 5689 1660 5747 Videntur
1687 5690 1804 5747 haec
1856 5692 1961 5747 mi-

2081 4636 2348 4692 obscuras
2374 4635 2820 4691 constellationes
2851 4642 2913 4689 ut
2954 4635 3247 4706 plurimum
3288 4647 3484 4688 vocare
3527 4631 3666 4688 solet

2082 4739 2258 4784 tenues
2291 4734 2348 4784 et
2385 4728 2601 4783 minime
2619 4725 2880 4782 illustres.

2152 4926 2220 4983 Χ.
2254 4925 2337 4981 Ad
2378 4925 2496 4980 haec
2529 4924 2599 4979 de
2625 4920 2767 4979 Ursa
2800 4922 3022 4994 penitus
3056 4921 3346 4977 aberrasse
3371 4918 3663 4985 videntur,

2081 5017 2355 5089 imprimis
2371 5015 2634 5072 Eudoxus
2661 5014 2809 5069 hunc
2838 5014 2893 5068 in
2911 5013 3133 5068 modum
3164 5011 3412 5068 scribens
3437 5027 3451 5063 :
3493 5028 3512 5061 ι
3550 5009 3666 5065 Sub

2081 5111 2262 5182 capite
2301 5109 2529 5179 majoris
2565 5106 2722 5167 Ursm
2780 5106 2870 5162 siti
2917 5115 3048 5163 sunt
3095 5102 3343 5169 Gemini;
3384 5104 3438 5157 in
3484 5101 3665 5157 medio

2078 5219 2211 5258 vero
2257 5202 2509 5269 Cancer;
2557 5200 2663 5256 sub
2725 5199 3126 5271 posterioribus
3168 5196 3402 5270 pedibus
3473 5193 3607 5250 Leo.
3639 5212 3658 5245 ι

2077 5298 2281 5351 Aratus
2305 5301 2486 5350 autem
2516 5310 2530 5346 :

2084 5389 2197 5447 Sub
2216 5388 2391 5458 capite
2411 5402 2530 5458 vero
2548 5385 2718 5458 illius,
2735 5382 2948 5458 _Cem_ini
2973 5398 2993 5436 :
3010 5380 3118 5458 sub
3132 5380 3311 5458 medio
3340 5358 3545 5435 Cancer
3557 5382 3658 5431 est.

2083 5461 2157 5517 At
2192 5452 2414 5532 pedibus
2446 5456 2542 5512 sub
2569 5454 2822 5510 ambobus
2845 5452 2949 5509 Leo
2971 5453 3115 5508 clare
3142 5452 3306 5523 fulget

2067 5687 2236 5754 talus,
2266 5698 2372 5743 nec
2422 5689 2607 5739 tamen
2660 5679 2920 5737 diﬂitetur.
2972 5677 3135 5749 paulo
3183 5674 3365 5730 minus
3414 5669 3664 5751 illustres

305 5790 309 5793 -
389 5775 497 5821 nus
528 5760 760 5833 integra.
787 5759 1034 5833 corrige,
1057 5759 1119 5816 οὗ
1147 5759 1331 5833 πολλῷ
1348 5762 1428 5833 δέ.
1452 5763 1683 5833 Stellae.
1733 5777 1857 5833 quae
1898 5762 1960 5818 in
2068 5759 2263 5833 fuisse.

391 5830 649 5904 manibus
674 5840 802 5904 sunt
829 5832 1187 5901 S-erpeutarii,
1216 5830 1362 5887 haud
1394 5832 1531 5890 adeo
1559 5830 1961 5904 splendidiores

393 5914 517 5957 esse
552 5902 664 5957 vult
696 5902 761 5958 iis
796 5917 916 5974 qua:
948 5912 1075 5960 sunt
1130 5904 1183 5962 in
1212 5903 1476 5972 humeris,
1514 5913 1572 5960 ut
1593 5902 1833 5977 ‘putavit
1866 5903 1957 5961 At-

2141 5828 2259 5902 (54)
2288 5824 2828 5902 Leviterporruptus
2864 5822 3040 5881 locus.
3070 5816 3234 5877 Forte
3255 5815 3659 5892 ὑπολαμϐάνειν

2070 5894 2163 5981 τά,
2194 5894 2326 5972 ϐία,
2361 5894 2622 5953 εἰθίσθαι.
