4130 6410
421 396 574 481 ιοεε

1458 425 1829 485 HIPPARCHI
1871 430 1963 485 AD
1999 426 2453 489 PHENOMENA
2487 432 2619 491 LIB.
2653 434 2694 491 Ι.

3557 443 3700 501 {026

416 561 583 618 φησιν
603 587 618 613 ,
652 546 757 601 ὑπὸ
786 547 888 619 μὲν
931 542 1059 613 τοὺς
1102 536 1381 614 ὀπισθίούς
1414 542 1581 617 πόδας
1612 552 1714 624 τῆς
1764 554 1977 628 ’Λρκτοι

2080 555 2327 624 hamus,
2366 558 2472 614 sub
2499 558 2656 615 Ursa:
2697 566 3131 630 postertonous'
3144 559 3380 632 pedibus
3417 576 3529 619 non
3561 560 3701 620 Leo-

416 637 479 690 οὐ
505 635 597 691 τὸν
632 638 841 693 Λέοντα
886 639 993 693 ἔδει
1025 639 1251 707 τιθέναι,
1278 640 1414 696 ἀλλὰ
1460 642 1559 715 τὴν
1609 642 1906 717 Παρθένον.
1948 646 1977 699 ἰ

2114 664 2263 714 nem,
2302 649 2399 727 sed
2426 648 2707 722 Virginem
2738 659 2981 708 statuere
3005 654 3285 710 convenit.
3321 654 3457 710 Nam
3482 667 3700 712 austra-

416 728 519 798 μὲν
566 729 677 802 γὰρ
719 731 1036 804 νπιὼτερος
1089 733 1216 819 τῶν.
1250 733 1531 805 ἑπομένων
1577 736 1636 788 ὲν
1669 735 1749 808 τῷ
1777 736 2006 810 πλινθίῳ

415 819 606 891 ἐπέχει
662 821 807 876 κατὰ
848 822 947 895 τὴν
1000 826 1404 899 προειρημένην
1446 826 1712 899 διαίρεσιν
1748 827 1844 882 τοῦ
1900 828 2006 893 ζω-

412 912 605 966 διακοῦ
681 914 781 985 τῆς
841 906 1119 987 Παρθένου
1175 918 1286 988 μοί.
1356 920 1422 970 ι”
1475 920 1505 972 δ
1548 918 1607 972 δὲ
1669 917 2005 992 βορειότερος

412 1007 514 1075 τῆς
571 1005 848 1077 Παρθένου
901 1008 1032 1080 περὶ
1081 1008 1193 1079 μοί.
1245 1016 1340 1075 ις’.
1378 1009 1537 1065 Κατὰ
1574 1010 1632 1065 δὲ
1674 1012 1777 1084 τὴν
1833 1030 2004 1083 κεφα-

413 1093 512 1168 λὴν
552 1097 647 1151 καὶ
679 1098 806 1161 τοὺς
837 1099 1203 1170 ἐμπροσθίους
1230 1100 1398 1165 πόδας
1429 1101 1535 1155 ἔδει
1569 1100 1876 1156 τεθεικέναι
1908 1103 2002 1157 τὸν

413 1187 771 1260 Καρκίνοντθ.
804 1192 867 1243 υἱ
894 1190 1004 1262 γὰρ
1052 1191 1346 1263 ἡγούμενοι
1400 1192 1510 1247 τῶν
1555 1195 1612 1248 ἐν
1658 1193 1736 1265 τῷ
1772 1194 2003 1267 πλινθίῳ

411 1280 663 1351 ὲφέξουσι
700 1282 843 1336 κατὰ
870 1282 967 1353 τὴν
1002 1283 1406 1356 προειρημένην
1432 1284 1693 1357 διαίρεσιν
1724 1287 2000 1359 Καρκίνου

414 1374 525 1445 μοί.
556 1380 647 1445 ιη’.
683 1374 853 1444 Δῆλον
905 1374 962 1428 δὲ
1011 1376 1105 1430 καὶ
1145 1378 1210 1430 ἐκ
1246 1376 1355 1431 τῶν
1388 1378 1717 1450 εἰρημένων,
1741 1380 1835 1432 καὶ
1866 1379 1999 1433 διότι

410 1466 500 1536 ὑφ’
538 1466 666 1537 ὃλην
699 1466 798 1538 τὴν
827 1467 1085 1537 Ἀρκτον,
1118 1467 1261 1523 κατὰ
1292 1466 1384 1522 τὸν
1405 1468 1652 1537 Εὔδοξον,
1677 1470 1758 1524 δεῖ
1785 1471 1999 1525 κεῖσθαι

406 1557 498 1611 τὸν
526 1558 822 1631 Καρκίνον,
840 1559 936 1613 καὶ
956 1559 1047 1613 τὸν
1080 1560 1305 1627 Λέοντα,
1331 1562 1426 1615 καὶ
1455 1561 1553 1634 τὴν
1583 1555 1880 1635 Παρθένον,
1903 1563 1997 1616 καὶ

406 1650 504 1715 τὰς
520 1650 723 1723 Χηλὰς.
742 1652 799 1704 '0
815 1651 924 1724 γὰρ
942 1653 1000 1704 ὲν
1018 1652 1163 1725 ἄκρᾳ
1177 1656 1242 1725 τῇ
1261 1655 1398 1726 ούρᾷ
1417 1655 1516 1726 τῆς
1532 1655 1768 1725 ’Ἄρκτου
1785 1656 1993 1725 ἐπέχει,

406 1741 549 1794 κατὰ
577 1740 673 1813 τὴν
705 1741 876 1812 αὐτὴν
904 1741 1169 1813 διαίρεσιν
1199 1741 1292 1795 τοῦ
1326 1743 1615 1809 ζωδιακοῦ,
1646 1743 1841 1815 Χηλῶν
1868 1747 1996 1818 περὶ

409 1833 520 1905 μοί.
564 1833 650 1887 ιθ’.

2113 742 2221 798 lior
2272 744 2685 800 succedentium
2727 743 2783 799 in
2833 745 3124 811 laterculo,
3164 761 3233 802 ex
3275 762 3339 802 ea
3371 763 3536 818 quam
3582 749 3699 805 dixi

2112 833 2411 905 partitione
2437 837 2673 901 zodiaci,
2702 836 2976 891 decimam
3006 846 3220 909 partem
3245 837 3492 910 Virginis
3522 848 3696 906 tenet;

2111 925 2389 982 borealior
2422 937 2633 994 autem,
2660 928 2906 1001 Virginis
2954 930 3176 986 circiter
3202 932 3288 987 l6.
3323 930 3495 988 Porro
3544 934 3695 987 circa

2111 1026 2276 1090 caput
2305 1027 2359 1075 et
2388 1022 2691 1075 anteriores
2718 1021 2885 1091 pedes
2913 1024 3272 1078 collocandus
3305 1032 3424 1078 erat
3458 1023 3693 1079 Cancer.

2108 1113 2323 1185 Quippe
2356 1116 2729 1186 praecedentes
2760 1132 2950 1173 earum
2980 1135 3104 1190 quae
3130 1130 3262 1175 sunt
3296 1121 3352 1174 in
3401 1121 3691 1186 laterculo,

2107 1227 2177 1267 ex
2207 1213 2299 1267 illa
2327 1213 2540 1269 zodiaci
2577 1215 2853 1271 divisione
2877 1223 3087 1286 partem
3122 1216 3321 1271 Cancri
3364 1216 3431 1271 l8
3476 1218 3695 1272 obtine-

2106 1304 2265 1358 bunt.
2299 1303 2380 1359 Ex
2408 1306 2573 1362 dictis
2614 1316 2796 1362 autem
2828 1308 3053 1363 evidens
3081 1315 3186 1374 est,
3229 1310 3335 1365 sub
3366 1307 3507 1364 Ursa
3552 1318 3689 1373 tota.

2106 1394 2411 1450 secundum
2441 1396 2754 1466 Eudoxum,
2781 1398 3355 1464 Cancrum,Leonem,
3386 1400 3687 1471 Virginem.

2105 1495 2159 1542 ει
2187 1487 2387 1543 Chelas
2418 1490 2679 1544 collocari
2704 1490 2923 1546 debere.
2944 1490 3078 1545 Nam
3109 1507 3231 1563 qua:
3245 1500 3330 1547 est
3357 1493 3414 1547 in
3440 1500 3690 1548 extrema

2103 1577 2264 1635 Ursae
2291 1581 2487 1645 cauda,
2512 1596 2580 1637 ex
2617 1581 2807 1637 eadem
2836 1582 2930 1637 illa
2972 1582 3247 1640 divisione
3276 1584 3513 1653 zodiaci,
3543 1584 3688 1641 Che-

2103 1670 2281 1727 larum
2313 1681 2527 1744 partem
2567 1674 2777 1730 obtinet
2803 1675 2918 1731 fere
2942 1675 3025 1735 ιω

475 1929 579 1981 lA’.
604 1926 773 1982 Πάλιν
800 1926 847 1981 δ’
876 1928 906 1981 ό
938 1927 1173 1998 ’Ἄρατος
1207 1925 1335 1999 περὶ
1367 1926 1463 1982 τοῦ
1504 1927 1750 2001 Ἠνιόχου
1792 1929 1977 2000 λέγων,

2163 1916 2257 1971 Μ.
2285 1916 2501 1973 Rursus
2553 1917 2757 1973 Aratus
2801 1916 2869 1973 de
2903 1916 3108 1990 Auriga
3144 1918 3376 1989 loquens
3408 1918 3515 1974 ista
3543 1916 3677 1979 sub-

403 2021 659 2092 ίπιφέρει
689 2020 845 2075 ταυτί
872 2038 885 2051 ο

415 2128 569 2202 Ἀλλ’
598 2128 713 2202 elei
747 2129 1109 2202 Taﬁpoc_(56)
1138 2125 1613 2202 προφερέστερος
1650 2132 1938 2202 Ἠνιόχοιο

399 2202 506 2265 Εἰς
528 2199 742 2268 ἑτέρην
769 2198 1119 2268 καταϐῆναι,
1153 2198 1461 2270 ὁμηλυσίῃ
1498 2198 1609 2271 ᾇπερ
1639 2198 1930 2258 ἀνελθών.

470 2291 774 2359 Διαφωνείν
798 2285 891 2343 οὖν
919 2306 1012 2361 μοι
1036 2289 1185 2342 δοκεῖ
1224 2290 1361 2362 πρὸς
1380 2290 1447 2343 τὰ
1479 2292 1780 2363 φαινόμενα
1808 2294 1902 2347 καὶ
1929 2295 1989 2348 ὲν

397 2382 626 2446 τούτοις.
657 2380 764 2434 Τοῦ
800 2380 908 2452 γὰρ
953 2381 1198 2452 Ἡνιόχου
1242 2382 1293 2434 οι
1338 2380 1500 2445 πόδες
1547 2381 1707 2453 μόνον
1756 2384 1872 2455 ἅμα
1908 2383 1988 2456 τῷ

399 2475 598 2548 Ταύρῳ
630 2474 1150 2543 συναναφαίνονται·
1194 2474 1255 2527 τὸ
1298 2473 1356 2527 δὲ
1389 2472 1575 2527 λοιπὸν
1617 2473 1781 2528 αὑτοῦ
1827 2475 1988 2547 σῶμα

396 2571 510 2632 τοῖς
550 2566 750 2639 Ἰχθύσι
783 2569 878 2622 καὶ
906 2567 983 2638 τῷ
1018 2565 1174 2640 Κριῷ
1218 2566 1618 2622 συνανατέλλει.
1666 2569 1779 2621 Καὶ
1823 2568 1987 2633 αὐτὸς

395 2660 457 2714 δὲ
485 2660 542 2714 ἐν
572 2662 686 2724 τοῖς
719 2659 847 2730 ἑξῆς
881 2676 1046 2731 φησιν
1069 2676 1083 2689 ·

408 2791 562 2847 Ἀλλ’
611 2793 858 2862 Ἐριφοι,
887 2792 1066 2847 λαιοῦ
1106 2809 1172 2847 τε
1216 2790 1399 2863 θέναρ
1443 2792 1629 2861 ποδὸς
1647 2830 1663 2860 ,
1702 2794 1834 2884 Afir?
1861 2794 1984 2877 σρν

400 2934 601 3003 Ταύρῳ
629 2932 1094 3004 συμφορέονται.
1741 2866 1919 2938 [avra

407 3089 546 3144 ’ἀλλ’
573 3091 674 3145 ὅσα
696 3089 844 3161 λέγει
873 3089 1073 3162 Ταύρῳ
1102 3106 1502 3165 συμφερεσοαι,
1528 3091 1703 3146 ταῦτα
1731 3094 1853 3146 κατ’
1883 3109 1982 3147 αυ-

393 3183 484 3237 τὸν
515 3182 630 3254 ἅμα
665 3182 744 3254 τῷ
774 3180 931 3254 Κριῷ
960 3182 1276 3236 ἀνατέλλειο
1314 3184 1407 3238 ἐπὶ
1449 3184 1668 3239 πάντων
1713 3185 1825 3256 γὰρ
1871 3183 1980 3238 τῶν

2088 2009 2243 2080 jicit:

2092 2125 2197 2181 Sed
2225 2140 2428 2195 semper
2454 2123 2664 2178 Taurus
2685 2124 2901 2193 pronior
2934 2124 3135 2193 Auriga

2092 2196 2161 2252 In
2173 2188 2421 2251 occasum
2433 2188 2813 2257 descendendo,
2825 2196 2943 2263 pari
2958 2188 3174 2248 ascensu
3192 2188 3426 2264 alioquin
3438 2202 3673 2249 exortus.

2161 2287 2220 2343 ln
2251 2288 2451 2359 quibus
2482 2289 2552 2343 ab
2587 2287 2923 2357 apparentiis
2967 2287 3102 2357 ipsis
3145 2286 3413 2341 dissidere
3443 2286 3574 2339 mihi
3604 2286 3680 2339 vi-

2089 2380 2271 2436 detur.
2307 2378 2523 2435 Etenim
2563 2377 2782 2448 Auriga:
2826 2377 3097 2432 duntaxat
3126 2377 3294 2448 pedes
3320 2391 3443 2430 cum
3491 2366 3678 2429 Tauro

2090 2472 2252 2527 simul
2276 2480 2596 2542 emergunt;
2633 2472 2907 2541 reliquum
2942 2479 3145 2540 corpus
3179 2481 3305 2522 cum
3336 2464 3590 2523 Piscibus
3615 2473 3677 2522 et

2087 2565 2274 2620 Ariete
2335 2564 2680 2620 conscendit.
2733 2562 2877 2628 Quin
2929 2561 3072 2616 idem
3134 2562 3253 2631 ipse
3300 2560 3562 2630 deinceps
3597 2558 3676 2613 ita

2087 2655 2280 2711 scribit
2309 2672 2322 2709 :

2085 2788 2190 2845 Sed
2222 2787 2405 2850 Ha'di,
2423 2782 2733 2857 sinistrique
2762 2787 2879 2842 vola
2908 2780 3054 2851 pedis
3080 2783 3258 2856 Capra
3285 2798 3404 2840 cum
3430 2786 3551 2856 ipsa

2085 2920 2219 2978 Cum
2263 2921 2442 2977 Tauro
2479 2921 2744 2992 feruntur.

2152 3083 2222 3139 At
2247 3096 2591 3154 quaecunque
2623 3077 2754 3134 Γειτί
2782 3093 2905 3133 cum
2953 3070 3137 3133 Tauro
3175 3079 3396 3143 asserit,
3439 3092 3502 3134 ea
3544 3093 3669 3135 cum

2080 3177 2267 3233 Ariete
2310 3191 2550 3247 quoque,
2603 3181 2664 3227 ut
2715 3172 2854 3227 idem
2906 3173 3091 3235 sentit,
3135 3178 3384 3227 exortum
3416 3170 3668 3229 faciunt:

392 3275 609 3347 ἄστρων
649 3275 750 3340 τὰς
798 3274 1163 3339 συνανατολὰς
1215 3274 1359 3328 οὕτω
1403 3275 1690 3347 σημαίνειι
1723 3271 1837 3330 οἷον
1884 3278 1977 3349 τῆς

2083 3270 2343 3341 quoniam
2379 3267 2434 3321 in
2460 3263 2979 3321 constellationibus
3012 3262 3268 3316 omnibus
3297 3269 3523 3316 coortus
3564 3261 3672 3315 hoc

392 3367 569 3441 ἀρχῆς
595 3365 685 3421 τοῦ
715 3361 905 3431 ζωδίου
931 3367 1023 3421 ἐπὶ
1045 3366 1145 3437 τῆς
1182 3367 1445 3439 ἀνατολῆς
1479 3367 1667 3440 οὔσης,
1703 3368 1824 3423 τίνα
1850 3370 1981 3424 ἀνα-

390 3458 693 3514 τεταλκότα
740 3460 909 3529 ἐγγὺς
949 3458 1045 3512 τοῦ
1088 3457 1361 3530 ὁρίζοντος
1409 3460 1683 3528 φαίνεται.
1727 3458 1835 3513 Τοῦ
1882 3460 1981 3531 μὲν

390 3550 683 3624 ἀριστεροῦ
725 3551 884 3615 ποδὸς
917 3550 1057 3604 πολὺ
1105 3550 1493 3623 προανατέλλει
1532 3554 1560 3605 ὁ
1609 3551 1783 3618 δεξιὸς
1810 3545 1979 3622 ὦμος,

390 3647 484 3701 καὶ
516 3647 548 3716 ἠ
589 3644 739 3710 δεξιὰ
776 3645 918 3716 χείρ.
968 3642 1242 3715 Πρόδηλον
1273 3639 1366 3697 οὖν
1397 3644 1479 3697 ὅτι
1517 3644 1611 3697 καὶ
1654 3645 1776 3697 κατ’
1821 3644 1982 3698 αὑτὸν

386 3737 481 3793 τὸν
493 3726 581 3790 ⁸⁷’Ᾰ
592 3754 750 3809 ρατον
777 3736 847 3790 τὰ
876 3735 1012 3808 πρὸς
1040 3738 1152 3799 τοῖς
1178 3736 1304 3788 ποσὶ
1336 3735 1495 3806 μόνον
1522 3734 1599 3805 τῷ
1629 3733 1829 3805 Ταύρῳ
1857 3751 1982 3787 συν-

390 3825 668 3880 ανατέλλει
689 3842 705 3857 ·
734 3826 794 3880 τὸ
834 3826 890 3879 δὲ
920 3825 1106 3879 λοιπὸν
1139 3824 1329 3897 σῶμα,
1363 3825 1459 3879 καὶ
1502 3824 1665 3889 αὐτὸς
1695 3824 1984 3897 ἀριστερὸς

388 4040 598 4099 Λέοντα
616 4057 713 4115 pro
727 4042 818 4097 τὸν
834 4042 1141 4115 Καρκίνον,
1172 4050 1382 4115 et__mox
1430 4042 1659 4115 Λέοντος
1711 4043 1971 4115 μοί.ίιη¹,

389 4128 494 4185 pro
509 4112 806 4185 Καρκίνου.
826 4112 1185 4169 Asterismum
1211 4112 1364 4169 Ursa:
1399 4113 1626 4182 majoris
1647 4112 1882 4184 antiqui,
1916 4112 1976 4168 ut

390 4184 561 4239 refert
583 4184 944 4253 Hipparchus.
977 4192 1183 4255 septem
1208 4194 1319 4238 non
1354 4186 1590 4255 amplius
1622 4185 1975 4239 circumscri-

390 4269 553 4324 psere
582 4258 777 4318 stellis,
813 4270 935 4323 quae
966 4254 1313 4325 componunt
1333 4254 1432 4324 τὴν
1468 4255 1735 4325 Ἅμαξαν.
1778 4255 1853 4308 Ex
1887 4254 1972 4310 his

390 4325 776 4380 antecedentes
823 4326 945 4380 duae
991 4325 1045 4379 in
1093 4324 1389 4395 laterculo;
1442 4324 1675 4395 quarum
1720 4325 1973 4394 superior

390 4396 589 4465 capitis
611 4396 730 4449 loco
764 4396 1127 4465 censebatur;
1178 4394 1681 4465 inferior,'pedum
1729 4396 1970 4449 anterio-

389 4464 542 4533 ruin;
565 4466 616 4519 in
644 4465 814 4534 gradu
836 4464 1033 4520 Leonis
1067 4464 1226 4519 tertio
1253 4464 1621 4528 collocantur,
1666 4466 1966 4521 secundum

389 4549 518 4606 eam
541 4536 754 4606 zodiaci
781 4536 1150 4604 partitionem,
1191 4550 1312 4604 quae
1352 4535 1651 4589 cardinalia
1675 4537 1832 4606 signa
1857 4535 1967 4589 τῶν

390 4603 596 4670 ζωδιων
638 4603 811 4676 initiis
842 4605 1110 4667 ascribit;
1176 4603 1232 4658 at
1259 4606 1595 4674 posteriores
1623 4603 1812 4673 pedes;
1845 4620 1969 4676 quae

389 4685 522 4730 sunt
571 4675 827 4731 laterculi
861 4677 1192 4745 posteriores
1252 4677 1395 4745 duae.
1428 4676 1483 4729 in
1534 4676 1706 4745 gradu
1764 4675 1964 4731 Leonis

388 4748 582 4815 quinto
610 4754 666 4800 et
693 4744 958 4801 vicesimo
988 4756 1285 4814 ponuntur.
1310 4744 1428 4799 Jam
1464 4746 1512 4801 si
1538 4744 1965 4816 faequinoctialia

389 4825 447 4887 ει
476 4816 1017 4887 solstitialiapuucta
1056 4816 1249 4887 mediis
1298 4815 1351 4869 in
1406 4815 1580 4887 signis
1624 4815 1959 4887 conatituas,

389 4886 495 4940 hoc
521 4895 608 4941 est
639 4887 684 4941 si
711 4884 1024 4956 quindecim
1052 4886 1339 4957 gradibus,
1391 4884 1481 4941 vel
1521 4884 1751 4957 dimidio
1793 4885 1965 4941 dede-

388 4958 691 5012 catemorio
728 4954 1075 5011 'antevertas'
1123 4957 1464 5026 singulorum
1526 4954 1702 5022 initia,
1738 4972 1964 5012 necesse

386 5035 473 5080 est
508 5028 586 5081 uti
615 5027 995 5081 australiorem
1015 5027 1425 5081 succedentium
1452 5027 1505 5079 in
1539 5027 1822 5092 laterculo,
1873 5028 1961 5081 cui

390 5099 727 5166 posteriores
771 5097 938 5166 pedes
965 5095 1314 5166 alliuguntur,
1339 5096 1407 5150 ad
1437 5095 1679 5166 Virginis
1729 5096 1961 5166 gradum

389 5164 660 5235 decimum
682 5182 712 5219 a
739 5164 845 5220 κᾶν
877 5167 1074 5221 Leonis
1100 5164 1118 5220 Ξ
1151 5167 1231 5222 sic
1256 5164 1559 5221 anteriores
1593 5164 1755 5235 pedes
1783 5181 1814 5219 a
1847 5174 1961 5221 ter-

390 5235 468 5307 tio
494 5234 713 5307 Leonis.
744 5236 833 5307 ad;
868 5236 1141 5291 decimum
1179 5244 1430 5291 octavum
1457 5234 1677 5307 gutiq'ue
1729 5236 1960 5291 descen-

387 5305 536 5376 dere.
567 5304 802 5360 Proinde
826 5306 1030 5376 liquido
1046 5314 1261 5361 constat
1278 5304 1679 5376 emendandum
1704 5308 1784 5361 sic
1808 5322 1953 5370 esse,

385 5382 449 5429 ut
477 5374 580 5447 Leo
606 5392 704 5445 pro
724 5374 939 5447 Cancro
972 5377 1261 5447 utrobique
1283 5385 1608 5447 reponatur.
1639 5375 1755 5432 Nisi
1814 5377 1958 5447 forte

385 5446 689 5518 παρόραμα
718 5446 771 5500 id
799 5449 1107 5516 scriptoris,
1140 5445 1248 5500 non
1278 5445 1587 5517 ἁμάρτημα
1646 5448 1768 5501 fuit.
1824 5445 1957 5516 Hip-

383 5517 627 5586 parchus
656 5524 710 5572 et
759 5517 968 5587 antiqui
990 5519 1359 5585 longitudines
1386 5519 1665 5572 stellarum
1698 5520 1750 5570 in
1778 5519 1956 5586 aequi-

384 5587 629 5650 noctiali,
676 5586 761 5641 vel
819 5586 903 5658 ei
934 5588 1195 5658 parallelo
1247 5587 1458 5641 circulo
1511 5588 1952 5658 computabant:

383 5670 545 5727 quem
576 5658 740 5711 etiam
766 5656 1070 5722 zodiacum,
1098 5658 1329 5727 ejusque
1360 5668 1542 5726 partes
1570 5656 1736 5721 ζώδια
1769 5658 1952 5712 nomi-

382 5725 611 5797 nabant,
633 5727 781 5797 quod
810 5728 966 5783 valde
992 5725 1182 5783 miror.
1212 5725 1315 5797 Sic,
1334 5725 1391 5782 et
1423 5727 1478 5782 in
1500 5729 1654 5784 calce
1682 5729 1813 5784 libri
1847 5728 1953 5782 hu-

378 5795 683 5871 ιιιςςέιδιρῦ
704 5798 948 5871 ηερξηερ
972 5795 1458 5871 ξωῆεκατηιερριον-

453 5866 567 5939 (56)
617 5866 801 5925 ’ων
820 5867 935 5924 alet
954 5867 1220 5941 Ταῦρος.
1232 5866 1243 5871 ⁷
1255 5866 1387 5937 'Hic
1413 5866 1666 5942 equidem
1720 5868 1953 5938 φιλονει-

2086 3361 2252 3418 modo
2281 3359 2592 3431 signiﬁcat;
2620 3358 2768 3413 velut
2790 3357 2946 3411 initio
2963 3356 3103 3426 signi
3135 3354 3190 3409 in
3221 3355 3506 3409 horizonte
3531 3370 3669 3409 con-

2087 3456 2306 3518 stituto,
2346 3466 2597 3523 quaenam
2630 3457 2821 3505 exorta
2856 3448 3102 3519 proxime
3132 3447 3470 3502 horizontem
3504 3461 3671 3517 appa-

2087 3556 2263 3604 reant.
2296 3545 2470 3600 Porro
2492 3545 2649 3615 longe
2676 3550 2802 3597 ante
2824 3542 3109 3597 sinistrum
3138 3539 3330 3610 pedem
3354 3540 3544 3594 dexter
3566 3539 3671 3591 hu-

2088 3653 2295 3702 merus,
2338 3636 2638 3705 dextraque
2696 3648 2894 3687 manus
2947 3632 3143 3686 oritur.
3189 3629 3268 3683 Ex
3307 3645 3415 3699 quo
3463 3628 3669 3698 liquido

2081 3737 2318 3793 constat,
2368 3726 2671 3784 secundum
2715 3726 2941 3779 Aratum
2987 3723 3187 3793 ipsum,
3223 3738 3286 3777 ea
3329 3722 3504 3778 solum
3546 3737 3670 3791 qua:

2079 3822 2148 3877 ad
2181 3821 2348 3894 pedes
2377 3827 2527 3883 sunt,
2550 3812 2685 3875 oriri
2716 3832 2846 3879 cum
2887 3806 3100 3884 Tauro;
3136 3814 3407 3886 reliquum
3439 3828 3667 3884 corpus,
3740 3842 3746 3853 -

2081 4040 2224 4114 κίανΔ
2260 4037 2559 4114 Hipparchi
2620 4038 2847 4114 .audare
2896 4054 3008 4094 non
3030 4054 3295 4114 possum,
3328 4043 3422 4113 qui
3458 4052 3661 4114 prater

2078 4112 2171 4182 jus
2201 4107 2426 4187 Aratum
2458 4111 2763 4187 redarguit.
2799 4107 2920 4187 Non
2952 4107 3099 4165 enim
3156 4107 3361 4187 totum'
3393 4107 3660 4187 Aurigam
3765 4122 3775 4131 '

2080 4178 2205 4236 cum
2236 4180 2420 4254 Tau_ro
2452 4181 2528 4234 ait
2553 4178 2805 4254 citorttim
2842 4178 3042 4254 facere,
3073 4182 3329 4254 sedcum
3368 4178 3662 4254 pedes'ille

2080 4267 2213 4325 suos
2241 4253 2308 4307 ad
2336 4250 2576 4325 Taurum
2598 4251 2831 4325 habeat,
2881 4250 2949 4325 de
2973 4251 3059 4304 his
3095 4250 3405 4325 ipsis_loqui
3458 4269 3662 4325 puum-

2079 4322 2183 4377 dus
2209 4333 2312 4386 est,
2343 4330 2398 4375 ut
2434 4321 2858 4397 hicsensussit,
2892 4322 3190 4397 interprete
3214 4321 3475 4389 Tlteone,
3506 4344 3658 4397 quae-

2078 4408 2297 4462 cunque
2325 4400 2506 4460 partes
2531 4390 2796 4445 Heniochi
2836 4406 2960 4462 cum
3023 4391 3207 4446 Tauro
3250 4390 3653 4460 conscendunt,

2075 4478 2170 4518 eas
2207 4460 2379 4516 simul
2408 4477 2519 4516 non
2551 4463 2841 4533 occidere.
2876 4460 3039 4533 _Nam
3080 4478 3148 4516 ex
3195 4464 3285 4525 iis,
3334 4481 3455 4533 quae
3488 4469 3656 4523 simul

2075 4532 2707 4606 oriuntur,_borealiora,
2747 4530 2893 4606 quod
2927 4534 3189 4606 majorem
3226 4530 3415 4589 arcum
3469 4540 3654 4606 paral-

2073 4603 2162 4658 leli
2200 4605 2283 4658 sui
2319 4603 2516 4656 circuli
2547 4617 2712 4671 supra
2753 4602 3020 4656 ﬁnitorem
3056 4603 3310 4668 habeant,
3362 4602 3563 4662 lentius
3595 4608 3653 4664 in

2072 4688 2332 4729 occasum
2367 4676 2709 4742 praecipitant
2736 4688 2751 4737 ;
2784 4675 3115 4726 australiora
3153 4689 3281 4728 vero
3305 4677 3470 4731 citius
3501 4681 3653 4732 occi-

2070 4744 2229 4816 dunt.
2280 4744 2498 4816 Atenim
2541 4752 2731 4816 contra
2780 4743 2926 4816 hanc
2986 4746 3397 4816 expositionem
3454 4749 3652 4816 objicit

2075 4814 2442 4885 Hipparchus,
2497 4815 2669 4885 etiam
2711 4828 2832 4885 quae
2860 4811 2945 4885 ad
2985 4811 3150 4882 pedes
3201 4826 3331 4870 sunt
3385 4811 3646 4872 Heniochi

2066 4884 2533 4956 respondentibus
2571 4884 2684 4956 sibi
2729 4884 2906 4956 Tauri
2948 4884 3207 4956 partibus?
3262 4895 3316 4940 et
3369 4891 3649 4956 posterius

2065 4953 2294 5018 σῶμα
2332 4956 2486 5024 prius
2533 4955 2809 5009 occidere.
2876 4953 2980 5007 Sed
3016 4970 3123 5008 non
3160 4955 3212 5008 id
3238 4953 3426 5010 verum
3465 4966 3550 5012 est
3590 4960 3647 5013 in

2064 5023 2344 5079 omnibus.
2379 5023 2636 5090 Quaedam
2661 5026 2803 5079 enim
2831 5026 3123 5093 utrobique
3173 5027 3337 5081 simul
3385 5033 3647 5082 exoriun-

2065 5105 2175 5149 tur.
2206 5095 2270 5149 Et
2306 5096 2552 5164 profecto
2576 5095 2747 5149 falsus
2785 5107 2864 5149 est
2895 5094 3275 5163 Hipparchus;
3323 5099 3483 5164 cujus
3537 5099 3645 5152 boc

2063 5167 2239 5238 oratio
2269 5167 2576 5238 signiﬁcat.
2609 5167 2814 5238 nullam
2838 5164 3001 5219 Tauri
3036 5173 3245 5238 partem
3302 5184 3426 5222 cum
3485 5177 3644 5238 parte

2061 5236 2260 5306 pedum
2296 5237 2556 5291 lleuiochi
2594 5237 2758 5290 simul
2791 5239 3108 5306 ascendere.
3142 5237 3257 5289 Non
3295 5236 3501 5293 tninus'
3533 5240 3639 5293 fal-

2062 5304 2185 5378 sum
2219 5317 2305 5361 est
2342 5308 2487 5378 quod
2530 5307 2606 5359 ait
2633 5308 2797 5378 pedes
2828 5304 3092 5378 Heniochi
3119 5313 3262 5360 totos
3294 5312 3447 5376 prius
3490 5309 3640 5363 occi-

2059 5376 2211 5438 dere,
2248 5375 2413 5446 quain
2441 5375 2705 5431 Taurum.
2748 5375 2863 5430 Hoc
2892 5379 2972 5430 vel
3008 5375 3305 5447 Hipparchi
3335 5380 3511 5447 ipsius
3539 5395 3640 5431 au-

2058 5449 2313 5502 ctoritate
2359 5448 2729 5511 convincitur,
2778 5448 2868 5516 qui
2900 5447 2992 5501 lib.
3026 5463 3109 5508 Ill,
3136 5463 3288 5500 nutu.
3317 5447 3437 5512 XV,
3492 5446 3639 5502 Tau-

2057 5530 2180 5589 rum
2204 5518 2278 5589 ait
2297 5519 2548 5589 occidere
2573 5531 2698 5571 cum
2734 5516 2942 5571 zodiaci
2962 5533 3049 5589 pan
3066 5525 3137 5580 te,
3153 5532 3274 5586 qua:
3302 5527 3387 5572 est
3408 5534 3438 5573 a
3462 5519 3635 5589 gradu

2056 5586 2259 5642 Arietis
2288 5603 2379 5652 xx,
2408 5588 2475 5641 ad
2508 5586 2671 5641 Tauri
2702 5602 2850 5649 xxvr,
2875 5588 3121 5640 ultimam
3150 5597 3327 5641 autem
3356 5586 3633 5655 cecidere,

2056 5672 2179 5724 quae
2209 5666 2294 5713 est
2321 5659 2374 5711 in
2406 5658 2748 5713 extremitate
2777 5658 2986 5711 sinistri
3015 5673 3205 5711 cornu.
3245 5659 3316 5711 At
3343 5660 3484 5715 idem
3529 5658 3636 5716 hoc

2055 5727 2199 5799 libro
2233 5728 2409 5799 primo
2423 5736 2479 5782 et
2505 5743 2734 5799 numero
2764 5725 2830 5780 XI
2865 5734 2940 5781 att
2971 5727 3222 5783 dextrum
3273 5730 3462 5799 pedem
3522 5729 3634 5786 He-

2055 5795 2992 5872 niochi'cumgradt‘tTauri__xxvu
3050 5795 3408 5872 descendere.
3462 5800 3639 5872 Igitur

2054 5868 2206 5941 prius
2226 5874 2374 5927 totus
2400 5866 2618 5927 Taurus
2645 5866 2851 5926 occidit
2880 5882 3045 5940 quam
3079 5871 3245 5940 pedes
3272 5866 3563 5931 Heniochi.
