4130 6410
366 422 506 481 1029

369 534 521 591 Τοῒοί
552 534 608 588 οί
639 529 877 601 κεφαλῇ
906 528 1297 601 ὑποκείμενοι
1321 524 1536 601 ἀγλαοί
1561 519 1707 601 ὦμοι

362 605 643 659 Εἶδον-ται
662 619 675 632 ·
708 594 896 656 Esaia-ot
920 617 986 670 γε
1012 594 1214 654 καῖἂν
1237 594 1519 667 διχόμηνι
1546 594 1783 666 σελήνῃ

365 674 627 731 Εὶσωποὶ
658 672 975 727 τελέθοιεν.

439 786 632 859 Σχεδὸν
662 785 721 839 δὲ
760 786 855 840 καὶ
891 783 1001 839 τῶν
1033 784 1091 837 ἐν
1117 786 1182 855 τῇ
1229 781 1556 854 Ἀνδρομέδᾳ
1584 779 1951 853 λαμπρότεροί

362 884 490 946 είσι,
518 880 656 951 πλὴν
680 880 788 933 τῶν
820 880 877 932 ὲν
907 880 974 950 τῇ
1005 877 1245 950 κεφαλῇ,
1283 875 1379 930 καὶ
1410 875 1504 930 τοῦ
1547 875 1815 946 ἑπομένου
1842 873 1951 927 τῶν

363 978 421 1029 ὲν
444 977 512 1046 τῇ
540 972 708 1045 ζώνῃ,
734 971 864 1044 περὶ
893 968 962 1043 ἧς
996 987 1161 1041 φησιν
1185 986 1198 999 ·

1147 1172 1228 1227 Οὔ
1251 1188 1326 1227 σε
1348 1170 1489 1242 μάλ’
1518 1170 1621 1242 olm

362 1250 567 1303 Νύκτα
599 1245 1080 1316 περισκέψασθαι
1105 1261 1134 1316 Ἀ
1154 1244 1231 1316 ἵν’
1258 1239 1475 1298 αὐτίκα
1491 1240 1735 1316 μᾶλλον
1763 1239 1947 1309 ἴδηαι.

373 1321 508 1387 Τοίη
538 1320 592 1374 ol
625 1312 901 1387 κεφαλή·
932 1316 1080 1370 τοῖοι
1109 1314 1177 1369 δέ
1204 1317 1257 1369 ol
1288 1312 1704 1387 ἀμφοτέρωθεν

363 1380 533 1460 Ὤμοι
553 1430 568 1455 ,
594 1380 904 1454 καῖπόδὲς
930 1388 1266 1456 ἀκρότατοι,
1301 1380 1400 1439 καὶ
1438 1382 1666 1453 ζώματα
1694 1380 1910 1435 πάντα.

437 1506 607 1560 Πάλιν
638 1503 695 1557 δὲ
725 1482 877 1575 παρά
918 1500 997 1574 τῷ
1029 1499 1242 1571 Εὐδόξῳ
1275 1496 1677 1570 ἀναστρέφεται
1711 1495 1951 1568 διημαρ-

1363 407 1735 467 lllPPARCHl
1773 406 1866 462 AD
1898 404 2349 460 PIUENOMENA
2388 403 2519 460 LIB.
2561 404 2606 461 1.

1980 521 2027 577 Α
2093 518 2245 572 Tales
2279 521 2326 573 ei
2354 519 2516 588 capiti
2541 516 2872 586 subjaeentes
2901 516 3037 571 clari
3056 515 3261 570 humeri

3502 404 3642 466 {0'50

2092 592 2357 658 Apparent
2393 605 2410 642 :
2445 590 2527 643 illi
2554 588 2766 658 quidem
2799 588 2960 642 etiam
2985 591 3140 657 plena
3171 589 3300 655 luna

2088 660 2373 729 (ἐνηερίεαὶ
2400 670 2592 715 essent.

2086 788 2093 833 :
2124 773 2239 828 lino
2270 789 2402 830 vero
2429 772 2824 845 propemodum
2852 773 3019 828 etiam
3041 771 3132 836 iis,
3168 788 3290 843 qua
3321 773 3376 826 in
3427 772 3641 828 Andro»

2052 867 2212 922 meda
2242 876 2395 932 sunt,
2446 865 2850 939 splendidiores
2898 866 3175 931 videntur,
3231 868 3479 937 exceptis
3530 868 3641 930 his,

2052 975 2175 1031 qua
2202 961 2259 1015 in
2288 960 2469 1030 capite
2503 971 2652 1024 sunt,
2686 969 2741 1016 et
2772 959 3106 1017 succedente
3127 976 3339 1030 earum,
3367 978 3488 1033 qua
3514 972 3638 1019 sum

2054 1052 2109 1108 in
2138 1066 2316 1119 zona;
2354 1052 2422 1107 de
2451 1067 2560 1123 qua
2594 1052 2735 1108 idem
2771 1071 2786 1109 :

2631 1209 2645 1221 .
2674 1210 2687 1223 .
2718 1210 2732 1222 .
2754 1170 2914 1224 llaud
2949 1179 2997 1224 te
3031 1169 3254 1225 multant
3278 1188 3397 1226 reor

2092 1235 2315 1312 1_Voclem
2343 1238 2636 1308 disquirere
2662 1257 2680 1293 :
2710 1250 2766 1293 ut
2798 1242 3022 1296 subinde
3066 1244 3238 1312 magis
3275 1243 3534 1297 intueare.

2093 1308 2225 1386 Iam
2252 1310 2458 1386 clarum
2486 1312 2712 1386 ei_caput
2744 1321 2823 1366 est
2844 1326 2872 1386 λε
2900 1323 3006 1366 tam
3032 1308 3175 1386 clari
3191 1315 3314 1366 item
3337 1316 3387 1367 ei
3402 1315 3642 1386 utrinque

2090 1379 2333 1446 Humeri,
2362 1390 2412 1434 et
2445 1381 2601 1451 pedes
2630 1384 2877 1449 extremi,
2905 1392 2955 1437 et
2981 1383 3197 1456 cingula
3218 1386 3429 1439 ontnia.

2125 1493 2393 1551 Praterea
2406 1496 2550 1568 apud
2570 1496 2855 1555 Eudoxum
2877 1515 3161 1571 perperam
3179 1507 3344 1570 caput
3366 1499 3515 1557 Ursa
3533 1516 3639 1556 ma-

361 1597 615 1671 τημένως
640 1596 886 1668 περὶτῆς
912 1593 1155 1665 κεφαλῆς
1189 1592 1289 1664 τῆς
1323 1590 1564 1664 μεγάλης
1592 1591 1832 1664 ’Ἄρκτου
1854 1608 1866 1619 ·
1893 1591 1952 1644 ὲν

2057 1587 2189 1657 ioris
2218 1588 2546 1660 explicatur.
2569 1589 2704 1645 Nam
2727 1591 2782 1646 in
2803 1607 2968 1663 opere
3004 1594 3117 1656 illo.
3144 1592 3288 1663 quod
3319 1593 3644 1664 inscriptum

367 1692 470 1763 μὲν
494 1689 574 1762 τῷ
620 1690 698 1745 ἐνὶ
731 1690 1103 1759 συντάγματι,
1135 1686 1164 1739 ὃ
1195 1686 1563 1760 ἐπιγράφεται
1593 1685 1949 1755 Φαινόμενιι,

363 1781 457 1835 ’τὸν
485 1780 685 1852 τρόπον
722 1777 910 1832 τοῦτον
941 1796 955 1808 ·
992 1796 1011 1829 ι
1048 1776 1185 1831 Ὑπὸ
1227 1777 1285 1830 δὲ
1331 1775 1423 1830 τὸν
1463 1776 1680 1848 Περσέα
1725 1776 1821 1829 καὶ
1850 1775 1953 1846 τὴν

2052 1688 2138 1735 est
2170 1679 2545 1749 Phanomena,
2575 1683 2680 1739 hoc
2708 1685 2871 1739 modo
2896 1685 3140 1756 loquitur
3176 1705 3189 1741 :
3232 1703 3251 1738 ι
3287 1684 3403 1742 Sub
3444 1685 3644 1743 Perseo

2052 1781 2109 1828 et
2132 1770 2426 1844 Cassiepea
2451 1790 2562 1831 non
2594 1775 2751 1832 valde
2768 1776 2980 1832 distans
3002 1785 3085 1833 est
3116 1777 3342 1847 majoris
3376 1776 3526 1834 Ursa
3553 1793 3642 1833 ca-

364 1870 740 1941 Κασσιέπειαν
764 1870 825 1923 οὐ
866 1869 1000 1924 πολὺ
1038 1868 1293 1941 διέχουσά
1330 1871 1478 1922 ἐστιν
1527 1870 1560 1941 ἡ
1604 1868 1814 1941 κεφαλὴ
1854 1868 1953 1939 τῆς

2057 1877 2176 1940 put.
2201 1869 2508 1940 lnterjecta
2545 1885 2677 1925 vero
2722 1871 2895 1926 stellae
2930 1879 3061 1926 sunt
3099 1872 3370 1927 obscura.
3399 1892 3419 1925 ι
3469 1872 3539 1928 At
3589 1874 3644 1928 in

368 1964 611 2037 μεγάλης
652 1964 909 2034 Ἀρκτου.
944 1964 1008 2016 Oi
1035 1961 1093 2016 δὲ
1132 1959 1336 2033 μεταξὺ
1373 1960 1576 2014 τούτων
1620 1959 1850 2034 ἀστέρες
1880 1961 1957 2012 εί-

367 2058 452 2112 σὶν
495 2056 771 2128 ἀμαυροίο
797 2074 816 2107 ›
862 2056 921 2109 ὲν
961 2055 1020 2109 δὲ
1068 2054 1147 2128 τῷ
1193 2053 1621 2125 ἐπιγραφομένῳ
1663 2053 1957 2121 Ἐνόπτρῳ

363 2149 539 2213 οὕτως
562 2165 575 2179 ·
596 2148 894 2203 ιὈπισθεν
915 2148 973 2201 δὲ
994 2147 1089 2201 τοῦ
1119 2146 1377 2219 Περσέως
1408 2145 1503 2201 καὶ
1531 2144 1684 2218 παρὰ
1714 2144 1783 2199 τὰ
1810 2145 1956 2215 ίσχία

363 2242 464 2313 τῆς
493 2240 865 2312 Κασσιεπείας
889 2240 950 2294 ού
984 2240 1117 2294 πολὺ
1157 2238 1507 2294 διαλείπουσα
1539 2240 1574 2310 ἠ
1609 2236 1819 2309 κεφαλὴ
1855 2238 1957 2308 τῆς

368 2333 613 2406 μεγάλης
637 2332 879 2405 Ἄρκτου
907 2334 1106 2386 κεῖται.
1130 2331 1196 2387 Oi
1226 2330 1283 2385 δὲ
1321 2331 1524 2402 μεταξὺ
1554 2331 1785 2404 ἀστέρες
1816 2330 1955 2383 εἰσὶν

365 2424 625 2498 ἀμαυροί.
668 2443 687 2475 ›
737 2422 876 2477 Οὔτε
901 2422 1011 2495 γὰρ
1039 2422 1184 2477 κατὰ
1210 2422 1307 2495 τὴν
1333 2423 1703 2478 Κασσιέπειαν
1736 2424 1830 2477 καὶ
1865 2424 1955 2478 τὸν

370 2517 586 2591 Περσέα
618 2519 796 2571 κεῖται
818 2519 852 2588 ἡ
884 2515 1097 2587 κεφαλὴ
1124 2516 1225 2587 τῆς
1258 2516 1502 2588 μεγάλης
1534 2517 1772 2587 Ἀρκτου
1791 2530 1805 2547 ⁸
1831 2514 1956 2570 οὔτε

373 2609 569 2681 μικρὸν
602 2608 783 2665 αὐτῶν
817 2609 1036 2679 ἀπέχει.
1078 2608 1146 2662 Ἠ
1181 2608 1281 2680 μὲν
1314 2608 1423 2681 γὰρ
1461 2608 1804 2663 Κασσιέπειά
1838 2611 1955 2663 ἐστι

366 2699 512 2755 κατά
557 2699 658 2772 τὴν
701 2698 810 2753 τῶν
853 2690 1073 2769 Ἰχθύων
1102 2700 1215 2770 μοτ.
1256 2698 1352 2751 t6"
1389 2697 1496 2752 ὁδὲ
1534 2698 1777 2770 Περσεὺς
1816 2697 1958 2752 κατὰ

364 2793 457 2846 τὸν
488 2791 659 2865 Κριόν
681 2808 696 2822 ·
733 2793 768 2863 ἡ
795 2790 853 2844 δὲ
879 2789 1025 2845 κατὰ
1068 2789 1160 2843 τὸν
1205 2787 1434 2856 Εὔδοξον
1466 2788 1578 2857 (58)
1610 2786 1822 2858 κεφαλὴ
1855 2786 1955 2857 τῆς

368 2883 614 2956 μεγάλης
647 2884 881 2955 ΙἌρκτου
914 2880 1056 2936 κατὰ
1114 2882 1214 2954 τὴν
1271 2882 1336 2934 t6'
1368 2883 1478 2952 μοῑ.
1507 2880 1553 2913 ⁸³
1582 2879 1675 2934 τοῦ
1704 2878 1951 2943 Λέοντος.

369 2979 593 3047 Ἐγγιον
624 2972 718 3030 οὖν
744 2977 919 3030 είπεῖν
952 2974 1045 3029 τὸν
1076 2970 1293 3047 Περσέα
1325 2972 1422 3028 καὶ
1449 2972 1547 3045 τὴν
1578 2972 1955 3027 Κασσιέπειαν

365 3069 583 3124 κεῖσθαι
610 3067 751 3124 κατὰ
787 3068 966 3140 ἄκραν
996 3066 1095 3140 τὴν
1124 3065 1292 3138 οὐρὰν
1319 3066 1421 3137 τῆς
1459 3066 1663 3139 μικρᾶς
1694 3065 1950 3137 Ἀρκτου.

328 3224 333 3227 _
367 3160 585 3233 Ταύτης
627 3161 737 3234 γὰρ
768 3163 798 3215 ὁ
828 3160 1056 3231 ἔσχατος
1085 3159 1179 3214 καὶ
1221 3156 1606 3230 λαμπρότατος
1638 3156 1813 3228 ἀστὴρ
1841 3158 1955 3210 κεῖ-

366 3271 460 3310 ται
486 3254 630 3309 κατὰ
670 3254 772 3326 τὴν
802 3259 873 3325 ιη’
907 3255 1018 3324 μοϊ.
1046 3250 1157 3307 τῶν
1193 3244 1436 3322 Ἰχθύων.
1477 3250 1536 3303 '0
1562 3249 1620 3304 δὲ
1649 3248 1879 3314 Εὔδοξος
1909 3247 1954 3280 ⁸⁸

365 3349 567 3420 διαιρεῖ
607 3347 699 3401 τὸν
740 3346 1005 3412 ζωδιακὸν
1044 3344 1243 3400 κύκλον
1288 3343 1432 3399 κατὰ
1474 3343 1574 3415 τὴν
1608 3346 1657 3412 γ’
1699 3343 1808 3413 μοῖ.
1856 3339 1952 3395 τοῦ

368 3440 566 3514 Κριοῦ.

439 3532 538 3588 ll".
587 3531 710 3585 Ἐπὶ
736 3530 796 3585 δὲ
837 3528 935 3583 τοῦ
965 3527 1136 3600 Κριοῦ
1163 3530 1192 3583 ό
1224 3529 1460 3600 Ἄρατος
1502 3522 1718 3597 ἀγνοεῖν
1759 3544 1849 3599 μοι
1872 3527 1959 3580 δο-

367 3628 474 3691 κεῖ,
505 3625 680 3694 λέγων
711 3624 877 3678 αὐτὸν
911 3622 1094 3693 ἀφανῆ
1140 3620 1389 3691 γίνεσθαι
1431 3622 1491 3674 ὲν
1524 3622 1592 3692 τῇ
1635 3619 1957 3691 πανσελήνῳ

366 3716 457 3770 διὰ
484 3715 584 3787 τὴν
612 3715 915 3788 μικρότητα
935 3712 1045 3767 τῶν
1067 3712 1315 3783 ἀστέρων
1343 3726 1358 3743 ⁸
1388 3712 1499 3765 δεῖν
1521 3711 1578 3765 δὲ
1598 3710 1957 3784 σημειοῦσθαι

367 3807 467 3879 τὴν
495 3806 644 3861 θέσιν
672 3806 839 3860 αὐτοῦ
873 3806 938 3859 ἐκ
963 3823 1025 3859 τε
1045 3804 1154 3859 τῶν
1178 3806 1236 3857 ὲν
1270 3806 1337 3876 τῇ
1364 3803 1511 3878 ζώνῃ
1533 3805 1631 3875 τῆς
1669 3805 1958 3876 Ἀνδρομέδ

368 3899 468 3962 δας
510 3897 755 3970 ἀστέρων
807 3897 903 3952 καὶ
955 3898 1021 3950 ὲκ
1071 3894 1167 3949 τοῦ
1211 3895 1621 3967 παρακειμένου
1667 3894 1818 3967 αὑτῷ
1860 3896 1959 3949 ἀπ’

375 3990 614 4060 Ἄρκτου
642 3985 930 4059 τριγώνου.
957 3987 1120 4056 Λέγει
1142 3985 1254 4057 γὰρ
1278 3985 1453 4050 οὕτως
1488 3985 1617 4057 περὶ
1645 3985 1811 4041 αὑτοῦ
1835 4001 1848 4014 ·

458 4192 774 4250 Αὐτοῦικαὶ
800 4190 1001 4262 Κριοῗο
1023 4190 1309 4246 θοὼταταί
1334 4191 1452 4244 εἱσι
1487 4188 1784 4246 κέλευθοι.

373 4310 486 4364 Καὶ
520 4307 637 4381 μετ’
662 4306 841 4377 ὀλίγον
878 4306 1133 4379 ἐπιφέρει
1158 4320 1173 4338 ο

373 4424 565 4488 Αὐτὸς
585 4421 703 4494 μὲν
723 4419 923 4494 νωθὴς
952 4417 1437 4494 θεοί-ἀνᾴστερος,
1468 4435 1566 4474 om
1598 4417 1835 4494 σελήνῃ

374 4488 751 4563 Σκέψαὶγθαι·
781 4490 930 4560 ζὶὒνη
964 4489 1016 4543 δ’
1050 4488 1127 4544 ἂν
1152 4488 1309 4559 ὅμως
1336 4488 1755 4560 ἐπιτεκμήραιο

2059 1961 2254 2029 altero,
2272 1962 2417 2033 quod
2432 1964 2788 2032 Ἔνοπτρον,
2813 1963 2867 2019 id
2883 1971 2967 2019 est
2982 1962 3281 2034 Speculum,
3295 1964 3643 2022 inscribitur:

2063 2073 2082 2106 ι
2118 2051 2268 2109 Pone
2293 2070 2425 2109 vero
2452 2054 2714 2111 Perseum
2747 2065 2804 2112 et
2828 2056 2897 2111 ad
2928 2055 3236 2130 Cassiepea
3267 2074 3456 2126 coxas,
3498 2059 3645 2117 haud

2057 2145 2219 2216 longo
2248 2147 2536 2217 interjecto
2563 2148 2742 2219 spatio
2785 2149 2952 2206 situm
2982 2157 3070 2205 est
3113 2151 3339 2222 majoris
3370 2151 3523 2210 Ursa
3549 2169 3644 2209 ca-

2057 2247 2191 2309 put;
2230 2240 2405 2296 stella
2430 2249 2614 2296 autem
2666 2240 3007 2313 interposita
3032 2253 3164 2298 sunt
3184 2244 3459 2301 obscura.
3493 2266 3512 2299 ι
3541 2244 3642 2302 Ve-

2058 2346 2182 2385 rum
2218 2347 2319 2388 nec
2346 2332 2412 2388 ad
2444 2332 2797 2405 Cassiepeam
2836 2349 2899 2389 ac
2926 2333 3187 2392 Perseum
3218 2336 3384 2392 situm
3406 2345 3491 2393 est
3538 2353 3642 2393 ma.

2052 2423 2191 2495 joris
2216 2423 2371 2482 Ursa
2399 2436 2564 2498 caput
2593 2447 2605 2481 :
2650 2443 2751 2483 nec
2783 2427 2853 2482 ab
2878 2428 2987 2484 illis
3014 2428 3214 2500 exiguo
3240 2429 3529 2486 intervallo
3562 2447 3643 2488 re—

2058 2527 2328 2574 movetur.
2361 2519 2460 2576 Est
2486 2521 2633 2576 enim
2666 2521 2959 2591 Cassiepca
3004 2522 3152 2577 circa
3172 2531 3379 2594 partem
3408 2522 3646 2585 Piscium

2059 2610 2164 2679 i2;
2195 2609 2434 2668 Perseus
2465 2612 2615 2668 circa
2644 2612 2915 2682 Arietem;
2941 2622 2996 2670 at
3020 2614 3249 2686 majoris
3294 2614 3451 2672 Ursa
3482 2624 3644 2688 caput

2058 2703 2129 2758 ab
2173 2703 2401 2760 Eudoxo
2443 2704 2644 2761 Leonis
2700 2704 3142 2762 dodecatemorio
3193 2705 3475 2762 tribuitur.
3498 2704 3645 2778 .Pro-

2057 2797 2182 2866 pius
2214 2796 2382 2868 igitur
2418 2797 2487 2853 ad
2519 2798 2802 2853 veritatem
2857 2797 3103 2864 accedet,
3158 2798 3252 2870 qui
3287 2797 3549 2853 Perseum
3594 2806 3645 2854 et

2056 2887 2408 2960 Cassiepeam
2451 2889 2519 2944 ad
2559 2896 2860 2945 extremam
2892 2890 3127 2945 caudam
3182 2890 3378 2945 locarit
3416 2889 3646 2947 minoris

2058 2978 2231 3037 Ursa.
2270 2978 2405 3035 Nam
2443 2988 2721 3052 postrema
2757 2981 2946 3054 hujus,
2993 2990 3049 3037 et
3100 2981 3441 3038 lucidissima
3490 2983 3646 3039 stella

2002 3064 2010 3144 ξ
2058 3073 2164 3129 sita
2184 3078 2270 3129 est
2300 3072 2368 3128 ad
2394 3070 2639 3129 Piscium
2665 3081 2875 3145 partem
2913 3074 2980 3129 18
3007 3094 3019 3130 :
3052 3081 3112 3129 ut
3157 3082 3339 3131 autem
3386 3073 3646 3131 Eudoxus

2057 3166 2343 3221 zodiacum
2390 3166 2663 3222 circulum
2712 3165 2928 3233 dividit,
2978 3168 3127 3223 circa
3185 3175 3398 3239 partem
3446 3166 3646 3224 Arietis

2057 3260 2300 3315 tertiam.

2141 3526 2280 3584 Xlll.
2314 3528 2372 3582 In
2402 3528 2586 3583 Ariete
2616 3542 2835 3598 quoque
2898 3526 3029 3581 mihi
3060 3525 3279 3582 videtur
3316 3524 3533 3582 inscitia
3572 3525 3645 3580 la-

2061 3638 2193 3693 psus
2225 3621 2451 3685 Aratus,
2485 3621 2616 3675 dum
2655 3622 2851 3677 asserit
2891 3620 3094 3691 ipsum,
3135 3634 3232 3691 per
3266 3618 3647 3689 plenilunium,

2058 3717 2132 3772 ob
2162 3715 2443 3771 stellarum
2468 3713 2794 3785 parvitatem
2823 3729 2932 3768 non
2959 3727 3123 3779 posse
3151 3711 3400 3781 conspici
3430 3729 3443 3765 :
3477 3724 3647 3782 quare

2060 3809 2228 3863 situm
2254 3806 2423 3875 illius,
2445 3807 2645 3877 partim
2671 3820 2739 3861 ex
2763 3806 2830 3861 iis
2859 3806 3033 3862 stellis
3054 3821 3175 3877 qua
3201 3811 3332 3860 sunt
3351 3803 3407 3859 in
3434 3802 3644 3859 Andro-

2059 3900 2234 3956 meda
2257 3914 2396 3955 zona
2411 3938 2427 3965 ,
2449 3899 2652 3971 partim
2676 3914 2744 3955 ex
2768 3897 3054 3969 adiacente
3077 3896 3181 3967 ipsi
3206 3911 3237 3952 a
3273 3895 3647 3967 septentrione

2058 3991 2339 4062 triangulo
2363 3989 2763 4063 designandum
2794 4003 2939 4045 esse.
2969 3985 3106 4041 Nam
3148 3985 3266 4042 hac
3300 3985 3450 4042 illius
3482 3984 3648 4042 verba

2060 4092 2238 4141 aunt:

2134 4176 2342 4232 Ibidem
2373 4185 2423 4231 et
2452 4175 2649 4232 Arietis
2670 4174 2956 4230 celerrimae
2987 4179 3111 4227 sunt
3140 4171 3257 4227 vite.

2060 4292 2139 4349 Ac
2170 4291 2336 4364 paulo
2364 4300 2491 4363 post
2525 4308 2539 4346 :

2065 4405 2187 4479 Ipse
2205 4407 2413 4479 quidem
2440 4405 2746 4478 languidus,
2774 4411 2824 4460 et
2847 4403 3107 4479 obscurus
3124 4423 3138 4460 :
3158 4411 3339 4479 utpote
3357 4417 3450 4479 per
3466 4400 3647 4454 lunam

2065 4472 2498 4535 Observantibus.
2531 4472 2909 4534 Verumtamen
2932 4491 3025 4545 per
3059 4472 3328 4546 cingulum
3366 4472 3647 4546 deprellen-

3222 4543 3370 4617 [dere
3385 4543 3578 4611 poteris

385 4621 773 4695 Ἀνδρομέδης
796 4638 810 4653 ο
839 4622 1051 4693 ὀλίγον
1082 4621 1194 4691 ⁸γὰρ
1222 4622 1325 4677 ὑπ’
1349 4620 1544 4691 αὐτὴν
1569 4622 1915 4692 ἐστήρικται
1939 4637 1953 4652 ·

2061 4617 2414 4677 Andromeda
2433 4636 2453 4676 :
2481 4618 2625 4674 haud
2656 4619 2806 4691 longe
2835 4618 2973 4674 enim
2996 4614 3092 4672 sub
3122 4578 3580 4683 ipsdgls‘igtuswest

372 4740 470 4795 καί
497 4739 660 4794 πάλιν
683 4753 699 4771 ⁶

375 4858 543 4911 Ἔστι
564 4855 632 4910 δέ
656 4872 746 4911 τοι
766 4855 867 4910 καὶ
887 4853 969 4909 ἐτ’
995 4853 1151 4910 ἄλλο
1173 4852 1537 4925 τετυγμένον
1563 4852 1765 4925 ἐγγύθι
1789 4848 1959 4925 σῆμα

369 4930 695 4991 Δελτωτὸν,
734 4925 1077 4995 πλευρῇσιν
1110 4923 1535 4995 ῑσαιομένῃσιν
1555 4923 1753 4995 ἐοικρς

383 4996 794 5069 Ἀμφοτέραις·
825 4996 865 5064 ή
889 4993 964 5049 ίὸ*
995 4997 1069 5051 οῦ
1112 5012 1168 5050 τι
1214 4995 1370 5064 τόση
1389 4993 1416 5062 ,“
1453 4993 1623 5064 μάλα
1677 4993 1732 5047 δ’
1749 4994 1959 5136 ἓξὲξ

370 5136 670 5207 Εὐρέσθιιι
692 5153 708 5168 ο
738 5137 871 5207 περὶ
902 5136 1014 5207 γὰρ
1039 5134 1279 5191 πολέων
1302 5137 1630 5207 εὐαστερός
1648 5136 1844 5190 ἐστιν.

376 5201 500 5263 Τῶῖν
527 5201 734 5280 Miror
762 5201 948 5277 Κριοῦ
974 5201 1312 5278 ῖνοτιώτεροι
1338 5201 1591 5275 ἀστέρες
1611 5207 1793 5264 εἰσιν.

381 5321 523 5376 Ἀλλ’
554 5323 616 5377 ού
641 5323 800 5395 χρεία
832 5322 1191 5395 σημειοῦσθαι
1222 5322 1317 5377 τὸν
1347 5323 1519 5396 Κριὸν
1544 5324 1609 5378 ἐκ
1632 5322 1858 5377 τούτων.
1893 5324 1956 5377 υἱ

367 5413 479 5487 γὰρ
511 5415 569 5469 ὲν
598 5417 666 5487 τῇ
702 5414 911 5487 κεφαλῇ
953 5413 1119 5468 αὑτοῦ
1170 5412 1414 5485 κείμενοι
1452 5410 1685 5486 ἀστέρες
1725 5420 1775 5485 γ’
1818 5414 1957 5487 λαμ-

454 5594 493 5627 sa
513 5594 554 5664 [ο
591 5595 653 5649 τδ
679 5592 743 5665 ιβ’
778 5592 988 5666 μόριον.
1058 5591 1105 5626 ⁸⁸
1132 5592 1176 5663 f.
1205 5591 1281 5655 ὡς
1311 5591 1369 5646 δὲ
1389 5590 1635 5658 Εὔδοξος.

439 5752 554 5821 (58)
597 5752 670 5808 ἸΙ
691 5752 760 5807 δὲ
796 5754 946 5809 κατὰ
977 5752 1084 5807 τὸν
1108 5749 1407 5815 Εὔδοξον.
1438 5747 1607 5805 Recte
1636 5746 1936 5821 castigat/if

2059 4730 2193 4787 Item
2219 4750 2235 4786 ι

2061 4846 2161 4901 Est
2189 4864 2307 4903 vero
2334 4856 2385 4902 et
2414 4845 2565 4900 aliud
2589 4845 2909 4917 dispositum
2943 4861 3109 4917 prope
3134 4845 3345 4916 signum

2060 4917 2332 4985 Deltoton,
2358 4918 2612 4972 lateribus
2634 4916 2926 4988 w’qualibus
2966 4916 3140 4971 simile

2062 4980 2366 5058 Ambobus;
2394 4988 2608 5045 tertium
2629 4980 2748 5044 vero
2764 5005 2866 5043 non
2890 4998 3118 5043 tantum.
3146 4987 3349 5127 Tantali;
3362 4980 3648 5106 οιίὶιιοιέιιιπι

3344 5070 3424 5108 ac:
3451 5069 3478 5106 e
3497 5069 3525 5106 e

3344 5069 3478 5108 acue
3497 5069 3525 5106 e

2066 5131 2310 5200 Inventa,
2335 5149 2446 5202 pra
2476 5133 2659 5189 multis
2683 5132 2821 5185 enim
2854 5129 3118 5202 fulgidum
3155 5136 3254 5181 est.

2065 5205 2270 5273 Quibus
2298 5195 2579 5274 paululum
2604 5203 2804 5257 Arietis
2837 5195 3186 5256 australiores
3215 5195 3385 5251 stella:
3418 5201 3561 5248 sunt.

2139 5323 2297 5393 107
2323 5323 2503 5393 Atque
2535 5321 2675 5376 nihil
2708 5319 2951 5375 Arietem
2984 5331 3047 5372 es
3072 5314 3182 5372 illis
3203 5312 3386 5368 notari
3418 5320 3649 5364 necesse

2063 5423 2169 5472 est.
2206 5413 2341 5469 Nam
2377 5428 2498 5486 qua
2524 5418 2654 5470 sunt
2690 5412 2749 5467 in
2780 5410 2905 5482 ejus
2937 5407 3119 5479 capite
3151 5415 3287 5473 tres,
3309 5400 3646 5476 splendidio-

2044 5746 2207 5818 paulo
2234 5745 2414 5818 minus
2444 5750 2600 5818 parte
2634 5741 2820 5799 tertia.
2850 5738 3165 5818 Vide_l_ipri
3188 5737 3356 5811 hujus
3379 5750 3534 5795 num.
3568 5732 3643 5802 Χ,

371 5811 493 5878 mus
530 5811 583 5877 in
611 5824 1230 5894 nota-marginaliJﬁam
1264 5811 1521 5894 Eudoxus
1543 5835 1610 5875 ex
1636 5811 1936 5894 Hipparchi
2043 5811 2097 5875 et
2115 5834 2237 5890 qua
2265 5816 2410 5874 infra
2439 5811 2791 5888 disputamus
2826 5812 2936 5870 col.
2969 5811 3129 5868 1347.

372 5895 823 5965 interpretatione
868 5890 1032 5967 caput
1088 5892 1241 5951 Ursa
1287 5892 1594 5949 collocabat
1646 5890 1705 5947 in
1733 5890 1935 5947 Leonis
