4130 6410
506 404 641 469 £03!

1533 408 1624 466 AD
1661 404 1936 469 EUSEBII
1974 404 2375 470 CHRONICON
2412 412 2779 472 APPENDIX.

3633 425 3779 482 1052

503 545 595 586 res
631 537 760 584 sunt
788 527 856 585 iis
881 538 1002 600 quae
1038 537 1164 585 sunt
1192 519 1251 582 in
1306 521 1669 586 Andromeda
1699 531 1922 602 cingulo
1965 547 1980 584 :
2019 547 2082 588 ac

2190 532 2444 605 πρότεροι
2478 536 2583 588 εισι
2619 534 2730 588 τῶν
2757 536 2816 590 tv
2844 536 2909 606 τῇ
2941 534 3087 609 ζώνῃ
3117 536 3217 608 τῆς
3248 536 3604 610 ⁹Δνδρομέεδςιις·
3627 556 3642 572 ·
3684 541 3782 610 έγ-

503 621 753 692 proxime
783 619 850 674 ad
877 635 969 676 eas
995 619 1262 675 accedunt
1295 635 1418 690 quae
1476 621 1531 675 in
1577 622 1856 694 triangulo
1899 635 2030 681 sunt
2068 643 2081 679 :

504 719 566 767 ut
595 713 664 766 ab
690 711 769 766 eis
799 726 908 765 non
937 709 1167 764 multum
1194 718 1558 780 superentur;
1593 712 1688 767 sed
1723 722 1778 768 et
1834 714 1925 768 illa
1974 729 2090 783 pra:

503 807 717 860 caeteris
751 803 1047 873 conspicua
1085 811 1191 868 est,
1241 818 1364 873 qua:
1420 803 1477 858 in
1538 805 1908 862 anterioribus
1940 806 2090 862 illius

503 898 734 968 pedibus
763 904 846 951 est
869 897 1066 966 posita.
1096 894 1261 951 Falso
1298 896 1526 967 insuper
1556 904 1611 952 et
1652 897 1788 952 illud
1812 898 1882 953 ab
1919 899 2090 954 Arato

500 991 708 1045 dictum
735 998 820 1044 est
847 1005 858 1040 :

506 1101 630 1156 Illa:
653 1118 770 1156 vero
794 1099 966 1154 adhuc
991 1101 1261 1168 anterius;
1290 1111 1546 1172 praeterea
1571 1112 1744 1156 autem
1773 1102 1826 1154 in
1861 1117 2088 1170 procur-

1643 1172 1810 1244 [sibus
1837 1174 2010 1228 austri

505 1241 730 1297 Pisc'es..
745 1281 758 1295 .

572 1335 708 1389 Nam
742 1350 1086 1406 nequaquam
1134 1337 1296 1391 ambo
1324 1343 1455 1392 sunt
1481 1335 1668 1392 Pisces
1723 1335 2088 1392 australiores

499 1427 725 1493 Ariete,
757 1431 851 1484 sed
910 1445 1052 1484 unus
1095 1430 1361 1483 duntaxat
1399 1431 1642 1486 illorum.
1703 1427 1918 1483 Etenim
1965 1445 2089 1500 quae

502 1528 630 1572 sunt
667 1520 720 1572 in
749 1530 930 1575 rostro
965 1521 1290 1576 borealioris
1313 1519 1577 1584 Piscium,
1614 1520 1777 1589 paulo
1810 1535 1935 1573 cum
1973 1521 2087 1574 sint

500 1613 859 1666 australiores
885 1612 1214 1667 succedente
1245 1627 1433 1667 carum
1460 1628 1581 1682 qua:
1614 1611 1667 1666 in
1725 1612 2088 1667 Andromeda:

501 1705 721 1774 cingulo
743 1719 770 1756 ιι
804 1693 1216 1773 septentrionali
1254 1705 1377 1774 polo
1405 1705 1615 1758 distant
1673 1704 1923 1774 partibus
1970 1703 2038 1757 70
2066 1723 2080 1771 ;

501 1796 836 1849 antecedens
861 1807 989 1849 vero
1013 1811 1200 1849 carum
1235 1811 1355 1865 quae
1378 1806 1506 1849 sunt
1540 1797 1593 1848 in
1629 1794 1804 1848 cauda
1836 1796 2005 1849 distat
2055 1810 2086 1848 a

2193 639 2356 690 γιστα
2379 624 2435 677 δὲ
2458 625 2551 677 καὶ
2584 625 2692 678 τῶν
2729 627 2786 679 tv
2810 625 2888 696 τῷ
2911 627 3162 700 τριγώνῳ
3213 631 3275 683 οὐ
3303 631 3437 684 πολὺ
3465 630 3781 703 λειπόμενοι

2193 714 2393 769 αὐτῶν.
2444 715 2640 780 Καλῶς
2679 717 2736 770 δέ
2781 718 2927 771 ἐστιν
2971 720 3210 792 ἐκφανὴς
3238 723 3332 775 καὶ
3367 725 3395 776 6
3443 725 3500 776 tv
3541 728 3650 788 τοῖς
3677 726 3780 796 έμ-

2191 808 2471 880 προσθίοις
2504 808 2668 863 αὑτοῦ
2712 811 2837 864 ποσὶ
2877 812 3145 882 κείμενος.
3184 815 3409 880 Ψευδῶς
3458 815 3515 870 δὲ
3558 817 3780 885 λέγεται

2191 902 2286 955 καὶ
2312 901 2485 955 ταῦτα
2510 903 2614 956 ὑπὸ
2635 903 2730 956 τοῦ
2777 904 3005 975 Ἀράτου
3029 921 3044 935 ⁸

2195 1108 2259 1160 οι
2290 1103 2342 1159 δ’
2377 1104 2466 1174 ἄρ’
2495 1106 2580 1159 ἔτι
2605 1105 2892 1174 προτέρωο
2925 1105 3013 1160 ἔτι
3037 1107 3090 1160 δ’
3118 1108 3188 1161 tr
3213 1107 3547 1179 προϐολῇσι
3575 1110 3778 1165 rotato

2201 1241 2514 1311 Ἰχθύες....

2261 1337 2334 1390 Οὐ
2366 1336 2474 1406 γὰρ
2493 1336 2790 1407 ἀμφότεροι
2804 1335 3111 1406 νοτιώτεροί
3139 1337 3242 1388 εἰσι
3259 1334 3353 1388 τοῦ
3375 1334 3568 1407 Κριοῦ,
3604 1335 3720 1388 ἀλλ’
3743 1337 3780 1389 ὁ
3817 1334 3824 1340 ’

2189 1422 2270 1493 εἷς
2302 1430 2500 1483 αὐτῶν.
2539 1429 2644 1482 Τοῦ
2691 1429 2799 1501 γὰρ
2830 1429 3167 1500 βορειοτέρου
3203 1428 3404 1499 Ἰχθύος
3441 1429 3491 1481 οἱ
3541 1427 3639 1498 μὲν
3680 1426 3779 1480 ἐπὶ

2188 1521 2282 1574 τοῦ
2324 1517 2577 1594 ῥύγχους,
2626 1522 2808 1594 μικρῷ
2852 1522 3160 1592 νοτιώτεροι
3191 1523 3340 1584 ὅντες
3373 1520 3466 1574 τοῦ
3505 1513 3776 1589 ἑπομένου

2187 1613 2294 1666 τῶν
2335 1617 2391 1667 tv
2427 1617 2492 1684 τῇ
2540 1613 2682 1686 ζώνῃ
2715 1615 2815 1685 τῆς
2853 1615 3229 1686 Ἀνδρομέδας,
3271 1613 3380 1668 ἀπὸ
3415 1612 3510 1666 τοῦ
3563 1612 3778 1684 βορείου

2189 1706 2353 1759 πόλου
2396 1707 2656 1776 ἀπέχουσι
2713 1707 2822 1777 μοί.
2858 1707 2920 1759 οὀ
2955 1709 2983 1760 ό
3026 1707 3081 1759 δὲ
3124 1705 3428 1776 ἡγούμενος
3471 1704 3578 1758 τῶν
3621 1707 3677 1757 tv
3704 1706 3775 1774 τῇ

2187 1800 2323 1872 οὐρᾷ
2348 1801 2538 1870 ἀπέχει
2563 1799 2656 1852 τοῦ
2689 1799 2911 1870 βορείου
2927 1798 3090 1851 πόλου
3119 1798 3230 1868 μοί.
3253 1803 3330 1865 οη⁰
3348 1814 3361 1826 ·
3390 1795 3499 1849 τῶν
3523 1795 3584 1848 δὲ
3612 1796 3668 1847 tv
3695 1793 3778 1864 τῷ

500 1892 628 1959 polo
651 1891 854 1944 boreali
885 1890 1135 1960 partibus
1163 1887 1263 1954 78;
1292 1890 1577 1943 stellarum
1609 1904 1774 1959 porro
1803 1905 1924 1958 qua:
1957 1896 2082 1942 sunt

2188 1893 2343 1963 Κριῷ
2360 1893 2650 1964 ἀστέρωνό
2683 1892 2780 1962 μὲν
2805 1891 3140 1962 βορειότερος
3166 1890 3259 1942 καὶ
3281 1889 3374 1941 ἐπὶ
3411 1887 3505 1942 τοῦ
3539 1885 3780 1957 ῥύγχους

501 1981 556 2036 in
590 1983 770 2036 Ariete
803 1982 1074 2035 borealior
1101 1985 1153 2034 in
1190 1990 1370 2035 rostro
1410 1982 1514 2035 sita
1568 1982 1724 2035 abest
1753 1995 1782 2033 a
1814 1982 1939 2050 polo
1963 1996 2088 2050 par-

500 2074 648 2128 tibus
677 2075 837 2143 paulo
882 2073 1064 2126 minus
1102 2071 1168 2125 78
1223 2091 1237 2126 :
1276 2073 1356 2126 sic
1401 2073 1564 2126 etiam
1593 2088 1651 2126 se
1695 2073 1857 2127 habet
1894 2086 2087 2128 earnm

501 2183 623 2236 quae
659 2173 786 2220 sunt
827 2165 881 2218 in
938 2166 1112 2219 cauda
1149 2165 1443 2220 borcalior.
1492 2165 1558 2218 At
1588 2180 1708 2233 quae
1762 2180 1858 2234 per
1911 2172 2087 2218 totum

500 2273 702 2328 corpus
726 2257 930 2311 Arietis
961 2259 1147 2310 insunt
1179 2257 1367 2319 stella,
1406 2271 1597 2310 omnes
1651 2256 1760 2310 illis
1795 2256 2085 2310 anstralio-

501 2366 589 2405 res
629 2357 773 2403 sunt.
807 2347 987 2413 Quare
1017 2364 1125 2402 non
1157 2349 1382 2402 dubium
1402 2356 1486 2403 est
1514 2348 1646 2419 quin
1677 2343 1918 2404 Piscium
1951 2348 2088 2402 alter

502 2441 574 2497 sit
597 2441 782 2496 Ariete
805 2441 1099 2495 borealior.

573 2533 772 2590 Verum
825 2531 970 2603 quod
1008 2531 1073 2586 ad
1107 2532 1346 2587 Arietem
1395 2531 1638 2602 spectat,’
1681 2531 1736 2586 in
1791 2531 1876 2586 his
1908 2530 2083 2586 Attali

498 2628 684 2684 verbis
714 2628 883 2682 altera
909 2627 1132 2697 insuper
1163 2625 1384 2680 inscitia
1411 2631 1516 2680 est.
1548 2643 1567 2676 ι
1605 2624 1742 2678 Cum
1774 2625 1922 2679 enim
1964 2625 2087 2678 ani-

502 2718 872 2774 madverteret
897 2717 1138 2772 Arietem
1162 2732 1338 2786 neque
1367 2717 1500 2770 salis
1521 2730 1785 2786 expresse
1840 2715 2085 2770 delinea-

499 2819 640 2873 tum,
674 2824 848 2879 neque
879 2807 1081 2862 lucidis
1125 2808 1304 2861 stellis
1341 2822 1466 2862 esse
1497 2807 1783 2876 praeditum
1804 2847 1821 2872 ,
1854 2821 1976 2877 quae
2000 2805 2085 2859 lu-

497 2908 658 2956 cente
683 2900 810 2954 luna
836 2900 1050 2970 plenam
1073 2899 1292 2952 videndi
1320 2899 1405 2953 sui
1439 2901 1652 2969 copiam
1681 2897 1890 2952 faciant
1917 2915 1931 2965 ;
1959 2913 2085 2953 cum

498 2993 988 3065 propinquioribus
1018 2992 1250 3048 estellis
1300 2992 1466 3047 situm
1534 2993 1752 3046 illarum
1807 2993 2086 3062 explicare

499 3087 721 3154 nititur,
763 3095 878 3141 tum
910 3102 980 3140 ex
1012 3086 1078 3140 iis
1112 3101 1234 3156 qua:
1266 3086 1321 3139 in
1354 3085 1545 3139 eodem
1573 3101 1700 3140 cum
1733 3085 1920 3140 Ariete
1973 3086 2084 3139 cir-

498 3177 626 3232 culo
662 3184 973 3230 moventur.
1012 3194 1030 3226 ι
1073 3173 1180 3229 Sed
1214 3183 1273 3228 ut
1295 3174 1542 3227 omittam
1575 3173 1786 3227 lucidas
1817 3174 1871 3227 in
1899 3173 2083 3228 Ariete

2192 1984 2440 2054 κείμενος
2489 1985 2680 2054 ἀπέχει
2727 1986 2923 2055 μοίρας
2971 1983 3151 2054 μικρῷ
3194 1983 3485 2045 λειπούσας
3512 1981 3619 2034 τῶν
3650 1988 3774 2048 or,"

2191 2077 2391 2146 ὁμοῖως
2416 2077 2472 2130 δὲ
2502 2075 2675 2147 τούτῳ
2718 2077 2812 2129 καὶ
2845 2080 2873 2130 6
2908 2077 3242 2147 βορειότερος
3275 2077 3382 2130 τῶν
3412 2077 3468 2128 ὲν
3498 2078 3562 2144 τῇ
3611 2075 3774 2146 οὐρᾷ.

2191 2169 2253 2220 Οἱ
2281 2168 2336 2220 δὲ
2376 2170 2432 2219 tv
2459 2167 2564 2238 ὅλῳ
2606 2167 2684 2238 τῷ
2713 2168 2923 2238 σώματι
2970 2169 3210 2238 κείμενοι
3240 2167 3335 2220 τοῦ
3363 2165 3533 2237 Κριοῦ
3574 2166 3778 2228 πάντες

2191 2261 2298 2312 εἰσὶ
2343 2259 2650 2333 νοτιώτεροι
2692 2260 2916 2314 τούτων.
2951 2261 3119 2332 Δῆλον
3167 2256 3259 2313 οὖν
3310 2261 3391 2312 ὅτι
3435 2257 3778 2330 βορειότερός

2189 2350 2338 2403 ἐστιν
2368 2353 2396 2404 ό
2418 2347 2497 2414 εἷς
2521 2352 2630 2404 τῶν
2672 2351 2893 2422 Ἰχθύων
2925 2351 3020 2404 τοῦ
3048 2350 3238 2422 Κριοῦ.

2272 2530 2360 2585 Ἐν
2383 2530 2440 2584 δὲ
2469 2533 2582 2594 τοῖς
2609 2533 2738 2601 περί
2761 2533 2850 2586 τὸν
2884 2531 3055 2604 Κριὸν
3082 2535 3176 2586 καὶ
3203 2535 3232 2586 6
3269 2535 3532 2598 Ἄτταλος
3564 2535 3775 2602 ἀγνοεῖ,

2189 2620 2361 2690 λέγων
2391 2621 2562 2687 οὕτως
2583 2640 2596 2654 ο
2635 2643 2654 2674 r
2688 2625 2983 2677 Κατανοῶν
3008 2625 3064 2678 δὲ
3090 2626 3183 2678 τὸν
3224 2627 3394 2698 Κριὸν
3449 2626 3572 2679 οὔτε
3613 2629 3776 2697 ἀκρι-

2189 2711 2300 2776 ϐῶς
2325 2713 2814 2786 διατετυπωμένον,
2845 2715 2967 2769 οὔτε
2990 2717 3275 2788 λαμπροὺς
3295 2719 3531 2788 ἀστέρας
3558 2718 3773 2788 ἔχοντα,

2187 2805 2516 2876 δυναμένους
2561 2807 2619 2862 δὲ
2664 2809 2758 2862 καὶ
2789 2810 2846 2862 έν
2880 2809 3075 2883 σελήνῃ
3121 2809 3390 2881 λαμπρῶς
3429 2810 3774 2882 θεωρεῖσθαι,

2187 2898 2276 2952 διά
2299 2916 2360 2952 τε
2388 2899 2497 2953 τῶν
2515 2901 2935 2971 παρακειμένων
2966 2902 3209 2971 ἀστέρων
3228 2905 3482 2974 πειρᾶται
3505 2904 3605 2974 τὴν
3621 2903 3777 2956 θὲσιν

2187 2989 2364 3042 αὐτῶν
2379 2990 2662 3060 διασαφεῖν
2683 3030 2700 3056 ,
2730 2992 2823 3044 καὶ
2845 2991 2932 3044 διὰ
2950 2992 3056 3044 τῶν
3089 2993 3177 3044 τὸν
3199 2994 3360 3046 αὐτὸν
3393 2994 3542 3063 αὐτῷ
3571 2993 3776 3046 κύκλον

2189 3083 2524 3155 φερομένων.
2559 3103 2578 3135 ι
2623 3085 2806 3156 Χωρὶς
2844 3084 2953 3155 γάρ
2989 3084 3084 3138 τοῦ
3123 3085 3411 3157 λαμπροὺς
3432 3086 3593 3138 αὑτὸν
3626 3085 3775 3156 ἔχειν

2187 3173 2443 3244 ἀστέρας,
2469 3174 2597 3237 τοὺς
2627 3174 2684 3227 tv
2711 3177 2777 3244 τῇ
2809 3175 3040 3246 κεφαλῇ,
3067 3175 3143 3238 ὡς
3179 3176 3408 3246 ἔφαμεν,
3441 3177 3534 3228 καὶ
3559 3177 3685 3239 τοὺς
3709 3178 3775 3228 tv

499 3265 688 3320 stellas
717 3281 862 3328 esse,
884 3280 1005 3334 qua:
1035 3271 1185 3328 sunt,
1240 3271 1300 3316 ut
1331 3264 1594 3327 diximus,
1624 3263 1676 3316 in
1706 3265 1920 3333 capite,
1982 3277 2082 3317 nec

2187 3267 2298 3328 τοῖς
2327 3266 2694 3336 ’ἐμπροσθίοις
2735 3268 2880 3331 ποσὶ,
2914 3269 3007 3320 καὶ
3041 3268 3436 3338 ἀπεκδέχεσθαί
3481 3285 3570 3338 μοι
3597 3267 3772 3331 δοκεῖ,

497 3371 609 3411 non
641 3357 694 3410 in
721 3357 1092 3412 anterioribus
1128 3355 1360 3426 pedibus
1398 3374 1411 3408 :
1449 3355 1581 3408 illud
1607 3356 1769 3410 etiam
1797 3370 2081 3425 perperam

497 3448 777 3517 accepisse
818 3447 1053 3511 videtur,
1091 3449 1413 3502 existimans
1461 3448 1627 3502 situm
1661 3447 1865 3502 Arietis
1897 3446 2084 3500 decla-

496 3555 652 3595 rasse
674 3551 888 3609 poetam
921 3538 1272 3609 perspicuum
1317 3539 1433 3593 fore
1477 3539 1544 3594 iis
1575 3555 1604 3592 e
1633 3540 1809 3594 stellis
1859 3554 1980 3609 qute
2025 3539 2080 3592 in

497 3633 688 3688 eodem
722 3647 847 3686 cuin
878 3632 996 3702 ipso
1016 3633 1225 3686 circulo
1256 3631 1508 3685 feruntur
1537 3651 1548 3684 :
1582 3632 1743 3700 cujus
1783 3631 1863 3685 rei
1905 3631 2080 3701 gratia

497 3723 632 3777 illud
665 3725 938 3779 observat.
976 3721 1178 3777 Verum
1233 3723 1383 3794 quod
1431 3723 1672 3778 Arictem
1721 3724 2082 3794 consequitur

495 3830 797 3887 exponens,
825 3820 930 3871 ista
951 3816 1177 3884 subjicit
1213 3834 1225 3870 :

571 3927 638 3999 In
667 3928 836 3982 medio
867 3945 984 3983 vero
1022 3931 1142 3982 terit
1173 3932 1352 3999 ingens
1381 3929 1566 3982 malum
1593 3944 1610 3982 :
1643 3929 1733 3983 ubi
1761 3938 2012 3984 extrema:

571 3998 766 4062 Chelaz,
794 4009 843 4054 et
878 4001 1146 4070 cingulum
1181 3998 1352 4053 oritur
1387 3999 1629 4058 Orionis.

566 4114 706 4172 XIV.
733 4115 789 4171 In
826 4117 1182 4188 sequentibus
1218 4131 1349 4171 vero
1384 4116 1528 4172 alius
1585 4129 1744 4170 error
1781 4123 1869 4170 est
1899 4112 2076 4182 Arati,

497 4224 623 4266 cum
649 4210 716 4265 de
749 4208 950 4265 Perseo
973 4211 1052 4264 sic
1076 4209 1316 4280 loquitur
1353 4227 1367 4263 :

567 4324 818 4380 Proxime
849 4341 966 4377 vero
993 4325 1269 4378 sinistrum
1301 4339 1436 4395 genu
1468 4321 1762 4377 admodum
1785 4339 1963 4378 omnes

573 4395 817 4466 Vergilio:
847 4395 1113 4464 feruntur.

562 4485 699 4542 Nam
749 4487 910 4557 longe
955 4487 1107 4541 abest
1147 4501 1176 4539 a
1231 4484 1490 4556 Vergiliis
1554 4485 1842 4541 sinistrum
1887 4483 2075 4540 Persei

2189 3358 2586 3430 ὑπολαμϐάνων
2619 3359 2900 3429 διασαφεῖν
2944 3361 3108 3414 αὑτὸν
3147 3361 3245 3432 τὴν
3279 3360 3428 3413 θέσιν
3461 3359 3552 3412 τοῦ
3596 3360 3772 3428 Κριοῦ

2187 3452 2426 3522 φανερὰν
2456 3451 2674 3506 ἔσεσθαι
2706 3452 2794 3505 διά
2828 3451 2936 3505 τῶν
2968 3452 3057 3505 τὸν
3083 3451 3245 3506 αὐτὸν
3285 3452 3483 3506 κύκλον
3509 3451 3585 3521 τῷ
3611 3451 3774 3521 Κριῴ

2186 3543 2502 3614 φερομένων
2526 3561 2538 3576 ·
2571 3545 2666 3596 καὶ
2704 3543 2892 3596 τούτου
2919 3545 3080 3614 χάριν
3120 3545 3564 3614 ἐπισημαίνεται.
3605 3543 3772 3596 Ἀλλά

2182 3636 2245 3688 τὸ
2318 3636 2702 3707 παρεπόμενον
2754 3637 2833 3708 τῷ
2906 3636 3062 3707 Κριῷ
3127 3635 3445 3706 διασαφῶν,
3524 3635 3773 3703 ἐπιλέγει

2183 3728 2356 3792 οὕτως
2373 3743 2389 3761 ⁶

2182 3930 2449 3983 Μεσσόθι
2487 3928 2555 3982 δὲ
2588 3929 2768 3997 τρίϐει
2796 3927 2988 3998 μέγαν
3012 3927 3290 3996 οιῖρανέν,
3315 3920 3421 3998 ᾗχί
3445 3943 3554 3996 περ
3589 3926 3774 3995 ἄκραι

2060 4056 2070 4069 ι
2180 4001 2370 4067 Χηλιιι
2404 4000 2501 4054 καὶ
2539 4000 2686 4068 ζώνη
2723 4000 3132 4068 περιτέλλεται
3184 3999 3478 4066 Ὠρίωνος.

2251 4111 2349 4166 1Δ’.
2392 4113 2478 4166 Ἐν
2513 4113 2568 4166 δὲ
2601 4115 2714 4176 τοῖς
2743 4111 2871 4183 ἑξῆς
2891 4113 3075 4180 ἁγνοεῖ
3101 4114 3130 4165 6
3157 4112 3410 4182 Ἄρατος,
3440 4111 3614 4179 λέγων
3638 4111 3772 4182 περὶ

2178 4203 2273 4256 τοῦ
2301 4204 2555 4275 Περσέως
2573 4217 2588 4232 ⁸

2253 4321 2414 4389 Ἀγχι
2447 4319 2513 4372 δέ
2541 4323 2594 4374 οἱ
2623 4319 2843 4388 σκαιῆς
2874 4315 3254 4386 ἐπιγουνίδος
3291 4315 3471 4384 ἤλιθα
3501 4311 3695 4369 πᾶσαι

2249 4390 2546 4458 Πλητάδες
2577 4391 2908 4459 φορέονται.

2249 4482 2390 4536 Πολὺ
2433 4481 2541 4551 γάρ
2585 4481 2780 4550 ἀπέχει
2813 4481 2874 4534 τὸ
2907 4479 3190 4550 ἀριστερὸν
3219 4477 3348 4546 γόνυ
3387 4474 3480 4528 τοῦ
3508 4473 3772 4546 Περσέως

493 4595 653 4652 genu.
685 4580 903 4633 Attalus
947 4595 1080 4634 vero
1140 4580 1305 4634 etiam
1364 4579 1689 4649 particulam
1732 4579 1861 4647 ἄγχι
1910 4583 2072 4647 negat

2187 4573 2286 4628 ἀπὸ
2310 4572 2418 4626 τῶν
2450 4572 2752 4642 Πληϊάδων.
2809 4573 2866 4625 ὐ
2890 4571 2945 4625 δὲ
2975 4571 3240 4634 Ἀτταλός
3283 4585 3412 4640 φησι
3449 4567 3582 4639 μηδὲ
3617 4567 3772 4620 ἐνδέ-

493 4672 750 4741 usurpari
775 4685 873 4740 pro
906 4685 972 4726 eo
999 4670 1145 4740 quod
1183 4680 1264 4725 est
1298 4686 1487 4739 prOpe,‘
1533 4670 1629 4724 sed
1663 4669 1804 4723 idem
1847 4685 1969 4724 esse
2010 4684 2073 4725 ac

490 4765 747 4833 proxime.
793 4761 955 4816 Putat
1027 4763 1174 4816 enim
1237 4760 1493 4832 Vergiliis
1541 4761 2075 4831 propinquissiinum

492 4855 736 4910 omnium
760 4855 1038 4909 stellarum
1057 4869 1179 4909 esse
1209 4869 1347 4924 genu
1366 4853 1672 4908 sinistrum.
1693 4851 1855 4905 Falso
1878 4852 1928 4905 id
1959 4851 2075 4922 qui-

490 4948 637 5004 dem.
660 4947 868 5001 Etenim
897 4947 1018 5002 duaa
1035 4947 1244 5012 ιυοίόιε,
1269 4962 1390 5016 qua:
1409 4955 1537 5001 sunt
1555 4947 1608 4999 in
1632 4946 1860 5000 sinistro
1883 4943 2072 5000 Persei

492 5037 650 5105 pede,
684 5044 800 5090 tum
833 5053 955 5106 qua:
1009 5037 1064 5090 in
1123 5037 1346 5091 sinistra
1410 5036 1563 5100 tibia,
1615 5037 1905 5106 propiores
1945 5043 2074 5092 sunt

493 5127 749 5201 Vergiliis
771 5145 932 5200 quam
954 5145 1095 5200 genu
1120 5129 1406 5184 sinistrum
1421 5168 1435 5182 .

559 5307 657 5363 Est
691 5306 746 5362 id
774 5307 938 5363 etiam
966 5307 1121 5361 Arati
1149 5305 1664 5378 falsum,Vergilias
1699 5322 1794 5363 sex
1823 5314 2074 5364 tantum-

488 5399 654 5456 modo
681 5407 935 5456 constare
966 5400 1162 5464 stellis,
1185 5400 1388 5471 quippe

656 5521 871 5581 septem,
902 5513 1099 5582 inquit,
1125 5513 1234 5568 illw
1263 5522 1439 5582 aperte
1472 5520 1746 5578 uocantur,

559 5579 666 5635 Sea:
695 5582 824 5636 solae
843 5583 1079 5653 quamvis
1105 5583 1364 5639 exsistant
1397 5585 1695 5654 conspicua:
1723 5582 1918 5642 oculis.

552 5689 659 5748 Sed
684 5695 786 5750 hoc
817 5697 1148 5769 illumingit.
1183 5696 1318 5753 Nam
1364 5700 1408 5755 si
1449 5701 1574 5773 quis
1604 5715 1797 5773 serena
1831 5708 1884 5755 et
1913 5697 2071 5754 illuni

483 5789 651 5837 nocte
695 5784 941 5851 intendat
979 5790 1190 5855 oculos,
1247 5770 1481 5860 septem—
1511 5791 1568 5846 in
1620 5770 1712 5847 illa
1779 5790 2069 5847 constella-

487 5870 636 5929 tione
663 5875 832 5934 stellae
886 5879 1473 5969 contineri‘videntur.
1512 5879 1670 5941 Unde
1719 5882 1871 5942 subit
1923 5879 2061 5941 illud

2179 4665 2368 4737 χεσθαι
2435 4664 2493 4717 τὸ
2541 4662 2681 4732 ἄγχι
2732 4663 2852 4716 ἀντὶ
2885 4662 2978 4716 τοῦ
3043 4662 3257 4732 ἐγγὺς,
3319 4661 3430 4713 ἀλλ’
3484 4659 3607 4712 ἀντὶ
3668 4657 3769 4710 τοῦ

2175 4754 2498 4824 ἐγγυτάτω.
2551 4753 2807 4807 Βούλεται
2859 4753 2969 4824 γάρ
3015 4752 3224 4822 λέγειν,
3289 4751 3472 4821 φησιν,
3527 4751 3770 4819 ἐγγυτά-

2175 4865 2252 4901 τω
2278 4847 2385 4899 τῶν
2424 4847 2708 4917 Πληϊάδων
2746 4846 2960 4899 κεῖσθαι
2985 4845 3046 4898 τὸ
3091 4843 3381 4916 ἀριστερὸν
3428 4843 3556 4911 γόνυ
3610 4843 3770 4912 παρά

2176 4940 2301 5000 τοὺς
2325 4938 2545 5001 λοιποὺς
2576 4937 2835 5008 ἀστέρας.
2861 4938 2975 4990 Οὐκ
3008 4932 3064 4990 εὖ
3091 4937 3145 4988 δὲ
3186 4935 3330 5003 λέγει
3364 4933 3543 4986 τοῦτο.
3569 4935 3632 4987 Οἱ
3656 4934 3770 5005 γὰρ

2177 5032 2234 5082 tv
2267 5029 2344 5100 τῷ
2390 5029 2662 5100 ἀριστερῷ
2698 5029 2817 5082 ποδὶ
2860 5028 2954 5080 τοῦ
2996 5027 3249 5097 Περσέως
3285 5024 3328 5094 β’
3365 5023 3632 5094 λαμπροὶ,
3670 5026 3772 5077 καὶ

2176 5120 2256 5172 ἔτι
2282 5123 2338 5172 tv
2376 5122 2442 5190 τῇ
2487 5120 2749 5190 ἀριστερᾷ
2788 5119 2994 5190 κνήμῃ,
3025 5115 3202 5186 πολλῷ
3228 5113 3471 5181 έγγίονές
3515 5113 3620 5164 εἱσι
3655 5112 3771 5164 τῶν

2176 5212 2459 5282 Πληῖὰδων
2482 5214 2625 5284 ἤπερ
2649 5212 2710 5264 τὸ
2738 5210 3022 5282 ἁριστερὺν
3048 5209 3201 5277 γόνυ.

2245 5305 2473 5368 Ψευδῶς
2509 5304 2567 5357 δὲ
2609 5303 2828 5372 λέγεται
2878 5303 2981 5355 ὑπὸ
3015 5300 3107 5354 τοῦ
3154 5301 3381 5372 Ἀράτου
3431 5299 3526 5352 καὶ
3559 5297 3623 5350 τδ
3667 5297 3770 5361 τὰς

2175 5396 2449 5469 Πληϊάδας
2475 5394 2533 5462 ἒξ
2567 5395 2726 5466 μόνον
2754 5393 2991 5464 ἀστέρας
3025 5392 3333 5463 περιέχεινο

2178 5508 2418 5578 ..ηέπζὰ
2444 5509 2572 5578 γὰρ,
2604 5509 2787 5578 φησιν,
2813 5505 3034 5560 ἐκεῖναι
3062 5502 3391 5572 ἐπιρρήδην
3419 5501 3764 5565 καλέονται,

2180 5579 2290 5644 Ἓξ
2323 5575 2588 5647 οἷαίπερ
2613 5575 2825 5633 ἐοῦσαι
2855 5578 3189 5644 ἐπόψιοι....
3555 5635 3557 5637 _

2244 5693 2512 5750 Λανθάνει
2527 5692 2582 5747 δὲ
2607 5691 2788 5746 αὐτόν.
2813 5688 2904 5760 Τῷ
2923 5688 3031 5758 γὰρ
3047 5685 3353 5740 ἀτενίσαντι
3371 5687 3428 5738 tv
3446 5683 3656 5754 ,αἰθρίῳ
3667 5683 3764 5736 καὶ

2173 5765 2421 5860 ἀσελήνῳ
2466 5786 2624 5840 νυκτὶ
2661 5782 2955 5855 φαίνονται·
2977 5779 3206 5852 ἀστέρες
3247 5777 3292 5843 ζ’
3327 5780 3384 5832 tv
3429 5778 3564 5834 αὒτῆ
3602 5792 3764 5840 περι-

2173 5878 2441 5952 εχόμενοι.
2500 5878 2636 5934 Οθεν
2669 5873 2766 5933 καὶ
2795 5871 3176 5943 διαπορήσειεν
3213 5868 3280 5925 ἀν
3306 5883 3393 5931 τις
3426 5865 3544 5928 πῶς
3571 5877 3602 5918 ο
3626 5865 3763 5920 Ἰτ-
