  <div class='ocr_page' id='page_1' title='image "/cluster/home/n/w/nwhite01/storage/ocr_20150623/19/nnc1.0037127454/538.png"; bbox 0 0 4130 6410; ppageno 0'>
   <div class='ocr_carea' id='block_1_1' title="bbox 339 447 477 504">
    <p class='ocr_par' dir='ltr' id='par_1_1' title="bbox 339 447 477 504">
     <span class='ocr_line' id='line_1_1' title="bbox 339 447 477 504; baseline 0.007 -2"><span class='ocrx_word' id='word_1_1' title='bbox 339 447 477 504; x_wconf 73' lang='grc'><strong>1053</strong></span> 
     </span>
    </p>
   </div>
   <div class='ocr_carea' id='block_1_2' title="bbox 1349 426 2568 495">
    <p class='ocr_par' dir='ltr' id='par_1_2' title="bbox 1349 426 2568 495">
     <span class='ocr_line' id='line_1_2' title="bbox 1349 426 2568 495; baseline -0.012 0"><span class='ocrx_word' id='word_1_2' title='bbox 1349 434 1717 495; x_wconf 79' lang='lat' dir='ltr'><strong>HlPPARC-Hl</strong></span> <span class='ocrx_word' id='word_1_3' title='bbox 1751 433 1843 490; x_wconf 76' lang='lat' dir='ltr'><strong>AD</strong></span> <span class='ocrx_word' id='word_1_4' title='bbox 1869 427 2320 488; x_wconf 72' lang='grc' dir='ltr'><strong>ΡΗᾸΞΝΟΜΕΝᾹ</strong></span> <span class='ocrx_word' id='word_1_5' title='bbox 2360 426 2486 484; x_wconf 83' lang='lat' dir='ltr'><strong>LIB.</strong></span> <span class='ocrx_word' id='word_1_6' title='bbox 2525 428 2568 480; x_wconf 82' lang='lat'><strong>1.-</strong></span> 
     </span>
    </p>
   </div>
   <div class='ocr_carea' id='block_1_3' title="bbox 3429 417 3565 472">
    <p class='ocr_par' dir='ltr' id='par_1_3' title="bbox 3429 417 3565 472">
     <span class='ocr_line' id='line_1_3' title="bbox 3429 417 3565 472; baseline 0 -1"><span class='ocrx_word' id='word_1_7' title='bbox 3429 417 3565 472; x_wconf 67' lang='grc'><strong>1054</strong></span> 
     </span>
    </p>
   </div>
   <div class='ocr_carea' id='block_1_4' title="bbox 312 524 1941 631">
    <p class='ocr_par' dir='ltr' id='par_1_4' title="bbox 312 551 1941 631">
     <span class='ocr_line' id='line_1_4' title="bbox 312 551 1941 631; baseline -0.009 -15"><span class='ocrx_word' id='word_1_8' title='bbox 312 563 513 624; x_wconf 70' lang='grc' dir='ltr'><strong>⁴ταλος,</strong></span> <span class='ocrx_word' id='word_1_9' title='bbox 532 558 893 631; x_wconf 68' lang='grc' dir='ltr'>ἐξηγούμενος</span> <span class='ocrx_word' id='word_1_10' title='bbox 920 557 989 611; x_wconf 77' lang='grc' dir='ltr'>τὰ</span> <span class='ocrx_word' id='word_1_11' title='bbox 1006 573 1071 610; x_wconf 82' lang='grc' dir='ltr'><strong>πε</strong></span> <span class='ocrx_word' id='word_1_12' title='bbox 1081 557 1132 628; x_wconf 77' lang='lat' dir='ltr'><strong>pl.</strong></span> <span class='ocrx_word' id='word_1_13' title='bbox 1147 555 1245 619; x_wconf 88' lang='grc' dir='ltr'><strong>τάς</strong></span> <span class='ocrx_word' id='word_1_14' title='bbox 1267 555 1555 626; x_wconf 75' lang='grc' dir='ltr'><strong>Πληϊάδας,</strong></span> <span class='ocrx_word' id='word_1_15' title='bbox 1575 551 1903 624; x_wconf 77' lang='grc' dir='ltr'><strong>παρέπεμψε</strong></span> <span class='ocrx_word' id='word_1_16' title='bbox 1933 600 1941 617; x_wconf 34' lang='grc' dir='ltr'><em>Α</em></span> 
     </span>
    </p>
   </div>
   <div class='ocr_carea' id='block_1_5' title="bbox 2044 524 3570 631">
    <p class='ocr_par' dir='ltr' id='par_1_5' title="bbox 2044 524 3570 616">
     <span class='ocr_line' id='line_1_5' title="bbox 2044 524 3570 616; baseline -0.009 -15"><span class='ocrx_word' id='word_1_17' title='bbox 2044 547 2214 610; x_wconf 66' lang='grc' dir='ltr'><strong>πίνει-ἰ,</strong></span> <span class='ocrx_word' id='word_1_18' title='bbox 2239 541 2695 616; x_wconf 79' lang='lat' dir='ltr'><strong>quemadmodum</strong></span> <span class='ocrx_word' id='word_1_19' title='bbox 2727 539 2942 594; x_wconf 82' lang='lat' dir='ltr'><strong>Attalus</strong></span> <span class='ocrx_word' id='word_1_20' title='bbox 2963 551 3026 594; x_wconf 84' lang='lat' dir='ltr'><strong>ea</strong></span> <span class='ocrx_word' id='word_1_21' title='bbox 3059 550 3180 607; x_wconf 76' lang='lat' dir='ltr'><strong>qua:</strong></span> <span class='ocrx_word' id='word_1_22' title='bbox 3208 535 3276 592; x_wconf 91' lang='lat' dir='ltr'><strong>de</strong></span> <span class='ocrx_word' id='word_1_23' title='bbox 3311 524 3570 604; x_wconf 70' lang='lat' dir='ltr'><strong>Vergiliis</strong></span> 
     </span>
    </p>
   </div>
   <div class='ocr_carea' id='block_1_6' title="bbox 339 645 1692 723">
    <p class='ocr_par' dir='ltr' id='par_1_6' title="bbox 339 645 1692 723">
     <span class='ocr_line' id='line_1_6' title="bbox 339 645 1692 723; baseline -0.008 -14"><span class='ocrx_word' id='word_1_24' title='bbox 339 654 433 711; x_wconf 73' lang='grc' dir='ltr'>καὶ</span> <span class='ocrx_word' id='word_1_25' title='bbox 463 652 620 707; x_wconf 80' lang='grc' dir='ltr'>τοῦτο</span> <span class='ocrx_word' id='word_1_26' title='bbox 653 652 962 723; x_wconf 81' lang='grc' dir='ltr'><strong>διάπτωμα,</strong></span> <span class='ocrx_word' id='word_1_27' title='bbox 995 649 1069 715; x_wconf 85' lang='grc' dir='ltr'>ὡς</span> <span class='ocrx_word' id='word_1_28' title='bbox 1101 645 1160 702; x_wconf 81' lang='grc' dir='ltr'>εὖ</span> <span class='ocrx_word' id='word_1_29' title='bbox 1197 649 1476 722; x_wconf 76' lang='grc' dir='ltr'><strong>εἰρηκότος</strong></span> <span class='ocrx_word' id='word_1_30' title='bbox 1508 646 1692 700; x_wconf 72' lang='grc' dir='ltr'>αὑτοῦ.</span> 
     </span>
    </p>
   </div>
   <div class='ocr_carea' id='block_1_7' title="bbox 413 816 1907 896">
    <p class='ocr_par' dir='ltr' id='par_1_7' title="bbox 413 816 1907 896">
     <span class='ocr_line' id='line_1_7' title="bbox 413 816 1907 896; baseline -0.01 -13"><span class='ocrx_word' id='word_1_31' title='bbox 413 828 581 883; x_wconf 84' lang='grc' dir='ltr'>Πάλιν</span> <span class='ocrx_word' id='word_1_32' title='bbox 611 844 670 880; x_wconf 85' lang='grc' dir='ltr'><strong>τε</strong></span> <span class='ocrx_word' id='word_1_33' title='bbox 714 829 742 880; x_wconf 90' lang='lat'><strong>6</strong></span> <span class='ocrx_word' id='word_1_34' title='bbox 775 827 1008 896; x_wconf 70' lang='grc' dir='ltr'><strong>ΙἌρατος</strong></span> <span class='ocrx_word' id='word_1_35' title='bbox 1047 840 1105 877; x_wconf 83' lang='grc' dir='ltr'><strong>εν</strong></span> <span class='ocrx_word' id='word_1_36' title='bbox 1143 827 1254 886; x_wconf 76' lang='grc' dir='ltr'>τοῖς</span> <span class='ocrx_word' id='word_1_37' title='bbox 1294 821 1419 890; x_wconf 78' lang='grc' dir='ltr'><strong>ἑξῆς</strong></span> <span class='ocrx_word' id='word_1_38' title='bbox 1449 820 1634 887; x_wconf 78' lang='grc' dir='ltr'>ἀγνοεῖ</span> <span class='ocrx_word' id='word_1_39' title='bbox 1679 818 1772 870; x_wconf 74' lang='grc' dir='ltr'><strong>ἐπὶ</strong></span> <span class='ocrx_word' id='word_1_40' title='bbox 1814 816 1907 869; x_wconf 79' lang='grc' dir='ltr'><strong>τοῦ</strong></span> 
     </span>
    </p>
   </div>
   <div class='ocr_carea' id='block_1_8' title="bbox 346 919 829 994">
    <p class='ocr_par' dir='ltr' id='par_1_8' title="bbox 346 919 829 994">
     <span class='ocr_line' id='line_1_8' title="bbox 346 919 829 994; baseline -0.012 -18"><span class='ocrx_word' id='word_1_41' title='bbox 346 921 598 994; x_wconf 78' lang='grc' dir='ltr'>Ὄρνιθος</span> <span class='ocrx_word' id='word_1_42' title='bbox 625 919 797 987; x_wconf 90' lang='grc' dir='ltr'>λέγων</span> <span class='ocrx_word' id='word_1_43' title='bbox 816 934 829 947; x_wconf 89' lang='grc'><strong>·</strong></span> 
     </span>
    </p>
   </div>
   <div class='ocr_carea' id='block_1_9' title="bbox 355 1029 1772 1101">
    <p class='ocr_par' dir='ltr' id='par_1_9' title="bbox 355 1029 1772 1101">
     <span class='ocr_line' id='line_1_9' title="bbox 355 1029 1772 1101; baseline -0.006 -11"><span class='ocrx_word' id='word_1_44' title='bbox 355 1033 520 1090; x_wconf 72' lang='grc' dir='ltr'><strong>Ἀλλ’</strong></span> <span class='ocrx_word' id='word_1_45' title='bbox 547 1035 580 1086; x_wconf 86' lang='grc' dir='ltr'><em>ό</em></span> <span class='ocrx_word' id='word_1_46' title='bbox 599 1030 716 1101; x_wconf 83' lang='grc' dir='ltr'><strong>μὲν</strong></span> <span class='ocrx_word' id='word_1_47' title='bbox 736 1031 989 1099; x_wconf 76' lang='grc' dir='ltr'>ἠερόεις·</span> <span class='ocrx_word' id='word_1_48' title='bbox 1016 1030 1090 1084; x_wconf 85' lang='grc' dir='ltr'>τὰ</span> <span class='ocrx_word' id='word_1_49' title='bbox 1114 1030 1180 1084; x_wconf 81' lang='grc' dir='ltr'><strong>δέ</strong></span> <span class='ocrx_word' id='word_1_50' title='bbox 1208 1033 1260 1084; x_wconf 82' lang='grc' dir='ltr'>οι</span> <span class='ocrx_word' id='word_1_51' title='bbox 1281 1029 1772 1098; x_wconf 80' lang='grc' dir='ltr'>ἐπιτετρήχηνται</span> 
     </span>
    </p>
   </div>
   <div class='ocr_carea' id='block_1_10' title="bbox 350 1162 1914 1287">
    <p class='ocr_par' dir='ltr' id='par_1_10' title="bbox 350 1162 1914 1287">
     <span class='ocr_line' id='line_1_10' title="bbox 350 1162 1914 1287; baseline -0.005 -64"><span class='ocrx_word' id='word_1_52' title='bbox 350 1169 684 1236; x_wconf 76' lang='grc' dir='ltr'>’Δστρασιν</span> <span class='ocrx_word' id='word_1_53' title='bbox 724 1167 796 1220; x_wconf 82' lang='grc' dir='ltr'>οὔ</span> <span class='ocrx_word' id='word_1_54' title='bbox 842 1183 898 1219; x_wconf 83' lang='grc' dir='ltr'><strong>τι</strong></span> <span class='ocrx_word' id='word_1_55' title='bbox 941 1166 1085 1233; x_wconf 77' lang='grc' dir='ltr'><strong>λίην</strong></span> <span class='ocrx_word' id='word_1_56' title='bbox 1127 1165 1440 1235; x_wconf 75' lang='grc' dir='ltr'>μεγάλοις,</span> <span class='ocrx_word' id='word_1_57' title='bbox 1490 1163 1640 1287; x_wconf 72' lang='grc' dir='ltr'>ἀτὰὲ</span> <span class='ocrx_word' id='word_1_58' title='bbox 1686 1165 1758 1217; x_wconf 83' lang='grc' dir='ltr'>οὐ</span> <span class='ocrx_word' id='word_1_59' title='bbox 1799 1162 1914 1243; x_wconf 54' lang='grc' dir='ltr'><strong>μὲν</strong></span> 
     </span>
     <span class='ocr_line' id='line_1_11' title="bbox 1647 1250 1910 1287; baseline 0 0"><span class='ocrx_word' id='word_1_60' title='bbox 1647 1250 1910 1287; x_wconf 71' lang='grc' dir='ltr'>φαυοοισ.</span> 
     </span>
    </p>
   </div>
   <div class='ocr_carea' id='block_1_11' title="bbox 1644 1250 1910 1303">
    <p class='ocr_par' dir='ltr' id='par_1_11' title="bbox 1644 1250 1910 1303">
     <span class='ocr_line' id='line_1_12' title="bbox 1644 1250 1910 1303; baseline 0.008 -17"><span class='ocrx_word' id='word_1_61' title='bbox 1644 1250 1910 1303; x_wconf 67' lang='grc' dir='ltr'>φαυροις.</span> 
     </span>
    </p>
   </div>
   <div class='ocr_carea' id='block_1_12' title="bbox 348 1346 1912 1421">
    <p class='ocr_par' dir='ltr' id='par_1_12' title="bbox 348 1346 1912 1421">
     <span class='ocr_line' id='line_1_13' title="bbox 348 1346 1912 1421; baseline -0.006 -15"><span class='ocrx_word' id='word_1_62' title='bbox 348 1350 459 1406; x_wconf 79' lang='grc' dir='ltr'><strong>Καὶ</strong></span> <span class='ocrx_word' id='word_1_63' title='bbox 476 1351 584 1421; x_wconf 82' lang='grc' dir='ltr'>γὰρ</span> <span class='ocrx_word' id='word_1_64' title='bbox 607 1348 834 1414; x_wconf 77' lang='grc' dir='ltr'>πολλοὺς</span> <span class='ocrx_word' id='word_1_65' title='bbox 860 1350 952 1403; x_wconf 66' lang='grc' dir='ltr'>καὶ</span> <span class='ocrx_word' id='word_1_66' title='bbox 972 1349 1254 1420; x_wconf 79' lang='grc' dir='ltr'>λαμπροὺς</span> <span class='ocrx_word' id='word_1_67' title='bbox 1268 1347 1500 1420; x_wconf 81' lang='grc' dir='ltr'><strong>ἀστέρας</strong></span> <span class='ocrx_word' id='word_1_68' title='bbox 1521 1346 1630 1417; x_wconf 79' lang='grc' dir='ltr'>ἔχει</span> <span class='ocrx_word' id='word_1_69' title='bbox 1655 1349 1684 1399; x_wconf 87' lang='lat'><strong>6</strong></span> <span class='ocrx_word' id='word_1_70' title='bbox 1707 1347 1912 1416; x_wconf 75' lang='grc' dir='ltr'>Ὀρνιςο</span> 
     </span>
    </p>
   </div>
   <div class='ocr_carea' id='block_1_13' title="bbox 2010 626 3570 702">
    <p class='ocr_par' dir='ltr' id='par_1_13' title="bbox 2010 626 3570 702">
     <span class='ocr_line' id='line_1_14' title="bbox 2010 626 3570 702; baseline -0.011 -9"><span class='ocrx_word' id='word_1_71' title='bbox 2010 639 2154 693; x_wconf 87' lang='lat' dir='ltr'><strong>dicta</strong></span> <span class='ocrx_word' id='word_1_72' title='bbox 2190 645 2338 702; x_wconf 89' lang='lat' dir='ltr'><strong>sunt,</strong></span> <span class='ocrx_word' id='word_1_73' title='bbox 2367 649 2654 700; x_wconf 86' lang='lat' dir='ltr'><strong>enarrans,</strong></span> <span class='ocrx_word' id='word_1_74' title='bbox 2682 633 2782 686; x_wconf 87' lang='lat' dir='ltr'><strong>hoc</strong></span> <span class='ocrx_word' id='word_1_75' title='bbox 2829 637 3068 686; x_wconf 88' lang='lat' dir='ltr'><strong>erratum</strong></span> <span class='ocrx_word' id='word_1_76' title='bbox 3101 627 3356 698; x_wconf 63' lang='lat' dir='ltr'><strong>praterit,</strong></span> <span class='ocrx_word' id='word_1_77' title='bbox 3413 626 3570 694; x_wconf 87' lang='lat' dir='ltr'><strong>quasi</strong></span> 
     </span>
    </p>
   </div>
   <div class='ocr_carea' id='block_1_14' title="bbox 2013 726 2747 784">
    <p class='ocr_par' dir='ltr' id='par_1_14' title="bbox 2013 726 2747 784">
     <span class='ocr_line' id='line_1_15' title="bbox 2013 726 2747 784; baseline -0.008 0"><span class='ocrx_word' id='word_1_78' title='bbox 2013 731 2066 784; x_wconf 91' lang='lat' dir='ltr'><strong>in</strong></span> <span class='ocrx_word' id='word_1_79' title='bbox 2090 745 2155 784; x_wconf 93' lang='lat' dir='ltr'><strong>eo</strong></span> <span class='ocrx_word' id='word_1_80' title='bbox 2186 739 2330 783; x_wconf 86' lang='lat' dir='ltr'><strong>recte</strong></span> <span class='ocrx_word' id='word_1_81' title='bbox 2353 729 2442 782; x_wconf 91' lang='lat' dir='ltr'><strong>ille</strong></span> <span class='ocrx_word' id='word_1_82' title='bbox 2463 726 2747 782; x_wconf 88' lang='lat' dir='ltr'><strong>sensisset.</strong></span> 
     </span>
    </p>
   </div>
   <div class='ocr_carea' id='block_1_15' title="bbox 2099 806 3572 888">
    <p class='ocr_par' dir='ltr' id='par_1_15' title="bbox 2099 806 3572 888">
     <span class='ocr_line' id='line_1_16' title="bbox 2099 806 3572 888; baseline -0.01 -15"><span class='ocrx_word' id='word_1_83' title='bbox 2099 821 2258 875; x_wconf 82' lang='lat' dir='ltr'><strong>Aliud</strong></span> <span class='ocrx_word' id='word_1_84' title='bbox 2281 820 2428 873; x_wconf 79' lang='lat' dir='ltr'><strong>Arati</strong></span> <span class='ocrx_word' id='word_1_85' title='bbox 2453 819 2506 872; x_wconf 91' lang='lat' dir='ltr'><strong>in</strong></span> <span class='ocrx_word' id='word_1_86' title='bbox 2547 814 2900 888; x_wconf 77' lang='lat' dir='ltr'><strong>sequentibus</strong></span> <span class='ocrx_word' id='word_1_87' title='bbox 2930 811 3134 868; x_wconf 88' lang='lat' dir='ltr'><strong>erroris</strong></span> <span class='ocrx_word' id='word_1_88' title='bbox 3162 819 3344 880; x_wconf 78' lang='lat' dir='ltr'><strong>caput,</strong></span> <span class='ocrx_word' id='word_1_89' title='bbox 3388 807 3476 862; x_wconf 90' lang='lat' dir='ltr'><strong>ubi</strong></span> <span class='ocrx_word' id='word_1_90' title='bbox 3505 806 3572 860; x_wconf 83' lang='lat' dir='ltr'><strong>de</strong></span> 
     </span>
    </p>
   </div>
   <div class='ocr_carea' id='block_1_16' title="bbox 2012 909 2494 982">
    <p class='ocr_par' dir='ltr' id='par_1_16' title="bbox 2012 909 2494 982">
     <span class='ocr_line' id='line_1_17' title="bbox 2012 909 2494 982; baseline -0.01 -16"><span class='ocrx_word' id='word_1_91' title='bbox 2012 911 2200 982; x_wconf 80' lang='lat' dir='ltr'><strong>Cygno</strong></span> <span class='ocrx_word' id='word_1_92' title='bbox 2226 909 2447 966; x_wconf 82' lang='lat' dir='ltr'><strong>disserit</strong></span> <span class='ocrx_word' id='word_1_93' title='bbox 2480 925 2494 961; x_wconf 88' lang='lat'><strong>:</strong></span> 
     </span>
    </p>
   </div>
   <div class='ocr_carea' id='block_1_17' title="bbox 2025 1013 3575 1154">
    <p class='ocr_par' dir='ltr' id='par_1_17' title="bbox 2025 1013 3575 1154">
     <span class='ocr_line' id='line_1_18' title="bbox 2025 1013 3575 1154; baseline -0.009 -76"><span class='ocrx_word' id='word_1_94' title='bbox 2025 1023 2214 1078; x_wconf 81' lang='lat' dir='ltr'><strong>Verum</strong></span> <span class='ocrx_word' id='word_1_95' title='bbox 2238 1023 2285 1076; x_wconf 87' lang='lat' dir='ltr'><strong>is</strong></span> <span class='ocrx_word' id='word_1_96' title='bbox 2315 1021 2545 1092; x_wconf 80' lang='lat' dir='ltr'><strong>quidem,</strong></span> <span class='ocrx_word' id='word_1_97' title='bbox 2571 1021 2666 1083; x_wconf 85' lang='lat' dir='ltr'><strong>ait,</strong></span> <span class='ocrx_word' id='word_1_98' title='bbox 2694 1018 2947 1074; x_wconf 85' lang='lat' dir='ltr'><strong>obscurus</strong></span> <span class='ocrx_word' id='word_1_99' title='bbox 2976 1034 2994 1070; x_wconf 88' lang='lat'><strong><em>:</em></strong></span> <span class='ocrx_word' id='word_1_100' title='bbox 3021 1017 3124 1070; x_wconf 72' lang='lat' dir='ltr'><strong>ala</strong></span> <span class='ocrx_word' id='word_1_101' title='bbox 3159 1024 3332 1154; x_wconf 54' lang='lat' dir='ltr'><strong>alute‘m</strong></span> <span class='ocrx_word' id='word_1_102' title='bbox 3357 1013 3405 1067; x_wconf 82' lang='lat' dir='ltr'><strong>ei</strong></span> <span class='ocrx_word' id='word_1_103' title='bbox 3429 1027 3575 1134; x_wconf 51' lang='lat' dir='ltr'><strong>as‘pe-</strong></span> 
     </span>
     <span class='ocr_line' id='line_1_19' title="bbox 3212 1099 3476 1137; baseline -0.011 0"><span class='ocrx_word' id='word_1_104' title='bbox 3212 1101 3272 1137; x_wconf 89' lang='lat' dir='ltr'><strong>ra</strong></span> <span class='ocrx_word' id='word_1_105' title='bbox 3299 1100 3342 1137; x_wconf 75' lang='grc' dir='ltr'><strong>ιτ</strong></span> <span class='ocrx_word' id='word_1_106' title='bbox 3379 1099 3476 1137; x_wconf 86' lang='lat' dir='ltr'><strong>sun</strong></span> 
     </span>
    </p>
   </div>
   <div class='ocr_carea' id='block_1_18' title="bbox 3212 1099 3476 1137">
    <p class='ocr_par' dir='ltr' id='par_1_18' title="bbox 3212 1099 3476 1137">
     <span class='ocr_line' id='line_1_20' title="bbox 3212 1099 3476 1137; baseline -0.011 0"><span class='ocrx_word' id='word_1_107' title='bbox 3212 1099 3342 1137; x_wconf 73' lang='lat' dir='ltr'><strong>ram</strong></span> <span class='ocrx_word' id='word_1_108' title='bbox 3379 1099 3476 1137; x_wconf 83' lang='lat' dir='ltr'><strong>sun</strong></span> 
     </span>
    </p>
   </div>
   <div class='ocr_carea' id='block_1_19' title="bbox 2019 1151 3572 1229">
    <p class='ocr_par' dir='ltr' id='par_1_19' title="bbox 2019 1151 3572 1229">
     <span class='ocr_line' id='line_1_21' title="bbox 2019 1151 3572 1229; baseline -0.01 -11"><span class='ocrx_word' id='word_1_109' title='bbox 2019 1163 2200 1218; x_wconf 79' lang='lat' dir='ltr'><strong>Steltis</strong></span> <span class='ocrx_word' id='word_1_110' title='bbox 2231 1161 2374 1215; x_wconf 80' lang='lat' dir='ltr'><strong>haud</strong></span> <span class='ocrx_word' id='word_1_111' title='bbox 2405 1162 2535 1214; x_wconf 86' lang='lat' dir='ltr'><strong>adeo</strong></span> <span class='ocrx_word' id='word_1_112' title='bbox 2563 1159 2810 1229; x_wconf 78' lang='lat' dir='ltr'><strong>magnis:</strong></span> <span class='ocrx_word' id='word_1_113' title='bbox 2840 1171 3002 1226; x_wconf 87' lang='lat' dir='ltr'><strong>neque</strong></span> <span class='ocrx_word' id='word_1_114' title='bbox 3057 1151 3230 1208; x_wconf 71' lang='lat' dir='ltr'><strong>tamen</strong></span> <span class='ocrx_word' id='word_1_115' title='bbox 3279 1151 3572 1206; x_wconf 65' lang='lat' dir='ltr'><strong>imbecillis.</strong></span> 
     </span>
    </p>
   </div>
   <div class='ocr_carea' id='block_1_20' title="bbox 2089 1305 3581 1408">
    <p class='ocr_par' dir='ltr' id='par_1_20' title="bbox 2089 1305 3581 1408">
     <span class='ocr_line' id='line_1_22' title="bbox 2089 1305 3581 1408; baseline -0.008 -14"><span class='ocrx_word' id='word_1_116' title='bbox 2089 1339 2261 1394; x_wconf 78' lang='lat' dir='ltr'><strong>Habet</strong></span> <span class='ocrx_word' id='word_1_117' title='bbox 2284 1337 2426 1394; x_wconf 90' lang='lat' dir='ltr'><strong>enim</strong></span> <span class='ocrx_word' id='word_1_118' title='bbox 2460 1337 2680 1408; x_wconf 82' lang='lat' dir='ltr'><strong>Cygnus</strong></span> <span class='ocrx_word' id='word_1_119' title='bbox 2721 1339 2845 1390; x_wconf 83' lang='lat' dir='ltr'><strong>cum</strong></span> <span class='ocrx_word' id='word_1_120' title='bbox 2874 1305 3069 1404; x_wconf 66' lang='lat' dir='ltr'><strong>plures</strong></span> <span class='ocrx_word' id='word_1_121' title='bbox 3101 1331 3418 1400; x_wconf 87' lang='lat' dir='ltr'><strong>lucidasque</strong></span> <span class='ocrx_word' id='word_1_122' title='bbox 3449 1337 3581 1384; x_wconf 76' lang='lat' dir='ltr'><strong>stet-</strong></span> 
     </span>
    </p>
   </div>
   <div class='ocr_carea' id='block_1_21' title="bbox 348 1417 1941 1515">
    <p class='ocr_par' dir='ltr' id='par_1_21' title="bbox 348 1417 1915 1515">
     <span class='ocr_line' id='line_1_23' title="bbox 348 1417 1915 1515; baseline -0.003 -19"><span class='ocrx_word' id='word_1_123' title='bbox 348 1442 440 1497; x_wconf 82' lang='grc' dir='ltr'><strong>τδν</strong></span> <span class='ocrx_word' id='word_1_124' title='bbox 466 1417 523 1497; x_wconf 86' lang='grc' dir='ltr'>δὲ</span> <span class='ocrx_word' id='word_1_125' title='bbox 549 1417 608 1497; x_wconf 63' lang='grc' dir='ltr'><strong>έν</strong></span> <span class='ocrx_word' id='word_1_126' title='bbox 648 1445 714 1515; x_wconf 81' lang='grc' dir='ltr'>τῇ</span> <span class='ocrx_word' id='word_1_127' title='bbox 743 1443 878 1514; x_wconf 74' lang='grc' dir='ltr'>οὐρᾷ</span> <span class='ocrx_word' id='word_1_128' title='bbox 922 1443 1015 1496; x_wconf 69' lang='grc' dir='ltr'>καὶ</span> <span class='ocrx_word' id='word_1_129' title='bbox 1042 1417 1244 1514; x_wconf 62' lang='grc' dir='ltr'>σφόδρα</span> <span class='ocrx_word' id='word_1_130' title='bbox 1290 1417 1557 1511; x_wconf 79' lang='grc' dir='ltr'>λαμπρὸν,</span> <span class='ocrx_word' id='word_1_131' title='bbox 1594 1437 1818 1509; x_wconf 77' lang='grc' dir='ltr'>ἔγγιστά</span> <span class='ocrx_word' id='word_1_132' title='bbox 1857 1456 1915 1491; x_wconf 86' lang='grc' dir='ltr'><strong>τε</strong></span> 
     </span>
    </p>
   </div>
   <div class='ocr_carea' id='block_1_22' title="bbox 2044 1417 3582 1515">
    <p class='ocr_par' dir='ltr' id='par_1_22' title="bbox 2044 1417 3582 1498">
     <span class='ocr_line' id='line_1_24' title="bbox 2044 1417 3582 1498; baseline -0.008 -13"><span class='ocrx_word' id='word_1_133' title='bbox 2044 1448 2100 1486; x_wconf 87' lang='lat' dir='ltr'><strong>as</strong></span> <span class='ocrx_word' id='word_1_134' title='bbox 2133 1447 2148 1484; x_wconf 88' lang='lat'><strong>:</strong></span> <span class='ocrx_word' id='word_1_135' title='bbox 2178 1439 2292 1484; x_wconf 89' lang='lat' dir='ltr'><strong>tum</strong></span> <span class='ocrx_word' id='word_1_136' title='bbox 2316 1444 2457 1495; x_wconf 89' lang='lat' dir='ltr'><strong>eam,</strong></span> <span class='ocrx_word' id='word_1_137' title='bbox 2486 1444 2606 1498; x_wconf 68' lang='lat' dir='ltr'><strong>qua:</strong></span> <span class='ocrx_word' id='word_1_138' title='bbox 2631 1428 2684 1481; x_wconf 91' lang='lat' dir='ltr'><strong>in</strong></span> <span class='ocrx_word' id='word_1_139' title='bbox 2733 1425 2908 1480; x_wconf 80' lang='lat' dir='ltr'><strong>cauda</strong></span> <span class='ocrx_word' id='word_1_140' title='bbox 2965 1423 3081 1487; x_wconf 79' lang='lat' dir='ltr'><strong>est,</strong></span> <span class='ocrx_word' id='word_1_141' title='bbox 3131 1419 3468 1494; x_wconf 87' lang='lat' dir='ltr'><strong>splendidam</strong></span> <span class='ocrx_word' id='word_1_142' title='bbox 3524 1417 3582 1473; x_wconf 89' lang='lat' dir='ltr'><strong>in</strong></span> 
     </span>
    </p>
   </div>
   <div class='ocr_carea' id='block_1_23' title="bbox 352 1532 1222 1606">
    <p class='ocr_par' dir='ltr' id='par_1_23' title="bbox 352 1532 1222 1606">
     <span class='ocr_line' id='line_1_25' title="bbox 352 1532 1222 1606; baseline -0.003 -18"><span class='ocrx_word' id='word_1_143' title='bbox 352 1536 468 1591; x_wconf 87' lang='grc' dir='ltr'>ι’σον</span> <span class='ocrx_word' id='word_1_144' title='bbox 497 1533 574 1606; x_wconf 82' lang='grc' dir='ltr'><strong>τῷ</strong></span> <span class='ocrx_word' id='word_1_145' title='bbox 603 1535 660 1588; x_wconf 83' lang='grc' dir='ltr'><strong>ὲν</strong></span> <span class='ocrx_word' id='word_1_146' title='bbox 689 1537 756 1605; x_wconf 78' lang='grc' dir='ltr'>τῇ</span> <span class='ocrx_word' id='word_1_147' title='bbox 787 1534 940 1605; x_wconf 86' lang='grc' dir='ltr'>Λύρᾳ</span> <span class='ocrx_word' id='word_1_148' title='bbox 968 1532 1222 1606; x_wconf 79' lang='grc' dir='ltr'>λαμπρῷ.</span> 
     </span>
    </p>
   </div>
   <div class='ocr_carea' id='block_1_24' title="bbox 425 1705 1918 1780">
    <p class='ocr_par' dir='ltr' id='par_1_24' title="bbox 425 1705 1918 1780">
     <span class='ocr_line' id='line_1_26' title="bbox 425 1705 1918 1780; baseline -0.001 -19"><span class='ocrx_word' id='word_1_149' title='bbox 425 1707 526 1761; x_wconf 83' lang='grc' dir='ltr'><strong>ῙΕ’.</strong></span> <span class='ocrx_word' id='word_1_150' title='bbox 562 1706 651 1760; x_wconf 82' lang='grc' dir='ltr'><strong>Ἑν</strong></span> <span class='ocrx_word' id='word_1_151' title='bbox 681 1706 738 1760; x_wconf 78' lang='grc' dir='ltr'>δὲ</span> <span class='ocrx_word' id='word_1_152' title='bbox 787 1709 901 1770; x_wconf 85' lang='grc' dir='ltr'>τοῖς</span> <span class='ocrx_word' id='word_1_153' title='bbox 945 1706 1071 1779; x_wconf 81' lang='grc' dir='ltr'>έξῆς</span> <span class='ocrx_word' id='word_1_154' title='bbox 1107 1709 1135 1760; x_wconf 93' lang='lat'><strong>6</strong></span> <span class='ocrx_word' id='word_1_155' title='bbox 1173 1708 1402 1780; x_wconf 80' lang='grc' dir='ltr'>Ἀρατος</span> <span class='ocrx_word' id='word_1_156' title='bbox 1449 1707 1616 1762; x_wconf 73' lang='grc' dir='ltr'>εἰπὼν</span> <span class='ocrx_word' id='word_1_157' title='bbox 1661 1707 1788 1780; x_wconf 72' lang='grc' dir='ltr'>περὶ</span> <span class='ocrx_word' id='word_1_158' title='bbox 1827 1705 1918 1760; x_wconf 79' lang='grc' dir='ltr'>τοῦ</span> 
     </span>
    </p>
   </div>
   <div class='ocr_carea' id='block_1_25' title="bbox 359 1799 1921 1872">
    <p class='ocr_par' dir='ltr' id='par_1_25' title="bbox 359 1799 1921 1872">
     <span class='ocr_line' id='line_1_27' title="bbox 359 1799 1921 1872; baseline 0 -20"><span class='ocrx_word' id='word_1_159' title='bbox 359 1799 563 1872; x_wconf 83' lang='grc' dir='ltr'><strong>μηκέτι</strong></span> <span class='ocrx_word' id='word_1_160' title='bbox 597 1799 706 1853; x_wconf 76' lang='grc' dir='ltr'>δεῖν</span> <span class='ocrx_word' id='word_1_161' title='bbox 739 1800 1116 1867; x_wconf 84' lang='grc' dir='ltr'>πυκνοπλοεῖν,</span> <span class='ocrx_word' id='word_1_162' title='bbox 1158 1801 1286 1855; x_wconf 80' lang='grc' dir='ltr'>ὅταν</span> <span class='ocrx_word' id='word_1_163' title='bbox 1317 1800 1406 1855; x_wconf 79' lang='grc' dir='ltr'>τὸν</span> <span class='ocrx_word' id='word_1_164' title='bbox 1443 1801 1675 1872; x_wconf 78' lang='grc' dir='ltr'>Τοξότην</span> <span class='ocrx_word' id='word_1_165' title='bbox 1716 1801 1745 1853; x_wconf 97' lang='lat'><strong>6</strong></span> <span class='ocrx_word' id='word_1_166' title='bbox 1772 1800 1921 1871; x_wconf 74' lang='grc' dir='ltr'>ἥλιος</span> 
     </span>
    </p>
   </div>
   <div class='ocr_carea' id='block_1_26' title="bbox 2020 1511 3583 1595">
    <p class='ocr_par' dir='ltr' id='par_1_26' title="bbox 2020 1511 3583 1595">
     <span class='ocr_line' id='line_1_28' title="bbox 2020 1511 3583 1595; baseline -0.008 -19"><span class='ocrx_word' id='word_1_167' title='bbox 2020 1523 2231 1595; x_wconf 83' lang='lat' dir='ltr'><strong>primis,</strong></span> <span class='ocrx_word' id='word_1_168' title='bbox 2264 1529 2319 1576; x_wconf 91' lang='lat' dir='ltr'><strong>et</strong></span> <span class='ocrx_word' id='word_1_169' title='bbox 2373 1521 2420 1576; x_wconf 93' lang='lat' dir='ltr'><strong>ei</strong></span> <span class='ocrx_word' id='word_1_170' title='bbox 2477 1518 2870 1590; x_wconf 79' lang='lat' dir='ltr'><strong>propemodum</strong></span> <span class='ocrx_word' id='word_1_171' title='bbox 2921 1516 3205 1587; x_wconf 68' lang='lat' dir='ltr'><strong>aequalem,</strong></span> <span class='ocrx_word' id='word_1_172' title='bbox 3251 1528 3373 1585; x_wconf 65' lang='lat' dir='ltr'><strong>quae</strong></span> <span class='ocrx_word' id='word_1_173' title='bbox 3405 1511 3583 1567; x_wconf 79' lang='lat' dir='ltr'><strong>lucida</strong></span> 
     </span>
    </p>
   </div>
   <div class='ocr_carea' id='block_1_27' title="bbox 2020 1605 2484 1666">
    <p class='ocr_par' dir='ltr' id='par_1_27' title="bbox 2020 1605 2484 1666">
     <span class='ocr_line' id='line_1_29' title="bbox 2020 1605 2484 1666; baseline -0.004 0"><span class='ocrx_word' id='word_1_174' title='bbox 2020 1619 2103 1666; x_wconf 91' lang='lat' dir='ltr'><strong>est</strong></span> <span class='ocrx_word' id='word_1_175' title='bbox 2145 1611 2198 1664; x_wconf 91' lang='lat' dir='ltr'><strong>in</strong></span> <span class='ocrx_word' id='word_1_176' title='bbox 2223 1605 2484 1664; x_wconf 81' lang='lat' dir='ltr'><strong>Fidicula.</strong></span> 
     </span>
    </p>
   </div>
   <div class='ocr_carea' id='block_1_28' title="bbox 2091 1683 3588 1767">
    <p class='ocr_par' dir='ltr' id='par_1_28' title="bbox 2091 1683 3588 1767">
     <span class='ocr_line' id='line_1_30' title="bbox 2091 1683 3588 1767; baseline -0.004 -15"><span class='ocrx_word' id='word_1_177' title='bbox 2091 1697 2209 1753; x_wconf 79' lang='lat' dir='ltr'><strong>XV.</strong></span> <span class='ocrx_word' id='word_1_178' title='bbox 2248 1697 2512 1767; x_wconf 89' lang='lat' dir='ltr'><strong>Deinceps</strong></span> <span class='ocrx_word' id='word_1_179' title='bbox 2547 1696 2710 1751; x_wconf 91' lang='lat' dir='ltr'><strong>etiam</strong></span> <span class='ocrx_word' id='word_1_180' title='bbox 2741 1705 3028 1765; x_wconf 82' lang='lat' dir='ltr'><strong>postquam</strong></span> <span class='ocrx_word' id='word_1_181' title='bbox 3054 1693 3239 1748; x_wconf 78' lang='lat' dir='ltr'><strong>docuit</strong></span> <span class='ocrx_word' id='word_1_182' title='bbox 3265 1685 3466 1747; x_wconf 83' lang='lat' dir='ltr'><strong>Aratus</strong></span> <span class='ocrx_word' id='word_1_183' title='bbox 3485 1683 3588 1746; x_wconf 81' lang='lat' dir='ltr'><strong>fre-</strong></span> 
     </span>
    </p>
   </div>
   <div class='ocr_carea' id='block_1_29' title="bbox 2025 1787 3586 1862">
    <p class='ocr_par' dir='ltr' id='par_1_29' title="bbox 2025 1787 3586 1862">
     <span class='ocr_line' id='line_1_31' title="bbox 2025 1787 3586 1862; baseline -0.008 -16"><span class='ocrx_word' id='word_1_184' title='bbox 2025 1791 2406 1862; x_wconf 87' lang='lat' dir='ltr'><strong>quentioribus</strong></span> <span class='ocrx_word' id='word_1_185' title='bbox 2449 1787 2882 1858; x_wconf 84' lang='lat' dir='ltr'><strong>navigationibus</strong></span> <span class='ocrx_word' id='word_1_186' title='bbox 2905 1787 2980 1840; x_wconf 89' lang='lat' dir='ltr'><strong>uti</strong></span> <span class='ocrx_word' id='word_1_187' title='bbox 3001 1801 3108 1840; x_wconf 90' lang='lat' dir='ltr'><strong>non</strong></span> <span class='ocrx_word' id='word_1_188' title='bbox 3143 1792 3416 1854; x_wconf 86' lang='lat' dir='ltr'><strong>oportere,</strong></span> <span class='ocrx_word' id='word_1_189' title='bbox 3460 1797 3586 1837; x_wconf 91' lang='lat' dir='ltr'><strong>cum</strong></span> 
     </span>
    </p>
   </div>
   <div class='ocr_carea' id='block_1_30' title="bbox 355 1876 1941 1965">
    <p class='ocr_par' dir='ltr' id='par_1_30' title="bbox 355 1889 1927 1965">
     <span class='ocr_line' id='line_1_32' title="bbox 355 1889 1927 1965; baseline -0.001 -21"><span class='ocrx_word' id='word_1_190' title='bbox 355 1889 586 1963; x_wconf 75' lang='grc' dir='ltr'>ἄρξηται</span> <span class='ocrx_word' id='word_1_191' title='bbox 609 1890 1046 1962; x_wconf 68' lang='grc' dir='ltr'><strong>διαπορεύεσθαι,</strong></span> <span class='ocrx_word' id='word_1_192' title='bbox 1085 1895 1286 1965; x_wconf 84' lang='grc' dir='ltr'>σημεῖα</span> <span class='ocrx_word' id='word_1_193' title='bbox 1313 1891 1630 1964; x_wconf 83' lang='grc' dir='ltr'>βουλόμενος</span> <span class='ocrx_word' id='word_1_194' title='bbox 1655 1890 1927 1958; x_wconf 79' lang='grc' dir='ltr'>ὑποδεῖξαι</span> 
     </span>
    </p>
   </div>
   <div class='ocr_carea' id='block_1_31' title="bbox 2044 1876 3588 1965">
    <p class='ocr_par' dir='ltr' id='par_1_31' title="bbox 2044 1876 3588 1949">
     <span class='ocr_line' id='line_1_33' title="bbox 2044 1876 3588 1949; baseline -0.007 -12"><span class='ocrx_word' id='word_1_195' title='bbox 2044 1883 2112 1938; x_wconf 85' lang='lat' dir='ltr'><strong>ml</strong></span> <span class='ocrx_word' id='word_1_196' title='bbox 2136 1883 2377 1936; x_wconf 85' lang='lat' dir='ltr'><strong>transire</strong></span> <span class='ocrx_word' id='word_1_197' title='bbox 2411 1878 2760 1949; x_wconf 86' lang='lat' dir='ltr'><strong>Sagittarium</strong></span> <span class='ocrx_word' id='word_1_198' title='bbox 2782 1877 2995 1947; x_wconf 88' lang='lat' dir='ltr'><strong>incipit,</strong></span> <span class='ocrx_word' id='word_1_199' title='bbox 3025 1877 3131 1931; x_wconf 82' lang='lat' dir='ltr'><strong>hoc</strong></span> <span class='ocrx_word' id='word_1_200' title='bbox 3162 1876 3340 1946; x_wconf 89' lang='lat' dir='ltr'><strong>ipsum</strong></span> <span class='ocrx_word' id='word_1_201' title='bbox 3373 1881 3588 1944; x_wconf 78' lang='lat' dir='ltr'><strong>tempus</strong></span> 
     </span>
    </p>
   </div>
   <div class='ocr_carea' id='block_1_32' title="bbox 353 1976 1142 2052">
    <p class='ocr_par' dir='ltr' id='par_1_32' title="bbox 353 1976 1142 2052">
     <span class='ocr_line' id='line_1_34' title="bbox 353 1976 1142 2052; baseline 0 -20"><span class='ocrx_word' id='word_1_202' title='bbox 353 1978 449 2034; x_wconf 81' lang='grc' dir='ltr'><strong>τοῦ</strong></span> <span class='ocrx_word' id='word_1_203' title='bbox 475 1979 670 2052; x_wconf 89' lang='grc' dir='ltr'>καιροῦ</span> <span class='ocrx_word' id='word_1_204' title='bbox 697 1979 906 2044; x_wconf 85' lang='grc' dir='ltr'>τούτου,</span> <span class='ocrx_word' id='word_1_205' title='bbox 948 1976 1110 2052; x_wconf 84' lang='grc' dir='ltr'>φησίν</span> <span class='ocrx_word' id='word_1_206' title='bbox 1127 1993 1142 2012; x_wconf 74' lang='grc' dir='ltr'><strong><em>ο</em></strong></span> 
     </span>
    </p>
   </div>
   <div class='ocr_carea' id='block_1_33' title="bbox 357 2092 1922 2165">
    <p class='ocr_par' dir='ltr' id='par_1_33' title="bbox 357 2092 1922 2165">
     <span class='ocr_line' id='line_1_35' title="bbox 357 2092 1922 2165; baseline -0.004 -13"><span class='ocrx_word' id='word_1_207' title='bbox 357 2092 527 2164; x_wconf 81' lang='grc' dir='ltr'>Σῆμα</span> <span class='ocrx_word' id='word_1_208' title='bbox 550 2092 617 2165; x_wconf 74' lang='grc' dir='ltr'><strong>δέ</strong></span> <span class='ocrx_word' id='word_1_209' title='bbox 628 2106 716 2148; x_wconf 79' lang='grc' dir='ltr'><strong>τοι</strong></span> <span class='ocrx_word' id='word_1_210' title='bbox 734 2093 936 2165; x_wconf 67' lang='grc' dir='ltr'>κείνης</span> <span class='ocrx_word' id='word_1_211' title='bbox 947 2093 965 2163; x_wconf 93' lang='grc'>(</span> <span class='ocrx_word' id='word_1_212' title='bbox 973 2096 1035 2148; x_wconf 79' lang='grc'><strong>59</strong></span> <span class='ocrx_word' id='word_1_213' title='bbox 1046 2093 1154 2165; x_wconf 62' lang='grc'><strong>450)</strong></span> <span class='ocrx_word' id='word_1_214' title='bbox 1165 2093 1344 2164; x_wconf 82' lang='grc' dir='ltr'>ὥρης,</span> <span class='ocrx_word' id='word_1_215' title='bbox 1361 2096 1458 2149; x_wconf 77' lang='grc' dir='ltr'>καὶ</span> <span class='ocrx_word' id='word_1_216' title='bbox 1480 2095 1672 2164; x_wconf 83' lang='grc' dir='ltr'>μηνὸς</span> <span class='ocrx_word' id='word_1_217' title='bbox 1685 2094 1922 2148; x_wconf 79' lang='grc' dir='ltr'>ἐκείνου</span> 
     </span>
    </p>
   </div>
   <div class='ocr_carea' id='block_1_34' title="bbox 357 2163 1780 2235">
    <p class='ocr_par' dir='ltr' id='par_1_34' title="bbox 357 2163 1780 2235">
     <span class='ocr_line' id='line_1_36' title="bbox 357 2163 1780 2235; baseline -0.001 -16"><span class='ocrx_word' id='word_1_218' title='bbox 357 2163 649 2233; x_wconf 78' lang='grc' dir='ltr'>Σκορπιος</span> <span class='ocrx_word' id='word_1_219' title='bbox 671 2163 979 2235; x_wconf 67' lang='grc' dir='ltr'>ἀντέλλων</span> <span class='ocrx_word' id='word_1_220' title='bbox 1001 2165 1094 2232; x_wconf 79' lang='grc' dir='ltr'><strong>εἴη</strong></span> <span class='ocrx_word' id='word_1_221' title='bbox 1127 2163 1400 2235; x_wconf 72' lang='grc' dir='ltr'>πυμάτης</span> <span class='ocrx_word' id='word_1_222' title='bbox 1423 2163 1521 2219; x_wconf 74' lang='grc' dir='ltr'><strong>ἐπὶ</strong></span> <span class='ocrx_word' id='word_1_223' title='bbox 1542 2166 1780 2231; x_wconf 64' lang='grc' dir='ltr'>νυκτός,</span> 
     </span>
    </p>
   </div>
   <div class='ocr_carea' id='block_1_35' title="bbox 362 2233 1920 2306">
    <p class='ocr_par' dir='ltr' id='par_1_35' title="bbox 362 2233 1920 2306">
     <span class='ocr_line' id='line_1_37' title="bbox 362 2233 1920 2306; baseline -0.003 -16"><span class='ocrx_word' id='word_1_224' title='bbox 362 2237 529 2290; x_wconf 83' lang='grc' dir='ltr'><strong>Ἤτοι</strong></span> <span class='ocrx_word' id='word_1_225' title='bbox 553 2236 662 2304; x_wconf 78' lang='grc' dir='ltr'>γὰρ</span> <span class='ocrx_word' id='word_1_226' title='bbox 685 2233 838 2304; x_wconf 65' lang='grc' dir='ltr'>μέγα</span> <span class='ocrx_word' id='word_1_227' title='bbox 876 2234 1056 2299; x_wconf 81' lang='grc' dir='ltr'><em>τόξον</em></span> <span class='ocrx_word' id='word_1_228' title='bbox 1093 2233 1404 2290; x_wconf 67' lang='grc' dir='ltr'>ἁνέλκεται</span> <span class='ocrx_word' id='word_1_229' title='bbox 1437 2236 1638 2306; x_wconf 73' lang='grc' dir='ltr'>ἐγγύθι</span> <span class='ocrx_word' id='word_1_230' title='bbox 1667 2235 1920 2302; x_wconf 77' lang='grc' dir='ltr'><strong>κέντρου</strong></span> 
     </span>
    </p>
   </div>
   <div class='ocr_carea' id='block_1_36' title="bbox 365 2364 1854 2438">
    <p class='ocr_par' dir='ltr' id='par_1_36' title="bbox 365 2364 1854 2438">
     <span class='ocr_line' id='line_1_38' title="bbox 365 2364 1854 2438; baseline -0.004 -14"><span class='ocrx_word' id='word_1_231' title='bbox 365 2367 688 2438; x_wconf 78' lang='grc' dir='ltr'>Τοεευτής·</span> <span class='ocrx_word' id='word_1_232' title='bbox 722 2367 929 2438; x_wconf 72' lang='grc' dir='ltr'>ὀλίγον</span> <span class='ocrx_word' id='word_1_233' title='bbox 951 2365 1019 2420; x_wconf 83' lang='grc' dir='ltr'>δὲ</span> <span class='ocrx_word' id='word_1_234' title='bbox 1055 2368 1398 2438; x_wconf 68' lang='grc' dir='ltr'>παροίτερος</span> <span class='ocrx_word' id='word_1_235' title='bbox 1416 2367 1650 2438; x_wconf 75' lang='grc' dir='ltr'>ἵσταται</span> <span class='ocrx_word' id='word_1_236' title='bbox 1668 2364 1854 2438; x_wconf 51' lang='lat' dir='ltr'><strong>nigrm”)</strong></span> 
     </span>
    </p>
   </div>
   <div class='ocr_carea' id='block_1_37' title="bbox 361 2433 1923 2508">
    <p class='ocr_par' dir='ltr' id='par_1_37' title="bbox 361 2433 1923 2508">
     <span class='ocr_line' id='line_1_39' title="bbox 361 2433 1923 2508; baseline -0.005 -14"><span class='ocrx_word' id='word_1_237' title='bbox 361 2433 652 2508; x_wconf 66' lang='grc' dir='ltr'>Σκορπίος</span> <span class='ocrx_word' id='word_1_238' title='bbox 665 2433 990 2493; x_wconf 72' lang='grc' dir='ltr'>ἀντέλλων·</span> <span class='ocrx_word' id='word_1_239' title='bbox 1005 2441 1036 2492; x_wconf 87' lang='lat' dir='ltr'><strong>o’</strong></span> <span class='ocrx_word' id='word_1_240' title='bbox 1050 2437 1101 2490; x_wconf 82' lang='grc' dir='ltr'>δ’</span> <span class='ocrx_word' id='word_1_241' title='bbox 1117 2433 1424 2506; x_wconf 67' lang='grc' dir='ltr'>ἀνέρχεται</span> <span class='ocrx_word' id='word_1_242' title='bbox 1437 2437 1651 2491; x_wconf 84' lang='grc' dir='ltr'>αὐτίκα</span> <span class='ocrx_word' id='word_1_243' title='bbox 1663 2433 1923 2506; x_wconf 73' lang='grc' dir='ltr'><strong>μᾶλλον.</strong></span> 
     </span>
    </p>
   </div>
   <div class='ocr_carea' id='block_1_38' title="bbox 368 2568 1931 2640">
    <p class='ocr_par' dir='ltr' id='par_1_38' title="bbox 368 2568 1931 2640">
     <span class='ocr_line' id='line_1_40' title="bbox 368 2568 1931 2640; baseline -0.001 -16"><span class='ocrx_word' id='word_1_244' title='bbox 368 2569 562 2640; x_wconf 79' lang='grc' dir='ltr'>Τῆμος</span> <span class='ocrx_word' id='word_1_245' title='bbox 598 2569 696 2639; x_wconf 75' lang='grc' dir='ltr'>καὶ</span> <span class='ocrx_word' id='word_1_246' title='bbox 728 2569 963 2640; x_wconf 65' lang='grc' dir='ltr'>κεφαλὴ</span> <span class='ocrx_word' id='word_1_247' title='bbox 1001 2569 1444 2640; x_wconf 78' lang='grc' dir='ltr'>Κυνοσουρίδος</span> <span class='ocrx_word' id='word_1_248' title='bbox 1468 2570 1680 2640; x_wconf 14' lang='grc' dir='ltr'>κάκρόθι</span> <span class='ocrx_word' id='word_1_249' title='bbox 1713 2568 1931 2635; x_wconf 80' lang='grc' dir='ltr'>νυκτὸς</span> 
     </span>
    </p>
   </div>
   <div class='ocr_carea' id='block_1_39' title="bbox 368 2639 1689 2710">
    <p class='ocr_par' dir='ltr' id='par_1_39' title="bbox 368 2639 1689 2710">
     <span class='ocr_line' id='line_1_41' title="bbox 368 2639 1689 2710; baseline -0.001 -16"><span class='ocrx_word' id='word_1_250' title='bbox 368 2639 518 2708; x_wconf 68' lang='grc' dir='ltr'><strong>’Υψι</strong></span> <span class='ocrx_word' id='word_1_251' title='bbox 535 2640 700 2710; x_wconf 65' lang='grc' dir='ltr'>μάλα</span> <span class='ocrx_word' id='word_1_252' title='bbox 728 2639 964 2710; x_wconf 78' lang='grc' dir='ltr'>τροχάει</span> <span class='ocrx_word' id='word_1_253' title='bbox 979 2658 992 2672; x_wconf 77' lang='grc' dir='ltr'><strong><em>ο</em></strong></span> <span class='ocrx_word' id='word_1_254' title='bbox 1029 2643 1061 2694; x_wconf 85' lang='lat' dir='ltr'><strong>d</strong></span> <span class='ocrx_word' id='word_1_255' title='bbox 1084 2639 1154 2692; x_wconf 83' lang='grc' dir='ltr'>δὲ</span> <span class='ocrx_word' id='word_1_256' title='bbox 1178 2639 1385 2710; x_wconf 67' lang='grc' dir='ltr'>δύεται</span> <span class='ocrx_word' id='word_1_257' title='bbox 1406 2639 1552 2708; x_wconf 79' lang='grc' dir='ltr'>ἠῶθι</span> <span class='ocrx_word' id='word_1_258' title='bbox 1576 2639 1689 2706; x_wconf 83' lang='grc' dir='ltr'>πρὸ</span> 
     </span>
    </p>
   </div>
   <div class='ocr_carea' id='block_1_40' title="bbox 379 2708 1930 2781">
    <p class='ocr_par' dir='ltr' id='par_1_40' title="bbox 379 2708 1930 2781">
     <span class='ocr_line' id='line_1_42' title="bbox 379 2708 1930 2781; baseline -0.003 -14"><span class='ocrx_word' id='word_1_259' title='bbox 379 2708 617 2781; x_wconf 79' lang='grc' dir='ltr'>’Δθρόος</span> <span class='ocrx_word' id='word_1_260' title='bbox 663 2708 867 2780; x_wconf 71' lang='grc' dir='ltr'>Ὠρίων</span> <span class='ocrx_word' id='word_1_261' title='bbox 885 2728 897 2740; x_wconf 80' lang='grc'><strong><em>⁸</em></strong></span> <span class='ocrx_word' id='word_1_262' title='bbox 936 2710 1173 2780; x_wconf 76' lang='grc' dir='ltr'>Κηφεὺς</span> <span class='ocrx_word' id='word_1_263' title='bbox 1203 2709 1255 2762; x_wconf 81' lang='grc' dir='ltr'>δ’</span> <span class='ocrx_word' id='word_1_264' title='bbox 1276 2709 1396 2764; x_wconf 81' lang='grc' dir='ltr'>ἀπὸ</span> <span class='ocrx_word' id='word_1_265' title='bbox 1430 2711 1627 2779; x_wconf 77' lang='grc' dir='ltr'>χειρὸς</span> <span class='ocrx_word' id='word_1_266' title='bbox 1655 2709 1747 2763; x_wconf 74' lang='grc' dir='ltr'><strong>ἐπ’</strong></span> <span class='ocrx_word' id='word_1_267' title='bbox 1777 2708 1930 2773; x_wconf 78' lang='grc' dir='ltr'>ιεύν.</span> 
     </span>
    </p>
   </div>
   <div class='ocr_carea' id='block_1_41' title="bbox 368 2817 1937 2894">
    <p class='ocr_par' dir='ltr' id='par_1_41' title="bbox 368 2817 1937 2894">
     <span class='ocr_line' id='line_1_43' title="bbox 368 2817 1937 2894; baseline -0.005 -16"><span class='ocrx_word' id='word_1_268' title='bbox 368 2822 504 2894; x_wconf 75' lang='grc' dir='ltr'>Περὶ</span> <span class='ocrx_word' id='word_1_269' title='bbox 527 2821 581 2875; x_wconf 70' lang='grc' dir='ltr'>δὲ</span> <span class='ocrx_word' id='word_1_270' title='bbox 623 2821 812 2876; x_wconf 88' lang='grc' dir='ltr'>τούτου</span> <span class='ocrx_word' id='word_1_271' title='bbox 851 2823 880 2875; x_wconf 92' lang='lat'><strong>6</strong></span> <span class='ocrx_word' id='word_1_272' title='bbox 914 2820 1176 2883; x_wconf 74' lang='grc' dir='ltr'>Ἄτταλος</span> <span class='ocrx_word' id='word_1_273' title='bbox 1217 2819 1704 2892; x_wconf 79' lang='grc' dir='ltr'><strong>προενεγκάμενος,</strong></span> <span class='ocrx_word' id='word_1_274' title='bbox 1739 2817 1937 2871; x_wconf 79' lang='grc' dir='ltr'>αὐτίκα</span> 
     </span>
    </p>
   </div>
   <div class='ocr_carea' id='block_1_42' title="bbox 368 2908 1937 2990">
    <p class='ocr_par' dir='ltr' id='par_1_42' title="bbox 368 2908 1937 2990">
     <span class='ocr_line' id='line_1_44' title="bbox 368 2908 1937 2990; baseline -0.004 -21"><span class='ocrx_word' id='word_1_275' title='bbox 368 2915 571 2990; x_wconf 84' lang='grc' dir='ltr'>γράφει</span> <span class='ocrx_word' id='word_1_276' title='bbox 594 2916 785 2969; x_wconf 82' lang='grc' dir='ltr'>ταυτί·</span> <span class='ocrx_word' id='word_1_277' title='bbox 825 2932 844 2967; x_wconf 81' lang='lat' dir='ltr'><strong>t</strong></span> <span class='ocrx_word' id='word_1_278' title='bbox 886 2915 968 2968; x_wconf 87' lang='grc' dir='ltr'><strong>Τὰ</strong></span> <span class='ocrx_word' id='word_1_279' title='bbox 999 2913 1095 2985; x_wconf 77' lang='grc' dir='ltr'>μὲν</span> <span class='ocrx_word' id='word_1_280' title='bbox 1130 2908 1222 2966; x_wconf 84' lang='grc' dir='ltr'>οὖν</span> <span class='ocrx_word' id='word_1_281' title='bbox 1256 2911 1418 2965; x_wconf 84' lang='grc' dir='ltr'>λοιπά</span> <span class='ocrx_word' id='word_1_282' title='bbox 1441 2911 1673 2983; x_wconf 77' lang='grc' dir='ltr'><strong>μετρίως</strong></span> <span class='ocrx_word' id='word_1_283' title='bbox 1719 2911 1937 2982; x_wconf 73' lang='grc' dir='ltr'>εἴρηκεν</span> 
     </span>
    </p>
   </div>
   <div class='ocr_carea' id='block_1_43' title="bbox 369 3001 1940 3080">
    <p class='ocr_par' dir='ltr' id='par_1_43' title="bbox 369 3001 1940 3080">
     <span class='ocr_line' id='line_1_45' title="bbox 369 3001 1940 3080; baseline -0.003 -20"><span class='ocrx_word' id='word_1_284' title='bbox 369 3009 400 3061; x_wconf 89' lang='lat'><strong>6</strong></span> <span class='ocrx_word' id='word_1_285' title='bbox 441 3007 670 3080; x_wconf 82' lang='grc' dir='ltr'>ποιητής</span> <span class='ocrx_word' id='word_1_286' title='bbox 693 3023 706 3037; x_wconf 72' lang='grc' dir='ltr'><strong><em>ο</em></strong></span> <span class='ocrx_word' id='word_1_287' title='bbox 744 3006 806 3059; x_wconf 83' lang='grc' dir='ltr'>τὸ</span> <span class='ocrx_word' id='word_1_288' title='bbox 832 3006 888 3060; x_wconf 85' lang='grc' dir='ltr'>δὲ</span> <span class='ocrx_word' id='word_1_289' title='bbox 932 3005 1060 3080; x_wconf 80' lang='grc' dir='ltr'>περὶ</span> <span class='ocrx_word' id='word_1_290' title='bbox 1103 3003 1196 3058; x_wconf 84' lang='grc' dir='ltr'><strong>τοῦ</strong></span> <span class='ocrx_word' id='word_1_291' title='bbox 1226 3004 1460 3074; x_wconf 80' lang='grc' dir='ltr'><strong>Κηφέως</strong></span> <span class='ocrx_word' id='word_1_292' title='bbox 1500 3001 1940 3074; x_wconf 75' lang='grc' dir='ltr'>ὁμολογουμένως</span> 
     </span>
    </p>
   </div>
   <div class='ocr_carea' id='block_1_44' title="bbox 370 3093 1938 3171">
    <p class='ocr_par' dir='ltr' id='par_1_44' title="bbox 370 3093 1938 3171">
     <span class='ocr_line' id='line_1_46' title="bbox 370 3093 1938 3171; baseline -0.003 -19"><span class='ocrx_word' id='word_1_293' title='bbox 370 3099 626 3171; x_wconf 69' lang='grc' dir='ltr'>ἡγνόηκε,</span> <span class='ocrx_word' id='word_1_294' title='bbox 662 3098 841 3169; x_wconf 84' lang='grc' dir='ltr'>φήσας</span> <span class='ocrx_word' id='word_1_295' title='bbox 882 3096 1043 3151; x_wconf 84' lang='grc' dir='ltr'>αὐτὸν</span> <span class='ocrx_word' id='word_1_296' title='bbox 1069 3095 1288 3150; x_wconf 87' lang='grc' dir='ltr'>δύεσθαι</span> <span class='ocrx_word' id='word_1_297' title='bbox 1319 3096 1461 3150; x_wconf 87' lang='grc' dir='ltr'><strong>κατά</strong></span> <span class='ocrx_word' id='word_1_298' title='bbox 1500 3094 1688 3166; x_wconf 81' lang='grc' dir='ltr'>καιρὸν</span> <span class='ocrx_word' id='word_1_299' title='bbox 1730 3093 1938 3148; x_wconf 81' lang='grc' dir='ltr'>τοῦτον.</span> 
     </span>
    </p>
   </div>
   <div class='ocr_carea' id='block_1_45' title="bbox 373 3184 1941 3260">
    <p class='ocr_par' dir='ltr' id='par_1_45' title="bbox 373 3184 1941 3260">
     <span class='ocr_line' id='line_1_47' title="bbox 373 3184 1941 3260; baseline -0.004 -17"><span class='ocrx_word' id='word_1_300' title='bbox 373 3191 448 3244; x_wconf 75' lang='grc' dir='ltr'><strong>Οὐ</strong></span> <span class='ocrx_word' id='word_1_301' title='bbox 478 3189 586 3260; x_wconf 91' lang='grc' dir='ltr'><strong>γάρ</strong></span> <span class='ocrx_word' id='word_1_302' title='bbox 611 3189 780 3254; x_wconf 88' lang='grc' dir='ltr'>δύσιν,</span> <span class='ocrx_word' id='word_1_303' title='bbox 828 3188 942 3243; x_wconf 80' lang='grc' dir='ltr'>ἀλλ’</span> <span class='ocrx_word' id='word_1_304' title='bbox 975 3190 1039 3242; x_wconf 83' lang='grc' dir='ltr'><strong>έκ</strong></span> <span class='ocrx_word' id='word_1_305' title='bbox 1070 3187 1178 3242; x_wconf 87' lang='grc' dir='ltr'><strong>τῶν</strong></span> <span class='ocrx_word' id='word_1_306' title='bbox 1223 3187 1478 3242; x_wconf 70' lang='grc' dir='ltr'>ἐναντίων</span> <span class='ocrx_word' id='word_1_307' title='bbox 1522 3185 1782 3256; x_wconf 87' lang='grc' dir='ltr'>ἀνατολὴν</span> <span class='ocrx_word' id='word_1_308' title='bbox 1818 3184 1941 3238; x_wconf 87' lang='grc' dir='ltr'>τότε</span> 
     </span>
    </p>
   </div>
   <div class='ocr_carea' id='block_1_46' title="bbox 374 3278 1944 3350">
    <p class='ocr_par' dir='ltr' id='par_1_46' title="bbox 374 3278 1944 3350">
     <span class='ocr_line' id='line_1_48' title="bbox 374 3278 1944 3350; baseline -0.004 -15"><span class='ocrx_word' id='word_1_309' title='bbox 374 3283 630 3336; x_wconf 83' lang='grc' dir='ltr'>ποιεῖται.</span> <span class='ocrx_word' id='word_1_310' title='bbox 675 3281 785 3334; x_wconf 73' lang='grc' dir='ltr'><strong>Καὶ</strong></span> <span class='ocrx_word' id='word_1_311' title='bbox 815 3280 973 3334; x_wconf 80' lang='grc' dir='ltr'>τοῦτο</span> <span class='ocrx_word' id='word_1_312' title='bbox 1010 3280 1076 3334; x_wconf 83' lang='grc' dir='ltr'><strong>δι’</strong></span> <span class='ocrx_word' id='word_1_313' title='bbox 1108 3278 1286 3334; x_wconf 86' lang='grc' dir='ltr'>αὐτῶν</span> <span class='ocrx_word' id='word_1_314' title='bbox 1327 3279 1435 3332; x_wconf 89' lang='grc' dir='ltr'><strong>τῶν</strong></span> <span class='ocrx_word' id='word_1_315' title='bbox 1482 3278 1799 3350; x_wconf 85' lang='grc' dir='ltr'>ποιημάτων</span> <span class='ocrx_word' id='word_1_316' title='bbox 1838 3293 1944 3347; x_wconf 79' lang='grc' dir='ltr'>φα-</span> 
     </span>
    </p>
   </div>
   <div class='ocr_carea' id='block_1_47' title="bbox 374 3367 1943 3446">
    <p class='ocr_par' dir='ltr' id='par_1_47' title="bbox 374 3367 1943 3446">
     <span class='ocr_line' id='line_1_49' title="bbox 374 3367 1943 3446; baseline -0.003 -20"><span class='ocrx_word' id='word_1_317' title='bbox 374 3371 530 3446; x_wconf 82' lang='grc' dir='ltr'>νερὸν</span> <span class='ocrx_word' id='word_1_318' title='bbox 573 3370 797 3442; x_wconf 81' lang='grc' dir='ltr'>γίνεται.</span> <span class='ocrx_word' id='word_1_319' title='bbox 833 3371 940 3436; x_wconf 53' lang='grc' dir='ltr'><strong>’.τῖς</strong></span> <span class='ocrx_word' id='word_1_320' title='bbox 971 3370 1070 3442; x_wconf 80' lang='grc' dir='ltr'>μὲν</span> <span class='ocrx_word' id='word_1_321' title='bbox 1098 3369 1206 3442; x_wconf 80' lang='grc' dir='ltr'><strong>γὰρ</strong></span> <span class='ocrx_word' id='word_1_322' title='bbox 1241 3368 1446 3433; x_wconf 85' lang='grc' dir='ltr'>δύσεώς</span> <span class='ocrx_word' id='word_1_323' title='bbox 1468 3385 1629 3441; x_wconf 84' lang='grc' dir='ltr'>φησιν</span> <span class='ocrx_word' id='word_1_324' title='bbox 1656 3367 1818 3422; x_wconf 81' lang='grc' dir='ltr'>αὐτὸν</span> <span class='ocrx_word' id='word_1_325' title='bbox 1844 3367 1943 3438; x_wconf 81' lang='grc' dir='ltr'>ἀρ-</span> 
     </span>
    </p>
   </div>
   <div class='ocr_carea' id='block_1_48' title="bbox 375 3455 1942 3532">
    <p class='ocr_par' dir='ltr' id='par_1_48' title="bbox 375 3455 1942 3532">
     <span class='ocr_line' id='line_1_50' title="bbox 375 3455 1942 3532; baseline -0.003 -18"><span class='ocrx_word' id='word_1_326' title='bbox 375 3459 585 3532; x_wconf 84' lang='grc' dir='ltr'>χεσθαι,</span> <span class='ocrx_word' id='word_1_327' title='bbox 612 3460 734 3514; x_wconf 79' lang='grc' dir='ltr'>καθ’</span> <span class='ocrx_word' id='word_1_328' title='bbox 761 3460 819 3514; x_wconf 81' lang='grc' dir='ltr'><strong>ὃν</strong></span> <span class='ocrx_word' id='word_1_329' title='bbox 846 3459 1036 3532; x_wconf 84' lang='grc' dir='ltr'>καιρὸν</span> <span class='ocrx_word' id='word_1_330' title='bbox 1079 3461 1135 3513; x_wconf 78' lang='grc' dir='ltr'>αἱ</span> <span class='ocrx_word' id='word_1_331' title='bbox 1176 3458 1374 3530; x_wconf 79' lang='grc' dir='ltr'>Χηλαὶ,</span> <span class='ocrx_word' id='word_1_332' title='bbox 1423 3458 1559 3530; x_wconf 83' lang='grc' dir='ltr'>πρὸς</span> <span class='ocrx_word' id='word_1_333' title='bbox 1601 3459 1669 3528; x_wconf 83' lang='grc' dir='ltr'>τῇ</span> <span class='ocrx_word' id='word_1_334' title='bbox 1714 3455 1942 3526; x_wconf 77' lang='grc' dir='ltr'>ἀνατολῇ</span> 
     </span>
    </p>
   </div>
   <div class='ocr_carea' id='block_1_49' title="bbox 375 3547 1946 3625">
    <p class='ocr_par' dir='ltr' id='par_1_49' title="bbox 375 3547 1946 3625">
     <span class='ocr_line' id='line_1_51' title="bbox 375 3547 1946 3625; baseline -0.004 -17"><span class='ocrx_word' id='word_1_335' title='bbox 375 3550 553 3618; x_wconf 85' lang='grc' dir='ltr'>οὖσαι,</span> <span class='ocrx_word' id='word_1_336' title='bbox 588 3553 871 3625; x_wconf 83' lang='grc' dir='ltr'>μέλλουσιν</span> <span class='ocrx_word' id='word_1_337' title='bbox 895 3551 1276 3624; x_wconf 73' lang='grc' dir='ltr'>ἀναφέρεσθαι.</span> <span class='ocrx_word' id='word_1_338' title='bbox 1312 3551 1497 3606; x_wconf 88' lang='grc' dir='ltr'>Πάντα</span> <span class='ocrx_word' id='word_1_339' title='bbox 1535 3549 1579 3602; x_wconf 85' lang='grc' dir='ltr'>δ’</span> <span class='ocrx_word' id='word_1_340' title='bbox 1608 3549 1773 3603; x_wconf 82' lang='grc' dir='ltr'>αὐτοῦ</span> <span class='ocrx_word' id='word_1_341' title='bbox 1800 3547 1946 3602; x_wconf 85' lang='grc' dir='ltr'>δεδυ-</span> 
     </span>
    </p>
   </div>
   <div class='ocr_carea' id='block_1_50' title="bbox 378 3641 1947 3717">
    <p class='ocr_par' dir='ltr' id='par_1_50' title="bbox 378 3641 1947 3717">
     <span class='ocr_line' id='line_1_52' title="bbox 378 3641 1947 3717; baseline -0.004 -17"><span class='ocrx_word' id='word_1_342' title='bbox 378 3645 621 3702; x_wconf 85' lang='grc' dir='ltr'>κέναιτά</span> <span class='ocrx_word' id='word_1_343' title='bbox 640 3646 800 3717; x_wconf 88' lang='grc' dir='ltr'>μέρη,</span> <span class='ocrx_word' id='word_1_344' title='bbox 825 3645 892 3698; x_wconf 90' lang='grc' dir='ltr'><strong>τά</strong></span> <span class='ocrx_word' id='word_1_345' title='bbox 908 3644 1179 3714; x_wconf 84' lang='grc' dir='ltr'>δυνάμενα</span> <span class='ocrx_word' id='word_1_346' title='bbox 1205 3643 1443 3708; x_wconf 87' lang='grc' dir='ltr'>δύεσθαι,</span> <span class='ocrx_word' id='word_1_347' title='bbox 1472 3644 1598 3697; x_wconf 84' lang='grc' dir='ltr'>ὅταν</span> <span class='ocrx_word' id='word_1_348' title='bbox 1623 3642 1652 3695; x_wconf 88' lang='lat'><strong>6</strong></span> <span class='ocrx_word' id='word_1_349' title='bbox 1682 3641 1947 3713; x_wconf 85' lang='grc' dir='ltr'>Σκορπίος</span> 
     </span>
    </p>
   </div>
   <div class='ocr_carea' id='block_1_51' title="bbox 379 3728 1946 3810">
    <p class='ocr_par' dir='ltr' id='par_1_51' title="bbox 379 3728 1946 3810">
     <span class='ocr_line' id='line_1_53' title="bbox 379 3728 1946 3810; baseline -0.005 -19"><span class='ocrx_word' id='word_1_350' title='bbox 379 3737 516 3810; x_wconf 85' lang='grc' dir='ltr'>πρὸς</span> <span class='ocrx_word' id='word_1_351' title='bbox 559 3740 625 3808; x_wconf 82' lang='grc' dir='ltr'>τῇ</span> <span class='ocrx_word' id='word_1_352' title='bbox 660 3735 891 3806; x_wconf 79' lang='grc' dir='ltr'>ἀνατολῇ</span> <span class='ocrx_word' id='word_1_353' title='bbox 935 3734 1179 3805; x_wconf 84' lang='grc' dir='ltr'>γένηται.</span> <span class='ocrx_word' id='word_1_354' title='bbox 1233 3753 1252 3786; x_wconf 78' lang='lat' dir='ltr'><strong>s</strong></span> <span class='ocrx_word' id='word_1_355' title='bbox 1283 3735 1440 3788; x_wconf 85' lang='grc' dir='ltr'>Δοκεῖ</span> <span class='ocrx_word' id='word_1_356' title='bbox 1479 3728 1570 3786; x_wconf 81' lang='grc' dir='ltr'>οὖν</span> <span class='ocrx_word' id='word_1_357' title='bbox 1606 3749 1697 3803; x_wconf 91' lang='grc' dir='ltr'><strong>μοι</strong></span> <span class='ocrx_word' id='word_1_358' title='bbox 1734 3733 1946 3800; x_wconf 84' lang='grc' dir='ltr'>ἀγνοεῖν</span> 
     </span>
    </p>
   </div>
   <div class='ocr_carea' id='block_1_52' title="bbox 379 3821 1948 3898">
    <p class='ocr_par' dir='ltr' id='par_1_52' title="bbox 379 3821 1948 3898">
     <span class='ocr_line' id='line_1_54' title="bbox 379 3821 1948 3898; baseline -0.004 -16"><span class='ocrx_word' id='word_1_359' title='bbox 379 3828 410 3881; x_wconf 83' lang='lat'><strong>6</strong></span> <span class='ocrx_word' id='word_1_360' title='bbox 439 3827 717 3893; x_wconf 82' lang='grc' dir='ltr'>Ἀτταλος,</span> <span class='ocrx_word' id='word_1_361' title='bbox 753 3828 977 3898; x_wconf 83' lang='grc' dir='ltr'>φάσκων</span> <span class='ocrx_word' id='word_1_362' title='bbox 1018 3825 1086 3878; x_wconf 80' lang='grc' dir='ltr'>τὰ</span> <span class='ocrx_word' id='word_1_363' title='bbox 1122 3825 1220 3896; x_wconf 86' lang='grc' dir='ltr'>μὲν</span> <span class='ocrx_word' id='word_1_364' title='bbox 1266 3825 1392 3893; x_wconf 81' lang='grc' dir='ltr'>περὶ</span> <span class='ocrx_word' id='word_1_365' title='bbox 1437 3823 1536 3894; x_wconf 81' lang='grc' dir='ltr'>τῆς</span> <span class='ocrx_word' id='word_1_366' title='bbox 1576 3823 1816 3894; x_wconf 79' lang='grc' dir='ltr'>κεφαλῆς</span> <span class='ocrx_word' id='word_1_367' title='bbox 1848 3821 1948 3892; x_wconf 81' lang='grc' dir='ltr'>τῆς</span> 
     </span>
    </p>
   </div>
   <div class='ocr_carea' id='block_1_53' title="bbox 385 3913 1946 3990">
    <p class='ocr_par' dir='ltr' id='par_1_53' title="bbox 385 3913 1946 3990">
     <span class='ocr_line' id='line_1_55' title="bbox 385 3913 1946 3990; baseline -0.004 -19"><span class='ocrx_word' id='word_1_368' title='bbox 385 3920 585 3990; x_wconf 84' lang='grc' dir='ltr'>μικρᾶς</span> <span class='ocrx_word' id='word_1_369' title='bbox 612 3919 847 3989; x_wconf 78' lang='grc' dir='ltr'>’Δρκτου</span> <span class='ocrx_word' id='word_1_370' title='bbox 865 3958 880 3984; x_wconf 92' lang='grc'><strong>,</strong></span> <span class='ocrx_word' id='word_1_371' title='bbox 905 3917 997 3971; x_wconf 74' lang='grc' dir='ltr'><strong>καὶ</strong></span> <span class='ocrx_word' id='word_1_372' title='bbox 1028 3918 1153 3990; x_wconf 72' lang='grc' dir='ltr'><strong>περ)⁵</strong></span> <span class='ocrx_word' id='word_1_373' title='bbox 1173 3917 1265 3970; x_wconf 73' lang='grc' dir='ltr'>τοῦ</span> <span class='ocrx_word' id='word_1_374' title='bbox 1308 3915 1557 3986; x_wconf 84' lang='grc' dir='ltr'>Ὠρίωνος</span> <span class='ocrx_word' id='word_1_375' title='bbox 1593 3913 1767 3986; x_wconf 83' lang='grc' dir='ltr'>ὀρθῶς</span> <span class='ocrx_word' id='word_1_376' title='bbox 1793 3914 1946 3986; x_wconf 77' lang='grc' dir='ltr'>εἰρη-</span> 
     </span>
    </p>
   </div>
   <div class='ocr_carea' id='block_1_54' title="bbox 383 4003 1949 4079">
    <p class='ocr_par' dir='ltr' id='par_1_54' title="bbox 383 4003 1949 4079">
     <span class='ocr_line' id='line_1_56' title="bbox 383 4003 1949 4079; baseline -0.003 -17"><span class='ocrx_word' id='word_1_377' title='bbox 383 4008 538 4063; x_wconf 81' lang='grc' dir='ltr'>κέναι</span> <span class='ocrx_word' id='word_1_378' title='bbox 555 4007 644 4061; x_wconf 82' lang='grc' dir='ltr'>τὸν</span> <span class='ocrx_word' id='word_1_379' title='bbox 664 4009 895 4078; x_wconf 83' lang='grc' dir='ltr'>Ἀρατον</span> <span class='ocrx_word' id='word_1_380' title='bbox 913 4023 926 4036; x_wconf 89' lang='grc'><strong>·</strong></span> <span class='ocrx_word' id='word_1_381' title='bbox 949 4009 1075 4079; x_wconf 74' lang='grc' dir='ltr'>περὶ</span> <span class='ocrx_word' id='word_1_382' title='bbox 1101 4007 1157 4059; x_wconf 83' lang='grc' dir='ltr'>δὲ</span> <span class='ocrx_word' id='word_1_383' title='bbox 1185 4006 1278 4060; x_wconf 78' lang='grc' dir='ltr'>τοῦ</span> <span class='ocrx_word' id='word_1_384' title='bbox 1310 4005 1542 4075; x_wconf 84' lang='grc' dir='ltr'>Κηφέως</span> <span class='ocrx_word' id='word_1_385' title='bbox 1576 4003 1949 4077; x_wconf 85' lang='grc' dir='ltr'>διημαρτημέ-</span> 
     </span>
    </p>
   </div>
   <div class='ocr_carea' id='block_1_55' title="bbox 383 4097 1948 4171">
    <p class='ocr_par' dir='ltr' id='par_1_55' title="bbox 383 4097 1948 4171">
     <span class='ocr_line' id='line_1_57' title="bbox 383 4097 1948 4171; baseline -0.003 -16"><span class='ocrx_word' id='word_1_386' title='bbox 383 4118 507 4166; x_wconf 87' lang='grc' dir='ltr'>νως.</span> <span class='ocrx_word' id='word_1_387' title='bbox 535 4101 852 4154; x_wconf 79' lang='grc' dir='ltr'>Τοὺναντίον</span> <span class='ocrx_word' id='word_1_388' title='bbox 895 4099 1003 4171; x_wconf 78' lang='grc' dir='ltr'><strong>γὰρ</strong></span> <span class='ocrx_word' id='word_1_389' title='bbox 1030 4100 1158 4170; x_wconf 65' lang='grc' dir='ltr'><strong>περὶ¹</strong></span> <span class='ocrx_word' id='word_1_390' title='bbox 1209 4100 1306 4171; x_wconf 76' lang='grc' dir='ltr'>μὲν</span> <span class='ocrx_word' id='word_1_391' title='bbox 1347 4099 1440 4152; x_wconf 82' lang='grc' dir='ltr'>τοῦ</span> <span class='ocrx_word' id='word_1_392' title='bbox 1488 4097 1722 4169; x_wconf 78' lang='grc' dir='ltr'>Κηφέως</span> <span class='ocrx_word' id='word_1_393' title='bbox 1761 4098 1948 4168; x_wconf 74' lang='grc' dir='ltr'>εἴρηκε</span> 
     </span>
    </p>
   </div>
   <div class='ocr_carea' id='block_1_56' title="bbox 386 4187 1950 4265">
    <p class='ocr_par' dir='ltr' id='par_1_56' title="bbox 386 4187 1950 4265">
     <span class='ocr_line' id='line_1_58' title="bbox 386 4187 1950 4265; baseline -0.004 -19"><span class='ocrx_word' id='word_1_394' title='bbox 386 4190 822 4265; x_wconf 49' lang='grc' dir='ltr'>συμφώνωςοτοῖς</span> <span class='ocrx_word' id='word_1_395' title='bbox 859 4191 1217 4262; x_wconf 70' lang='grc' dir='ltr'>φαινομένοιςο</span> <span class='ocrx_word' id='word_1_396' title='bbox 1249 4190 1376 4261; x_wconf 62' lang='grc' dir='ltr'><strong>περ)⁹</strong></span> <span class='ocrx_word' id='word_1_397' title='bbox 1393 4190 1449 4242; x_wconf 80' lang='grc' dir='ltr'>δὲ</span> <span class='ocrx_word' id='word_1_398' title='bbox 1481 4189 1588 4243; x_wconf 88' lang='grc' dir='ltr'><strong>τῶν</strong></span> <span class='ocrx_word' id='word_1_399' title='bbox 1614 4187 1807 4254; x_wconf 79' lang='grc' dir='ltr'>ἄλλων,</span> <span class='ocrx_word' id='word_1_400' title='bbox 1835 4188 1950 4241; x_wconf 85' lang='grc' dir='ltr'>δια-</span> 
     </span>
    </p>
   </div>
   <div class='ocr_carea' id='block_1_57' title="bbox 386 4283 598 4354">
    <p class='ocr_par' dir='ltr' id='par_1_57' title="bbox 386 4283 598 4354">
     <span class='ocr_line' id='line_1_59' title="bbox 386 4283 598 4354; baseline 0.005 -17"><span class='ocrx_word' id='word_1_401' title='bbox 386 4283 598 4354; x_wconf 80' lang='grc' dir='ltr'>φώνως.</span> 
     </span>
    </p>
   </div>
   <div class='ocr_carea' id='block_1_58' title="bbox 457 4372 1947 4447">
    <p class='ocr_par' dir='ltr' id='par_1_58' title="bbox 457 4372 1947 4447">
     <span class='ocr_line' id='line_1_60' title="bbox 457 4372 1947 4447; baseline -0.003 -19"><span class='ocrx_word' id='word_1_402' title='bbox 457 4373 574 4444; x_wconf 73' lang='grc' dir='ltr'>ις’.</span> <span class='ocrx_word' id='word_1_403' title='bbox 601 4373 799 4429; x_wconf 78' lang='grc' dir='ltr'>Τούτου</span> <span class='ocrx_word' id='word_1_404' title='bbox 822 4375 866 4429; x_wconf 81' lang='grc' dir='ltr'>δ’</span> <span class='ocrx_word' id='word_1_405' title='bbox 889 4374 968 4428; x_wconf 76' lang='grc' dir='ltr'>ἔτι</span> <span class='ocrx_word' id='word_1_406' title='bbox 994 4375 1254 4447; x_wconf 88' lang='grc' dir='ltr'>πρότερον</span> <span class='ocrx_word' id='word_1_407' title='bbox 1274 4374 1655 4447; x_wconf 72' lang='grc' dir='ltr'>διαμαρτάνειν</span> <span class='ocrx_word' id='word_1_408' title='bbox 1680 4372 1947 4444; x_wconf 85' lang='grc' dir='ltr'>μοιδοκεί,</span> 
     </span>
    </p>
   </div>
   <div class='ocr_carea' id='block_1_59' title="bbox 387 4465 1950 4543">
    <p class='ocr_par' dir='ltr' id='par_1_59' title="bbox 387 4465 1950 4543">
     <span class='ocr_line' id='line_1_61' title="bbox 387 4465 1950 4543; baseline -0.003 -23"><span class='ocrx_word' id='word_1_409' title='bbox 387 4466 780 4543; x_wconf 79' lang='grc' dir='ltr'>ὑπολαμϐάνων</span> <span class='ocrx_word' id='word_1_410' title='bbox 814 4467 904 4520; x_wconf 80' lang='grc' dir='ltr'>τὸν</span> <span class='ocrx_word' id='word_1_411' title='bbox 939 4468 1172 4538; x_wconf 76' lang='grc' dir='ltr'>’Ἄρατον</span> <span class='ocrx_word' id='word_1_412' title='bbox 1197 4466 1264 4520; x_wconf 82' lang='grc' dir='ltr'><strong>τὰ</strong></span> <span class='ocrx_word' id='word_1_413' title='bbox 1293 4467 1558 4537; x_wconf 84' lang='grc' dir='ltr'>εἰρημένα</span> <span class='ocrx_word' id='word_1_414' title='bbox 1585 4468 1785 4538; x_wconf 84' lang='grc' dir='ltr'>σημεῖα</span> <span class='ocrx_word' id='word_1_415' title='bbox 1819 4465 1950 4518; x_wconf 82' lang='grc' dir='ltr'>ὑπο-</span> 
     </span>
    </p>
   </div>
   <div class='ocr_carea' id='block_1_60' title="bbox 2022 1969 3062 2030">
    <p class='ocr_par' dir='ltr' id='par_1_60' title="bbox 2022 1969 3062 2030">
     <span class='ocr_line' id='line_1_62' title="bbox 2022 1969 3062 2030; baseline -0.008 -1"><span class='ocrx_word' id='word_1_416' title='bbox 2022 1975 2190 2030; x_wconf 88' lang='lat' dir='ltr'><strong>ccrtis</strong></span> <span class='ocrx_word' id='word_1_417' title='bbox 2212 1973 2432 2028; x_wconf 89' lang='lat' dir='ltr'><strong>indiciis</strong></span> <span class='ocrx_word' id='word_1_418' title='bbox 2461 1977 2614 2025; x_wconf 90' lang='lat' dir='ltr'><strong>notat</strong></span> <span class='ocrx_word' id='word_1_419' title='bbox 2652 1969 2740 2025; x_wconf 89' lang='lat' dir='ltr'><strong>his</strong></span> <span class='ocrx_word' id='word_1_420' title='bbox 2767 1969 3018 2024; x_wconf 71' lang='lat' dir='ltr'><strong>versibus</strong></span> <span class='ocrx_word' id='word_1_421' title='bbox 3046 1983 3062 2021; x_wconf 85' lang='lat'><strong>:</strong></span> 
     </span>
    </p>
   </div>
   <div class='ocr_carea' id='block_1_61' title="bbox 2027 2078 3590 2150">
    <p class='ocr_par' dir='ltr' id='par_1_61' title="bbox 2027 2078 3590 2150">
     <span class='ocr_line' id='line_1_63' title="bbox 2027 2078 3590 2150; baseline -0.005 -12"><span class='ocrx_word' id='word_1_422' title='bbox 2027 2084 2290 2138; x_wconf 75' lang='lat' dir='ltr'><strong>Indicium</strong></span> <span class='ocrx_word' id='word_1_423' title='bbox 2317 2091 2494 2137; x_wconf 85' lang='lat' dir='ltr'><strong>autem</strong></span> <span class='ocrx_word' id='word_1_424' title='bbox 2528 2081 2626 2135; x_wconf 81' lang='lat' dir='ltr'><strong>tibi</strong></span> <span class='ocrx_word' id='word_1_425' title='bbox 2647 2081 2793 2134; x_wconf 83' lang='lat' dir='ltr'><strong>illius</strong></span> <span class='ocrx_word' id='word_1_426' title='bbox 2823 2081 3094 2150; x_wconf 76' lang='lat' dir='ltr'><strong>temporis,</strong></span> <span class='ocrx_word' id='word_1_427' title='bbox 3127 2089 3176 2134; x_wconf 89' lang='lat' dir='ltr'><strong>et</strong></span> <span class='ocrx_word' id='word_1_428' title='bbox 3209 2080 3402 2135; x_wconf 86' lang='lat' dir='ltr'><strong>mensis</strong></span> <span class='ocrx_word' id='word_1_429' title='bbox 3442 2078 3590 2132; x_wconf 79' lang='lat' dir='ltr'><strong>illius</strong></span> 
     </span>
    </p>
   </div>
   <div class='ocr_carea' id='block_1_62' title="bbox 2025 2150 3260 2222">
    <p class='ocr_par' dir='ltr' id='par_1_62' title="bbox 2025 2150 3260 2222">
     <span class='ocr_line' id='line_1_64' title="bbox 2025 2150 3260 2222; baseline -0.004 -12"><span class='ocrx_word' id='word_1_430' title='bbox 2025 2155 2274 2222; x_wconf 75' lang='lat' dir='ltr'><strong>Scorpius</strong></span> <span class='ocrx_word' id='word_1_431' title='bbox 2302 2155 2541 2209; x_wconf 73' lang='lat' dir='ltr'><strong>exoriens</strong></span> <span class='ocrx_word' id='word_1_432' title='bbox 2560 2161 2683 2222; x_wconf 88' lang='lat' dir='ltr'><strong>esto</strong></span> <span class='ocrx_word' id='word_1_433' title='bbox 2707 2162 2941 2204; x_wconf 76' lang='lat' dir='ltr'><strong>extrema</strong></span> <span class='ocrx_word' id='word_1_434' title='bbox 2964 2150 3058 2204; x_wconf 87' lang='lat' dir='ltr'><strong>sub</strong></span> <span class='ocrx_word' id='word_1_435' title='bbox 3089 2161 3260 2205; x_wconf 85' lang='lat' dir='ltr'><strong>nocte.</strong></span> 
     </span>
    </p>
   </div>
   <div class='ocr_carea' id='block_1_63' title="bbox 2031 2219 3595 2342">
    <p class='ocr_par' dir='ltr' id='par_1_63' title="bbox 2031 2219 3595 2342">
     <span class='ocr_line' id='line_1_65' title="bbox 2031 2219 3595 2342; baseline -0.006 -61"><span class='ocrx_word' id='word_1_436' title='bbox 2031 2219 2193 2296; x_wconf 71' lang='lat'><strong>108</strong></span> <span class='ocrx_word' id='word_1_437' title='bbox 2214 2221 2654 2293; x_wconf 83' lang='lat' dir='ltr'><strong>Quandoquidem</strong></span> <span class='ocrx_word' id='word_1_438' title='bbox 2682 2237 2930 2291; x_wconf 83' lang='lat' dir='ltr'><strong>magnum</strong></span> <span class='ocrx_word' id='word_1_439' title='bbox 2959 2236 3142 2273; x_wconf 84' lang='lat' dir='ltr'><strong>arcum</strong></span> <span class='ocrx_word' id='word_1_440' title='bbox 3170 2219 3595 2342; x_wconf 52' lang='lat' dir='ltr'><strong>attfaliitle&#39;props</strong></span> 
     </span>
     <span class='ocr_line' id='line_1_66' title="bbox 3278 2301 3516 2342; baseline 0 0"><span class='ocrx_word' id='word_1_441' title='bbox 3278 2301 3372 2342; x_wconf 79' lang='lat' dir='ltr'><strong>aeu</strong></span> <span class='ocrx_word' id='word_1_442' title='bbox 3469 2307 3516 2342; x_wconf 88' lang='lat' dir='ltr'><strong>m</strong></span> 
     </span>
    </p>
   </div>
   <div class='ocr_carea' id='block_1_64' title="bbox 2030 2290 3524 2434">
    <p class='ocr_par' dir='ltr' id='par_1_64' title="bbox 2030 2290 3524 2434">
     <span class='ocr_line' id='line_1_67' title="bbox 2030 2290 3524 2434; baseline -0.004 -15"><span class='ocrx_word' id='word_1_443' title='bbox 2030 2363 2358 2434; x_wconf 79' lang='lat' dir='ltr'><strong>Sagittarius</strong></span> <span class='ocrx_word' id='word_1_444' title='bbox 2393 2379 2414 2417; x_wconf 89' lang='lat'><strong><em>:</em></strong></span> <span class='ocrx_word' id='word_1_445' title='bbox 2460 2361 2552 2416; x_wconf 87' lang='lat' dir='ltr'><strong>sed</strong></span> <span class='ocrx_word' id='word_1_446' title='bbox 2572 2362 2849 2434; x_wconf 74' lang='lat' dir='ltr'><strong>aliquanto</strong></span> <span class='ocrx_word' id='word_1_447' title='bbox 2879 2359 3115 2415; x_wconf 82' lang='lat' dir='ltr'><strong>anterior</strong></span> <span class='ocrx_word' id='word_1_448' title='bbox 3145 2290 3524 2434; x_wconf 25' lang='lat' dir='ltr'><strong>mmmam</strong></span> 
     </span>
    </p>
   </div>
   <div class='ocr_carea' id='block_1_65' title="bbox 2031 2429 3594 2552">
    <p class='ocr_par' dir='ltr' id='par_1_65' title="bbox 2031 2429 3594 2552">
     <span class='ocr_line' id='line_1_68' title="bbox 2031 2429 3594 2552; baseline -0.005 -62"><span class='ocrx_word' id='word_1_449' title='bbox 2031 2429 2280 2502; x_wconf 73' lang='lat' dir='ltr'><strong>Scorpius</strong></span> <span class='ocrx_word' id='word_1_450' title='bbox 2330 2433 2620 2496; x_wconf 73' lang='lat' dir='ltr'><strong>exoriens;</strong></span> <span class='ocrx_word' id='word_1_451' title='bbox 2661 2429 2744 2484; x_wconf 77' lang='lat' dir='ltr'><strong>hic</strong></span> <span class='ocrx_word' id='word_1_452' title='bbox 2801 2441 2977 2485; x_wconf 81' lang='lat' dir='ltr'><strong>autem</strong></span> <span class='ocrx_word' id='word_1_453' title='bbox 3028 2431 3280 2552; x_wconf 60' lang='grc' dir='ltr'>αδοεηῖϋὲ</span> <span class='ocrx_word' id='word_1_454' title='bbox 3322 2429 3594 2550; x_wconf 64' lang='grc' dir='ltr'>εοᾶιιεειίηι</span> 
     </span>
     <span class='ocr_line' id='line_1_69' title="bbox 3213 2515 3513 2552; baseline 0 0"><span class='ocrx_word' id='word_1_455' title='bbox 3213 2515 3244 2552; x_wconf 88' lang='lat' dir='ltr'><strong>a</strong></span> <span class='ocrx_word' id='word_1_456' title='bbox 3285 2515 3366 2552; x_wconf 91' lang='lat' dir='ltr'><strong>mo</strong></span> <span class='ocrx_word' id='word_1_457' title='bbox 3407 2516 3513 2552; x_wconf 87' lang='lat' dir='ltr'><strong>um.</strong></span> 
     </span>
    </p>
   </div>
   <div class='ocr_carea' id='block_1_66' title="bbox 2035 2499 3513 2644">
    <p class='ocr_par' dir='ltr' id='par_1_66' title="bbox 2035 2499 3513 2644">
     <span class='ocr_line' id='line_1_70' title="bbox 2035 2499 3513 2644; baseline -0.04 22"><span class='ocrx_word' id='word_1_458' title='bbox 2035 2575 2168 2630; x_wconf 71' lang='lat' dir='ltr'><strong>Tum</strong></span> <span class='ocrx_word' id='word_1_459' title='bbox 2199 2589 2404 2644; x_wconf 67' lang='grc' dir='ltr'>συοφιε,</span> <span class='ocrx_word' id='word_1_460' title='bbox 2427 2581 2586 2644; x_wconf 70' lang='lat' dir='ltr'><strong>caput</strong></span> <span class='ocrx_word' id='word_1_461' title='bbox 2609 2571 2899 2644; x_wconf 73' lang='lat' dir='ltr'><strong>Cynosura:</strong></span> <span class='ocrx_word' id='word_1_462' title='bbox 2927 2579 3160 2624; x_wconf 77' lang='lat' dir='ltr'><strong>extrema</strong></span> <span class='ocrx_word' id='word_1_463' title='bbox 3187 2499 3513 2624; x_wconf 47' lang='lat' dir='ltr'><strong>Eliizo‘ium.</strong></span> 
     </span>
    </p>
   </div>
   <div class='ocr_carea' id='block_1_67' title="bbox 2034 2642 3254 2712">
    <p class='ocr_par' dir='ltr' id='par_1_67' title="bbox 2034 2642 3254 2712">
     <span class='ocr_line' id='line_1_71' title="bbox 2034 2642 3254 2712; baseline -0.004 -13"><span class='ocrx_word' id='word_1_464' title='bbox 2034 2645 2257 2699; x_wconf 76' lang='lat' dir='ltr'><strong>Excetse</strong></span> <span class='ocrx_word' id='word_1_465' title='bbox 2283 2642 2436 2697; x_wconf 65' lang='grc' dir='ltr'>τοιάδ</span> <span class='ocrx_word' id='word_1_466' title='bbox 2458 2642 2666 2712; x_wconf 69' lang='lat' dir='ltr'><strong>fertur,</strong></span> <span class='ocrx_word' id='word_1_467' title='bbox 2685 2643 2876 2694; x_wconf 84' lang='lat' dir='ltr'><strong>occidit</strong></span> <span class='ocrx_word' id='word_1_468' title='bbox 2896 2651 3072 2694; x_wconf 90' lang='lat' dir='ltr'><strong>autem</strong></span> <span class='ocrx_word' id='word_1_469' title='bbox 3100 2655 3254 2694; x_wconf 83' lang='lat' dir='ltr'><strong>ntane</strong></span> 
     </span>
    </p>
   </div>
   <div class='ocr_carea' id='block_1_68' title="bbox 2035 2708 3596 2784">
    <p class='ocr_par' dir='ltr' id='par_1_68' title="bbox 2035 2708 3596 2784">
     <span class='ocr_line' id='line_1_72' title="bbox 2035 2708 3596 2784; baseline -0.005 -13"><span class='ocrx_word' id='word_1_470' title='bbox 2035 2715 2326 2784; x_wconf 81' lang='lat' dir='ltr'><strong>Confertim</strong></span> <span class='ocrx_word' id='word_1_471' title='bbox 2355 2708 2556 2776; x_wconf 78' lang='lat' dir='ltr'><strong>Orion;</strong></span> <span class='ocrx_word' id='word_1_472' title='bbox 2588 2712 2819 2781; x_wconf 77' lang='lat' dir='ltr'><strong>Cepheus</strong></span> <span class='ocrx_word' id='word_1_473' title='bbox 2843 2727 2960 2766; x_wconf 78' lang='lat' dir='ltr'><strong>vero</strong></span> <span class='ocrx_word' id='word_1_474' title='bbox 2994 2727 3028 2764; x_wconf 88' lang='lat' dir='ltr'><strong>a</strong></span> <span class='ocrx_word' id='word_1_475' title='bbox 3058 2727 3218 2764; x_wconf 84' lang='lat' dir='ltr'><strong>manu</strong></span> <span class='ocrx_word' id='word_1_476' title='bbox 3252 2709 3320 2763; x_wconf 81' lang='lat' dir='ltr'><strong>ad</strong></span> <span class='ocrx_word' id='word_1_477' title='bbox 3341 2708 3596 2763; x_wconf 80' lang='lat' dir='ltr'><strong>lumbum.</strong></span> 
     </span>
    </p>
   </div>
   <div class='ocr_carea' id='block_1_69' title="bbox 2104 2821 3602 2896">
    <p class='ocr_par' dir='ltr' id='par_1_69' title="bbox 2104 2821 3602 2896">
     <span class='ocr_line' id='line_1_73' title="bbox 2104 2821 3602 2896; baseline -0.003 -15"><span class='ocrx_word' id='word_1_478' title='bbox 2104 2825 2315 2894; x_wconf 83' lang='lat' dir='ltr'><strong>Quibus</strong></span> <span class='ocrx_word' id='word_1_479' title='bbox 2343 2825 2570 2896; x_wconf 84' lang='lat' dir='ltr'><strong>prolatis</strong></span> <span class='ocrx_word' id='word_1_480' title='bbox 2599 2823 2833 2886; x_wconf 87' lang='lat' dir='ltr'><strong>Attalus,</strong></span> <span class='ocrx_word' id='word_1_481' title='bbox 2861 2825 2934 2877; x_wconf 87' lang='lat' dir='ltr'><strong>ita</strong></span> <span class='ocrx_word' id='word_1_482' title='bbox 2958 2823 3203 2879; x_wconf 82' lang='lat' dir='ltr'><strong>scribit:</strong></span> <span class='ocrx_word' id='word_1_483' title='bbox 3245 2841 3264 2873; x_wconf 78' lang='grc' dir='ltr'><strong>ι</strong></span> <span class='ocrx_word' id='word_1_484' title='bbox 3305 2821 3474 2891; x_wconf 77' lang='lat' dir='ltr'><strong>Igitur</strong></span> <span class='ocrx_word' id='word_1_485' title='bbox 3495 2833 3602 2876; x_wconf 52' lang='lat' dir='ltr'><strong>casu</strong></span> 
     </span>
    </p>
   </div>
   <div class='ocr_carea' id='block_1_70' title="bbox 2039 2913 3604 2988">
    <p class='ocr_par' dir='ltr' id='par_1_70' title="bbox 2039 2913 3604 2988">
     <span class='ocr_line' id='line_1_74' title="bbox 2039 2913 3604 2988; baseline -0.003 -16"><span class='ocrx_word' id='word_1_486' title='bbox 2039 2927 2154 2973; x_wconf 89' lang='lat' dir='ltr'><strong>tera</strong></span> <span class='ocrx_word' id='word_1_487' title='bbox 2183 2916 2400 2988; x_wconf 85' lang='lat' dir='ltr'><strong>quidem</strong></span> <span class='ocrx_word' id='word_1_488' title='bbox 2431 2925 2602 2987; x_wconf 72' lang='lat' dir='ltr'><strong>poetae</strong></span> <span class='ocrx_word' id='word_1_489' title='bbox 2628 2915 2931 2971; x_wconf 87' lang='lat' dir='ltr'><strong>tolerabilia</strong></span> <span class='ocrx_word' id='word_1_490' title='bbox 2963 2921 3114 2970; x_wconf 87' lang='lat' dir='ltr'><strong>sunt.</strong></span> <span class='ocrx_word' id='word_1_491' title='bbox 3147 2915 3206 2969; x_wconf 86' lang='lat' dir='ltr'><strong>In</strong></span> <span class='ocrx_word' id='word_1_492' title='bbox 3231 2913 3446 2985; x_wconf 84' lang='lat' dir='ltr'><strong>Cepheo</strong></span> <span class='ocrx_word' id='word_1_493' title='bbox 3475 2925 3604 2969; x_wconf 79' lang='lat' dir='ltr'><strong>vero</strong></span> 
     </span>
    </p>
   </div>
   <div class='ocr_carea' id='block_1_71' title="bbox 2040 2989 3602 3070">
    <p class='ocr_par' dir='ltr' id='par_1_71' title="bbox 2040 2989 3602 3070">
     <span class='ocr_line' id='line_1_75' title="bbox 2040 2989 3602 3070; baseline -0.004 -5"><span class='ocrx_word' id='word_1_494' title='bbox 2040 3009 2315 3065; x_wconf 81' lang='lat' dir='ltr'><strong>manifesti</strong></span> <span class='ocrx_word' id='word_1_495' title='bbox 2346 3008 2553 3064; x_wconf 92' lang='lat' dir='ltr'><strong>erroris</strong></span> <span class='ocrx_word' id='word_1_496' title='bbox 2582 3014 2817 3070; x_wconf 89' lang='lat' dir='ltr'><strong>tenetur,</strong></span> <span class='ocrx_word' id='word_1_497' title='bbox 2847 3022 2973 3062; x_wconf 90' lang='lat' dir='ltr'><strong>cum</strong></span> <span class='ocrx_word' id='word_1_498' title='bbox 3013 3007 3162 3061; x_wconf 85' lang='lat' dir='ltr'><strong>hunc</strong></span> <span class='ocrx_word' id='word_1_499' title='bbox 3195 2989 3271 3060; x_wconf 77' lang='lat' dir='ltr'><strong>ait</strong></span> <span class='ocrx_word' id='word_1_500' title='bbox 3297 3006 3442 3060; x_wconf 89' lang='lat' dir='ltr'><strong>circa</strong></span> <span class='ocrx_word' id='word_1_501' title='bbox 3469 3005 3602 3059; x_wconf 87' lang='lat' dir='ltr'><strong>illud</strong></span> 
     </span>
    </p>
   </div>
   <div class='ocr_carea' id='block_1_72' title="bbox 2040 3099 3602 3174">
    <p class='ocr_par' dir='ltr' id='par_1_72' title="bbox 2040 3099 3602 3174">
     <span class='ocr_line' id='line_1_76' title="bbox 2040 3099 3602 3174; baseline -0.004 -16"><span class='ocrx_word' id='word_1_502' title='bbox 2040 3111 2257 3174; x_wconf 85' lang='lat' dir='ltr'><strong>tempus</strong></span> <span class='ocrx_word' id='word_1_503' title='bbox 2311 3100 2580 3158; x_wconf 75' lang='lat' dir='ltr'><strong>occidere.</strong></span> <span class='ocrx_word' id='word_1_504' title='bbox 2633 3101 2747 3156; x_wconf 78' lang='lat' dir='ltr'><strong>Non</strong></span> <span class='ocrx_word' id='word_1_505' title='bbox 2791 3102 2936 3157; x_wconf 90' lang='lat' dir='ltr'><strong>enim</strong></span> <span class='ocrx_word' id='word_1_506' title='bbox 2991 3116 3248 3157; x_wconf 89' lang='lat' dir='ltr'><strong>occasum</strong></span> <span class='ocrx_word' id='word_1_507' title='bbox 3279 3108 3411 3155; x_wconf 91' lang='lat' dir='ltr'><strong>tunc</strong></span> <span class='ocrx_word' id='word_1_508' title='bbox 3449 3099 3602 3162; x_wconf 88' lang='lat' dir='ltr'><strong>facit,</strong></span> 
     </span>
    </p>
   </div>
   <div class='ocr_carea' id='block_1_73' title="bbox 2043 3189 3607 3264">
    <p class='ocr_par' dir='ltr' id='par_1_73' title="bbox 2043 3189 3607 3264">
     <span class='ocr_line' id='line_1_77' title="bbox 2043 3189 3607 3264; baseline -0.004 -15"><span class='ocrx_word' id='word_1_509' title='bbox 2043 3193 2140 3249; x_wconf 90' lang='lat' dir='ltr'><strong>sed</strong></span> <span class='ocrx_word' id='word_1_510' title='bbox 2169 3193 2352 3264; x_wconf 85' lang='lat' dir='ltr'><strong>potius</strong></span> <span class='ocrx_word' id='word_1_511' title='bbox 2384 3200 2635 3248; x_wconf 82' lang='lat' dir='ltr'><strong>exortum</strong></span> <span class='ocrx_word' id='word_1_512' title='bbox 2665 3205 2679 3242; x_wconf 88' lang='lat'><strong>:</strong></span> <span class='ocrx_word' id='word_1_513' title='bbox 2711 3197 2876 3260; x_wconf 86' lang='lat' dir='ltr'><strong>atque</strong></span> <span class='ocrx_word' id='word_1_514' title='bbox 2900 3190 3001 3244; x_wconf 87' lang='lat' dir='ltr'><strong>hoc</strong></span> <span class='ocrx_word' id='word_1_515' title='bbox 3027 3206 3106 3245; x_wconf 55' lang='lat' dir='ltr'><strong>ex»</strong></span> <span class='ocrx_word' id='word_1_516' title='bbox 3134 3189 3385 3260; x_wconf 90' lang='lat' dir='ltr'><strong>ipsismet</strong></span> <span class='ocrx_word' id='word_1_517' title='bbox 3435 3198 3607 3260; x_wconf 64' lang='lat' dir='ltr'><strong>poeta</strong></span> 
     </span>
    </p>
   </div>
   <div class='ocr_carea' id='block_1_74' title="bbox 2042 3279 3607 3353">
    <p class='ocr_par' dir='ltr' id='par_1_74' title="bbox 2042 3279 3607 3353">
     <span class='ocr_line' id='line_1_78' title="bbox 2042 3279 3607 3353; baseline -0.003 -17"><span class='ocrx_word' id='word_1_518' title='bbox 2042 3283 2297 3338; x_wconf 78' lang='lat' dir='ltr'><strong>versibus</strong></span> <span class='ocrx_word' id='word_1_519' title='bbox 2351 3290 2596 3353; x_wconf 85' lang='lat' dir='ltr'><strong>apparet.</strong></span> <span class='ocrx_word' id='word_1_520' title='bbox 2643 3279 2748 3335; x_wconf 89' lang='lat' dir='ltr'><strong>Per</strong></span> <span class='ocrx_word' id='word_1_521' title='bbox 2789 3281 2847 3334; x_wconf 83' lang='lat' dir='ltr'><strong>id</strong></span> <span class='ocrx_word' id='word_1_522' title='bbox 2898 3281 3043 3336; x_wconf 86' lang='lat' dir='ltr'><strong>enim</strong></span> <span class='ocrx_word' id='word_1_523' title='bbox 3095 3288 3311 3350; x_wconf 87' lang='lat' dir='ltr'><strong>tempus</strong></span> <span class='ocrx_word' id='word_1_524' title='bbox 3349 3293 3607 3334; x_wconf 82' lang='lat' dir='ltr'><strong>occasum</strong></span> 
     </span>
    </p>
   </div>
   <div class='ocr_carea' id='block_1_75' title="bbox 2045 3367 3610 3444">
    <p class='ocr_par' dir='ltr' id='par_1_75' title="bbox 2045 3367 3610 3444">
     <span class='ocr_line' id='line_1_79' title="bbox 2045 3367 3610 3444; baseline -0.003 -17"><span class='ocrx_word' id='word_1_525' title='bbox 2045 3374 2222 3444; x_wconf 77' lang='lat' dir='ltr'><strong>ipsum</strong></span> <span class='ocrx_word' id='word_1_526' title='bbox 2247 3373 2323 3427; x_wconf 87' lang='lat' dir='ltr'><strong>ait</strong></span> <span class='ocrx_word' id='word_1_527' title='bbox 2345 3373 2608 3443; x_wconf 87' lang='lat' dir='ltr'><strong>incipere,</strong></span> <span class='ocrx_word' id='word_1_528' title='bbox 2636 3386 2746 3443; x_wconf 91' lang='lat' dir='ltr'><strong>quo</strong></span> <span class='ocrx_word' id='word_1_529' title='bbox 2780 3371 2844 3426; x_wconf 86' lang='lat' dir='ltr'><strong>ad</strong></span> <span class='ocrx_word' id='word_1_530' title='bbox 2897 3370 3162 3425; x_wconf 89' lang='lat' dir='ltr'><strong>orientem</strong></span> <span class='ocrx_word' id='word_1_531' title='bbox 3201 3371 3392 3440; x_wconf 73' lang='lat' dir='ltr'><strong>positae</strong></span> <span class='ocrx_word' id='word_1_532' title='bbox 3431 3367 3610 3424; x_wconf 56' lang='lat' dir='ltr'><strong>Chelas</strong></span> 
     </span>
    </p>
   </div>
   <div class='ocr_carea' id='block_1_76' title="bbox 2039 3460 3612 3537">
    <p class='ocr_par' dir='ltr' id='par_1_76' title="bbox 2039 3460 3612 3537">
     <span class='ocr_line' id='line_1_80' title="bbox 2039 3460 3612 3537; baseline -0.004 -17"><span class='ocrx_word' id='word_1_533' title='bbox 2039 3466 2266 3537; x_wconf 85' lang='lat' dir='ltr'><strong>jamjam</strong></span> <span class='ocrx_word' id='word_1_534' title='bbox 2303 3481 2598 3521; x_wconf 71' lang='lat' dir='ltr'><strong>emersum</strong></span> <span class='ocrx_word' id='word_1_535' title='bbox 2636 3471 2787 3519; x_wconf 88' lang='lat' dir='ltr'><strong>sunt.</strong></span> <span class='ocrx_word' id='word_1_536' title='bbox 2813 3462 3082 3518; x_wconf 89' lang='lat' dir='ltr'><strong>Omnibus</strong></span> <span class='ocrx_word' id='word_1_537' title='bbox 3133 3474 3264 3517; x_wconf 85' lang='lat' dir='ltr'><strong>vero</strong></span> <span class='ocrx_word' id='word_1_538' title='bbox 3313 3462 3428 3517; x_wconf 89' lang='lat' dir='ltr'><strong>suis</strong></span> <span class='ocrx_word' id='word_1_539' title='bbox 3462 3460 3612 3514; x_wconf 78' lang='lat' dir='ltr'><strong>occi-</strong></span> 
     </span>
    </p>
   </div>
   <div class='ocr_carea' id='block_1_77' title="bbox 2045 3553 3612 3628">
    <p class='ocr_par' dir='ltr' id='par_1_77' title="bbox 2045 3553 3612 3628">
     <span class='ocr_line' id='line_1_81' title="bbox 2045 3553 3612 3628; baseline -0.005 -15"><span class='ocrx_word' id='word_1_540' title='bbox 2045 3557 2195 3613; x_wconf 85' lang='lat' dir='ltr'><strong>disse</strong></span> <span class='ocrx_word' id='word_1_541' title='bbox 2248 3558 2531 3628; x_wconf 88' lang='lat' dir='ltr'><strong>partibus,</strong></span> <span class='ocrx_word' id='word_1_542' title='bbox 2593 3571 2717 3627; x_wconf 67' lang='lat' dir='ltr'><strong>qum</strong></span> <span class='ocrx_word' id='word_1_543' title='bbox 2768 3555 2988 3625; x_wconf 90' lang='lat' dir='ltr'><strong>quidem</strong></span> <span class='ocrx_word' id='word_1_544' title='bbox 3051 3553 3302 3609; x_wconf 88' lang='lat' dir='ltr'><strong>occidere</strong></span> <span class='ocrx_word' id='word_1_545' title='bbox 3347 3561 3612 3623; x_wconf 80' lang='lat' dir='ltr'><strong>possunt,</strong></span> 
     </span>
    </p>
   </div>
   <div class='ocr_carea' id='block_1_78' title="bbox 2047 3641 3615 3714">
    <p class='ocr_par' dir='ltr' id='par_1_78' title="bbox 2047 3641 3615 3714">
     <span class='ocr_line' id='line_1_82' title="bbox 2047 3641 3615 3714; baseline -0.001 -16"><span class='ocrx_word' id='word_1_546' title='bbox 2047 3643 2266 3714; x_wconf 89' lang='lat' dir='ltr'><strong>quando</strong></span> <span class='ocrx_word' id='word_1_547' title='bbox 2297 3642 2560 3714; x_wconf 84' lang='lat' dir='ltr'><strong>Scorpius</strong></span> <span class='ocrx_word' id='word_1_548' title='bbox 2592 3645 2649 3697; x_wconf 90' lang='lat' dir='ltr'><strong>in</strong></span> <span class='ocrx_word' id='word_1_549' title='bbox 2675 3643 2885 3699; x_wconf 86' lang='lat' dir='ltr'><strong>oriente</strong></span> <span class='ocrx_word' id='word_1_550' title='bbox 2919 3643 3060 3698; x_wconf 90' lang='lat' dir='ltr'><strong>situs</strong></span> <span class='ocrx_word' id='word_1_551' title='bbox 3081 3652 3182 3697; x_wconf 91' lang='lat' dir='ltr'><strong>est.</strong></span> <span class='ocrx_word' id='word_1_552' title='bbox 3220 3661 3238 3695; x_wconf 71' lang='grc' dir='ltr'><strong>ι</strong></span> <span class='ocrx_word' id='word_1_553' title='bbox 3274 3641 3456 3713; x_wconf 85' lang='lat' dir='ltr'><strong>Longe</strong></span> <span class='ocrx_word' id='word_1_554' title='bbox 3483 3659 3615 3712; x_wconf 83' lang='lat' dir='ltr'><strong>ergo</strong></span> 
     </span>
    </p>
   </div>
   <div class='ocr_carea' id='block_1_79' title="bbox 2050 3733 3617 3805">
    <p class='ocr_par' dir='ltr' id='par_1_79' title="bbox 2050 3733 3617 3805">
     <span class='ocr_line' id='line_1_83' title="bbox 2050 3733 3617 3805; baseline 0.001 -17"><span class='ocrx_word' id='word_1_555' title='bbox 2050 3735 2223 3792; x_wconf 88' lang='lat' dir='ltr'><strong>falsus</strong></span> <span class='ocrx_word' id='word_1_556' title='bbox 2251 3735 2510 3805; x_wconf 90' lang='lat' dir='ltr'><strong>opinione</strong></span> <span class='ocrx_word' id='word_1_557' title='bbox 2556 3735 2688 3788; x_wconf 90' lang='lat' dir='ltr'><strong>mihi</strong></span> <span class='ocrx_word' id='word_1_558' title='bbox 2717 3733 2932 3789; x_wconf 81' lang='lat' dir='ltr'><strong>videtur</strong></span> <span class='ocrx_word' id='word_1_559' title='bbox 2971 3733 3186 3789; x_wconf 88' lang='lat' dir='ltr'><strong>Attalus</strong></span> <span class='ocrx_word' id='word_1_560' title='bbox 3227 3749 3502 3798; x_wconf 86' lang='lat' dir='ltr'><strong>asserens,</strong></span> <span class='ocrx_word' id='word_1_561' title='bbox 3547 3733 3617 3789; x_wconf 90' lang='lat' dir='ltr'><strong>de</strong></span> 
     </span>
    </p>
   </div>
   <div class='ocr_carea' id='block_1_80' title="bbox 2049 3824 3619 3896">
    <p class='ocr_par' dir='ltr' id='par_1_80' title="bbox 2049 3824 3619 3896">
     <span class='ocr_line' id='line_1_84' title="bbox 2049 3824 3619 3896; baseline -0.002 -14"><span class='ocrx_word' id='word_1_562' title='bbox 2049 3829 2226 3896; x_wconf 87' lang='lat' dir='ltr'><strong>capite</strong></span> <span class='ocrx_word' id='word_1_563' title='bbox 2265 3827 2493 3883; x_wconf 90' lang='lat' dir='ltr'><strong>minoris</strong></span> <span class='ocrx_word' id='word_1_564' title='bbox 2526 3827 2699 3890; x_wconf 87' lang='lat' dir='ltr'><strong>Ursae,</strong></span> <span class='ocrx_word' id='word_1_565' title='bbox 2731 3826 2908 3896; x_wconf 89' lang='lat' dir='ltr'><strong>deque</strong></span> <span class='ocrx_word' id='word_1_566' title='bbox 2951 3824 3174 3891; x_wconf 83' lang='lat' dir='ltr'><strong>Orione,</strong></span> <span class='ocrx_word' id='word_1_567' title='bbox 3213 3840 3322 3880; x_wconf 87' lang='lat' dir='ltr'><strong>non</strong></span> <span class='ocrx_word' id='word_1_568' title='bbox 3357 3827 3498 3883; x_wconf 90' lang='lat' dir='ltr'><strong>male</strong></span> <span class='ocrx_word' id='word_1_569' title='bbox 3549 3827 3619 3880; x_wconf 86' lang='lat' dir='ltr'><strong>ab</strong></span> 
     </span>
    </p>
   </div>
   <div class='ocr_carea' id='block_1_81' title="bbox 2048 3917 3617 3989">
    <p class='ocr_par' dir='ltr' id='par_1_81' title="bbox 2048 3917 3617 3989">
     <span class='ocr_line' id='line_1_85' title="bbox 2048 3917 3617 3989; baseline 0 -17"><span class='ocrx_word' id='word_1_570' title='bbox 2048 3917 2218 3974; x_wconf 83' lang='lat' dir='ltr'><strong>Arato</strong></span> <span class='ocrx_word' id='word_1_571' title='bbox 2258 3918 2670 3989; x_wconf 86' lang='lat' dir='ltr'><strong>pronuntiatum</strong></span> <span class='ocrx_word' id='word_1_572' title='bbox 2720 3932 2890 3974; x_wconf 88' lang='lat' dir='ltr'><strong>esse:</strong></span> <span class='ocrx_word' id='word_1_573' title='bbox 2934 3918 3004 3972; x_wconf 90' lang='lat' dir='ltr'><strong>de</strong></span> <span class='ocrx_word' id='word_1_574' title='bbox 3041 3917 3256 3988; x_wconf 85' lang='lat' dir='ltr'><strong>Cepheo</strong></span> <span class='ocrx_word' id='word_1_575' title='bbox 3311 3933 3443 3973; x_wconf 82' lang='lat' dir='ltr'><strong>vero</strong></span> <span class='ocrx_word' id='word_1_576' title='bbox 3492 3931 3617 3988; x_wconf 84' lang='lat' dir='ltr'><strong>per-</strong></span> 
     </span>
    </p>
   </div>
   <div class='ocr_carea' id='block_1_82' title="bbox 2048 4010 3620 4085">
    <p class='ocr_par' dir='ltr' id='par_1_82' title="bbox 2048 4010 3620 4085">
     <span class='ocr_line' id='line_1_86' title="bbox 2048 4010 3620 4085; baseline -0.004 -17"><span class='ocrx_word' id='word_1_577' title='bbox 2048 4029 2255 4085; x_wconf 87' lang='lat' dir='ltr'><strong>peram.</strong></span> <span class='ocrx_word' id='word_1_578' title='bbox 2285 4013 2420 4067; x_wconf 86' lang='lat' dir='ltr'><strong>Nam</strong></span> <span class='ocrx_word' id='word_1_579' title='bbox 2444 4029 2476 4068; x_wconf 91' lang='lat' dir='ltr'><strong>e</strong></span> <span class='ocrx_word' id='word_1_580' title='bbox 2497 4013 2780 4068; x_wconf 90' lang='lat' dir='ltr'><strong>contrario</strong></span> <span class='ocrx_word' id='word_1_581' title='bbox 2808 4012 2876 4067; x_wconf 87' lang='lat' dir='ltr'><strong>de</strong></span> <span class='ocrx_word' id='word_1_582' title='bbox 2894 4010 3113 4082; x_wconf 85' lang='lat' dir='ltr'><strong>Cepheo</strong></span> <span class='ocrx_word' id='word_1_583' title='bbox 3148 4011 3240 4065; x_wconf 93' lang='lat' dir='ltr'><strong>ille</strong></span> <span class='ocrx_word' id='word_1_584' title='bbox 3270 4011 3492 4081; x_wconf 90' lang='lat' dir='ltr'><strong>quidem</strong></span> <span class='ocrx_word' id='word_1_585' title='bbox 3522 4025 3620 4080; x_wconf 80' lang='lat' dir='ltr'><strong>ap-</strong></span> 
     </span>
    </p>
   </div>
   <div class='ocr_carea' id='block_1_83' title="bbox 2049 4089 3620 4174">
    <p class='ocr_par' dir='ltr' id='par_1_83' title="bbox 2049 4089 3620 4174">
     <span class='ocr_line' id='line_1_87' title="bbox 2049 4089 3620 4174; baseline 0 -20"><span class='ocrx_word' id='word_1_586' title='bbox 2049 4089 2377 4174; x_wconf 30' lang='lat' dir='ltr'><strong>parentium&#39;</strong></span> <span class='ocrx_word' id='word_1_587' title='bbox 2417 4101 2544 4160; x_wconf 83' lang='lat' dir='ltr'><strong>ﬂdei</strong></span> <span class='ocrx_word' id='word_1_588' title='bbox 2580 4111 2949 4159; x_wconf 88' lang='lat' dir='ltr'><strong>consentanee</strong></span> <span class='ocrx_word' id='word_1_589' title='bbox 3003 4100 3226 4170; x_wconf 84' lang='lat' dir='ltr'><strong>scripsit</strong></span> <span class='ocrx_word' id='word_1_590' title='bbox 3269 4100 3364 4154; x_wconf 84' lang='lat' dir='ltr'><strong>:in</strong></span> <span class='ocrx_word' id='word_1_591' title='bbox 3409 4100 3620 4154; x_wconf 64' lang='lat' dir='ltr'><strong>calet-is</strong></span> 
     </span>
    </p>
   </div>
   <div class='ocr_carea' id='block_1_84' title="bbox 2051 4193 2324 4250">
    <p class='ocr_par' dir='ltr' id='par_1_84' title="bbox 2051 4193 2324 4250">
     <span class='ocr_line' id='line_1_88' title="bbox 2051 4193 2324 4250; baseline 0.004 -3"><span class='ocrx_word' id='word_1_592' title='bbox 2051 4193 2324 4250; x_wconf 87' lang='lat' dir='ltr'><strong>abhorret.</strong></span> 
     </span>
    </p>
   </div>
   <div class='ocr_carea' id='block_1_85' title="bbox 2119 4363 3619 4443">
    <p class='ocr_par' dir='ltr' id='par_1_85' title="bbox 2119 4363 3619 4443">
     <span class='ocr_line' id='line_1_89' title="bbox 2119 4363 3619 4443; baseline -0.003 -15"><span class='ocrx_word' id='word_1_593' title='bbox 2119 4363 2262 4428; x_wconf 77' lang='lat' dir='ltr'><strong>XVI.</strong></span> <span class='ocrx_word' id='word_1_594' title='bbox 2295 4370 2495 4428; x_wconf 80' lang='lat' dir='ltr'><strong>Verum</strong></span> <span class='ocrx_word' id='word_1_595' title='bbox 2527 4388 2638 4443; x_wconf 68' lang='lat' dir='ltr'><strong>prae</strong></span> <span class='ocrx_word' id='word_1_596' title='bbox 2669 4372 2758 4428; x_wconf 88' lang='lat' dir='ltr'><strong>bis</strong></span> <span class='ocrx_word' id='word_1_597' title='bbox 2783 4371 3039 4428; x_wconf 84' lang='lat' dir='ltr'><strong>omnibus</strong></span> <span class='ocrx_word' id='word_1_598' title='bbox 3059 4371 3619 4443; x_wconf 63' lang='lat' dir='ltr'><strong>peccaref’insuperin</strong></span> 
     </span>
    </p>
   </div>
   <div class='ocr_carea' id='block_1_86' title="bbox 2051 4463 3620 4534">
    <p class='ocr_par' dir='ltr' id='par_1_86' title="bbox 2051 4463 3620 4534">
     <span class='ocr_line' id='line_1_90' title="bbox 2051 4463 3620 4534; baseline -0.003 -14"><span class='ocrx_word' id='word_1_599' title='bbox 2051 4480 2117 4520; x_wconf 86' lang='lat' dir='ltr'><strong>eo</strong></span> <span class='ocrx_word' id='word_1_600' title='bbox 2145 4465 2382 4531; x_wconf 85' lang='lat' dir='ltr'><strong>videtur,</strong></span> <span class='ocrx_word' id='word_1_601' title='bbox 2397 4463 2543 4534; x_wconf 91' lang='lat' dir='ltr'><strong>quod</strong></span> <span class='ocrx_word' id='word_1_602' title='bbox 2572 4465 2798 4519; x_wconf 81' lang='lat' dir='ltr'><strong>Aratum</strong></span> <span class='ocrx_word' id='word_1_603' title='bbox 2818 4471 3040 4519; x_wconf 89' lang='lat' dir='ltr'><strong>censeat</strong></span> <span class='ocrx_word' id='word_1_604' title='bbox 3062 4463 3216 4534; x_wconf 87' lang='lat' dir='ltr'><strong>signa</strong></span> <span class='ocrx_word' id='word_1_605' title='bbox 3238 4463 3328 4517; x_wconf 92' lang='lat' dir='ltr'><strong>illa</strong></span> <span class='ocrx_word' id='word_1_606' title='bbox 3345 4478 3464 4534; x_wconf 61' lang='lat' dir='ltr'><strong>qua</strong></span> <span class='ocrx_word' id='word_1_607' title='bbox 3477 4464 3620 4517; x_wconf 88' lang='lat' dir='ltr'><strong>dicta</strong></span> 
     </span>
    </p>
   </div>
   <div class='ocr_carea' id='block_1_87' title="bbox 386 4551 1941 4631">
    <p class='ocr_par' dir='ltr' id='par_1_87' title="bbox 386 4555 1941 4631">
     <span class='ocr_line' id='line_1_91' title="bbox 386 4555 1941 4631; baseline -0.002 -20"><span class='ocrx_word' id='word_1_608' title='bbox 386 4562 614 4631; x_wconf 77' lang='grc' dir='ltr'>γράφειν</span> <span class='ocrx_word' id='word_1_609' title='bbox 647 4560 777 4628; x_wconf 82' lang='grc' dir='ltr'>ἡμῖν</span> <span class='ocrx_word' id='word_1_610' title='bbox 827 4559 924 4630; x_wconf 79' lang='grc' dir='ltr'><strong>τῆς</strong></span> <span class='ocrx_word' id='word_1_611' title='bbox 970 4558 1062 4611; x_wconf 82' lang='grc' dir='ltr'>τοῦ</span> <span class='ocrx_word' id='word_1_612' title='bbox 1095 4558 1323 4625; x_wconf 77' lang='grc' dir='ltr'>Τοξὸτου</span> <span class='ocrx_word' id='word_1_613' title='bbox 1370 4559 1654 4625; x_wconf 82' lang='grc' dir='ltr'>ἀνατολῆς.</span> <span class='ocrx_word' id='word_1_614' title='bbox 1685 4558 1802 4610; x_wconf 87' lang='grc' dir='ltr'>Ὅτι</span> <span class='ocrx_word' id='word_1_615' title='bbox 1853 4555 1941 4627; x_wconf 70' lang='grc' dir='ltr'>μὲν</span> 
     </span>
    </p>
   </div>
   <div class='ocr_carea' id='block_1_88' title="bbox 2044 4551 3624 4631">
    <p class='ocr_par' dir='ltr' id='par_1_88' title="bbox 2056 4551 3624 4625">
     <span class='ocr_line' id='line_1_92' title="bbox 2056 4551 3624 4625; baseline -0.005 -13"><span class='ocrx_word' id='word_1_616' title='bbox 2056 4565 2204 4623; x_wconf 88' lang='lat' dir='ltr'><strong>sunt,</strong></span> <span class='ocrx_word' id='word_1_617' title='bbox 2259 4555 2540 4625; x_wconf 88' lang='lat' dir='ltr'><strong>Sagittarii</strong></span> <span class='ocrx_word' id='word_1_618' title='bbox 2565 4562 2719 4608; x_wconf 89' lang='lat' dir='ltr'><strong>ortus</strong></span> <span class='ocrx_word' id='word_1_619' title='bbox 2761 4553 3032 4608; x_wconf 85' lang='lat' dir='ltr'><strong>attulisse.</strong></span> <span class='ocrx_word' id='word_1_620' title='bbox 3065 4551 3220 4617; x_wconf 88' lang='lat' dir='ltr'><strong>Quod</strong></span> <span class='ocrx_word' id='word_1_621' title='bbox 3255 4553 3400 4607; x_wconf 87' lang='lat' dir='ltr'><strong>enim</strong></span> <span class='ocrx_word' id='word_1_622' title='bbox 3445 4566 3508 4606; x_wconf 86' lang='lat' dir='ltr'><strong>ea</strong></span> <span class='ocrx_word' id='word_1_623' title='bbox 3550 4552 3624 4605; x_wconf 88' lang='lat' dir='ltr'><strong>sit</strong></span> 
     </span>
    </p>
   </div>
   <div class='ocr_carea' id='block_1_89' title="bbox 387 4645 1950 4720">
    <p class='ocr_par' dir='ltr' id='par_1_89' title="bbox 387 4645 1950 4720">
     <span class='ocr_line' id='line_1_93' title="bbox 387 4645 1950 4720; baseline -0.001 -18"><span class='ocrx_word' id='word_1_624' title='bbox 387 4649 496 4720; x_wconf 89' lang='grc' dir='ltr'><strong>γάρ</strong></span> <span class='ocrx_word' id='word_1_625' title='bbox 533 4648 691 4704; x_wconf 76' lang='grc' dir='ltr'>τοῦτο</span> <span class='ocrx_word' id='word_1_626' title='bbox 736 4649 1032 4720; x_wconf 74' lang='grc' dir='ltr'>ἐκδέχεται,</span> <span class='ocrx_word' id='word_1_627' title='bbox 1083 4650 1311 4720; x_wconf 84' lang='grc' dir='ltr'>φανερὸν</span> <span class='ocrx_word' id='word_1_628' title='bbox 1368 4651 1464 4720; x_wconf 86' lang='grc' dir='ltr'>μὲν</span> <span class='ocrx_word' id='word_1_629' title='bbox 1516 4645 1585 4720; x_wconf 84' lang='grc' dir='ltr'><strong>ἦν</strong></span> <span class='ocrx_word' id='word_1_630' title='bbox 1623 4649 1804 4702; x_wconf 81' lang='grc' dir='ltr'>καὶὲκ</span> <span class='ocrx_word' id='word_1_631' title='bbox 1843 4647 1950 4701; x_wconf 88' lang='grc' dir='ltr'><strong>τῶν</strong></span> 
     </span>
    </p>
   </div>
   <div class='ocr_carea' id='block_1_90' title="bbox 387 4739 1952 4814">
    <p class='ocr_par' dir='ltr' id='par_1_90' title="bbox 387 4739 1952 4814">
     <span class='ocr_line' id='line_1_94' title="bbox 387 4739 1952 4814; baseline -0.004 -18"><span class='ocrx_word' id='word_1_632' title='bbox 387 4743 892 4814; x_wconf 80' lang='grc' dir='ltr'>προγεγραμμένων</span> <span class='ocrx_word' id='word_1_633' title='bbox 946 4741 1111 4796; x_wconf 80' lang='grc' dir='ltr'>αὑτοῦ</span> <span class='ocrx_word' id='word_1_634' title='bbox 1161 4742 1393 4808; x_wconf 79' lang='grc' dir='ltr'>λέξεων·</span> <span class='ocrx_word' id='word_1_635' title='bbox 1443 4742 1610 4812; x_wconf 81' lang='grc' dir='ltr'>χωρὶς</span> <span class='ocrx_word' id='word_1_636' title='bbox 1659 4741 1716 4794; x_wconf 77' lang='grc' dir='ltr'>δὲ</span> <span class='ocrx_word' id='word_1_637' title='bbox 1752 4739 1952 4794; x_wconf 82' lang='grc' dir='ltr'>τούτων</span> 
     </span>
    </p>
   </div>
   <div class='ocr_carea' id='block_1_91' title="bbox 385 4827 1954 4902">
    <p class='ocr_par' dir='ltr' id='par_1_91' title="bbox 385 4827 1954 4902">
     <span class='ocr_line' id='line_1_95' title="bbox 385 4827 1954 4902; baseline -0.002 -18"><span class='ocrx_word' id='word_1_638' title='bbox 385 4827 480 4884; x_wconf 77' lang='grc' dir='ltr'>καὶ</span> <span class='ocrx_word' id='word_1_639' title='bbox 518 4828 698 4900; x_wconf 79' lang='grc' dir='ltr'>ῥητῶς</span> <span class='ocrx_word' id='word_1_640' title='bbox 728 4831 786 4882; x_wconf 84' lang='grc' dir='ltr'><strong>ὲν</strong></span> <span class='ocrx_word' id='word_1_641' title='bbox 817 4833 928 4894; x_wconf 88' lang='grc' dir='ltr'>τοῖς</span> <span class='ocrx_word' id='word_1_642' title='bbox 973 4831 1098 4902; x_wconf 80' lang='grc' dir='ltr'><strong>ἑξῆς</strong></span> <span class='ocrx_word' id='word_1_643' title='bbox 1126 4848 1287 4902; x_wconf 83' lang='grc' dir='ltr'>φησιν</span> <span class='ocrx_word' id='word_1_644' title='bbox 1333 4829 1535 4894; x_wconf 77' lang='grc' dir='ltr'>οὕτως’</span> <span class='ocrx_word' id='word_1_645' title='bbox 1576 4849 1593 4881; x_wconf 78' lang='grc' dir='ltr'><strong>ι</strong></span> <span class='ocrx_word' id='word_1_646' title='bbox 1638 4828 1954 4899; x_wconf 85' lang='grc' dir='ltr'>Ὀμολογου-</span> 
     </span>
    </p>
   </div>
   <div class='ocr_carea' id='block_1_92' title="bbox 389 4917 1953 4991">
    <p class='ocr_par' dir='ltr' id='par_1_92' title="bbox 389 4917 1953 4991">
     <span class='ocr_line' id='line_1_96' title="bbox 389 4917 1953 4991; baseline 0 -19"><span class='ocrx_word' id='word_1_647' title='bbox 389 4919 567 4990; x_wconf 89' lang='grc' dir='ltr'>μένως</span> <span class='ocrx_word' id='word_1_648' title='bbox 592 4918 656 4991; x_wconf 82' lang='grc' dir='ltr'>δὴ</span> <span class='ocrx_word' id='word_1_649' title='bbox 685 4919 823 4973; x_wconf 86' lang='grc' dir='ltr'>κατὰ</span> <span class='ocrx_word' id='word_1_650' title='bbox 845 4919 1030 4973; x_wconf 80' lang='grc' dir='ltr'>τοῦτον</span> <span class='ocrx_word' id='word_1_651' title='bbox 1058 4920 1146 4972; x_wconf 82' lang='grc' dir='ltr'>τὸν</span> <span class='ocrx_word' id='word_1_652' title='bbox 1186 4920 1375 4991; x_wconf 85' lang='grc' dir='ltr'>καιρὸν</span> <span class='ocrx_word' id='word_1_653' title='bbox 1413 4919 1630 4974; x_wconf 85' lang='grc' dir='ltr'>πάντων</span> <span class='ocrx_word' id='word_1_654' title='bbox 1655 4917 1818 4972; x_wconf 78' lang='grc' dir='ltr'>αὐτοῦ</span> <span class='ocrx_word' id='word_1_655' title='bbox 1845 4917 1953 4972; x_wconf 86' lang='grc' dir='ltr'><strong>τῶν</strong></span> 
     </span>
    </p>
   </div>
   <div class='ocr_carea' id='block_1_93' title="bbox 385 5007 1956 5084">
    <p class='ocr_par' dir='ltr' id='par_1_93' title="bbox 385 5007 1956 5084">
     <span class='ocr_line' id='line_1_97' title="bbox 385 5007 1956 5084; baseline -0.001 -22"><span class='ocrx_word' id='word_1_656' title='bbox 385 5009 542 5073; x_wconf 66' lang='grc' dir='ltr'>ἐκτὸς</span> <span class='ocrx_word' id='word_1_657' title='bbox 567 5008 660 5062; x_wconf 80' lang='grc' dir='ltr'><strong>τοῦ</strong></span> <span class='ocrx_word' id='word_1_658' title='bbox 692 5010 952 5080; x_wconf 78' lang='grc' dir='ltr'>ἀρκτικοῦ</span> <span class='ocrx_word' id='word_1_659' title='bbox 985 5007 1182 5062; x_wconf 84' lang='grc' dir='ltr'>κύκλου</span> <span class='ocrx_word' id='word_1_660' title='bbox 1221 5010 1485 5081; x_wconf 86' lang='grc' dir='ltr'>κειμένων</span> <span class='ocrx_word' id='word_1_661' title='bbox 1518 5009 1696 5084; x_wconf 87' lang='grc' dir='ltr'>μερῶν</span> <span class='ocrx_word' id='word_1_662' title='bbox 1748 5009 1956 5062; x_wconf 83' lang='grc' dir='ltr'>δεδυκό-</span> 
     </span>
    </p>
   </div>
   <div class='ocr_carea' id='block_1_94' title="bbox 381 5098 1954 5171">
    <p class='ocr_par' dir='ltr' id='par_1_94' title="bbox 381 5098 1954 5171">
     <span class='ocr_line' id='line_1_98' title="bbox 381 5098 1954 5171; baseline 0 -20"><span class='ocrx_word' id='word_1_663' title='bbox 381 5114 514 5161; x_wconf 83' lang='grc' dir='ltr'>των,</span> <span class='ocrx_word' id='word_1_664' title='bbox 550 5098 647 5170; x_wconf 74' lang='grc' dir='ltr'><strong>ἤδη</strong></span> <span class='ocrx_word' id='word_1_665' title='bbox 681 5099 776 5169; x_wconf 81' lang='grc' dir='ltr'>μὲν</span> <span class='ocrx_word' id='word_1_666' title='bbox 802 5099 1032 5169; x_wconf 80' lang='grc' dir='ltr'>φανερόν</span> <span class='ocrx_word' id='word_1_667' title='bbox 1065 5102 1233 5163; x_wconf 75' lang='grc' dir='ltr'>ἐστιν,</span> <span class='ocrx_word' id='word_1_668' title='bbox 1265 5101 1366 5164; x_wconf 86' lang='grc' dir='ltr'>ὅτι,</span> <span class='ocrx_word' id='word_1_669' title='bbox 1405 5100 1498 5154; x_wconf 79' lang='grc' dir='ltr'><strong>τοῦ</strong></span> <span class='ocrx_word' id='word_1_670' title='bbox 1537 5099 1765 5166; x_wconf 77' lang='grc' dir='ltr'>Τοξότου</span> <span class='ocrx_word' id='word_1_671' title='bbox 1818 5099 1954 5171; x_wconf 79' lang='grc' dir='ltr'>πρὸς</span> 
     </span>
    </p>
   </div>
   <div class='ocr_carea' id='block_1_95' title="bbox 381 5188 1948 5270">
    <p class='ocr_par' dir='ltr' id='par_1_95' title="bbox 381 5188 1948 5270">
     <span class='ocr_line' id='line_1_99' title="bbox 381 5188 1948 5270; baseline 0.001 -29"><span class='ocrx_word' id='word_1_672' title='bbox 381 5191 448 5260; x_wconf 77' lang='grc' dir='ltr'>τῇ</span> <span class='ocrx_word' id='word_1_673' title='bbox 481 5189 710 5260; x_wconf 81' lang='grc' dir='ltr'>ἀνατολῇ</span> <span class='ocrx_word' id='word_1_674' title='bbox 743 5188 913 5252; x_wconf 77' lang='grc' dir='ltr'>ὄντος,</span> <span class='ocrx_word' id='word_1_675' title='bbox 935 5190 996 5242; x_wconf 84' lang='grc' dir='ltr'><strong>ού</strong></span> <span class='ocrx_word' id='word_1_676' title='bbox 1024 5193 1254 5270; x_wconf 72' lang='grc' dir='ltr'>ποιεῖται</span> <span class='ocrx_word' id='word_1_677' title='bbox 1285 5191 1384 5262; x_wconf 78' lang='grc' dir='ltr'>τὴν</span> <span class='ocrx_word' id='word_1_678' title='bbox 1410 5191 1584 5262; x_wconf 81' lang='grc' dir='ltr'>ἀρχὴν</span> <span class='ocrx_word' id='word_1_679' title='bbox 1607 5191 1704 5262; x_wconf 83' lang='grc' dir='ltr'>τῆς</span> <span class='ocrx_word' id='word_1_680' title='bbox 1727 5190 1948 5253; x_wconf 83' lang='grc' dir='ltr'>δύσεως·</span> 
     </span>
    </p>
   </div>
   <div class='ocr_carea' id='block_1_96' title="bbox 381 5278 1955 5362">
    <p class='ocr_par' dir='ltr' id='par_1_96' title="bbox 381 5278 1955 5362">
     <span class='ocr_line' id='line_1_100' title="bbox 381 5278 1955 5362; baseline 0.001 -29"><span class='ocrx_word' id='word_1_681' title='bbox 381 5280 524 5352; x_wconf 85' lang='grc' dir='ltr'>πλὴν</span> <span class='ocrx_word' id='word_1_682' title='bbox 553 5282 641 5336; x_wconf 83' lang='grc' dir='ltr'>ἵνα</span> <span class='ocrx_word' id='word_1_683' title='bbox 670 5284 996 5362; x_wconf 74' lang='grc' dir='ltr'>σαφέστερον</span> <span class='ocrx_word' id='word_1_684' title='bbox 1021 5284 1264 5353; x_wconf 85' lang='grc' dir='ltr'>γένηται,</span> <span class='ocrx_word' id='word_1_685' title='bbox 1293 5278 1423 5338; x_wconf 82' lang='grc' dir='ltr'>διότι</span> <span class='ocrx_word' id='word_1_686' title='bbox 1453 5283 1594 5336; x_wconf 84' lang='grc' dir='ltr'><strong>κατά</strong></span> <span class='ocrx_word' id='word_1_687' title='bbox 1619 5283 1714 5354; x_wconf 81' lang='grc' dir='ltr'>τὴν</span> <span class='ocrx_word' id='word_1_688' title='bbox 1744 5282 1836 5335; x_wconf 74' lang='grc' dir='ltr'>τοῦ</span> <span class='ocrx_word' id='word_1_689' title='bbox 1863 5283 1955 5335; x_wconf 80' lang='lat' dir='ltr'><strong>Tt.-</strong></span> 
     </span>
    </p>
   </div>
   <div class='ocr_carea' id='block_1_97' title="bbox 383 5374 1952 5454">
    <p class='ocr_par' dir='ltr' id='par_1_97' title="bbox 383 5374 1952 5454">
     <span class='ocr_line' id='line_1_101' title="bbox 383 5374 1952 5454; baseline 0 -28"><span class='ocrx_word' id='word_1_690' title='bbox 383 5374 536 5439; x_wconf 80' lang='grc' dir='ltr'>ξότου</span> <span class='ocrx_word' id='word_1_691' title='bbox 571 5375 834 5454; x_wconf 80' lang='grc' dir='ltr'>ἀνατολὴν</span> <span class='ocrx_word' id='word_1_692' title='bbox 881 5375 941 5427; x_wconf 83' lang='grc' dir='ltr'><strong>ού</strong></span> <span class='ocrx_word' id='word_1_693' title='bbox 971 5374 1141 5437; x_wconf 82' lang='grc' dir='ltr'>δύσιν,</span> <span class='ocrx_word' id='word_1_694' title='bbox 1175 5374 1288 5428; x_wconf 83' lang='grc' dir='ltr'>ἀλλ’</span> <span class='ocrx_word' id='word_1_695' title='bbox 1319 5375 1579 5445; x_wconf 82' lang='grc' dir='ltr'>ἀνατολὴν</span> <span class='ocrx_word' id='word_1_696' title='bbox 1624 5374 1786 5427; x_wconf 70' lang='grc' dir='ltr'>αὑτοῦ</span> <span class='ocrx_word' id='word_1_697' title='bbox 1815 5390 1952 5444; x_wconf 81' lang='grc' dir='ltr'>συμ-</span> 
     </span>
    </p>
   </div>
   <div class='ocr_carea' id='block_1_98' title="bbox 383 5465 1952 5537">
    <p class='ocr_par' dir='ltr' id='par_1_98' title="bbox 383 5465 1952 5537">
     <span class='ocr_line' id='line_1_102' title="bbox 383 5465 1952 5537; baseline 0 -19"><span class='ocrx_word' id='word_1_698' title='bbox 383 5465 557 5519; x_wconf 74' lang='grc' dir='ltr'>ϐαίνει</span> <span class='ocrx_word' id='word_1_699' title='bbox 615 5467 880 5536; x_wconf 82' lang='grc' dir='ltr'>γίνεσθαι,</span> <span class='ocrx_word' id='word_1_700' title='bbox 929 5467 1180 5537; x_wconf 79' lang='grc' dir='ltr'>λάϐωμεν</span> <span class='ocrx_word' id='word_1_701' title='bbox 1219 5466 1279 5518; x_wconf 85' lang='grc' dir='ltr'><strong>τὺ</strong></span> <span class='ocrx_word' id='word_1_702' title='bbox 1326 5466 1613 5537; x_wconf 86' lang='grc' dir='ltr'>λεγόμενον</span> <span class='ocrx_word' id='word_1_703' title='bbox 1665 5465 1757 5519; x_wconf 80' lang='grc' dir='ltr'><strong>ὑπ’</strong></span> <span class='ocrx_word' id='word_1_704' title='bbox 1787 5465 1952 5518; x_wconf 81' lang='grc' dir='ltr'>αὑτοῦ</span> 
     </span>
    </p>
   </div>
   <div class='ocr_carea' id='block_1_99' title="bbox 457 5616 1952 5692">
    <p class='ocr_par' dir='ltr' id='par_1_99' title="bbox 457 5616 1952 5692">
     <span class='ocr_line' id='line_1_103' title="bbox 457 5616 1952 5692; baseline 0.002 -19"><span class='ocrx_word' id='word_1_705' title='bbox 457 5616 668 5692; x_wconf 76' lang='lat'><strong>(59-60)</strong></span> <span class='ocrx_word' id='word_1_706' title='bbox 693 5617 862 5692; x_wconf 77' lang='grc' dir='ltr'>Σῆμα</span> <span class='ocrx_word' id='word_1_707' title='bbox 874 5619 941 5674; x_wconf 80' lang='grc' dir='ltr'><strong>δέ</strong></span> <span class='ocrx_word' id='word_1_708' title='bbox 957 5636 1044 5692; x_wconf 68' lang='grc' dir='ltr'><strong>τοι</strong></span> <span class='ocrx_word' id='word_1_709' title='bbox 1069 5619 1497 5692; x_wconf 60' lang='lat' dir='ltr'><strong>utrm-ﬁmum</strong></span> <span class='ocrx_word' id='word_1_710' title='bbox 1527 5620 1659 5676; x_wconf 91' lang='lat' dir='ltr'><strong>solis</strong></span> <span class='ocrx_word' id='word_1_711' title='bbox 1686 5621 1740 5692; x_wconf 73' lang='lat' dir='ltr'><strong>in</strong></span> <span class='ocrx_word' id='word_1_712' title='bbox 1767 5619 1952 5692; x_wconf 89' lang='lat' dir='ltr'><strong>Sagit-</strong></span> 
     </span>
    </p>
   </div>
   <div class='ocr_carea' id='block_1_100' title="bbox 383 5689 1942 5762">
    <p class='ocr_par' dir='ltr' id='par_1_100' title="bbox 383 5689 1942 5762">
     <span class='ocr_line' id='line_1_104' title="bbox 383 5689 1942 5762; baseline 0.004 -21"><span class='ocrx_word' id='word_1_713' title='bbox 383 5689 528 5744; x_wconf 80' lang='lat' dir='ltr'><strong>tario</strong></span> <span class='ocrx_word' id='word_1_714' title='bbox 558 5691 714 5758; x_wconf 86' lang='lat' dir='ltr'><strong>positi</strong></span> <span class='ocrx_word' id='word_1_715' title='bbox 739 5691 858 5762; x_wconf 9' lang='lat' dir='ltr'><strong>luncr</strong></span> <span class='ocrx_word' id='word_1_716' title='bbox 887 5691 1400 5762; x_wconf 69' lang='lat' dir='ltr'><strong>vcrba_re_spiciuut,</strong></span> <span class='ocrx_word' id='word_1_717' title='bbox 1428 5693 1647 5762; x_wconf 79' lang='lat' dir='ltr'><strong>quando</strong></span> <span class='ocrx_word' id='word_1_718' title='bbox 1679 5689 1942 5762; x_wconf 78' lang='lat' dir='ltr'><strong>Scorpius</strong></span> 
     </span>
    </p>
   </div>
   <div class='ocr_carea' id='block_1_101' title="bbox 385 5758 1946 5830">
    <p class='ocr_par' dir='ltr' id='par_1_101' title="bbox 385 5758 1946 5830">
     <span class='ocr_line' id='line_1_105' title="bbox 385 5758 1946 5830; baseline 0.006 -20"><span class='ocrx_word' id='word_1_719' title='bbox 385 5765 514 5830; x_wconf 58' lang='lat' dir='ltr'><strong>gnte</strong></span> <span class='ocrx_word' id='word_1_720' title='bbox 563 5761 976 5830; x_wconf 9' lang='lat' dir='ltr'><strong>lucemgoritur.</strong></span> <span class='ocrx_word' id='word_1_721' title='bbox 1042 5758 1290 5815; x_wconf 79' lang='lat' dir='ltr'><strong>Ridicule</strong></span> <span class='ocrx_word' id='word_1_722' title='bbox 1343 5758 1572 5830; x_wconf 82' lang='lat' dir='ltr'><strong>proinde</strong></span> <span class='ocrx_word' id='word_1_723' title='bbox 1629 5758 1946 5820; x_wconf 74' lang='lat' dir='ltr'><strong>Solinianus</strong></span> 
     </span>
    </p>
   </div>
   <div class='ocr_carea' id='block_1_102' title="bbox 383 5824 1946 5904">
    <p class='ocr_par' dir='ltr' id='par_1_102' title="bbox 383 5824 1946 5904">
     <span class='ocr_line' id='line_1_106' title="bbox 383 5824 1946 5904; baseline 0.006 -25"><span class='ocrx_word' id='word_1_724' title='bbox 383 5824 724 5884; x_wconf 83' lang='lat' dir='ltr'><strong>Esercitator</strong></span> <span class='ocrx_word' id='word_1_725' title='bbox 737 5827 803 5882; x_wconf 90' lang='lat' dir='ltr'><strong>de</strong></span> <span class='ocrx_word' id='word_1_726' title='bbox 829 5845 1029 5884; x_wconf 90' lang='lat' dir='ltr'><strong>occasu</strong></span> <span class='ocrx_word' id='word_1_727' title='bbox 1057 5831 1188 5885; x_wconf 88' lang='lat' dir='ltr'><strong>solis</strong></span> <span class='ocrx_word' id='word_1_728' title='bbox 1205 5824 1461 5900; x_wconf 73' lang='lat' dir='ltr'><strong>explicat,</strong></span> <span class='ocrx_word' id='word_1_729' title='bbox 1481 5841 1772 5904; x_wconf 87' lang='lat' dir='ltr'><strong>propterea</strong></span> <span class='ocrx_word' id='word_1_730' title='bbox 1798 5835 1946 5904; x_wconf 87' lang='lat' dir='ltr'><strong>quod</strong></span> 
     </span>
    </p>
   </div>
   <div class='ocr_carea' id='block_1_103' title="bbox 705 5921 1326 5989">
    <p class='ocr_par' dir='ltr' id='par_1_103' title="bbox 705 5921 1326 5989">
     <span class='ocr_line' id='line_1_107' title="bbox 705 5921 1326 5989; baseline 0.005 -8"><span class='ocrx_word' id='word_1_731' title='bbox 705 5921 970 5984; x_wconf 70' lang='lat' dir='ltr'><strong>Psrnoc.</strong></span> <span class='ocrx_word' id='word_1_732' title='bbox 999 5923 1116 5989; x_wconf 78' lang='lat' dir='ltr'><strong>Gn.</strong></span> <span class='ocrx_word' id='word_1_733' title='bbox 1152 5921 1326 5985; x_wconf 82' lang='lat' dir='ltr'><strong>XIX.</strong></span> 
     </span>
    </p>
   </div>
   <div class='ocr_carea' id='block_1_104' title="bbox 2057 4643 3626 4712">
    <p class='ocr_par' dir='ltr' id='par_1_104' title="bbox 2057 4643 3626 4712">
     <span class='ocr_line' id='line_1_108' title="bbox 2057 4643 3626 4712; baseline -0.003 -8"><span class='ocrx_word' id='word_1_734' title='bbox 2057 4650 2206 4706; x_wconf 89' lang='lat' dir='ltr'><strong>illius</strong></span> <span class='ocrx_word' id='word_1_735' title='bbox 2244 4647 2535 4711; x_wconf 85' lang='lat' dir='ltr'><strong>sententia,</strong></span> <span class='ocrx_word' id='word_1_736' title='bbox 2571 4662 2694 4709; x_wconf 65' lang='lat' dir='ltr'><strong>cum</strong></span> <span class='ocrx_word' id='word_1_737' title='bbox 2726 4661 2792 4702; x_wconf 85' lang='lat' dir='ltr'><strong>ex</strong></span> <span class='ocrx_word' id='word_1_738' title='bbox 2817 4644 3268 4700; x_wconf 87' lang='lat' dir='ltr'><strong>antecedentibus</strong></span> <span class='ocrx_word' id='word_1_739' title='bbox 3301 4644 3421 4712; x_wconf 88' lang='lat' dir='ltr'><strong>ejus</strong></span> <span class='ocrx_word' id='word_1_740' title='bbox 3441 4643 3626 4699; x_wconf 75' lang='lat' dir='ltr'><strong>verbis</strong></span> 
     </span>
    </p>
   </div>
   <div class='ocr_carea' id='block_1_105' title="bbox 2056 4736 3620 4811">
    <p class='ocr_par' dir='ltr' id='par_1_105' title="bbox 2056 4736 3620 4811">
     <span class='ocr_line' id='line_1_109' title="bbox 2056 4736 3620 4811; baseline -0.004 -14"><span class='ocrx_word' id='word_1_741' title='bbox 2056 4742 2192 4797; x_wconf 87' lang='lat' dir='ltr'><strong>satis</strong></span> <span class='ocrx_word' id='word_1_742' title='bbox 2219 4747 2443 4811; x_wconf 89' lang='lat' dir='ltr'><strong>apparet</strong></span> <span class='ocrx_word' id='word_1_743' title='bbox 2476 4745 2632 4793; x_wconf 88' lang='lat' dir='ltr'><strong>:tum</strong></span> <span class='ocrx_word' id='word_1_744' title='bbox 2688 4752 2807 4792; x_wconf 86' lang='lat' dir='ltr'><strong>cam</strong></span> <span class='ocrx_word' id='word_1_745' title='bbox 2849 4737 3054 4792; x_wconf 89' lang='lat' dir='ltr'><strong>diserte</strong></span> <span class='ocrx_word' id='word_1_746' title='bbox 3103 4745 3292 4807; x_wconf 90' lang='lat' dir='ltr'><strong>postea</strong></span> <span class='ocrx_word' id='word_1_747' title='bbox 3325 4736 3620 4807; x_wconf 75' lang='lat' dir='ltr'><strong>signiﬁcat.</strong></span> 
     </span>
    </p>
   </div>
   <div class='ocr_carea' id='block_1_106' title="bbox 2061 4827 3625 4901">
    <p class='ocr_par' dir='ltr' id='par_1_106' title="bbox 2061 4827 3625 4901">
     <span class='ocr_line' id='line_1_110' title="bbox 2061 4827 3625 4901; baseline -0.001 -19"><span class='ocrx_word' id='word_1_748' title='bbox 2061 4848 2080 4882; x_wconf 81' lang='grc' dir='ltr'><strong>ι</strong></span> <span class='ocrx_word' id='word_1_749' title='bbox 2109 4829 2244 4885; x_wconf 92' lang='lat' dir='ltr'><strong>Cum</strong></span> <span class='ocrx_word' id='word_1_750' title='bbox 2272 4830 2459 4901; x_wconf 84' lang='lat' dir='ltr'><strong>igitur,</strong></span> <span class='ocrx_word' id='word_1_751' title='bbox 2487 4831 2585 4892; x_wconf 87' lang='lat' dir='ltr'><strong>ait,</strong></span> <span class='ocrx_word' id='word_1_752' title='bbox 2615 4827 2752 4881; x_wconf 89' lang='lat' dir='ltr'><strong>citra</strong></span> <span class='ocrx_word' id='word_1_753' title='bbox 2791 4827 3186 4883; x_wconf 88' lang='lat' dir='ltr'><strong>dubitationem</strong></span> <span class='ocrx_word' id='word_1_754' title='bbox 3224 4827 3386 4881; x_wconf 86' lang='lat' dir='ltr'><strong>ullam</strong></span> <span class='ocrx_word' id='word_1_755' title='bbox 3437 4843 3534 4896; x_wconf 79' lang='lat' dir='ltr'><strong>per</strong></span> <span class='ocrx_word' id='word_1_756' title='bbox 3567 4827 3625 4880; x_wconf 68' lang='lat' dir='ltr'><strong>ill</strong></span> 
     </span>
    </p>
   </div>
   <div class='ocr_carea' id='block_1_107' title="bbox 2057 4918 3626 4992">
    <p class='ocr_par' dir='ltr' id='par_1_107' title="bbox 2057 4918 3626 4992">
     <span class='ocr_line' id='line_1_111' title="bbox 2057 4918 3626 4992; baseline -0.003 -16"><span class='ocrx_word' id='word_1_757' title='bbox 2057 4931 2274 4992; x_wconf 90' lang='lat' dir='ltr'><strong>tempus</strong></span> <span class='ocrx_word' id='word_1_758' title='bbox 2305 4928 2488 4992; x_wconf 88' lang='lat' dir='ltr'><strong>partes</strong></span> <span class='ocrx_word' id='word_1_759' title='bbox 2522 4920 2670 4975; x_wconf 91' lang='lat' dir='ltr'><strong>illius</strong></span> <span class='ocrx_word' id='word_1_760' title='bbox 2697 4934 2907 4982; x_wconf 87' lang='lat' dir='ltr'><strong>omnes,</strong></span> <span class='ocrx_word' id='word_1_761' title='bbox 2939 4934 3061 4989; x_wconf 77' lang='lat' dir='ltr'><strong>qua:</strong></span> <span class='ocrx_word' id='word_1_762' title='bbox 3093 4928 3223 4974; x_wconf 88' lang='lat' dir='ltr'><strong>sunt</strong></span> <span class='ocrx_word' id='word_1_763' title='bbox 3252 4926 3406 4972; x_wconf 84' lang='lat' dir='ltr'><strong>extra</strong></span> <span class='ocrx_word' id='word_1_764' title='bbox 3451 4918 3626 4972; x_wconf 79' lang='lat' dir='ltr'><strong>circu-</strong></span> 
     </span>
    </p>
   </div>
   <div class='ocr_carea' id='block_1_108' title="bbox 2058 5009 3625 5076">
    <p class='ocr_par' dir='ltr' id='par_1_108' title="bbox 2058 5009 3625 5076">
     <span class='ocr_line' id='line_1_112' title="bbox 2058 5009 3625 5076; baseline -0.003 -10"><span class='ocrx_word' id='word_1_765' title='bbox 2058 5013 2170 5066; x_wconf 88' lang='lat' dir='ltr'><strong>lum</strong></span> <span class='ocrx_word' id='word_1_766' title='bbox 2199 5012 2487 5076; x_wconf 88' lang='lat' dir='ltr'><strong>arcticum,</strong></span> <span class='ocrx_word' id='word_1_767' title='bbox 2514 5025 2772 5067; x_wconf 86' lang='lat' dir='ltr'><strong>occasum</strong></span> <span class='ocrx_word' id='word_1_768' title='bbox 2814 5009 3078 5073; x_wconf 84' lang='lat' dir='ltr'><strong>fecerint,</strong></span> <span class='ocrx_word' id='word_1_769' title='bbox 3113 5009 3335 5065; x_wconf 56' lang='lat' dir='ltr'><strong>evidens</strong></span> <span class='ocrx_word' id='word_1_770' title='bbox 3393 5017 3479 5064; x_wconf 88' lang='lat' dir='ltr'><strong>est</strong></span> <span class='ocrx_word' id='word_1_771' title='bbox 3517 5024 3625 5062; x_wconf 85' lang='lat' dir='ltr'><strong>nou</strong></span> 
     </span>
    </p>
   </div>
   <div class='ocr_carea' id='block_1_109' title="bbox 2055 5103 3627 5174">
    <p class='ocr_par' dir='ltr' id='par_1_109' title="bbox 2055 5103 3627 5174">
     <span class='ocr_line' id='line_1_113' title="bbox 2055 5103 3627 5174; baseline -0.001 -15"><span class='ocrx_word' id='word_1_772' title='bbox 2055 5114 2189 5160; x_wconf 88' lang='lat' dir='ltr'><strong>tunc</strong></span> <span class='ocrx_word' id='word_1_773' title='bbox 2230 5106 2444 5160; x_wconf 92' lang='lat' dir='ltr'><strong>initium</strong></span> <span class='ocrx_word' id='word_1_774' title='bbox 2501 5103 2792 5159; x_wconf 89' lang='lat' dir='ltr'><strong>occidendi</strong></span> <span class='ocrx_word' id='word_1_775' title='bbox 2849 5103 3047 5169; x_wconf 89' lang='lat' dir='ltr'><strong>facere,</strong></span> <span class='ocrx_word' id='word_1_776' title='bbox 3112 5119 3238 5159; x_wconf 89' lang='lat' dir='ltr'><strong>cum</strong></span> <span class='ocrx_word' id='word_1_777' title='bbox 3300 5103 3627 5174; x_wconf 85' lang='lat' dir='ltr'><strong>Sagittarius</strong></span> 
     </span>
    </p>
   </div>
   <div class='ocr_carea' id='block_1_110' title="bbox 2056 5193 3624 5254">
    <p class='ocr_par' dir='ltr' id='par_1_110' title="bbox 2056 5193 3624 5254">
     <span class='ocr_line' id='line_1_114' title="bbox 2056 5193 3624 5254; baseline 0.002 -3"><span class='ocrx_word' id='word_1_778' title='bbox 2056 5197 2321 5252; x_wconf 89' lang='lat' dir='ltr'><strong>orientem</strong></span> <span class='ocrx_word' id='word_1_779' title='bbox 2349 5205 2518 5253; x_wconf 76' lang='lat' dir='ltr'><strong>tenet.</strong></span> <span class='ocrx_word' id='word_1_780' title='bbox 2549 5193 2748 5251; x_wconf 83' lang='lat' dir='ltr'><strong>Verum</strong></span> <span class='ocrx_word' id='word_1_781' title='bbox 2773 5204 2831 5250; x_wconf 92' lang='lat' dir='ltr'><strong>ut</strong></span> <span class='ocrx_word' id='word_1_782' title='bbox 2883 5210 2948 5250; x_wconf 93' lang='lat' dir='ltr'><strong>eo</strong></span> <span class='ocrx_word' id='word_1_783' title='bbox 2988 5195 3335 5252; x_wconf 82' lang='lat' dir='ltr'><strong>manifestius</strong></span> <span class='ocrx_word' id='word_1_784' title='bbox 3387 5201 3624 5254; x_wconf 86' lang='lat' dir='ltr'><strong>constet.</strong></span> 
     </span>
    </p>
   </div>
   <div class='ocr_carea' id='block_1_111' title="bbox 2056 5285 3621 5358">
    <p class='ocr_par' dir='ltr' id='par_1_111' title="bbox 2056 5285 3621 5358">
     <span class='ocr_line' id='line_1_115' title="bbox 2056 5285 3621 5358; baseline -0.002 -16"><span class='ocrx_word' id='word_1_785' title='bbox 2056 5303 2153 5358; x_wconf 89' lang='lat' dir='ltr'><strong>per</strong></span> <span class='ocrx_word' id='word_1_786' title='bbox 2177 5296 2356 5344; x_wconf 91' lang='lat' dir='ltr'><strong>ortum</strong></span> <span class='ocrx_word' id='word_1_787' title='bbox 2390 5285 2672 5356; x_wconf 81' lang='lat' dir='ltr'><strong>Sagittarii</strong></span> <span class='ocrx_word' id='word_1_788' title='bbox 2702 5301 2813 5341; x_wconf 92' lang='lat' dir='ltr'><strong>non</strong></span> <span class='ocrx_word' id='word_1_789' title='bbox 2841 5287 2990 5342; x_wconf 88' lang='lat' dir='ltr'><strong>illius</strong></span> <span class='ocrx_word' id='word_1_790' title='bbox 3005 5296 3279 5349; x_wconf 83' lang='lat' dir='ltr'><strong>exortum,</strong></span> <span class='ocrx_word' id='word_1_791' title='bbox 3311 5287 3406 5358; x_wconf 88' lang='lat' dir='ltr'><strong>sed</strong></span> <span class='ocrx_word' id='word_1_792' title='bbox 3459 5301 3621 5340; x_wconf 83' lang='lat' dir='ltr'><strong>occa-</strong></span> 
     </span>
    </p>
   </div>
   <div class='ocr_carea' id='block_1_112' title="bbox 2058 5357 3629 5447">
    <p class='ocr_par' dir='ltr' id='par_1_112' title="bbox 2058 5357 3629 5447">
     <span class='ocr_line' id='line_1_116' title="bbox 2058 5357 3629 5447; baseline -0.004 -15"><span class='ocrx_word' id='word_1_793' title='bbox 2058 5393 2178 5432; x_wconf 87' lang='lat' dir='ltr'><strong>sum</strong></span> <span class='ocrx_word' id='word_1_794' title='bbox 2211 5377 2473 5441; x_wconf 87' lang='lat' dir='ltr'><strong>incidere,</strong></span> <span class='ocrx_word' id='word_1_795' title='bbox 2502 5377 2876 5443; x_wconf 83' lang='lat' dir='ltr'><strong>sumamusid,</strong></span> <span class='ocrx_word' id='word_1_796' title='bbox 2908 5376 3053 5447; x_wconf 84' lang='lat' dir='ltr'><strong>quod</strong></span> <span class='ocrx_word' id='word_1_797' title='bbox 3078 5377 3224 5432; x_wconf 90' lang='lat' dir='ltr'><strong>circa</strong></span> <span class='ocrx_word' id='word_1_798' title='bbox 3243 5357 3384 5431; x_wconf 77' lang='lat' dir='ltr'><strong>idem</strong></span> <span class='ocrx_word' id='word_1_799' title='bbox 3412 5385 3629 5444; x_wconf 83' lang='lat' dir='ltr'><strong>tempus</strong></span> 
     </span>
    </p>
   </div>
   <div class='ocr_carea' id='block_1_113' title="bbox 2056 5466 3630 5546">
    <p class='ocr_par' dir='ltr' id='par_1_113' title="bbox 2056 5466 3630 5546">
     <span class='ocr_line' id='line_1_117' title="bbox 2056 5466 3630 5546; baseline -0.002 -22"><span class='ocrx_word' id='word_1_800' title='bbox 2056 5471 2276 5524; x_wconf 74' lang='lat' dir='ltr'><strong>evenire</strong></span> <span class='ocrx_word' id='word_1_801' title='bbox 2329 5468 2421 5523; x_wconf 92' lang='lat' dir='ltr'><strong>ille</strong></span> <span class='ocrx_word' id='word_1_802' title='bbox 2457 5468 2672 5524; x_wconf 89' lang='lat' dir='ltr'><strong>scribit.</strong></span> <span class='ocrx_word' id='word_1_803' title='bbox 2705 5488 2724 5520; x_wconf 75' lang='grc' dir='ltr'><strong>ι</strong></span> <span class='ocrx_word' id='word_1_804' title='bbox 2751 5467 2877 5523; x_wconf 73' lang='lat' dir='ltr'><strong>Haec</strong></span> <span class='ocrx_word' id='word_1_805' title='bbox 2925 5469 3014 5523; x_wconf 91' lang='lat' dir='ltr'><strong>ille</strong></span> <span class='ocrx_word' id='word_1_806' title='bbox 3063 5487 3079 5526; x_wconf 88' lang='lat'><strong>:</strong></span> <span class='ocrx_word' id='word_1_807' title='bbox 3114 5483 3235 5538; x_wconf 72' lang='lat' dir='ltr'><strong>quas</strong></span> <span class='ocrx_word' id='word_1_808' title='bbox 3266 5467 3334 5522; x_wconf 90' lang='lat' dir='ltr'><strong>ab</strong></span> <span class='ocrx_word' id='word_1_809' title='bbox 3353 5482 3418 5522; x_wconf 87' lang='lat' dir='ltr'><strong>eo</strong></span> <span class='ocrx_word' id='word_1_810' title='bbox 3446 5466 3630 5546; x_wconf 82' lang='lat' dir='ltr'><strong>falsis-</strong></span> 
     </span>
    </p>
   </div>
   <div class='ocr_carea' id='block_1_114' title="bbox 2055 5623 3629 5699">
    <p class='ocr_par' dir='ltr' id='par_1_114' title="bbox 2055 5623 3629 5699">
     <span class='ocr_line' id='line_1_118' title="bbox 2055 5623 3629 5699; baseline -0.001 -21"><span class='ocrx_word' id='word_1_811' title='bbox 2055 5624 2250 5699; x_wconf 76' lang='grc' dir='ltr'>ἀκρόθι</span> <span class='ocrx_word' id='word_1_812' title='bbox 2279 5626 2474 5699; x_wconf 70' lang='grc' dir='ltr'>νυκτός</span> <span class='ocrx_word' id='word_1_813' title='bbox 2501 5626 2578 5680; x_wconf 90' lang='lat' dir='ltr'><strong>de</strong></span> <span class='ocrx_word' id='word_1_814' title='bbox 2612 5626 2833 5699; x_wconf 71' lang='lat' dir='ltr'><strong>ineunte</strong></span> <span class='ocrx_word' id='word_1_815' title='bbox 2858 5634 3021 5682; x_wconf 83' lang='lat' dir='ltr'><strong>nocte</strong></span> <span class='ocrx_word' id='word_1_816' title='bbox 3049 5625 3300 5699; x_wconf 75' lang='lat' dir='ltr'><strong>dicatur;</strong></span> <span class='ocrx_word' id='word_1_817' title='bbox 3335 5639 3443 5699; x_wconf 82' lang='lat' dir='ltr'><strong>quo</strong></span> <span class='ocrx_word' id='word_1_818' title='bbox 3493 5623 3629 5699; x_wconf 80' lang='lat' dir='ltr'><strong>nihil</strong></span> 
     </span>
    </p>
   </div>
   <div class='ocr_carea' id='block_1_115' title="bbox 2055 5693 3629 5766">
    <p class='ocr_par' dir='ltr' id='par_1_115' title="bbox 2055 5693 3629 5766">
     <span class='ocr_line' id='line_1_119' title="bbox 2055 5693 3629 5766; baseline -0.003 -17"><span class='ocrx_word' id='word_1_819' title='bbox 2055 5693 2303 5766; x_wconf 78' lang='lat' dir='ltr'><strong>ineptius</strong></span> <span class='ocrx_word' id='word_1_820' title='bbox 2341 5697 2450 5750; x_wconf 89' lang='lat' dir='ltr'><strong>dici</strong></span> <span class='ocrx_word' id='word_1_821' title='bbox 2498 5697 2693 5766; x_wconf 78' lang='lat' dir='ltr'><strong>potuit.</strong></span> <span class='ocrx_word' id='word_1_822' title='bbox 2731 5695 2872 5750; x_wconf 86' lang='lat' dir='ltr'><strong>lluic</strong></span> <span class='ocrx_word' id='word_1_823' title='bbox 2929 5711 3071 5766; x_wconf 88' lang='lat' dir='ltr'><strong>ergo</strong></span> <span class='ocrx_word' id='word_1_824' title='bbox 3102 5693 3382 5751; x_wconf 81' lang='lat' dir='ltr'><strong>silentium</strong></span> <span class='ocrx_word' id='word_1_825' title='bbox 3425 5693 3629 5748; x_wconf 83' lang='lat' dir='ltr'><strong>indicet</strong></span> 
     </span>
    </p>
   </div>
   <div class='ocr_carea' id='block_1_116' title="bbox 2055 5763 3628 5836">
    <p class='ocr_par' dir='ltr' id='par_1_116' title="bbox 2055 5763 3628 5836">
     <span class='ocr_line' id='line_1_120' title="bbox 2055 5763 3628 5836; baseline 0 -18"><span class='ocrx_word' id='word_1_826' title='bbox 2055 5763 2420 5834; x_wconf 75' lang='lat' dir='ltr'><strong>Hipparchus,</strong></span> <span class='ocrx_word' id='word_1_827' title='bbox 2447 5763 2538 5835; x_wconf 80' lang='lat' dir='ltr'><strong>qui</strong></span> <span class='ocrx_word' id='word_1_828' title='bbox 2575 5763 2768 5836; x_wconf 72' lang='grc' dir='ltr'>ἀκρόοι</span> <span class='ocrx_word' id='word_1_829' title='bbox 2819 5763 3015 5828; x_wconf 79' lang='grc' dir='ltr'>νυκτός</span> <span class='ocrx_word' id='word_1_830' title='bbox 3043 5765 3111 5819; x_wconf 90' lang='lat' dir='ltr'><strong>de</strong></span> <span class='ocrx_word' id='word_1_831' title='bbox 3153 5773 3395 5820; x_wconf 81' lang='lat' dir='ltr'><strong>extrema</strong></span> <span class='ocrx_word' id='word_1_832' title='bbox 3444 5772 3628 5826; x_wconf 75' lang='lat' dir='ltr'><strong>nocte,</strong></span> 
     </span>
    </p>
   </div>
   <div class='ocr_carea' id='block_1_117' title="bbox 2055 5838 3095 5908">
    <p class='ocr_par' dir='ltr' id='par_1_117' title="bbox 2055 5838 3095 5908">
     <span class='ocr_line' id='line_1_121' title="bbox 2055 5838 3095 5908; baseline -0.002 -19"><span class='ocrx_word' id='word_1_833' title='bbox 2055 5838 2134 5890; x_wconf 88' lang='lat' dir='ltr'><strong>uti</strong></span> <span class='ocrx_word' id='word_1_834' title='bbox 2160 5849 2384 5891; x_wconf 81' lang='lat' dir='ltr'><strong>necesse</strong></span> <span class='ocrx_word' id='word_1_835' title='bbox 2403 5846 2518 5892; x_wconf 89' lang='lat' dir='ltr'><strong>erat</strong></span> <span class='ocrx_word' id='word_1_836' title='bbox 2541 5876 2556 5904; x_wconf 91' lang='lat'><strong>,</strong></span> <span class='ocrx_word' id='word_1_837' title='bbox 2586 5838 2978 5908; x_wconf 87' lang='lat' dir='ltr'><strong>interpretatus</strong></span> <span class='ocrx_word' id='word_1_838' title='bbox 2996 5843 3095 5890; x_wconf 87' lang='lat' dir='ltr'><strong>est.</strong></span> 
     </span>
    </p>
   </div>
   <div class='ocr_carea' id='block_1_118' title="bbox 3273 5925 3350 5984">
    <p class='ocr_par' dir='ltr' id='par_1_118' title="bbox 3273 5925 3350 5984">
     <span class='ocr_line' id='line_1_122' title="bbox 3273 5925 3350 5984; baseline 0.013 -1"><span class='ocrx_word' id='word_1_839' title='bbox 3273 5925 3350 5984; x_wconf 87' lang='lat'><strong>33</strong></span> 
     </span>
    </p>
   </div>
  </div>
