4130 6410
540 457 678 513 1035

538 579 674 632 sime
705 581 834 630 sunt
864 580 1106 643 accepta.
1150 565 1319 635 Quod
1340 573 1520 618 autem
1554 562 1710 633 signa
1745 560 1837 614 illa
1886 572 1994 611 non
2028 554 2096 609 ad
2126 561 2169 618 Α
2200 551 2327 622 περὶ
2357 548 2448 601 τὸν

537 678 789 726 exortum
832 665 1110 736 Sagittarii
1170 659 1578 715 accommodata
1631 655 1741 711 sint
1785 652 1853 708 ab
1891 653 2094 711 Arato,

540 763 636 818 sed
668 761 732 816 ad
755 769 934 816 ortum
1000 754 1214 824 Scorpii
1249 753 1476 822 ipsemet
1525 757 1684 819 poeta
1737 745 2098 799 demonstrat.

541 851 990 923 Quandoquidem
1015 848 1160 903 enim
1191 847 1304 902 sole
1327 846 1379 898 in
1410 840 1706 914 Sagittario
1754 837 1953 907 posito,
2012 834 2101 888 hic

541 951 658 1020 ipse
679 945 850 1001 videri
893 941 1218 1011 Sagittarius
1263 953 1372 992 non
1407 942 1646 1007 poterat;
1682 940 1734 986 et
1771 930 1933 998 hujus
1968 938 2102 982 tem-

541 1018 692 1112 poris
715 1037 991 1106 explicare
1021 1035 1176 1102 signa
1223 1029 1477 1100 cupiebat
1515 1044 1526 1078 :
1561 1039 1681 1096 qua:
1711 1024 1898 1092 utique
1927 1018 2100 1075 sensio'

541 1135 644 1187 bus
672 1128 878 1201 percipi
914 1126 1134 1190 debent,
1170 1133 1229 1176 ut
1255 1122 1408 1192 signa
1435 1121 1542 1174 sint
1571 1132 1585 1168 :
1622 1121 1745 1169 ante
1774 1112 1906 1166 solis
1944 1123 2103 1163 exor-

539 1233 678 1288 tum,
705 1231 976 1277 nocturno
1017 1218 1194 1272 adhuc
1225 1224 1486 1285 tempore,
1517 1227 1640 1264 cum
1697 1218 1840 1262 astra
1872 1217 2105 1258 cernun-

540 1325 666 1382 tur;
710 1317 947 1384 signum,
995 1309 1191 1379 inquit,
1243 1315 1363 1362 esto
1421 1301 1680 1372 Scorpius
1719 1297 1973 1353 exoriens
2004 1291 2106 1347 sub

542 1408 721 1463 noctis
771 1406 1001 1460 exitum.
1048 1401 1232 1470 Itaque
1279 1403 1706 1453 consentaneum
1761 1397 1844 1444 est
1899 1387 2107 1455 reliqua

542 1501 707 1556 etiam
738 1497 941 1552 indicia
973 1495 1206 1568 durante
1233 1491 1409 1568 adhuc
1436 1497 1595 1544 nocte
1627 1483 1782 1538 nobis
1803 1481 1953 1536 illum
1978 1491 2106 1548 pro-

545 1608 767 1664 ponere,
795 1592 844 1647 si
875 1589 1092 1660 quidem
1114 1585 1316 1641 indicia
1357 1584 1488 1637 sint.
1533 1578 1687 1647 Quod
1744 1591 1812 1630 ex
1854 1588 1920 1629 eo
1965 1586 2105 1643 prae-

545 1663 691 1742 terea
725 1684 852 1739 licet
899 1693 1248 1752 cognoscere.
1304 1673 1437 1729 Nam
1491 1673 1692 1726 Aratus
1741 1667 1810 1722 de
1844 1664 1985 1721 Ursa
2029 1663 2108 1720 sic

546 1778 787 1850 loquitur
806 1795 818 1830 :

672 1959 848 2014 'Tunc
879 1967 927 2012 et
953 1965 1109 2026 caput
1139 1953 1426 2025 Cynosura:
1447 1959 1683 2004 extrema
1713 1952 1892 2007 nocte,

1553 441 1642 495 AD
1683 436 1950 494 EUSEBII
1989 426 2378 490 CHRONICON
2421 421 2782 480 APPENDIX.

3625 404 3771 462 £036

2497 543 2686 616 καιρὸν
2718 540 2926 594 τοῦτον.
2970 556 2988 589 ι
3033 537 3092 588 Ὀ
3135 534 3191 587 δὲ
3237 529 3593 598 ἀπεκδέχεται
3623 523 3778 576 ἃπαν

2196 613 2406 710 ψευδές.
2455 613 2656 689 "01:66
2683 633 2914 702 ’Ἄρατος
2941 627 3007 681 τὰ
3033 623 3296 697 εἰρημένα
3322 621 3522 690 σημεῖα
3549 615 3609 669 οὐ
3633 613 3779 685 πρὸς

2195 704 2292 802 τὴν
2324 728 2418 783 τοῦ
2461 726 2689 791 Τοξότου
2723 719 2984 790 ἀνατολὴν
3021 717 3254 786 τίθησιν,
3287 711 3419 764 ἀλλὰ
3456 707 3573 761 κατ’
3599 704 3778 772 αὐτὴν

2197 795 2294 894 την
2326 820 2414 874 τοῦ
2459 819 2726 890 Σκορπίου
2769 811 3052 882 ἀνατολὴν,
3094 805 3324 877 φανερὸν
3354 803 3497 854 ποιεῖ
3542 797 3703 859 αὐτὸς
3748 795 3782 848 ό

2201 887 2449 984 ποιητής.
2497 887 2647 962 Ἐπεὶ
2695 907 2822 978 γὰρ,
2852 902 2945 957 τοῦ
2980 901 3128 972 ἡλίου
3161 898 3312 958 ὄντος
3338 896 3394 946 ὲν
3432 891 3510 961 τῷ
3544 887 3778 956 Τοξότῃ,

2199 1005 2258 1057 οὐ
2290 1001 2508 1056 δυνατὸν
2535 995 2603 1070 ἦν
2647 993 2966 1067 Θεωρεῖσθαι
2996 991 3086 1042 τὸν
3119 985 3378 1052 Τοξότην·
3420 979 3514 1033 τοῦ
3548 977 3603 1031 δὲ
3651 991 3782 1027 και-

2205 1097 2298 1170 ροῦ
2328 1097 2534 1149 ἐκείνου
2562 1094 2765 1163 σημεῖα
2791 1090 2920 1158 ἡμῖν
2949 1081 3244 1137 ἐκτίθεται·
3268 1078 3302 1131 ἃ
3329 1077 3407 1129 δεῖ
3434 1074 3649 1131 πάντως
3689 1069 3783 1120 αἱ·

2206 1187 2376 1260 σθητὰ
2407 1181 2564 1248 εἶναι,
2591 1185 2635 1235 εἰ
2661 1181 2838 1252 μέλλοι
2873 1178 3070 1248 σημεῖα
3099 1170 3313 1225 ἔσεσθαι
3333 1185 3345 1196 ·
3387 1165 3492 1236 πρὸ
3523 1163 3620 1232 τῆς
3648 1161 3788 1213 ἀνα-

2203 1280 2361 1350 τολῆς
2389 1272 2480 1330 οὖν
2501 1274 2593 1328 τοῦ
2623 1272 2794 1342 ἡλίου,
2827 1269 2906 1322 ἔτι
2932 1267 3030 1336 τῆς
3063 1262 3252 1324 νυκτὸς
3281 1255 3653 1326 ἐνεστηκυίας,
3683 1249 3790 1304 καὶ

2208 1371 2550 1444 βλεπομένων
2577 1367 2682 1420 τῶν
2718 1366 2950 1434 ἄστρων,
2973 1361 3213 1429 σημεῖον,
3243 1354 3425 1424 φησὶν,
3452 1352 3588 1402 ἔστω
3617 1348 3792 1418 Σκορ-

2207 1465 2329 1527 πίος
2378 1458 2681 1515 ἀνατέλλων
2713 1453 2983 1524 ληγούσης
3029 1449 3127 1517 τῆς
3164 1445 3386 1506 νυκτός·
3432 1440 3650 1507 εύλογον
3687 1437 3792 1490 καί⁵

2207 1554 2275 1608 τὰ
2300 1550 2462 1606 λοιπὰ
2493 1549 2690 1618 σημεῖα
2719 1545 2794 1598 ἔτι
2833 1541 3021 1603 νυκτὸς
3052 1537 3216 1606 ούσης
3244 1531 3584 1603 ὑπογράφειν
3617 1525 3791 1580 αὑτὸν

2209 1649 2360 1719 ἡμῖν,
2410 1647 2458 1696 εί
2493 1641 2671 1713 μέλλοι
2714 1639 2910 1708 σημεῖα
2963 1630 3124 1686 εἶναι.
3174 1627 3340 1698 Δῆλον
3385 1625 3441 1678 δὲ
3490 1621 3649 1675 τοῦτο
3688 1619 3792 1672 καὶ

2209 1711 2274 1794 ἐκ
2304 1736 2396 1791 τοῦ
2433 1711 2718 1790 adem-16v
2752 1731 2982 1800 ’Ἄρατον
3026 1725 3116 1778 ἐπὶ
3149 1722 3245 1794 μὲν
3283 1719 3381 1789 τῆς
3414 1719 3653 1786 Ἀρκτου
3694 1711 3794 1764 λέ-

2213 1847 2328 1898 γειν
2348 1845 2362 1859 ο

2136 1921 2179 1977 Β
2215 1943 2406 2013 Τῆμος
2438 1941 2534 1994 καί
2565 1935 2795 2008 κεφαλὴ
2823 1928 3270 1996 Κυνοσουρίδος
3301 1923 3507 1991 ἁκρέθι
3541 1917 3791 1982 νυκτός·

548 2083 608 2129 ut
633 2071 708 2128 ad
731 2079 1032 2127 extremam
1069 2074 1284 2122 noctem
1311 2065 1416 2118 ista
1444 2059 1773 2133 pertineant.
1807 2052 1884 2108 De
1907 2051 2108 2108 Orione

2224 2055 2284 2118 ὓς
2299 2053 2362 2108 ἂν
2388 2053 2515 2124 περὶ
2535 2050 2602 2104 τὰ
2620 2049 2822 2119 ἔσχατα
2842 2045 2938 2116 τῆς
2957 2040 3148 2102 νυκτός
3168 2051 3181 2069 ⁴
3201 2037 3293 2090 ἐπὶ
3313 2035 3369 2088 δὲ
3389 2031 3482 2086 τοῦ
3512 2030 3795 2102 Ὠρίωνος·

548 2177 678 2220 vero
701 2183 712 2217 Ζ

693 2319 707 2333 .
746 2317 760 2331 .
796 2319 808 2332 .
843 2315 856 2329 .
893 2316 904 2329 .
936 2275 1021 2327 hic
1044 2280 1219 2326 autem
1245 2267 1434 2323 occidit
1465 2264 1719 2320 diluculo.

2729 2203 2761 2254 ὀ
2790 2197 2858 2251 δὲ
2886 2196 3084 2250 δύεται
3117 2190 3259 2260 ἠῶθι
3286 2189 3420 2256 πρό.

2279 2303 2456 2372 Ὅπερ
2486 2297 2602 2352 ἐστὶ
2639 2295 2742 2366 πρὸ
2769 2293 2867 2361 τῆς
2906 2289 3056 2360 ἠοῦς,
3087 2287 3180 2340 καὶ
3205 2285 3263 2337 ού
3301 2282 3374 2353 μὰ
3414 2280 3512 2333 Δία
3557 2276 3666 2348 πρὸ
3699 2273 3798 2330 τοῦ

619 2389 777 2459 Quod
798 2398 881 2445 est
905 2396 1032 2443 ante
1053 2398 1328 2446 auroram,
1379 2395 1488 2436 non
1529 2379 1719 2448 utique
1769 2381 1895 2429 ante
1940 2371 2110 2428 solem

2224 2393 2361 2466 ἡλίου
2393 2367 2492 2462 ἢδη
2542 2385 2918 2446 ἀνατέλλοντος
2965 2382 3022 2434 ὲν
3051 2380 3117 2449 τῇ
3151 2377 3293 2448 ἀρχῇ
3338 2372 3549 2426 τούτου.
3593 2367 3802 2422 Ἐπλα-

545 2485 658 2554 jam
681 2481 973 2544 orientem,
1001 2486 1054 2534 et
1095 2485 1318 2532 exortus
1347 2473 1522 2528 initio.
1555 2469 1660 2524 Sed
1705 2467 1886 2522 Attalo
1936 2463 2114 2519 fraudi

2224 2460 2352 2556 νήθη
2384 2460 2441 2535 δέ
2536 2477 2794 2540 ’Λτταλος
2828 2475 2917 2528 διὰ
2965 2472 3026 2525 τὸ
3057 2470 3135 2540 τῷ
3181 2467 3275 2520 ἐπὶ
3321 2464 3416 2518 τοῦ
3448 2463 3678 2528 Τοξότου
3722 2460 3802 2512 εἰ-

550 2577 606 2631 id
634 2575 761 2640 fuit,
791 2573 938 2646 quod
981 2585 1104 2627 cum
1136 2568 1319 2624 verbis
1361 2565 1470 2621 illis
1505 2563 1573 2618 de
1597 2560 1890 2633 Sagittario
1917 2556 2112 2621 dictis,

657 2730 671 2745 .
709 2731 723 2744 .
762 2725 774 2742 .
811 2729 825 2742 .
865 2727 879 2741 .
916 2687 998 2740 hic
1020 2700 1135 2739 vero
1165 2679 1461 2737 conscendit
1489 2675 1708 2733 subinde
1738 2674 1904 2746 magis
1932 2690 1951 2738 ;

2220 2591 2288 2646 ρη
2299 2573 2463 2644 μένῳ»

2574 2683 2606 2735 ό
2634 2679 2684 2732 δ’
2716 2675 3026 2745 ἀνέρχεται
3057 2670 3273 2725 αὐτίκα
3308 2664 3580 2736 μᾶλλον

552 2831 658 2886 ista
691 2823 988 2896 capulavit,
1015 2833 1160 2884 tunc,
1189 2827 1243 2875 et
1267 2826 1421 2885 caput
1444 2815 1753 2886 (λείπωνται.
1785 2818 1840 2868 ct
1861 2810 2118 2878 deinceps

2224 2820 2514 2874 συνάπτειν
2589 2815 2651 2867 τὸ
2717 2810 2934 2880 τῆμος,
2990 2806 3084 2860 καὶ
3142 2800 3376 2872 κεφαλὴ
3432 2795 3806 2862 Κυνοσουρι-

553 2918 788 2988 reliqua.
820 2915 897 2969 Ac
929 2911 1147 2968 tametsi
1179 2910 1278 2964 hoc
1314 2907 1392 2962 illi
1435 2918 1758 2960 concessum
1815 2900 2012 2967 fuerit;
2053 2913 2123 2954 ne

2224 2911 2345 2979 δος,
2396 2911 2489 2964 καὶ
2520 2909 2588 2962 τὰ
2631 2905 2776 2976 ἑξῆς.
2808 2903 2954 2972 Πλὴν
2992 2899 3151 2961 εἴτις
3197 2897 3291 2949 καὶ
3321 2892 3478 2947 τοῦτο
3509 2890 3805 2960 συγχωρή-

557 3011 638 3067 sic
661 2981 878 3078 quidem
931 3002 1288 3058 tolerabiliter
1319 2999 1388 3054 ab
1436 2998 1602 3052 Arato
1647 2995 1852 3049 dictum
1901 2999 2007 3054 est,
2063 2998 2123 3044 ut

2224 3022 2366 3060 σειεν
2409 3001 2576 3072 αὐτῷ,
2619 2999 2726 3052 οὐδ’
2761 2996 2933 3057 οὓτως
2965 2992 3184 3045 δύναται
3224 2991 3254 3042 6
3284 2988 3518 3058 ’Δρατος
3563 2981 3806 3053 μετρίως

557 3109 716 3174 putat
743 3098 1000 3153 Attalus:
1032 3096 1136 3149 ltoc
1170 3093 1400 3157 oriente,
1451 3089 1601 3144 ualde
1653 3087 1874 3142 sublime
1907 3098 2116 3138 currere

2224 3097 2423 3165 λέγειν,
2457 3092 2532 3156 ὥς
2583 3107 2745 3163 φησιν
2788 3090 2817 3140 ὁ
2862 3085 3138 3147 Ἀτταλος,
3187 3082 3378 3135 τούτου
3422 3077 3806 3138 ἀνατέλλοντος

556 3192 786 3250 minoris
816 3187 970 3246 Ursae
997 3196 1180 3258 caput.
1207 3185 1344 3240 Nam
1393 3199 1516 3239 cum
1542 3181 1830 3237 admodum
1889 3177 1990 3231 hoc
2023 3191 2122 3230 su-

2224 3189 2335 3257 ῧψι
2392 3184 2559 3255 μάλα
2628 3180 2902 3251 τροχάειν
2970 3177 3070 3247 τὴν
3131 3174 3372 3243 κεφαλὴν
3435 3171 3536 3241 τῆς
3600 3169 3810 3240 μικρᾶς

537 3286 727 3341 .blime
759 3284 932 3339 fertur
973 3288 1026 3336 et
1066 3279 1351 3341 culminat,
1392 3283 1602 3331 tantum
1624 3274 1778 3329 abest
1806 3281 1864 3326 ut
1892 3268 2118 3340 Sagitta-

2224 3280 2480 3349 Ἀρκτου.
2514 3276 2727 3345 Ταύτης
2760 3271 2868 3342 γάρ
2897 3269 2991 3339 ὕψι
3047 3268 3188 3339 μάλα
3218 3264 3525 3336 φερομένης
3565 3261 3660 3315 καὶ
3710 3276 3811 3330 με·

557 3380 674 3434 rius
703 3377 949 3439 oriatur,
975 3383 1038 3428 ut
1066 3371 1120 3428 id
1152 3371 1428 3442 Aquarius
1465 3368 1650 3423 faciat.
1681 3363 1897 3419 Etenim
1947 3365 2121 3417 mino-

2231 3369 2618 3443 σουρανούσης,
2662 3367 2760 3435 ούχ
2787 3365 2868 3418 ὃτι
2895 3361 3128 3429 Τοξότης
3160 3357 3456 3418 ἀνατέλλει,
3491 3351 3814 3423 ἀλλ’Ὺδρο-

557 3471 636 3525 ris
664 3467 818 3523 Ursa;
848 3473 1035 3535 caput.
1074 3461 1374 3518 secundum
1405 3457 1724 3530 parallelum
1755 3453 2124 3524 aequinoctiali

2228 3465 2371 3535 χόος.
2422 3461 2486 3514 Ἠ
2524 3459 2622 3530 μὲν
2651 3457 2758 3528 γὰρ
2808 3453 3014 3523 κεφαλὴ
3038 3452 3137 3521 τῆς
3177 3450 3376 3520 μικρᾶς
3413 3448 3650 3516 ’Ἄρκτου
3706 3447 3811 3496 ἐπ-

560 3561 852 3624 circulum,
877 3555 1092 3626 Scorpii
1113 3561 1449 3625 postremam
1503 3559 1714 3620 partem
1743 3537 1978 3601 obtinet.
2015 3544 2127 3598 llac

562 3667 692 3707 vero
721 3650 1080 3711 culminante,
1113 3646 1169 3700 in
1197 3643 1422 3700 zodiaco
1468 3641 1731 3697 culrninat
1786 3639 1946 3694 tertia
1998 3651 2128 3706 pars

563 3741 868 3814 Sagittarii.
901 3740 1022 3806 Qua
1063 3753 1258 3793 rursus
1290 3736 1644 3797 culminante,
1673 3733 1728 3787 in
1755 3729 1979 3786 Graeciaa
2013 3742 2129 3782 tra-

567 3841 686 3896 ctu,
731 3839 786 3886 et
827 3831 1142 3897 ubicunque
1195 3825 1516 3894 longissima
1569 3824 1688 3878 dies
1741 3828 1826 3877 est
1871 3821 2131 3874 horarum

563 3922 1031 3995 mquinoctialium
1056 3919 1122 3972 ll
1148 3917 1269 3990 l/‘2,
1290 3917 1467 3971 oritur
1491 3913 1712 3985 Aquarii
1738 3927 1865 3984 pars
1894 3910 1979 3965 l7.
2003 3909 2134 3965 Cul—

565 4016 806 4068 minante
823 4027 955 4082 ergo
983 4011 1209 4066 minoris
1233 4007 1386 4064 Ursae
1415 4008 1593 4078 capite
1621 4027 1633 4062 :
1657 4005 1803 4076 quod
1832 4004 1936 4059 ista
1964 4001 2134 4073 signi-

567 4106 761 4159 ficant:
784 4103 1010 4159 sublime
1041 4101 1190 4156 valde
1215 4101 1417 4162 currit;
1451 4110 1582 4153 tunc
1614 4111 1954 4168 nequaquam
1978 4092 2137 4148 Scor-

568 4198 693 4267 pius
723 4197 858 4251 oriri
890 4196 1120 4266 incipit:
1148 4194 1243 4251 sed
1282 4194 1508 4263 Aquarii
1556 4193 1792 4262 amplius
1849 4199 2004 4260 parte
2050 4187 2137 4242 di-

568 4289 736 4344 midia
764 4295 849 4344 est
876 4297 1149 4351 exortum,
1199 4301 1307 4341 una
1337 4301 1463 4340 cum
1508 4286 1721 4354 integro
1769 4283 2018 4352 Scorpio.
2058 4279 2135 4334 Ex

567 4381 654 4434 his
683 4386 910 4450 apparet
940 4394 1047 4434 non
1081 4378 1214 4432 illud
1239 4379 1388 4432 Arati
1417 4375 1702 4431 tolerabile
1726 4389 1870 4439 esse,
1907 4381 1961 4426 ut
1987 4373 2140 4425 Atta-

569 4475 656 4528 lus
693 4472 1008 4532 existimat;
1061 4473 1155 4527 sed
1187 4471 1364 4527 tribus
1397 4471 1631 4541 amplius
1669 4470 1842 4540 signis
1875 4468 1944 4524 ab
1973 4479 2138 4536 appa-

567 4567 804 4622 rentium
836 4564 941 4620 fide
971 4564 1260 4620 dissidere.
1296 4562 1431 4618 Nam
1466 4563 1618 4636 quod
1664 4575 2008 4633 nequaquam
2061 4567 2143 4614 to-

2231 3533 2341 3625 έχει
2372 3551 2513 3606 κατά
2545 3550 2636 3602 τὸν
2677 3545 3019 3619 παράλληλον
3041 3543 3118 3612 τῷ
3159 3537 3454 3610 ἰσημερινῷ
3496 3535 3683 3604 κύκλῳ
3709 3533 3816 3602 τὴν

2234 3643 2489 3714 τελευτὴν
2509 3641 2601 3694 τοῦ
2637 3638 2904 3710 Σκορπίου
2945 3634 3078 3706 (61).
3108 3632 3322 3700 Ταύτης
3354 3630 3411 3683 δὲ
3443 3625 3818 3699 μεσουρανού-

2235 3752 2334 3806 σης
2363 3736 2420 3786 ἐν
2442 3730 2518 3800 τῷ
2536 3727 2802 3798 ζωδιακῴ,
2826 3727 3146 3796 μεσουρανεί
3167 3721 3372 3792 ήτρίτη
3406 3721 3567 3790 μοῖρα
3586 3715 3682 3770 τοῦ
3710 3717 3819 3768 Το-

2235 3827 2418 3894 ξότου·
2447 3820 2513 3896 ἦς
2551 3818 2987 3892 μεσουρανούσης
3031 3821 3087 3870 ὲν
3115 3819 3226 3878 τοῖς
3272 3813 3400 3884 περὶ
3449 3811 3547 3882 τὴν
3584 3809 3823 3865 Ἐλλάδα.

2233 3918 2439 3980 τόποις,
2474 3916 2567 3968 καὶ
2610 3914 2742 3966 ὅπου
2766 3910 2913 3963 ἐστὶν
2938 3911 2971 3979 ή
3007 3907 3232 3979 μεγίστη
3269 3905 3450 3976 ἡμέρα
3501 3901 3662 3973 ὡρῶν
3697 3904 3824 3972 in-

2240 4007 2473 4081 μερινῶν
2527 4003 2584 4058 ιδ’
2611 4005 2689 4069 ⁷⁸,
2746 4000 3023 4056 ἀνατέλλει
3066 3997 3160 4051 τοῦ
3221 3996 3504 4067 ’Υδροχὸου
3556 3996 3668 4066 μοῖ.
3727 3993 3822 4058 ιζ’.

2239 4102 2407 4154 Ὅταν
2426 4100 2532 4170 ἄρα
2565 4099 2598 4169 ἡ
2623 4094 2830 4166 κεφαλὴ
2850 4093 2948 4163 τῆς
2977 4091 3176 4162 μικρᾶς
3207 4090 3443 4159 Ἄρκτου
3477 4084 3822 4157 μεσουρανῇ·

2237 4193 2374 4263 ὅπερ
2438 4190 2555 4242 ἐστὶ
2609 4186 2827 4252 ταυτὸν,
2876 4184 2990 4252 -ῠιεοι
3016 4181 3182 4251 μάλα
3219 4179 3488 4249 τροχὰειο
3557 4179 3682 4231 τότε
3723 4177 3832 4249 οὐχ

2238 4287 2268 4338 6
2306 4283 2571 4354 Σκορπίος
2617 4281 2840 4350 ἄρχεται
2869 4273 3197 4336 ἀνατέλλειν,
3231 4271 3368 4325 ἀλλά
3395 4270 3489 4324 τοῦ
3525 4269 3829 4341 ’Υδροχόου

2244 4375 2426 4428 πλεῖον
2457 4373 2491 4443 ἢ
2515 4373 2575 4425 τὸ
2597 4371 2767 4441 ἥμισυ
2796 4365 3126 4422 ἀνατέταλκε
3157 4364 3319 4435 μέρος
3341 4379 3354 4392 °
3387 4365 3415 4416 6
3443 4362 3500 4415 δὲ
3547 4361 3832 4433 Σκορπίος

2242 4467 2341 4537 ήδη
2365 4467 2501 4528 ὅλος.
2544 4464 2630 4526 Ὠς
2659 4463 2756 4533 μὲν
2796 4456 2888 4514 οὖν
2919 4460 2979 4512 ού
3019 4457 3255 4528 μετρίως
3281 4456 3497 4526 εερηται
3541 4452 3708 4507 τοῦτο
3746 4453 3836 4524 τῷ

2256 4558 2486 4629 Ἀράτῳ,
2517 4554 2592 4618 ὡς
2617 4557 2646 4608 6
2677 4551 2935 4614 Ἀτταλός
2966 4566 3148 4620 φησιν,
3175 4547 3310 4602 ἀλλά
3340 4547 3580 4599 πλείοσιν
3606 4546 3638 4616 ἦ
3675 4547 3838 4617 τρισὶ

570 4663 660 4710 tus
689 4655 860 4709 Orion
881 4654 1118 4720 occidat,
1151 4652 1379 4724 Scorpio
1411 4652 1758 4710 commodum
1790 4652 2036 4716 oriente;
2083 4658 2124 4702 ιιι

2246 4649 2458 4714 ζωδίοις
2504 4647 2761 4715 διαφωνεῖ
2809 4643 2944 4714 πρὸς
2976 4641 3036 4694 τὸ
3090 4640 3433 4710 φαινόμενον,
3469 4637 3714 4708 φανερὸν
3762 4639 3839 4690 ὲκ

573 4755 681 4802 tam
709 4747 916 4802 Aratus
945 4745 1197 4810 allirmat,
1229 4761 1393 4816 quam
1447 4746 1664 4801 Attalus
1712 4745 1888 4800 eidem
1944 4757 2136 4798 assen-

568 4841 743 4906 tiens;
771 4837 866 4893 sed
885 4838 1096 4893 oriente
1121 4838 1304 4906 potius
1330 4836 1661 4907 Sagittario;
1693 4837 1752 4890 fit
1777 4852 1842 4892 ex
1869 4851 1934 4891 eo
1963 4834 2140 4890 mani-

573 4929 794 4984 festum.
828 4927 964 4982 Nam
993 4931 1047 4984 in
1071 4927 1295 4984 Graeciaa
1321 4936 1523 4992 tractu,
1557 4928 1649 4983 ubi
1680 4927 1997 4999 longissima
2027 4926 2144 4982 dies

571 5029 656 5078 est
692 5021 956 5076 horarum
1005 5021 1072 5076 14
1119 5021 1246 5093 ῌΞὶ,
1297 5020 1549 5076 occidere
1597 5035 1692 5091 pes
1724 5021 1871 5076 illius
1923 5021 2146 5076 sinister

575 5112 736 5183 109
764 5113 954 5182 incipit
974 5113 1255 5168 occidente
1274 5109 1442 5168 Tauri
1471 5121 1626 5183 parte
1643 5113 1692 5176 7,
1722 5120 1999 5183 postremo
2013 5126 2145 5166 vero

569 5209 758 5261 dexter
809 5205 956 5260 illius
1038 5204 1300 5260 humerus
1351 5205 1577 5269 occidit,
1630 5205 1924 5259 occidente
1973 5203 2143 5258 Tauri

570 5304 727 5365 parte
757 5294 852 5350 24.
876 5294 1035 5362 Quod
1065 5295 1112 5351 si
1152 5295 1516 5360 collorobum,
1550 5296 1697 5366 quod
1745 5295 1887 5366 gerit
1949 5295 2140 5350 dextra

573 5402 760 5453 manu,
790 5387 1091 5460 adjungere
1116 5398 1354 5459 oportet,
1386 5404 1513 5444 cum
1549 5391 1740 5444 ultima
1772 5390 1938 5444 Tauri
1989 5397 2143 5458 parte

650 5541 707 5609 ,⁷³
737 5542 779 5611 Ῑ.
810 5542 890 5610 ιδ’,
915 5540 1003 5597 S".

652 5697 764 5767 (61)
799 5698 918 5767 Τὴν
960 5697 1252 5766 τελευτὴν
1269 5696 1378 5752 τοῦ
1405 5693 2053 5767 Σκορπίουεγεγα-εδξ.
2092 5692 2139 5748 sl

581 5765 648 5819 ad
664 5763 1104 5848 mq'ttinoctialem
1144 5763 1415 5848 exigatur,
1455 5763 1559 5848 ista
1617 5766 1790 5848 finiti-0
1830 5765 1970 5848 loci:
2002 5763 2138 5817 Nam

585 5834 833 5894 ascensio
865 5850 1012 5894 recta
1046 5834 1344 5908 superioris
1394 5838 1449 5892 in
1483 5838 1697 5892 minore
1747 5834 2018 5890 laterculo
2056 5843 2138 5888 est

2243 4741 2349 4795 τῶν
2388 4738 2722 4812 εἰρημένωνο
2763 4738 2846 4790 ὅτι
2885 4735 2943 4788 δὲ
2984 4733 3107 4788 οὔτε
3149 4733 3338 4804 Ὠρίων
3368 4731 3488 4794 ὅλος
3527 4731 3701 4794 δύνει,
3731 4730 3838 4784 τοῦ

2247 4832 2512 4905 Σκορπίου
2542 4828 2842 4902 ἀρχομένου
2869 4825 3198 4890 ἀνατέλλειν,
3234 4824 3309 4887 ὡς
3334 4825 3363 4877 ὃ
3385 4839 3444 4875 τε
3483 4825 3728 4894 Ἀρατος
3748 4822 3845 4876 λέ-

2250 4944 2336 4996 γει
2371 4926 2466 4980 καὶ
2486 4928 2514 4979 6
2544 4923 2806 4986 Ἄτταλος
2836 4919 2983 4990 αὐτῷ
3015 4919 3495 4989 συναποφαίνεται,
3523 4915 3663 4969 ἀλλά
3693 4917 3846 4987 μᾶλ-

2250 5021 2340 5074 λον
2362 5018 2455 5072 τοῦ
2479 5015 2707 5081 Τοξότου
2725 5056 2742 5082 ,
2773 5012 3003 5084 φανερὸν
3027 5011 3092 5066 ἂν
3115 5009 3326 5080 γένοιτο
3349 5009 3436 5062 διὰ
3462 5007 3694 5061 τούτων.
3745 5009 3847 5062 Ἑν

2246 5112 2354 5184 γὰρ
2385 5113 2499 5172 τοῖς
2527 5109 2655 5180 περὶ
2685 5107 2786 5178 τὴν
2827 5104 3052 5157 Ἐλλάδα
3077 5103 3284 5166 τόποις,
3315 5102 3451 5154 ὅπου
3481 5100 3630 5153 ἐστὶν
3672 5102 3708 5171 ἡ
3737 5118 3844 5170 με-

2246 5205 2404 5273 γίστη
2441 5199 2620 5272 ἡμέρα
2656 5196 2812 5270 ὡρῶν
2849 5196 2907 5248 ιδ’
2939 5194 3023 5260 S",
3061 5195 3286 5264 ἄρχεται
3332 5192 3430 5262 μὲν
3465 5190 3643 5244 δύνειν
3688 5193 3848 5245 κατὰ

2244 5294 2335 5347 τὸν
2362 5290 2646 5365 ἀριστερὸν
2687 5289 2841 5369 πδδα,
2869 5285 3126 5355 δυνούσης
3159 5281 3372 5354 Ταύρου
3411 5283 3519 5352 μοί.
3557 5280 3632 5346 ζ’·
3668 5281 3849 5351 ἐσχα-

2244 5403 2334 5439 τον
2367 5385 2424 5438 δὲ
2449 5385 2591 5437 δύνει
2623 5381 2763 5435 κατὰ
2792 5379 2884 5432 τδν
2926 5376 3098 5440 δεξιὸν
3127 5369 3298 5446 ὦμον,
3329 5373 3598 5444 δυνούσης
3622 5373 3730 5444 τῆς
3759 5373 3851 5426 κδ’

2245 5692 2438 5775 sig},
2472 5693 2524 5775 l_,
2560 5689 2666 5775 ξδ’,
2719 5693 2920 5764 quibus
2977 5688 3274 5760 respondet
3321 5688 3526 5758 gradus
3551 5687 3858 5762 Sagittarii

2245 5771 2468 5819 circiter
2496 5771 2710 5818 tertius.
