4130 6410
527 454 550 509 i
563 454 664 511 059

1547 449 1637 502 AD
1676 447 1944 504 EUSEBII
1985 447 2375 506 CIIRONICON
2417 445 2783 504 APPENDIX.

3622 446 3768 503 ιοιο

527 589 652 630 nem
680 569 867 628 mundi
901 569 1204 640 capiamus.
1235 564 1371 620 Nam
1400 564 1496 620 ubi
1527 565 1646 621 dies
1685 567 1919 622 maxima
1957 583 2091 623 con-

2205 575 2277 636 ιε’,
2344 570 2462 624 ἐκεῖ
2520 567 2640 631 ὅλος
2701 570 2730 620 6
2778 565 3000 636 Κηφεὺς
3058 566 3116 618 tv
3159 562 3237 633 τῷ
3299 561 3546 636 ἀρκτικῷ
3603 564 3770 636 φέρο-

528 672 636 720 stat
664 662 816 718 boris
851 661 919 716 15
947 678 962 728 ;
995 659 1068 715 ibi
1102 657 1353 728 Cepheus
1398 658 1605 728 integer
1630 658 1685 714 in
1715 659 1937 716 Arctico
1980 661 2089 716 cir-

526 756 652 810 culo
677 756 942 810 defertur.

597 844 804 899 Praeter
844 842 961 896 haec
1007 841 1063 895 in
1106 840 1286 911 Argus
1327 839 1746 896 constellatione
1783 841 1970 911 lapsus
2006 850 2093 897 est

527 938 749 1000 Aratus,
779 951 903 990 cum
935 935 1128 989 scribit
1162 933 1427 1004 quidquid
1455 933 1603 989 illius
1644 940 1731 989 est
1768 948 1798 987 a
1830 948 1990 1004 prora
2023 932 2091 988 ad

528 1030 729 1083 malum
760 1042 955 1098 usque,
989 1026 1163 1082 stellis
1194 1039 1404 1091 carere,
1439 1024 1585 1095 quod
1611 1025 1698 1082 his
1725 1025 1976 1081 versibus
1996 1041 2093 1080 ex-

527 1119 711 1190 primit
740 1138 754 1175 :

527 1230 604 1284 Ae
627 1229 823 1298 partim
857 1229 1100 1291 obscura,
1131 1238 1178 1282 et
1211 1229 1378 1284 stellis
1410 1245 1595 1284 carens
1631 1245 1794 1298 usque
1821 1228 1891 1282 ad
1920 1230 2092 1296 ipsum

529 1299 733 1354 Malum
765 1317 797 1352 a
818 1315 979 1369 prora
1007 1299 1195 1368 fertur,
1231 1301 1286 1352 in
1319 1301 1523 1354 cazteris
1553 1309 1662 1353 tota
1688 1300 1983 1368 splendens.

599 1414 810 1471 Etenim
841 1430 962 1486 quae
995 1429 1023 1468 a
1051 1414 1369 1485 praecisione
1399 1415 1558 1469 navis
1591 1414 1708 1469 sita:
1741 1422 1870 1469 sunt
1897 1413 2091 1478 stellae,

527 1522 758 1578 quarum
787 1507 958 1560 altera
985 1505 1257 1560 borealior
1284 1513 1370 1560 est
1404 1504 1640 1568 inforis,
1688 1504 1858 1558 altera
1880 1512 2094 1561 austra-

529 1599 632 1653 lior
662 1597 718 1651 in
754 1595 963 1659 carina,
1006 1593 1236 1648 multum
1271 1592 1550 1648 declinant
1573 1594 1638 1648 ad
1666 1593 1952 1649 orientem.

599 1773 784 1829 XVIII.
817 1772 1125 1828 Secundum
1157 1771 1270 1826 haec
1301 1773 1498 1829 Aratus
1525 1770 1763 1840 reliquas
1798 1768 2095 1825 australio-

529 1882 618 1922 res
651 1865 875 1920 zodiaco
905 1878 1237 1934 persequens
1266 1863 1471 1919 stellas.
1496 1862 1601 1918 ista
1629 1862 1885 1931 subiicit:

535 2069 636 2123 Ha:
683 2084 800 2123 vero
841 2069 1026 2138 exiguo
1069 2067 1279 2136 spatio,
1329 2069 1518 2136 exiguo
1567 2076 1684 2120 vero
1732 2065 1788 2118 in
1824 2062 2099 2146 splendore

533 2210 681 2265 Inter
703 2209 997 2271 Temonem,
1028 2218 1077 2262 et
1100 2207 1284 2262 Cetum
1313 2207 1608 2268 volvuntur.
1824 2133 2029 2206 Dm“.

533 2281 693 2337 Casii
723 2281 964 2335 cadentes
988 2279 1083 2332 sub
1111 2277 1363 2332 lateribus
1392 2275 1626 2344 Leporis.

535 2391 595 2446 In
649 2390 734 2446 his
785 2388 1075 2445 oscitantia
1145 2387 1332 2458 lapsus
1403 2386 1620 2442 videtur
1679 2383 1785 2457 (sic
1827 2383 1974 2439 enim
2019 2382 2100 2438 Io-

531 2479 809 2554 quendum
845 2478 973 2550 est),
1021 2493 1147 2533 cum
1194 2485 1350 2548 putat
1383 2476 1614 2532 Clavum
1642 2475 1784 2530 inter
1821 2481 1874 2529 et
1905 2473 2097 2529 Cetum

533 2573 667 2629 sitas
692 2586 818 2627 esse
846 2571 1035 2626 stellas
1065 2569 1304 2625 nominis
1334 2577 1609 2640 expertes.
1640 2565 1751 2622 Has
1777 2567 1925 2622 enim
1955 2566 2098 2620 inter

534 2664 782 2720 Flavium
820 2673 874 2719 et
893 2661 1118 2718 Clavum
1158 2661 1412 2716 collocari
1452 2661 1725 2716 convenit.
1757 2659 1969 2730 Quippe
1998 2657 2100 2713 Le-

533 2757 653 2828 pori
680 2757 747 2812 ad
793 2755 1075 2811 meridiem
1107 2753 1372 2809 obversus
1411 2763 1496 2808 est
1522 2751 1711 2808 Orion.
1737 2751 1876 2806 Huic
1918 2757 2099 2806 autem

531 2848 603 2903 ad
635 2847 914 2903 meridiem
960 2847 1139 2902 adhuc
1183 2845 1373 2916 positae
1404 2853 1532 2900 sunt
1563 2858 1847 2915 anonyma:
1889 2842 2094 2899 stellte:

529 2955 672 3012 quas
713 2940 780 2994 ad
830 2938 1096 2994 orientem
1124 2937 1324 2991 Clavus
1369 2935 1534 2991 Navis
1566 2935 1787 3006 excipit.
1832 2932 2003 2988 Porro
2033 2931 2100 2986 ab

533 3033 759 3088 sinistro
781 3031 914 3101 pede
934 3029 1153 3086 Orionis
1189 3026 1506 3084 Fluviusvad
1528 3028 1722 3085 Cetum
1753 3026 1975 3099 quidem
2010 3041 2100 3081 us-

532 3139 641 3196 que
682 3123 750 3177 ad
779 3136 1036 3177 occasum
1064 3120 1342 3192 pertinet;
1380 3127 1503 3190 post
1533 3119 1600 3174 ad
1649 3119 1915 3174 orientem
1963 3134 2098 3174 con-

535 3230 751 3279 versus,
799 3228 992 3269 rursus
1021 3213 1089 3268 ad
1129 3212 1433 3275 meridiem,
1484 3221 1539 3266 et
1569 3226 1826 3266 occasum
1871 3209 2099 3267 reﬂecti-

535 3318 646 3364 tur.
667 3309 870 3362 Aratus
889 3319 1022 3361 vero
1051 3305 1280 3376 ipsemet
1304 3303 1498 3359 Cetum
1524 3303 1600 3357 ait
1627 3318 1750 3358 esse
1773 3303 1962 3369 situm,

540 3515 698 3585 110
725 3511 1008 3567 Paululum
1043 3529 1204 3580 supra
1240 3510 1485 3565 Flavium
1516 3510 1780 3580 jacentem
1809 3507 2097 3562 stellatum.

605 3626 944 3697 Patet'igitur
969 3626 1154 3681 stellas
1179 3624 1372 3696 Lepori
1399 3621 1935 3694 subjectasFIuvium
1961 3623 2102 3676 inter

536 3737 601 3777 ac
636 3718 929 3775 Temonem
973 3733 1094 3772 esse
1140 3716 1504 3772 collocandas.
1550 3715 1606 3769 In
1658 3731 1769 3786 quo
1812 3713 2100 3768 nobiscum

537 3812 702 3865 etiam
745 3810 913 3864 sentit
947 3807 1228 3862 Eudoxus.
1265 3806 1402 3861 Nam
1424 3790 1490 3862 'in
1541 3807 1719 3861 altero
1747 3806 1884 3860 libro
1913 3807 1992 3861 sic
2026 3805 2105 3858 Io-

536 3900 725 3970 quitur
751 3918 764 3953 :
801 3917 819 3950 ι
855 3897 970 3952 Sub
1001 3897 1136 3966 Ceto
1164 3897 1388 3953 Fluvius
1416 3898 1627 3968 positus
1647 3907 1751 3960 est,
1784 3898 1876 3967 qui
1913 3897 2106 3967 incipit

537 4007 569 4046 ι
593 3991 818 4046 sinistro
846 3990 978 4059 pede
1007 3987 1248 4046 Orionis.
1287 3990 1433 4044 Inter
1461 3988 1711 4044 Fluvium
1735 4000 1788 4045 et
1811 3989 2104 4044 Temonem

537 4085 734 4154 Argus,
765 4082 867 4137 sub
889 4079 1116 4151 Lepore,
1149 4082 1301 4137 locus
1323 4091 1406 4137 est
1435 4083 1684 4152 exiguus.
1718 4081 1984 4136 obscuras
2008 4081 2103 4134 ha-

537 4175 672 4231 bens
703 4174 907 4229 stellas.
943 4193 961 4224 ι
999 4171 1055 4227 In
1085 4173 1256 4228 altero
1290 4175 1429 4229 libro
1468 4175 1571 4229 ista
1617 4173 1809 4228 scribit
1847 4192 1860 4227 :
1905 4191 1923 4224 ι
1961 4170 2107 4227 Inter

535 4261 714 4332 Argus
735 4261 1051 4324 Temonem,
1089 4262 1190 4316 sub
1219 4250 1454 4333 Lepore,
1477 4263 1729 4318 obscuris
1759 4262 1931 4318 stellis
1966 4276 2106 4332 prae-

537 4355 688 4409 ditus
721 4364 805 4408 est
833 4354 984 4409 orbis
1025 4353 1277 4424 exiguus.
1313 4373 1331 4404 ι
1365 4354 1583 4409 Attalus
1617 4370 1750 4409 vero
1794 4355 2102 4410 oscitantite

537 4446 686 4502 illius
721 4447 933 4500 Aratea:
963 4461 1074 4500 non
1105 4446 1376 4510 meminit,
1402 4456 1554 4501 ratus
1583 4446 1654 4501 ab
1693 4445 1863 4502 Arato
1892 4445 1946 4501 id
1978 4462 2105 4502 vere

535 4554 660 4594 esse
694 4539 1001 4609 proditum;
1049 4539 1300 4593 eumdem
1346 4553 1477 4594 vero
1522 4539 1892 4609 reprehendit,
1944 4541 2103 4612 quasi

2195 678 2309 714 ται.

2281 839 2487 907 Ἀγνοεϊ
2534 836 2592 891 δὲ
2637 838 2666 890 6
2698 837 2931 907 Ἀρατος
2968 834 3062 889 καὶ
3105 836 3164 888 ὲν
3210 832 3290 903 τῷ
3321 831 3633 904 ἀστερισμῷ
3660 831 3768 902 τῆς

2211 929 2462 1002 Ἀργοῦς.
2532 927 2670 999 Φησὶ
2724 927 2832 999 γὰρ
2898 927 3065 996 αὐτῆς
3122 924 3184 978 τὸ
3221 924 3328 978 ἀπὸ
3380 923 3479 994 τῆς
3539 921 3769 994 πρώρας

2205 1023 2370 1096 μέρος
2426 1021 2531 1084 ἕως
2576 1016 2670 1072 τοῦ
2730 1018 2876 1073 ἱστοῦ
2941 1017 3320 1090 ἀναστέριστον
3374 1009 3541 1080 εἶναι,
3590 1012 3770 1082 λέγων

2199 1133 2370 1179 ουτως
2405 1133 2419 1146 ·

2199 1233 2307 1289 Kal
2335 1233 2407 1286 τὰ
2429 1231 2545 1302 μὲν
2561 1230 2754 1302 ἠερίη,
2775 1223 3233 1302 zeal-ardorech
3250 1218 3556 1302 gxptaap'

2212 1286 2400 1358 Ἰστὸν
2428 1286 2548 1357 ὂπὸ
2587 1286 2822 1370 reme
2847 1295 3103 1365 φέρεται,
3123 1286 3220 1347 ’τᾶ
3241 1286 3512 1346 assem
3527 1286 3766 1359 φαεινή.

2203 1418 2266 1472 οι
2307 1415 2416 1487 γὰρ
2461 1416 2525 1468 ἐκ
2555 1413 2653 1484 τῆς
2699 1407 2980 1479 ἀποτομῆς
3009 1405 3104 1462 τοῦ
3143 1405 3328 1459 πλοίου
3357 1402 3596 1473 κείμενοι
3627 1401 3769 1470 λαμ-

2202 1511 2328 1582 προὶ
2357 1508 2602 1579 ἀστέρες,
2650 1498 2726 1558 ὧν
2770 1507 2799 1558 ὁ
2849 1502 2946 1574 μὲν
2990 1500 3321 1572 βορειάτερος
3369 1498 3430 1550 tv
3468 1495 3547 1566 τῷ
3595 1510 3770 1547 κατα-

2203 1601 2482 1674 στρώματι
2525 1601 2712 1662 ἐστιν,
2767 1599 2796 1651 6
2835 1596 2892 1649 δὲ
2941 1592 3256 1662 νοτιώτερος
3296 1591 3356 1642 tv
3410 1590 3476 1658 τῇ
3531 1584 3768 1657 τρόπιδι,

2187 1692 2336 1746 ’πολὺ
2363 1690 2499 1763 πρὸς
2525 1687 2788 1759 ἀνατολὴν
2817 1685 3310 1757 παραλλάσσουσιν.

2267 1779 2378 1840 lH'.
2432 1783 2520 1839 'Ev
2561 1782 2618 1836 δὲ
2665 1782 2775 1844 τοῖς
2819 1777 3015 1848 ἐφεξῆς
3057 1778 3086 1829 6
3135 1775 3388 1844 Ἄρατος,
3419 1767 3656 1823 ἐπελθὼν
3698 1767 3769 1820 τὰ

2202 1876 2360 1931 λοιπὰ
2391 1873 2498 1928 τῶν
2543 1871 2875 1942 νοτιωτέρων
2916 1867 3133 1938 ἄστρων
3176 1863 3272 1916 τοῦ
3303 1860 3591 1926 ζωδιακοῦ,
3640 1861 3771 1914 ἑπι-

2201 1969 2356 2042 φέρει
2389 1965 2544 2021 ταυτὶ
2563 1982 2576 1995 ο

2200 2086 2263 2138 Ol
2287 2077 2338 2135 δ’
2373 2079 2556 2149 ὀλίγῳ
2575 2077 2768 2148 μέτρῳ
2787 2091 2799 2104 ·
2836 2074 3009 2144 ὀλίγη
3039 2070 3091 2124 δ’
3123 2069 3450 2142 ἐγκείμενοι
3473 2065 3656 2134 aly-.111

2197 2215 2466 2272 Πεσσόθι
2497 2212 2804 2280 Πηδαλίου
2834 2209 2932 2263 καὶ
2959 2206 3179 2280 Κήτεος
3209 2207 3612 2280 εμίσσονταί,

2197 2284 2482 2342 Flavum”;
2511 2272 2853 2349 πεπτηῶτες
2873 2279 2990 2334 ὑπὸ
3023 2272 3324 2346 animo;
3357 2272 3622 2344 Λατωοῦ.

2210 2398 2298 2453 Ἐν
2323 2398 2381 2451 δὲ
2406 2395 2616 2458 τούτοις
2659 2391 3074 2464 παρεωρακέναι
3117 2406 3207 2460 μοι
3230 2387 3380 2440 δοκεῖ
3432 2382 3624 2455 (οὕτως
3657 2382 3773 2453 γὰρ

2196 2491 2280 2545 δεῖ
2319 2488 2540 2558 λέγειν),
2575 2484 2862 2540 ὑπολαᾶὶιν
2889 2481 3092 2554 μεταξὺ
3123 2480 3216 2534 τοῦ
3260 2479 3528 2550 Πηδαλίου
3549 2477 3642 2530 καὶ
3668 2474 3772 2528 τοῦ

2198 2584 2413 2656 Κήτους
2445 2579 2658 2636 κεῖσθαι
2707 2578 2834 2640 τοὺς
2876 2575 3190 2646 ἀνωνύμους
3231 2571 3487 2642 ἀστέρας.
3536 2572 3628 2622 Δεῖ
3657 2569 3772 2640 γὰρ

2198 2675 2394 2737 αὐτοὺς
2452 2670 2653 2743 μεταξὺ
2716 2667 2810 2721 τοῦ
2860 2665 3115 2737 Ποταμοῦ
3180 2664 3276 2718 καὶ
3333 2661 3428 2716 τοῦ
3501 2660 3771 2730 Πηδαλιου

2199 2765 2443 2821 κεῖσθαι·
2482 2762 2617 2834 πρὸς
2652 2758 3002 2832 μεσημϐρίαν
3043 2759 3139 2828 μὲν
3165 2756 3272 2828 γὰρ
3311 2753 3406 2808 τοῦ
3449 2753 3702 2825 Ὠρίωνος
3744 2753 3772 2797 οι

2199 2857 2424 2927 Λαγωὸς
2470 2857 2681 2908 κεῖται·
2727 2853 2918 2906 τούτου
2967 2851 3024 2904 δὲ
3068 2849 3149 2903 ἔτι
3179 2849 3314 2920 πρὸς
3343 2845 3687 2917 μεσημϐρίαν
3721 2842 3772 2894 οἱ

2212 2929 2506 3018 Ἀνώνυμοι
2546 2943 2860 3013 λεγόμενοι·
2903 2941 3105 2994 τούτων
3147 2939 3204 2992 δὲ
3235 2938 3368 3009 πρὸς
3409 2933 3669 2995 ἀνατολὰς
3710 2931 3772 2984 τδ

2200 3039 2462 3110 Πηδάλιον
2489 3037 2584 3109 τῆς
2627 3033 2854 3106 Ἀργοῦς
2876 3049 2890 3063 ⁸
2927 3033 3034 3086 ἀπὸ
3067 3031 3123 3085 δὲ
3155 3029 3248 3084 τοῦ
3281 3024 3564 3100 ἀριστεροῦ
3611 3023 3772 3085 ποδὸς

2199 3131 2291 3185 τοῦ
2339 3130 2586 3200 Ὠρίωνος
2615 3129 2643 3180 6
2675 3125 2923 3195 Ποταμὸς
2955 3124 3058 3186 ἓως
3097 3123 3194 3192 μὲν
3239 3119 3333 3174 τοῦ
3378 3120 3590 3189 Κήτους
3636 3114 3771 3184 πρὸς

2207 3222 2361 3276 δύσιν
2413 3219 2673 3288 καθήκει·
2731 3215 2869 3287 μετά
2923 3213 2980 3267 δὲ
3032 3210 3204 3266 ταῦτα
3264 3207 3591 3280 ἐπιστρέψας
3634 3203 3772 3276 πρὸς

2201 3308 2462 3372 ἀνατολὰς
2518 3307 2677 3361 πάλιν
2727 3302 3042 3374 ἐπιστρέφει
3098 3301 3232 3372 πρὸς
3285 3295 3627 3370 μεσημϐρίαν
3675 3294 3775 3347 καὶ

2199 3402 2368 3456 δύσιν.
2405 3399 2574 3464 Αὐτὸς
2604 3397 2663 3452 δὲ
2695 3399 2724 3451 6
2763 3397 2998 3467 Ἀρατος
3043 3393 3103 3446 τὸ
3136 3392 3312 3462 Κῆτός
3355 3404 3487 3460 φησι
3523 3383 3770 3441 κεῖσθαιο

2207 3509 2392 3564 Βαιὸν
2439 3507 2591 3575 ὑπὲρ
2635 3503 2908 3574 Ποταμοῦ
2943 3492 3322 3571 βεϐλημένον
3359 3498 3772 3565 ἀστερόεντος.

2202 3623 2368 3694 Δῆλον
2413 3617 2526 3685 οὗν,
2570 3622 2652 3674 ὅτι
2703 3620 2829 3682 τοὺς
2879 3616 2984 3669 ὑπὸ
3034 3614 3110 3686 τῷ
3160 3611 3371 3682 Δαγωῷ
3423 3610 3657 3681 ἀστέρας
3695 3608 3778 3661 δεῖ

2203 3715 2414 3770 κεῖσθαι
2447 3711 2649 3784 μεταξὺ
2678 3710 2769 3764 τοῦ
2800 3707 3052 3780 Ποταμοῦ
3084 3707 3176 3761 καὶ
3205 3705 3299 3760 τοῦ
3329 3703 3618 3775 Πηδαλίου.
3665 3700 3780 3753 Καὶ

2204 3805 2427 3871 Εὔδοξος
2456 3805 2535 3868 δὲ,
2568 3803 2644 3866 ὼς
2670 3803 2829 3872 ἡμεῖς
2866 3817 3064 3870 φαμεν,
3099 3797 3241 3852 οὕτω
3259 3795 3439 3863 λέγει·
3473 3796 3532 3848 tv
3562 3793 3659 3864 μὲν
3697 3791 3778 3860 τῷ

2205 3897 2284 3951 ἑνὶ
2330 3895 2663 3964 συντάγματι
2705 3892 2796 3946 τὸν
2837 3873 3037 3961 τρόπον
3083 3876 3268 3941 τοῦτον
3293 3903 3306 3916 ο
3366 3903 3385 3936 ι
3436 3883 3573 3937 ’Υπὺ
3612 3883 3671 3935 δὲ
3713 3881 3779 3933 τδ

2206 3989 2384 4060 Κῆτος
2432 3988 2461 4039 6
2495 3985 2744 4056 Ποταμδς
2787 3987 2999 4044 κεῖται,
3048 3979 3348 4052 ἀρξάμενος
3377 3973 3485 4030 ἀπὸ
3527 3973 3622 4028 τοῦ
3651 3974 3777 4043 ἀρι-

2207 4077 2398 4150 στεροῦ
2440 4076 2597 4139 ποδὸς
2639 4074 2732 4128 τοῦ
2784 4074 3055 4146 Ὠρίωνος.
3101 4069 3318 4136 Μεταξὺ
3365 4068 3423 4121 δὲ
3466 4067 3560 4120 τοῦ
3602 4066 3780 4120 Ποτα·

2209 4168 2309 4240 μοῦ
2339 4169 2432 4222 καὶ
2457 4167 2550 4221 τοῦ
2581 4165 2846 4236 Πηδαλίου
2875 4164 2975 4234 τῆς
3025 4161 3250 4234 Ἀργοῦς
3282 4160 3389 4214 ὑπὸ
3423 4158 3513 4212 τὸν
3552 4156 3780 4226 Λαγωὸν

2204 4259 2366 4322 τόπος
2412 4259 2558 4311 ἐστὶν
2601 4257 2662 4310 οὐ
2697 4257 2880 4321 πολὺς,
2913 4255 3192 4326 ἀμανροὺς
3243 4252 3478 4320 ἀστέρας
3522 4249 3694 4319 ἔχων·
3756 4267 3776 4298 ι

2206 4350 2263 4403 tv
2292 4349 2349 4403 δὲ
2380 4348 2457 4419 τῷ
2485 4347 2655 4418 ἑτέρῳ
2682 4347 3019 4419 συντάγματι
3061 4361 3224 4416 φησιν
3254 4344 3425 4405 οὕτως
3447 4357 3460 4369 ·
3500 4359 3518 4394 ι
3555 4338 3783 4405 Μεταξὺ

2205 4439 2262 4492 δὲ
2289 4437 2382 4492 τοῦ
2411 4439 2511 4508 τῆς
2551 4437 2778 4509 Ἀργοῦς
2801 4437 3066 4507 Πηδαλῐου
3096 4436 3199 4488 ὑπὸ
3226 4435 3314 4487 τὸν
3344 4432 3569 4500 Λαγωὸν
3599 4431 3784 4502 agnu-

2207 4533 2332 4604 ροὺς
2359 4532 2592 4601 ἀστέρας
2621 4530 2780 4600 ἔχων,
2820 4530 2965 4583 ἔστιν
3007 4528 3232 4598 οὐρανὸς
3273 4526 3332 4578 οὐ
3381 4525 3574 4595 μέγας.
3630 4541 3649 4574 ι
3713 4523 3785 4575 '0

537 4647 648 4686 non
689 4641 838 4686 recte
878 4647 944 4684 ac
989 4631 1226 4687 scienter
1273 4631 1328 4685 in
1377 4629 1750 4688 deseribendis
1780 4631 1931 4686 hisce
1975 4647 2100 4686 ver-

2205 4624 2263 4678 δὲ
2297 4623 2557 4686 Ἀτταλος
2594 4622 2781 4676 τούτου
2814 4621 2911 4692 μὲν
2931 4618 3024 4672 τοῦ
3059 4617 3447 4690 παροράματος
3489 4615 3590 4666 οὐκ
3612 4614 3786 4683 ἐμνη-

538 4730 690 4778 setur
710 4740 723 4776 ς

535 4978 605 5050 ᾼι
633 4978 837 5050 modico
854 4980 1057 5050 spatio,
1091 4978 1292 5033 modico
1319 4980 1442 5050 item
1472 4977 1645 5050 insita:
1674 4979 1891 5050 fulguri,

539 5046 605 5118 [τι
639 5047 809 5101 medio
843 5044 1214 5112 Gubernaculi,
1245 5059 1303 5118 et
1318 5049 1432 5104 Ceti
1460 5044 1760 5118 volvuntur,

538 5116 726 5186 Glauci
743 5118 981 5186 jacentes
1012 5120 1106 5173 sub
1132 5117 1382 5173 lateribus
1407 5118 1623 5179 Leporis

540 5185 768 5241 Nomine
799 5199 1054 5242 carentes.
1091 5189 1212 5242 Non
1244 5191 1382 5242 enim
1428 5189 1537 5244 illa:
1567 5189 1787 5252 confecti
1827 5190 2104 5245 simulacri

536 5257 752 5328 δραι-δατ
782 5267 903 5311 sunt
931 5259 1173 5312 membris
1202 5261 1398 5312 similes
1417 5277 1435 5312 :
1465 5261 1646 5328 qualia
1671 5261 1837 5312 multa

537 5326 623 5380 Ex
663 5328 846 5381 ordine
892 5329 1184 5383 incedentia
1228 5326 1594 5396 perambulant
1632 5331 1842 5383 easdem
1889 5333 2104 5384 semitas

551 5396 875 5452 Vertentibus
913 5401 1100 5462 anuis;
1130 5416 1247 5468 quia
1277 5401 1540 5469 quispiam
1563 5400 1952 5454 [coutinumnou
1993 5418 2106 5454 am-

1484 5467 1643 5541 [plius
1695 5473 2036 5539 superstitum

539 5532 869 5602 Obseruauit,
895 5549 945 5592 et
975 5538 1227 5609 cogitavit
1253 5540 1433 5593 omnia
1470 5532 1782 5593 rieminatim
1818 5541 2104 5609 appellare,

539 5662 830 5746 (zonis:er
860 5671 1116 5746 ﬁgurans.
1147 5670 1268 5725 Non
1290 5674 1427 5726 enim
1457 5675 1628 5746 potuit
1651 5676 1888 5728 ontnium

540 5731 868 5814 ξξιιρὶηαιίηι
887 5731 1260 5814 distinctarum
1290 5731 1474 5796 nomen
1495 5744 1663 5802 edere.
1692 5762 1852 5814 neque
1880 5745 2102 5799 discere.

539 5798 726 5857 Multae
766 5823 990 5878 namque
1029 5813 1261 5880 passim;
1297 5814 1583 5866 multarum
1631 5798 1844 5886 insuper
1878 5817 2108 5956 (tit/uales

1919 5896 2038 5940 sunt

1919 5896 2038 5940 sunt

2212 4713 2333 4785 σθη,
2361 4713 2586 4776 δεόντως
2626 4712 2904 4784 εἰρηκέναι
2947 4709 3180 4779 νομίζων
3227 4708 3319 4761 τὸν
3352 4707 3585 4777 ’Ἄρατον
3607 4722 3621 4734 ·
3658 4705 3785 4757 tru-

2207 4803 2541 4874 λαμϐάνεται
2566 4804 2624 4856 δὲ
2650 4803 2835 4868 αὐτοῦ,
2858 4802 2991 4855 διότι
3023 4799 3296 4862 ἀδυνάτως
3325 4797 3697 4869 ἀνέστραπται.
3721 4798 3788 4849 tv

2208 4895 2416 4959 τούτοις
2435 4911 2452 4926 ο

2207 5057 2474 5110 Μεσσόθι
2494 5052 2808 5120 Πηδαλίου
2840 5055 2937 5106 καὶ
2977 5053 3062 5120 Κή
3076 5069 3205 5116 τεος
3225 5052 3601 5120 εἱλίσσονται

2207 5124 2489 5180 Γλαυκοῦ
2515 5117 2855 5189 πεπτηῶτες
2883 5125 2997 5178 ὑπὸ
3023 5117 3321 5189 πλευρῇσι
3347 5117 3590 5189 Auram“;

2206 5194 2495 5263 Νώνυμοι.
2521 5195 2604 5246 Οὐ
2634 5187 2742 5262 γάρ
2771 5187 2863 5247 τοι
2889 5210 2953 5262 γε
2991 5187 3347 5263 τετυγμένρι)
3380 5187 3647 5263 εὶδώᾼᾳιο

2208 5256 2535 5331 Βέὄλῆνται
2557 5256 3185 5331 μελέεσσινεοικότεξ,
3226 5256 3320 5312 οἴᾶ
3343 5274 3408 5331 τε
3431 5258 3635 5331 πολλὰ

2219 5326 2446 5398 Ἑξείὴς
2470 5326 2802 5400 στῐχόωντα
2833 5330 3182 5399 παρέρχεται
3197 5329 3364 5400 -αὑτὰ
3396 5326 3653 5400 attiguae!

2222 5395 2555 5470 Ἀνυμένων
2571 5395 2756 5456 ἓτέων
2776 5419 2789 5431 ·
2821 5400 2894 5454 τά
2912 5395 3005 5466 τιξ-
3021 5395 3266 5468 ’ἇνδρῶν
3287 5401 3396 5452 οὐκ
3441 5396 3524 5449 ἐτ’
3552 5395 3783 5448 ἐόντων

2584 4983 2795 5052 μέτρῳ,
2825 4983 2996 5052 ὀλίγῃ
3032 4982 3083 5035 δ’
3107 4981 3438 5050 ἐγκείμενοι
3467 4979 3650 5046 αῑγλῃ

2221 5537 2551 5608 Ἐφράσαί,
2597 5536 2691 5605 ἠδ’
2737 5538 3012 5605 ἐνόησεν,
3061 5534 3272 5590 ἅπαντ’
3321 5530 3622 5608 ὀνομαστὶ.
3668 5545 3785 5581 κα-

2213 5679 2428 5731 Ἰἴλιθα
2451 5677 2796 5747 μορφώσας.
2836 5680 2918 5730 Οὐ
2948 5676 3055 5746 γάρ
3087 5678 3135 5744 γ’
3167 5672 3505 5747 ἐδυιςήσθατρ

2213 5750 2369 5801 Οἰόοι
2399 5741 2764 5817 κὲκριρἐοηί
2784 5748 2943 5816 ὄνομ’
2955 5741 3173 5817 eum};
3201 5741 3602 5817 οὺᾷἑεὸταήναι.

2209 5819 2431 5872 Πολλοὶ
2601 5819 2792 5885 πάντη
2813 5835 2826 5849 ο
2859 5808 3092 5871 ᾰολέων
3119 5814 3187 5866 δ”
3211 5812 3310 5866 ἐπὶ
3342 5808 3447 5866 ἶσα
3488 5808 3784 5864 πέλονται
