  <div class='ocr_page' id='page_1' title='image "/cluster/home/n/w/nwhite01/storage/ocr_20150623/19/nnc1.0037127454/542.png"; bbox 0 0 4130 6410; ppageno 0'>
   <div class='ocr_carea' id='block_1_1' title="bbox 367 418 494 477">
    <p class='ocr_par' dir='ltr' id='par_1_1' title="bbox 367 418 494 477">
     <span class='ocr_line' id='line_1_1' title="bbox 367 418 494 477; baseline 0 -3"><span class='ocrx_word' id='word_1_1' title='bbox 367 418 494 477; x_wconf 65' lang='grc'><strong><em>1041</em></strong></span> 
     </span>
    </p>
   </div>
   <div class='ocr_carea' id='block_1_2' title="bbox 1379 409 2585 471">
    <p class='ocr_par' dir='ltr' id='par_1_2' title="bbox 1379 409 2585 471">
     <span class='ocr_line' id='line_1_2' title="bbox 1379 409 2585 471; baseline -0.002 -1"><span class='ocrx_word' id='word_1_2' title='bbox 1379 414 1744 471; x_wconf 78' lang='lat' dir='ltr'><strong><em>HIPPARCHI</em></strong></span> <span class='ocrx_word' id='word_1_3' title='bbox 1784 412 1873 468; x_wconf 89' lang='lat' dir='ltr'><strong><em>AD</em></strong></span> <span class='ocrx_word' id='word_1_4' title='bbox 1910 409 2356 468; x_wconf 67' lang='lat' dir='ltr'><strong><em>PHENOMENA</em></strong></span> <span class='ocrx_word' id='word_1_5' title='bbox 2393 412 2520 467; x_wconf 76' lang='lat' dir='ltr'><strong><em>LIB.</em></strong></span> <span class='ocrx_word' id='word_1_6' title='bbox 2546 414 2585 468; x_wconf 94' lang='grc'><strong><em>1.</em></strong></span> 
     </span>
    </p>
   </div>
   <div class='ocr_carea' id='block_1_3' title="bbox 3459 411 3596 466">
    <p class='ocr_par' dir='ltr' id='par_1_3' title="bbox 3459 411 3596 466">
     <span class='ocr_line' id='line_1_3' title="bbox 3459 411 3596 466; baseline 0.007 -2"><span class='ocrx_word' id='word_1_7' title='bbox 3459 411 3596 466; x_wconf 67' lang='grc' dir='ltr'><strong><em>10ιῖ</em></strong></span> 
     </span>
    </p>
   </div>
   <div class='ocr_carea' id='block_1_4' title="bbox 361 526 1928 608">
    <p class='ocr_par' dir='ltr' id='par_1_4' title="bbox 361 533 1928 608">
     <span class='ocr_line' id='line_1_4' title="bbox 361 533 1928 608; baseline -0.005 -13"><span class='ocrx_word' id='word_1_8' title='bbox 361 539 558 608; x_wconf 75' lang='grc' dir='ltr'><em>Μέτρα</em></span> <span class='ocrx_word' id='word_1_9' title='bbox 581 553 644 592; x_wconf 57' lang='grc' dir='ltr'><em>τηε</em></span> <span class='ocrx_word' id='word_1_10' title='bbox 678 546 776 591; x_wconf 67' lang='grc' dir='ltr'><em>καὶ</em></span> <span class='ocrx_word' id='word_1_11' title='bbox 806 536 978 606; x_wconf 81' lang='grc' dir='ltr'><em>χροιή</em></span> <span class='ocrx_word' id='word_1_12' title='bbox 1001 551 1014 565; x_wconf 90' lang='grc'><strong>·</strong></span> <span class='ocrx_word' id='word_1_13' title='bbox 1048 535 1268 601; x_wconf 81' lang='grc' dir='ltr'><em>πάντες</em></span> <span class='ocrx_word' id='word_1_14' title='bbox 1309 551 1374 589; x_wconf 83' lang='grc' dir='ltr'><strong><em>τε</em></strong></span> <span class='ocrx_word' id='word_1_15' title='bbox 1396 535 1514 606; x_wconf 77' lang='grc' dir='ltr'><em>μὲν</em></span> <span class='ocrx_word' id='word_1_16' title='bbox 1539 533 1928 605; x_wconf 72' lang='grc' dir='ltr'><em>ἁμφιέλικτοι.</em></span> 
     </span>
    </p>
   </div>
   <div class='ocr_carea' id='block_1_5' title="bbox 2029 526 3596 608">
    <p class='ocr_par' dir='ltr' id='par_1_5' title="bbox 2038 526 3596 608">
     <span class='ocr_line' id='line_1_5' title="bbox 2038 526 3596 608; baseline -0.004 -22"><span class='ocrx_word' id='word_1_17' title='bbox 2038 531 2548 604; x_wconf 74' lang='lat' dir='ltr'><strong><em>Hagnitudinesque,</em></strong></span> <span class='ocrx_word' id='word_1_18' title='bbox 2583 539 2634 585; x_wconf 88' lang='lat' dir='ltr'><strong><em>et</em></strong></span> <span class='ocrx_word' id='word_1_19' title='bbox 2671 539 2846 595; x_wconf 78' lang='lat' dir='ltr'><strong><em>color,-</em></strong></span> <span class='ocrx_word' id='word_1_20' title='bbox 2884 543 3062 582; x_wconf 88' lang='lat' dir='ltr'><strong><em>omnes</em></strong></span> <span class='ocrx_word' id='word_1_21' title='bbox 3097 526 3596 608; x_wconf 42' lang='lat' dir='ltr'><strong><em>utique&#39;elircumvo-</em></strong></span> 
     </span>
    </p>
   </div>
   <div class='ocr_carea' id='block_1_6' title="bbox 366 671 1680 742">
    <p class='ocr_par' dir='ltr' id='par_1_6' title="bbox 366 671 1680 742">
     <span class='ocr_line' id='line_1_6' title="bbox 366 671 1680 742; baseline -0.005 -13"><span class='ocrx_word' id='word_1_22' title='bbox 366 673 452 742; x_wconf 84' lang='grc' dir='ltr'><strong><em>Τῷ</em></strong></span> <span class='ocrx_word' id='word_1_23' title='bbox 475 673 574 728; x_wconf 84' lang='grc' dir='ltr'><strong><em>καί</em></strong></span> <span class='ocrx_word' id='word_1_24' title='bbox 615 673 938 742; x_wconf 78' lang='grc' dir='ltr'><em>όμηγερέας</em></span> <span class='ocrx_word' id='word_1_25' title='bbox 967 675 1021 726; x_wconf 85' lang='lat' dir='ltr'><strong><em>ol</em></strong></span> <span class='ocrx_word' id='word_1_26' title='bbox 1046 672 1282 726; x_wconf 80' lang='grc' dir='ltr'><strong><em>ἐείσατο</em></strong></span> <span class='ocrx_word' id='word_1_27' title='bbox 1311 671 1680 737; x_wconf 78' lang='grc' dir='ltr'><em>ποιήσασθαι</em></span> 
     </span>
    </p>
   </div>
   <div class='ocr_carea' id='block_1_7' title="bbox 373 740 1932 814">
    <p class='ocr_par' dir='ltr' id='par_1_7' title="bbox 373 740 1932 814">
     <span class='ocr_line' id='line_1_7' title="bbox 373 740 1932 814; baseline -0.004 -15"><span class='ocrx_word' id='word_1_28' title='bbox 373 740 673 814; x_wconf 50' lang='grc' dir='ltr'><em>Ἀστέραςῄ</em></span> <span class='ocrx_word' id='word_1_29' title='bbox 707 740 834 813; x_wconf 67' lang='grc' dir='ltr'><em>ὄφρ’</em></span> <span class='ocrx_word' id='word_1_30' title='bbox 875 742 1104 807; x_wconf 80' lang='grc' dir='ltr'><em>ὲπιτὰξ,</em></span> <span class='ocrx_word' id='word_1_31' title='bbox 1143 743 1308 809; x_wconf 69' lang='grc' dir='ltr'><em>ἄλλῳ</em></span> <span class='ocrx_word' id='word_1_32' title='bbox 1351 743 1793 814; x_wconf 45' lang='grc' dir='ltr'><em>παρακείμενος</em></span> <span class='ocrx_word' id='word_1_33' title='bbox 1826 740 1932 794; x_wconf 69' lang='grc' dir='ltr'><strong><em>ἅλ-</em></strong></span> 
     </span>
    </p>
   </div>
   <div class='ocr_carea' id='block_1_8' title="bbox 360 811 1928 952">
    <p class='ocr_par' dir='ltr' id='par_1_8' title="bbox 360 811 1928 952">
     <span class='ocr_line' id='line_1_8' title="bbox 360 811 1928 952; baseline -0.004 -12"><span class='ocrx_word' id='word_1_34' title='bbox 360 885 541 940; x_wconf 81' lang='grc' dir='ltr'><em>Εἷδεα</em></span> <span class='ocrx_word' id='word_1_35' title='bbox 567 881 938 952; x_wconf 78' lang='grc' dir='ltr'><strong><em>σημαίνοιεν,</em></strong></span> <span class='ocrx_word' id='word_1_36' title='bbox 963 882 1120 951; x_wconf 66' lang='grc' dir='ltr'><em>ἄφαρ</em></span> <span class='ocrx_word' id='word_1_37' title='bbox 1145 882 1197 934; x_wconf 84' lang='grc' dir='ltr'><em>δ’</em></span> <span class='ocrx_word' id='word_1_38' title='bbox 1229 881 1533 950; x_wconf 78' lang='grc' dir='ltr'><strong><em>ὀνομαστὰ</em></strong></span> <span class='ocrx_word' id='word_1_39' title='bbox 1560 811 1928 952; x_wconf 38' lang='lat' dir='ltr'><strong><em>wrote-£22109</em></strong></span> 
     </span>
    </p>
   </div>
   <div class='ocr_carea' id='block_1_9' title="bbox 364 951 1932 1034">
    <p class='ocr_par' dir='ltr' id='par_1_9' title="bbox 364 951 1932 1034">
     <span class='ocr_line' id='line_1_9' title="bbox 364 951 1932 1034; baseline -0.005 -23"><span class='ocrx_word' id='word_1_40' title='bbox 364 957 626 1022; x_wconf 72' lang='grc' dir='ltr'><em>Ἄστρα·</em></span> <span class='ocrx_word' id='word_1_41' title='bbox 665 951 762 1004; x_wconf 78' lang='grc' dir='ltr'><em>καὶ</em></span> <span class='ocrx_word' id='word_1_42' title='bbox 792 954 902 1005; x_wconf 83' lang='grc' dir='ltr'><strong><em>οὐκ</em></strong></span> <span class='ocrx_word' id='word_1_43' title='bbox 933 952 1022 1006; x_wconf 80' lang='grc' dir='ltr'><em>ἐτι</em></span> <span class='ocrx_word' id='word_1_44' title='bbox 1067 952 1184 1006; x_wconf 88' lang='grc' dir='ltr'><em>νῦν</em></span> <span class='ocrx_word' id='word_1_45' title='bbox 1223 952 1292 1004; x_wconf 81' lang='grc' dir='ltr'><em>ἐν</em></span> <span class='ocrx_word' id='word_1_46' title='bbox 1339 951 1588 1020; x_wconf 85' lang='grc' dir='ltr'><em>θαύματι</em></span> <span class='ocrx_word' id='word_1_47' title='bbox 1635 951 1932 1034; x_wconf 71' lang='grc' dir='ltr'><em>λᾴμπεται</em></span> 
     </span>
    </p>
   </div>
   <div class='ocr_carea' id='block_1_10' title="bbox 372 1021 1926 1162">
    <p class='ocr_par' dir='ltr' id='par_1_10' title="bbox 372 1021 1926 1162">
     <span class='ocr_line' id='line_1_10' title="bbox 372 1021 1926 1162; baseline -0.003 -14"><span class='ocrx_word' id='word_1_48' title='bbox 372 1095 538 1148; x_wconf 72' lang='grc' dir='ltr'><em>Ἀλλ’</em></span> <span class='ocrx_word' id='word_1_49' title='bbox 563 1095 618 1146; x_wconf 78' lang='grc' dir='ltr'><em>οἱ</em></span> <span class='ocrx_word' id='word_1_50' title='bbox 642 1090 758 1162; x_wconf 78' lang='grc' dir='ltr'><em>μὲν</em></span> <span class='ocrx_word' id='word_1_51' title='bbox 788 1089 1064 1162; x_wconf 78' lang='grc' dir='ltr'><em>καθαροῖς</em></span> <span class='ocrx_word' id='word_1_52' title='bbox 1095 1090 1447 1162; x_wconf 75' lang='grc' dir='ltr'><em>ἐναρηρότες</em></span> <span class='ocrx_word' id='word_1_53' title='bbox 1479 1021 1926 1144; x_wconf 48' lang='grc' dir='ltr'><strong><em>εὶδώλοὲἑῗτηρ.</em></strong></span> 
     </span>
    </p>
   </div>
   <div class='ocr_carea' id='block_1_11' title="bbox 358 1160 1828 1229">
    <p class='ocr_par' dir='ltr' id='par_1_11' title="bbox 358 1160 1828 1229">
     <span class='ocr_line' id='line_1_11' title="bbox 358 1160 1828 1229; baseline -0.002 -12"><span class='ocrx_word' id='word_1_54' title='bbox 358 1160 672 1218; x_wconf 73' lang='grc' dir='ltr'><em>Φαίνονται</em></span> <span class='ocrx_word' id='word_1_55' title='bbox 693 1178 705 1190; x_wconf 89' lang='grc'><strong>·</strong></span> <span class='ocrx_word' id='word_1_56' title='bbox 753 1161 824 1213; x_wconf 84' lang='grc' dir='ltr'><strong><em>τὰ</em></strong></span> <span class='ocrx_word' id='word_1_57' title='bbox 855 1160 906 1212; x_wconf 84' lang='grc' dir='ltr'><em>δ’</em></span> <span class='ocrx_word' id='word_1_58' title='bbox 934 1161 1136 1228; x_wconf 77' lang='grc' dir='ltr'><em>ἔνερθε</em></span> <span class='ocrx_word' id='word_1_59' title='bbox 1173 1160 1549 1228; x_wconf 82' lang='grc' dir='ltr'><em>διωκομένοιο</em></span> <span class='ocrx_word' id='word_1_60' title='bbox 1585 1161 1828 1229; x_wconf 85' lang='grc' dir='ltr'><em>Λαγωοῦ</em></span> 
     </span>
    </p>
   </div>
   <div class='ocr_carea' id='block_1_12' title="bbox 357 1230 1929 1372">
    <p class='ocr_par' dir='ltr' id='par_1_12' title="bbox 357 1230 1929 1372">
     <span class='ocr_line' id='line_1_12' title="bbox 357 1230 1929 1372; baseline -0.002 -85"><span class='ocrx_word' id='word_1_61' title='bbox 357 1233 563 1288; x_wconf 85' lang='grc' dir='ltr'><em>Πάντα</em></span> <span class='ocrx_word' id='word_1_62' title='bbox 615 1231 754 1303; x_wconf 76' lang='grc' dir='ltr'><em>μάλ’</em></span> <span class='ocrx_word' id='word_1_63' title='bbox 793 1231 1111 1299; x_wconf 78' lang='grc' dir='ltr'><em>ἠερόεντα,</em></span> <span class='ocrx_word' id='word_1_64' title='bbox 1161 1230 1260 1283; x_wconf 82' lang='grc' dir='ltr'><strong><em>καί</em></strong></span> <span class='ocrx_word' id='word_1_65' title='bbox 1309 1233 1420 1284; x_wconf 80' lang='grc' dir='ltr'><strong><em>οὐκ</em></strong></span> <span class='ocrx_word' id='word_1_66' title='bbox 1471 1231 1775 1372; x_wconf 53' lang='grc' dir='ltr'><em>ὀνομασῶὰ</em></span> <span class='ocrx_word' id='word_1_67' title='bbox 1824 1230 1929 1299; x_wconf 68' lang='grc' dir='ltr'><em>φέ-</em></span> 
     </span>
     <span class='ocr_line' id='line_1_13' title="bbox 1742 1317 1926 1353; baseline 0 -1"><span class='ocrx_word' id='word_1_68' title='bbox 1742 1317 1926 1353; x_wconf 84' lang='grc' dir='ltr'><em>ονται.</em></span> 
     </span>
    </p>
   </div>
   <div class='ocr_carea' id='block_1_13' title="bbox 362 1407 1927 1482">
    <p class='ocr_par' dir='ltr' id='par_1_13' title="bbox 362 1407 1927 1482">
     <span class='ocr_line' id='line_1_14' title="bbox 362 1407 1927 1482; baseline -0.004 -17"><span class='ocrx_word' id='word_1_69' title='bbox 362 1411 552 1466; x_wconf 80' lang='grc' dir='ltr'><em>Ταῦτα</em></span> <span class='ocrx_word' id='word_1_70' title='bbox 603 1411 660 1464; x_wconf 83' lang='grc' dir='ltr'><em>δὲ</em></span> <span class='ocrx_word' id='word_1_71' title='bbox 719 1426 1186 1482; x_wconf 83' lang='grc' dir='ltr'><em>προενεγκάμενος</em></span> <span class='ocrx_word' id='word_1_72' title='bbox 1237 1412 1266 1463; x_wconf 99' lang='lat'><strong><em>6</em></strong></span> <span class='ocrx_word' id='word_1_73' title='bbox 1321 1408 1580 1472; x_wconf 83' lang='grc' dir='ltr'><em>Ἀτταλος</em></span> <span class='ocrx_word' id='word_1_74' title='bbox 1638 1407 1887 1478; x_wconf 75' lang='grc' dir='ltr'><em>ἐπιφέρει</em></span> <span class='ocrx_word' id='word_1_75' title='bbox 1912 1423 1927 1437; x_wconf 77' lang='grc' dir='ltr'><strong>ο</strong></span> 
     </span>
    </p>
   </div>
   <div class='ocr_carea' id='block_1_14' title="bbox 363 1500 1930 1574">
    <p class='ocr_par' dir='ltr' id='par_1_14' title="bbox 363 1500 1930 1574">
     <span class='ocr_line' id='line_1_15' title="bbox 363 1500 1930 1574; baseline -0.002 -19"><span class='ocrx_word' id='word_1_76' title='bbox 363 1523 384 1555; x_wconf 71' lang='grc' dir='ltr'><strong><em>ι</em></strong></span> <span class='ocrx_word' id='word_1_77' title='bbox 441 1505 528 1558; x_wconf 86' lang='grc' dir='ltr'><em>Ἐν</em></span> <span class='ocrx_word' id='word_1_78' title='bbox 567 1504 624 1557; x_wconf 84' lang='grc' dir='ltr'><em>δὲ</em></span> <span class='ocrx_word' id='word_1_79' title='bbox 659 1503 869 1566; x_wconf 81' lang='grc' dir='ltr'><em>τούτοις</em></span> <span class='ocrx_word' id='word_1_80' title='bbox 915 1501 1316 1574; x_wconf 85' lang='grc' dir='ltr'><em>ἀδυνατώτερον</em></span> <span class='ocrx_word' id='word_1_81' title='bbox 1355 1505 1384 1555; x_wconf 90' lang='lat'><strong><em>6</em></strong></span> <span class='ocrx_word' id='word_1_82' title='bbox 1413 1500 1638 1572; x_wconf 80' lang='grc' dir='ltr'><em>ποιητὴς</em></span> <span class='ocrx_word' id='word_1_83' title='bbox 1669 1500 1930 1570; x_wconf 86' lang='grc' dir='ltr'><em>ἀνέστρα-</em></span> 
     </span>
    </p>
   </div>
   <div class='ocr_carea' id='block_1_15' title="bbox 362 1590 1928 1665">
    <p class='ocr_par' dir='ltr' id='par_1_15' title="bbox 362 1590 1928 1665">
     <span class='ocr_line' id='line_1_16' title="bbox 362 1590 1928 1665; baseline -0.006 -15"><span class='ocrx_word' id='word_1_84' title='bbox 362 1613 513 1663; x_wconf 86' lang='grc' dir='ltr'><em>πται,</em></span> <span class='ocrx_word' id='word_1_85' title='bbox 538 1595 796 1658; x_wconf 80' lang='grc' dir='ltr'><strong><em>πολλάκις</em></strong></span> <span class='ocrx_word' id='word_1_86' title='bbox 826 1594 918 1647; x_wconf 73' lang='grc' dir='ltr'><strong><em>ἐπὶ</em></strong></span> <span class='ocrx_word' id='word_1_87' title='bbox 939 1593 1035 1665; x_wconf 83' lang='grc' dir='ltr'><em>τὴν</em></span> <span class='ocrx_word' id='word_1_88' title='bbox 1064 1594 1228 1664; x_wconf 82' lang='grc' dir='ltr'><em>αὐτὴν</em></span> <span class='ocrx_word' id='word_1_89' title='bbox 1252 1592 1487 1646; x_wconf 87' lang='grc' dir='ltr'><em>διάνοιαν</em></span> <span class='ocrx_word' id='word_1_90' title='bbox 1517 1590 1928 1662; x_wconf 74' lang='grc' dir='ltr'><strong><em>ἐπιφερόμενος,</em></strong></span> 
     </span>
    </p>
   </div>
   <div class='ocr_carea' id='block_1_16' title="bbox 360 1680 1932 1756">
    <p class='ocr_par' dir='ltr' id='par_1_16' title="bbox 360 1680 1932 1756">
     <span class='ocr_line' id='line_1_17' title="bbox 360 1680 1932 1756; baseline -0.004 -16"><span class='ocrx_word' id='word_1_91' title='bbox 360 1686 454 1740; x_wconf 77' lang='grc' dir='ltr'><strong><em>καὶ</em></strong></span> <span class='ocrx_word' id='word_1_92' title='bbox 509 1688 570 1740; x_wconf 84' lang='grc' dir='ltr'><em>οὐ</em></span> <span class='ocrx_word' id='word_1_93' title='bbox 643 1686 938 1756; x_wconf 82' lang='grc' dir='ltr'><em>δυνάμενος</em></span> <span class='ocrx_word' id='word_1_94' title='bbox 993 1685 1085 1738; x_wconf 85' lang='grc' dir='ltr'><em>τὸν</em></span> <span class='ocrx_word' id='word_1_95' title='bbox 1141 1683 1296 1753; x_wconf 82' lang='grc' dir='ltr'><em>λόγον</em></span> <span class='ocrx_word' id='word_1_96' title='bbox 1360 1682 1780 1755; x_wconf 87' lang='grc' dir='ltr'><em>εὑπεριγράφως</em></span> <span class='ocrx_word' id='word_1_97' title='bbox 1847 1680 1932 1745; x_wconf 79' lang='grc' dir='ltr'><strong><em>ἐξ·</em></strong></span> 
     </span>
    </p>
   </div>
   <div class='ocr_carea' id='block_1_17' title="bbox 358 1771 1929 1848">
    <p class='ocr_par' dir='ltr' id='par_1_17' title="bbox 358 1771 1929 1848">
     <span class='ocr_line' id='line_1_18' title="bbox 358 1771 1929 1848; baseline -0.006 -14"><span class='ocrx_word' id='word_1_98' title='bbox 358 1782 626 1848; x_wconf 77' lang='grc' dir='ltr'><em>ινεγκείν.</em></span> <span class='ocrx_word' id='word_1_99' title='bbox 653 1778 908 1833; x_wconf 84' lang='grc' dir='ltr'><em>Βούλεται</em></span> <span class='ocrx_word' id='word_1_100' title='bbox 945 1777 1052 1848; x_wconf 86' lang='grc' dir='ltr'><em>γὰρ</em></span> <span class='ocrx_word' id='word_1_101' title='bbox 1085 1776 1344 1848; x_wconf 81' lang='grc' dir='ltr'><em>δηλῶσαι,</em></span> <span class='ocrx_word' id='word_1_102' title='bbox 1368 1777 1497 1829; x_wconf 83' lang='grc' dir='ltr'><em>διότι</em></span> <span class='ocrx_word' id='word_1_103' title='bbox 1530 1777 1578 1828; x_wconf 89' lang='grc' dir='ltr'><strong><em>οἰ</em></strong></span> <span class='ocrx_word' id='word_1_104' title='bbox 1610 1774 1809 1846; x_wconf 77' lang='grc' dir='ltr'><em>μεταξὺ</em></span> <span class='ocrx_word' id='word_1_105' title='bbox 1837 1771 1929 1826; x_wconf 81' lang='grc' dir='ltr'><em>τοῦ</em></span> 
     </span>
    </p>
   </div>
   <div class='ocr_carea' id='block_1_18' title="bbox 3293 594 3523 668">
    <p class='ocr_par' dir='ltr' id='par_1_18' title="bbox 3293 594 3523 668">
     <span class='ocr_line' id='line_1_19' title="bbox 3293 594 3523 668; baseline 0.004 -19"><span class='ocrx_word' id='word_1_106' title='bbox 3293 594 3523 668; x_wconf 81' lang='lat' dir='ltr'><strong><em>[lubiles.</em></strong></span> 
     </span>
    </p>
   </div>
   <div class='ocr_carea' id='block_1_19' title="bbox 2035 667 3316 737">
    <p class='ocr_par' dir='ltr' id='par_1_19' title="bbox 2035 667 3316 737">
     <span class='ocr_line' id='line_1_20' title="bbox 2035 667 3316 737; baseline -0.003 -13"><span class='ocrx_word' id='word_1_107' title='bbox 2035 672 2214 737; x_wconf 84' lang='lat' dir='ltr'><strong><em>Quare</em></strong></span> <span class='ocrx_word' id='word_1_108' title='bbox 2239 682 2289 726; x_wconf 90' lang='lat' dir='ltr'><strong><em>et</em></strong></span> <span class='ocrx_word' id='word_1_109' title='bbox 2314 673 2474 726; x_wconf 87' lang='lat' dir='ltr'><strong><em>simul</em></strong></span> <span class='ocrx_word' id='word_1_110' title='bbox 2501 669 2746 724; x_wconf 84' lang='lat' dir='ltr'><strong><em>collectas</em></strong></span> <span class='ocrx_word' id='word_1_111' title='bbox 2768 669 2934 723; x_wconf 75' lang='lat' dir='ltr'><strong><em>visum</em></strong></span> <span class='ocrx_word' id='word_1_112' title='bbox 2971 678 3050 722; x_wconf 87' lang='lat' dir='ltr'><strong><em>est</em></strong></span> <span class='ocrx_word' id='word_1_113' title='bbox 3079 669 3126 720; x_wconf 88' lang='lat' dir='ltr'><strong><em>ei</em></strong></span> <span class='ocrx_word' id='word_1_114' title='bbox 3146 667 3316 736; x_wconf 76' lang='lat' dir='ltr'><strong><em>facere</em></strong></span> 
     </span>
    </p>
   </div>
   <div class='ocr_carea' id='block_1_20' title="bbox 2033 737 3210 807">
    <p class='ocr_par' dir='ltr' id='par_1_20' title="bbox 2033 737 3210 807">
     <span class='ocr_line' id='line_1_21' title="bbox 2033 737 3210 807; baseline -0.006 -10"><span class='ocrx_word' id='word_1_115' title='bbox 2033 742 2253 806; x_wconf 88' lang='lat' dir='ltr'><strong><em>Stellas,</em></strong></span> <span class='ocrx_word' id='word_1_116' title='bbox 2289 752 2346 794; x_wconf 92' lang='lat' dir='ltr'><strong><em>ut</em></strong></span> <span class='ocrx_word' id='word_1_117' title='bbox 2367 741 2652 796; x_wconf 72' lang='lat' dir='ltr'><strong><em>ordinatim</em></strong></span> <span class='ocrx_word' id='word_1_118' title='bbox 2682 741 2777 792; x_wconf 89' lang='lat' dir='ltr'><strong><em>alii</em></strong></span> <span class='ocrx_word' id='word_1_119' title='bbox 2811 739 3060 807; x_wconf 82' lang='lat' dir='ltr'><strong><em>adjacens</em></strong></span> <span class='ocrx_word' id='word_1_120' title='bbox 3100 737 3210 791; x_wconf 87' lang='lat' dir='ltr'><strong><em>alia</em></strong></span> 
     </span>
    </p>
   </div>
   <div class='ocr_carea' id='block_1_21' title="bbox 2036 873 3435 947">
    <p class='ocr_par' dir='ltr' id='par_1_21' title="bbox 2036 873 3435 947">
     <span class='ocr_line' id='line_1_22' title="bbox 2036 873 3435 947; baseline -0.002 -18"><span class='ocrx_word' id='word_1_121' title='bbox 2036 875 2301 947; x_wconf 66' lang='lat' dir='ltr'><strong><em>Imagines</em></strong></span> <span class='ocrx_word' id='word_1_122' title='bbox 2321 877 2875 947; x_wconf 64' lang='lat' dir='ltr'><strong><em>emgiarent,,moxque</em></strong></span> <span class='ocrx_word' id='word_1_123' title='bbox 2895 873 3234 947; x_wconf 83' lang='lat' dir='ltr'><strong><em>appellabilia</em></strong></span> <span class='ocrx_word' id='word_1_124' title='bbox 3253 875 3435 947; x_wconf 74' lang='lat' dir='ltr'><strong><em>fierent</em></strong></span> 
     </span>
    </p>
   </div>
   <div class='ocr_carea' id='block_1_22' title="bbox 2035 944 3596 1084">
    <p class='ocr_par' dir='ltr' id='par_1_22' title="bbox 2035 944 3596 1084">
     <span class='ocr_line' id='line_1_23' title="bbox 2035 944 3596 1084; baseline -0.004 -83"><span class='ocrx_word' id='word_1_125' title='bbox 2035 944 2260 1012; x_wconf 72' lang='lat' dir='ltr'><strong><em>Sidera;</em></strong></span> <span class='ocrx_word' id='word_1_126' title='bbox 2300 944 2453 1018; x_wconf 66' lang='lat' dir='ltr'><strong><em>atque</em></strong></span> <span class='ocrx_word' id='word_1_127' title='bbox 2481 947 2624 1008; x_wconf 74' lang='lat' dir='ltr'><strong><em>haud</em></strong></span> <span class='ocrx_word' id='word_1_128' title='bbox 2667 944 2893 1015; x_wconf 75' lang='lat' dir='ltr'><strong><em>amplius</em></strong></span> <span class='ocrx_word' id='word_1_129' title='bbox 2926 944 3044 1000; x_wconf 77' lang='lat' dir='ltr'><strong><em>eum</em></strong></span> <span class='ocrx_word' id='word_1_130' title='bbox 3082 944 3596 1084; x_wconf 54' lang='lat' dir='ltr'><strong><em>adﬁirattiorlteunune</em></strong></span> 
     </span>
     <span class='ocr_line' id='line_1_24' title="bbox 3206 1029 3523 1068; baseline 0.003 -2"><span class='ocrx_word' id='word_1_131' title='bbox 3206 1030 3296 1068; x_wconf 87' lang='lat' dir='ltr'><strong><em>uce</em></strong></span> <span class='ocrx_word' id='word_1_132' title='bbox 3348 1031 3372 1066; x_wconf 89' lang='lat' dir='ltr'><strong><em>s</em></strong></span> <span class='ocrx_word' id='word_1_133' title='bbox 3399 1030 3426 1068; x_wconf 89' lang='lat' dir='ltr'><strong><em>e</em></strong></span> <span class='ocrx_word' id='word_1_134' title='bbox 3471 1029 3523 1067; x_wconf 83' lang='grc' dir='ltr'><em>α.</em></span> 
     </span>
    </p>
   </div>
   <div class='ocr_carea' id='block_1_23' title="bbox 2035 1082 3442 1157">
    <p class='ocr_par' dir='ltr' id='par_1_23' title="bbox 2035 1082 3442 1157">
     <span class='ocr_line' id='line_1_25' title="bbox 2035 1082 3442 1157; baseline -0.005 -14"><span class='ocrx_word' id='word_1_135' title='bbox 2035 1087 2140 1143; x_wconf 88' lang='lat' dir='ltr'><strong><em>Sed</em></strong></span> <span class='ocrx_word' id='word_1_136' title='bbox 2175 1087 2255 1142; x_wconf 74' lang='lat' dir='ltr'><strong><em>ha:</em></strong></span> <span class='ocrx_word' id='word_1_137' title='bbox 2279 1087 2486 1157; x_wconf 80' lang='lat' dir='ltr'><strong><em>quidem</em></strong></span> <span class='ocrx_word' id='word_1_138' title='bbox 2518 1087 2812 1156; x_wconf 80' lang='lat' dir='ltr'><strong><em>conspicuis</em></strong></span> <span class='ocrx_word' id='word_1_139' title='bbox 2839 1086 3101 1157; x_wconf 72' lang='lat' dir='ltr'><strong><em>insignita:</em></strong></span> <span class='ocrx_word' id='word_1_140' title='bbox 3128 1082 3442 1154; x_wconf 76' lang='lat' dir='ltr'><strong><em>imaginibus</em></strong></span> 
     </span>
    </p>
   </div>
   <div class='ocr_carea' id='block_1_24' title="bbox 2037 1155 3282 1227">
    <p class='ocr_par' dir='ltr' id='par_1_24' title="bbox 2037 1155 3282 1227">
     <span class='ocr_line' id='line_1_26' title="bbox 2037 1155 3282 1227; baseline -0.004 -16"><span class='ocrx_word' id='word_1_141' title='bbox 2037 1155 2300 1224; x_wconf 77' lang='lat' dir='ltr'><strong><em>Apparent</em></strong></span> <span class='ocrx_word' id='word_1_142' title='bbox 2313 1174 2331 1221; x_wconf 89' lang='lat'><strong><em>;</em></strong></span> <span class='ocrx_word' id='word_1_143' title='bbox 2366 1159 2492 1227; x_wconf 70' lang='lat' dir='ltr'><strong><em>alia:</em></strong></span> <span class='ocrx_word' id='word_1_144' title='bbox 2518 1155 2696 1215; x_wconf 82' lang='lat' dir='ltr'><strong><em>subter</em></strong></span> <span class='ocrx_word' id='word_1_145' title='bbox 2722 1155 3001 1227; x_wconf 78' lang='lat' dir='ltr'><strong><em>[ugientem</em></strong></span> <span class='ocrx_word' id='word_1_146' title='bbox 3031 1155 3282 1227; x_wconf 78' lang='lat' dir='ltr'><strong><em>Leporem</em></strong></span> 
     </span>
    </p>
   </div>
   <div class='ocr_carea' id='block_1_25' title="bbox 2039 1224 3423 1296">
    <p class='ocr_par' dir='ltr' id='par_1_25' title="bbox 2039 1224 3423 1296">
     <span class='ocr_line' id='line_1_27' title="bbox 2039 1224 3423 1296; baseline -0.004 -14"><span class='ocrx_word' id='word_1_147' title='bbox 2039 1227 2228 1282; x_wconf 85' lang='lat' dir='ltr'><strong><em>Omnes</em></strong></span> <span class='ocrx_word' id='word_1_148' title='bbox 2260 1228 2415 1296; x_wconf 87' lang='lat' dir='ltr'><strong><em>plane</em></strong></span> <span class='ocrx_word' id='word_1_149' title='bbox 2445 1226 2698 1292; x_wconf 78' lang='lat' dir='ltr'><strong><em>obscurw,</em></strong></span> <span class='ocrx_word' id='word_1_150' title='bbox 2721 1224 2909 1281; x_wconf 53' lang='lat' dir='ltr'><strong><em>et&#39;sine</em></strong></span> <span class='ocrx_word' id='word_1_151' title='bbox 2937 1227 3142 1281; x_wconf 79' lang='lat' dir='ltr'><strong><em>nomine</em></strong></span> <span class='ocrx_word' id='word_1_152' title='bbox 3165 1224 3423 1293; x_wconf 74' lang='lat' dir='ltr'><strong><em>feruntur.</em></strong></span> 
     </span>
    </p>
   </div>
   <div class='ocr_carea' id='block_1_26' title="bbox 2101 1404 3595 1470">
    <p class='ocr_par' dir='ltr' id='par_1_26' title="bbox 2101 1404 3595 1470">
     <span class='ocr_line' id='line_1_28' title="bbox 2101 1404 3595 1470; baseline 0.001 -11"><span class='ocrx_word' id='word_1_153' title='bbox 2101 1404 2199 1462; x_wconf 85' lang='lat' dir='ltr'><strong><em>His</em></strong></span> <span class='ocrx_word' id='word_1_154' title='bbox 2245 1407 2301 1460; x_wconf 89' lang='lat' dir='ltr'><strong><em>in</em></strong></span> <span class='ocrx_word' id='word_1_155' title='bbox 2348 1407 2582 1462; x_wconf 90' lang='lat' dir='ltr'><strong><em>medium</em></strong></span> <span class='ocrx_word' id='word_1_156' title='bbox 2628 1408 3076 1470; x_wconf 68' lang='lat' dir='ltr'><strong><em>allatis..Attalus</em></strong></span> <span class='ocrx_word' id='word_1_157' title='bbox 3122 1407 3322 1464; x_wconf 91' lang='lat' dir='ltr'><strong><em>infert:</em></strong></span> <span class='ocrx_word' id='word_1_158' title='bbox 3354 1407 3457 1461; x_wconf 71' lang='lat' dir='ltr'><strong><em>tln</em></strong></span> <span class='ocrx_word' id='word_1_159' title='bbox 3505 1406 3595 1461; x_wconf 84' lang='lat' dir='ltr'><strong><em>his</em></strong></span> 
     </span>
    </p>
   </div>
   <div class='ocr_carea' id='block_1_27' title="bbox 2031 1496 3596 1568">
    <p class='ocr_par' dir='ltr' id='par_1_27' title="bbox 2031 1496 3596 1568">
     <span class='ocr_line' id='line_1_29' title="bbox 2031 1496 3596 1568; baseline 0.001 -19"><span class='ocrx_word' id='word_1_160' title='bbox 2031 1499 2194 1566; x_wconf 90' lang='lat' dir='ltr'><strong><em>paulo</em></strong></span> <span class='ocrx_word' id='word_1_161' title='bbox 2229 1496 2688 1568; x_wconf 78' lang='lat' dir='ltr'><strong><em>infeliciuspoeta</em></strong></span> <span class='ocrx_word' id='word_1_162' title='bbox 2715 1498 3079 1566; x_wconf 73' lang='lat' dir='ltr'><strong><em>conflictatur,</em></strong></span> <span class='ocrx_word' id='word_1_163' title='bbox 3111 1499 3166 1553; x_wconf 90' lang='lat' dir='ltr'><strong><em>in</em></strong></span> <span class='ocrx_word' id='word_1_164' title='bbox 3195 1498 3439 1554; x_wconf 85' lang='lat' dir='ltr'><strong><em>eamdem</em></strong></span> <span class='ocrx_word' id='word_1_165' title='bbox 3471 1513 3596 1553; x_wconf 90' lang='lat' dir='ltr'><strong><em>sen-</em></strong></span> 
     </span>
    </p>
   </div>
   <div class='ocr_carea' id='block_1_28' title="bbox 2031 1589 3596 1662">
    <p class='ocr_par' dir='ltr' id='par_1_28' title="bbox 2031 1589 3596 1662">
     <span class='ocr_line' id='line_1_30' title="bbox 2031 1589 3596 1662; baseline 0 -21"><span class='ocrx_word' id='word_1_166' title='bbox 2031 1589 2257 1642; x_wconf 89' lang='lat' dir='ltr'><strong><em>tentiam</em></strong></span> <span class='ocrx_word' id='word_1_167' title='bbox 2309 1589 2597 1646; x_wconf 83' lang='lat' dir='ltr'><strong><em>incurrens</em></strong></span> <span class='ocrx_word' id='word_1_168' title='bbox 2638 1591 3076 1661; x_wconf 73' lang='lat' dir='ltr'><strong><em>saepius;neque</em></strong></span> <span class='ocrx_word' id='word_1_169' title='bbox 3127 1592 3307 1662; x_wconf 85' lang='lat' dir='ltr'><strong><em>plane,</em></strong></span> <span class='ocrx_word' id='word_1_170' title='bbox 3360 1603 3424 1643; x_wconf 90' lang='lat' dir='ltr'><strong><em>ac</em></strong></span> <span class='ocrx_word' id='word_1_171' title='bbox 3456 1589 3596 1642; x_wconf 85' lang='lat' dir='ltr'><strong><em>citra</em></strong></span> 
     </span>
    </p>
   </div>
   <div class='ocr_carea' id='block_1_29' title="bbox 2033 1678 3595 1758">
    <p class='ocr_par' dir='ltr' id='par_1_29' title="bbox 2033 1678 3595 1758">
     <span class='ocr_line' id='line_1_31' title="bbox 2033 1678 3595 1758; baseline 0.001 -27"><span class='ocrx_word' id='word_1_172' title='bbox 2033 1679 2289 1748; x_wconf 77' lang='lat' dir='ltr'><strong><em>ambages</em></strong></span> <span class='ocrx_word' id='word_1_173' title='bbox 2312 1681 2620 1758; x_wconf 77' lang='lat' dir='ltr'><strong><em>orationem</em></strong></span> <span class='ocrx_word' id='word_1_174' title='bbox 2639 1680 2942 1753; x_wconf 80' lang='lat' dir='ltr'><strong><em>explicans.</em></strong></span> <span class='ocrx_word' id='word_1_175' title='bbox 2975 1680 3088 1735; x_wconf 92' lang='lat' dir='ltr'><strong><em>Hoc</em></strong></span> <span class='ocrx_word' id='word_1_176' title='bbox 3108 1681 3254 1735; x_wconf 88' lang='lat' dir='ltr'><strong><em>enim</em></strong></span> <span class='ocrx_word' id='word_1_177' title='bbox 3281 1678 3595 1750; x_wconf 89' lang='lat' dir='ltr'><strong><em>signiﬁcare</em></strong></span> 
     </span>
    </p>
   </div>
   <div class='ocr_carea' id='block_1_30' title="bbox 2033 1769 3593 1839">
    <p class='ocr_par' dir='ltr' id='par_1_30' title="bbox 2033 1769 3593 1839">
     <span class='ocr_line' id='line_1_32' title="bbox 2033 1769 3593 1839; baseline 0.003 -16"><span class='ocrx_word' id='word_1_178' title='bbox 2033 1770 2178 1836; x_wconf 89' lang='lat' dir='ltr'><strong><em>vult;</em></strong></span> <span class='ocrx_word' id='word_1_179' title='bbox 2214 1770 2398 1826; x_wconf 89' lang='lat' dir='ltr'><strong><em>stellas</em></strong></span> <span class='ocrx_word' id='word_1_180' title='bbox 2443 1771 2584 1826; x_wconf 90' lang='lat' dir='ltr'><strong><em>inter</em></strong></span> <span class='ocrx_word' id='word_1_181' title='bbox 2620 1769 2812 1826; x_wconf 88' lang='lat' dir='ltr'><strong><em>Cetum</em></strong></span> <span class='ocrx_word' id='word_1_182' title='bbox 2862 1779 2916 1826; x_wconf 82' lang='lat' dir='ltr'><strong><em>et</em></strong></span> <span class='ocrx_word' id='word_1_183' title='bbox 2949 1769 3392 1827; x_wconf 84' lang='lat' dir='ltr'><strong><em>Gubernaculum</em></strong></span> <span class='ocrx_word' id='word_1_184' title='bbox 3434 1772 3593 1839; x_wconf 85' lang='lat' dir='ltr'><strong><em>sitas,</em></strong></span> 
     </span>
    </p>
   </div>
   <div class='ocr_carea' id='block_1_31' title="bbox 361 1853 1928 1944">
    <p class='ocr_par' dir='ltr' id='par_1_31' title="bbox 361 1853 1928 1944">
     <span class='ocr_line' id='line_1_33' title="bbox 361 1853 1928 1944; baseline -0.006 -18"><span class='ocrx_word' id='word_1_185' title='bbox 361 1873 576 1944; x_wconf 83' lang='grc' dir='ltr'><em>Κήτους</em></span> <span class='ocrx_word' id='word_1_186' title='bbox 625 1853 718 1924; x_wconf 64' lang='lat' dir='ltr'><strong><em>aiat</em></strong></span> <span class='ocrx_word' id='word_1_187' title='bbox 762 1869 856 1924; x_wconf 72' lang='grc' dir='ltr'><em>τοῦ</em></span> <span class='ocrx_word' id='word_1_188' title='bbox 897 1868 1162 1940; x_wconf 74' lang='grc' dir='ltr'><em>Πηδαλίου</em></span> <span class='ocrx_word' id='word_1_189' title='bbox 1206 1861 1527 1936; x_wconf 81' lang='grc' dir='ltr'><em>τεταγμένοι</em></span> <span class='ocrx_word' id='word_1_190' title='bbox 1555 1867 1810 1920; x_wconf 83' lang='grc' dir='ltr'><strong><em>ὑποκάτω</em></strong></span> <span class='ocrx_word' id='word_1_191' title='bbox 1835 1863 1928 1918; x_wconf 78' lang='grc' dir='ltr'><em>τοῦ</em></span> 
     </span>
    </p>
   </div>
   <div class='ocr_carea' id='block_1_32' title="bbox 2029 1853 3593 1944">
    <p class='ocr_par' dir='ltr' id='par_1_32' title="bbox 2032 1859 3593 1931">
     <span class='ocr_line' id='line_1_34' title="bbox 2032 1859 3593 1931; baseline 0.004 -19"><span class='ocrx_word' id='word_1_192' title='bbox 2032 1874 2096 1914; x_wconf 90' lang='lat' dir='ltr'><strong><em>ac</em></strong></span> <span class='ocrx_word' id='word_1_193' title='bbox 2135 1859 2654 1930; x_wconf 76' lang='lat' dir='ltr'><strong><em>Leporisubjectas</em></strong></span> <span class='ocrx_word' id='word_1_194' title='bbox 2701 1861 2849 1914; x_wconf 89' lang='lat' dir='ltr'><strong><em>nulla</em></strong></span> <span class='ocrx_word' id='word_1_195' title='bbox 2891 1862 3306 1918; x_wconf 77' lang='lat' dir='ltr'><strong><em>constellatione</em></strong></span> <span class='ocrx_word' id='word_1_196' title='bbox 3346 1864 3593 1931; x_wconf 87' lang='lat' dir='ltr'><strong><em>censeri;</em></strong></span> 
     </span>
    </p>
   </div>
   <div class='ocr_carea' id='block_1_33' title="bbox 358 1955 1930 2032">
    <p class='ocr_par' dir='ltr' id='par_1_33' title="bbox 358 1955 1930 2032">
     <span class='ocr_line' id='line_1_35' title="bbox 358 1955 1930 2032; baseline -0.007 -15"><span class='ocrx_word' id='word_1_197' title='bbox 358 1962 609 2032; x_wconf 81' lang='grc' dir='ltr'><em>Λαγωοῦ,</em></span> <span class='ocrx_word' id='word_1_198' title='bbox 635 1964 695 2016; x_wconf 81' lang='grc' dir='ltr'><em>ὲν</em></span> <span class='ocrx_word' id='word_1_199' title='bbox 721 1961 893 2014; x_wconf 77' lang='grc' dir='ltr'><em>οὐδενὶ</em></span> <span class='ocrx_word' id='word_1_200' title='bbox 921 1961 1104 2032; x_wconf 78' lang='grc' dir='ltr'><em>ἄστρῳ</em></span> <span class='ocrx_word' id='word_1_201' title='bbox 1131 1959 1606 2030; x_wconf 76' lang='grc' dir='ltr'><em>καταριθμοῦνται,</em></span> <span class='ocrx_word' id='word_1_202' title='bbox 1637 1957 1750 2010; x_wconf 84' lang='grc' dir='ltr'><em>ἀλλ’</em></span> <span class='ocrx_word' id='word_1_203' title='bbox 1792 1955 1930 2011; x_wconf 71' lang='grc' dir='ltr'><em>εἰσὶν</em></span> 
     </span>
    </p>
   </div>
   <div class='ocr_carea' id='block_1_34' title="bbox 358 2044 1931 2124">
    <p class='ocr_par' dir='ltr' id='par_1_34' title="bbox 358 2044 1931 2124">
     <span class='ocr_line' id='line_1_36' title="bbox 358 2044 1931 2124; baseline -0.008 -14"><span class='ocrx_word' id='word_1_204' title='bbox 358 2053 652 2124; x_wconf 84' lang='grc' dir='ltr'><em>ἀνώνυμοι.</em></span> <span class='ocrx_word' id='word_1_205' title='bbox 696 2052 913 2109; x_wconf 79' lang='grc' dir='ltr'><strong><em>Πολλῶν</em></strong></span> <span class='ocrx_word' id='word_1_206' title='bbox 967 2051 1075 2122; x_wconf 86' lang='grc' dir='ltr'><em>γὰρ</em></span> <span class='ocrx_word' id='word_1_207' title='bbox 1113 2049 1461 2121; x_wconf 80' lang='grc' dir='ltr'><strong><em>ὑπαρχόντων</em></strong></span> <span class='ocrx_word' id='word_1_208' title='bbox 1522 2047 1787 2119; x_wconf 81' lang='grc' dir='ltr'><strong><em>ἀστέρων,</em></strong></span> <span class='ocrx_word' id='word_1_209' title='bbox 1836 2044 1931 2098; x_wconf 66' lang='grc' dir='ltr'><strong><em>καὶ</em></strong></span> 
     </span>
    </p>
   </div>
   <div class='ocr_carea' id='block_1_35' title="bbox 358 2139 1932 2216">
    <p class='ocr_par' dir='ltr' id='par_1_35' title="bbox 358 2139 1932 2216">
     <span class='ocr_line' id='line_1_37' title="bbox 358 2139 1932 2216; baseline -0.006 -17"><span class='ocrx_word' id='word_1_210' title='bbox 358 2146 516 2200; x_wconf 78' lang='grc' dir='ltr'><em>ὲνίων</em></span> <span class='ocrx_word' id='word_1_211' title='bbox 547 2145 614 2198; x_wconf 82' lang='grc' dir='ltr'><strong><em>τά</em></strong></span> <span class='ocrx_word' id='word_1_212' title='bbox 645 2143 848 2216; x_wconf 84' lang='grc' dir='ltr'><em>μεγέθη</em></span> <span class='ocrx_word' id='word_1_213' title='bbox 889 2143 984 2196; x_wconf 73' lang='grc' dir='ltr'><strong><em>καὶ</em></strong></span> <span class='ocrx_word' id='word_1_214' title='bbox 1006 2143 1073 2196; x_wconf 83' lang='grc' dir='ltr'><strong><em>τά</em></strong></span> <span class='ocrx_word' id='word_1_215' title='bbox 1107 2141 1373 2214; x_wconf 83' lang='grc' dir='ltr'><em>χρώματα</em></span> <span class='ocrx_word' id='word_1_216' title='bbox 1415 2141 1576 2211; x_wconf 89' lang='grc' dir='ltr'><em>ὅμοια</em></span> <span class='ocrx_word' id='word_1_217' title='bbox 1621 2139 1872 2208; x_wconf 80' lang='grc' dir='ltr'><em>ἐχόντων,</em></span> <span class='ocrx_word' id='word_1_218' title='bbox 1903 2139 1932 2189; x_wconf 89' lang='lat'><strong><em>6</em></strong></span> 
     </span>
    </p>
   </div>
   <div class='ocr_carea' id='block_1_36' title="bbox 358 2232 1930 2311">
    <p class='ocr_par' dir='ltr' id='par_1_36' title="bbox 358 2232 1930 2311">
     <span class='ocr_line' id='line_1_38' title="bbox 358 2232 1930 2311; baseline -0.005 -21"><span class='ocrx_word' id='word_1_219' title='bbox 358 2236 574 2311; x_wconf 86' lang='grc' dir='ltr'><em>πρῶτος</em></span> <span class='ocrx_word' id='word_1_220' title='bbox 621 2235 876 2302; x_wconf 73' lang='grc' dir='ltr'><em>διατάξας</em></span> <span class='ocrx_word' id='word_1_221' title='bbox 925 2233 992 2288; x_wconf 88' lang='grc' dir='ltr'><strong><em>τά</em></strong></span> <span class='ocrx_word' id='word_1_222' title='bbox 1047 2233 1251 2305; x_wconf 80' lang='grc' dir='ltr'><em>ἄστρα,</em></span> <span class='ocrx_word' id='word_1_223' title='bbox 1306 2235 1398 2287; x_wconf 76' lang='grc' dir='ltr'><strong><em>καὶ</em></strong></span> <span class='ocrx_word' id='word_1_224' title='bbox 1452 2232 1594 2286; x_wconf 73' lang='grc' dir='ltr'><em>κατὰ</em></span> <span class='ocrx_word' id='word_1_225' title='bbox 1647 2232 1930 2294; x_wconf 82' lang='grc' dir='ltr'><strong><em>συστάσεις</em></strong></span> 
     </span>
    </p>
   </div>
   <div class='ocr_carea' id='block_1_37' title="bbox 357 2324 1931 2402">
    <p class='ocr_par' dir='ltr' id='par_1_37' title="bbox 357 2324 1931 2402">
     <span class='ocr_line' id='line_1_39' title="bbox 357 2324 1931 2402; baseline -0.006 -16"><span class='ocrx_word' id='word_1_226' title='bbox 357 2333 608 2395; x_wconf 77' lang='grc' dir='ltr'><em>ἑκάστοις</em></span> <span class='ocrx_word' id='word_1_227' title='bbox 634 2331 804 2402; x_wconf 76' lang='grc' dir='ltr'><em>ὄνομα</em></span> <span class='ocrx_word' id='word_1_228' title='bbox 844 2328 1109 2401; x_wconf 74' lang='grc' dir='ltr'><em>περιθεὶς,</em></span> <span class='ocrx_word' id='word_1_229' title='bbox 1143 2329 1243 2382; x_wconf 84' lang='grc' dir='ltr'><strong><em>οὐκ</em></strong></span> <span class='ocrx_word' id='word_1_230' title='bbox 1276 2328 1341 2382; x_wconf 84' lang='grc' dir='ltr'><em>ἂν</em></span> <span class='ocrx_word' id='word_1_231' title='bbox 1371 2326 1620 2398; x_wconf 84' lang='grc' dir='ltr'><em>ἐδυνήθη,</em></span> <span class='ocrx_word' id='word_1_232' title='bbox 1658 2324 1931 2396; x_wconf 84' lang='grc' dir='ltr'><em>σποράδην</em></span> 
     </span>
    </p>
   </div>
   <div class='ocr_carea' id='block_1_38' title="bbox 357 2418 1930 2494">
    <p class='ocr_par' dir='ltr' id='par_1_38' title="bbox 357 2418 1930 2494">
     <span class='ocr_line' id='line_1_40' title="bbox 357 2418 1930 2494; baseline -0.006 -15"><span class='ocrx_word' id='word_1_233' title='bbox 357 2423 845 2494; x_wconf 76' lang='grc' dir='ltr'><em>αὐτῶν-κειμένων,</em></span> <span class='ocrx_word' id='word_1_234' title='bbox 879 2421 975 2492; x_wconf 80' lang='grc' dir='ltr'><em>τὴν</em></span> <span class='ocrx_word' id='word_1_235' title='bbox 1006 2420 1298 2489; x_wconf 70' lang='grc' dir='ltr'><em>ἐπίγνωσιν</em></span> <span class='ocrx_word' id='word_1_236' title='bbox 1321 2420 1498 2473; x_wconf 82' lang='grc' dir='ltr'><em>αὐτῶν</em></span> <span class='ocrx_word' id='word_1_237' title='bbox 1535 2418 1855 2490; x_wconf 80' lang='grc' dir='ltr'><em>λαμϐάνειν,</em></span> <span class='ocrx_word' id='word_1_238' title='bbox 1882 2418 1930 2470; x_wconf 85' lang='grc' dir='ltr'><strong><em>εἰ</em></strong></span> 
     </span>
    </p>
   </div>
   <div class='ocr_carea' id='block_1_39' title="bbox 360 2507 1932 2581">
    <p class='ocr_par' dir='ltr' id='par_1_39' title="bbox 360 2507 1932 2581">
     <span class='ocr_line' id='line_1_41' title="bbox 360 2507 1932 2581; baseline -0.001 -19"><span class='ocrx_word' id='word_1_239' title='bbox 360 2512 437 2581; x_wconf 82' lang='grc' dir='ltr'><em>μὴ</em></span> <span class='ocrx_word' id='word_1_240' title='bbox 477 2509 652 2564; x_wconf 83' lang='grc' dir='ltr'><em>λαϐὼν</em></span> <span class='ocrx_word' id='word_1_241' title='bbox 697 2508 756 2572; x_wconf 75' lang='grc' dir='ltr'>ἐξ</span> <span class='ocrx_word' id='word_1_242' title='bbox 806 2508 984 2562; x_wconf 83' lang='grc' dir='ltr'><em>αὐτῶν</em></span> <span class='ocrx_word' id='word_1_243' title='bbox 1020 2510 1146 2571; x_wconf 77' lang='grc' dir='ltr'><em>τοὺς</em></span> <span class='ocrx_word' id='word_1_244' title='bbox 1179 2509 1510 2578; x_wconf 83' lang='grc' dir='ltr'><em>δυναμένους</em></span> <span class='ocrx_word' id='word_1_245' title='bbox 1545 2510 1661 2578; x_wconf 84' lang='grc' dir='ltr'><em>μετ’</em></span> <span class='ocrx_word' id='word_1_246' title='bbox 1690 2507 1932 2578; x_wconf 87' lang='grc' dir='ltr'><em>ἀλλήλων</em></span> 
     </span>
    </p>
   </div>
   <div class='ocr_carea' id='block_1_40' title="bbox 357 2596 1952 2670">
    <p class='ocr_par' dir='ltr' id='par_1_40' title="bbox 357 2596 1952 2670">
     <span class='ocr_line' id='line_1_42' title="bbox 357 2596 1952 2670; baseline -0.003 -17"><span class='ocrx_word' id='word_1_247' title='bbox 357 2599 730 2670; x_wconf 69' lang='grc' dir='ltr'><em>διασημαίνειν</em></span> <span class='ocrx_word' id='word_1_248' title='bbox 778 2615 832 2650; x_wconf 87' lang='grc' dir='ltr'><strong><em>τι</em></strong></span> <span class='ocrx_word' id='word_1_249' title='bbox 882 2596 990 2650; x_wconf 85' lang='grc' dir='ltr'><strong><em>τῶν</em></strong></span> <span class='ocrx_word' id='word_1_250' title='bbox 1037 2597 1272 2668; x_wconf 84' lang='grc' dir='ltr'><em>ἄστρων,</em></span> <span class='ocrx_word' id='word_1_251' title='bbox 1319 2596 1490 2660; x_wconf 73' lang='grc' dir='ltr'><em>οὕτως</em></span> <span class='ocrx_word' id='word_1_252' title='bbox 1546 2596 1952 2667; x_wconf 72' lang='grc' dir='ltr'><em>κατωνόμασεν,</em></span> 
     </span>
    </p>
   </div>
   <div class='ocr_carea' id='block_1_41' title="bbox 358 2689 1942 2760">
    <p class='ocr_par' dir='ltr' id='par_1_41' title="bbox 358 2689 1942 2760">
     <span class='ocr_line' id='line_1_43' title="bbox 358 2689 1942 2760; baseline -0.003 -14"><span class='ocrx_word' id='word_1_253' title='bbox 358 2691 518 2746; x_wconf 74' lang='grc' dir='ltr'><em>αὑτά.</em></span> <span class='ocrx_word' id='word_1_254' title='bbox 557 2711 574 2743; x_wconf 76' lang='grc' dir='ltr'><strong><em>ι</em></strong></span> <span class='ocrx_word' id='word_1_255' title='bbox 607 2694 764 2745; x_wconf 83' lang='grc' dir='ltr'><em>Δοκεῖ</em></span> <span class='ocrx_word' id='word_1_256' title='bbox 794 2691 851 2744; x_wconf 82' lang='grc' dir='ltr'><strong><em>δέ</em></strong></span> <span class='ocrx_word' id='word_1_257' title='bbox 899 2707 988 2760; x_wconf 81' lang='grc' dir='ltr'><strong><em>μοι</em></strong></span> <span class='ocrx_word' id='word_1_258' title='bbox 1018 2691 1125 2744; x_wconf 78' lang='grc' dir='ltr'><em>πᾶν</em></span> <span class='ocrx_word' id='word_1_259' title='bbox 1149 2689 1458 2744; x_wconf 80' lang='grc' dir='ltr'><em>τούναντίον</em></span> <span class='ocrx_word' id='word_1_260' title='bbox 1480 2692 1508 2743; x_wconf 92' lang='lat'><strong><em>6</em></strong></span> <span class='ocrx_word' id='word_1_261' title='bbox 1539 2690 1636 2760; x_wconf 83' lang='grc' dir='ltr'><em>μὲν</em></span> <span class='ocrx_word' id='word_1_262' title='bbox 1672 2689 1942 2753; x_wconf 60' lang='grc' dir='ltr'><em>Ἀτταλοςτ</em></span> 
     </span>
    </p>
   </div>
   <div class='ocr_carea' id='block_1_42' title="bbox 358 2781 1930 2855">
    <p class='ocr_par' dir='ltr' id='par_1_42' title="bbox 358 2781 1930 2855">
     <span class='ocr_line' id='line_1_44' title="bbox 358 2781 1930 2855; baseline -0.001 -19"><span class='ocrx_word' id='word_1_263' title='bbox 358 2783 438 2854; x_wconf 86' lang='grc' dir='ltr'><em>μὴ</em></span> <span class='ocrx_word' id='word_1_264' title='bbox 471 2785 868 2855; x_wconf 74' lang='grc' dir='ltr'><em>κῑκρατηκέναι</em></span> <span class='ocrx_word' id='word_1_265' title='bbox 911 2785 1010 2854; x_wconf 81' lang='grc' dir='ltr'><em>τῆς</em></span> <span class='ocrx_word' id='word_1_266' title='bbox 1036 2781 1128 2836; x_wconf 79' lang='grc' dir='ltr'><em>τοῦ</em></span> <span class='ocrx_word' id='word_1_267' title='bbox 1163 2782 1389 2851; x_wconf 79' lang='grc' dir='ltr'><em>ποιητοῦ</em></span> <span class='ocrx_word' id='word_1_268' title='bbox 1423 2781 1692 2844; x_wconf 89' lang='grc' dir='ltr'><em>διανοίας·</em></span> <span class='ocrx_word' id='word_1_269' title='bbox 1728 2782 1822 2843; x_wconf 57' lang='grc' dir='ltr'><strong><em>καὶ</em></strong></span> <span class='ocrx_word' id='word_1_270' title='bbox 1869 2782 1930 2834; x_wconf 84' lang='grc' dir='ltr'><em>οὐ</em></span> 
     </span>
    </p>
   </div>
   <div class='ocr_carea' id='block_1_43' title="bbox 360 2873 1932 2947">
    <p class='ocr_par' dir='ltr' id='par_1_43' title="bbox 360 2873 1932 2947">
     <span class='ocr_line' id='line_1_45' title="bbox 360 2873 1932 2947; baseline -0.001 -19"><span class='ocrx_word' id='word_1_271' title='bbox 360 2875 520 2947; x_wconf 80' lang='grc' dir='ltr'><em>μόνον</em></span> <span class='ocrx_word' id='word_1_272' title='bbox 565 2875 742 2936; x_wconf 78' lang='grc' dir='ltr'><em>τοῦτο,</em></span> <span class='ocrx_word' id='word_1_273' title='bbox 793 2875 928 2928; x_wconf 82' lang='grc' dir='ltr'><strong><em>ἀλλά</em></strong></span> <span class='ocrx_word' id='word_1_274' title='bbox 972 2875 1066 2928; x_wconf 72' lang='grc' dir='ltr'><strong><em>καὶ</em></strong></span> <span class='ocrx_word' id='word_1_275' title='bbox 1107 2875 1174 2945; x_wconf 80' lang='grc' dir='ltr'><em>ἢν</em></span> <span class='ocrx_word' id='word_1_276' title='bbox 1227 2873 1486 2946; x_wconf 81' lang='grc' dir='ltr'><em>προέθετο</em></span> <span class='ocrx_word' id='word_1_277' title='bbox 1529 2873 1770 2937; x_wconf 69' lang='grc' dir='ltr'><em>διάνοιαν</em></span> <span class='ocrx_word' id='word_1_278' title='bbox 1822 2873 1932 2927; x_wconf 82' lang='grc' dir='ltr'><strong><em>τῶν</em></strong></span> 
     </span>
    </p>
   </div>
   <div class='ocr_carea' id='block_1_44' title="bbox 361 2963 1930 3037">
    <p class='ocr_par' dir='ltr' id='par_1_44' title="bbox 361 2963 1930 3037">
     <span class='ocr_line' id='line_1_46' title="bbox 361 2963 1930 3037; baseline -0.003 -18"><span class='ocrx_word' id='word_1_279' title='bbox 361 2966 558 3037; x_wconf 82' lang='grc' dir='ltr'><em>στίχων</em></span> <span class='ocrx_word' id='word_1_280' title='bbox 599 2965 911 3030; x_wconf 73' lang='grc' dir='ltr'><em>ἀποδοῦναι,</em></span> <span class='ocrx_word' id='word_1_281' title='bbox 947 2965 1080 3036; x_wconf 77' lang='grc' dir='ltr'><em>μηδὲ</em></span> <span class='ocrx_word' id='word_1_282' title='bbox 1109 2963 1310 3034; x_wconf 82' lang='grc' dir='ltr'><em>ταύτην</em></span> <span class='ocrx_word' id='word_1_283' title='bbox 1342 2963 1527 3032; x_wconf 89' lang='grc' dir='ltr'><em>σαφῶς</em></span> <span class='ocrx_word' id='word_1_284' title='bbox 1551 3004 1565 3028; x_wconf 96' lang='grc'><strong><em>,</em></strong></span> <span class='ocrx_word' id='word_1_285' title='bbox 1608 2963 1722 3017; x_wconf 87' lang='grc' dir='ltr'><em>ἀλλ’</em></span> <span class='ocrx_word' id='word_1_286' title='bbox 1765 2963 1930 3016; x_wconf 82' lang='grc' dir='ltr'><em>ἀσυν-</em></span> 
     </span>
    </p>
   </div>
   <div class='ocr_carea' id='block_1_45' title="bbox 356 3055 1930 3129">
    <p class='ocr_par' dir='ltr' id='par_1_45' title="bbox 356 3055 1930 3129">
     <span class='ocr_line' id='line_1_47' title="bbox 356 3055 1930 3129; baseline -0.001 -19"><span class='ocrx_word' id='word_1_287' title='bbox 356 3056 497 3122; x_wconf 69' lang='grc' dir='ltr'><em>έτως</em></span> <span class='ocrx_word' id='word_1_288' title='bbox 533 3056 901 3128; x_wconf 74' lang='grc' dir='ltr'><em>ἐξενηνοχέναι</em></span> <span class='ocrx_word' id='word_1_289' title='bbox 925 3073 940 3089; x_wconf 71' lang='grc' dir='ltr'><strong><em>ο</em></strong></span> <span class='ocrx_word' id='word_1_290' title='bbox 972 3059 1000 3110; x_wconf 94' lang='lat'><strong><em>6</em></strong></span> <span class='ocrx_word' id='word_1_291' title='bbox 1023 3056 1203 3127; x_wconf 89' lang='grc' dir='ltr'><em>μέντοι</em></span> <span class='ocrx_word' id='word_1_292' title='bbox 1227 3074 1289 3125; x_wconf 88' lang='grc' dir='ltr'><strong><em>γε</em></strong></span> <span class='ocrx_word' id='word_1_293' title='bbox 1321 3058 1552 3129; x_wconf 76' lang='grc' dir='ltr'><em>Ἄρατος</em></span> <span class='ocrx_word' id='word_1_294' title='bbox 1586 3055 1930 3128; x_wconf 81' lang='grc' dir='ltr'><em>κεκρατημέ-</em></span> 
     </span>
    </p>
   </div>
   <div class='ocr_carea' id='block_1_46' title="bbox 359 3147 1930 3219">
    <p class='ocr_par' dir='ltr' id='par_1_46' title="bbox 359 3147 1930 3219">
     <span class='ocr_line' id='line_1_48' title="bbox 359 3147 1930 3219; baseline 0 -17"><span class='ocrx_word' id='word_1_295' title='bbox 359 3165 466 3212; x_wconf 89' lang='grc' dir='ltr'><strong><em>νως</em></strong></span> <span class='ocrx_word' id='word_1_296' title='bbox 525 3147 938 3202; x_wconf 81' lang='grc' dir='ltr'><em>ἀποδεδωκέναι.</em></span> <span class='ocrx_word' id='word_1_297' title='bbox 991 3147 1248 3201; x_wconf 74' lang='grc' dir='ltr'><em>Βούλει-αι</em></span> <span class='ocrx_word' id='word_1_298' title='bbox 1297 3148 1404 3219; x_wconf 86' lang='grc' dir='ltr'><em>γὰρ</em></span> <span class='ocrx_word' id='word_1_299' title='bbox 1450 3148 1650 3218; x_wconf 87' lang='grc' dir='ltr'><em>λέγειν,</em></span> <span class='ocrx_word' id='word_1_300' title='bbox 1705 3149 1786 3202; x_wconf 85' lang='grc' dir='ltr'><em>ὅτι</em></span> <span class='ocrx_word' id='word_1_301' title='bbox 1834 3167 1930 3219; x_wconf 87' lang='grc' dir='ltr'><em>με-</em></span> 
     </span>
    </p>
   </div>
   <div class='ocr_carea' id='block_1_47' title="bbox 355 3240 1926 3312">
    <p class='ocr_par' dir='ltr' id='par_1_47' title="bbox 355 3240 1926 3312">
     <span class='ocr_line' id='line_1_49' title="bbox 355 3240 1926 3312; baseline -0.002 -17"><span class='ocrx_word' id='word_1_302' title='bbox 355 3241 490 3306; x_wconf 72' lang='grc' dir='ltr'><em>ταξὺ</em></span> <span class='ocrx_word' id='word_1_303' title='bbox 521 3241 614 3294; x_wconf 76' lang='grc' dir='ltr'><em>τοῦ</em></span> <span class='ocrx_word' id='word_1_304' title='bbox 641 3240 904 3312; x_wconf 83' lang='grc' dir='ltr'><em>Πηδαλίου</em></span> <span class='ocrx_word' id='word_1_305' title='bbox 943 3240 1038 3294; x_wconf 75' lang='grc' dir='ltr'><strong><em>καὶ</em></strong></span> <span class='ocrx_word' id='word_1_306' title='bbox 1068 3240 1161 3294; x_wconf 81' lang='grc' dir='ltr'><em>τοῦ</em></span> <span class='ocrx_word' id='word_1_307' title='bbox 1202 3241 1553 3312; x_wconf 20' lang='grc' dir='ltr'><em>Κήτουςνίιπὸ</em></span> <span class='ocrx_word' id='word_1_308' title='bbox 1584 3241 1674 3294; x_wconf 81' lang='grc' dir='ltr'><em>τὸν</em></span> <span class='ocrx_word' id='word_1_309' title='bbox 1703 3241 1926 3310; x_wconf 80' lang='grc' dir='ltr'><em>Λαγωὸν</em></span> 
     </span>
    </p>
   </div>
   <div class='ocr_carea' id='block_1_48' title="bbox 357 3331 1929 3405">
    <p class='ocr_par' dir='ltr' id='par_1_48' title="bbox 357 3331 1929 3405">
     <span class='ocr_line' id='line_1_50' title="bbox 357 3331 1929 3405; baseline -0.001 -18"><span class='ocrx_word' id='word_1_310' title='bbox 357 3336 563 3387; x_wconf 81' lang='grc' dir='ltr'><em>κεῖνται</em></span> <span class='ocrx_word' id='word_1_311' title='bbox 591 3333 817 3404; x_wconf 84' lang='grc' dir='ltr'><em>ἀστέρες</em></span> <span class='ocrx_word' id='word_1_312' title='bbox 849 3331 1138 3404; x_wconf 80' lang='grc' dir='ltr'><em>ἀνώνυμοι,</em></span> <span class='ocrx_word' id='word_1_313' title='bbox 1175 3333 1343 3400; x_wconf 83' lang='grc' dir='ltr'><em>ὀλίγοι</em></span> <span class='ocrx_word' id='word_1_314' title='bbox 1381 3332 1459 3404; x_wconf 80' lang='grc' dir='ltr'><em>τῷ</em></span> <span class='ocrx_word' id='word_1_315' title='bbox 1503 3333 1696 3404; x_wconf 81' lang='grc' dir='ltr'><em>πλήθει</em></span> <span class='ocrx_word' id='word_1_316' title='bbox 1731 3334 1824 3387; x_wconf 75' lang='grc' dir='ltr'><strong><em>καὶ</em></strong></span> <span class='ocrx_word' id='word_1_317' title='bbox 1851 3334 1929 3405; x_wconf 77' lang='grc' dir='ltr'><em>τῷ</em></span> 
     </span>
    </p>
   </div>
   <div class='ocr_carea' id='block_1_49' title="bbox 357 3421 1929 3497">
    <p class='ocr_par' dir='ltr' id='par_1_49' title="bbox 357 3421 1929 3497">
     <span class='ocr_line' id='line_1_51' title="bbox 357 3421 1929 3497; baseline 0 -19"><span class='ocrx_word' id='word_1_318' title='bbox 357 3421 601 3497; x_wconf 85' lang='grc' dir='ltr'><em>μεγέθει.</em></span> <span class='ocrx_word' id='word_1_319' title='bbox 633 3425 706 3478; x_wconf 79' lang='grc' dir='ltr'><strong>Οὐ</strong></span> <span class='ocrx_word' id='word_1_320' title='bbox 735 3426 843 3496; x_wconf 80' lang='grc' dir='ltr'><strong><em>γάρ</em></strong></span> <span class='ocrx_word' id='word_1_321' title='bbox 875 3422 1046 3488; x_wconf 76' lang='grc' dir='ltr'><em>οὕτως</em></span> <span class='ocrx_word' id='word_1_322' title='bbox 1073 3425 1300 3488; x_wconf 85' lang='grc' dir='ltr'><em>κεῖνται,</em></span> <span class='ocrx_word' id='word_1_323' title='bbox 1333 3423 1472 3477; x_wconf 82' lang='grc' dir='ltr'><em>ὥστε</em></span> <span class='ocrx_word' id='word_1_324' title='bbox 1509 3425 1573 3476; x_wconf 83' lang='grc' dir='ltr'><strong><em>ὲκ</em></strong></span> <span class='ocrx_word' id='word_1_325' title='bbox 1599 3424 1698 3494; x_wconf 81' lang='grc' dir='ltr'><em>τῆς</em></span> <span class='ocrx_word' id='word_1_326' title='bbox 1728 3423 1929 3489; x_wconf 82' lang='grc' dir='ltr'><em>θέσεως</em></span> 
     </span>
    </p>
   </div>
   <div class='ocr_carea' id='block_1_50' title="bbox 357 3514 1930 3588">
    <p class='ocr_par' dir='ltr' id='par_1_50' title="bbox 357 3514 1930 3588">
     <span class='ocr_line' id='line_1_52' title="bbox 357 3514 1930 3588; baseline -0.001 -17"><span class='ocrx_word' id='word_1_327' title='bbox 357 3517 536 3572; x_wconf 79' lang='grc' dir='ltr'><em>αὐτῶν</em></span> <span class='ocrx_word' id='word_1_328' title='bbox 559 3517 759 3588; x_wconf 82' lang='grc' dir='ltr'><em>ὁμοίως</em></span> <span class='ocrx_word' id='word_1_329' title='bbox 781 3515 1227 3587; x_wconf 83' lang='grc' dir='ltr'><em>διαμορφωθῆναι</em></span> <span class='ocrx_word' id='word_1_330' title='bbox 1257 3514 1393 3580; x_wconf 83' lang='grc' dir='ltr'><em>ζῶα,</em></span> <span class='ocrx_word' id='word_1_331' title='bbox 1432 3517 1466 3586; x_wconf 82' lang='grc' dir='ltr'>ἢ</span> <span class='ocrx_word' id='word_1_332' title='bbox 1499 3515 1930 3587; x_wconf 85' lang='grc' dir='ltr'><em>κατασκεύασμά</em></span> 
     </span>
    </p>
   </div>
   <div class='ocr_carea' id='block_1_51' title="bbox 353 3604 1928 3678">
    <p class='ocr_par' dir='ltr' id='par_1_51' title="bbox 353 3604 1928 3678">
     <span class='ocr_line' id='line_1_53' title="bbox 353 3604 1928 3678; baseline -0.003 -15"><span class='ocrx_word' id='word_1_333' title='bbox 353 3627 428 3675; x_wconf 87' lang='grc' dir='ltr'><strong><em>τι,</em></strong></span> <span class='ocrx_word' id='word_1_334' title='bbox 458 3604 547 3664; x_wconf 78' lang='grc' dir='ltr'><em>οἷά</em></span> <span class='ocrx_word' id='word_1_335' title='bbox 587 3611 702 3662; x_wconf 75' lang='grc' dir='ltr'><em>ἐστι</em></span> <span class='ocrx_word' id='word_1_336' title='bbox 746 3608 817 3662; x_wconf 85' lang='grc' dir='ltr'><em>τὰ</em></span> <span class='ocrx_word' id='word_1_337' title='bbox 860 3607 1023 3661; x_wconf 85' lang='grc' dir='ltr'><em>λοιπά</em></span> <span class='ocrx_word' id='word_1_338' title='bbox 1055 3606 1326 3678; x_wconf 39' lang='grc' dir='ltr'><em>ἄστραλά</em></span> <span class='ocrx_word' id='word_1_339' title='bbox 1355 3606 1655 3660; x_wconf 81' lang='grc' dir='ltr'><em>διετύπωσέ</em></span> <span class='ocrx_word' id='word_1_340' title='bbox 1698 3623 1782 3669; x_wconf 87' lang='grc' dir='ltr'><strong><em>τις</em></strong></span> <span class='ocrx_word' id='word_1_341' title='bbox 1819 3605 1928 3659; x_wconf 90' lang='grc' dir='ltr'><strong><em>τῶν</em></strong></span> 
     </span>
    </p>
   </div>
   <div class='ocr_carea' id='block_1_52' title="bbox 355 3697 1926 3772">
    <p class='ocr_par' dir='ltr' id='par_1_52' title="bbox 355 3697 1926 3772">
     <span class='ocr_line' id='line_1_54' title="bbox 355 3697 1926 3772; baseline -0.002 -17"><span class='ocrx_word' id='word_1_342' title='bbox 355 3702 596 3772; x_wconf 81' lang='grc' dir='ltr'><em>ἀρχαίων</em></span> <span class='ocrx_word' id='word_1_343' title='bbox 615 3719 629 3733; x_wconf 90' lang='grc'><strong>·</strong></span> <span class='ocrx_word' id='word_1_344' title='bbox 658 3703 759 3755; x_wconf 76' lang='grc' dir='ltr'><strong><em>οὐκ</em></strong></span> <span class='ocrx_word' id='word_1_345' title='bbox 788 3701 869 3754; x_wconf 78' lang='grc' dir='ltr'><em>ἔτι</em></span> <span class='ocrx_word' id='word_1_346' title='bbox 894 3701 952 3754; x_wconf 82' lang='grc' dir='ltr'><em>δὲ</em></span> <span class='ocrx_word' id='word_1_347' title='bbox 982 3699 1276 3762; x_wconf 73' lang='grc' dir='ltr'><em>ἐπεϐάλετο</em></span> <span class='ocrx_word' id='word_1_348' title='bbox 1322 3699 1500 3751; x_wconf 87' lang='grc' dir='ltr'><em>πάντα</em></span> <span class='ocrx_word' id='word_1_349' title='bbox 1527 3697 1926 3769; x_wconf 87' lang='grc' dir='ltr'><em>διαμορφῶσαι.</em></span> 
     </span>
    </p>
   </div>
   <div class='ocr_carea' id='block_1_53' title="bbox 357 3787 1928 3863">
    <p class='ocr_par' dir='ltr' id='par_1_53' title="bbox 357 3787 1928 3863">
     <span class='ocr_line' id='line_1_55' title="bbox 357 3787 1928 3863; baseline -0.002 -19"><span class='ocrx_word' id='word_1_350' title='bbox 357 3791 572 3844; x_wconf 79' lang='grc' dir='ltr'><em>Πολλῶν</em></span> <span class='ocrx_word' id='word_1_351' title='bbox 598 3791 704 3863; x_wconf 83' lang='grc' dir='ltr'><em>γὰρ</em></span> <span class='ocrx_word' id='word_1_352' title='bbox 735 3791 904 3844; x_wconf 76' lang='grc' dir='ltr'><em>ὄντων</em></span> <span class='ocrx_word' id='word_1_353' title='bbox 951 3790 1194 3861; x_wconf 84' lang='grc' dir='ltr'><em>ἀστέρων</em></span> <span class='ocrx_word' id='word_1_354' title='bbox 1227 3789 1333 3842; x_wconf 85' lang='grc' dir='ltr'><strong><em>τῶν</em></strong></span> <span class='ocrx_word' id='word_1_355' title='bbox 1367 3789 1486 3842; x_wconf 82' lang='grc' dir='ltr'><em>κατ’</em></span> <span class='ocrx_word' id='word_1_356' title='bbox 1523 3788 1658 3842; x_wconf 84' lang='grc' dir='ltr'><em>ἰδίαν</em></span> <span class='ocrx_word' id='word_1_357' title='bbox 1681 3787 1928 3860; x_wconf 78' lang='grc' dir='ltr'><em>διερριμ-</em></span> 
     </span>
    </p>
   </div>
   <div class='ocr_carea' id='block_1_54' title="bbox 360 3876 1927 3950">
    <p class='ocr_par' dir='ltr' id='par_1_54' title="bbox 360 3876 1927 3950">
     <span class='ocr_line' id='line_1_56' title="bbox 360 3876 1927 3950; baseline -0.003 -18"><span class='ocrx_word' id='word_1_358' title='bbox 360 3877 558 3949; x_wconf 86' lang='grc' dir='ltr'><em>μένων,</em></span> <span class='ocrx_word' id='word_1_359' title='bbox 587 3881 686 3932; x_wconf 85' lang='grc' dir='ltr'><strong><em>οὑκ</em></strong></span> <span class='ocrx_word' id='word_1_360' title='bbox 716 3879 781 3932; x_wconf 86' lang='grc' dir='ltr'><em>ἂν</em></span> <span class='ocrx_word' id='word_1_361' title='bbox 815 3878 1042 3950; x_wconf 77' lang='grc' dir='ltr'><em>ἐδυνήθη</em></span> <span class='ocrx_word' id='word_1_362' title='bbox 1080 3878 1159 3933; x_wconf 68' lang='grc' dir='ltr'><strong><em>ενι</em></strong></span> <span class='ocrx_word' id='word_1_363' title='bbox 1211 3879 1453 3948; x_wconf 86' lang='grc' dir='ltr'><em>σχήματι</em></span> <span class='ocrx_word' id='word_1_364' title='bbox 1512 3876 1836 3947; x_wconf 80' lang='grc' dir='ltr'><em>μεταλαϐεῖν</em></span> <span class='ocrx_word' id='word_1_365' title='bbox 1879 3877 1927 3909; x_wconf 83' lang='grc'><strong>⁷⁸</strong></span> 
     </span>
    </p>
   </div>
   <div class='ocr_carea' id='block_1_55' title="bbox 355 3967 1927 4041">
    <p class='ocr_par' dir='ltr' id='par_1_55' title="bbox 355 3967 1927 4041">
     <span class='ocr_line' id='line_1_57' title="bbox 355 3967 1927 4041; baseline -0.001 -19"><span class='ocrx_word' id='word_1_366' title='bbox 355 3971 553 4034; x_wconf 81' lang='grc' dir='ltr'><em>αὐτοὺς</em></span> <span class='ocrx_word' id='word_1_367' title='bbox 581 3970 760 4038; x_wconf 76' lang='grc' dir='ltr'><em>ἤλιθα</em></span> <span class='ocrx_word' id='word_1_368' title='bbox 788 3969 1113 4040; x_wconf 68' lang='grc' dir='ltr'><em>μορφώσας</em></span> <span class='ocrx_word' id='word_1_369' title='bbox 1133 3986 1144 3999; x_wconf 89' lang='grc'><strong>·</strong></span> <span class='ocrx_word' id='word_1_370' title='bbox 1183 3969 1248 4023; x_wconf 79' lang='grc' dir='ltr'><em>δι’</em></span> <span class='ocrx_word' id='word_1_371' title='bbox 1279 3970 1344 4041; x_wconf 84' lang='grc' dir='ltr'><em>ἢν</em></span> <span class='ocrx_word' id='word_1_372' title='bbox 1370 3968 1548 4021; x_wconf 78' lang='grc' dir='ltr'><em>αἰτίαν</em></span> <span class='ocrx_word' id='word_1_373' title='bbox 1575 3967 1748 4032; x_wconf 78' lang='grc' dir='ltr'><em>ἔδοξεν</em></span> <span class='ocrx_word' id='word_1_374' title='bbox 1781 3967 1927 4038; x_wconf 83' lang='grc' dir='ltr'><em>αὐτῷ</em></span> 
     </span>
    </p>
   </div>
   <div class='ocr_carea' id='block_1_56' title="bbox 355 4060 1928 4132">
    <p class='ocr_par' dir='ltr' id='par_1_56' title="bbox 355 4060 1928 4132">
     <span class='ocr_line' id='line_1_58' title="bbox 355 4060 1928 4132; baseline -0.001 -18"><span class='ocrx_word' id='word_1_375' title='bbox 355 4063 482 4125; x_wconf 86' lang='grc' dir='ltr'><em>τοὺς</em></span> <span class='ocrx_word' id='word_1_376' title='bbox 530 4063 976 4132; x_wconf 61' lang='grc' dir='ltr'><em>παρακειμένους,</em></span> <span class='ocrx_word' id='word_1_377' title='bbox 1020 4078 1135 4125; x_wconf 87' lang='grc' dir='ltr'><strong><em>πως</em></strong></span> <span class='ocrx_word' id='word_1_378' title='bbox 1195 4060 1444 4130; x_wconf 84' lang='grc' dir='ltr'><em>ἀλλήλοις</em></span> <span class='ocrx_word' id='word_1_379' title='bbox 1497 4061 1771 4131; x_wconf 86' lang='grc' dir='ltr'><em>ἀστέρας,</em></span> <span class='ocrx_word' id='word_1_380' title='bbox 1832 4061 1928 4115; x_wconf 75' lang='grc' dir='ltr'><strong><em>καὶ</em></strong></span> 
     </span>
    </p>
   </div>
   <div class='ocr_carea' id='block_1_57' title="bbox 355 4150 1926 4223">
    <p class='ocr_par' dir='ltr' id='par_1_57' title="bbox 355 4150 1926 4223">
     <span class='ocr_line' id='line_1_59' title="bbox 355 4150 1926 4223; baseline -0.001 -20"><span class='ocrx_word' id='word_1_381' title='bbox 355 4151 665 4223; x_wconf 72' lang='grc' dir='ltr'><em>ὁμηγερέας</em></span> <span class='ocrx_word' id='word_1_382' title='bbox 743 4151 822 4222; x_wconf 73' lang='grc' dir='ltr'><em>τῷ</em></span> <span class='ocrx_word' id='word_1_383' title='bbox 871 4151 1094 4222; x_wconf 79' lang='grc' dir='ltr'><em>ὀνόματι</em></span> <span class='ocrx_word' id='word_1_384' title='bbox 1147 4150 1473 4213; x_wconf 83' lang='grc' dir='ltr'><em>διαπλάσαι,</em></span> <span class='ocrx_word' id='word_1_385' title='bbox 1531 4150 1623 4202; x_wconf 75' lang='grc' dir='ltr'><strong><em>καὶ</em></strong></span> <span class='ocrx_word' id='word_1_386' title='bbox 1667 4150 1926 4221; x_wconf 81' lang='grc' dir='ltr'><em>ὀνοματοο</em></span> 
     </span>
    </p>
   </div>
   <div class='ocr_carea' id='block_1_58' title="bbox 356 4259 601 4312">
    <p class='ocr_par' dir='ltr' id='par_1_58' title="bbox 356 4259 601 4312">
     <span class='ocr_line' id='line_1_60' title="bbox 356 4259 601 4312; baseline 0.008 -16"><span class='ocrx_word' id='word_1_387' title='bbox 356 4259 601 4312; x_wconf 83' lang='grc' dir='ltr'><em>ποιησαι.</em></span> 
     </span>
    </p>
   </div>
   <div class='ocr_carea' id='block_1_59' title="bbox 429 4357 1926 4431">
    <p class='ocr_par' dir='ltr' id='par_1_59' title="bbox 429 4357 1926 4431">
     <span class='ocr_line' id='line_1_61' title="bbox 429 4357 1926 4431; baseline 0.001 -19"><span class='ocrx_word' id='word_1_388' title='bbox 429 4358 526 4412; x_wconf 68' lang='grc' dir='ltr'><strong><em>ΙΘν.</em></strong></span> <span class='ocrx_word' id='word_1_389' title='bbox 544 4357 698 4428; x_wconf 80' lang='grc' dir='ltr'><strong><em>Ἑξῆς</em></strong></span> <span class='ocrx_word' id='word_1_390' title='bbox 713 4357 768 4414; x_wconf 79' lang='grc' dir='ltr'><strong><em>δέ</em></strong></span> <span class='ocrx_word' id='word_1_391' title='bbox 785 4373 945 4428; x_wconf 83' lang='grc' dir='ltr'><em>φησιν</em></span> <span class='ocrx_word' id='word_1_392' title='bbox 958 4359 988 4410; x_wconf 90' lang='lat'><strong><em>6</em></strong></span> <span class='ocrx_word' id='word_1_393' title='bbox 1007 4357 1071 4408; x_wconf 82' lang='lat' dir='ltr'><strong><em>&#39;A</em></strong></span> <span class='ocrx_word' id='word_1_394' title='bbox 1080 4373 1238 4426; x_wconf 78' lang='grc' dir='ltr'><em>ρατος</em></span> <span class='ocrx_word' id='word_1_395' title='bbox 1265 4357 1504 4429; x_wconf 76' lang='grc' dir='ltr'><em>περὶτοῦ</em></span> <span class='ocrx_word' id='word_1_396' title='bbox 1519 4359 1888 4431; x_wconf 84' lang='grc' dir='ltr'><em>Θυμιατηρίου</em></span> <span class='ocrx_word' id='word_1_397' title='bbox 1910 4379 1926 4392; x_wconf 85' lang='grc'>·</span> 
     </span>
    </p>
   </div>
   <div class='ocr_carea' id='block_1_60' title="bbox 355 4468 1809 4542">
    <p class='ocr_par' dir='ltr' id='par_1_60' title="bbox 355 4468 1809 4542">
     <span class='ocr_line' id='line_1_62' title="bbox 355 4468 1809 4542; baseline 0.001 -16"><span class='ocrx_word' id='word_1_398' title='bbox 355 4470 552 4539; x_wconf 80' lang='grc' dir='ltr'><em>Αὐτὰρ</em></span> <span class='ocrx_word' id='word_1_399' title='bbox 589 4472 691 4525; x_wconf 79' lang='grc' dir='ltr'><strong><em>ὑπ’</em></strong></span> <span class='ocrx_word' id='word_1_400' title='bbox 723 4470 1013 4542; x_wconf 73' lang='grc' dir='ltr'><em>αἰθομένῳ</em></span> <span class='ocrx_word' id='word_1_401' title='bbox 1046 4468 1273 4542; x_wconf 10' lang='grc' dir='ltr'><em>κέντρῳ,</em></span> <span class='ocrx_word' id='word_1_402' title='bbox 1295 4470 1504 4539; x_wconf 85' lang='grc' dir='ltr'><em>τέραος</em></span> <span class='ocrx_word' id='word_1_403' title='bbox 1527 4472 1809 4542; x_wconf 73' lang='grc' dir='ltr'><em>μεγάλοιο</em></span> 
     </span>
    </p>
   </div>
   <div class='ocr_carea' id='block_1_61' title="bbox 356 4541 1752 4612">
    <p class='ocr_par' dir='ltr' id='par_1_61' title="bbox 356 4541 1752 4612">
     <span class='ocr_line' id='line_1_63' title="bbox 356 4541 1752 4612; baseline 0.002 -18"><span class='ocrx_word' id='word_1_404' title='bbox 356 4543 674 4612; x_wconf 71' lang='grc' dir='ltr'><em>Σκορπίου,</em></span> <span class='ocrx_word' id='word_1_405' title='bbox 704 4541 842 4609; x_wconf 84' lang='grc' dir='ltr'><em>ἄγχι</em></span> <span class='ocrx_word' id='word_1_406' title='bbox 871 4543 1091 4612; x_wconf 83' lang='grc' dir='ltr'><em>νότοιο,</em></span> <span class='ocrx_word' id='word_1_407' title='bbox 1121 4541 1412 4612; x_wconf 66' lang='grc' dir='ltr'><em>βυτήριον</em></span> <span class='ocrx_word' id='word_1_408' title='bbox 1442 4541 1752 4610; x_wconf 72' lang='grc' dir='ltr'><em>αἰωρεῖται*</em></span> 
     </span>
    </p>
   </div>
   <div class='ocr_carea' id='block_1_62' title="bbox 362 4609 1925 4684">
    <p class='ocr_par' dir='ltr' id='par_1_62' title="bbox 362 4609 1925 4684">
     <span class='ocr_line' id='line_1_64' title="bbox 362 4609 1925 4684; baseline 0.002 -19"><span class='ocrx_word' id='word_1_409' title='bbox 362 4609 584 4681; x_wconf 73' lang='grc' dir='ltr'><em>Τοῦὸή</em></span> <span class='ocrx_word' id='word_1_410' title='bbox 612 4628 702 4670; x_wconf 71' lang='grc' dir='ltr'><strong><em>τοι</em></strong></span> <span class='ocrx_word' id='word_1_411' title='bbox 728 4612 937 4680; x_wconf 75' lang='grc' dir='ltr'><em>ὀλίγον</em></span> <span class='ocrx_word' id='word_1_412' title='bbox 961 4611 1079 4679; x_wconf 87' lang='grc' dir='ltr'><em>μὲν</em></span> <span class='ocrx_word' id='word_1_413' title='bbox 1117 4609 1217 4662; x_wconf 81' lang='grc' dir='ltr'><strong><em>ἐπὶ</em></strong></span> <span class='ocrx_word' id='word_1_414' title='bbox 1249 4613 1472 4679; x_wconf 72' lang='grc' dir='ltr'><em>χρόνον</em></span> <span class='ocrx_word' id='word_1_415' title='bbox 1511 4609 1685 4684; x_wconf 74' lang='grc' dir='ltr'><em>ὑψόθ’</em></span> <span class='ocrx_word' id='word_1_416' title='bbox 1718 4615 1925 4680; x_wconf 81' lang='grc' dir='ltr'><em>ἐόντος</em></span> 
     </span>
    </p>
   </div>
   <div class='ocr_carea' id='block_1_63' title="bbox 355 4748 1921 4820">
    <p class='ocr_par' dir='ltr' id='par_1_63' title="bbox 355 4748 1921 4820">
     <span class='ocr_line' id='line_1_65' title="bbox 355 4748 1921 4820; baseline 0.003 -18"><span class='ocrx_word' id='word_1_417' title='bbox 355 4749 647 4820; x_wconf 75' lang='grc' dir='ltr'><em>Πεύσεαιο</em></span> <span class='ocrx_word' id='word_1_418' title='bbox 690 4748 1045 4820; x_wconf 9' lang='grc' dir='ltr'><em>,ἀντιπέρην</em></span> <span class='ocrx_word' id='word_1_419' title='bbox 1069 4750 1179 4820; x_wconf 79' lang='grc' dir='ltr'><strong><em>γὰρ</em></strong></span> <span class='ocrx_word' id='word_1_420' title='bbox 1224 4751 1478 4814; x_wconf 78' lang='grc' dir='ltr'><em>ἀείρεται</em></span> <span class='ocrx_word' id='word_1_421' title='bbox 1533 4752 1921 4819; x_wconf 83' lang='grc' dir='ltr'><em>Ἀρκτούροιο.</em></span> 
     </span>
    </p>
   </div>
   <div class='ocr_carea' id='block_1_64' title="bbox 356 4819 1924 4897">
    <p class='ocr_par' dir='ltr' id='par_1_64' title="bbox 356 4819 1924 4897">
     <span class='ocr_line' id='line_1_66' title="bbox 356 4819 1924 4897; baseline 0.001 -25"><span class='ocrx_word' id='word_1_422' title='bbox 356 4820 464 4897; x_wconf 55' lang='lat' dir='ltr'><strong><em>{iul</em></strong></span> <span class='ocrx_word' id='word_1_423' title='bbox 493 4819 607 4897; x_wconf 58' lang='grc' dir='ltr'><em>τοᾷ</em></span> <span class='ocrx_word' id='word_1_424' title='bbox 627 4819 744 4888; x_wconf 84' lang='grc' dir='ltr'><em>μὲν</em></span> <span class='ocrx_word' id='word_1_425' title='bbox 763 4819 946 4897; x_wconf 53' lang='grc' dir='ltr'><strong><em>μάᾴαΔ</em></strong></span> <span class='ocrx_word' id='word_1_426' title='bbox 965 4819 1169 4897; x_wconf 62' lang='grc' dir='ltr'><strong><em>Γπάγχυ</em></strong></span> <span class='ocrx_word' id='word_1_427' title='bbox 1195 4820 1491 4897; x_wconf 52' lang='grc' dir='ltr'><em>μετήοροίῄ</em></span> <span class='ocrx_word' id='word_1_428' title='bbox 1505 4824 1623 4875; x_wconf 86' lang='grc' dir='ltr'><em>εἰσι</em></span> <span class='ocrx_word' id='word_1_429' title='bbox 1652 4822 1924 4897; x_wconf 50' lang='lat' dir='ltr'><strong><em>{relcuom</em></strong></span> 
     </span>
    </p>
   </div>
   <div class='ocr_carea' id='block_1_65' title="bbox 367 4888 1924 5030">
    <p class='ocr_par' dir='ltr' id='par_1_65' title="bbox 367 4888 1924 5030">
     <span class='ocr_line' id='line_1_67' title="bbox 367 4888 1924 5030; baseline 0.001 -88"><span class='ocrx_word' id='word_1_430' title='bbox 367 4888 722 4958; x_wconf 81' lang='grc' dir='ltr'><em>Ἀρκτούρου</em></span> <span class='ocrx_word' id='word_1_431' title='bbox 747 4905 762 4919; x_wconf 86' lang='grc'><strong>·</strong></span> <span class='ocrx_word' id='word_1_432' title='bbox 811 4890 876 4943; x_wconf 84' lang='grc' dir='ltr'><em>τὸ</em></span> <span class='ocrx_word' id='word_1_433' title='bbox 914 4889 983 4944; x_wconf 84' lang='grc' dir='ltr'><em>δὲ</em></span> <span class='ocrx_word' id='word_1_434' title='bbox 1029 4888 1264 4944; x_wconf 74' lang='grc' dir='ltr'><em>θᾶσσον</em></span> <span class='ocrx_word' id='word_1_435' title='bbox 1310 4888 1410 4960; x_wconf 63' lang='grc' dir='ltr'><strong><em>ὑφ’</em></strong></span> <span class='ocrx_word' id='word_1_436' title='bbox 1465 4891 1753 5030; x_wconf 63' lang='grc' dir='ltr'><em>ἐσπερίτὲν</em></span> <span class='ocrx_word' id='word_1_437' title='bbox 1785 4891 1924 4972; x_wconf 43' lang='lat' dir='ltr'><strong><em>~(ista</em></strong></span> 
     </span>
     <span class='ocr_line' id='line_1_68' title="bbox 1715 4979 1917 5017; baseline -0.005 -3"><span class='ocrx_word' id='word_1_438' title='bbox 1715 4979 1917 5017; x_wconf 84' lang='grc' dir='ltr'><em>νειται.</em></span> 
     </span>
    </p>
   </div>
   <div class='ocr_carea' id='block_1_66' title="bbox 1715 4979 1917 5017">
    <p class='ocr_par' dir='ltr' id='par_1_66' title="bbox 1715 4979 1917 5017">
     <span class='ocr_line' id='line_1_69' title="bbox 1715 4979 1917 5017; baseline -0.005 -3"><span class='ocrx_word' id='word_1_439' title='bbox 1715 4979 1917 5017; x_wconf 84' lang='grc' dir='ltr'><em>νειται.</em></span> 
     </span>
    </p>
   </div>
   <div class='ocr_carea' id='block_1_67' title="bbox 437 5070 1922 5146">
    <p class='ocr_par' dir='ltr' id='par_1_67' title="bbox 437 5070 1922 5146">
     <span class='ocr_line' id='line_1_70' title="bbox 437 5070 1922 5146; baseline 0.002 -21"><span class='ocrx_word' id='word_1_440' title='bbox 437 5071 526 5125; x_wconf 86' lang='grc' dir='ltr'><em>Ἑν</em></span> <span class='ocrx_word' id='word_1_441' title='bbox 552 5071 609 5124; x_wconf 80' lang='grc' dir='ltr'><em>δὲ</em></span> <span class='ocrx_word' id='word_1_442' title='bbox 635 5070 843 5136; x_wconf 78' lang='grc' dir='ltr'><em>τούτοις</em></span> <span class='ocrx_word' id='word_1_443' title='bbox 889 5073 1034 5127; x_wconf 78' lang='grc' dir='ltr'><em>δοκεῖ</em></span> <span class='ocrx_word' id='word_1_444' title='bbox 1063 5091 1152 5144; x_wconf 88' lang='grc' dir='ltr'><strong><em>μοι</em></strong></span> <span class='ocrx_word' id='word_1_445' title='bbox 1191 5075 1402 5142; x_wconf 83' lang='grc' dir='ltr'><em>ἀγνοεῖν</em></span> <span class='ocrx_word' id='word_1_446' title='bbox 1431 5076 1460 5128; x_wconf 87' lang='lat'><strong><em>6</em></strong></span> <span class='ocrx_word' id='word_1_447' title='bbox 1487 5075 1740 5146; x_wconf 71' lang='grc' dir='ltr'><em>Ἄρατος,</em></span> <span class='ocrx_word' id='word_1_448' title='bbox 1787 5076 1922 5128; x_wconf 84' lang='grc' dir='ltr'><em>ὑπο-</em></span> 
     </span>
    </p>
   </div>
   <div class='ocr_carea' id='block_1_68' title="bbox 354 5161 1921 5238">
    <p class='ocr_par' dir='ltr' id='par_1_68' title="bbox 354 5161 1921 5238">
     <span class='ocr_line' id='line_1_71' title="bbox 354 5161 1921 5238; baseline 0.004 -25"><span class='ocrx_word' id='word_1_449' title='bbox 354 5161 644 5232; x_wconf 77' lang='grc' dir='ltr'><em>λαμϐάνων</em></span> <span class='ocrx_word' id='word_1_450' title='bbox 691 5166 814 5218; x_wconf 77' lang='grc' dir='ltr'><em>ὅσον</em></span> <span class='ocrx_word' id='word_1_451' title='bbox 861 5165 1054 5236; x_wconf 82' lang='grc' dir='ltr'><em>ἀπέχει</em></span> <span class='ocrx_word' id='word_1_452' title='bbox 1087 5165 1116 5216; x_wconf 89' lang='lat'><strong><em>6</em></strong></span> <span class='ocrx_word' id='word_1_453' title='bbox 1161 5165 1487 5238; x_wconf 79' lang='grc' dir='ltr'><em>’Δρκτοῢρος</em></span> <span class='ocrx_word' id='word_1_454' title='bbox 1535 5166 1642 5221; x_wconf 85' lang='grc' dir='ltr'><em>ἀπὸ</em></span> <span class='ocrx_word' id='word_1_455' title='bbox 1689 5165 1784 5219; x_wconf 84' lang='grc' dir='ltr'><em>τοῦ</em></span> <span class='ocrx_word' id='word_1_456' title='bbox 1834 5167 1921 5219; x_wconf 80' lang='grc' dir='ltr'><em>ἀεὶ</em></span> 
     </span>
    </p>
   </div>
   <div class='ocr_carea' id='block_1_69' title="bbox 355 5252 1922 5328">
    <p class='ocr_par' dir='ltr' id='par_1_69' title="bbox 355 5252 1922 5328">
     <span class='ocr_line' id='line_1_72' title="bbox 355 5252 1922 5328; baseline 0.003 -23"><span class='ocrx_word' id='word_1_457' title='bbox 355 5252 589 5324; x_wconf 87' lang='grc' dir='ltr'><em>φανεροῦ</em></span> <span class='ocrx_word' id='word_1_458' title='bbox 627 5253 814 5320; x_wconf 82' lang='grc' dir='ltr'><em>πόλου,</em></span> <span class='ocrx_word' id='word_1_459' title='bbox 862 5255 1112 5309; x_wconf 84' lang='grc' dir='ltr'><em>τοσοῦτον</em></span> <span class='ocrx_word' id='word_1_460' title='bbox 1153 5257 1376 5328; x_wconf 83' lang='grc' dir='ltr'><em>ἀπέχειν</em></span> <span class='ocrx_word' id='word_1_461' title='bbox 1417 5257 1512 5321; x_wconf 70' lang='grc' dir='ltr'><strong><em>καὶ</em></strong></span> <span class='ocrx_word' id='word_1_462' title='bbox 1546 5257 1607 5312; x_wconf 83' lang='grc' dir='ltr'><em>τὸ</em></span> <span class='ocrx_word' id='word_1_463' title='bbox 1646 5256 1922 5328; x_wconf 75' lang='grc' dir='ltr'><em>Θυμιατή-</em></span> 
     </span>
    </p>
   </div>
   <div class='ocr_carea' id='block_1_70' title="bbox 353 5345 1920 5419">
    <p class='ocr_par' dir='ltr' id='par_1_70' title="bbox 353 5345 1920 5419">
     <span class='ocr_line' id='line_1_73' title="bbox 353 5345 1920 5419; baseline 0.003 -22"><span class='ocrx_word' id='word_1_464' title='bbox 353 5361 470 5414; x_wconf 88' lang='grc' dir='ltr'><em>ριον</em></span> <span class='ocrx_word' id='word_1_465' title='bbox 501 5345 608 5398; x_wconf 82' lang='grc' dir='ltr'><em>ἀπὸ</em></span> <span class='ocrx_word' id='word_1_466' title='bbox 635 5345 728 5399; x_wconf 84' lang='grc' dir='ltr'><em>τοῦ</em></span> <span class='ocrx_word' id='word_1_467' title='bbox 776 5347 950 5400; x_wconf 88' lang='grc' dir='ltr'><em>νοτίου</em></span> <span class='ocrx_word' id='word_1_468' title='bbox 981 5347 1144 5401; x_wconf 86' lang='grc' dir='ltr'><em>πόλου</em></span> <span class='ocrx_word' id='word_1_469' title='bbox 1165 5366 1182 5382; x_wconf 78' lang='grc' dir='ltr'><strong>ο</strong></span> <span class='ocrx_word' id='word_1_470' title='bbox 1211 5349 1411 5419; x_wconf 83' lang='grc' dir='ltr'><em>ὁμοίως</em></span> <span class='ocrx_word' id='word_1_471' title='bbox 1445 5348 1502 5402; x_wconf 85' lang='grc' dir='ltr'><em>δὲ</em></span> <span class='ocrx_word' id='word_1_472' title='bbox 1529 5349 1624 5402; x_wconf 76' lang='grc' dir='ltr'><strong><em>καὶ</em></strong></span> <span class='ocrx_word' id='word_1_473' title='bbox 1657 5351 1686 5401; x_wconf 92' lang='lat'><strong><em>6</em></strong></span> <span class='ocrx_word' id='word_1_474' title='bbox 1726 5351 1920 5402; x_wconf 80' lang='grc' dir='ltr'><em>Ἀττα-</em></span> 
     </span>
    </p>
   </div>
   <div class='ocr_carea' id='block_1_71' title="bbox 353 5438 1920 5512">
    <p class='ocr_par' dir='ltr' id='par_1_71' title="bbox 353 5438 1920 5512">
     <span class='ocr_line' id='line_1_74' title="bbox 353 5438 1920 5512; baseline 0.004 -23"><span class='ocrx_word' id='word_1_475' title='bbox 353 5438 444 5500; x_wconf 82' lang='grc' dir='ltr'><strong><em>λος</em></strong></span> <span class='ocrx_word' id='word_1_476' title='bbox 469 5475 485 5500; x_wconf 95' lang='grc'><strong><em>,</em></strong></span> <span class='ocrx_word' id='word_1_477' title='bbox 542 5438 619 5502; x_wconf 85' lang='grc' dir='ltr'><em>ὡς</em></span> <span class='ocrx_word' id='word_1_478' title='bbox 661 5438 726 5492; x_wconf 83' lang='grc' dir='ltr'><em>ἂν</em></span> <span class='ocrx_word' id='word_1_479' title='bbox 777 5441 1302 5511; x_wconf 86' lang='grc' dir='ltr'><em>συναποφαινόμενος</em></span> <span class='ocrx_word' id='word_1_480' title='bbox 1348 5441 1516 5512; x_wconf 84' lang='grc' dir='ltr'><em>αὐτῷ,</em></span> <span class='ocrx_word' id='word_1_481' title='bbox 1552 5443 1749 5511; x_wconf 71' lang='grc' dir='ltr'><em>ἀγνοεῖ.</em></span> <span class='ocrx_word' id='word_1_482' title='bbox 1806 5443 1920 5508; x_wconf 80' lang='grc' dir='ltr'><strong><em>Ἐξ-</em></strong></span> 
     </span>
    </p>
   </div>
   <div class='ocr_carea' id='block_1_72' title="bbox 352 5527 1916 5606">
    <p class='ocr_par' dir='ltr' id='par_1_72' title="bbox 352 5527 1916 5606">
     <span class='ocr_line' id='line_1_75' title="bbox 352 5527 1916 5606; baseline 0.006 -26"><span class='ocrx_word' id='word_1_483' title='bbox 352 5527 490 5601; x_wconf 83' lang='grc' dir='ltr'><em>ηγού</em></span> <span class='ocrx_word' id='word_1_484' title='bbox 499 5546 658 5599; x_wconf 86' lang='grc' dir='ltr'><em>μενος</em></span> <span class='ocrx_word' id='word_1_485' title='bbox 686 5529 796 5602; x_wconf 83' lang='grc' dir='ltr'><strong><em>γάρ</em></strong></span> <span class='ocrx_word' id='word_1_486' title='bbox 822 5531 920 5603; x_wconf 84' lang='grc' dir='ltr'><em>τὴν</em></span> <span class='ocrx_word' id='word_1_487' title='bbox 949 5533 1186 5587; x_wconf 87' lang='grc' dir='ltr'><em>διάνοιαν</em></span> <span class='ocrx_word' id='word_1_488' title='bbox 1221 5533 1328 5586; x_wconf 88' lang='grc' dir='ltr'><strong><em>τῶν</em></strong></span> <span class='ocrx_word' id='word_1_489' title='bbox 1352 5534 1653 5606; x_wconf 80' lang='grc' dir='ltr'><em>εἰρημένων</em></span> <span class='ocrx_word' id='word_1_490' title='bbox 1701 5536 1916 5606; x_wconf 88' lang='grc' dir='ltr'><em>στίχων,</em></span> 
     </span>
    </p>
   </div>
   <div class='ocr_carea' id='block_1_73' title="bbox 352 5616 1918 5698">
    <p class='ocr_par' dir='ltr' id='par_1_73' title="bbox 352 5616 1918 5698">
     <span class='ocr_line' id='line_1_76' title="bbox 352 5616 1918 5698; baseline 0.007 -28"><span class='ocrx_word' id='word_1_491' title='bbox 352 5616 497 5687; x_wconf 80' lang='grc' dir='ltr'><em>λέγει</em></span> <span class='ocrx_word' id='word_1_492' title='bbox 529 5618 700 5682; x_wconf 70' lang='grc' dir='ltr'><em>οὕτως</em></span> <span class='ocrx_word' id='word_1_493' title='bbox 721 5638 733 5651; x_wconf 90' lang='grc'><strong>·</strong></span> <span class='ocrx_word' id='word_1_494' title='bbox 774 5639 792 5671; x_wconf 78' lang='grc' dir='ltr'><strong><em>ι</em></strong></span> <span class='ocrx_word' id='word_1_495' title='bbox 831 5623 965 5694; x_wconf 83' lang='grc' dir='ltr'><em>Περί</em></span> <span class='ocrx_word' id='word_1_496' title='bbox 991 5622 1047 5676; x_wconf 88' lang='grc' dir='ltr'><em>δὲ</em></span> <span class='ocrx_word' id='word_1_497' title='bbox 1085 5624 1176 5678; x_wconf 81' lang='grc' dir='ltr'><em>τοῦ</em></span> <span class='ocrx_word' id='word_1_498' title='bbox 1203 5624 1571 5698; x_wconf 71' lang='grc' dir='ltr'><em>Θυμιαιτηρίου</em></span> <span class='ocrx_word' id='word_1_499' title='bbox 1603 5625 1918 5698; x_wconf 75' lang='grc' dir='ltr'><em>ποιούμενος</em></span> 
     </span>
    </p>
   </div>
   <div class='ocr_carea' id='block_1_74' title="bbox 435 5820 1014 5890">
    <p class='ocr_par' dir='ltr' id='par_1_74' title="bbox 435 5820 1014 5890">
     <span class='ocr_line' id='line_1_77' title="bbox 435 5820 1014 5890; baseline 0.005 -15"><span class='ocrx_word' id='word_1_500' title='bbox 435 5821 480 5852; x_wconf 77' lang='grc'><strong><em>’⁸</em></strong></span> <span class='ocrx_word' id='word_1_501' title='bbox 511 5820 632 5890; x_wconf 81' lang='lat' dir='ltr'><strong><em>Req.</em></strong></span> <span class='ocrx_word' id='word_1_502' title='bbox 672 5823 1014 5890; x_wconf 74' lang='grc' dir='ltr'><em>μεταόαλεῐν.</em></span> 
     </span>
    </p>
   </div>
   <div class='ocr_carea' id='block_1_75' title="bbox 2031 1951 3596 2025">
    <p class='ocr_par' dir='ltr' id='par_1_75' title="bbox 2031 1951 3596 2025">
     <span class='ocr_line' id='line_1_78' title="bbox 2031 1951 3596 2025; baseline 0.002 -19"><span class='ocrx_word' id='word_1_503' title='bbox 2031 1951 2128 2006; x_wconf 91' lang='lat' dir='ltr'><strong><em>sed</em></strong></span> <span class='ocrx_word' id='word_1_504' title='bbox 2157 1952 2523 2020; x_wconf 75' lang='lat' dir='ltr'><strong><em>appellatione</em></strong></span> <span class='ocrx_word' id='word_1_505' title='bbox 2555 1967 2763 2007; x_wconf 86' lang='lat' dir='ltr'><strong><em>carere.</em></strong></span> <span class='ocrx_word' id='word_1_506' title='bbox 2806 1952 2942 2007; x_wconf 88' lang='lat' dir='ltr'><strong><em>Cum</em></strong></span> <span class='ocrx_word' id='word_1_507' title='bbox 2973 1953 3119 2007; x_wconf 88' lang='lat' dir='ltr'><strong><em>enim</em></strong></span> <span class='ocrx_word' id='word_1_508' title='bbox 3150 1955 3319 2009; x_wconf 71' lang='lat' dir='ltr'><strong><em>stellae</em></strong></span> <span class='ocrx_word' id='word_1_509' title='bbox 3350 1957 3596 2025; x_wconf 87' lang='lat' dir='ltr'><strong><em>complu-</em></strong></span> 
     </span>
    </p>
   </div>
   <div class='ocr_carea' id='block_1_76' title="bbox 2029 2045 3598 2116">
    <p class='ocr_par' dir='ltr' id='par_1_76' title="bbox 2029 2045 3598 2116">
     <span class='ocr_line' id='line_1_79' title="bbox 2029 2045 3598 2116; baseline 0.003 -17"><span class='ocrx_word' id='word_1_510' title='bbox 2029 2060 2118 2099; x_wconf 88' lang='lat' dir='ltr'><strong><em>res</em></strong></span> <span class='ocrx_word' id='word_1_511' title='bbox 2152 2051 2356 2110; x_wconf 83' lang='lat' dir='ltr'><strong><em>essent,</em></strong></span> <span class='ocrx_word' id='word_1_512' title='bbox 2391 2052 2445 2099; x_wconf 91' lang='lat' dir='ltr'><strong><em>et</em></strong></span> <span class='ocrx_word' id='word_1_513' title='bbox 2477 2045 2635 2099; x_wconf 77' lang='lat' dir='ltr'><strong><em>exiis</em></strong></span> <span class='ocrx_word' id='word_1_514' title='bbox 2665 2045 2872 2115; x_wconf 85' lang='lat' dir='ltr'><strong><em>aliquot</em></strong></span> <span class='ocrx_word' id='word_1_515' title='bbox 2903 2045 3294 2116; x_wconf 77' lang='lat' dir='ltr'><strong><em>magnitudine,</em></strong></span> <span class='ocrx_word' id='word_1_516' title='bbox 3327 2061 3390 2102; x_wconf 87' lang='lat' dir='ltr'><strong><em>ac</em></strong></span> <span class='ocrx_word' id='word_1_517' title='bbox 3411 2049 3598 2104; x_wconf 85' lang='lat' dir='ltr'><strong><em>colore</em></strong></span> 
     </span>
    </p>
   </div>
   <div class='ocr_carea' id='block_1_77' title="bbox 2030 2137 3595 2208">
    <p class='ocr_par' dir='ltr' id='par_1_77' title="bbox 2030 2137 3595 2208">
     <span class='ocr_line' id='line_1_80' title="bbox 2030 2137 3595 2208; baseline 0.001 -16"><span class='ocrx_word' id='word_1_518' title='bbox 2030 2137 2405 2207; x_wconf 36' lang='lat' dir='ltr'><strong><em>similesaqui</em></strong></span> <span class='ocrx_word' id='word_1_519' title='bbox 2438 2138 2647 2208; x_wconf 91' lang='lat' dir='ltr'><strong><em>primus</em></strong></span> <span class='ocrx_word' id='word_1_520' title='bbox 2678 2138 2857 2192; x_wconf 87' lang='lat' dir='ltr'><strong><em>sidera</em></strong></span> <span class='ocrx_word' id='word_1_521' title='bbox 2888 2138 3140 2207; x_wconf 83' lang='lat' dir='ltr'><strong><em>digessit,</em></strong></span> <span class='ocrx_word' id='word_1_522' title='bbox 3165 2146 3218 2194; x_wconf 90' lang='lat' dir='ltr'><strong><em>et</em></strong></span> <span class='ocrx_word' id='word_1_523' title='bbox 3241 2154 3338 2208; x_wconf 90' lang='lat' dir='ltr'><strong><em>per</em></strong></span> <span class='ocrx_word' id='word_1_524' title='bbox 3364 2141 3595 2194; x_wconf 87' lang='lat' dir='ltr'><strong><em>constel-</em></strong></span> 
     </span>
    </p>
   </div>
   <div class='ocr_carea' id='block_1_78' title="bbox 2029 2228 3594 2299">
    <p class='ocr_par' dir='ltr' id='par_1_78' title="bbox 2029 2228 3594 2299">
     <span class='ocr_line' id='line_1_81' title="bbox 2029 2228 3594 2299; baseline 0.001 -17"><span class='ocrx_word' id='word_1_525' title='bbox 2029 2229 2263 2288; x_wconf 76' lang='lat' dir='ltr'><strong><em>lationes</em></strong></span> <span class='ocrx_word' id='word_1_526' title='bbox 2308 2228 2618 2284; x_wconf 78' lang='lat' dir='ltr'><strong><em>distributis</em></strong></span> <span class='ocrx_word' id='word_1_527' title='bbox 2658 2229 2891 2298; x_wconf 76' lang='lat' dir='ltr'><strong><em>singulis</em></strong></span> <span class='ocrx_word' id='word_1_528' title='bbox 2941 2229 3332 2299; x_wconf 74' lang='lat' dir='ltr'><strong><em>appeilationes</em></strong></span> <span class='ocrx_word' id='word_1_529' title='bbox 3375 2231 3594 2296; x_wconf 78' lang='lat' dir='ltr'><strong><em>indidit,</em></strong></span> 
     </span>
    </p>
   </div>
   <div class='ocr_carea' id='block_1_79' title="bbox 2031 2321 3594 2396">
    <p class='ocr_par' dir='ltr' id='par_1_79' title="bbox 2031 2321 3594 2396">
     <span class='ocr_line' id='line_1_82' title="bbox 2031 2321 3594 2396; baseline 0.002 -21"><span class='ocrx_word' id='word_1_530' title='bbox 2031 2336 2148 2384; x_wconf 44' lang='lat' dir='ltr'><strong><em>non.</em></strong></span> <span class='ocrx_word' id='word_1_531' title='bbox 2187 2321 2455 2396; x_wconf 81' lang='lat' dir='ltr'><strong><em>potuisset</em></strong></span> <span class='ocrx_word' id='word_1_532' title='bbox 2496 2321 2728 2392; x_wconf 83' lang='lat' dir='ltr'><strong><em>sparsim</em></strong></span> <span class='ocrx_word' id='word_1_533' title='bbox 2775 2336 2870 2375; x_wconf 90' lang='lat' dir='ltr'><strong><em>eas</em></strong></span> <span class='ocrx_word' id='word_1_534' title='bbox 2917 2323 3214 2377; x_wconf 87' lang='lat' dir='ltr'><strong><em>collocatas</em></strong></span> <span class='ocrx_word' id='word_1_535' title='bbox 3247 2321 3594 2393; x_wconf 79' lang='lat' dir='ltr'><strong><em>dignoscere.</em></strong></span> 
     </span>
    </p>
   </div>
   <div class='ocr_carea' id='block_1_80' title="bbox 2029 2412 3594 2485">
    <p class='ocr_par' dir='ltr' id='par_1_80' title="bbox 2029 2412 3594 2485">
     <span class='ocr_line' id='line_1_83' title="bbox 2029 2412 3594 2485; baseline 0 -17"><span class='ocrx_word' id='word_1_536' title='bbox 2029 2415 2137 2476; x_wconf 88' lang='lat' dir='ltr'><strong><em>nisi</em></strong></span> <span class='ocrx_word' id='word_1_537' title='bbox 2163 2414 2315 2484; x_wconf 92' lang='lat' dir='ltr'><strong><em>prius</em></strong></span> <span class='ocrx_word' id='word_1_538' title='bbox 2343 2428 2439 2470; x_wconf 89' lang='lat' dir='ltr'><strong><em>eas</em></strong></span> <span class='ocrx_word' id='word_1_539' title='bbox 2460 2429 2490 2468; x_wconf 93' lang='lat' dir='ltr'><strong><em>e</em></strong></span> <span class='ocrx_word' id='word_1_540' title='bbox 2522 2412 2681 2468; x_wconf 90' lang='lat' dir='ltr'><strong><em>turba</em></strong></span> <span class='ocrx_word' id='word_1_541' title='bbox 2706 2414 3010 2484; x_wconf 88' lang='lat' dir='ltr'><strong><em>selegisset,</em></strong></span> <span class='ocrx_word' id='word_1_542' title='bbox 3042 2431 3164 2485; x_wconf 61' lang='lat' dir='ltr'><strong><em>quae</em></strong></span> <span class='ocrx_word' id='word_1_543' title='bbox 3200 2416 3256 2470; x_wconf 90' lang='lat' dir='ltr'><strong><em>in</em></strong></span> <span class='ocrx_word' id='word_1_544' title='bbox 3285 2431 3451 2470; x_wconf 90' lang='lat' dir='ltr'><strong><em>unum</em></strong></span> <span class='ocrx_word' id='word_1_545' title='bbox 3474 2416 3594 2470; x_wconf 88' lang='lat' dir='ltr'><strong><em>col-</em></strong></span> 
     </span>
    </p>
   </div>
   <div class='ocr_carea' id='block_1_81' title="bbox 2031 2508 3597 2580">
    <p class='ocr_par' dir='ltr' id='par_1_81' title="bbox 2031 2508 3597 2580">
     <span class='ocr_line' id='line_1_84' title="bbox 2031 2508 3597 2580; baseline 0.002 -20"><span class='ocrx_word' id='word_1_546' title='bbox 2031 2508 2183 2562; x_wconf 65' lang='lat' dir='ltr'><strong><em>lecta:</em></strong></span> <span class='ocrx_word' id='word_1_547' title='bbox 2226 2514 2427 2576; x_wconf 85' lang='lat' dir='ltr'><strong><em>certam</em></strong></span> <span class='ocrx_word' id='word_1_548' title='bbox 2470 2508 2810 2580; x_wconf 86' lang='lat' dir='ltr'><strong><em>conﬁgurare</em></strong></span> <span class='ocrx_word' id='word_1_549' title='bbox 2852 2516 3075 2580; x_wconf 87' lang='lat' dir='ltr'><strong><em>possent</em></strong></span> <span class='ocrx_word' id='word_1_550' title='bbox 3121 2508 3384 2578; x_wconf 87' lang='lat' dir='ltr'><strong><em>eﬁigiem;</em></strong></span> <span class='ocrx_word' id='word_1_551' title='bbox 3434 2515 3597 2578; x_wconf 83' lang='lat' dir='ltr'><strong><em>atque</em></strong></span> 
     </span>
    </p>
   </div>
   <div class='ocr_carea' id='block_1_82' title="bbox 2029 2599 3594 2671">
    <p class='ocr_par' dir='ltr' id='par_1_82' title="bbox 2029 2599 3594 2671">
     <span class='ocr_line' id='line_1_85' title="bbox 2029 2599 3594 2671; baseline 0.001 -18"><span class='ocrx_word' id='word_1_552' title='bbox 2029 2599 2104 2653; x_wconf 89' lang='lat' dir='ltr'><strong><em>ita</em></strong></span> <span class='ocrx_word' id='word_1_553' title='bbox 2168 2600 2283 2655; x_wconf 89' lang='lat' dir='ltr'><strong><em>suis</em></strong></span> <span class='ocrx_word' id='word_1_554' title='bbox 2339 2601 2619 2671; x_wconf 73' lang='lat' dir='ltr'><strong><em>vocabulis</em></strong></span> <span class='ocrx_word' id='word_1_555' title='bbox 2669 2601 2921 2656; x_wconf 81' lang='lat' dir='ltr'><strong><em>alliceret.</em></strong></span> <span class='ocrx_word' id='word_1_556' title='bbox 2961 2620 2980 2653; x_wconf 69' lang='grc' dir='ltr'><strong><em>ι</em></strong></span> <span class='ocrx_word' id='word_1_557' title='bbox 3033 2600 3198 2671; x_wconf 84' lang='lat' dir='ltr'><strong><em>Atqui</em></strong></span> <span class='ocrx_word' id='word_1_558' title='bbox 3257 2602 3594 2658; x_wconf 88' lang='lat' dir='ltr'><strong><em>contrarium</em></strong></span> 
     </span>
    </p>
   </div>
   <div class='ocr_carea' id='block_1_83' title="bbox 2029 2665 3594 2760">
    <p class='ocr_par' dir='ltr' id='par_1_83' title="bbox 2029 2665 3594 2760">
     <span class='ocr_line' id='line_1_86' title="bbox 2029 2665 3594 2760; baseline 0.004 -22"><span class='ocrx_word' id='word_1_559' title='bbox 2029 2701 2259 2756; x_wconf 85' lang='lat' dir='ltr'><strong><em>prorsus</em></strong></span> <span class='ocrx_word' id='word_1_560' title='bbox 2297 2665 2592 2743; x_wconf 32' lang='lat' dir='ltr'><strong><em>existimo”:</em></strong></span> <span class='ocrx_word' id='word_1_561' title='bbox 2617 2704 2794 2760; x_wconf 88' lang='lat' dir='ltr'><strong><em>neque</em></strong></span> <span class='ocrx_word' id='word_1_562' title='bbox 2844 2689 3087 2744; x_wconf 81' lang='lat' dir='ltr'><strong><em>Attalum</em></strong></span> <span class='ocrx_word' id='word_1_563' title='bbox 3123 2665 3306 2759; x_wconf 64' lang='lat' dir='ltr'><strong><em>poetae</em></strong></span> <span class='ocrx_word' id='word_1_564' title='bbox 3355 2697 3594 2746; x_wconf 86' lang='lat' dir='ltr'><strong><em>mentem</em></strong></span> 
     </span>
    </p>
   </div>
   <div class='ocr_carea' id='block_1_84' title="bbox 2030 2778 3594 2851">
    <p class='ocr_par' dir='ltr' id='par_1_84' title="bbox 2030 2778 3594 2851">
     <span class='ocr_line' id='line_1_87' title="bbox 2030 2778 3594 2851; baseline 0.004 -20"><span class='ocrx_word' id='word_1_565' title='bbox 2030 2787 2342 2834; x_wconf 85' lang='lat' dir='ltr'><strong><em>assecutum</em></strong></span> <span class='ocrx_word' id='word_1_566' title='bbox 2381 2778 2580 2848; x_wconf 89' lang='lat' dir='ltr'><strong><em>fuisse;</em></strong></span> <span class='ocrx_word' id='word_1_567' title='bbox 2615 2789 2670 2836; x_wconf 88' lang='lat' dir='ltr'><strong><em>et</em></strong></span> <span class='ocrx_word' id='word_1_568' title='bbox 2712 2797 2875 2851; x_wconf 88' lang='lat' dir='ltr'><strong><em>quam</em></strong></span> <span class='ocrx_word' id='word_1_569' title='bbox 2914 2797 3170 2836; x_wconf 86' lang='lat' dir='ltr'><strong><em>versuum</em></strong></span> <span class='ocrx_word' id='word_1_570' title='bbox 3205 2782 3423 2836; x_wconf 91' lang='lat' dir='ltr'><strong><em>illorum</em></strong></span> <span class='ocrx_word' id='word_1_571' title='bbox 3467 2797 3594 2839; x_wconf 87' lang='lat' dir='ltr'><strong><em>sen-</em></strong></span> 
     </span>
    </p>
   </div>
   <div class='ocr_carea' id='block_1_85' title="bbox 2031 2870 3598 2944">
    <p class='ocr_par' dir='ltr' id='par_1_85' title="bbox 2031 2870 3598 2944">
     <span class='ocr_line' id='line_1_88' title="bbox 2031 2870 3598 2944; baseline 0.005 -22"><span class='ocrx_word' id='word_1_572' title='bbox 2031 2870 2253 2924; x_wconf 90' lang='lat' dir='ltr'><strong><em>tentiam</em></strong></span> <span class='ocrx_word' id='word_1_573' title='bbox 2303 2872 2575 2942; x_wconf 79' lang='lat' dir='ltr'><strong><em>explicare</em></strong></span> <span class='ocrx_word' id='word_1_574' title='bbox 2623 2873 2917 2936; x_wconf 86' lang='lat' dir='ltr'><strong><em>cupiebat,</em></strong></span> <span class='ocrx_word' id='word_1_575' title='bbox 2969 2873 3205 2929; x_wconf 86' lang='lat' dir='ltr'><strong><em>obscure</em></strong></span> <span class='ocrx_word' id='word_1_576' title='bbox 3239 2873 3598 2944; x_wconf 84' lang='lat' dir='ltr'><strong><em>imperiteque</em></strong></span> 
     </span>
    </p>
   </div>
   <div class='ocr_carea' id='block_1_86' title="bbox 2029 2960 3598 3039">
    <p class='ocr_par' dir='ltr' id='par_1_86' title="bbox 2029 2960 3598 3039">
     <span class='ocr_line' id='line_1_89' title="bbox 2029 2960 3598 3039; baseline 0.004 -25"><span class='ocrx_word' id='word_1_577' title='bbox 2029 2960 2339 3018; x_wconf 89' lang='lat' dir='ltr'><strong><em>declarasse</em></strong></span> <span class='ocrx_word' id='word_1_578' title='bbox 2367 2981 2382 3016; x_wconf 85' lang='lat'><strong>:</strong></span> <span class='ocrx_word' id='word_1_579' title='bbox 2407 2963 2634 3020; x_wconf 84' lang='lat' dir='ltr'><strong><em>Aratum</em></strong></span> <span class='ocrx_word' id='word_1_580' title='bbox 2659 2964 2892 3036; x_wconf 89' lang='lat' dir='ltr'><strong><em>denique</em></strong></span> <span class='ocrx_word' id='word_1_581' title='bbox 2919 2965 2972 3020; x_wconf 88' lang='lat' dir='ltr'><strong><em>id</em></strong></span> <span class='ocrx_word' id='word_1_582' title='bbox 3003 2965 3150 3035; x_wconf 86' lang='lat' dir='ltr'><strong><em>quod</em></strong></span> <span class='ocrx_word' id='word_1_583' title='bbox 3182 2980 3274 3021; x_wconf 87' lang='lat' dir='ltr'><strong><em>res</em></strong></span> <span class='ocrx_word' id='word_1_584' title='bbox 3303 2973 3387 3021; x_wconf 86' lang='lat' dir='ltr'><strong><em>est</em></strong></span> <span class='ocrx_word' id='word_1_585' title='bbox 3416 2966 3598 3039; x_wconf 76' lang='lat' dir='ltr'><strong><em>perfe—</em></strong></span> 
     </span>
    </p>
   </div>
   <div class='ocr_carea' id='block_1_87' title="bbox 2031 3053 3594 3125">
    <p class='ocr_par' dir='ltr' id='par_1_87' title="bbox 2031 3053 3594 3125">
     <span class='ocr_line' id='line_1_90' title="bbox 2031 3053 3594 3125; baseline 0.005 -19"><span class='ocrx_word' id='word_1_586' title='bbox 2031 3064 2116 3108; x_wconf 88' lang='lat' dir='ltr'><strong><em>cte</em></strong></span> <span class='ocrx_word' id='word_1_587' title='bbox 2145 3053 2506 3125; x_wconf 82' lang='lat' dir='ltr'><strong><em>signiﬁcasse.</em></strong></span> <span class='ocrx_word' id='word_1_588' title='bbox 2555 3057 2654 3112; x_wconf 85' lang='lat' dir='ltr'><strong><em>llic</em></strong></span> <span class='ocrx_word' id='word_1_589' title='bbox 2695 3059 2839 3113; x_wconf 91' lang='lat' dir='ltr'><strong><em>enim</em></strong></span> <span class='ocrx_word' id='word_1_590' title='bbox 2868 3058 3040 3113; x_wconf 86' lang='lat' dir='ltr'><strong><em>voluit</em></strong></span> <span class='ocrx_word' id='word_1_591' title='bbox 3067 3059 3210 3114; x_wconf 86' lang='lat' dir='ltr'><strong><em>inter</em></strong></span> <span class='ocrx_word' id='word_1_592' title='bbox 3240 3057 3594 3114; x_wconf 83' lang='lat' dir='ltr'><strong><em>Gubernacu-</em></strong></span> 
     </span>
    </p>
   </div>
   <div class='ocr_carea' id='block_1_88' title="bbox 2031 3146 3596 3220">
    <p class='ocr_par' dir='ltr' id='par_1_88' title="bbox 2031 3146 3596 3220">
     <span class='ocr_line' id='line_1_91' title="bbox 2031 3146 3596 3220; baseline 0.003 -22"><span class='ocrx_word' id='word_1_593' title='bbox 2031 3146 2141 3199; x_wconf 90' lang='lat' dir='ltr'><strong><em>lum</em></strong></span> <span class='ocrx_word' id='word_1_594' title='bbox 2163 3154 2218 3202; x_wconf 89' lang='lat' dir='ltr'><strong><em>et</em></strong></span> <span class='ocrx_word' id='word_1_595' title='bbox 2245 3147 2435 3203; x_wconf 88' lang='lat' dir='ltr'><strong><em>Cetum</em></strong></span> <span class='ocrx_word' id='word_1_596' title='bbox 2464 3149 2568 3205; x_wconf 92' lang='lat' dir='ltr'><strong><em>sub</em></strong></span> <span class='ocrx_word' id='word_1_597' title='bbox 2595 3149 2804 3220; x_wconf 90' lang='lat' dir='ltr'><strong><em>Lepore</em></strong></span> <span class='ocrx_word' id='word_1_598' title='bbox 2831 3150 2967 3205; x_wconf 86' lang='lat' dir='ltr'><strong><em>sitas</em></strong></span> <span class='ocrx_word' id='word_1_599' title='bbox 2989 3164 3112 3206; x_wconf 89' lang='lat' dir='ltr'><strong><em>esse</em></strong></span> <span class='ocrx_word' id='word_1_600' title='bbox 3141 3158 3390 3210; x_wconf 80' lang='lat' dir='ltr'><strong><em>carentes</em></strong></span> <span class='ocrx_word' id='word_1_601' title='bbox 3417 3151 3596 3203; x_wconf 86' lang='lat' dir='ltr'><strong><em>nomi-</em></strong></span> 
     </span>
    </p>
   </div>
   <div class='ocr_carea' id='block_1_89' title="bbox 2033 3237 3595 3314">
    <p class='ocr_par' dir='ltr' id='par_1_89' title="bbox 2033 3237 3595 3314">
     <span class='ocr_line' id='line_1_92' title="bbox 2033 3237 3595 3314; baseline 0.003 -25"><span class='ocrx_word' id='word_1_602' title='bbox 2033 3237 2196 3292; x_wconf 87' lang='lat' dir='ltr'><strong><em>nibus</em></strong></span> <span class='ocrx_word' id='word_1_603' title='bbox 2240 3239 2447 3302; x_wconf 86' lang='lat' dir='ltr'><strong><em>stellas,</em></strong></span> <span class='ocrx_word' id='word_1_604' title='bbox 2476 3255 2704 3296; x_wconf 90' lang='lat' dir='ltr'><strong><em>numero</em></strong></span> <span class='ocrx_word' id='word_1_605' title='bbox 2740 3249 2795 3295; x_wconf 89' lang='lat' dir='ltr'><strong><em>et</em></strong></span> <span class='ocrx_word' id='word_1_606' title='bbox 2841 3239 3216 3310; x_wconf 81' lang='lat' dir='ltr'><strong><em>magnitudine</em></strong></span> <span class='ocrx_word' id='word_1_607' title='bbox 3250 3242 3451 3314; x_wconf 72' lang='lat' dir='ltr'><strong><em>pariter</em></strong></span> <span class='ocrx_word' id='word_1_608' title='bbox 3479 3241 3595 3295; x_wconf 78' lang='lat' dir='ltr'><strong><em>exi-</em></strong></span> 
     </span>
    </p>
   </div>
   <div class='ocr_carea' id='block_1_90' title="bbox 2029 3329 3591 3398">
    <p class='ocr_par' dir='ltr' id='par_1_90' title="bbox 2029 3329 3591 3398">
     <span class='ocr_line' id='line_1_93' title="bbox 2029 3329 3591 3398; baseline 0.004 -18"><span class='ocrx_word' id='word_1_609' title='bbox 2029 3343 2188 3398; x_wconf 85' lang='lat' dir='ltr'><strong><em>guas.</em></strong></span> <span class='ocrx_word' id='word_1_610' title='bbox 2234 3329 2353 3384; x_wconf 87' lang='lat' dir='ltr'><strong><em>Non</em></strong></span> <span class='ocrx_word' id='word_1_611' title='bbox 2385 3331 2532 3385; x_wconf 89' lang='lat' dir='ltr'><strong><em>enim</em></strong></span> <span class='ocrx_word' id='word_1_612' title='bbox 2564 3331 2639 3386; x_wconf 85' lang='lat' dir='ltr'><strong><em>ita</em></strong></span> <span class='ocrx_word' id='word_1_613' title='bbox 2674 3332 2974 3386; x_wconf 89' lang='lat' dir='ltr'><strong><em>collocatas</em></strong></span> <span class='ocrx_word' id='word_1_614' title='bbox 3011 3347 3156 3392; x_wconf 89' lang='lat' dir='ltr'><strong><em>esse.</em></strong></span> <span class='ocrx_word' id='word_1_615' title='bbox 3187 3339 3246 3385; x_wconf 90' lang='lat' dir='ltr'><strong><em>ut</em></strong></span> <span class='ocrx_word' id='word_1_616' title='bbox 3295 3347 3361 3387; x_wconf 82' lang='lat' dir='ltr'><strong><em>ex</em></strong></span> <span class='ocrx_word' id='word_1_617' title='bbox 3402 3346 3591 3387; x_wconf 89' lang='lat' dir='ltr'><strong><em>earum</em></strong></span> 
     </span>
    </p>
   </div>
   <div class='ocr_carea' id='block_1_91' title="bbox 2029 3418 3685 3493">
    <p class='ocr_par' dir='ltr' id='par_1_91' title="bbox 2029 3418 3685 3493">
     <span class='ocr_line' id='line_1_94' title="bbox 2029 3418 3685 3493; baseline 0.003 -24"><span class='ocrx_word' id='word_1_618' title='bbox 2029 3418 2138 3470; x_wconf 91' lang='lat' dir='ltr'><strong><em>situ</em></strong></span> <span class='ocrx_word' id='word_1_619' title='bbox 2174 3421 2399 3488; x_wconf 89' lang='lat' dir='ltr'><strong><em>perinde</em></strong></span> <span class='ocrx_word' id='word_1_620' title='bbox 2432 3420 2766 3476; x_wconf 86' lang='lat' dir='ltr'><strong><em>conformari</em></strong></span> <span class='ocrx_word' id='word_1_621' title='bbox 2798 3431 3002 3493; x_wconf 79' lang='lat' dir='ltr'><strong><em>queant</em></strong></span> <span class='ocrx_word' id='word_1_622' title='bbox 3038 3423 3315 3488; x_wconf 87' lang='lat' dir='ltr'><strong><em>animalia,</em></strong></span> <span class='ocrx_word' id='word_1_623' title='bbox 3349 3424 3434 3478; x_wconf 90' lang='lat' dir='ltr'><strong><em>vel</em></strong></span> <span class='ocrx_word' id='word_1_624' title='bbox 3462 3438 3595 3478; x_wconf 83' lang='lat' dir='ltr'><strong><em>con-</em></strong></span> <span class='ocrx_word' id='word_1_625' title='bbox 3680 3469 3685 3474; x_wconf 95' lang='lat'><strong><em>.</em></strong></span> 
     </span>
    </p>
   </div>
   <div class='ocr_carea' id='block_1_92' title="bbox 2030 3510 3592 3587">
    <p class='ocr_par' dir='ltr' id='par_1_92' title="bbox 2030 3510 3592 3587">
     <span class='ocr_line' id='line_1_95' title="bbox 2030 3510 3592 3587; baseline 0.004 -23"><span class='ocrx_word' id='word_1_626' title='bbox 2030 3510 2358 3566; x_wconf 88' lang='lat' dir='ltr'><strong><em>stellationis</em></strong></span> <span class='ocrx_word' id='word_1_627' title='bbox 2401 3513 2638 3584; x_wconf 87' lang='lat' dir='ltr'><strong><em>aliquid;</em></strong></span> <span class='ocrx_word' id='word_1_628' title='bbox 2673 3514 2984 3584; x_wconf 89' lang='lat' dir='ltr'><strong><em>cujusmodi</em></strong></span> <span class='ocrx_word' id='word_1_629' title='bbox 3020 3523 3148 3571; x_wconf 91' lang='lat' dir='ltr'><strong><em>sunt</em></strong></span> <span class='ocrx_word' id='word_1_630' title='bbox 3177 3523 3325 3571; x_wconf 88' lang='lat' dir='ltr'><strong><em>astra</em></strong></span> <span class='ocrx_word' id='word_1_631' title='bbox 3360 3517 3592 3587; x_wconf 85' lang='lat' dir='ltr'><strong><em>reliqua,</em></strong></span> 
     </span>
    </p>
   </div>
   <div class='ocr_carea' id='block_1_93' title="bbox 2030 3603 3594 3677">
    <p class='ocr_par' dir='ltr' id='par_1_93' title="bbox 2030 3603 3594 3677">
     <span class='ocr_line' id='line_1_96' title="bbox 2030 3603 3594 3677; baseline 0.006 -23"><span class='ocrx_word' id='word_1_632' title='bbox 2030 3615 2152 3671; x_wconf 67' lang='lat' dir='ltr'><strong><em>quae</em></strong></span> <span class='ocrx_word' id='word_1_633' title='bbox 2185 3613 2426 3657; x_wconf 80' lang='lat' dir='ltr'><strong><em>veterum</em></strong></span> <span class='ocrx_word' id='word_1_634' title='bbox 2459 3603 2660 3674; x_wconf 81' lang='lat' dir='ltr'><strong><em>aliquis</em></strong></span> <span class='ocrx_word' id='word_1_635' title='bbox 2689 3604 2744 3658; x_wconf 90' lang='lat' dir='ltr'><strong><em>in</em></strong></span> <span class='ocrx_word' id='word_1_636' title='bbox 2784 3603 2990 3661; x_wconf 82' lang='lat' dir='ltr'><strong><em>formas</em></strong></span> <span class='ocrx_word' id='word_1_637' title='bbox 3031 3605 3240 3677; x_wconf 78' lang='lat' dir='ltr'><strong><em>redegit</em></strong></span> <span class='ocrx_word' id='word_1_638' title='bbox 3271 3627 3284 3660; x_wconf 90' lang='lat'><strong>:</strong></span> <span class='ocrx_word' id='word_1_639' title='bbox 3310 3607 3389 3661; x_wconf 81' lang='lat' dir='ltr'><strong><em>ita</em></strong></span> <span class='ocrx_word' id='word_1_640' title='bbox 3414 3616 3594 3663; x_wconf 88' lang='lat' dir='ltr'><strong><em>tamen</em></strong></span> 
     </span>
    </p>
   </div>
   <div class='ocr_carea' id='block_1_94' title="bbox 2031 3692 3592 3766">
    <p class='ocr_par' dir='ltr' id='par_1_94' title="bbox 2031 3692 3592 3766">
     <span class='ocr_line' id='line_1_97' title="bbox 2031 3692 3592 3766; baseline 0.003 -22"><span class='ocrx_word' id='word_1_641' title='bbox 2031 3698 2090 3744; x_wconf 93' lang='lat' dir='ltr'><strong><em>ut</em></strong></span> <span class='ocrx_word' id='word_1_642' title='bbox 2125 3706 2237 3746; x_wconf 90' lang='lat' dir='ltr'><strong><em>non</em></strong></span> <span class='ocrx_word' id='word_1_643' title='bbox 2286 3692 2546 3748; x_wconf 89' lang='lat' dir='ltr'><strong><em>omnibus</em></strong></span> <span class='ocrx_word' id='word_1_644' title='bbox 2591 3692 2818 3764; x_wconf 78' lang='lat' dir='ltr'><strong><em>ﬁguram</em></strong></span> <span class='ocrx_word' id='word_1_645' title='bbox 2871 3694 3095 3750; x_wconf 81' lang='lat' dir='ltr'><strong><em>auderet</em></strong></span> <span class='ocrx_word' id='word_1_646' title='bbox 3141 3695 3412 3766; x_wconf 67' lang='lat' dir='ltr'><strong><em>attingere.</em></strong></span> <span class='ocrx_word' id='word_1_647' title='bbox 3459 3693 3592 3748; x_wconf 84' lang='lat' dir='ltr'><strong><em>Nam</em></strong></span> 
     </span>
    </p>
   </div>
   <div class='ocr_carea' id='block_1_95' title="bbox 2036 3784 3592 3858">
    <p class='ocr_par' dir='ltr' id='par_1_95' title="bbox 2036 3784 3592 3858">
     <span class='ocr_line' id='line_1_98' title="bbox 2036 3784 3592 3858; baseline 0.003 -20"><span class='ocrx_word' id='word_1_648' title='bbox 2036 3798 2163 3838; x_wconf 91' lang='lat' dir='ltr'><strong><em>cum</em></strong></span> <span class='ocrx_word' id='word_1_649' title='bbox 2199 3784 2385 3854; x_wconf 86' lang='lat' dir='ltr'><strong><em>plures</em></strong></span> <span class='ocrx_word' id='word_1_650' title='bbox 2412 3792 2597 3840; x_wconf 83' lang='lat' dir='ltr'><strong><em>essent</em></strong></span> <span class='ocrx_word' id='word_1_651' title='bbox 2633 3787 2821 3850; x_wconf 66' lang='lat' dir='ltr'><strong><em>stellae,</em></strong></span> <span class='ocrx_word' id='word_1_652' title='bbox 2863 3787 3288 3858; x_wconf 88' lang='lat' dir='ltr'><strong><em>singillatimque</em></strong></span> <span class='ocrx_word' id='word_1_653' title='bbox 3312 3787 3592 3858; x_wconf 59' lang='lat' dir='ltr'><strong><em>dispersas,</em></strong></span> 
     </span>
    </p>
   </div>
   <div class='ocr_carea' id='block_1_96' title="bbox 2030 3876 3594 3950">
    <p class='ocr_par' dir='ltr' id='par_1_96' title="bbox 2030 3876 3594 3950">
     <span class='ocr_line' id='line_1_99' title="bbox 2030 3876 3594 3950; baseline 0.004 -23"><span class='ocrx_word' id='word_1_654' title='bbox 2030 3890 2310 3944; x_wconf 88' lang='lat' dir='ltr'><strong><em>nunquam</em></strong></span> <span class='ocrx_word' id='word_1_655' title='bbox 2348 3891 2442 3931; x_wconf 86' lang='lat' dir='ltr'><strong><em>eas</em></strong></span> <span class='ocrx_word' id='word_1_656' title='bbox 2475 3876 2742 3946; x_wconf 85' lang='lat' dir='ltr'><strong><em>potuisset</em></strong></span> <span class='ocrx_word' id='word_1_657' title='bbox 2773 3892 2883 3945; x_wconf 79' lang='lat' dir='ltr'><strong><em>una</em></strong></span> <span class='ocrx_word' id='word_1_658' title='bbox 2925 3879 3178 3949; x_wconf 83' lang='lat' dir='ltr'><strong><em>quapiam</em></strong></span> <span class='ocrx_word' id='word_1_659' title='bbox 3229 3877 3400 3950; x_wconf 78' lang='lat' dir='ltr'><strong><em>efﬁgie</em></strong></span> <span class='ocrx_word' id='word_1_660' title='bbox 3445 3893 3594 3934; x_wconf 87' lang='lat' dir='ltr'><strong><em>com-</em></strong></span> 
     </span>
    </p>
   </div>
   <div class='ocr_carea' id='block_1_97' title="bbox 2028 3966 3595 4040">
    <p class='ocr_par' dir='ltr' id='par_1_97' title="bbox 2028 3966 3595 4040">
     <span class='ocr_line' id='line_1_100' title="bbox 2028 3966 3595 4040; baseline 0.003 -21"><span class='ocrx_word' id='word_1_661' title='bbox 2028 3966 2222 4036; x_wconf 86' lang='lat' dir='ltr'><strong><em>plecti,</em></strong></span> <span class='ocrx_word' id='word_1_662' title='bbox 2258 3985 2277 4018; x_wconf 76' lang='grc' dir='ltr'><strong><em>ι</em></strong></span> <span class='ocrx_word' id='word_1_663' title='bbox 2307 3967 2596 4024; x_wconf 82' lang='lat' dir='ltr'><strong><em>confertim</em></strong></span> <span class='ocrx_word' id='word_1_664' title='bbox 2623 3969 2885 4040; x_wconf 87' lang='lat' dir='ltr'><strong><em>eﬁigians.</em></strong></span> <span class='ocrx_word' id='word_1_665' title='bbox 2916 3989 2934 4022; x_wconf 71' lang='grc' dir='ltr'><strong><em>ι</em></strong></span> <span class='ocrx_word' id='word_1_666' title='bbox 2969 3971 3143 4037; x_wconf 80' lang='lat' dir='ltr'><strong><em>Quam</em></strong></span> <span class='ocrx_word' id='word_1_667' title='bbox 3172 3972 3241 4024; x_wconf 89' lang='lat' dir='ltr'><strong><em>ob</em></strong></span> <span class='ocrx_word' id='word_1_668' title='bbox 3262 3985 3482 4026; x_wconf 87' lang='lat' dir='ltr'><strong><em>causam</em></strong></span> <span class='ocrx_word' id='word_1_669' title='bbox 3514 3971 3595 4024; x_wconf 89' lang='lat' dir='ltr'><strong><em>vi-</em></strong></span> 
     </span>
    </p>
   </div>
   <div class='ocr_carea' id='block_1_98' title="bbox 2029 4059 3594 4128">
    <p class='ocr_par' dir='ltr' id='par_1_98' title="bbox 2029 4059 3594 4128">
     <span class='ocr_line' id='line_1_101' title="bbox 2029 4059 3594 4128; baseline 0.003 -14"><span class='ocrx_word' id='word_1_670' title='bbox 2029 4073 2152 4114; x_wconf 90' lang='lat' dir='ltr'><strong><em>sum</em></strong></span> <span class='ocrx_word' id='word_1_671' title='bbox 2175 4066 2258 4117; x_wconf 87' lang='lat' dir='ltr'><strong><em>est</em></strong></span> <span class='ocrx_word' id='word_1_672' title='bbox 2285 4059 2361 4114; x_wconf 91' lang='lat' dir='ltr'><strong><em>illi</em></strong></span> <span class='ocrx_word' id='word_1_673' title='bbox 2391 4059 2600 4114; x_wconf 85' lang='lat' dir='ltr'><strong><em>vicinas</em></strong></span> <span class='ocrx_word' id='word_1_674' title='bbox 2628 4059 2860 4115; x_wconf 88' lang='lat' dir='ltr'><strong><em>invicem</em></strong></span> <span class='ocrx_word' id='word_1_675' title='bbox 2891 4063 3101 4128; x_wconf 86' lang='lat' dir='ltr'><strong><em>stellas,</em></strong></span> <span class='ocrx_word' id='word_1_676' title='bbox 3129 4071 3182 4117; x_wconf 91' lang='lat' dir='ltr'><strong><em>et</em></strong></span> <span class='ocrx_word' id='word_1_677' title='bbox 3207 4062 3260 4116; x_wconf 93' lang='lat' dir='ltr'><strong><em>in</em></strong></span> <span class='ocrx_word' id='word_1_678' title='bbox 3292 4078 3458 4116; x_wconf 91' lang='lat' dir='ltr'><strong><em>unum</em></strong></span> <span class='ocrx_word' id='word_1_679' title='bbox 3481 4062 3594 4119; x_wconf 80' lang='lat' dir='ltr'><strong><em>col-</em></strong></span> 
     </span>
    </p>
   </div>
   <div class='ocr_carea' id='block_1_99' title="bbox 2029 4150 3590 4228">
    <p class='ocr_par' dir='ltr' id='par_1_99' title="bbox 2029 4150 3590 4228">
     <span class='ocr_line' id='line_1_102' title="bbox 2029 4150 3590 4228; baseline 0.003 -24"><span class='ocrx_word' id='word_1_680' title='bbox 2029 4150 2201 4206; x_wconf 88' lang='lat' dir='ltr'><strong><em>lectas</em></strong></span> <span class='ocrx_word' id='word_1_681' title='bbox 2231 4151 2399 4207; x_wconf 89' lang='lat' dir='ltr'><strong><em>certis</em></strong></span> <span class='ocrx_word' id='word_1_682' title='bbox 2427 4151 2910 4228; x_wconf 74' lang='lat' dir='ltr'><strong><em>comprehendere,</em></strong></span> <span class='ocrx_word' id='word_1_683' title='bbox 2930 4217 2934 4228; x_wconf 28' lang='grc' dir='ltr'><strong>ν</strong></span> <span class='ocrx_word' id='word_1_684' title='bbox 2956 4168 3020 4207; x_wconf 88' lang='lat' dir='ltr'><strong><em>ac</em></strong></span> <span class='ocrx_word' id='word_1_685' title='bbox 3053 4152 3400 4220; x_wconf 67' lang='lat' dir='ltr'><strong><em>conici-mare</em></strong></span> <span class='ocrx_word' id='word_1_686' title='bbox 3426 4167 3590 4215; x_wconf 45' lang='lat' dir='ltr'><strong><em>voca:</em></strong></span> 
     </span>
    </p>
   </div>
   <div class='ocr_carea' id='block_1_100' title="bbox 2025 4241 2192 4298">
    <p class='ocr_par' dir='ltr' id='par_1_100' title="bbox 2025 4241 2192 4298">
     <span class='ocr_line' id='line_1_103' title="bbox 2025 4241 2192 4298; baseline 0.018 -2"><span class='ocrx_word' id='word_1_687' title='bbox 2025 4241 2192 4298; x_wconf 85' lang='lat' dir='ltr'><strong><em>bulis.</em></strong></span> 
     </span>
    </p>
   </div>
   <div class='ocr_carea' id='block_1_101' title="bbox 2098 4354 3396 4418">
    <p class='ocr_par' dir='ltr' id='par_1_101' title="bbox 2098 4354 3396 4418">
     <span class='ocr_line' id='line_1_104' title="bbox 2098 4354 3396 4418; baseline 0.007 -9"><span class='ocrx_word' id='word_1_688' title='bbox 2098 4355 2238 4410; x_wconf 81' lang='lat' dir='ltr'><strong><em>XIX.</em></strong></span> <span class='ocrx_word' id='word_1_689' title='bbox 2287 4354 2418 4412; x_wconf 90' lang='lat' dir='ltr'><strong><em>Post</em></strong></span> <span class='ocrx_word' id='word_1_690' title='bbox 2445 4357 2559 4417; x_wconf 65' lang='lat' dir='ltr'><strong><em>bace</em></strong></span> <span class='ocrx_word' id='word_1_691' title='bbox 2583 4358 2784 4414; x_wconf 88' lang='lat' dir='ltr'><strong><em>Aratus</em></strong></span> <span class='ocrx_word' id='word_1_692' title='bbox 2822 4358 2889 4413; x_wconf 94' lang='lat' dir='ltr'><strong><em>de</em></strong></span> <span class='ocrx_word' id='word_1_693' title='bbox 2919 4358 3026 4414; x_wconf 86' lang='lat' dir='ltr'><strong><em>Ara</em></strong></span> <span class='ocrx_word' id='word_1_694' title='bbox 3057 4359 3131 4414; x_wconf 83' lang='lat' dir='ltr'><strong><em>ita</em></strong></span> <span class='ocrx_word' id='word_1_695' title='bbox 3163 4359 3354 4415; x_wconf 80' lang='lat' dir='ltr'><strong><em>scribit</em></strong></span> <span class='ocrx_word' id='word_1_696' title='bbox 3380 4379 3396 4418; x_wconf 90' lang='lat'><strong>:</strong></span> 
     </span>
    </p>
   </div>
   <div class='ocr_carea' id='block_1_102' title="bbox 2029 4468 3211 4551">
    <p class='ocr_par' dir='ltr' id='par_1_102' title="bbox 2029 4468 3211 4551">
     <span class='ocr_line' id='line_1_105' title="bbox 2029 4468 3211 4551; baseline 0.003 -29"><span class='ocrx_word' id='word_1_697' title='bbox 2029 4469 2072 4551; x_wconf 55' lang='grc'><strong><em>,1</em></strong></span> <span class='ocrx_word' id='word_1_698' title='bbox 2081 4478 2100 4522; x_wconf 87' lang='lat' dir='ltr'><strong><em>t</em></strong></span> <span class='ocrx_word' id='word_1_699' title='bbox 2121 4468 2219 4551; x_wconf 74' lang='lat' dir='ltr'><strong><em>sub</em></strong></span> <span class='ocrx_word' id='word_1_700' title='bbox 2229 4471 2506 4551; x_wconf 72' lang='lat' dir='ltr'><strong><em>ﬂagrante</em></strong></span> <span class='ocrx_word' id='word_1_701' title='bbox 2528 4470 2708 4524; x_wconf 77' lang='lat' dir='ltr'><strong><em>eculeo</em></strong></span> <span class='ocrx_word' id='word_1_702' title='bbox 2737 4473 2959 4551; x_wconf 77' lang='lat' dir='ltr'><strong><em>monstri</em></strong></span> <span class='ocrx_word' id='word_1_703' title='bbox 2986 4472 3211 4551; x_wconf 76' lang='lat' dir='ltr'><strong><em>ingentis</em></strong></span> 
     </span>
    </p>
   </div>
   <div class='ocr_carea' id='block_1_103' title="bbox 1954 4539 3135 4625">
    <p class='ocr_par' dir='ltr' id='par_1_103' title="bbox 1954 4539 3135 4625">
     <span class='ocr_line' id='line_1_106' title="bbox 1954 4539 3135 4625; baseline 0.003 -33"><span class='ocrx_word' id='word_1_704' title='bbox 1954 4566 2007 4625; x_wconf 64' lang='grc' dir='ltr'><strong><em>ι)</em></strong></span> <span class='ocrx_word' id='word_1_705' title='bbox 2033 4539 2262 4625; x_wconf 57' lang='grc' dir='ltr'><em>ξεονρίἱ,</em></span> <span class='ocrx_word' id='word_1_706' title='bbox 2298 4556 2456 4625; x_wconf 75' lang='lat' dir='ltr'><strong><em>prope</em></strong></span> <span class='ocrx_word' id='word_1_707' title='bbox 2479 4551 2741 4625; x_wconf 56' lang='lat' dir='ltr'><strong><em>austrum,</em></strong></span> <span class='ocrx_word' id='word_1_708' title='bbox 2772 4542 2883 4625; x_wconf 66' lang='lat' dir='ltr'><strong><em>Ara</em></strong></span> <span class='ocrx_word' id='word_1_709' title='bbox 2913 4539 3135 4625; x_wconf 65' lang='lat' dir='ltr'><strong><em>pendet:</em></strong></span> 
     </span>
    </p>
   </div>
   <div class='ocr_carea' id='block_1_104' title="bbox 2033 4609 3588 4682">
    <p class='ocr_par' dir='ltr' id='par_1_104' title="bbox 2033 4609 3588 4682">
     <span class='ocr_line' id='line_1_107' title="bbox 2033 4609 3588 4682; baseline 0.001 -20"><span class='ocrx_word' id='word_1_710' title='bbox 2033 4609 2208 4676; x_wconf 83' lang='lat' dir='ltr'><strong><em>Quam</em></strong></span> <span class='ocrx_word' id='word_1_711' title='bbox 2255 4619 2390 4664; x_wconf 87' lang='lat' dir='ltr'><strong><em>certe</em></strong></span> <span class='ocrx_word' id='word_1_712' title='bbox 2438 4610 2700 4664; x_wconf 88' lang='lat' dir='ltr'><strong><em>modicum</em></strong></span> <span class='ocrx_word' id='word_1_713' title='bbox 2755 4611 2964 4682; x_wconf 87' lang='lat' dir='ltr'><strong><em>quidem</em></strong></span> <span class='ocrx_word' id='word_1_714' title='bbox 3009 4611 3078 4665; x_wconf 89' lang='lat' dir='ltr'><strong><em>ad</em></strong></span> <span class='ocrx_word' id='word_1_715' title='bbox 3132 4621 3331 4682; x_wconf 78' lang='lat' dir='ltr'><strong><em>tempus</em></strong></span> <span class='ocrx_word' id='word_1_716' title='bbox 3379 4628 3588 4674; x_wconf 74' lang='lat' dir='ltr'><strong><em>sursum</em></strong></span> 
     </span>
    </p>
   </div>
   <div class='ocr_carea' id='block_1_105' title="bbox 3167 4681 3518 4754">
    <p class='ocr_par' dir='ltr' id='par_1_105' title="bbox 3167 4681 3518 4754">
     <span class='ocr_line' id='line_1_108' title="bbox 3167 4681 3518 4754; baseline 0.003 -19"><span class='ocrx_word' id='word_1_717' title='bbox 3167 4681 3518 4754; x_wconf 74' lang='lat' dir='ltr'><strong><em>[exsistentem</em></strong></span> 
     </span>
    </p>
   </div>
   <div class='ocr_carea' id='block_1_106' title="bbox 2026 4747 3273 4818">
    <p class='ocr_par' dir='ltr' id='par_1_106' title="bbox 2026 4747 3273 4818">
     <span class='ocr_line' id='line_1_109' title="bbox 2026 4747 3273 4818; baseline 0.002 -14"><span class='ocrx_word' id='word_1_718' title='bbox 2026 4747 2228 4804; x_wconf 83' lang='lat' dir='ltr'><strong><em>Senties</em></strong></span> <span class='ocrx_word' id='word_1_719' title='bbox 2241 4765 2269 4804; x_wconf 91' lang='lat'><strong><em>.:</em></strong></span> <span class='ocrx_word' id='word_1_720' title='bbox 2295 4766 2322 4804; x_wconf 87' lang='lat' dir='ltr'><strong><em>e</em></strong></span> <span class='ocrx_word' id='word_1_721' title='bbox 2351 4750 2560 4818; x_wconf 82' lang='lat' dir='ltr'><strong><em>regione</em></strong></span> <span class='ocrx_word' id='word_1_722' title='bbox 2588 4753 2727 4805; x_wconf 80' lang='lat' dir='ltr'><strong><em>enim</em></strong></span> <span class='ocrx_word' id='word_1_723' title='bbox 2749 4752 3014 4806; x_wconf 72' lang='lat' dir='ltr'><strong><em>attollitur</em></strong></span> <span class='ocrx_word' id='word_1_724' title='bbox 3035 4747 3273 4806; x_wconf 70' lang='lat' dir='ltr'><strong><em>Arcturi.</em></strong></span> 
     </span>
    </p>
   </div>
   <div class='ocr_carea' id='block_1_107' title="bbox 2025 4820 3588 4890">
    <p class='ocr_par' dir='ltr' id='par_1_107' title="bbox 2025 4820 3588 4890">
     <span class='ocr_line' id='line_1_110' title="bbox 2025 4820 3588 4890; baseline 0.004 -19"><span class='ocrx_word' id='word_1_725' title='bbox 2025 4821 2093 4872; x_wconf 82' lang='lat' dir='ltr'><strong><em>At</em></strong></span> <span class='ocrx_word' id='word_1_726' title='bbox 2115 4820 2272 4889; x_wconf 80' lang='lat' dir='ltr'><strong><em>hujus</em></strong></span> <span class='ocrx_word' id='word_1_727' title='bbox 2293 4821 2503 4890; x_wconf 80' lang='lat' dir='ltr'><strong><em>quidem</em></strong></span> <span class='ocrx_word' id='word_1_728' title='bbox 2533 4821 2813 4874; x_wconf 87' lang='lat' dir='ltr'><strong><em>admodum</em></strong></span> <span class='ocrx_word' id='word_1_729' title='bbox 2839 4823 3063 4876; x_wconf 80' lang='lat' dir='ltr'><strong><em>multant</em></strong></span> <span class='ocrx_word' id='word_1_730' title='bbox 3085 4822 3332 4877; x_wconf 83' lang='lat' dir='ltr'><strong><em>sublimes</em></strong></span> <span class='ocrx_word' id='word_1_731' title='bbox 3355 4831 3474 4877; x_wconf 77' lang='lat' dir='ltr'><strong><em>sunt</em></strong></span> <span class='ocrx_word' id='word_1_732' title='bbox 3494 4823 3588 4879; x_wconf 77' lang='lat' dir='ltr'><strong><em>via</em></strong></span> 
     </span>
    </p>
   </div>
   <div class='ocr_carea' id='block_1_108' title="bbox 2025 4890 3479 4954">
    <p class='ocr_par' dir='ltr' id='par_1_108' title="bbox 2025 4890 3479 4954">
     <span class='ocr_line' id='line_1_111' title="bbox 2025 4890 3479 4954; baseline 0.001 -10"><span class='ocrx_word' id='word_1_733' title='bbox 2025 4891 2276 4945; x_wconf 81' lang='lat' dir='ltr'><strong><em>Arcturi:</em></strong></span> <span class='ocrx_word' id='word_1_734' title='bbox 2294 4892 2392 4944; x_wconf 87' lang='lat' dir='ltr'><strong><em>illa</em></strong></span> <span class='ocrx_word' id='word_1_735' title='bbox 2414 4908 2532 4946; x_wconf 82' lang='lat' dir='ltr'><strong><em>vero</em></strong></span> <span class='ocrx_word' id='word_1_736' title='bbox 2558 4892 2714 4946; x_wconf 83' lang='lat' dir='ltr'><strong><em>citius</em></strong></span> <span class='ocrx_word' id='word_1_737' title='bbox 2739 4890 2840 4946; x_wconf 86' lang='lat' dir='ltr'><strong><em>sub</em></strong></span> <span class='ocrx_word' id='word_1_738' title='bbox 2860 4892 3132 4954; x_wconf 79' lang='lat' dir='ltr'><strong><em>occiduum</em></strong></span> <span class='ocrx_word' id='word_1_739' title='bbox 3158 4909 3304 4948; x_wconf 85' lang='lat' dir='ltr'><strong><em>mare</em></strong></span> <span class='ocrx_word' id='word_1_740' title='bbox 3330 4895 3479 4947; x_wconf 86' lang='lat' dir='ltr'><strong><em>redit.</em></strong></span> 
     </span>
    </p>
   </div>
   <div class='ocr_carea' id='block_1_109' title="bbox 2097 5066 3589 5133">
    <p class='ocr_par' dir='ltr' id='par_1_109' title="bbox 2097 5066 3589 5133">
     <span class='ocr_line' id='line_1_112' title="bbox 2097 5066 3589 5133; baseline 0.001 -11"><span class='ocrx_word' id='word_1_741' title='bbox 2097 5069 2154 5122; x_wconf 90' lang='lat' dir='ltr'><strong><em>ln</em></strong></span> <span class='ocrx_word' id='word_1_742' title='bbox 2197 5068 2286 5124; x_wconf 84' lang='lat' dir='ltr'><strong><em>his</em></strong></span> <span class='ocrx_word' id='word_1_743' title='bbox 2323 5069 2690 5124; x_wconf 88' lang='lat' dir='ltr'><strong><em>hallucinatus</em></strong></span> <span class='ocrx_word' id='word_1_744' title='bbox 2717 5069 2850 5123; x_wconf 86' lang='lat' dir='ltr'><strong><em>mihi</em></strong></span> <span class='ocrx_word' id='word_1_745' title='bbox 2898 5069 3112 5126; x_wconf 84' lang='lat' dir='ltr'><strong><em>videtur</em></strong></span> <span class='ocrx_word' id='word_1_746' title='bbox 3149 5066 3370 5133; x_wconf 82' lang='lat' dir='ltr'><strong><em>Aratus,</em></strong></span> <span class='ocrx_word' id='word_1_747' title='bbox 3396 5070 3589 5124; x_wconf 77' lang='lat' dir='ltr'><strong><em>existi-</em></strong></span> 
     </span>
    </p>
   </div>
   <div class='ocr_carea' id='block_1_110' title="bbox 2023 5160 3588 5230">
    <p class='ocr_par' dir='ltr' id='par_1_110' title="bbox 2023 5160 3588 5230">
     <span class='ocr_line' id='line_1_113' title="bbox 2023 5160 3588 5230; baseline -0.001 -16"><span class='ocrx_word' id='word_1_748' title='bbox 2023 5175 2180 5216; x_wconf 90' lang='lat' dir='ltr'><strong><em>mans</em></strong></span> <span class='ocrx_word' id='word_1_749' title='bbox 2209 5168 2474 5230; x_wconf 88' lang='lat' dir='ltr'><strong><em>quantum</em></strong></span> <span class='ocrx_word' id='word_1_750' title='bbox 2508 5160 2578 5214; x_wconf 88' lang='lat' dir='ltr'><strong><em>ab</em></strong></span> <span class='ocrx_word' id='word_1_751' title='bbox 2614 5166 2907 5230; x_wconf 86' lang='lat' dir='ltr'><strong><em>apparente</em></strong></span> <span class='ocrx_word' id='word_1_752' title='bbox 2938 5175 3154 5229; x_wconf 87' lang='lat' dir='ltr'><strong><em>semper</em></strong></span> <span class='ocrx_word' id='word_1_753' title='bbox 3190 5160 3588 5216; x_wconf 85' lang='lat' dir='ltr'><strong><em>circulodistat</em></strong></span> 
     </span>
    </p>
   </div>
   <div class='ocr_carea' id='block_1_111' title="bbox 2020 5249 3589 5320">
    <p class='ocr_par' dir='ltr' id='par_1_111' title="bbox 2020 5249 3589 5320">
     <span class='ocr_line' id='line_1_114' title="bbox 2020 5249 3589 5320; baseline -0.003 -12"><span class='ocrx_word' id='word_1_754' title='bbox 2020 5254 2311 5318; x_wconf 88' lang='lat' dir='ltr'><strong><em>Arcturus,</em></strong></span> <span class='ocrx_word' id='word_1_755' title='bbox 2338 5259 2549 5307; x_wconf 90' lang='lat' dir='ltr'><strong><em>tantum</em></strong></span> <span class='ocrx_word' id='word_1_756' title='bbox 2595 5252 2665 5306; x_wconf 91' lang='lat' dir='ltr'><strong><em>ab</em></strong></span> <span class='ocrx_word' id='word_1_757' title='bbox 2710 5251 2936 5307; x_wconf 87' lang='lat' dir='ltr'><strong><em>australi</em></strong></span> <span class='ocrx_word' id='word_1_758' title='bbox 2965 5251 3090 5320; x_wconf 90' lang='lat' dir='ltr'><strong><em>polo</em></strong></span> <span class='ocrx_word' id='word_1_759' title='bbox 3135 5249 3298 5304; x_wconf 86' lang='lat' dir='ltr'><strong><em>Aram</em></strong></span> <span class='ocrx_word' id='word_1_760' title='bbox 3330 5265 3454 5305; x_wconf 88' lang='lat' dir='ltr'><strong><em>esse</em></strong></span> <span class='ocrx_word' id='word_1_761' title='bbox 3499 5264 3589 5303; x_wconf 85' lang='lat' dir='ltr'><strong><em>re-</em></strong></span> 
     </span>
    </p>
   </div>
   <div class='ocr_carea' id='block_1_112' title="bbox 2021 5344 3580 5410">
    <p class='ocr_par' dir='ltr' id='par_1_112' title="bbox 2021 5344 3580 5410">
     <span class='ocr_line' id='line_1_115' title="bbox 2021 5344 3580 5410; baseline -0.001 -11"><span class='ocrx_word' id='word_1_762' title='bbox 2021 5354 2222 5400; x_wconf 87' lang='lat' dir='ltr'><strong><em>motam</em></strong></span> <span class='ocrx_word' id='word_1_763' title='bbox 2249 5361 2264 5410; x_wconf 92' lang='lat'><strong>;</strong></span> <span class='ocrx_word' id='word_1_764' title='bbox 2295 5352 2410 5400; x_wconf 90' lang='lat' dir='ltr'><strong><em>tum</em></strong></span> <span class='ocrx_word' id='word_1_765' title='bbox 2445 5346 2606 5401; x_wconf 90' lang='lat' dir='ltr'><strong><em>etiam</em></strong></span> <span class='ocrx_word' id='word_1_766' title='bbox 2632 5345 2847 5401; x_wconf 88' lang='lat' dir='ltr'><strong><em>Attalus</em></strong></span> <span class='ocrx_word' id='word_1_767' title='bbox 2871 5346 3047 5400; x_wconf 88' lang='lat' dir='ltr'><strong><em>eidem</em></strong></span> <span class='ocrx_word' id='word_1_768' title='bbox 3077 5359 3336 5400; x_wconf 88' lang='lat' dir='ltr'><strong><em>assensus</em></strong></span> <span class='ocrx_word' id='word_1_769' title='bbox 3357 5344 3580 5404; x_wconf 78' lang='lat' dir='ltr'><strong><em>erravit.</em></strong></span> 
     </span>
    </p>
   </div>
   <div class='ocr_carea' id='block_1_113' title="bbox 2021 5433 3584 5506">
    <p class='ocr_par' dir='ltr' id='par_1_113' title="bbox 2021 5433 3584 5506">
     <span class='ocr_line' id='line_1_116' title="bbox 2021 5433 3584 5506; baseline 0.001 -16"><span class='ocrx_word' id='word_1_770' title='bbox 2021 5435 2156 5490; x_wconf 88' lang='lat' dir='ltr'><strong><em>Nam</em></strong></span> <span class='ocrx_word' id='word_1_771' title='bbox 2195 5439 2386 5492; x_wconf 79' lang='lat' dir='ltr'><strong><em>eorum</em></strong></span> <span class='ocrx_word' id='word_1_772' title='bbox 2429 5451 2710 5502; x_wconf 90' lang='lat' dir='ltr'><strong><em>versuum,</em></strong></span> <span class='ocrx_word' id='word_1_773' title='bbox 2741 5451 2882 5506; x_wconf 90' lang='lat' dir='ltr'><strong><em>quos</em></strong></span> <span class='ocrx_word' id='word_1_774' title='bbox 2921 5435 3225 5502; x_wconf 89' lang='lat' dir='ltr'><strong><em>attulimus,</em></strong></span> <span class='ocrx_word' id='word_1_775' title='bbox 3257 5433 3584 5492; x_wconf 81' lang='lat' dir='ltr'><strong><em>sententiam</em></strong></span> 
     </span>
    </p>
   </div>
   <div class='ocr_carea' id='block_1_114' title="bbox 2024 5503 3605 5596">
    <p class='ocr_par' dir='ltr' id='par_1_114' title="bbox 2024 5503 3605 5596">
     <span class='ocr_line' id='line_1_117' title="bbox 2024 5503 3605 5596; baseline -0.002 -13"><span class='ocrx_word' id='word_1_776' title='bbox 2024 5529 2112 5584; x_wconf 89' lang='lat' dir='ltr'><strong><em>his</em></strong></span> <span class='ocrx_word' id='word_1_777' title='bbox 2139 5529 2321 5584; x_wconf 88' lang='lat' dir='ltr'><strong><em>verbis</em></strong></span> <span class='ocrx_word' id='word_1_778' title='bbox 2341 5528 2578 5596; x_wconf 79' lang='lat' dir='ltr'><strong><em>explicat</em></strong></span> <span class='ocrx_word' id='word_1_779' title='bbox 2603 5546 2616 5582; x_wconf 90' lang='lat'><strong>:</strong></span> <span class='ocrx_word' id='word_1_780' title='bbox 2655 5545 2674 5577; x_wconf 76' lang='grc' dir='ltr'><strong><em>ι</em></strong></span> <span class='ocrx_word' id='word_1_781' title='bbox 2701 5526 2775 5583; x_wconf 93' lang='lat' dir='ltr'><strong><em>De</em></strong></span> <span class='ocrx_word' id='word_1_782' title='bbox 2798 5527 2904 5582; x_wconf 87' lang='lat' dir='ltr'><strong><em>Ara</em></strong></span> <span class='ocrx_word' id='word_1_783' title='bbox 2929 5541 3234 5583; x_wconf 88' lang='lat' dir='ltr'><strong><em>sermonem</em></strong></span> <span class='ocrx_word' id='word_1_784' title='bbox 3267 5503 3605 5588; x_wconf 57' lang='lat' dir='ltr'><strong><em>instituens,‘</em></strong></span> 
     </span>
    </p>
   </div>
   <div class='ocr_carea' id='block_1_115' title="bbox 2029 5617 3582 5696">
    <p class='ocr_par' dir='ltr' id='par_1_115' title="bbox 2029 5617 3582 5696">
     <span class='ocr_line' id='line_1_118' title="bbox 2029 5617 3582 5696; baseline -0.004 -22"><span class='ocrx_word' id='word_1_785' title='bbox 2029 5619 2105 5683; x_wconf 81' lang='lat' dir='ltr'><strong><em>sit</em></strong></span> <span class='ocrx_word' id='word_1_786' title='bbox 2130 5618 2302 5692; x_wconf 88' lang='lat' dir='ltr'><strong><em>ipsam</em></strong></span> <span class='ocrx_word' id='word_1_787' title='bbox 2335 5619 2400 5682; x_wconf 84' lang='lat' dir='ltr'><strong><em>ad</em></strong></span> <span class='ocrx_word' id='word_1_788' title='bbox 2437 5631 2714 5689; x_wconf 86' lang='lat' dir='ltr'><strong><em>nunquam</em></strong></span> <span class='ocrx_word' id='word_1_789' title='bbox 2741 5627 3088 5696; x_wconf 81' lang='lat' dir='ltr'><strong><em>apparentem</em></strong></span> <span class='ocrx_word' id='word_1_790' title='bbox 3121 5617 3390 5679; x_wconf 72' lang='lat' dir='ltr'><strong><em>circulum</em></strong></span> <span class='ocrx_word' id='word_1_791' title='bbox 3421 5617 3582 5677; x_wconf 72' lang='lat' dir='ltr'><strong><em>sitam</em></strong></span> 
     </span>
    </p>
   </div>
  </div>
