4130 6410
516 401 648 458 1047

1490 401 1581 458 AD
1620 367 1889 457 susse"
1921 394 2312 454 cnnomcos
2352 395 2714 452 APPENDIX.

3595 387 3738 444 1018

513 517 606 572 sed
648 515 968 587 obscuriori]
988 531 1052 572 ac
1093 518 1382 589 perexiguo
1429 518 1766 573 discrimine.
1798 535 1816 568 ›
1865 515 2065 570 Verum

2168 512 2373 585 ὀῆλιος
2403 513 2722 584 ποιούμενος
2740 527 2756 544 °
2786 511 3116 582 ἀδηλοτέραν
3155 509 3212 562 δὲ
3243 505 3442 577 πολλῷ,
3477 504 3570 558 καὶ
3600 521 3744 558 παν-

512 604 616 665 hac
647 604 703 658 in
737 619 794 660 re
841 602 1112 658 inscitiam
1147 620 1300 658 suam
1347 607 1652 676 prodidisse
1683 606 1812 661 mihi
1863 605 2072 660 videtur

511 694 747 757 Attalus,
781 710 903 749 cum
948 695 1222 750 existimat
1257 697 1424 751 solem
1467 695 1737 752 interdum
1778 699 2070 753 australio-

515 801 639 849 res,
691 787 962 844 interdum
1007 787 1338 846 borealiares
1394 788 1595 844 habere
1646 795 2067 846 conversiones:

511 875 742 946 ideoque
771 877 910 931 latos
935 876 1060 946 ﬁngi
1095 877 1336 933 circulos
1356 862 1630 949 oportere.
1649 879 1862 935 Etenim
1892 882 1936 936 si
1963 898 2072 936 non

513 981 612 1036 per
642 966 876 1020 medium
896 968 1175 1036 signorum
1199 969 1464 1023 circulum
1490 971 1569 1025 sol
1595 979 1860 1036 movetur,
1889 971 1984 1027 sed
2003 973 2072 1026 ab

507 1071 575 1110 eo
601 1055 835 1116 declinat
869 1058 920 1111 in
955 1060 1378 1129 septentrionem
1420 1061 1504 1116 vel
1546 1062 1847 1127 meridiem,
1876 1079 2069 1133 quem-

515 1147 801 1202 admodum
845 1151 1015 1205 luna:
1049 1166 1390 1222 consequens
1419 1160 1505 1210 est
1553 1155 1824 1219 umbram,
1876 1169 1996 1225 quae
2039 1171 2070 1209 a

514 1251 657 1296 terra
685 1243 955 1310 provenit,
987 1243 1174 1298 eodem
1220 1245 1380 1299 modo
1421 1246 1639 1300 variari.
1699 1245 1818 1312 Quo
1870 1248 2067 1317 posito,

513 1330 655 1384 lunae
703 1331 939 1401 deliquia
989 1332 1280 1402 plurimum
1335 1335 1402 1389 ab
1448 1337 1840 1407 astrologorum
1878 1339 2072 1407 praedi-

508 1419 786 1476 ctionibus
823 1422 1138 1492 discrepare
1181 1439 1404 1480 necesse
1431 1426 1522 1488 sit,
1575 1443 1698 1480 cum
1733 1428 1834 1482 hoc
1862 1429 1938 1483 illi
1977 1445 2071 1484 su-

505 1518 658 1562 mant
695 1508 748 1562 in
781 1510 929 1564 omni
963 1512 1279 1580 Operatione
1317 1529 1416 1568 sua
1446 1532 1460 1580 ;
1497 1515 1732 1570 medium
1777 1517 1982 1573 umbra:
2014 1519 2068 1572 in

506 1605 824 1654 transeunte
852 1615 947 1669 per
973 1600 1150 1654 media
1188 1603 1344 1674 signa
1379 1605 1587 1658 circulo
1633 1607 1858 1661 moveri.
1905 1608 2067 1678 Atqui

504 1703 614 1742 non
641 1688 764 1757 plus
795 1687 979 1758 digitis
1013 1689 1228 1747 duobus
1252 1693 1522 1747 interdum
1555 1735 1570 1760 ,
1603 1694 1764 1766 idque
1804 1712 2066 1766 perraro;

510 1779 582 1849 ab
605 1780 1056 1851 exquisitissimis
1079 1783 1386 1838 ratiociniis
1411 1784 1690 1840 diﬁ'erunt.
1720 1788 1914 1844 Dicere
1940 1804 2068 1844 vero

503 1875 710 1923 tantam
756 1870 984 1926 circulis
1033 1872 1154 1928 istis
1203 1873 1386 1930 inesse
1431 1874 1796 1944 latitudinem,
1846 1879 2071 1948 perinde

501 1967 587 2016 est
628 1975 692 2016 ac
735 1960 1036 2018 latitudinis
1081 1972 1331 2035 expertes
1382 1964 1561 2023 facere
1596 1984 1610 2020 :
1643 1977 1703 2022 ut
1753 1969 1888 2023 illud
1917 1970 2072 2024 omit-

503 2057 636 2114 tam,
672 2065 779 2104 non
814 2052 948 2107 satis
975 2061 1246 2121 constare,
1279 2064 1460 2110 utrum
1477 2073 1542 2112 ex
1567 2058 1702 2114 solis
1737 2073 1808 2113 an
1830 2075 1897 2114 ex
1930 2061 2071 2115 luna:

505 2147 656 2194 motu
681 2142 982 2213 contingat,
1035 2152 1094 2197 ut
1128 2144 1183 2198 in
1226 2145 1508 2202 lunaribus
1556 2149 1809 2220 deliquiis
1860 2159 2068 2207 tantum

502 2231 783 2295 varietatis
811 2232 1036 2289 incidat.
1069 2235 1148 2290 Ad
1178 2236 1294 2292 haec
1323 2240 1560 2308 tropicos
1600 2240 1862 2296 duntaxat
1892 2244 2071 2298 circu-

504 2323 587 2377 los
618 2338 682 2378 ea
708 2325 774 2378 de
795 2340 959 2380 causa
979 2326 1320 2384 latitudinem
1341 2329 1540 2385 habere
1557 2339 1666 2385 tam
1683 2333 1884 2388 Aratus
1904 2349 2069 2404 quam

503 2413 869 2468 mathematici
898 2414 1204 2482 ﬁnxerunt;
1243 2419 1678 2489 aequinoctialem
1701 2439 1832 2478 vero
1862 2439 2070 2494 nequa-

503 2519 687 2575 quam.
719 2503 824 2560 Sed
848 2515 905 2572 ut
941 2509 1192 2567 universe
1225 2511 1439 2582 loquar,
1485 2515 1898 2572 mathematicos
1932 2517 2069 2574 istos

503 2609 714 2664 omnes,
761 2613 899 2668 quos
947 2598 1081 2662 dixi.
1120 2602 1355 2658 arbitror
1382 2605 1586 2659 nullam
1629 2608 1851 2677 tropicis
1886 2610 2066 2664 circu-

504 2689 593 2753 lis.
639 2702 734 2747 aut
780 2692 1184 2762 mquinoctiali,
1235 2705 1328 2750 aut
1379 2713 1593 2769 semper
1627 2705 1932 2772 apparenti,
1984 2707 2066 2760 vel

501 2794 717 2850 semper
743 2783 979 2846 occulto,
1012 2784 1352 2841 latitudinem
1388 2789 1666 2847 tribuisse.
1721 2791 1854 2852 Nam
1887 2809 1954 2849 ne
1983 2810 2071 2849 co-

501 2870 725 2942 gitando
755 2874 972 2942 quidem
1008 2874 1136 2946 ﬁngi
1180 2885 1378 2947 potest,
1415 2880 1579 2942 ullam
1634 2881 1781 2951 ipsos
1825 2883 2068 2939 latitudi-

501 2979 624 3018 nem
653 2965 872 3022 habere.
928 2965 1004 3021 lla
1056 2968 1256 3039 quippe
1303 2972 1548 3042 singulos
1597 2973 1892 3032 informare
1936 2992 2066 3032 con-

501 3057 812 3127 templando
841 3060 1100 3127 solemus,
1125 3071 1184 3116 ut
1219 3064 1548 3134 cogitatione
1584 3075 1919 3124 constantem
1950 3071 2066 3125 sola

501 3145 724 3210 lineam,
765 3163 865 3202 nec
904 3149 1191 3235 latitudine
1230 3151 1508 3222 praeditam
1542 3154 1796 3211 habeant.
1844 3155 2067 3235 Praeter.-

499 3253 563 3298 ea
611 3253 734 3294 cum
787 3229 1042 3295 asserunt
1112 3243 1544 3312 aequinoctialem
1601 3253 1656 3301 ct
1715 3229 1995 3302 zodiacum
2037 3264 2066 3304 e

500 3330 751 3386 maximis
782 3332 838 3386 in
886 3334 1096 3403 sphaera
1149 3337 1376 3392 circulis
1422 3353 1566 3402 esse,
1631 3349 1683 3392 et
1715 3339 1784 3393 ab
1833 3347 2066 3410 utroque

499 3421 746 3492 bipertiri
781 3424 1046 3494 sphaeram
1084 3445 1098 3482 :
1129 3435 1242 3481 tum
1281 3428 1511 3494 zodiaci,
1549 3430 1864 3499 aequatoris,
1919 3431 2066 3485 hori-

499 3508 676 3564 zontis
703 3518 758 3564 et
791 3512 1078 3567 meridiani
1112 3514 1252 3569 idem
1282 3530 1404 3570 esse
1435 3525 1682 3572 centrum
1714 3537 1729 3583 ;
1781 3520 2063 3576 zodiacum

499 3599 722 3669 insuper
753 3601 808 3655 in
863 3617 974 3657 uno
1015 3614 1218 3673 puncto
1269 3607 1508 3676 tropicos
1560 3610 1914 3679 contingere;
1966 3626 2066 3666 nec

499 3702 609 3754 non
644 3688 916 3758 ejusmodi
964 3693 1070 3746 alia
1124 3694 1380 3765 pleraque
1415 3712 1430 3749 :
1464 3698 1599 3753 satis
1629 3699 1884 3754 omnibus
1934 3701 2067 3757 iisce

495 3779 874 3836 demonstrant
918 3784 1154 3839 circulos
1185 3785 1306 3842 illos
1352 3787 1653 3847 latitudinis
1690 3804 1812 3845 esse
1841 3806 2066 3861 prorsus

497 3880 768 3941 expertes.
814 3873 958 3927 Nihil
993 3875 1137 3929 enim
1178 3891 1245 3930 ex
1279 3877 1346 3931 iis
1389 3879 1643 3934 omnibus
1685 3888 1833 3941 recte
1883 3890 2066 3950 posset

498 3964 774 4032 usurpari,
802 3965 848 4018 si
881 3965 972 4018 lati
1001 3975 1185 4020 essent
1216 3967 1378 4024 iidem
1426 3969 1658 4038 circuli;
1713 3987 1812 4027 nec
1861 3973 1916 4026 in
1958 3989 2064 4027 una

497 4061 707 4108 tantum
732 4054 839 4120 die,
865 4055 958 4110 sed
988 4056 1236 4126 pluribus
1258 4061 1645 4128 :equinoctium
1673 4060 2065 4133 ﬁeret.Quippe

496 4145 580 4206 sol
616 4145 849 4223 plurium
896 4148 950 4203 in
994 4150 1357 4219 aequinoctiali
1384 4152 1591 4207 circulo
1623 4152 1830 4217 dierum
1858 4141 2062 4209 moram

499 4235 720 4305 faceret,
758 4238 804 4300 si
843 4240 888 4293 is
913 4241 1200 4298 latitudine
1228 4251 1526 4312 constaret.
1576 4244 1713 4301 Tum
1746 4246 1800 4300 in
1839 4261 2066 4316 gnomo-

497 4329 638 4396 nicis
679 4331 936 4385 erunibus
980 4334 1335 4389 conﬁciendis
1374 4335 1682 4390 rationibus
1728 4336 1832 4390 hoc
1868 4335 2064 4390 funda-

495 4421 661 4474 menti
689 4421 861 4476 instar
901 4423 1227 4492 adhibetur;
1273 4425 1438 4480 latum
1471 4426 1696 4482 istorum
1730 4428 2064 4501 circulorum

2177 605 2343 668 τελῶς
2380 605 2586 675 ὀλίγην.
2623 622 2640 655 ο
2692 607 2848 658 Δοκεῖ
2878 603 2940 674 δή
2979 619 3069 672 μοι
3106 600 3200 654 καὶ
3227 601 3285 652 ἐν
3313 598 3521 660 τούτοις
3545 598 3575 649 ὁ
3603 598 3742 649 Ἀτ-

2174 697 2331 760 ταλος
2360 698 2590 764 ἀγνοεῖν,
2629 694 3023 766 ὑπολαμϐάνων
3063 693 3152 746 τὸν
3175 693 3323 762 ἣλιον
3353 689 3482 744 ποτὲ
3514 688 3611 760 μὲν
3654 704 3745 740 νο-

2175 794 2454 864 τιωτέρας,
2479 791 2607 845 ποτὲ
2635 791 2691 845 δὲ
2723 791 3058 862 βορειοτέρας
3086 786 3350 841 ποιεῖσθαι
3377 785 3474 850 τὰς
3499 783 3738 854 τροπάςο

2175 885 2268 936 καὶ
2295 885 2381 937 διά
2402 883 2558 936 τοῦτο
2577 883 2684 936 δεῖν
2711 884 2836 946 τοὺς
2860 881 3093 944 κύκλους
3120 880 3339 942 πλατεῖς
3364 876 3739 931 ὑποτίθεσθαι.

2174 973 2238 1025 Εἰ
2267 973 2375 1044 γὰρ
2410 974 2483 1044 μὴ
2512 973 2604 1026 τὸν
2636 973 2725 1026 διά
2767 973 2944 1044 μέσων
2985 971 3094 1025 τῶν
3133 969 3334 1035 ζωδίων
3367 969 3586 1039 φέρεται
3633 969 3740 1021 κύ-

2175 1065 2300 1118 κλον
2328 1068 2356 1119 ὁ
2386 1065 2554 1135 ἥλιος,
2584 1064 2718 1118 ἀλλά
2745 1063 3111 1135 παραλλάσσει
3133 1060 3320 1114 τούτου
3347 1059 3480 1133 πρὸς
3500 1061 3741 1130 ἄρκτους

2175 1155 2268 1208 καὶ
2301 1154 2437 1225 πρὸς
2471 1152 2836 1224 μεσημϐρίαν,
2871 1151 2948 1214 ὡς
2977 1149 3129 1219 καὶὴ
3178 1147 3372 1217 σελήνη
3399 1162 3409 1173 ·
3443 1144 3618 1215 δῆλον,
3652 1144 3741 1196 ὃτι

2174 1247 2267 1300 καὶ
2294 1247 2327 1315 ὴ
2360 1245 2466 1298 ἀπὸ
2496 1245 2595 1315 τῆς
2637 1245 2738 1314 γῆς
2767 1243 2892 1297 σκιά
2918 1241 3116 1313 ὁμοίως
3142 1242 3324 1302 αὑτοῖς
3345 1236 3736 1308 παραλλάσσει.

2173 1337 2372 1391 Τούτου
2407 1337 2463 1390 δὲ
2490 1336 2796 1407 γινομένου,
2821 1335 2925 1388 ἔδει
2951 1334 3050 1397 τὰς
3085 1333 3183 1402 τῆς
3212 1331 3438 1402 σελήνης
3467 1328 3742 1397 ἐκλείψεις

2171 1430 2306 1483 πολὺ
2359 1430 2646 1498 διαφωνεῖν
2699 1427 2836 1498 πρὸς
2875 1427 2972 1490 τάς
3019 1423 3456 1494 συντασσομένας
3494 1420 3597 1473 ὑπὸ
3626 1419 3741 1472 τῶν

2171 1522 2509 1594 ἀστρολόγων
2535 1521 2863 1591 προρρήσεις
2887 1535 2900 1549 ·
2935 1515 3336 1587 ὑποτιθεμένων
3364 1513 3428 1584 δὴ
3462 1512 3639 1567 αὐτῶν
3675 1511 3742 1562 ὲν

2169 1617 2288 1677 ταῖς
2316 1613 2716 1685 πραγματείαις
2746 1611 2807 1665 τὺ
2840 1610 3000 1681 μέσον
3031 1608 3130 1676 τῆς
3162 1607 3318 1669 σκιᾶς
3351 1601 3606 1675 φέρεσθαι
3644 1602 3745 1655 ἐπὶ

2169 1704 2262 1757 τοῦ
2290 1702 2376 1756 διὰ
2410 1703 2587 1774 μέσων
2616 1702 2722 1755 τῶν
2748 1701 2951 1765 ζωδίων
2978 1699 3196 1753 κύκλου.
3224 1698 3298 1749 Οὑ
3326 1693 3650 1763 διαφωνοῦσι
3679 1693 3744 1746 δὲ

2173 1795 2331 1848 πλέον
2362 1795 2395 1867 ἢ
2430 1793 2709 1856 δακτύλοις
2750 1792 2890 1856 δυσὶ,
2946 1789 3185 1851 σπανίως
3229 1787 3285 1839 δὲ
3330 1786 3535 1858 σφόδρα
3580 1783 3741 1848 ποτὲ,

2175 1887 2312 1957 πρὸς
2351 1887 2447 1950 τὰς
2481 1885 2810 1958 χαριέστατα
2855 1881 3284 1951 συντεταγμένας
3334 1874 3740 1950 πραγματείας.

2175 1977 2248 2030 Τό
2274 1994 2337 2045 γε
2378 1976 2480 2047 μὴν
2508 1975 2683 2043 λέγειν
2716 1972 3030 2044 τηλικοῦτον
3060 1972 3260 2035 πλάτος
3299 1971 3443 2042 ἔχειν
3476 1967 3569 2022 καὶ
3607 1965 3743 2027 τοὺς

2175 2065 2403 2128 κύκλους
2438 2065 2548 2118 ἴσον
2578 2065 2693 2116 ἐστί
2720 2062 2799 2132 τῷ
2827 2059 3086 2123 ἀπλατεῖς
3123 2061 3316 2123 αὑτοὺς
3349 2052 3693 2111 ὑποτίθεσθαι
3716 2068 3738 2084 ·

2174 2159 2340 2229 χωρὶς
2369 2156 2462 2210 τοῦ
2492 2157 2582 2208 καί
2605 2153 2734 2207 αὑτὸ
2755 2151 2912 2206 τοῦτο
2933 2150 3122 2222 ἄδηλον
3145 2145 3303 2215 εἶναι,
3334 2148 3555 2215 πότερον
3584 2141 3741 2214 παρὰ

2172 2249 2272 2320 τὴν
2309 2247 2404 2301 τοῦ
2433 2247 2586 2318 ἡλίου
2637 2245 2849 2314 κίνησιν
2881 2243 2913 2314 ἢ
2951 2241 3102 2313 παρά
3139 2243 3237 2313 τὴν
3271 2241 3369 2310 τῆς
3411 2239 3639 2308 σελήνης
3664 2234 3742 2287 τὰ

2177 2339 2376 2411 μεγέθη
2405 2337 2510 2391 τῶν
2536 2337 2635 2406 τῆς
2663 2335 2890 2404 σελήνης
2916 2332 3205 2402 ἐκλείψεων
3234 2331 3325 2384 ἐπὶ
3351 2329 3598 2382 τοσοῦτον
3623 2327 3744 2380 δια-

2175 2432 2356 2501 φωνεῖ.
2386 2430 2611 2482 Ἔπειτα
2642 2426 2768 2489 τοὺς
2795 2427 3084 2497 τροπικοὺς
3116 2425 3272 2495 μόνον
3299 2421 3386 2475 διά
3412 2420 3568 2473 τοῦτο
3600 2419 3743 2472 πλα-

2171 2524 2283 2584 τεῖς
2311 2521 2339 2574 ὃ
2376 2537 2436 2573 τε
2468 2521 2698 2590 Ἀρατος
2741 2518 2890 2585 ἔλεγε
2937 2517 3031 2569 καὶ
3068 2515 3118 2566 οἰ
3151 2512 3514 2584 μαθηματικοὶ
3556 2508 3743 2562 ὑπετί-

2172 2612 2353 2666 θεντοο
2382 2611 2474 2664 τὸν
2501 2611 2558 2664 δὲ
2591 2608 2897 2680 ἰσημερινὸν
2942 2606 3040 2659 ούκ
3072 2605 3170 2657 ἔτι.
3205 2601 3442 2656 Καθόλου
3481 2617 3540 2652 τε
3579 2595 3739 2668 οἶμαι

2171 2699 2294 2760 τοὺς
2327 2696 2738 2767 μαθηματικοὺς
2772 2695 3014 2756 ἃπαντας
3045 2694 3169 2755 τοὺς
3195 2690 3513 2762 εἰρημένους
3557 2687 3739 2741 ἀπλαο

2171 2791 2282 2852 τεῖς
2310 2787 2654 2842 ὑποτίθεσθαι
2679 2787 2803 2851 τοὺς
2832 2785 3143 2857 τροπικοὺς,
3168 2783 3261 2838 καὶ
3283 2783 3374 2836 τὸν
3401 2777 3736 2852 ἰοημερινδν..

2171 2879 2381 2933 καὶτὸν
2425 2881 2511 2933 ἀεὶ
2541 2879 2792 2951 φανερὸν,
2829 2877 2921 2930 καὶ
2961 2876 3051 2930 τὸν
3089 2875 3174 2928 ἀεὶ
3203 2872 3403 2943 ἀφανῆ.
3451 2871 3584 2926 Οὐδὲ
3624 2871 3740 2940 γάρ

2171 2973 2453 3042 ἐπινοῆσαι
2483 2972 2704 3025 δυνατόν
2742 2973 2857 3023 ἐστι
2897 2968 3116 3031 τούτους
3159 2967 3359 3028 πλάτος
3387 2965 3624 3035 ἔχοντας.
3658 2962 3737 3015 Τδ

2169 3064 2277 3136 γάρ
2312 3064 2438 3117 ἴδιον
2475 3063 2701 3117 ἑκάστου
2728 3058 3050 3140 περινοητην
3083 3059 3128 3114 9⁸
3167 3057 3263 3111 καὶ
3306 3054 3519 3125 ἀπλατῆ
3553 3071 3738 3125 γραμ-

2173 3155 2280 3227 μὴν
2311 3155 2432 3225 ἔχον
2475 3153 2793 3227 θεωρεῖσθαι
2833 3143 3198 3222 συμϐέϐηκεν.
3225 3149 3344 3201 Ἔτι
3383 3147 3440 3200 δὲ
3473 3145 3567 3200 καὶ
3602 3146 3738 3198 ὅταν

2093 3212 2134 3267 C
2167 3212 2372 3313 ᾇέῷωσῖ
2411 3245 2501 3297 τὸν
2534 3212 2843 3315 ἰσημερινὸν
2873 3212 2966 3294 καὶ
3007 3212 3098 3293 τὸν
3126 3237 3386 3302 ζωδιακὸν
3424 3235 3532 3289 τῶν
3578 3233 3736 3306 μεγί-

2168 3351 2306 3388 στων
2331 3328 2468 3387 εἶναι
2499 3336 2556 3386 ὲν
2590 3337 2656 3404 τῇ
2690 3332 2893 3404 σφαίρᾳ
2933 3330 3167 3394 κύκλων,
3211 3330 3304 3384 καὶ
3333 3325 3734 3398 διχοτομεῖσθαι

2164 3425 2262 3498 τὴν
2298 3428 2529 3497 σφαῖραν
2562 3424 2651 3494 ὑφ’
2689 3423 2954 3492 ἑκατέρου
2981 3421 3178 3484 αὑτῶν,
3212 3425 3305 3472 καὶ
3336 3419 3394 3471 τὸ
3437 3417 3732 3506 αύτδκέν-

2165 3535 2290 3589 τρον
2316 3515 2410 3570 τοῦ
2445 3512 2733 3580 ζωδιακοῦ,
2760 3513 2856 3567 καὶ
2883 3511 2976 3566 τοῦ
3010 3509 3346 3583 ἰσημερινοῦ,
3379 3508 3472 3563 καὶ
3499 3505 3592 3560 τοῦ
3617 3507 3737 3578 ὁρί-

2166 3609 2367 3674 ζοντος,
2395 3609 2488 3660 καὶ
2534 3605 2627 3660 τοῦ
2664 3603 3056 3677 μεσημϐρινοῦ,
3083 3603 3177 3656 καὶ
3200 3601 3291 3655 τὸν
3317 3598 3575 3664 ζωδιακὸν
3597 3598 3736 3668 ἐφά-

2166 3700 2394 3755 πτεσθαι
2441 3699 2549 3755 τῶν
2594 3699 2869 3771 τροπικῶν
2912 3697 3034 3752 καθ’
3071 3695 3129 3750 ἓν
3173 3695 3429 3766 σημεῖον·
3463 3692 3558 3745 καί⁵
3597 3690 3735 3745 ἄλλα

2167 3793 2382 3848 πλείονα
2426 3790 2676 3845 τοιαῦτα·
2710 3790 2967 3853 ἀπλατεῖς
3019 3788 3212 3852 αὑτοὺς
3256 3787 3349 3840 καὶ
3393 3784 3483 3839 διά
3525 3783 3736 3837 τούτων

2169 3885 2538 3956 σημαίνουσιν.
2572 3881 2734 3935 Οὐδὲν
2767 3881 2874 3953 γὰρ
2897 3879 3004 3933 τῶν
3033 3877 3442 3950 προειρημένων
3466 3874 3634 3944 ὑγιῶς
3663 3873 3736 3927 ἂν

2165 3976 2390 4045 λέγοιτο,
2420 3975 2479 4028 τὸ
2505 3973 2704 4035 πλάτος
2731 3971 2908 4026 αὐτῶν
2929 3970 3158 4040 ἐχόντων
3182 3985 3196 3998 ·
3227 3967 3513 4039 ἰσημερίαν
3538 3982 3598 4018 τε
3630 3965 3734 4018 οὑκ

2167 4069 2233 4123 ἂν
2266 4071 2324 4122 ὲν
2356 4069 2453 4139 μιᾷ
2485 4065 2664 4138 ἡμέρᾳ
2695 4060 2848 4135 ἦγεν,
2882 4063 2995 4116 ἀλλ’
3029 4063 3087 4116 ὲν
3119 4061 3348 4114 πλείοσι.
3391 4059 3503 4113 Καὶ
3547 4057 3656 4129 γὰρ
3700 4059 3736 4110 ὁ

2163 4160 2313 4230 ἥλιος
2336 4157 2582 4220 πλείονας
2612 4157 2678 4210 ἃν
2701 4157 2800 4226 τῆς
2829 4157 2957 4225 μιᾶς
2993 4155 3203 4225 ἡμέρας
3231 4154 3287 4205 ὲν
3317 4149 3396 4221 τῷ
3433 4147 3736 4221 ἰσημερινῷ

2165 4253 2416 4318 ἐποιεῖτο,
2453 4248 2652 4312 πλάτος
2685 4265 2747 4317 γε
2772 4248 2837 4318 δὴ
2867 4247 3078 4317 ἔχοντος
3109 4244 3294 4299 αὑτοῦ.
3327 4244 3409 4296 Τά
3431 4259 3491 4295 τε
3520 4256 3736 4311 γνωμο-

2164 4340 2288 4395 νικά
2316 4338 2644 4409 θεωρήματα
2674 4338 2849 4390 πάντα
2877 4337 3193 4407 γράφουσιν,
3225 4333 3480 4395 ἀπλατεῖς
3523 4332 3735 4394 πάντας

2163 4434 2288 4495 τοὺς
2313 4430 2543 4492 κύκλους
2584 4426 2990 4497 ὑποτιθέμενοι·
3024 4427 3099 4490 ὼς
3133 4426 3198 4479 ἂν
3230 4423 3340 4478 τῶν
3370 4423 3469 4494 μὲν
3501 4421 3607 4476 ὑπὸ
3634 4421 3733 4476 τοῦ

494 4523 618 4575 esse
641 4511 870 4577 nullum,
902 4528 1031 4587 cum;
1056 4516 1253 4584 partim
1285 4517 1353 4570 ab
1380 4516 1499 4586 ipso
1521 4527 1712 4573 centro
1741 4518 1896 4581 solis,
1934 4535 2060 4589 par-

2168 4523 2386 4593 κέντρου
2408 4519 2502 4574 τοῦ
2523 4519 2671 4589 ἡλίου
2698 4517 3074 4589 γραφομένων.
3109 4515 3217 4570 τῶν
3249 4515 3306 4569 δὲ
3336 4513 3440 4567 ὑπὸ
3467 4514 3568 4585 τῆς
3588 4514 3734 4584 ἡμε-

495 4599 591 4656 t'tm
635 4599 704 4655 ab
745 4603 908 4668 oculo
945 4603 1347 4660 describantur.
1387 4607 1612 4662 Aratum
1641 4624 1791 4673 vero,
1833 4610 2060 4680 perinde

493 4706 558 4762 ac
583 4693 1016 4758 mathematicos,
1051 4697 1188 4750 citra
1232 4699 1572 4754 latitudinem
1617 4699 1783 4754 ullam
1823 4700 2059 4756 circulos

493 4785 630 4839 istos
670 4786 976 4856 concipere,
1037 4803 1102 4841 ex
1147 4803 1212 4842 eo
1262 4790 1440 4862 quivis
1485 4791 1763 4860 intelliget,
1805 4792 1949 4861 quod
1991 4790 2058 4845 de

489 4883 765 4945 aequatore
797 4877 1018 4950 scripsit
1053 4899 1065 4932 :

531 5008 597 5083 [η
631 5026 692 5083 eo
729 5027 848 5078 vero
870 5010 981 5082 dies
1003 5010 1242 5083 noctibus
1273 5012 1499 5083 azqyales
1527 5022 1647 5067 sunt
1675 5012 1908 5081 utrisque

530 5079 808 5146 Desinente
838 5079 1053 5153 wstale,
1083 5083 1160 5136 vel
1181 5079 1388 5153 ineunte
1414 5099 1547 5136 tere.

558 5212 693 5268 Nam
728 5215 927 5284 alioqui
960 5230 1068 5270 non
1115 5217 1167 5270 in
1212 5233 1380 5281 unum
1416 5217 1683 5286 duntaxat
1722 5216 1863 5272 diem
1907 5231 2052 5279 vere,

487 5312 880 5375 autumnoque,
917 5306 1012 5360 sed
1048 5307 1100 5359 in
1135 5307 1318 5375 plures
1345 5309 1732 5374 equinoctium
1784 5308 2053 5371 redderet,

487 5393 536 5456 si
580 5394 918 5451 latitudinem
958 5396 1199 5473 haberet.
1235 5397 1461 5454 Constat
1495 5398 1622 5453 item
1644 5398 1810 5475 exiis
1841 5413 1962 5472 quae
1991 5397 2056 5452 de

488 5485 698 5554 tropico
726 5488 874 5560 canit
905 5507 922 5563 :I

575 5699 622 5777 _‘°
661 5698 782 5768 Reg.
833 5706 1229 5778 περινοητικήν.
1307 5705 1346 5738 ⁸¹
1386 5723 1472 5774 γρ.
1511 5704 1603 5758 τοῦ
1627 5722 1676 5779 τ.

2166 4617 2327 4686 τέρας
2356 4615 2549 4684 ὂψεως.
2579 4613 2698 4664 Ὅτι
2722 4611 2776 4663 δὲ
2804 4611 2897 4664 καὶ
2926 4611 3156 4682 ’Ἄρατος
3186 4609 3299 4670 τοῖς
3333 4605 3735 4677 μαθηματικοῖς

2165 4705 2469 4775 ἀκολούθως
2501 4703 2758 4769 ἀπλατεῖς
2805 4702 3000 4764 αὑτοὺς
3031 4702 3139 4754 νοεῖ
3171 4700 3530 4769 ὑπάρχοντας,
3570 4697 3734 4766 μάθοι

2165 4798 2229 4854 ἄν
2255 4814 2338 4860 τις
2362 4795 2426 4850 ἔκ
2449 4813 2506 4849 τε
2530 4793 2623 4849 τοῦ
2653 4793 2780 4865 περὶ
2811 4791 2903 4845 τοῦ
2939 4790 3248 4863 ἰσημερινοῦ
3278 4789 3490 4857 λέγειν’.

2175 5014 2275 5066 Ἐν
2302 5010 2369 5064 δέ
2397 5011 2449 5063 οἱ
2479 5007 2674 5076 ἤματα
2702 5004 2881 5069 νυξὶν
2906 5007 3195 5076 ὶσαίνεται
3216 5002 3626 5076 ἀμφοτέρῃσιν

2162 5082 2482 5145 Φθίνοντος
2506 5074 2739 5145 ήθέρεος,
2765 5077 2896 5129 τότε
2919 5075 2960 5106 ⁸⁸
2988 5077 3040 5128 δ’
3071 5075 3270 5143 alapae
3292 5074 3653 5142 ἱσταμένοιο.

2162 5215 2235 5266 Οὑ
2278 5214 2388 5284 γὰρ
2418 5213 2510 5266 ἐπὶ
2556 5213 2683 5282 μίαν
2717 5212 2876 5281 μόνον
2916 5210 3128 5282 ἡμέραν
3182 5210 3468 5282 ἰσημερίαν
3502 5206 3638 5280 ἦγεν
3670 5213 3731 5266 εν

2160 5321 2219 5356 τε
2258 5303 2335 5373 τῷ
2384 5303 2503 5373 ἔαρι
2544 5305 2638 5357 καὶ
2681 5302 2759 5373 τῷ
2799 5300 3144 5372 φθινοπώρῳ,
3191 5300 3327 5354 ἀλλά
3370 5301 3640 5369 πλείονας,
3677 5308 3728 5357 εἰ

2161 5396 2360 5458 πλάτος
2407 5391 2538 5467 εἶχε.
2588 5396 2698 5470 Καὶ
2745 5394 2906 5449 πάλιν
2952 5395 3017 5446 ἐκ
3058 5390 3152 5446 τοῦ
3200 5392 3294 5445 ἐπὶ
3333 5391 3428 5446 τοῦ
3463 5395 3725 5465 τροπικοῦ

2159 5486 2336 5555 λέγειν
2362 5503 2375 5516 ·
