  <div class='ocr_page' id='page_1' title='image "/cluster/home/n/w/nwhite01/storage/ocr_20150623/19/nnc1.0037127454/546.png"; bbox 0 0 4130 6410; ppageno 0'>
   <div class='ocr_carea' id='block_1_1' title="bbox 318 421 529 479">
    <p class='ocr_par' dir='ltr' id='par_1_1' title="bbox 318 421 529 479">
     <span class='ocr_line' id='line_1_1' title="bbox 318 421 529 479; baseline 0.014 -3"><span class='ocrx_word' id='word_1_1' title='bbox 318 421 529 479; x_wconf 66' lang='grc' dir='ltr'><em>ἰοιθ</em></span> 
     </span>
    </p>
   </div>
   <div class='ocr_carea' id='block_1_2' title="bbox 391 539 1953 680">
    <p class='ocr_par' dir='ltr' id='par_1_2' title="bbox 391 539 1953 680">
     <span class='ocr_line' id='line_1_2' title="bbox 399 539 1953 610; baseline -0.006 -13"><span class='ocrx_word' id='word_1_2' title='bbox 399 541 508 597; x_wconf 80' lang='grc' dir='ltr'><em>Τοῦ</em></span> <span class='ocrx_word' id='word_1_3' title='bbox 535 539 652 610; x_wconf 82' lang='grc' dir='ltr'><em>μὲν</em></span> <span class='ocrx_word' id='word_1_4' title='bbox 684 539 834 594; x_wconf 82' lang='grc' dir='ltr'><em>ὅσον</em></span> <span class='ocrx_word' id='word_1_5' title='bbox 879 554 944 592; x_wconf 79' lang='grc' dir='ltr'><strong>τε</strong></span> <span class='ocrx_word' id='word_1_6' title='bbox 987 539 1256 606; x_wconf 79' lang='grc' dir='ltr'><em>μάλιστα</em></span> <span class='ocrx_word' id='word_1_7' title='bbox 1287 539 1360 591; x_wconf 83' lang='grc' dir='ltr'><em>δι’</em></span> <span class='ocrx_word' id='word_1_8' title='bbox 1393 539 1544 590; x_wconf 81' lang='grc' dir='ltr'><em>ὀκτὼ</em></span> <span class='ocrx_word' id='word_1_9' title='bbox 1565 539 1953 605; x_wconf 82' lang='grc' dir='ltr'><em>μετρηθέντος</em></span> 
     </span>
     <span class='ocr_line' id='line_1_3' title="bbox 391 606 1953 680; baseline -0.004 -15"><span class='ocrx_word' id='word_1_10' title='bbox 391 610 578 665; x_wconf 59' lang='grc' dir='ltr'><em>Πέντε</em></span> <span class='ocrx_word' id='word_1_11' title='bbox 605 610 722 680; x_wconf 69' lang='grc' dir='ltr'><strong>μὲν</strong></span> <span class='ocrx_word' id='word_1_12' title='bbox 751 609 920 662; x_wconf 80' lang='grc' dir='ltr'><em>ένδια</em></span> <span class='ocrx_word' id='word_1_13' title='bbox 944 608 1259 676; x_wconf 59' lang='grc' dir='ltr'><em>στρέφεται</em></span> <span class='ocrx_word' id='word_1_14' title='bbox 1303 608 1401 660; x_wconf 81' lang='grc' dir='ltr'><em>καὶ</em></span> <span class='ocrx_word' id='word_1_15' title='bbox 1434 606 1725 675; x_wconf 78' lang='grc' dir='ltr'><strong>ὑπέρτερα</strong></span> <span class='ocrx_word' id='word_1_16' title='bbox 1761 607 1953 674; x_wconf 86' lang='grc' dir='ltr'><em>γαίης,</em></span> 
     </span>
    </p>
   </div>
   <div class='ocr_carea' id='block_1_3' title="bbox 400 737 1082 810">
    <p class='ocr_par' dir='ltr' id='par_1_3' title="bbox 400 737 1082 810">
     <span class='ocr_line' id='line_1_4' title="bbox 400 737 1082 810; baseline -0.006 -15"><span class='ocrx_word' id='word_1_17' title='bbox 400 741 477 796; x_wconf 80' lang='grc' dir='ltr'><strong>Τὰ</strong></span> <span class='ocrx_word' id='word_1_18' title='bbox 503 741 635 810; x_wconf 88' lang='grc' dir='ltr'><em>τρία</em></span> <span class='ocrx_word' id='word_1_19' title='bbox 663 739 714 793; x_wconf 81' lang='grc' dir='ltr'><em>δ’</em></span> <span class='ocrx_word' id='word_1_20' title='bbox 738 740 808 793; x_wconf 88' lang='grc' dir='ltr'><em>ὲν</em></span> <span class='ocrx_word' id='word_1_21' title='bbox 835 737 1082 806; x_wconf 81' lang='grc' dir='ltr'><strong>περάτῃ.</strong></span> 
     </span>
    </p>
   </div>
   <div class='ocr_carea' id='block_1_4' title="bbox 395 847 1957 924">
    <p class='ocr_par' dir='ltr' id='par_1_4' title="bbox 395 847 1957 924">
     <span class='ocr_line' id='line_1_5' title="bbox 395 847 1957 924; baseline -0.005 -15"><span class='ocrx_word' id='word_1_22' title='bbox 395 853 601 918; x_wconf 80' lang='grc' dir='ltr'><em>Πλάτος</em></span> <span class='ocrx_word' id='word_1_23' title='bbox 627 852 734 924; x_wconf 86' lang='grc' dir='ltr'><em>γὰρ</em></span> <span class='ocrx_word' id='word_1_24' title='bbox 753 853 965 923; x_wconf 77' lang='grc' dir='ltr'><em>ἔχοντος</em></span> <span class='ocrx_word' id='word_1_25' title='bbox 987 850 1170 912; x_wconf 81' lang='grc' dir='ltr'><em>αὑτοῦ,</em></span> <span class='ocrx_word' id='word_1_26' title='bbox 1194 851 1286 904; x_wconf 67' lang='grc' dir='ltr'><em>καὶ</em></span> <span class='ocrx_word' id='word_1_27' title='bbox 1313 848 1666 921; x_wconf 79' lang='grc' dir='ltr'><strong>διαιρεθέντος</strong></span> <span class='ocrx_word' id='word_1_28' title='bbox 1690 849 1768 912; x_wconf 86' lang='grc' dir='ltr'><em>εἰς</em></span> <span class='ocrx_word' id='word_1_29' title='bbox 1793 847 1957 912; x_wconf 86' lang='grc' dir='ltr'><em>ὀκτὼ,</em></span> 
     </span>
    </p>
   </div>
   <div class='ocr_carea' id='block_1_5' title="bbox 394 941 1961 1014">
    <p class='ocr_par' dir='ltr' id='par_1_5' title="bbox 394 941 1961 1014">
     <span class='ocr_line' id='line_1_6' title="bbox 394 941 1961 1014; baseline -0.005 -16"><span class='ocrx_word' id='word_1_30' title='bbox 394 945 613 999; x_wconf 79' lang='grc' dir='ltr'><em>δυνατὸν</em></span> <span class='ocrx_word' id='word_1_31' title='bbox 641 943 776 999; x_wconf 74' lang='grc' dir='ltr'><em>εἶναι</em></span> <span class='ocrx_word' id='word_1_32' title='bbox 809 945 904 998; x_wconf 83' lang='grc' dir='ltr'><em>ὅλα</em></span> <span class='ocrx_word' id='word_1_33' title='bbox 931 945 1193 1014; x_wconf 77' lang='grc' dir='ltr'><strong>τμήματα</strong></span> <span class='ocrx_word' id='word_1_34' title='bbox 1215 943 1324 996; x_wconf 81' lang='grc' dir='ltr'><strong>ἀνω</strong></span> <span class='ocrx_word' id='word_1_35' title='bbox 1347 959 1406 995; x_wconf 90' lang='grc' dir='ltr'><strong>τε</strong></span> <span class='ocrx_word' id='word_1_36' title='bbox 1428 941 1522 994; x_wconf 71' lang='grc' dir='ltr'><em>καὶ</em></span> <span class='ocrx_word' id='word_1_37' title='bbox 1548 941 1696 994; x_wconf 84' lang='grc' dir='ltr'><em>κάτω</em></span> <span class='ocrx_word' id='word_1_38' title='bbox 1724 941 1961 1008; x_wconf 79' lang='grc' dir='ltr'><em>ἐγκεκλι-</em></span> 
     </span>
    </p>
   </div>
   <div class='ocr_carea' id='block_1_6' title="bbox 399 1029 1957 1108">
    <p class='ocr_par' dir='ltr' id='par_1_6' title="bbox 399 1029 1957 1108">
     <span class='ocr_line' id='line_1_7' title="bbox 399 1029 1957 1108; baseline -0.004 -19"><span class='ocrx_word' id='word_1_39' title='bbox 399 1037 560 1108; x_wconf 88' lang='grc' dir='ltr'><em>μένου</em></span> <span class='ocrx_word' id='word_1_40' title='bbox 587 1034 680 1089; x_wconf 87' lang='grc' dir='ltr'><strong>τοῦ</strong></span> <span class='ocrx_word' id='word_1_41' title='bbox 708 1037 935 1106; x_wconf 86' lang='grc' dir='ltr'><em>κόσμου.</em></span> <span class='ocrx_word' id='word_1_42' title='bbox 977 1034 1134 1087; x_wconf 83' lang='grc' dir='ltr'><strong>Ἀλλὰ</strong></span> <span class='ocrx_word' id='word_1_43' title='bbox 1162 1033 1266 1104; x_wconf 85' lang='grc' dir='ltr'><em>μὴν</em></span> <span class='ocrx_word' id='word_1_44' title='bbox 1295 1033 1389 1085; x_wconf 72' lang='grc' dir='ltr'><em>καὶ</em></span> <span class='ocrx_word' id='word_1_45' title='bbox 1419 1032 1546 1102; x_wconf 70' lang='grc' dir='ltr'><em>περὶ</em></span> <span class='ocrx_word' id='word_1_46' title='bbox 1571 1030 1664 1084; x_wconf 89' lang='grc' dir='ltr'><strong>τοῦ</strong></span> <span class='ocrx_word' id='word_1_47' title='bbox 1695 1029 1957 1094; x_wconf 76' lang='grc' dir='ltr'><strong>ζωδιακοῦ</strong></span> 
     </span>
    </p>
   </div>
   <div class='ocr_carea' id='block_1_7' title="bbox 395 1125 1054 1198">
    <p class='ocr_par' dir='ltr' id='par_1_7' title="bbox 395 1125 1054 1198">
     <span class='ocr_line' id='line_1_8' title="bbox 395 1125 1054 1198; baseline -0.005 -18"><span class='ocrx_word' id='word_1_48' title='bbox 395 1127 568 1197; x_wconf 78' lang='grc' dir='ltr'><em>λέγων</em></span> <span class='ocrx_word' id='word_1_49' title='bbox 598 1128 685 1182; x_wconf 85' lang='grc' dir='ltr'><strong>ὁτὲ</strong></span> <span class='ocrx_word' id='word_1_50' title='bbox 721 1128 817 1198; x_wconf 81' lang='grc' dir='ltr'><em>μὲν</em></span> <span class='ocrx_word' id='word_1_51' title='bbox 845 1125 1017 1189; x_wconf 75' lang='grc' dir='ltr'><em>οὕτως</em></span> <span class='ocrx_word' id='word_1_52' title='bbox 1039 1143 1054 1157; x_wconf 80' lang='grc' dir='ltr'><strong>ο</strong></span> 
     </span>
    </p>
   </div>
   <div class='ocr_carea' id='block_1_8' title="bbox 401 1233 1957 1311">
    <p class='ocr_par' dir='ltr' id='par_1_8' title="bbox 401 1233 1957 1311">
     <span class='ocr_line' id='line_1_9' title="bbox 401 1233 1957 1311; baseline -0.006 -15"><span class='ocrx_word' id='word_1_53' title='bbox 401 1245 625 1296; x_wconf 88' lang='grc' dir='ltr'><em>Ὀσσον</em></span> <span class='ocrx_word' id='word_1_54' title='bbox 649 1242 699 1295; x_wconf 80' lang='grc' dir='ltr'><em>δ’</em></span> <span class='ocrx_word' id='word_1_55' title='bbox 727 1241 1051 1311; x_wconf 67' lang='grc' dir='ltr'><em>ὀφθαλμοῖο</em></span> <span class='ocrx_word' id='word_1_56' title='bbox 1074 1237 1668 1311; x_wconf 31' lang='grc' dir='ltr'><em>βολῆς-ἀποτείνεται</em></span> <span class='ocrx_word' id='word_1_57' title='bbox 1699 1236 1761 1311; x_wconf 33' lang='grc'><strong>⁸⁸-</strong></span> <span class='ocrx_word' id='word_1_58' title='bbox 1781 1233 1957 1311; x_wconf 57' lang='lat' dir='ltr'><strong>auri),</strong></span> 
     </span>
    </p>
   </div>
   <div class='ocr_carea' id='block_1_9' title="bbox 411 1303 1960 1380">
    <p class='ocr_par' dir='ltr' id='par_1_9' title="bbox 411 1303 1960 1380">
     <span class='ocr_line' id='line_1_10' title="bbox 411 1303 1960 1380; baseline -0.006 -13"><span class='ocrx_word' id='word_1_59' title='bbox 411 1311 648 1380; x_wconf 80' lang='grc' dir='ltr'><em>Ἐξάκις</em></span> <span class='ocrx_word' id='word_1_60' title='bbox 677 1303 980 1378; x_wconf 74' lang='grc' dir='ltr'><em>ἄν’τόσση</em></span> <span class='ocrx_word' id='word_1_61' title='bbox 1009 1303 1114 1380; x_wconf 80' lang='grc' dir='ltr'><strong>μιν</strong></span> <span class='ocrx_word' id='word_1_62' title='bbox 1141 1303 1495 1377; x_wconf 60' lang='grc' dir='ltr'><em>ὑπόδράμοι·</em></span> <span class='ocrx_word' id='word_1_63' title='bbox 1530 1306 1714 1374; x_wconf 81' lang='grc' dir='ltr'><em>αὐτὰρ</em></span> <span class='ocrx_word' id='word_1_64' title='bbox 1737 1303 1960 1371; x_wconf 80' lang='grc' dir='ltr'><em>ἑκάστη</em></span> 
     </span>
    </p>
   </div>
   <div class='ocr_carea' id='block_1_10' title="bbox 402 1442 1728 1516">
    <p class='ocr_par' dir='ltr' id='par_1_10' title="bbox 402 1442 1728 1516">
     <span class='ocr_line' id='line_1_11' title="bbox 402 1442 1728 1516; baseline -0.004 -15"><span class='ocrx_word' id='word_1_65' title='bbox 402 1449 526 1516; x_wconf 83' lang='grc' dir='ltr'><em>Ἵση</em></span> <span class='ocrx_word' id='word_1_66' title='bbox 543 1446 904 1516; x_wconf 85' lang='grc' dir='ltr'><em>μετρηθεῖσα</em></span> <span class='ocrx_word' id='word_1_67' title='bbox 927 1445 1047 1501; x_wconf 86' lang='grc' dir='ltr'><strong>δύω</strong></span> <span class='ocrx_word' id='word_1_68' title='bbox 1061 1444 1475 1515; x_wconf 77' lang='grc' dir='ltr'><strong>περιτέμνεται</strong></span> <span class='ocrx_word' id='word_1_69' title='bbox 1502 1442 1692 1511; x_wconf 84' lang='grc' dir='ltr'><em>ἄστρα</em></span> <span class='ocrx_word' id='word_1_70' title='bbox 1715 1459 1728 1472; x_wconf 93' lang='grc'><strong>·</strong></span> 
     </span>
    </p>
   </div>
   <div class='ocr_carea' id='block_1_11' title="bbox 397 1558 790 1622">
    <p class='ocr_par' dir='ltr' id='par_1_11' title="bbox 397 1558 790 1622">
     <span class='ocr_line' id='line_1_12' title="bbox 397 1558 790 1622; baseline -0.008 -8"><span class='ocrx_word' id='word_1_71' title='bbox 397 1561 486 1614; x_wconf 79' lang='grc' dir='ltr'><strong>ὁτὲ</strong></span> <span class='ocrx_word' id='word_1_72' title='bbox 514 1561 572 1614; x_wconf 81' lang='grc' dir='ltr'><em>δὲ</em></span> <span class='ocrx_word' id='word_1_73' title='bbox 596 1558 790 1622; x_wconf 76' lang='grc' dir='ltr'><em>οὕτως·</em></span> 
     </span>
    </p>
   </div>
   <div class='ocr_carea' id='block_1_12' title="bbox 405 1667 1821 1738">
    <p class='ocr_par' dir='ltr' id='par_1_12' title="bbox 405 1667 1821 1738">
     <span class='ocr_line' id='line_1_13' title="bbox 405 1667 1821 1738; baseline -0.004 -11"><span class='ocrx_word' id='word_1_74' title='bbox 405 1673 514 1728; x_wconf 83' lang='grc' dir='ltr'><strong>Τοῦ</strong></span> <span class='ocrx_word' id='word_1_75' title='bbox 542 1671 594 1725; x_wconf 83' lang='grc' dir='ltr'><em>δ’</em></span> <span class='ocrx_word' id='word_1_76' title='bbox 625 1671 819 1726; x_wconf 77' lang='grc' dir='ltr'><em>ὅσσον</em></span> <span class='ocrx_word' id='word_1_77' title='bbox 847 1671 1075 1725; x_wconf 77' lang='grc' dir='ltr'><em>κοίλοιο</em></span> <span class='ocrx_word' id='word_1_78' title='bbox 1107 1671 1233 1724; x_wconf 84' lang='grc' dir='ltr'><em>κατ’</em></span> <span class='ocrx_word' id='word_1_79' title='bbox 1268 1668 1561 1724; x_wconf 84' lang='grc' dir='ltr'><em>Ὠκεανοῖο</em></span> <span class='ocrx_word' id='word_1_80' title='bbox 1591 1667 1821 1738; x_wconf 82' lang='grc' dir='ltr'><em>δύηται,</em></span> 
     </span>
    </p>
   </div>
   <div class='ocr_carea' id='block_1_13' title="bbox 405 1807 1894 1879">
    <p class='ocr_par' dir='ltr' id='par_1_13' title="bbox 405 1807 1894 1879">
     <span class='ocr_line' id='line_1_14' title="bbox 405 1807 1894 1879; baseline -0.001 -16"><span class='ocrx_word' id='word_1_81' title='bbox 405 1809 638 1864; x_wconf 84' lang='grc' dir='ltr'><em>Τόσσον</em></span> <span class='ocrx_word' id='word_1_82' title='bbox 663 1810 814 1878; x_wconf 82' lang='grc' dir='ltr'><em>ὑπὲρ</em></span> <span class='ocrx_word' id='word_1_83' title='bbox 844 1810 1016 1879; x_wconf 90' lang='grc' dir='ltr'><em>γαίης</em></span> <span class='ocrx_word' id='word_1_84' title='bbox 1041 1808 1296 1878; x_wconf 68' lang='grc' dir='ltr'><em>φέρεται·</em></span> <span class='ocrx_word' id='word_1_85' title='bbox 1326 1808 1492 1878; x_wconf 83' lang='grc' dir='ltr'><em>πάσῃ</em></span> <span class='ocrx_word' id='word_1_86' title='bbox 1518 1807 1570 1862; x_wconf 87' lang='grc' dir='ltr'><em>δ’</em></span> <span class='ocrx_word' id='word_1_87' title='bbox 1596 1809 1693 1863; x_wconf 78' lang='grc' dir='ltr'><strong>ἐπὶ</strong></span> <span class='ocrx_word' id='word_1_88' title='bbox 1721 1807 1894 1863; x_wconf 70' lang='grc' dir='ltr'><em>νυκτὶ</em></span> 
     </span>
    </p>
   </div>
   <div class='ocr_carea' id='block_1_14' title="bbox 406 1939 1628 2006">
    <p class='ocr_par' dir='ltr' id='par_1_14' title="bbox 406 1939 1628 2006">
     <span class='ocr_line' id='line_1_15' title="bbox 406 1939 1628 2006; baseline 0 -12"><span class='ocrx_word' id='word_1_89' title='bbox 406 1941 509 2005; x_wconf 79' lang='grc' dir='ltr'><strong>Ἐξ</strong></span> <span class='ocrx_word' id='word_1_90' title='bbox 530 1940 640 1994; x_wconf 69' lang='grc' dir='ltr'><em>αἰεὶ</em></span> <span class='ocrx_word' id='word_1_91' title='bbox 667 1939 916 1995; x_wconf 84' lang='grc' dir='ltr'><em>δύνουσι</em></span> <span class='ocrx_word' id='word_1_92' title='bbox 945 1940 1314 2006; x_wconf 83' lang='grc' dir='ltr'><em>δυωδεκάδες</em></span> <span class='ocrx_word' id='word_1_93' title='bbox 1339 1941 1603 1994; x_wconf 87' lang='grc' dir='ltr'><em>κύκλοιο·</em></span> <span class='ocrx_word' id='word_1_94' title='bbox 1625 1955 1628 1962; x_wconf 93' lang='grc'><strong>·</strong></span> 
     </span>
    </p>
   </div>
   <div class='ocr_carea' id='block_1_15' title="bbox 407 2009 1961 2080">
    <p class='ocr_par' dir='ltr' id='par_1_15' title="bbox 407 2009 1961 2080">
     <span class='ocr_line' id='line_1_16' title="bbox 407 2009 1961 2080; baseline 0 -16"><span class='ocrx_word' id='word_1_95' title='bbox 407 2011 624 2064; x_wconf 85' lang='grc' dir='ltr'><em>Τόσσαι</em></span> <span class='ocrx_word' id='word_1_96' title='bbox 643 2009 694 2063; x_wconf 84' lang='grc' dir='ltr'><em>δ’</em></span> <span class='ocrx_word' id='word_1_97' title='bbox 714 2010 1097 2066; x_wconf 73' lang='grc' dir='ltr'><em>ἀντέλλουσι·</em></span> <span class='ocrx_word' id='word_1_98' title='bbox 1127 2013 1312 2065; x_wconf 85' lang='grc' dir='ltr'><em>τόσον</em></span> <span class='ocrx_word' id='word_1_99' title='bbox 1330 2011 1380 2064; x_wconf 81' lang='grc' dir='ltr'><em>δ’</em></span> <span class='ocrx_word' id='word_1_100' title='bbox 1408 2011 1504 2064; x_wconf 79' lang='grc' dir='ltr'><strong>ἐπὶ</strong></span> <span class='ocrx_word' id='word_1_101' title='bbox 1521 2010 1716 2080; x_wconf 81' lang='grc' dir='ltr'><em>μῆκος</em></span> <span class='ocrx_word' id='word_1_102' title='bbox 1736 2009 1961 2078; x_wconf 78' lang='grc' dir='ltr'><em>ἑκάστη</em></span> 
     </span>
    </p>
   </div>
   <div class='ocr_carea' id='block_1_16' title="bbox 399 2147 1962 2218">
    <p class='ocr_par' dir='ltr' id='par_1_16' title="bbox 399 2147 1962 2218">
     <span class='ocr_line' id='line_1_17' title="bbox 399 2147 1962 2218; baseline 0 -14"><span class='ocrx_word' id='word_1_103' title='bbox 399 2148 528 2214; x_wconf 80' lang='grc' dir='ltr'><strong>Νὺξ</strong></span> <span class='ocrx_word' id='word_1_104' title='bbox 558 2150 671 2203; x_wconf 74' lang='grc' dir='ltr'><em>αἰεὶ</em></span> <span class='ocrx_word' id='word_1_105' title='bbox 705 2148 1080 2211; x_wconf 76' lang='grc' dir='ltr'><em>τετάνυσται,</em></span> <span class='ocrx_word' id='word_1_106' title='bbox 1115 2148 1265 2203; x_wconf 83' lang='grc' dir='ltr'><em>ὅσον</em></span> <span class='ocrx_word' id='word_1_107' title='bbox 1289 2147 1353 2203; x_wconf 91' lang='grc' dir='ltr'><strong>τέ</strong></span> <span class='ocrx_word' id='word_1_108' title='bbox 1384 2162 1492 2217; x_wconf 80' lang='grc' dir='ltr'><strong>περ</strong></span> <span class='ocrx_word' id='word_1_109' title='bbox 1523 2149 1706 2218; x_wconf 81' lang='grc' dir='ltr'><em>ἥμισυ</em></span> <span class='ocrx_word' id='word_1_110' title='bbox 1735 2151 1962 2204; x_wconf 84' lang='grc' dir='ltr'><em>κύκλου</em></span> 
     </span>
    </p>
   </div>
   <div class='ocr_carea' id='block_1_17' title="bbox 414 2219 1870 2289">
    <p class='ocr_par' dir='ltr' id='par_1_17' title="bbox 414 2219 1870 2289">
     <span class='ocr_line' id='line_1_18' title="bbox 414 2219 1870 2289; baseline -0.001 -16"><span class='ocrx_word' id='word_1_111' title='bbox 414 2219 762 2289; x_wconf 78' lang='grc' dir='ltr'><em>Ἁρχομένης</em></span> <span class='ocrx_word' id='word_1_112' title='bbox 784 2219 902 2273; x_wconf 82' lang='grc' dir='ltr'><em>ἀπὸ</em></span> <span class='ocrx_word' id='word_1_113' title='bbox 932 2219 1150 2286; x_wconf 81' lang='grc' dir='ltr'><em>νυκτὸς</em></span> <span class='ocrx_word' id='word_1_114' title='bbox 1181 2220 1434 2288; x_wconf 84' lang='grc' dir='ltr'><em>ἀείρεται</em></span> <span class='ocrx_word' id='word_1_115' title='bbox 1467 2221 1647 2288; x_wconf 71' lang='grc' dir='ltr'><em>ὑψόθι</em></span> <span class='ocrx_word' id='word_1_116' title='bbox 1680 2221 1870 2288; x_wconf 85' lang='grc' dir='ltr'><em>γαίης·</em></span> 
     </span>
    </p>
   </div>
   <div class='ocr_carea' id='block_1_18' title="bbox 397 2329 1964 2402">
    <p class='ocr_par' dir='ltr' id='par_1_18' title="bbox 397 2329 1964 2402">
     <span class='ocr_line' id='line_1_19' title="bbox 397 2329 1964 2402; baseline -0.001 -18"><span class='ocrx_word' id='word_1_117' title='bbox 397 2333 460 2385; x_wconf 82' lang='grc' dir='ltr'><em>οὐ</em></span> <span class='ocrx_word' id='word_1_118' title='bbox 483 2329 680 2394; x_wconf 82' lang='grc' dir='ltr'><em>πλάτος</em></span> <span class='ocrx_word' id='word_1_119' title='bbox 701 2331 909 2401; x_wconf 79' lang='grc' dir='ltr'><em>ἔχοντα,</em></span> <span class='ocrx_word' id='word_1_120' title='bbox 928 2330 1061 2384; x_wconf 84' lang='grc' dir='ltr'><em>ἀλλὰ</em></span> <span class='ocrx_word' id='word_1_121' title='bbox 1086 2332 1392 2386; x_wconf 79' lang='grc' dir='ltr'><em>τούναντίον</em></span> <span class='ocrx_word' id='word_1_122' title='bbox 1407 2330 1619 2400; x_wconf 83' lang='grc' dir='ltr'><em>ἀπλατῆ</em></span> <span class='ocrx_word' id='word_1_123' title='bbox 1638 2330 1964 2402; x_wconf 80' lang='grc' dir='ltr'><em>διειληφέναι</em></span> 
     </span>
    </p>
   </div>
   <div class='ocr_carea' id='block_1_19' title="bbox 405 2422 1960 2495">
    <p class='ocr_par' dir='ltr' id='par_1_19' title="bbox 405 2422 1960 2495">
     <span class='ocr_line' id='line_1_20' title="bbox 405 2422 1960 2495; baseline 0.001 -19"><span class='ocrx_word' id='word_1_124' title='bbox 405 2439 493 2494; x_wconf 85' lang='grc' dir='ltr'><strong>μοι</strong></span> <span class='ocrx_word' id='word_1_125' title='bbox 516 2422 678 2476; x_wconf 86' lang='grc' dir='ltr'><em>δοκεῖ.</em></span> <span class='ocrx_word' id='word_1_126' title='bbox 710 2423 782 2474; x_wconf 86' lang='grc' dir='ltr'><strong>’Ἢ</strong></span> <span class='ocrx_word' id='word_1_127' title='bbox 817 2440 876 2475; x_wconf 92' lang='grc' dir='ltr'><strong>τε</strong></span> <span class='ocrx_word' id='word_1_128' title='bbox 903 2423 1009 2495; x_wconf 79' lang='grc' dir='ltr'><em>γὰρ</em></span> <span class='ocrx_word' id='word_1_129' title='bbox 1041 2423 1166 2494; x_wconf 84' lang='grc' dir='ltr'><strong>βολὴ</strong></span> <span class='ocrx_word' id='word_1_130' title='bbox 1196 2423 1289 2476; x_wconf 89' lang='grc' dir='ltr'><strong>τοῦ</strong></span> <span class='ocrx_word' id='word_1_131' title='bbox 1319 2422 1593 2494; x_wconf 82' lang='grc' dir='ltr'><strong>ὀφθαλμοῦ</strong></span> <span class='ocrx_word' id='word_1_132' title='bbox 1618 2423 1799 2478; x_wconf 76' lang='grc' dir='ltr'><em>εὐθεῖά</em></span> <span class='ocrx_word' id='word_1_133' title='bbox 1825 2427 1960 2486; x_wconf 82' lang='grc' dir='ltr'><em>ἑστι,</em></span> 
     </span>
    </p>
   </div>
   <div class='ocr_carea' id='block_1_20' title="bbox 380 2511 1962 2584">
    <p class='ocr_par' dir='ltr' id='par_1_20' title="bbox 380 2511 1962 2584">
     <span class='ocr_line' id='line_1_21' title="bbox 380 2511 1962 2584; baseline -0.001 -18"><span class='ocrx_word' id='word_1_134' title='bbox 380 2512 496 2566; x_wconf 69' lang='grc' dir='ltr'><em>’καὶ</em></span> <span class='ocrx_word' id='word_1_135' title='bbox 527 2513 660 2584; x_wconf 76' lang='grc' dir='ltr'><em>αὑτὴ</em></span> <span class='ocrx_word' id='word_1_136' title='bbox 682 2511 866 2578; x_wconf 78' lang='grc' dir='ltr'><em>ἑξάκις</em></span> <span class='ocrx_word' id='word_1_137' title='bbox 892 2515 1224 2584; x_wconf 81' lang='grc' dir='ltr'><em>καταμετρεῖ</em></span> <span class='ocrx_word' id='word_1_138' title='bbox 1237 2512 1328 2565; x_wconf 72' lang='grc' dir='ltr'><em>τὸν</em></span> <span class='ocrx_word' id='word_1_139' title='bbox 1356 2511 1606 2582; x_wconf 77' lang='grc' dir='ltr'><em>μέγιστον</em></span> <span class='ocrx_word' id='word_1_140' title='bbox 1630 2513 1724 2565; x_wconf 71' lang='grc' dir='ltr'><em>καὶ</em></span> <span class='ocrx_word' id='word_1_141' title='bbox 1749 2511 1962 2581; x_wconf 87' lang='grc' dir='ltr'><em>ἀπλατῆ</em></span> 
     </span>
    </p>
   </div>
   <div class='ocr_carea' id='block_1_21' title="bbox 403 2597 1962 2672">
    <p class='ocr_par' dir='ltr' id='par_1_21' title="bbox 403 2597 1962 2672">
     <span class='ocr_line' id='line_1_22' title="bbox 403 2597 1962 2672; baseline -0.002 -16"><span class='ocrx_word' id='word_1_142' title='bbox 403 2602 620 2667; x_wconf 81' lang='grc' dir='ltr'><em>κύκλον,</em></span> <span class='ocrx_word' id='word_1_143' title='bbox 653 2602 766 2655; x_wconf 87' lang='grc' dir='ltr'><em>ἀλλ’</em></span> <span class='ocrx_word' id='word_1_144' title='bbox 795 2603 915 2672; x_wconf 70' lang='grc' dir='ltr'><strong>οὐχὶ</strong></span> <span class='ocrx_word' id='word_1_145' title='bbox 939 2602 1029 2655; x_wconf 80' lang='grc' dir='ltr'><em>τὸν</em></span> <span class='ocrx_word' id='word_1_146' title='bbox 1054 2602 1252 2664; x_wconf 81' lang='grc' dir='ltr'><em>πλάτος</em></span> <span class='ocrx_word' id='word_1_147' title='bbox 1275 2601 1481 2670; x_wconf 76' lang='grc' dir='ltr'><em>ἔχοντα·</em></span> <span class='ocrx_word' id='word_1_148' title='bbox 1505 2599 1596 2653; x_wconf 87' lang='grc' dir='ltr'><strong>τοῦ</strong></span> <span class='ocrx_word' id='word_1_149' title='bbox 1618 2618 1676 2653; x_wconf 88' lang='grc' dir='ltr'><strong>τε</strong></span> <span class='ocrx_word' id='word_1_150' title='bbox 1699 2597 1962 2664; x_wconf 79' lang='grc' dir='ltr'><em>ζωδιακοῦ</em></span> 
     </span>
    </p>
   </div>
   <div class='ocr_carea' id='block_1_22' title="bbox 403 2691 1965 2764">
    <p class='ocr_par' dir='ltr' id='par_1_22' title="bbox 403 2691 1965 2764">
     <span class='ocr_line' id='line_1_23' title="bbox 403 2691 1965 2764; baseline -0.001 -18"><span class='ocrx_word' id='word_1_151' title='bbox 403 2691 524 2746; x_wconf 86' lang='grc' dir='ltr'><em>καθ’</em></span> <span class='ocrx_word' id='word_1_152' title='bbox 551 2693 782 2763; x_wconf 80' lang='grc' dir='ltr'><em>ἑκάστην</em></span> <span class='ocrx_word' id='word_1_153' title='bbox 807 2692 1023 2764; x_wconf 83' lang='grc' dir='ltr'><em>ἡμέραν</em></span> <span class='ocrx_word' id='word_1_154' title='bbox 1052 2693 1145 2746; x_wconf 79' lang='grc' dir='ltr'><em>καὶ</em></span> <span class='ocrx_word' id='word_1_155' title='bbox 1193 2691 1360 2744; x_wconf 88' lang='grc' dir='ltr'><em>νύκτα</em></span> <span class='ocrx_word' id='word_1_156' title='bbox 1391 2691 1716 2762; x_wconf 83' lang='grc' dir='ltr'><em>ἡμικύκλιον</em></span> <span class='ocrx_word' id='word_1_157' title='bbox 1743 2691 1965 2744; x_wconf 83' lang='grc' dir='ltr'><em>ἀνατέλ-</em></span> 
     </span>
    </p>
   </div>
   <div class='ocr_carea' id='block_1_23' title="bbox 401 2780 1963 2855">
    <p class='ocr_par' dir='ltr' id='par_1_23' title="bbox 401 2780 1963 2855">
     <span class='ocr_line' id='line_1_24' title="bbox 401 2780 1963 2855; baseline -0.003 -19"><span class='ocrx_word' id='word_1_158' title='bbox 401 2784 504 2844; x_wconf 85' lang='grc' dir='ltr'><em>λει,</em></span> <span class='ocrx_word' id='word_1_159' title='bbox 545 2783 636 2836; x_wconf 72' lang='grc' dir='ltr'><em>καὶ</em></span> <span class='ocrx_word' id='word_1_160' title='bbox 670 2783 834 2847; x_wconf 81' lang='grc' dir='ltr'><em>δύνει,</em></span> <span class='ocrx_word' id='word_1_161' title='bbox 865 2782 959 2836; x_wconf 90' lang='grc' dir='ltr'><strong>τοῦ</strong></span> <span class='ocrx_word' id='word_1_162' title='bbox 996 2781 1147 2855; x_wconf 80' lang='grc' dir='ltr'><em>ἡλίου</em></span> <span class='ocrx_word' id='word_1_163' title='bbox 1192 2781 1285 2834; x_wconf 67' lang='grc' dir='ltr'><strong>ἐπὶ</strong></span> <span class='ocrx_word' id='word_1_164' title='bbox 1321 2781 1414 2834; x_wconf 89' lang='grc' dir='ltr'><strong>τοῦ</strong></span> <span class='ocrx_word' id='word_1_165' title='bbox 1447 2780 1716 2844; x_wconf 88' lang='grc' dir='ltr'><em>ἀπλατοῦς</em></span> <span class='ocrx_word' id='word_1_166' title='bbox 1749 2782 1842 2834; x_wconf 83' lang='grc' dir='ltr'><em>καὶ</em></span> <span class='ocrx_word' id='word_1_167' title='bbox 1877 2780 1963 2833; x_wconf 83' lang='grc' dir='ltr'><em>διὰ</em></span> 
     </span>
    </p>
   </div>
   <div class='ocr_carea' id='block_1_24' title="bbox 405 2871 1964 2946">
    <p class='ocr_par' dir='ltr' id='par_1_24' title="bbox 405 2871 1964 2946">
     <span class='ocr_line' id='line_1_25' title="bbox 405 2871 1964 2946; baseline -0.003 -17"><span class='ocrx_word' id='word_1_168' title='bbox 405 2875 587 2946; x_wconf 84' lang='grc' dir='ltr'><em>μέσων</em></span> <span class='ocrx_word' id='word_1_169' title='bbox 617 2875 725 2929; x_wconf 87' lang='grc' dir='ltr'><em>τῶν</em></span> <span class='ocrx_word' id='word_1_170' title='bbox 760 2875 965 2940; x_wconf 78' lang='grc' dir='ltr'><em>ζωδίων</em></span> <span class='ocrx_word' id='word_1_171' title='bbox 1010 2872 1331 2946; x_wconf 79' lang='grc' dir='ltr'><em>φερομένου·</em></span> <span class='ocrx_word' id='word_1_172' title='bbox 1373 2873 1465 2926; x_wconf 67' lang='grc' dir='ltr'><strong>ἐπὶ</strong></span> <span class='ocrx_word' id='word_1_173' title='bbox 1500 2873 1608 2944; x_wconf 77' lang='grc' dir='ltr'><em>γὰρ</em></span> <span class='ocrx_word' id='word_1_174' title='bbox 1639 2872 1732 2926; x_wconf 86' lang='grc' dir='ltr'><strong>τοῦ</strong></span> <span class='ocrx_word' id='word_1_175' title='bbox 1764 2871 1964 2935; x_wconf 83' lang='grc' dir='ltr'><em>πλάτος</em></span> 
     </span>
    </p>
   </div>
   <div class='ocr_carea' id='block_1_25' title="bbox 398 2961 1963 3038">
    <p class='ocr_par' dir='ltr' id='par_1_25' title="bbox 398 2961 1963 3038">
     <span class='ocr_line' id='line_1_26' title="bbox 398 2961 1963 3038; baseline -0.004 -18"><span class='ocrx_word' id='word_1_176' title='bbox 398 2966 614 3038; x_wconf 73' lang='grc' dir='ltr'><em>ιχοντος</em></span> <span class='ocrx_word' id='word_1_177' title='bbox 646 2966 706 3020; x_wconf 83' lang='grc' dir='ltr'><em>οὐ</em></span> <span class='ocrx_word' id='word_1_178' title='bbox 749 2965 968 3020; x_wconf 78' lang='grc' dir='ltr'><em>δυνατὸν</em></span> <span class='ocrx_word' id='word_1_179' title='bbox 995 2965 1152 3018; x_wconf 89' lang='grc' dir='ltr'><em>τοῦτο</em></span> <span class='ocrx_word' id='word_1_180' title='bbox 1191 2961 1525 3034; x_wconf 75' lang='grc' dir='ltr'><em>συμϐαίνειν.</em></span> <span class='ocrx_word' id='word_1_181' title='bbox 1563 2963 1672 3016; x_wconf 79' lang='grc' dir='ltr'><strong>Καὶ</strong></span> <span class='ocrx_word' id='word_1_182' title='bbox 1703 2963 1762 3027; x_wconf 76' lang='grc' dir='ltr'>ἐξ</span> <span class='ocrx_word' id='word_1_183' title='bbox 1793 2962 1963 3016; x_wconf 81' lang='grc' dir='ltr'><em>ἄλλων</em></span> 
     </span>
    </p>
   </div>
   <div class='ocr_carea' id='block_1_26' title="bbox 399 3052 1965 3128">
    <p class='ocr_par' dir='ltr' id='par_1_26' title="bbox 399 3052 1965 3128">
     <span class='ocr_line' id='line_1_27' title="bbox 399 3052 1965 3128; baseline -0.004 -16"><span class='ocrx_word' id='word_1_184' title='bbox 399 3057 456 3112; x_wconf 77' lang='grc' dir='ltr'><em>δὲ</em></span> <span class='ocrx_word' id='word_1_185' title='bbox 488 3057 745 3112; x_wconf 85' lang='grc' dir='ltr'><em>πλειόνων</em></span> <span class='ocrx_word' id='word_1_186' title='bbox 783 3054 1014 3128; x_wconf 78' lang='grc' dir='ltr'><em>φανερός</em></span> <span class='ocrx_word' id='word_1_187' title='bbox 1055 3056 1203 3107; x_wconf 86' lang='grc' dir='ltr'><em>ἑστιν</em></span> <span class='ocrx_word' id='word_1_188' title='bbox 1227 3056 1255 3107; x_wconf 87' lang='grc' dir='ltr'>ὁ</span> <span class='ocrx_word' id='word_1_189' title='bbox 1288 3055 1522 3125; x_wconf 80' lang='grc' dir='ltr'><em>Ἀρατος</em></span> <span class='ocrx_word' id='word_1_190' title='bbox 1551 3052 1809 3116; x_wconf 82' lang='grc' dir='ltr'><em>ἀπλατεῖς</em></span> <span class='ocrx_word' id='word_1_191' title='bbox 1841 3054 1965 3116; x_wconf 84' lang='grc' dir='ltr'><em>τοὺς</em></span> 
     </span>
    </p>
   </div>
   <div class='ocr_carea' id='block_1_27' title="bbox 399 3142 1960 3217">
    <p class='ocr_par' dir='ltr' id='par_1_27' title="bbox 399 3142 1960 3217">
     <span class='ocr_line' id='line_1_28' title="bbox 399 3142 1960 3217; baseline -0.004 -14"><span class='ocrx_word' id='word_1_192' title='bbox 399 3148 631 3212; x_wconf 84' lang='grc' dir='ltr'><em>κύκλους</em></span> <span class='ocrx_word' id='word_1_193' title='bbox 665 3146 1048 3217; x_wconf 85' lang='grc' dir='ltr'><em>ὑποτιθέμενος</em></span> <span class='ocrx_word' id='word_1_194' title='bbox 1072 3143 1378 3209; x_wconf 82' lang='grc' dir='ltr'><em>ἀκολούθως</em></span> <span class='ocrx_word' id='word_1_195' title='bbox 1400 3147 1512 3208; x_wconf 83' lang='grc' dir='ltr'><em>τοῖς</em></span> <span class='ocrx_word' id='word_1_196' title='bbox 1541 3142 1960 3216; x_wconf 83' lang='grc' dir='ltr'><em>μαθηματικοῖς.</em></span> 
     </span>
    </p>
   </div>
   <div class='ocr_carea' id='block_1_28' title="bbox 405 3421 1960 3495">
    <p class='ocr_par' dir='ltr' id='par_1_28' title="bbox 405 3421 1960 3495">
     <span class='ocr_line' id='line_1_29' title="bbox 405 3421 1960 3495; baseline 0 -19"><span class='ocrx_word' id='word_1_197' title='bbox 405 3457 408 3460; x_wconf 79' lang='lat'><strong><em>~</em></strong></span> <span class='ocrx_word' id='word_1_198' title='bbox 467 3421 594 3478; x_wconf 82' lang='lat' dir='ltr'><strong>KB&#39;.</strong></span> <span class='ocrx_word' id='word_1_199' title='bbox 649 3422 738 3476; x_wconf 88' lang='grc' dir='ltr'><em>Ἐν</em></span> <span class='ocrx_word' id='word_1_200' title='bbox 760 3421 818 3476; x_wconf 85' lang='grc' dir='ltr'><em>δὲ</em></span> <span class='ocrx_word' id='word_1_201' title='bbox 848 3425 959 3486; x_wconf 80' lang='grc' dir='ltr'><em>τοῖς</em></span> <span class='ocrx_word' id='word_1_202' title='bbox 990 3422 1118 3493; x_wconf 80' lang='grc' dir='ltr'><em>ἑξῆς</em></span> <span class='ocrx_word' id='word_1_203' title='bbox 1148 3423 1276 3495; x_wconf 74' lang='grc' dir='ltr'><em>περὶ</em></span> <span class='ocrx_word' id='word_1_204' title='bbox 1302 3423 1396 3477; x_wconf 87' lang='grc' dir='ltr'><strong>τοῦ</strong></span> <span class='ocrx_word' id='word_1_205' title='bbox 1453 3423 1704 3493; x_wconf 80' lang='grc' dir='ltr'><em>γαλαξίου</em></span> <span class='ocrx_word' id='word_1_206' title='bbox 1762 3423 1960 3476; x_wconf 86' lang='grc' dir='ltr'><em>κύκλου</em></span> 
     </span>
    </p>
   </div>
   <div class='ocr_carea' id='block_1_29' title="bbox 398 3510 1961 3584">
    <p class='ocr_par' dir='ltr' id='par_1_29' title="bbox 398 3510 1961 3584">
     <span class='ocr_line' id='line_1_30' title="bbox 398 3510 1961 3584; baseline 0.003 -20"><span class='ocrx_word' id='word_1_207' title='bbox 398 3510 587 3575; x_wconf 76' lang='grc' dir='ltr'><em>εἰπὼν,</em></span> <span class='ocrx_word' id='word_1_208' title='bbox 621 3511 869 3584; x_wconf 77' lang='grc' dir='ltr'><em>ἐπιφέρει</em></span> <span class='ocrx_word' id='word_1_209' title='bbox 889 3551 903 3576; x_wconf 91' lang='grc'><strong>,</strong></span> <span class='ocrx_word' id='word_1_210' title='bbox 936 3514 1017 3566; x_wconf 82' lang='grc' dir='ltr'><em>ὅτι</em></span> <span class='ocrx_word' id='word_1_211' title='bbox 1069 3513 1175 3566; x_wconf 86' lang='grc' dir='ltr'><em>τῶν</em></span> <span class='ocrx_word' id='word_1_212' title='bbox 1205 3515 1247 3568; x_wconf 88' lang='grc' dir='ltr'><em>δ’</em></span> <span class='ocrx_word' id='word_1_213' title='bbox 1276 3514 1487 3568; x_wconf 83' lang='grc' dir='ltr'><em>κύκλων</em></span> <span class='ocrx_word' id='word_1_214' title='bbox 1518 3514 1611 3568; x_wconf 82' lang='grc' dir='ltr'><strong>δύο</strong></span> <span class='ocrx_word' id='word_1_215' title='bbox 1633 3513 1835 3568; x_wconf 88' lang='grc' dir='ltr'><em>τούτων</em></span> <span class='ocrx_word' id='word_1_216' title='bbox 1860 3515 1961 3568; x_wconf 76' lang='grc' dir='ltr'><em>[σοι</em></span> 
     </span>
    </p>
   </div>
   <div class='ocr_carea' id='block_1_30' title="bbox 396 3601 1794 3676">
    <p class='ocr_par' dir='ltr' id='par_1_30' title="bbox 396 3601 1794 3676">
     <span class='ocr_line' id='line_1_31' title="bbox 396 3601 1794 3676; baseline 0.004 -22"><span class='ocrx_word' id='word_1_217' title='bbox 396 3601 551 3656; x_wconf 68' lang='grc' dir='ltr'><em>εἰσιν·</em></span> <span class='ocrx_word' id='word_1_218' title='bbox 578 3603 628 3656; x_wconf 82' lang='grc' dir='ltr'><em>οἱ</em></span> <span class='ocrx_word' id='word_1_219' title='bbox 651 3602 706 3656; x_wconf 85' lang='grc' dir='ltr'><em>δὲ</em></span> <span class='ocrx_word' id='word_1_220' title='bbox 738 3603 830 3657; x_wconf 85' lang='grc' dir='ltr'><strong>δύο</strong></span> <span class='ocrx_word' id='word_1_221' title='bbox 863 3603 1039 3676; x_wconf 85' lang='grc' dir='ltr'><em>πολλῷ</em></span> <span class='ocrx_word' id='word_1_222' title='bbox 1073 3605 1375 3672; x_wconf 80' lang='grc' dir='ltr'><em>ἐλάσσονες,</em></span> <span class='ocrx_word' id='word_1_223' title='bbox 1407 3606 1578 3676; x_wconf 84' lang='grc' dir='ltr'><em>λέγων</em></span> <span class='ocrx_word' id='word_1_224' title='bbox 1603 3606 1794 3670; x_wconf 73' lang='grc' dir='ltr'><em>οὕτως·</em></span> 
     </span>
    </p>
   </div>
   <div class='ocr_carea' id='block_1_31' title="bbox 397 3713 1928 3789">
    <p class='ocr_par' dir='ltr' id='par_1_31' title="bbox 397 3713 1928 3789">
     <span class='ocr_line' id='line_1_32' title="bbox 397 3713 1928 3789; baseline 0.003 -20"><span class='ocrx_word' id='word_1_225' title='bbox 397 3713 490 3782; x_wconf 83' lang='grc' dir='ltr'><strong>Τῷ</strong></span> <span class='ocrx_word' id='word_1_226' title='bbox 523 3714 598 3783; x_wconf 80' lang='grc' dir='ltr'><em>δή</em></span> <span class='ocrx_word' id='word_1_227' title='bbox 625 3733 714 3770; x_wconf 87' lang='grc' dir='ltr'><strong>τοι</strong></span> <span class='ocrx_word' id='word_1_228' title='bbox 749 3715 964 3786; x_wconf 78' lang='grc' dir='ltr'><em>χροιὴν</em></span> <span class='ocrx_word' id='word_1_229' title='bbox 987 3718 1107 3788; x_wconf 86' lang='grc' dir='ltr'><em>μὲν</em></span> <span class='ocrx_word' id='word_1_230' title='bbox 1135 3717 1404 3789; x_wconf 78' lang='grc' dir='ltr'><em>ἀλίγκιος</em></span> <span class='ocrx_word' id='word_1_231' title='bbox 1433 3721 1545 3775; x_wconf 88' lang='grc' dir='ltr'><em>οὐκ</em></span> <span class='ocrx_word' id='word_1_232' title='bbox 1580 3719 1670 3774; x_wconf 82' lang='grc' dir='ltr'><em>ἔτι</em></span> <span class='ocrx_word' id='word_1_233' title='bbox 1701 3720 1928 3786; x_wconf 85' lang='grc' dir='ltr'><em>κύκλος</em></span> 
     </span>
    </p>
   </div>
   <div class='ocr_carea' id='block_1_32' title="bbox 396 3850 1958 3926">
    <p class='ocr_par' dir='ltr' id='par_1_32' title="bbox 396 3850 1958 3926">
     <span class='ocr_line' id='line_1_33' title="bbox 396 3850 1958 3926; baseline 0.005 -22"><span class='ocrx_word' id='word_1_234' title='bbox 396 3850 665 3926; x_wconf 63' lang='grc' dir='ltr'><em>ᾼινεῖται·</em></span> <span class='ocrx_word' id='word_1_235' title='bbox 686 3851 758 3926; x_wconf 77' lang='grc' dir='ltr'><em>τὰ</em></span> <span class='ocrx_word' id='word_1_236' title='bbox 857 3852 1044 3922; x_wconf 84' lang='grc' dir='ltr'><em>μέτρα</em></span> <span class='ocrx_word' id='word_1_237' title='bbox 1062 3855 1251 3926; x_wconf 81' lang='grc' dir='ltr'><em>τόσοι,</em></span> <span class='ocrx_word' id='word_1_238' title='bbox 1273 3855 1544 3926; x_wconf 81' lang='grc' dir='ltr'><em>πισύρων</em></span> <span class='ocrx_word' id='word_1_239' title='bbox 1562 3858 1698 3926; x_wconf 84' lang='grc' dir='ltr'><em>παρ’</em></span> <span class='ocrx_word' id='word_1_240' title='bbox 1717 3857 1958 3922; x_wconf 71' lang='grc' dir='ltr'><em>ἐόντων,</em></span> 
     </span>
    </p>
   </div>
   <div class='ocr_carea' id='block_1_33' title="bbox 395 3921 1896 3994">
    <p class='ocr_par' dir='ltr' id='par_1_33' title="bbox 395 3921 1896 3994">
     <span class='ocr_line' id='line_1_34' title="bbox 395 3921 1896 3994; baseline 0.005 -20"><span class='ocrx_word' id='word_1_241' title='bbox 395 3924 464 3976; x_wconf 87' lang='grc' dir='ltr'><strong>οι</strong></span> <span class='ocrx_word' id='word_1_242' title='bbox 489 3921 616 3975; x_wconf 60' lang='grc' dir='ltr'><em>δύο·</em></span> <span class='ocrx_word' id='word_1_243' title='bbox 643 3923 730 3976; x_wconf 77' lang='grc' dir='ltr'><em>τοὶ</em></span> <span class='ocrx_word' id='word_1_244' title='bbox 757 3921 826 3976; x_wconf 83' lang='grc' dir='ltr'><strong>δέ</strong></span> <span class='ocrx_word' id='word_1_245' title='bbox 853 3921 1056 3992; x_wconf 68' lang='grc' dir='ltr'><em>σφεων</em></span> <span class='ocrx_word' id='word_1_246' title='bbox 1070 3923 1225 3994; x_wconf 81' lang='grc' dir='ltr'><em>μέγα</em></span> <span class='ocrx_word' id='word_1_247' title='bbox 1243 3925 1479 3994; x_wconf 84' lang='grc' dir='ltr'><em>μείονες</em></span> <span class='ocrx_word' id='word_1_248' title='bbox 1504 3921 1896 3982; x_wconf 76' lang='grc' dir='ltr'><em>εἱλίσσονται.</em></span> 
     </span>
    </p>
   </div>
   <div class='ocr_carea' id='block_1_34' title="bbox 399 4031 1962 4113">
    <p class='ocr_par' dir='ltr' id='par_1_34' title="bbox 399 4031 1962 4113">
     <span class='ocr_line' id='line_1_35' title="bbox 399 4031 1962 4113; baseline 0.006 -25"><span class='ocrx_word' id='word_1_249' title='bbox 399 4031 402 4034; x_wconf 64' lang='grc'><strong>’</strong></span> <span class='ocrx_word' id='word_1_250' title='bbox 465 4037 578 4089; x_wconf 83' lang='grc' dir='ltr'><strong>Οὐκ</strong></span> <span class='ocrx_word' id='word_1_251' title='bbox 605 4031 662 4089; x_wconf 80' lang='grc' dir='ltr'><em>εὖ</em></span> <span class='ocrx_word' id='word_1_252' title='bbox 695 4036 752 4090; x_wconf 81' lang='grc' dir='ltr'><strong>δέ</strong></span> <span class='ocrx_word' id='word_1_253' title='bbox 777 4054 868 4106; x_wconf 87' lang='grc' dir='ltr'><strong>μοι</strong></span> <span class='ocrx_word' id='word_1_254' title='bbox 895 4037 1044 4091; x_wconf 80' lang='grc' dir='ltr'><em>δοκεῖ</em></span> <span class='ocrx_word' id='word_1_255' title='bbox 1067 4037 1318 4106; x_wconf 84' lang='grc' dir='ltr'><em>λέγεσθαι</em></span> <span class='ocrx_word' id='word_1_256' title='bbox 1345 4040 1465 4094; x_wconf 77' lang='grc' dir='ltr'><em>οὐδὲ</em></span> <span class='ocrx_word' id='word_1_257' title='bbox 1485 4039 1660 4106; x_wconf 88' lang='grc' dir='ltr'><em>τοῦτο,</em></span> <span class='ocrx_word' id='word_1_258' title='bbox 1683 4042 1765 4096; x_wconf 85' lang='grc' dir='ltr'><em>ὅτι</em></span> <span class='ocrx_word' id='word_1_259' title='bbox 1785 4043 1962 4113; x_wconf 82' lang='grc' dir='ltr'><em>πολλῷ</em></span> 
     </span>
    </p>
   </div>
   <div class='ocr_carea' id='block_1_35' title="bbox 395 4126 1960 4205">
    <p class='ocr_par' dir='ltr' id='par_1_35' title="bbox 395 4126 1960 4205">
     <span class='ocr_line' id='line_1_36' title="bbox 395 4126 1960 4205; baseline 0.005 -25"><span class='ocrx_word' id='word_1_260' title='bbox 395 4126 688 4191; x_wconf 68' lang='grc' dir='ltr'><em>ἐλάσσονές</em></span> <span class='ocrx_word' id='word_1_261' title='bbox 730 4131 868 4182; x_wconf 76' lang='grc' dir='ltr'><em>εἰσιν</em></span> <span class='ocrx_word' id='word_1_262' title='bbox 901 4130 950 4182; x_wconf 81' lang='grc' dir='ltr'><em>οἱ</em></span> <span class='ocrx_word' id='word_1_263' title='bbox 981 4131 1232 4201; x_wconf 73' lang='grc' dir='ltr'><em>τροπικοὶ</em></span> <span class='ocrx_word' id='word_1_264' title='bbox 1262 4131 1357 4185; x_wconf 90' lang='grc' dir='ltr'><strong>τοῦ</strong></span> <span class='ocrx_word' id='word_1_265' title='bbox 1394 4134 1710 4205; x_wconf 76' lang='grc' dir='ltr'><em>ἱσημερινοῦ</em></span> <span class='ocrx_word' id='word_1_266' title='bbox 1743 4137 1836 4188; x_wconf 72' lang='grc' dir='ltr'><em>καὶ</em></span> <span class='ocrx_word' id='word_1_267' title='bbox 1867 4135 1960 4188; x_wconf 90' lang='grc' dir='ltr'><strong>τοῦ</strong></span> 
     </span>
    </p>
   </div>
   <div class='ocr_carea' id='block_1_36' title="bbox 397 4219 1960 4299">
    <p class='ocr_par' dir='ltr' id='par_1_36' title="bbox 397 4219 1960 4299">
     <span class='ocr_line' id='line_1_37' title="bbox 397 4219 1960 4299; baseline 0.006 -26"><span class='ocrx_word' id='word_1_268' title='bbox 397 4219 680 4285; x_wconf 80' lang='grc' dir='ltr'><em>ζωδιακοῦ·</em></span> <span class='ocrx_word' id='word_1_269' title='bbox 708 4220 930 4275; x_wconf 73' lang='grc' dir='ltr'><em>ἔλασσον</em></span> <span class='ocrx_word' id='word_1_270' title='bbox 958 4222 1064 4294; x_wconf 83' lang='grc' dir='ltr'><em>γὰρ</em></span> <span class='ocrx_word' id='word_1_271' title='bbox 1092 4222 1126 4293; x_wconf 78' lang='grc' dir='ltr'>ἢ</span> <span class='ocrx_word' id='word_1_272' title='bbox 1156 4222 1233 4294; x_wconf 86' lang='grc' dir='ltr'>τῷ</span> <span class='ocrx_word' id='word_1_273' title='bbox 1263 4231 1331 4277; x_wconf 84' lang='grc' dir='ltr'><em>ια’</em></span> <span class='ocrx_word' id='word_1_274' title='bbox 1355 4225 1489 4297; x_wconf 78' lang='lat'><strong>(65‘)</strong></span> <span class='ocrx_word' id='word_1_275' title='bbox 1509 4227 1664 4299; x_wconf 84' lang='grc' dir='ltr'><em>μέρει</em></span> <span class='ocrx_word' id='word_1_276' title='bbox 1689 4227 1960 4282; x_wconf 86' lang='grc' dir='ltr'><em>λείπονται</em></span> 
     </span>
    </p>
   </div>
   <div class='ocr_carea' id='block_1_37' title="bbox 393 4311 593 4366">
    <p class='ocr_par' dir='ltr' id='par_1_37' title="bbox 393 4311 593 4366">
     <span class='ocr_line' id='line_1_38' title="bbox 393 4311 593 4366; baseline 0 -2"><span class='ocrx_word' id='word_1_277' title='bbox 393 4311 593 4366; x_wconf 77' lang='grc' dir='ltr'><em>αὐτῶν.</em></span> 
     </span>
    </p>
   </div>
   <div class='ocr_carea' id='block_1_38' title="bbox 464 4404 1962 4481">
    <p class='ocr_par' dir='ltr' id='par_1_38' title="bbox 464 4404 1962 4481">
     <span class='ocr_line' id='line_1_39' title="bbox 464 4404 1962 4481; baseline 0.006 -25"><span class='ocrx_word' id='word_1_278' title='bbox 464 4405 599 4476; x_wconf 76' lang='grc' dir='ltr'><em>Περὶ</em></span> <span class='ocrx_word' id='word_1_279' title='bbox 630 4404 686 4458; x_wconf 79' lang='grc' dir='ltr'><em>δὲ</em></span> <span class='ocrx_word' id='word_1_280' title='bbox 714 4404 828 4458; x_wconf 87' lang='grc' dir='ltr'><em>τῶν</em></span> <span class='ocrx_word' id='word_1_281' title='bbox 849 4405 1115 4478; x_wconf 80' lang='grc' dir='ltr'><em>ἀστέρων,</em></span> <span class='ocrx_word' id='word_1_282' title='bbox 1145 4406 1193 4462; x_wconf 86' lang='grc' dir='ltr'><em>οἳ</em></span> <span class='ocrx_word' id='word_1_283' title='bbox 1223 4409 1428 4462; x_wconf 86' lang='grc' dir='ltr'><em>κεῖνται</em></span> <span class='ocrx_word' id='word_1_284' title='bbox 1461 4409 1545 4479; x_wconf 80' lang='grc' dir='ltr'><strong>ἐφ’</strong></span> <span class='ocrx_word' id='word_1_285' title='bbox 1571 4409 1828 4481; x_wconf 85' lang='grc' dir='ltr'><em>ἑκατέρου</em></span> <span class='ocrx_word' id='word_1_286' title='bbox 1855 4411 1962 4466; x_wconf 84' lang='grc' dir='ltr'><em>τῶν</em></span> 
     </span>
    </p>
   </div>
   <div class='ocr_carea' id='block_1_39' title="bbox 394 4495 1962 4573">
    <p class='ocr_par' dir='ltr' id='par_1_39' title="bbox 394 4495 1962 4573">
     <span class='ocr_line' id='line_1_40' title="bbox 394 4495 1962 4573; baseline 0.003 -23"><span class='ocrx_word' id='word_1_287' title='bbox 394 4495 666 4566; x_wconf 84' lang='grc' dir='ltr'><em>τροπικῶν</em></span> <span class='ocrx_word' id='word_1_288' title='bbox 692 4496 787 4550; x_wconf 76' lang='grc' dir='ltr'><em>καὶ</em></span> <span class='ocrx_word' id='word_1_289' title='bbox 818 4496 910 4548; x_wconf 71' lang='grc' dir='ltr'><strong>ἐπὶ</strong></span> <span class='ocrx_word' id='word_1_290' title='bbox 946 4495 1038 4550; x_wconf 85' lang='grc' dir='ltr'><strong>τοῦ</strong></span> <span class='ocrx_word' id='word_1_291' title='bbox 1073 4499 1406 4570; x_wconf 84' lang='grc' dir='ltr'><em>ἰσημερινοῦ,</em></span> <span class='ocrx_word' id='word_1_292' title='bbox 1433 4500 1634 4572; x_wconf 84' lang='grc' dir='ltr'><em>γράφει</em></span> <span class='ocrx_word' id='word_1_293' title='bbox 1668 4503 1697 4555; x_wconf 85' lang='grc' dir='ltr'>ὁ</span> <span class='ocrx_word' id='word_1_294' title='bbox 1730 4503 1962 4573; x_wconf 73' lang='grc' dir='ltr'><em>’Ἄρατος</em></span> 
     </span>
    </p>
   </div>
   <div class='ocr_carea' id='block_1_40' title="bbox 394 4583 945 4657">
    <p class='ocr_par' dir='ltr' id='par_1_40' title="bbox 394 4583 945 4657">
     <span class='ocr_line' id='line_1_41' title="bbox 394 4583 945 4657; baseline 0.004 -19"><span class='ocrx_word' id='word_1_295' title='bbox 394 4583 580 4638; x_wconf 88' lang='grc' dir='ltr'><em>τοῦτον</em></span> <span class='ocrx_word' id='word_1_296' title='bbox 606 4583 698 4638; x_wconf 77' lang='grc' dir='ltr'><em>τὸν</em></span> <span class='ocrx_word' id='word_1_297' title='bbox 727 4586 945 4657; x_wconf 79' lang='grc' dir='ltr'><em>τρόπον·</em></span> 
     </span>
    </p>
   </div>
   <div class='ocr_carea' id='block_1_41' title="bbox 397 4719 1922 4794">
    <p class='ocr_par' dir='ltr' id='par_1_41' title="bbox 397 4719 1922 4794">
     <span class='ocr_line' id='line_1_42' title="bbox 397 4719 1922 4794; baseline 0.002 -19"><span class='ocrx_word' id='word_1_298' title='bbox 397 4719 526 4794; x_wconf 69' lang='grc' dir='ltr'><strong>Τῶν</strong></span> <span class='ocrx_word' id='word_1_299' title='bbox 547 4724 598 4794; x_wconf 53' lang='grc' dir='ltr'><strong>⁸ὁΔ</strong></span> <span class='ocrx_word' id='word_1_300' title='bbox 617 4721 742 4794; x_wconf 12' lang='grc' dir='ltr'><em>μὲν,</em></span> <span class='ocrx_word' id='word_1_301' title='bbox 763 4722 1014 4792; x_wconf 78' lang='grc' dir='ltr'><em>ἐγγύθεν</em></span> <span class='ocrx_word' id='word_1_302' title='bbox 1043 4724 1175 4778; x_wconf 75' lang='grc' dir='ltr'><em>ἐστὶ</em></span> <span class='ocrx_word' id='word_1_303' title='bbox 1208 4725 1641 4794; x_wconf 79' lang='grc' dir='ltr'><em>κατερχομένου</em></span> <span class='ocrx_word' id='word_1_304' title='bbox 1663 4727 1922 4794; x_wconf 78' lang='grc' dir='ltr'><em>βορέοιο·</em></span> 
     </span>
    </p>
   </div>
   <div class='ocr_carea' id='block_1_42' title="bbox 408 4791 1958 4865">
    <p class='ocr_par' dir='ltr' id='par_1_42' title="bbox 408 4791 1958 4865">
     <span class='ocr_line' id='line_1_43' title="bbox 408 4791 1958 4865; baseline 0.003 -19"><span class='ocrx_word' id='word_1_305' title='bbox 408 4791 510 4865; x_wconf 60' lang='grc' dir='ltr'><strong>ξεν</strong></span> <span class='ocrx_word' id='word_1_306' title='bbox 628 4795 687 4865; x_wconf 70' lang='grc' dir='ltr'><strong>οἱΔ</strong></span> <span class='ocrx_word' id='word_1_307' title='bbox 713 4791 1033 4865; x_wconf 59' lang='grc' dir='ltr'><em>ἀμφότεραι</em></span> <span class='ocrx_word' id='word_1_308' title='bbox 1059 4796 1310 4865; x_wconf 60' lang='grc' dir='ltr'><em>κεφαλαὶ</em></span> <span class='ocrx_word' id='word_1_309' title='bbox 1339 4791 1602 4864; x_wconf 71' lang='grc' dir='ltr'><em>Διδύμων</em></span> <span class='ocrx_word' id='word_1_310' title='bbox 1629 4791 1958 4865; x_wconf 71' lang='grc' dir='ltr'><em>φορέονται·</em></span> 
     </span>
    </p>
   </div>
   <div class='ocr_carea' id='block_1_43' title="bbox 407 4861 1872 4937">
    <p class='ocr_par' dir='ltr' id='par_1_43' title="bbox 407 4861 1872 4937">
     <span class='ocr_line' id='line_1_44' title="bbox 407 4861 1872 4937; baseline 0.003 -21"><span class='ocrx_word' id='word_1_311' title='bbox 407 4861 510 4916; x_wconf 79' lang='grc' dir='ltr'><em>Ἑν</em></span> <span class='ocrx_word' id='word_1_312' title='bbox 535 4861 603 4914; x_wconf 82' lang='grc' dir='ltr'><strong>δέ</strong></span> <span class='ocrx_word' id='word_1_313' title='bbox 629 4861 701 4916; x_wconf 86' lang='grc' dir='ltr'><em>τὰ</em></span> <span class='ocrx_word' id='word_1_314' title='bbox 733 4864 993 4931; x_wconf 87' lang='grc' dir='ltr'><em>γούνατα</em></span> <span class='ocrx_word' id='word_1_315' title='bbox 1023 4861 1210 4919; x_wconf 84' lang='grc' dir='ltr'><em>κεῖται</em></span> <span class='ocrx_word' id='word_1_316' title='bbox 1237 4861 1525 4933; x_wconf 80' lang='grc' dir='ltr'><em>ἀρηρότος</em></span> <span class='ocrx_word' id='word_1_317' title='bbox 1568 4861 1872 4937; x_wconf 75' lang='grc' dir='ltr'><em>Ἠνιόχοιο.</em></span> 
     </span>
    </p>
   </div>
   <div class='ocr_carea' id='block_1_44' title="bbox 393 4990 1961 5072">
    <p class='ocr_par' dir='ltr' id='par_1_44' title="bbox 393 4990 1961 5072">
     <span class='ocr_line' id='line_1_45' title="bbox 393 4990 1961 5072; baseline 0.005 -24"><span class='ocrx_word' id='word_1_318' title='bbox 393 4996 460 5048; x_wconf 75' lang='lat' dir='ltr'><strong>Ai</strong></span> <span class='ocrx_word' id='word_1_319' title='bbox 492 4996 590 5066; x_wconf 86' lang='grc' dir='ltr'><em>μὲν</em></span> <span class='ocrx_word' id='word_1_320' title='bbox 620 4990 712 5052; x_wconf 81' lang='grc' dir='ltr'><strong>οῦν</strong></span> <span class='ocrx_word' id='word_1_321' title='bbox 744 4997 978 5066; x_wconf 74' lang='grc' dir='ltr'><em>κεφαλαὶ</em></span> <span class='ocrx_word' id='word_1_322' title='bbox 1006 4999 1114 5054; x_wconf 88' lang='grc' dir='ltr'><em>τῶν</em></span> <span class='ocrx_word' id='word_1_323' title='bbox 1152 5000 1398 5072; x_wconf 86' lang='grc' dir='ltr'><em>Διδύμων</em></span> <span class='ocrx_word' id='word_1_324' title='bbox 1425 5003 1488 5057; x_wconf 81' lang='grc' dir='ltr'><em>οὐ</em></span> <span class='ocrx_word' id='word_1_325' title='bbox 1517 5004 1723 5056; x_wconf 86' lang='grc' dir='ltr'><em>κεῖνται</em></span> <span class='ocrx_word' id='word_1_326' title='bbox 1751 5003 1844 5056; x_wconf 74' lang='grc' dir='ltr'><strong>ἐπὶ</strong></span> <span class='ocrx_word' id='word_1_327' title='bbox 1869 5003 1961 5056; x_wconf 89' lang='grc' dir='ltr'><strong>τοῦ</strong></span> 
     </span>
    </p>
   </div>
   <div class='ocr_carea' id='block_1_45' title="bbox 392 5087 1963 5166">
    <p class='ocr_par' dir='ltr' id='par_1_45' title="bbox 392 5087 1963 5166">
     <span class='ocr_line' id='line_1_46' title="bbox 392 5087 1963 5166; baseline 0.004 -24"><span class='ocrx_word' id='word_1_328' title='bbox 392 5087 606 5160; x_wconf 83' lang='grc' dir='ltr'><em>θερινοῦ</em></span> <span class='ocrx_word' id='word_1_329' title='bbox 649 5089 932 5160; x_wconf 83' lang='grc' dir='ltr'><em>τροπικοῦ.</em></span> <span class='ocrx_word' id='word_1_330' title='bbox 962 5092 1020 5144; x_wconf 91' lang='lat'><strong>&#39;0</strong></span> <span class='ocrx_word' id='word_1_331' title='bbox 1058 5093 1158 5162; x_wconf 86' lang='grc' dir='ltr'><em>μὲν</em></span> <span class='ocrx_word' id='word_1_332' title='bbox 1192 5093 1302 5164; x_wconf 71' lang='grc' dir='ltr'><em>γὰρ</em></span> <span class='ocrx_word' id='word_1_333' title='bbox 1334 5093 1544 5164; x_wconf 79' lang='grc' dir='ltr'><em>θερινὸς</em></span> <span class='ocrx_word' id='word_1_334' title='bbox 1574 5095 1833 5166; x_wconf 87' lang='grc' dir='ltr'><em>τροπικὸς</em></span> <span class='ocrx_word' id='word_1_335' title='bbox 1869 5094 1963 5148; x_wconf 90' lang='grc' dir='ltr'><strong>τοῦ</strong></span> 
     </span>
    </p>
   </div>
   <div class='ocr_carea' id='block_1_46' title="bbox 399 5177 1964 5252">
    <p class='ocr_par' dir='ltr' id='par_1_46' title="bbox 399 5177 1964 5252">
     <span class='ocr_line' id='line_1_47' title="bbox 399 5177 1964 5252; baseline 0.004 -22"><span class='ocrx_word' id='word_1_336' title='bbox 399 5177 712 5250; x_wconf 76' lang='grc' dir='ltr'><em>ίσημερινοῦ</em></span> <span class='ocrx_word' id='word_1_337' title='bbox 727 5178 1060 5252; x_wconf 83' lang='grc' dir='ltr'><em>βορειότερός</em></span> <span class='ocrx_word' id='word_1_338' title='bbox 1077 5181 1192 5234; x_wconf 79' lang='grc' dir='ltr'><em>ἐστι</em></span> <span class='ocrx_word' id='word_1_339' title='bbox 1207 5183 1316 5252; x_wconf 81' lang='grc' dir='ltr'><em>μοι.</em></span> <span class='ocrx_word' id='word_1_340' title='bbox 1331 5182 1406 5246; x_wconf 86' lang='grc' dir='ltr'><em>ὡς</em></span> <span class='ocrx_word' id='word_1_341' title='bbox 1424 5182 1650 5252; x_wconf 74' lang='grc' dir='ltr'><em>ἔγγιστα</em></span> <span class='ocrx_word' id='word_1_342' title='bbox 1666 5183 1761 5236; x_wconf 83' lang='grc' dir='ltr'><em>κδ’·</em></span> <span class='ocrx_word' id='word_1_343' title='bbox 1783 5184 1890 5238; x_wconf 83' lang='grc' dir='ltr'><em>τῶν</em></span> <span class='ocrx_word' id='word_1_344' title='bbox 1907 5184 1964 5236; x_wconf 78' lang='grc' dir='ltr'><em>δὲ</em></span> 
     </span>
    </p>
   </div>
   <div class='ocr_carea' id='block_1_47' title="bbox 396 5267 1964 5346">
    <p class='ocr_par' dir='ltr' id='par_1_47' title="bbox 396 5267 1964 5346">
     <span class='ocr_line' id='line_1_48' title="bbox 396 5267 1964 5346; baseline 0.004 -25"><span class='ocrx_word' id='word_1_345' title='bbox 396 5267 640 5338; x_wconf 82' lang='grc' dir='ltr'><em>Διδύμων</em></span> <span class='ocrx_word' id='word_1_346' title='bbox 671 5270 704 5338; x_wconf 79' lang='grc' dir='ltr'>ἡ</span> <span class='ocrx_word' id='word_1_347' title='bbox 739 5270 837 5341; x_wconf 82' lang='grc' dir='ltr'><em>μὲν</em></span> <span class='ocrx_word' id='word_1_348' title='bbox 865 5271 1104 5342; x_wconf 77' lang='grc' dir='ltr'><em>ἑπομένη</em></span> <span class='ocrx_word' id='word_1_349' title='bbox 1141 5273 1350 5344; x_wconf 83' lang='grc' dir='ltr'><em>κεφαλὴ</em></span> <span class='ocrx_word' id='word_1_350' title='bbox 1382 5271 1691 5346; x_wconf 83' lang='grc' dir='ltr'><em>βορειοτέρα</em></span> <span class='ocrx_word' id='word_1_351' title='bbox 1729 5276 1846 5328; x_wconf 77' lang='grc' dir='ltr'><em>ἐστὶ</em></span> <span class='ocrx_word' id='word_1_352' title='bbox 1869 5275 1964 5328; x_wconf 88' lang='grc' dir='ltr'><strong>τοῦ</strong></span> 
     </span>
    </p>
   </div>
   <div class='ocr_carea' id='block_1_48' title="bbox 397 5360 1966 5436">
    <p class='ocr_par' dir='ltr' id='par_1_48' title="bbox 397 5360 1966 5436">
     <span class='ocr_line' id='line_1_49' title="bbox 397 5360 1966 5436; baseline 0.004 -25"><span class='ocrx_word' id='word_1_353' title='bbox 397 5361 712 5432; x_wconf 67' lang='grc' dir='ltr'><em>ισημερινοῦ</em></span> <span class='ocrx_word' id='word_1_354' title='bbox 741 5361 849 5432; x_wconf 89' lang='grc' dir='ltr'><em>μοί.</em></span> <span class='ocrx_word' id='word_1_355' title='bbox 879 5360 920 5414; x_wconf 84' lang='grc' dir='ltr'><em>λ’</em></span> <span class='ocrx_word' id='word_1_356' title='bbox 940 5377 954 5391; x_wconf 92' lang='grc'><strong>·</strong></span> <span class='ocrx_word' id='word_1_357' title='bbox 981 5365 1016 5435; x_wconf 80' lang='grc' dir='ltr'><strong>ἡ</strong></span> <span class='ocrx_word' id='word_1_358' title='bbox 1044 5361 1101 5415; x_wconf 84' lang='grc' dir='ltr'><em>δὲ</em></span> <span class='ocrx_word' id='word_1_359' title='bbox 1129 5365 1408 5435; x_wconf 78' lang='grc' dir='ltr'><em>ἡγουμένη</em></span> <span class='ocrx_word' id='word_1_360' title='bbox 1451 5367 1561 5436; x_wconf 77' lang='grc' dir='ltr'><em>μοι.</em></span> <span class='ocrx_word' id='word_1_361' title='bbox 1589 5365 1670 5434; x_wconf 83' lang='grc' dir='ltr'><em>λγ¹</em></span> <span class='ocrx_word' id='word_1_362' title='bbox 1693 5365 1777 5420; x_wconf 88' lang='lat' dir='ltr'><strong>S&quot;.</strong></span> <span class='ocrx_word' id='word_1_363' title='bbox 1804 5367 1966 5419; x_wconf 83' lang='grc' dir='ltr'><em>Ὥστε</em></span> 
     </span>
    </p>
   </div>
   <div class='ocr_carea' id='block_1_49' title="bbox 457 5515 1022 5586">
    <p class='ocr_par' dir='ltr' id='par_1_49' title="bbox 457 5515 1022 5586">
     <span class='ocr_line' id='line_1_50' title="bbox 457 5515 1022 5586; baseline 0.005 -19"><span class='ocrx_word' id='word_1_364' title='bbox 457 5515 503 5548; x_wconf 80' lang='grc'><strong>⁸³</strong></span> <span class='ocrx_word' id='word_1_365' title='bbox 525 5531 613 5586; x_wconf 88' lang='grc' dir='ltr'><em>γρ.</em></span> <span class='ocrx_word' id='word_1_366' title='bbox 639 5515 1022 5586; x_wconf 83' lang='grc' dir='ltr'><em>ἀποτέμνεται.</em></span> 
     </span>
    </p>
   </div>
   <div class='ocr_carea' id='block_1_50' title="bbox 467 5669 1962 5741">
    <p class='ocr_par' dir='ltr' id='par_1_50' title="bbox 467 5669 1962 5741">
     <span class='ocr_line' id='line_1_51' title="bbox 467 5669 1962 5741; baseline 0.001 -17"><span class='ocrx_word' id='word_1_367' title='bbox 467 5669 601 5741; x_wconf 67' lang='lat'><strong>(65‘)</strong></span> <span class='ocrx_word' id='word_1_368' title='bbox 639 5671 954 5726; x_wconf 82' lang='grc' dir='ltr'><em>Ἐλασσον</em></span> <span class='ocrx_word' id='word_1_369' title='bbox 971 5671 1081 5741; x_wconf 82' lang='grc' dir='ltr'><strong>γὰρ</strong></span> <span class='ocrx_word' id='word_1_370' title='bbox 1101 5672 1140 5737; x_wconf 82' lang='grc' dir='ltr'><strong>ἢ</strong></span> <span class='ocrx_word' id='word_1_371' title='bbox 1174 5672 1254 5737; x_wconf 84' lang='grc' dir='ltr'><em>τῷ</em></span> <span class='ocrx_word' id='word_1_372' title='bbox 1277 5679 1369 5726; x_wconf 86' lang='grc' dir='ltr'><em>ια’.</em></span> <span class='ocrx_word' id='word_1_373' title='bbox 1399 5669 1685 5726; x_wconf 78' lang='lat' dir='ltr'><strong>Manifesta</strong></span> <span class='ocrx_word' id='word_1_374' title='bbox 1704 5672 1842 5725; x_wconf 82' lang='lat' dir='ltr'><strong>ratio</strong></span> <span class='ocrx_word' id='word_1_375' title='bbox 1859 5681 1962 5734; x_wconf 88' lang='lat' dir='ltr'><strong>est,</strong></span> 
     </span>
    </p>
   </div>
   <div class='ocr_carea' id='block_1_51' title="bbox 396 5743 1960 5811">
    <p class='ocr_par' dir='ltr' id='par_1_51' title="bbox 396 5743 1960 5811">
     <span class='ocr_line' id='line_1_52' title="bbox 396 5743 1960 5811; baseline 0.003 -18"><span class='ocrx_word' id='word_1_376' title='bbox 396 5756 560 5807; x_wconf 84' lang='lat' dir='ltr'><strong>quam</strong></span> <span class='ocrx_word' id='word_1_377' title='bbox 592 5743 873 5810; x_wconf 69' lang='lat' dir='ltr'><strong>attigimus</strong></span> <span class='ocrx_word' id='word_1_378' title='bbox 899 5758 1084 5811; x_wconf 81' lang='lat' dir='ltr'><strong>supra.</strong></span> <span class='ocrx_word' id='word_1_379' title='bbox 1109 5743 1207 5797; x_wconf 82' lang='lat' dir='ltr'><strong>Est</strong></span> <span class='ocrx_word' id='word_1_380' title='bbox 1249 5746 1394 5798; x_wconf 88' lang='lat' dir='ltr'><strong>enim</strong></span> <span class='ocrx_word' id='word_1_381' title='bbox 1433 5743 1622 5797; x_wconf 90' lang='lat' dir='ltr'><strong>eadem</strong></span> <span class='ocrx_word' id='word_1_382' title='bbox 1679 5744 1960 5811; x_wconf 72' lang='lat' dir='ltr'><strong>proportio</strong></span> 
     </span>
    </p>
   </div>
   <div class='ocr_carea' id='block_1_52' title="bbox 396 5811 1962 5876">
    <p class='ocr_par' dir='ltr' id='par_1_52' title="bbox 396 5811 1962 5876">
     <span class='ocr_line' id='line_1_53' title="bbox 396 5811 1962 5876; baseline 0.002 -13"><span class='ocrx_word' id='word_1_383' title='bbox 396 5811 615 5869; x_wconf 82' lang='lat' dir='ltr'><strong>maximi</strong></span> <span class='ocrx_word' id='word_1_384' title='bbox 665 5812 853 5867; x_wconf 88' lang='lat' dir='ltr'><strong>circuli</strong></span> <span class='ocrx_word' id='word_1_385' title='bbox 901 5814 967 5867; x_wconf 83' lang='lat' dir='ltr'><strong>ad</strong></span> <span class='ocrx_word' id='word_1_386' title='bbox 998 5814 1304 5874; x_wconf 88' lang='lat' dir='ltr'><strong>trooicutn.</strong></span> <span class='ocrx_word' id='word_1_387' title='bbox 1351 5811 1610 5874; x_wconf 63' lang='lat' dir='ltr'><strong>gradibus</strong></span> <span class='ocrx_word' id='word_1_388' title='bbox 1643 5821 1878 5876; x_wconf 77' lang='lat' dir='ltr'><strong>quatuor</strong></span> <span class='ocrx_word' id='word_1_389' title='bbox 1909 5822 1962 5867; x_wconf 91' lang='lat' dir='ltr'><strong>et</strong></span> 
     </span>
    </p>
   </div>
   <div class='ocr_carea' id='block_1_53' title="bbox 1391 414 2612 476">
    <p class='ocr_par' dir='ltr' id='par_1_53' title="bbox 1391 414 2612 476">
     <span class='ocr_line' id='line_1_54' title="bbox 1391 414 2612 476; baseline -0.005 -2"><span class='ocrx_word' id='word_1_390' title='bbox 1391 419 1758 476; x_wconf 75' lang='lat' dir='ltr'><strong>HIPPABCHI</strong></span> <span class='ocrx_word' id='word_1_391' title='bbox 1793 418 1886 473; x_wconf 84' lang='lat' dir='ltr'><strong>AD</strong></span> <span class='ocrx_word' id='word_1_392' title='bbox 1924 414 2367 472; x_wconf 68' lang='lat' dir='ltr'><strong>PllIENOMENA</strong></span> <span class='ocrx_word' id='word_1_393' title='bbox 2405 415 2534 470; x_wconf 87' lang='lat' dir='ltr'><strong>LIB.</strong></span> <span class='ocrx_word' id='word_1_394' title='bbox 2575 415 2612 468; x_wconf 92' lang='grc' dir='ltr'><em>ι.</em></span> 
     </span>
    </p>
   </div>
   <div class='ocr_carea' id='block_1_54' title="bbox 684 527 1961 606">
    <p class='ocr_par' dir='ltr' id='par_1_54' title="bbox 684 534 1961 606">
     <span class='ocr_line' id='line_1_55' title="bbox 684 534 1961 606; baseline -0.004 -14"><span class='ocrx_word' id='word_1_395' title='bbox 684 538 834 594; x_wconf 82' lang='grc' dir='ltr'><em>ὅσον</em></span> <span class='ocrx_word' id='word_1_396' title='bbox 879 554 944 592; x_wconf 79' lang='grc' dir='ltr'><strong>τε</strong></span> <span class='ocrx_word' id='word_1_397' title='bbox 987 537 1256 606; x_wconf 79' lang='grc' dir='ltr'><em>μάλιστα</em></span> <span class='ocrx_word' id='word_1_398' title='bbox 1287 537 1360 591; x_wconf 86' lang='grc' dir='ltr'><em>δι’</em></span> <span class='ocrx_word' id='word_1_399' title='bbox 1393 538 1544 590; x_wconf 88' lang='grc' dir='ltr'><em>όκτὼ</em></span> <span class='ocrx_word' id='word_1_400' title='bbox 1565 534 1961 605; x_wconf 82' lang='grc' dir='ltr'><em>μετρηθέντος</em></span> 
     </span>
    </p>
   </div>
   <div class='ocr_carea' id='block_1_55' title="bbox 2066 527 3418 606">
    <p class='ocr_par' dir='ltr' id='par_1_55' title="bbox 2069 527 3418 606">
     <span class='ocr_line' id='line_1_56' title="bbox 2069 527 3418 606; baseline 0 -24"><span class='ocrx_word' id='word_1_401' title='bbox 2069 529 2183 606; x_wconf 55' lang='lat' dir='ltr'><strong>{loc</strong></span> <span class='ocrx_word' id='word_1_402' title='bbox 2211 529 2500 606; x_wconf 84' lang='lat' dir='ltr'><strong>quide_m_i_n</strong></span> <span class='ocrx_word' id='word_1_403' title='bbox 2528 539 2696 606; x_wconf 67' lang='lat' dir='ltr'><strong>totum</strong></span> <span class='ocrx_word' id='word_1_404' title='bbox 2719 544 2811 606; x_wconf 71' lang='lat' dir='ltr'><strong>per</strong></span> <span class='ocrx_word' id='word_1_405' title='bbox 2836 537 2951 606; x_wconf 69' lang='lat' dir='ltr'><strong>octo</strong></span> <span class='ocrx_word' id='word_1_406' title='bbox 2980 539 3156 606; x_wconf 77' lang='lat' dir='ltr'><strong>partes</strong></span> <span class='ocrx_word' id='word_1_407' title='bbox 3185 527 3418 584; x_wconf 83' lang='lat' dir='ltr'><strong>dimenso</strong></span> 
     </span>
    </p>
   </div>
   <div class='ocr_carea' id='block_1_56' title="bbox 1994 4585 2042 4642">
    <p class='ocr_par' dir='ltr' id='par_1_56' title="bbox 1994 4585 2042 4642">
     <span class='ocr_line' id='line_1_57' title="bbox 1994 4585 2042 4642; baseline 0 0"><span class='ocrx_word' id='word_1_408' title='bbox 1994 4585 2042 4642; x_wconf 90' lang='lat' dir='ltr'><strong>D</strong></span> 
     </span>
    </p>
   </div>
   <div class='ocr_carea' id='block_1_57' title="bbox 3493 415 3661 470">
    <p class='ocr_par' dir='ltr' id='par_1_57' title="bbox 3493 415 3661 470">
     <span class='ocr_line' id='line_1_58' title="bbox 3493 415 3661 470; baseline -0.012 -2"><span class='ocrx_word' id='word_1_409' title='bbox 3493 415 3628 470; x_wconf 66' lang='lat'><strong>{050</strong></span> <span class='ocrx_word' id='word_1_410' title='bbox 3658 433 3661 435; x_wconf 93' lang='grc'><strong>·</strong></span> 
     </span>
    </p>
   </div>
   <div class='ocr_carea' id='block_1_58' title="bbox 2066 597 3628 668">
    <p class='ocr_par' dir='ltr' id='par_1_58' title="bbox 2066 597 3628 668">
     <span class='ocr_line' id='line_1_59' title="bbox 2066 597 3628 668; baseline 0.001 -16"><span class='ocrx_word' id='word_1_411' title='bbox 2066 597 2306 668; x_wconf 69' lang='lat' dir='ltr'><strong>Quinque</strong></span> <span class='ocrx_word' id='word_1_412' title='bbox 2339 600 2401 652; x_wconf 89' lang='lat' dir='ltr'><strong>de</strong></span> <span class='ocrx_word' id='word_1_413' title='bbox 2423 601 2503 653; x_wconf 81' lang='lat' dir='ltr'><strong>his</strong></span> <span class='ocrx_word' id='word_1_414' title='bbox 2536 599 2590 652; x_wconf 87' lang='lat' dir='ltr'><strong>in</strong></span> <span class='ocrx_word' id='word_1_415' title='bbox 2617 599 2874 668; x_wconf 76' lang='lat' dir='ltr'><strong>superiori</strong></span> <span class='ocrx_word' id='word_1_416' title='bbox 2898 607 3047 666; x_wconf 83' lang='lat' dir='ltr'><strong>parte</strong></span> <span class='ocrx_word' id='word_1_417' title='bbox 3069 597 3360 659; x_wconf 82' lang='lat' dir='ltr'><strong>volvuntur,</strong></span> <span class='ocrx_word' id='word_1_418' title='bbox 3384 617 3446 652; x_wconf 88' lang='lat' dir='ltr'><strong>ac</strong></span> <span class='ocrx_word' id='word_1_419' title='bbox 3466 617 3628 668; x_wconf 76' lang='lat' dir='ltr'><strong>supra</strong></span> 
     </span>
    </p>
   </div>
   <div class='ocr_carea' id='block_1_59' title="bbox 3287 668 3554 741">
    <p class='ocr_par' dir='ltr' id='par_1_59' title="bbox 3287 668 3554 741">
     <span class='ocr_line' id='line_1_60' title="bbox 3287 668 3554 741; baseline 0.004 -20"><span class='ocrx_word' id='word_1_420' title='bbox 3287 668 3506 741; x_wconf 75' lang='lat' dir='ltr'><strong>[terram</strong></span> <span class='ocrx_word' id='word_1_421' title='bbox 3535 686 3554 736; x_wconf 84' lang='lat'><strong><em>;</em></strong></span> 
     </span>
    </p>
   </div>
   <div class='ocr_carea' id='block_1_60' title="bbox 2061 739 2720 807">
    <p class='ocr_par' dir='ltr' id='par_1_60' title="bbox 2061 739 2720 807">
     <span class='ocr_line' id='line_1_61' title="bbox 2061 739 2720 807; baseline -0.003 -15"><span class='ocrx_word' id='word_1_422' title='bbox 2061 739 2187 794; x_wconf 86' lang='lat' dir='ltr'><strong>Tres</strong></span> <span class='ocrx_word' id='word_1_423' title='bbox 2217 747 2393 793; x_wconf 86' lang='lat' dir='ltr'><strong>autem</strong></span> <span class='ocrx_word' id='word_1_424' title='bbox 2427 739 2483 790; x_wconf 88' lang='lat' dir='ltr'><strong>in</strong></span> <span class='ocrx_word' id='word_1_425' title='bbox 2515 739 2720 807; x_wconf 80' lang='lat' dir='ltr'><strong>infima.</strong></span> 
     </span>
    </p>
   </div>
   <div class='ocr_carea' id='block_1_61' title="bbox 2129 848 3628 920">
    <p class='ocr_par' dir='ltr' id='par_1_61' title="bbox 2129 848 3628 920">
     <span class='ocr_line' id='line_1_62' title="bbox 2129 848 3628 920; baseline 0.003 -20"><span class='ocrx_word' id='word_1_426' title='bbox 2129 850 2285 916; x_wconf 82' lang='lat' dir='ltr'><strong>Quod</strong></span> <span class='ocrx_word' id='word_1_427' title='bbox 2330 849 2374 904; x_wconf 90' lang='lat' dir='ltr'><strong><em>si</em></strong></span> <span class='ocrx_word' id='word_1_428' title='bbox 2426 848 2656 902; x_wconf 90' lang='lat' dir='ltr'><strong>latitudo</strong></span> <span class='ocrx_word' id='word_1_429' title='bbox 2703 849 2850 902; x_wconf 91' lang='lat' dir='ltr'><strong>illius</strong></span> <span class='ocrx_word' id='word_1_430' title='bbox 2889 856 3035 903; x_wconf 83' lang='lat' dir='ltr'><strong>esset</strong></span> <span class='ocrx_word' id='word_1_431' title='bbox 3078 849 3209 912; x_wconf 88' lang='lat' dir='ltr'><strong>ulla,</strong></span> <span class='ocrx_word' id='word_1_432' title='bbox 3240 857 3296 904; x_wconf 88' lang='lat' dir='ltr'><strong>et</strong></span> <span class='ocrx_word' id='word_1_433' title='bbox 3341 851 3397 904; x_wconf 91' lang='lat' dir='ltr'><strong>in</strong></span> <span class='ocrx_word' id='word_1_434' title='bbox 3445 858 3628 920; x_wconf 85' lang='lat' dir='ltr'><strong>partes</strong></span> 
     </span>
    </p>
   </div>
   <div class='ocr_carea' id='block_1_62' title="bbox 2057 940 3628 1010">
    <p class='ocr_par' dir='ltr' id='par_1_62' title="bbox 2057 940 3628 1010">
     <span class='ocr_line' id='line_1_63' title="bbox 2057 940 3628 1010; baseline -0.001 -15"><span class='ocrx_word' id='word_1_435' title='bbox 2057 953 2184 995; x_wconf 92' lang='lat' dir='ltr'><strong>octo</strong></span> <span class='ocrx_word' id='word_1_436' title='bbox 2223 941 2572 1010; x_wconf 82' lang='lat' dir='ltr'><strong>tribueretur,</strong></span> <span class='ocrx_word' id='word_1_437' title='bbox 2630 940 2744 994; x_wconf 74' lang='lat' dir='ltr'><strong>fleri</strong></span> <span class='ocrx_word' id='word_1_438' title='bbox 2797 947 3002 1009; x_wconf 87' lang='lat' dir='ltr'><strong>posset,</strong></span> <span class='ocrx_word' id='word_1_439' title='bbox 3063 948 3120 993; x_wconf 91' lang='lat' dir='ltr'><strong>ut</strong></span> <span class='ocrx_word' id='word_1_440' title='bbox 3173 947 3284 995; x_wconf 88' lang='lat' dir='ltr'><strong>tota</strong></span> <span class='ocrx_word' id='word_1_441' title='bbox 3351 949 3628 1010; x_wconf 73' lang='lat' dir='ltr'><strong>segmenta</strong></span> 
     </span>
    </p>
   </div>
   <div class='ocr_carea' id='block_1_63' title="bbox 2061 1031 3630 1102">
    <p class='ocr_par' dir='ltr' id='par_1_63' title="bbox 2061 1031 3630 1102">
     <span class='ocr_line' id='line_1_64' title="bbox 2061 1031 3630 1102; baseline 0.001 -17"><span class='ocrx_word' id='word_1_442' title='bbox 2061 1032 2238 1087; x_wconf 81' lang='lat' dir='ltr'><strong>forent</strong></span> <span class='ocrx_word' id='word_1_443' title='bbox 2260 1048 2494 1102; x_wconf 88' lang='lat' dir='ltr'><strong>superne</strong></span> <span class='ocrx_word' id='word_1_444' title='bbox 2523 1031 2858 1101; x_wconf 77' lang='lat' dir='ltr'><strong>inferneque,</strong></span> <span class='ocrx_word' id='word_1_445' title='bbox 2886 1034 3185 1087; x_wconf 83' lang='lat' dir='ltr'><strong>inclinante</strong></span> <span class='ocrx_word' id='word_1_446' title='bbox 3210 1032 3432 1086; x_wconf 87' lang='lat' dir='ltr'><strong>mundo.</strong></span> <span class='ocrx_word' id='word_1_447' title='bbox 3461 1033 3630 1099; x_wconf 80' lang='lat' dir='ltr'><strong>Quin-</strong></span> 
     </span>
    </p>
   </div>
   <div class='ocr_carea' id='block_1_64' title="bbox 2058 1123 3623 1193">
    <p class='ocr_par' dir='ltr' id='par_1_64' title="bbox 2058 1123 3623 1193">
     <span class='ocr_line' id='line_1_65' title="bbox 2058 1123 3623 1193; baseline 0.001 -15"><span class='ocrx_word' id='word_1_448' title='bbox 2058 1125 2220 1178; x_wconf 84' lang='lat' dir='ltr'><strong>etiam</strong></span> <span class='ocrx_word' id='word_1_449' title='bbox 2238 1125 2304 1179; x_wconf 90' lang='lat' dir='ltr'><strong>de</strong></span> <span class='ocrx_word' id='word_1_450' title='bbox 2328 1123 2552 1178; x_wconf 77' lang='lat' dir='ltr'><strong>zodiaca</strong></span> <span class='ocrx_word' id='word_1_451' title='bbox 2576 1124 2823 1193; x_wconf 82' lang='lat' dir='ltr'><strong>loquens,</strong></span> <span class='ocrx_word' id='word_1_452' title='bbox 2839 1139 2963 1177; x_wconf 91' lang='lat' dir='ltr'><strong>cum</strong></span> <span class='ocrx_word' id='word_1_453' title='bbox 2981 1124 3251 1177; x_wconf 80' lang='lat' dir='ltr'><strong>interdum</strong></span> <span class='ocrx_word' id='word_1_454' title='bbox 3271 1123 3382 1178; x_wconf 66' lang='lat' dir='ltr'><strong>haec</strong></span> <span class='ocrx_word' id='word_1_455' title='bbox 3398 1123 3623 1180; x_wconf 82' lang='lat' dir='ltr'><strong>scribit:</strong></span> 
     </span>
    </p>
   </div>
   <div class='ocr_carea' id='block_1_65' title="bbox 2062 1236 3543 1301">
    <p class='ocr_par' dir='ltr' id='par_1_65' title="bbox 2062 1236 3543 1301">
     <span class='ocr_line' id='line_1_66' title="bbox 2062 1236 3543 1301; baseline 0.001 -12"><span class='ocrx_word' id='word_1_456' title='bbox 2062 1238 2330 1301; x_wconf 84' lang='lat' dir='ltr'><strong>Quantum</strong></span> <span class='ocrx_word' id='word_1_457' title='bbox 2368 1246 2542 1290; x_wconf 86' lang='lat' dir='ltr'><strong>autem</strong></span> <span class='ocrx_word' id='word_1_458' title='bbox 2578 1237 2810 1290; x_wconf 80' lang='lat' dir='ltr'><strong>ocularis</strong></span> <span class='ocrx_word' id='word_1_459' title='bbox 2840 1239 2980 1291; x_wconf 83' lang='lat' dir='ltr'><strong>risus</strong></span> <span class='ocrx_word' id='word_1_460' title='bbox 3010 1236 3310 1292; x_wconf 74' lang='lat' dir='ltr'><strong>extenditur</strong></span> <span class='ocrx_word' id='word_1_461' title='bbox 3335 1237 3543 1300; x_wconf 87' lang='lat' dir='ltr'><strong>radius,</strong></span> 
     </span>
    </p>
   </div>
   <div class='ocr_carea' id='block_1_66' title="bbox 2061 1306 3630 1376">
    <p class='ocr_par' dir='ltr' id='par_1_66' title="bbox 2061 1306 3630 1376">
     <span class='ocr_line' id='line_1_67' title="bbox 2061 1306 3630 1376; baseline -0.001 -13"><span class='ocrx_word' id='word_1_462' title='bbox 2061 1308 2240 1363; x_wconf 77' lang='lat' dir='ltr'><strong>Sexies</strong></span> <span class='ocrx_word' id='word_1_463' title='bbox 2273 1308 2593 1361; x_wconf 81' lang='lat' dir='ltr'><strong>tantumdem</strong></span> <span class='ocrx_word' id='word_1_464' title='bbox 2613 1307 2970 1376; x_wconf 85' lang='lat' dir='ltr'><strong>subteripsunt</strong></span> <span class='ocrx_word' id='word_1_465' title='bbox 2999 1309 3258 1362; x_wconf 84' lang='lat' dir='ltr'><strong>meacerit.</strong></span> <span class='ocrx_word' id='word_1_466' title='bbox 3292 1306 3456 1361; x_wconf 85' lang='lat' dir='ltr'><strong>Porro</strong></span> <span class='ocrx_word' id='word_1_467' title='bbox 3486 1324 3630 1376; x_wconf 81' lang='lat' dir='ltr'><strong>qua:-</strong></span> 
     </span>
    </p>
   </div>
   <div class='ocr_carea' id='block_1_67' title="bbox 3261 1375 3556 1450">
    <p class='ocr_par' dir='ltr' id='par_1_67' title="bbox 3261 1375 3556 1450">
     <span class='ocr_line' id='line_1_68' title="bbox 3261 1375 3556 1450; baseline 0.007 -20"><span class='ocrx_word' id='word_1_468' title='bbox 3261 1375 3358 1450; x_wconf 83' lang='lat' dir='ltr'><strong>[cis</strong></span> <span class='ocrx_word' id='word_1_469' title='bbox 3385 1375 3556 1446; x_wconf 85' lang='lat' dir='ltr'><strong>portio</strong></span> 
     </span>
    </p>
   </div>
   <div class='ocr_carea' id='block_1_68' title="bbox 2061 1445 3308 1516">
    <p class='ocr_par' dir='ltr' id='par_1_68' title="bbox 2061 1445 3308 1516">
     <span class='ocr_line' id='line_1_69' title="bbox 2061 1445 3308 1516; baseline 0.002 -16"><span class='ocrx_word' id='word_1_470' title='bbox 2061 1450 2146 1500; x_wconf 76' lang='lat' dir='ltr'><strong>Ex</strong></span> <span class='ocrx_word' id='word_1_471' title='bbox 2172 1462 2318 1516; x_wconf 68' lang='lat' dir='ltr'><strong>(equo</strong></span> <span class='ocrx_word' id='word_1_472' title='bbox 2344 1445 2578 1501; x_wconf 84' lang='lat' dir='ltr'><strong>dimensa</strong></span> <span class='ocrx_word' id='word_1_473' title='bbox 2611 1446 2717 1500; x_wconf 90' lang='lat' dir='ltr'><strong>duo</strong></span> <span class='ocrx_word' id='word_1_474' title='bbox 2753 1445 3016 1501; x_wconf 83' lang='lat' dir='ltr'><strong>abscindit</strong></span> <span class='ocrx_word' id='word_1_475' title='bbox 3047 1445 3308 1502; x_wconf 39' lang='lat' dir='ltr'><strong>astra...)</strong></span> 
     </span>
    </p>
   </div>
   <div class='ocr_carea' id='block_1_69' title="bbox 2067 1561 2883 1632">
    <p class='ocr_par' dir='ltr' id='par_1_69' title="bbox 2067 1561 2883 1632">
     <span class='ocr_line' id='line_1_70' title="bbox 2067 1561 2883 1632; baseline -0.006 -12"><span class='ocrx_word' id='word_1_476' title='bbox 2067 1561 2222 1631; x_wconf 80' lang='grc'><strong>113</strong></span> <span class='ocrx_word' id='word_1_477' title='bbox 2248 1569 2302 1616; x_wconf 89' lang='lat' dir='ltr'><strong>et</strong></span> <span class='ocrx_word' id='word_1_478' title='bbox 2329 1562 2465 1618; x_wconf 87' lang='lat' dir='ltr'><strong>alias</strong></span> <span class='ocrx_word' id='word_1_479' title='bbox 2494 1564 2567 1617; x_wconf 91' lang='lat' dir='ltr'><strong>ita</strong></span> <span class='ocrx_word' id='word_1_480' title='bbox 2601 1561 2840 1632; x_wconf 86' lang='lat' dir='ltr'><strong>loquitur</strong></span> <span class='ocrx_word' id='word_1_481' title='bbox 2867 1576 2883 1615; x_wconf 85' lang='lat'><strong>:</strong></span> 
     </span>
    </p>
   </div>
   <div class='ocr_carea' id='block_1_70' title="bbox 2064 1671 3634 1746">
    <p class='ocr_par' dir='ltr' id='par_1_70' title="bbox 2064 1671 3634 1746">
     <span class='ocr_line' id='line_1_71' title="bbox 2064 1671 3634 1746; baseline 0.004 -22"><span class='ocrx_word' id='word_1_482' title='bbox 2064 1671 2242 1743; x_wconf 81' lang='lat' dir='ltr'><strong>Hujus</strong></span> <span class='ocrx_word' id='word_1_483' title='bbox 2269 1682 2444 1728; x_wconf 90' lang='lat' dir='ltr'><strong>autem</strong></span> <span class='ocrx_word' id='word_1_484' title='bbox 2488 1684 2745 1746; x_wconf 88' lang='lat' dir='ltr'><strong>quantum</strong></span> <span class='ocrx_word' id='word_1_485' title='bbox 2777 1689 3059 1726; x_wconf 78' lang='lat' dir='ltr'><strong>concavum</strong></span> <span class='ocrx_word' id='word_1_486' title='bbox 3109 1673 3204 1728; x_wconf 86' lang='lat' dir='ltr'><strong>sub</strong></span> <span class='ocrx_word' id='word_1_487' title='bbox 3235 1673 3498 1746; x_wconf 68' lang='lat' dir='ltr'><strong>Oceanum</strong></span> <span class='ocrx_word' id='word_1_488' title='bbox 3545 1695 3634 1733; x_wconf 80' lang='lat' dir='ltr'><strong>oo-</strong></span> 
     </span>
    </p>
   </div>
   <div class='ocr_carea' id='block_1_71' title="bbox 3305 1743 3560 1816">
    <p class='ocr_par' dir='ltr' id='par_1_71' title="bbox 3305 1743 3560 1816">
     <span class='ocr_line' id='line_1_72' title="bbox 3305 1743 3560 1816; baseline 0.012 -19"><span class='ocrx_word' id='word_1_489' title='bbox 3305 1743 3526 1816; x_wconf 86' lang='lat' dir='ltr'><strong>[ciderit</strong></span> <span class='ocrx_word' id='word_1_490' title='bbox 3545 1789 3560 1812; x_wconf 91' lang='lat'><strong>,</strong></span> 
     </span>
    </p>
   </div>
   <div class='ocr_carea' id='block_1_72' title="bbox 3259 1831 3634 1873">
    <p class='ocr_par' dir='ltr' id='par_1_72' title="bbox 3259 1831 3634 1873">
     <span class='ocr_line' id='line_1_73' title="bbox 3259 1831 3634 1873; baseline 0.016 -6"><span class='ocrx_word' id='word_1_491' title='bbox 3259 1831 3340 1868; x_wconf 86' lang='lat' dir='ltr'><strong>om</strong></span> <span class='ocrx_word' id='word_1_492' title='bbox 3347 1833 3406 1870; x_wconf 88' lang='lat' dir='ltr'><strong>ne</strong></span> <span class='ocrx_word' id='word_1_493' title='bbox 3413 1833 3461 1870; x_wconf 90' lang='lat' dir='ltr'><strong>m</strong></span> <span class='ocrx_word' id='word_1_494' title='bbox 3516 1835 3634 1873; x_wconf 64' lang='grc' dir='ltr'><em>οξτο</em></span> 
     </span>
    </p>
   </div>
   <div class='ocr_carea' id='block_1_73' title="bbox 3319 1883 3560 1957">
    <p class='ocr_par' dir='ltr' id='par_1_73' title="bbox 3319 1883 3560 1957">
     <span class='ocr_line' id='line_1_74' title="bbox 3319 1883 3560 1957; baseline 0.017 -19"><span class='ocrx_word' id='word_1_495' title='bbox 3319 1883 3339 1957; x_wconf 93' lang='grc'><strong>[</strong></span> <span class='ocrx_word' id='word_1_496' title='bbox 3360 1896 3560 1942; x_wconf 86' lang='lat' dir='ltr'><strong>noctem</strong></span> 
     </span>
    </p>
   </div>
   <div class='ocr_carea' id='block_1_74' title="bbox 2067 1812 3205 1882">
    <p class='ocr_par' dir='ltr' id='par_1_74' title="bbox 2067 1812 3205 1882">
     <span class='ocr_line' id='line_1_75' title="bbox 2067 1812 3205 1882; baseline -0.002 -14"><span class='ocrx_word' id='word_1_497' title='bbox 2067 1814 2295 1868; x_wconf 85' lang='lat' dir='ltr'><strong>Tantum</strong></span> <span class='ocrx_word' id='word_1_498' title='bbox 2348 1829 2508 1882; x_wconf 88' lang='lat' dir='ltr'><strong>supra</strong></span> <span class='ocrx_word' id='word_1_499' title='bbox 2561 1821 2756 1867; x_wconf 85' lang='lat' dir='ltr'><strong>terram</strong></span> <span class='ocrx_word' id='word_1_500' title='bbox 2819 1812 2988 1881; x_wconf 84' lang='lat' dir='ltr'><strong>fertur</strong></span> <span class='ocrx_word' id='word_1_501' title='bbox 3037 1826 3056 1864; x_wconf 85' lang='lat'><strong>.&#39;</strong></span> <span class='ocrx_word' id='word_1_502' title='bbox 3112 1829 3205 1881; x_wconf 87' lang='lat' dir='ltr'><strong>per</strong></span> 
     </span>
    </p>
   </div>
   <div class='ocr_carea' id='block_1_75' title="bbox 2065 1949 3288 2021">
    <p class='ocr_par' dir='ltr' id='par_1_75' title="bbox 2065 1949 3288 2021">
     <span class='ocr_line' id='line_1_76' title="bbox 2065 1949 3288 2021; baseline -0.002 -15"><span class='ocrx_word' id='word_1_503' title='bbox 2065 1951 2170 2006; x_wconf 81' lang='lat' dir='ltr'><strong>Sea:</strong></span> <span class='ocrx_word' id='word_1_504' title='bbox 2202 1968 2400 2021; x_wconf 86' lang='lat' dir='ltr'><strong>semper</strong></span> <span class='ocrx_word' id='word_1_505' title='bbox 2429 1951 2669 2005; x_wconf 86' lang='lat' dir='ltr'><strong>occidunt</strong></span> <span class='ocrx_word' id='word_1_506' title='bbox 2701 1949 3025 2005; x_wconf 73' lang='lat' dir='ltr'><strong>duodecima:</strong></span> <span class='ocrx_word' id='word_1_507' title='bbox 3057 1951 3242 2005; x_wconf 81' lang='lat' dir='ltr'><strong>circuli</strong></span> <span class='ocrx_word' id='word_1_508' title='bbox 3270 1965 3288 2004; x_wconf 66' lang='grc' dir='ltr'><strong>ε</strong></span> 
     </span>
    </p>
   </div>
   <div class='ocr_carea' id='block_1_76' title="bbox 2066 2021 3633 2108">
    <p class='ocr_par' dir='ltr' id='par_1_76' title="bbox 2066 2021 3633 2108">
     <span class='ocr_line' id='line_1_77' title="bbox 2066 2021 3633 2108; baseline 0.003 -32"><span class='ocrx_word' id='word_1_509' title='bbox 2066 2023 2305 2077; x_wconf 86' lang='lat' dir='ltr'><strong>Totidem</strong></span> <span class='ocrx_word' id='word_1_510' title='bbox 2335 2024 2580 2075; x_wconf 87' lang='lat' dir='ltr'><strong>oriuntur</strong></span> <span class='ocrx_word' id='word_1_511' title='bbox 2605 2037 2624 2075; x_wconf 88' lang='lat'><strong><em>:</em></strong></span> <span class='ocrx_word' id='word_1_512' title='bbox 2681 2031 2884 2074; x_wconf 82' lang='lat' dir='ltr'><strong>tantum</strong></span> <span class='ocrx_word' id='word_1_513' title='bbox 2935 2034 3109 2074; x_wconf 77' lang='lat' dir='ltr'><strong>autent</strong></span> <span class='ocrx_word' id='word_1_514' title='bbox 3139 2021 3207 2074; x_wconf 87' lang='lat' dir='ltr'><strong>ad</strong></span> <span class='ocrx_word' id='word_1_515' title='bbox 3255 2021 3633 2108; x_wconf 62' lang='lat' dir='ltr'><strong>longitudinem</strong></span> 
     </span>
    </p>
   </div>
   <div class='ocr_carea' id='block_1_77' title="bbox 2065 2111 3565 2230">
    <p class='ocr_par' dir='ltr' id='par_1_77' title="bbox 2065 2111 3565 2230">
     <span class='ocr_line' id='line_1_78' title="bbox 2065 2111 3565 2230; baseline 0.005 -17"><span class='ocrx_word' id='word_1_516' title='bbox 2065 2159 2192 2230; x_wconf 68' lang='lat' dir='ltr'><strong>Non:</strong></span> <span class='ocrx_word' id='word_1_517' title='bbox 2220 2177 2420 2228; x_wconf 86' lang='lat' dir='ltr'><strong>semper</strong></span> <span class='ocrx_word' id='word_1_518' title='bbox 2445 2160 2762 2218; x_wconf 77' lang='lat' dir='ltr'><strong>extenditur.</strong></span> <span class='ocrx_word' id='word_1_519' title='bbox 2792 2169 3046 2230; x_wconf 87' lang='lat' dir='ltr'><strong>quantum</strong></span> <span class='ocrx_word' id='word_1_520' title='bbox 3073 2111 3350 2216; x_wconf 70' lang='lat' dir='ltr'><strong>dimidiunlt</strong></span> 
     </span>
    </p>
   </div>
   <div class='ocr_carea' id='block_1_78' title="bbox 2066 2229 3398 2298">
    <p class='ocr_par' dir='ltr' id='par_1_78' title="bbox 2066 2229 3398 2298">
     <span class='ocr_line' id='line_1_79' title="bbox 2066 2229 3398 2298; baseline 0.002 -14"><span class='ocrx_word' id='word_1_521' title='bbox 2066 2229 2286 2286; x_wconf 80' lang='lat' dir='ltr'><strong>Ineunte</strong></span> <span class='ocrx_word' id='word_1_522' title='bbox 2311 2231 2376 2284; x_wconf 87' lang='lat' dir='ltr'><strong>ab</strong></span> <span class='ocrx_word' id='word_1_523' title='bbox 2409 2241 2556 2285; x_wconf 81' lang='lat' dir='ltr'><strong>nocte</strong></span> <span class='ocrx_word' id='word_1_524' title='bbox 2591 2229 2857 2285; x_wconf 79' lang='lat' dir='ltr'><strong>attollitur</strong></span> <span class='ocrx_word' id='word_1_525' title='bbox 2887 2245 3047 2298; x_wconf 85' lang='lat' dir='ltr'><strong>supra</strong></span> <span class='ocrx_word' id='word_1_526' title='bbox 3088 2241 3398 2288; x_wconf 87' lang='lat' dir='ltr'><strong>terram.....</strong></span> 
     </span>
    </p>
   </div>
   <div class='ocr_carea' id='block_1_79' title="bbox 2065 2344 3637 2414">
    <p class='ocr_par' dir='ltr' id='par_1_79' title="bbox 2065 2344 3637 2414">
     <span class='ocr_line' id='line_1_80' title="bbox 2065 2344 3637 2414; baseline 0.003 -16"><span class='ocrx_word' id='word_1_527' title='bbox 2065 2345 2120 2398; x_wconf 87' lang='lat' dir='ltr'><strong>itt</strong></span> <span class='ocrx_word' id='word_1_528' title='bbox 2155 2345 2262 2408; x_wconf 85' lang='lat' dir='ltr'><strong>his,</strong></span> <span class='ocrx_word' id='word_1_529' title='bbox 2299 2344 2546 2414; x_wconf 88' lang='lat' dir='ltr'><strong>inquam,</strong></span> <span class='ocrx_word' id='word_1_530' title='bbox 2609 2344 2867 2402; x_wconf 82' lang='lat' dir='ltr'><strong>omnibus</strong></span> <span class='ocrx_word' id='word_1_531' title='bbox 2934 2345 3088 2400; x_wconf 88' lang='lat' dir='ltr'><strong>nulla</strong></span> <span class='ocrx_word' id='word_1_532' title='bbox 3132 2355 3476 2402; x_wconf 86' lang='lat' dir='ltr'><strong>constantem</strong></span> <span class='ocrx_word' id='word_1_533' title='bbox 3509 2347 3637 2402; x_wconf 87' lang='lat' dir='ltr'><strong>lati-</strong></span> 
     </span>
    </p>
   </div>
   <div class='ocr_carea' id='block_1_80' title="bbox 2065 2435 3638 2506">
    <p class='ocr_par' dir='ltr' id='par_1_80' title="bbox 2065 2435 3638 2506">
     <span class='ocr_line' id='line_1_81' title="bbox 2065 2435 3638 2506; baseline 0.003 -18"><span class='ocrx_word' id='word_1_534' title='bbox 2065 2436 2273 2500; x_wconf 89' lang='lat' dir='ltr'><strong>tudine,</strong></span> <span class='ocrx_word' id='word_1_535' title='bbox 2297 2435 2393 2490; x_wconf 86' lang='lat' dir='ltr'><strong>sed</strong></span> <span class='ocrx_word' id='word_1_536' title='bbox 2425 2435 2545 2503; x_wconf 84' lang='lat' dir='ltr'><strong>ejus</strong></span> <span class='ocrx_word' id='word_1_537' title='bbox 2581 2442 2774 2488; x_wconf 83' lang='lat' dir='ltr'><strong>contra</strong></span> <span class='ocrx_word' id='word_1_538' title='bbox 2806 2435 3026 2504; x_wconf 89' lang='lat' dir='ltr'><strong>penitus</strong></span> <span class='ocrx_word' id='word_1_539' title='bbox 3051 2445 3332 2506; x_wconf 83' lang='lat' dir='ltr'><strong>expertem</strong></span> <span class='ocrx_word' id='word_1_540' title='bbox 3359 2437 3638 2493; x_wconf 81' lang='lat' dir='ltr'><strong>delinearc</strong></span> 
     </span>
    </p>
   </div>
   <div class='ocr_carea' id='block_1_81' title="bbox 2063 2527 3639 2601">
    <p class='ocr_par' dir='ltr' id='par_1_81' title="bbox 2063 2527 3639 2601">
     <span class='ocr_line' id='line_1_82' title="bbox 2063 2527 3639 2601; baseline 0.003 -20"><span class='ocrx_word' id='word_1_541' title='bbox 2063 2527 2328 2582; x_wconf 90' lang='lat' dir='ltr'><strong>circulum</strong></span> <span class='ocrx_word' id='word_1_542' title='bbox 2384 2527 2516 2580; x_wconf 90' lang='lat' dir='ltr'><strong>mihi</strong></span> <span class='ocrx_word' id='word_1_543' title='bbox 2549 2527 2768 2597; x_wconf 83' lang='lat' dir='ltr'><strong>quidem</strong></span> <span class='ocrx_word' id='word_1_544' title='bbox 2797 2529 3013 2584; x_wconf 83' lang='lat' dir='ltr'><strong>videtur</strong></span> <span class='ocrx_word' id='word_1_545' title='bbox 3064 2545 3078 2583; x_wconf 87' lang='lat'><strong>:</strong></span> <span class='ocrx_word' id='word_1_546' title='bbox 3125 2529 3396 2598; x_wconf 87' lang='lat' dir='ltr'><strong>siquidem</strong></span> <span class='ocrx_word' id='word_1_547' title='bbox 3449 2528 3639 2601; x_wconf 86' lang='lat' dir='ltr'><strong>conje-</strong></span> 
     </span>
    </p>
   </div>
   <div class='ocr_carea' id='block_1_82' title="bbox 2063 2617 3633 2688">
    <p class='ocr_par' dir='ltr' id='par_1_82' title="bbox 2063 2617 3633 2688">
     <span class='ocr_line' id='line_1_83' title="bbox 2063 2617 3633 2688; baseline 0.001 -16"><span class='ocrx_word' id='word_1_548' title='bbox 2063 2625 2187 2672; x_wconf 89' lang='lat' dir='ltr'><strong>ctus</strong></span> <span class='ocrx_word' id='word_1_549' title='bbox 2215 2617 2357 2672; x_wconf 91' lang='lat' dir='ltr'><strong>oculi</strong></span> <span class='ocrx_word' id='word_1_550' title='bbox 2393 2629 2578 2673; x_wconf 90' lang='lat' dir='ltr'><strong>rectus</strong></span> <span class='ocrx_word' id='word_1_551' title='bbox 2609 2627 2732 2673; x_wconf 89' lang='lat' dir='ltr'><strong>est:</strong></span> <span class='ocrx_word' id='word_1_552' title='bbox 2784 2619 3036 2688; x_wconf 89' lang='lat' dir='ltr'><strong>idemque</strong></span> <span class='ocrx_word' id='word_1_553' title='bbox 3091 2624 3269 2675; x_wconf 79' lang='lat' dir='ltr'><strong>sexies</strong></span> <span class='ocrx_word' id='word_1_554' title='bbox 3305 2620 3633 2686; x_wconf 83' lang='lat' dir='ltr'><strong>maximum,</strong></span> 
     </span>
    </p>
   </div>
   <div class='ocr_carea' id='block_1_83' title="bbox 2063 2705 3634 2778">
    <p class='ocr_par' dir='ltr' id='par_1_83' title="bbox 2063 2705 3634 2778">
     <span class='ocr_line' id='line_1_84' title="bbox 2063 2705 3634 2778; baseline 0.001 -16"><span class='ocrx_word' id='word_1_555' title='bbox 2063 2716 2116 2762; x_wconf 89' lang='lat' dir='ltr'><strong>et</strong></span> <span class='ocrx_word' id='word_1_556' title='bbox 2155 2705 2439 2760; x_wconf 82' lang='lat' dir='ltr'><strong>latitudine</strong></span> <span class='ocrx_word' id='word_1_557' title='bbox 2467 2715 2742 2762; x_wconf 84' lang='lat' dir='ltr'><strong>carentem</strong></span> <span class='ocrx_word' id='word_1_558' title='bbox 2765 2747 2778 2770; x_wconf 96' lang='lat'><strong>,</strong></span> <span class='ocrx_word' id='word_1_559' title='bbox 2812 2723 2920 2762; x_wconf 91' lang='lat' dir='ltr'><strong>non</strong></span> <span class='ocrx_word' id='word_1_560' title='bbox 2963 2724 3027 2762; x_wconf 84' lang='lat' dir='ltr'><strong>ea</strong></span> <span class='ocrx_word' id='word_1_561' title='bbox 3059 2709 3342 2778; x_wconf 52' lang='lat' dir='ltr'><strong>praeditum</strong></span> <span class='ocrx_word' id='word_1_562' title='bbox 3367 2709 3634 2765; x_wconf 87' lang='lat' dir='ltr'><strong>circulum</strong></span> 
     </span>
    </p>
   </div>
   <div class='ocr_carea' id='block_1_84' title="bbox 2063 2798 3634 2871">
    <p class='ocr_par' dir='ltr' id='par_1_84' title="bbox 2063 2798 3634 2871">
     <span class='ocr_line' id='line_1_85' title="bbox 2063 2798 3634 2871; baseline 0.003 -18"><span class='ocrx_word' id='word_1_563' title='bbox 2063 2799 2322 2854; x_wconf 91' lang='lat' dir='ltr'><strong>metitur:</strong></span> <span class='ocrx_word' id='word_1_564' title='bbox 2357 2798 2566 2854; x_wconf 84' lang='lat' dir='ltr'><strong>zodiaci</strong></span> <span class='ocrx_word' id='word_1_565' title='bbox 2609 2816 2826 2870; x_wconf 88' lang='lat' dir='ltr'><strong>quoque</strong></span> <span class='ocrx_word' id='word_1_566' title='bbox 2868 2801 3100 2871; x_wconf 82' lang='lat' dir='ltr'><strong>singulis</strong></span> <span class='ocrx_word' id='word_1_567' title='bbox 3150 2802 3379 2867; x_wconf 89' lang='lat' dir='ltr'><strong>diebus,</strong></span> <span class='ocrx_word' id='word_1_568' title='bbox 3433 2817 3498 2858; x_wconf 85' lang='lat' dir='ltr'><strong>ac</strong></span> <span class='ocrx_word' id='word_1_569' title='bbox 3531 2819 3634 2858; x_wconf 61' lang='lat' dir='ltr'><strong>nov</strong></span> 
     </span>
    </p>
   </div>
   <div class='ocr_carea' id='block_1_85' title="bbox 2063 2887 3634 2959">
    <p class='ocr_par' dir='ltr' id='par_1_85' title="bbox 2063 2887 3634 2959">
     <span class='ocr_line' id='line_1_86' title="bbox 2063 2887 3634 2959; baseline 0.004 -15"><span class='ocrx_word' id='word_1_570' title='bbox 2063 2891 2242 2946; x_wconf 90' lang='lat' dir='ltr'><strong>ctibus</strong></span> <span class='ocrx_word' id='word_1_571' title='bbox 2269 2887 2646 2947; x_wconf 68' lang='lat' dir='ltr'><strong>semicirculus</strong></span> <span class='ocrx_word' id='word_1_572' title='bbox 2691 2893 2869 2947; x_wconf 89' lang='lat' dir='ltr'><strong>oritur</strong></span> <span class='ocrx_word' id='word_1_573' title='bbox 2918 2902 2972 2947; x_wconf 94' lang='lat' dir='ltr'><strong>et</strong></span> <span class='ocrx_word' id='word_1_574' title='bbox 3015 2892 3238 2959; x_wconf 89' lang='lat' dir='ltr'><strong>occidit,</strong></span> <span class='ocrx_word' id='word_1_575' title='bbox 3273 2909 3398 2949; x_wconf 91' lang='lat' dir='ltr'><strong>cum</strong></span> <span class='ocrx_word' id='word_1_576' title='bbox 3449 2895 3530 2951; x_wconf 91' lang='lat' dir='ltr'><strong>sol</strong></span> <span class='ocrx_word' id='word_1_577' title='bbox 3571 2897 3634 2950; x_wconf 84' lang='lat' dir='ltr'><strong>in</strong></span> 
     </span>
    </p>
   </div>
   <div class='ocr_carea' id='block_1_86' title="bbox 2065 2981 3636 3055">
    <p class='ocr_par' dir='ltr' id='par_1_86' title="bbox 2065 2981 3636 3055">
     <span class='ocr_line' id='line_1_87' title="bbox 2065 2981 3636 3055; baseline 0.004 -21"><span class='ocrx_word' id='word_1_578' title='bbox 2065 2981 2274 3036; x_wconf 91' lang='lat' dir='ltr'><strong>circulo</strong></span> <span class='ocrx_word' id='word_1_579' title='bbox 2305 2997 2482 3052; x_wconf 85' lang='lat' dir='ltr'><strong>neque</strong></span> <span class='ocrx_word' id='word_1_580' title='bbox 2529 2983 2637 3037; x_wconf 88' lang='lat' dir='ltr'><strong>lato</strong></span> <span class='ocrx_word' id='word_1_581' title='bbox 2685 2993 2738 3038; x_wconf 89' lang='lat' dir='ltr'><strong>et</strong></span> <span class='ocrx_word' id='word_1_582' title='bbox 2781 2983 2958 3038; x_wconf 87' lang='lat' dir='ltr'><strong>media</strong></span> <span class='ocrx_word' id='word_1_583' title='bbox 2988 2985 3142 3054; x_wconf 82' lang='lat' dir='ltr'><strong>signa</strong></span> <span class='ocrx_word' id='word_1_584' title='bbox 3187 2994 3498 3055; x_wconf 86' lang='lat' dir='ltr'><strong>permeante</strong></span> <span class='ocrx_word' id='word_1_585' title='bbox 3527 2987 3636 3040; x_wconf 80' lang='lat' dir='ltr'><strong>fer-</strong></span> 
     </span>
    </p>
   </div>
   <div class='ocr_carea' id='block_1_87' title="bbox 2067 3073 3636 3144">
    <p class='ocr_par' dir='ltr' id='par_1_87' title="bbox 2067 3073 3636 3144">
     <span class='ocr_line' id='line_1_88' title="bbox 2067 3073 3636 3144; baseline 0.005 -20"><span class='ocrx_word' id='word_1_586' title='bbox 2067 3080 2156 3126; x_wconf 94' lang='lat' dir='ltr'><strong>tur</strong></span> <span class='ocrx_word' id='word_1_587' title='bbox 2185 3092 2197 3127; x_wconf 93' lang='lat'>:</span> <span class='ocrx_word' id='word_1_588' title='bbox 2232 3074 2378 3144; x_wconf 88' lang='lat' dir='ltr'><strong>quod</strong></span> <span class='ocrx_word' id='word_1_589' title='bbox 2415 3073 2529 3130; x_wconf 82' lang='lat' dir='ltr'><strong>ﬁeri</strong></span> <span class='ocrx_word' id='word_1_590' title='bbox 2559 3089 2672 3130; x_wconf 90' lang='lat' dir='ltr'><strong>non</strong></span> <span class='ocrx_word' id='word_1_591' title='bbox 2703 3083 2912 3144; x_wconf 83' lang='lat' dir='ltr'><strong>posset,</strong></span> <span class='ocrx_word' id='word_1_592' title='bbox 2937 3075 2983 3130; x_wconf 90' lang='lat' dir='ltr'><strong>si</strong></span> <span class='ocrx_word' id='word_1_593' title='bbox 3008 3076 3312 3132; x_wconf 89' lang='lat' dir='ltr'><strong>latitudinis</strong></span> <span class='ocrx_word' id='word_1_594' title='bbox 3350 3076 3399 3132; x_wconf 90' lang='lat' dir='ltr'><strong>ei</strong></span> <span class='ocrx_word' id='word_1_595' title='bbox 3427 3077 3636 3132; x_wconf 90' lang='lat' dir='ltr'><strong>circulo</strong></span> 
     </span>
    </p>
   </div>
   <div class='ocr_carea' id='block_1_88' title="bbox 2068 3159 3638 3237">
    <p class='ocr_par' dir='ltr' id='par_1_88' title="bbox 2068 3159 3638 3237">
     <span class='ocr_line' id='line_1_89' title="bbox 2068 3159 3638 3237; baseline 0.006 -25"><span class='ocrx_word' id='word_1_596' title='bbox 2068 3159 2273 3230; x_wconf 89' lang='lat' dir='ltr'><strong>aliquid</strong></span> <span class='ocrx_word' id='word_1_597' title='bbox 2305 3161 2530 3218; x_wconf 90' lang='lat' dir='ltr'><strong>inesset.</strong></span> <span class='ocrx_word' id='word_1_598' title='bbox 2581 3161 2767 3219; x_wconf 90' lang='lat' dir='ltr'><strong>Potest</strong></span> <span class='ocrx_word' id='word_1_599' title='bbox 2800 3175 2854 3219; x_wconf 90' lang='lat' dir='ltr'><strong>et</strong></span> <span class='ocrx_word' id='word_1_600' title='bbox 2892 3164 3016 3219; x_wconf 91' lang='lat' dir='ltr'><strong>aliis</strong></span> <span class='ocrx_word' id='word_1_601' title='bbox 3045 3166 3422 3235; x_wconf 85' lang='lat' dir='ltr'><strong>compluribus</strong></span> <span class='ocrx_word' id='word_1_602' title='bbox 3473 3181 3638 3237; x_wconf 82' lang='lat' dir='ltr'><strong>argu-</strong></span> 
     </span>
    </p>
   </div>
   <div class='ocr_carea' id='block_1_89' title="bbox 2069 3253 3637 3320">
    <p class='ocr_par' dir='ltr' id='par_1_89' title="bbox 2069 3253 3637 3320">
     <span class='ocr_line' id='line_1_90' title="bbox 2069 3253 3637 3320; baseline 0.004 -15"><span class='ocrx_word' id='word_1_603' title='bbox 2069 3253 2266 3307; x_wconf 88' lang='lat' dir='ltr'><strong>mentis</strong></span> <span class='ocrx_word' id='word_1_604' title='bbox 2291 3253 2544 3320; x_wconf 90' lang='lat' dir='ltr'><strong>ostendi;</strong></span> <span class='ocrx_word' id='word_1_605' title='bbox 2581 3269 2689 3308; x_wconf 90' lang='lat' dir='ltr'><strong>non</strong></span> <span class='ocrx_word' id='word_1_606' title='bbox 2740 3255 2901 3310; x_wconf 90' lang='lat' dir='ltr'><strong>aliter</strong></span> <span class='ocrx_word' id='word_1_607' title='bbox 2935 3269 2999 3309; x_wconf 89' lang='lat' dir='ltr'><strong>ac</strong></span> <span class='ocrx_word' id='word_1_608' title='bbox 3029 3256 3395 3312; x_wconf 86' lang='lat' dir='ltr'><strong>mathematici</strong></span> <span class='ocrx_word' id='word_1_609' title='bbox 3425 3255 3637 3312; x_wconf 78' lang='lat' dir='ltr'><strong>faciunt</strong></span> 
     </span>
    </p>
   </div>
   <div class='ocr_carea' id='block_1_90' title="bbox 2067 3343 3493 3404">
    <p class='ocr_par' dir='ltr' id='par_1_90' title="bbox 2067 3343 3493 3404">
     <span class='ocr_line' id='line_1_91' title="bbox 2067 3343 3493 3404; baseline 0.005 -9"><span class='ocrx_word' id='word_1_610' title='bbox 2067 3343 2352 3399; x_wconf 87' lang='lat' dir='ltr'><strong>latitudine</strong></span> <span class='ocrx_word' id='word_1_611' title='bbox 2380 3355 2629 3401; x_wconf 87' lang='lat' dir='ltr'><strong>carentes</strong></span> <span class='ocrx_word' id='word_1_612' title='bbox 2660 3346 2898 3400; x_wconf 87' lang='lat' dir='ltr'><strong>circulus</strong></span> <span class='ocrx_word' id='word_1_613' title='bbox 2915 3346 2984 3402; x_wconf 90' lang='lat' dir='ltr'><strong>ab</strong></span> <span class='ocrx_word' id='word_1_614' title='bbox 3011 3346 3181 3402; x_wconf 80' lang='lat' dir='ltr'><strong>Arato</strong></span> <span class='ocrx_word' id='word_1_615' title='bbox 3213 3348 3493 3404; x_wconf 89' lang='lat' dir='ltr'><strong>constitui.</strong></span> 
     </span>
    </p>
   </div>
   <div class='ocr_carea' id='block_1_91' title="bbox 2141 3432 3634 3509">
    <p class='ocr_par' dir='ltr' id='par_1_91' title="bbox 2141 3432 3634 3509">
     <span class='ocr_line' id='line_1_92' title="bbox 2141 3432 3634 3509; baseline 0.003 -22"><span class='ocrx_word' id='word_1_616' title='bbox 2141 3432 2306 3488; x_wconf 83' lang='lat' dir='ltr'><strong>XXII.</strong></span> <span class='ocrx_word' id='word_1_617' title='bbox 2329 3434 2400 3490; x_wconf 92' lang='lat' dir='ltr'><strong>De</strong></span> <span class='ocrx_word' id='word_1_618' title='bbox 2416 3435 2590 3492; x_wconf 90' lang='lat' dir='ltr'><strong>lacteo</strong></span> <span class='ocrx_word' id='word_1_619' title='bbox 2608 3451 2735 3491; x_wconf 82' lang='lat' dir='ltr'><strong>vero</strong></span> <span class='ocrx_word' id='word_1_620' title='bbox 2750 3437 2957 3492; x_wconf 90' lang='lat' dir='ltr'><strong>circulo</strong></span> <span class='ocrx_word' id='word_1_621' title='bbox 2974 3437 3228 3508; x_wconf 88' lang='lat' dir='ltr'><strong>deinceps</strong></span> <span class='ocrx_word' id='word_1_622' title='bbox 3245 3453 3409 3509; x_wconf 82' lang='lat' dir='ltr'><strong>agens</strong></span> <span class='ocrx_word' id='word_1_623' title='bbox 3423 3437 3634 3503; x_wconf 86' lang='lat' dir='ltr'><strong>scribit,</strong></span> 
     </span>
    </p>
   </div>
   <div class='ocr_carea' id='block_1_92' title="bbox 2067 3527 3635 3603">
    <p class='ocr_par' dir='ltr' id='par_1_92' title="bbox 2067 3527 3635 3603">
     <span class='ocr_line' id='line_1_93' title="bbox 2067 3527 3635 3603; baseline 0.004 -21"><span class='ocrx_word' id='word_1_624' title='bbox 2067 3542 2098 3582; x_wconf 91' lang='lat' dir='ltr'><strong>e</strong></span> <span class='ocrx_word' id='word_1_625' title='bbox 2125 3527 2349 3583; x_wconf 91' lang='lat' dir='ltr'><strong>circulis</strong></span> <span class='ocrx_word' id='word_1_626' title='bbox 2367 3536 2601 3597; x_wconf 89' lang='lat' dir='ltr'><strong>quatuor</strong></span> <span class='ocrx_word' id='word_1_627' title='bbox 2630 3528 2769 3585; x_wconf 91' lang='lat' dir='ltr'><strong>duos</strong></span> <span class='ocrx_word' id='word_1_628' title='bbox 2792 3530 3027 3600; x_wconf 66' lang='lat' dir='ltr'><strong>aquales</strong></span> <span class='ocrx_word' id='word_1_629' title='bbox 3053 3545 3206 3596; x_wconf 85' lang='lat' dir='ltr'><strong>esse;</strong></span> <span class='ocrx_word' id='word_1_630' title='bbox 3239 3533 3474 3603; x_wconf 88' lang='lat' dir='ltr'><strong>reliquos</strong></span> <span class='ocrx_word' id='word_1_631' title='bbox 3495 3530 3635 3588; x_wconf 87' lang='lat' dir='ltr'><strong>duos</strong></span> 
     </span>
    </p>
   </div>
   <div class='ocr_carea' id='block_1_93' title="bbox 2067 3617 3140 3689">
    <p class='ocr_par' dir='ltr' id='par_1_93' title="bbox 2067 3617 3140 3689">
     <span class='ocr_line' id='line_1_94' title="bbox 2067 3617 3140 3689; baseline 0.003 -17"><span class='ocrx_word' id='word_1_632' title='bbox 2067 3617 2210 3673; x_wconf 87' lang='lat' dir='ltr'><strong>haud</strong></span> <span class='ocrx_word' id='word_1_633' title='bbox 2241 3619 2402 3689; x_wconf 90' lang='lat' dir='ltr'><strong>paulo</strong></span> <span class='ocrx_word' id='word_1_634' title='bbox 2434 3621 2694 3685; x_wconf 89' lang='lat' dir='ltr'><strong>minores,</strong></span> <span class='ocrx_word' id='word_1_635' title='bbox 2726 3621 2811 3676; x_wconf 90' lang='lat' dir='ltr'><strong>his</strong></span> <span class='ocrx_word' id='word_1_636' title='bbox 2844 3620 3091 3682; x_wconf 69' lang='lat' dir='ltr'><strong>versibus</strong></span> <span class='ocrx_word' id='word_1_637' title='bbox 3128 3639 3140 3675; x_wconf 90' lang='lat'><strong>:</strong></span> 
     </span>
    </p>
   </div>
   <div class='ocr_carea' id='block_1_94' title="bbox 2071 3729 3635 3873">
    <p class='ocr_par' dir='ltr' id='par_1_94' title="bbox 2071 3729 3635 3873">
     <span class='ocr_line' id='line_1_95' title="bbox 2071 3729 3635 3873; baseline 0.001 -89"><span class='ocrx_word' id='word_1_638' title='bbox 2071 3729 2212 3785; x_wconf 85' lang='lat' dir='ltr'><strong>Huic</strong></span> <span class='ocrx_word' id='word_1_639' title='bbox 2259 3747 2416 3801; x_wconf 87' lang='lat' dir='ltr'><strong>porro</strong></span> <span class='ocrx_word' id='word_1_640' title='bbox 2462 3731 2633 3786; x_wconf 82' lang='lat' dir='ltr'><strong>colore</strong></span> <span class='ocrx_word' id='word_1_641' title='bbox 2670 3730 2880 3801; x_wconf 87' lang='lat' dir='ltr'><strong>quidem</strong></span> <span class='ocrx_word' id='word_1_642' title='bbox 2925 3731 3115 3785; x_wconf 80' lang='lat' dir='ltr'><strong>similis</strong></span> <span class='ocrx_word' id='word_1_643' title='bbox 3162 3732 3339 3873; x_wconf 67' lang='lat' dir='ltr'><strong>nulluls</strong></span> <span class='ocrx_word' id='word_1_644' title='bbox 3380 3740 3635 3856; x_wconf 63' lang='lat' dir='ltr'><strong>prwlterea</strong></span> 
     </span>
     <span class='ocr_line' id='line_1_96' title="bbox 3343 3817 3570 3856; baseline 0.004 -1"><span class='ocrx_word' id='word_1_645' title='bbox 3343 3817 3480 3855; x_wconf 76' lang='lat' dir='ltr'><strong>circa</strong></span> <span class='ocrx_word' id='word_1_646' title='bbox 3509 3819 3570 3856; x_wconf 87' lang='lat' dir='ltr'><strong>us</strong></span> 
     </span>
    </p>
   </div>
   <div class='ocr_carea' id='block_1_95' title="bbox 3343 3817 3570 3856">
    <p class='ocr_par' dir='ltr' id='par_1_95' title="bbox 3343 3817 3570 3856">
     <span class='ocr_line' id='line_1_97' title="bbox 3343 3817 3570 3856; baseline 0.009 -2"><span class='ocrx_word' id='word_1_647' title='bbox 3343 3817 3570 3856; x_wconf 72' lang='lat' dir='ltr'><strong>circulus</strong></span> 
     </span>
    </p>
   </div>
   <div class='ocr_carea' id='block_1_96' title="bbox 2078 3869 3637 3942">
    <p class='ocr_par' dir='ltr' id='par_1_96' title="bbox 2078 3869 3637 3942">
     <span class='ocr_line' id='line_1_98' title="bbox 2078 3869 3637 3942; baseline 0.002 -18"><span class='ocrx_word' id='word_1_648' title='bbox 2078 3869 2365 3942; x_wconf 67' lang='lat' dir='ltr'><strong>Yersatur:</strong></span> <span class='ocrx_word' id='word_1_649' title='bbox 2387 3871 2476 3924; x_wconf 86' lang='lat' dir='ltr'><strong>sed</strong></span> <span class='ocrx_word' id='word_1_650' title='bbox 2495 3870 2854 3942; x_wconf 88' lang='lat' dir='ltr'><strong>magnitudine</strong></span> <span class='ocrx_word' id='word_1_651' title='bbox 2873 3871 3008 3925; x_wconf 85' lang='lat' dir='ltr'><strong>tanti</strong></span> <span class='ocrx_word' id='word_1_652' title='bbox 3029 3880 3255 3941; x_wconf 90' lang='lat' dir='ltr'><strong>quatuor</strong></span> <span class='ocrx_word' id='word_1_653' title='bbox 3274 3869 3637 3927; x_wconf 47' lang='lat' dir='ltr'><strong>assistentium</strong></span> 
     </span>
    </p>
   </div>
   <div class='ocr_carea' id='block_1_97' title="bbox 2069 3939 3406 4012">
    <p class='ocr_par' dir='ltr' id='par_1_97' title="bbox 2069 3939 3406 4012">
     <span class='ocr_line' id='line_1_99' title="bbox 2069 3939 3406 4012; baseline 0.002 -19"><span class='ocrx_word' id='word_1_654' title='bbox 2069 3939 2222 4005; x_wconf 82' lang='lat' dir='ltr'><strong>Duo;</strong></span> <span class='ocrx_word' id='word_1_655' title='bbox 2248 3942 2353 3994; x_wconf 87' lang='lat' dir='ltr'><strong>duo</strong></span> <span class='ocrx_word' id='word_1_656' title='bbox 2379 3957 2495 3996; x_wconf 82' lang='lat' dir='ltr'><strong>vero</strong></span> <span class='ocrx_word' id='word_1_657' title='bbox 2523 3939 2652 4011; x_wconf 67' lang='lat' dir='ltr'><strong>ipSis</strong></span> <span class='ocrx_word' id='word_1_658' title='bbox 2686 3942 2834 4012; x_wconf 81' lang='lat' dir='ltr'><strong>longe</strong></span> <span class='ocrx_word' id='word_1_659' title='bbox 2864 3939 3089 3996; x_wconf 79' lang='lat' dir='ltr'><strong>minores</strong></span> <span class='ocrx_word' id='word_1_660' title='bbox 3112 3943 3406 3997; x_wconf 81' lang='lat' dir='ltr'><strong>volvuntur.</strong></span> 
     </span>
    </p>
   </div>
   <div class='ocr_carea' id='block_1_98' title="bbox 2141 4054 3639 4126">
    <p class='ocr_par' dir='ltr' id='par_1_98' title="bbox 2141 4054 3639 4126">
     <span class='ocr_line' id='line_1_100' title="bbox 2141 4054 3639 4126; baseline 0 -16"><span class='ocrx_word' id='word_1_661' title='bbox 2141 4055 2298 4122; x_wconf 83' lang='lat' dir='ltr'><strong>Quod</strong></span> <span class='ocrx_word' id='word_1_662' title='bbox 2351 4056 2528 4126; x_wconf 88' lang='lat' dir='ltr'><strong>ipsum</strong></span> <span class='ocrx_word' id='word_1_663' title='bbox 2576 4070 2647 4110; x_wconf 89' lang='lat' dir='ltr'><strong>ne</strong></span> <span class='ocrx_word' id='word_1_664' title='bbox 2692 4070 2880 4111; x_wconf 89' lang='lat' dir='ltr'><strong>carere</strong></span> <span class='ocrx_word' id='word_1_665' title='bbox 2939 4057 3154 4126; x_wconf 88' lang='lat' dir='ltr'><strong>quidem</strong></span> <span class='ocrx_word' id='word_1_666' title='bbox 3213 4054 3639 4126; x_wconf 84' lang='lat' dir='ltr'><strong>reprehensione</strong></span> 
     </span>
    </p>
   </div>
   <div class='ocr_carea' id='block_1_99' title="bbox 2069 4143 3640 4207">
    <p class='ocr_par' dir='ltr' id='par_1_99' title="bbox 2069 4143 3640 4207">
     <span class='ocr_line' id='line_1_101' title="bbox 2069 4143 3640 4207; baseline -0.001 -8"><span class='ocrx_word' id='word_1_667' title='bbox 2069 4145 2202 4200; x_wconf 90' lang='lat' dir='ltr'><strong>mihi</strong></span> <span class='ocrx_word' id='word_1_668' title='bbox 2243 4145 2459 4202; x_wconf 80' lang='lat' dir='ltr'><strong>videtur</strong></span> <span class='ocrx_word' id='word_1_669' title='bbox 2510 4144 2581 4199; x_wconf 86' lang='lat' dir='ltr'><strong>ab</strong></span> <span class='ocrx_word' id='word_1_670' title='bbox 2630 4159 2695 4199; x_wconf 92' lang='lat' dir='ltr'><strong>eo</strong></span> <span class='ocrx_word' id='word_1_671' title='bbox 2730 4143 2966 4207; x_wconf 89' lang='lat' dir='ltr'><strong>dictum,</strong></span> <span class='ocrx_word' id='word_1_672' title='bbox 3019 4145 3193 4198; x_wconf 88' lang='lat' dir='ltr'><strong>multo</strong></span> <span class='ocrx_word' id='word_1_673' title='bbox 3242 4144 3483 4200; x_wconf 88' lang='lat' dir='ltr'><strong>minores</strong></span> <span class='ocrx_word' id='word_1_674' title='bbox 3514 4157 3640 4199; x_wconf 80' lang='lat' dir='ltr'><strong>esse</strong></span> 
     </span>
    </p>
   </div>
   <div class='ocr_carea' id='block_1_100' title="bbox 2069 4232 3635 4305">
    <p class='ocr_par' dir='ltr' id='par_1_100' title="bbox 2069 4232 3635 4305">
     <span class='ocr_line' id='line_1_102' title="bbox 2069 4232 3635 4305; baseline -0.003 -16"><span class='ocrx_word' id='word_1_675' title='bbox 2069 4235 2310 4305; x_wconf 88' lang='lat' dir='ltr'><strong>tropicos</strong></span> <span class='ocrx_word' id='word_1_676' title='bbox 2374 4233 2741 4304; x_wconf 70' lang='lat' dir='ltr'><strong>mquinoctiali</strong></span> <span class='ocrx_word' id='word_1_677' title='bbox 2805 4248 2871 4288; x_wconf 89' lang='lat' dir='ltr'><strong>ac</strong></span> <span class='ocrx_word' id='word_1_678' title='bbox 2942 4233 3201 4300; x_wconf 85' lang='lat' dir='ltr'><strong>zodiaco;</strong></span> <span class='ocrx_word' id='word_1_679' title='bbox 3261 4233 3445 4290; x_wconf 90' lang='lat' dir='ltr'><strong>minus</strong></span> <span class='ocrx_word' id='word_1_680' title='bbox 3490 4232 3635 4288; x_wconf 88' lang='lat' dir='ltr'><strong>enim</strong></span> 
     </span>
    </p>
   </div>
   <div class='ocr_carea' id='block_1_101' title="bbox 2069 4325 3248 4398">
    <p class='ocr_par' dir='ltr' id='par_1_101' title="bbox 2069 4325 3248 4398">
     <span class='ocr_line' id='line_1_103' title="bbox 2069 4325 3248 4398; baseline -0.001 -17"><span class='ocrx_word' id='word_1_681' title='bbox 2069 4327 2357 4382; x_wconf 89' lang='lat' dir='ltr'><strong>undecima</strong></span> <span class='ocrx_word' id='word_1_682' title='bbox 2389 4334 2543 4398; x_wconf 89' lang='lat' dir='ltr'><strong>parte</strong></span> <span class='ocrx_word' id='word_1_683' title='bbox 2577 4327 2646 4381; x_wconf 91' lang='lat' dir='ltr'><strong>ab</strong></span> <span class='ocrx_word' id='word_1_684' title='bbox 2670 4325 2758 4382; x_wconf 89' lang='lat' dir='ltr'><strong>his</strong></span> <span class='ocrx_word' id='word_1_685' title='bbox 2787 4326 2864 4380; x_wconf 94' lang='lat' dir='ltr'><strong>illi</strong></span> <span class='ocrx_word' id='word_1_686' title='bbox 2899 4333 3248 4396; x_wconf 85' lang='lat' dir='ltr'><strong>superantur.</strong></span> 
     </span>
    </p>
   </div>
   <div class='ocr_carea' id='block_1_102' title="bbox 2139 4415 3635 4488">
    <p class='ocr_par' dir='ltr' id='par_1_102' title="bbox 2139 4415 3635 4488">
     <span class='ocr_line' id='line_1_104' title="bbox 2139 4415 3635 4488; baseline 0 -18"><span class='ocrx_word' id='word_1_687' title='bbox 2139 4417 2215 4474; x_wconf 88' lang='lat' dir='ltr'><strong>De</strong></span> <span class='ocrx_word' id='word_1_688' title='bbox 2239 4419 2442 4480; x_wconf 89' lang='lat' dir='ltr'><strong>stellis,</strong></span> <span class='ocrx_word' id='word_1_689' title='bbox 2485 4432 2606 4488; x_wconf 70' lang='lat' dir='ltr'><strong>quae</strong></span> <span class='ocrx_word' id='word_1_690' title='bbox 2664 4418 2715 4472; x_wconf 92' lang='lat' dir='ltr'><strong>in</strong></span> <span class='ocrx_word' id='word_1_691' title='bbox 2751 4424 2984 4488; x_wconf 89' lang='lat' dir='ltr'><strong>utroque</strong></span> <span class='ocrx_word' id='word_1_692' title='bbox 3041 4418 3272 4488; x_wconf 90' lang='lat' dir='ltr'><strong>tr0pico,</strong></span> <span class='ocrx_word' id='word_1_693' title='bbox 3308 4425 3362 4471; x_wconf 90' lang='lat' dir='ltr'><strong>et</strong></span> <span class='ocrx_word' id='word_1_694' title='bbox 3393 4415 3635 4486; x_wconf 63' lang='lat' dir='ltr'><strong>aequino-</strong></span> 
     </span>
    </p>
   </div>
   <div class='ocr_carea' id='block_1_103' title="bbox 2070 4506 3565 4572">
    <p class='ocr_par' dir='ltr' id='par_1_103' title="bbox 2070 4506 3565 4572">
     <span class='ocr_line' id='line_1_105' title="bbox 2070 4506 3565 4572; baseline -0.002 -6"><span class='ocrx_word' id='word_1_695' title='bbox 2070 4510 2219 4566; x_wconf 88' lang='lat' dir='ltr'><strong>ctiali</strong></span> <span class='ocrx_word' id='word_1_696' title='bbox 2252 4510 2370 4567; x_wconf 85' lang='lat' dir='ltr'><strong>sitae</strong></span> <span class='ocrx_word' id='word_1_697' title='bbox 2401 4517 2550 4572; x_wconf 88' lang='lat' dir='ltr'><strong>sunt,</strong></span> <span class='ocrx_word' id='word_1_698' title='bbox 2587 4509 2732 4564; x_wconf 86' lang='lat' dir='ltr'><strong>hunc</strong></span> <span class='ocrx_word' id='word_1_699' title='bbox 2763 4509 2819 4563; x_wconf 92' lang='lat' dir='ltr'><strong>in</strong></span> <span class='ocrx_word' id='word_1_700' title='bbox 2848 4507 3069 4563; x_wconf 89' lang='lat' dir='ltr'><strong>modum</strong></span> <span class='ocrx_word' id='word_1_701' title='bbox 3103 4507 3295 4564; x_wconf 87' lang='lat' dir='ltr'><strong>scribit</strong></span> <span class='ocrx_word' id='word_1_702' title='bbox 3322 4506 3565 4563; x_wconf 79' lang='lat' dir='ltr'><strong>Aratus:</strong></span> 
     </span>
    </p>
   </div>
   <div class='ocr_carea' id='block_1_104' title="bbox 2077 4727 3638 4800">
    <p class='ocr_par' dir='ltr' id='par_1_104' title="bbox 2077 4727 3638 4800">
     <span class='ocr_line' id='line_1_106' title="bbox 2077 4727 3638 4800; baseline -0.004 -15"><span class='ocrx_word' id='word_1_703' title='bbox 2077 4732 2277 4787; x_wconf 78' lang='lat' dir='ltr'><strong>Harum</strong></span> <span class='ocrx_word' id='word_1_704' title='bbox 2310 4732 2446 4786; x_wconf 86' lang='lat' dir='ltr'><strong>alter</strong></span> <span class='ocrx_word' id='word_1_705' title='bbox 2474 4730 2680 4800; x_wconf 88' lang='lat' dir='ltr'><strong>quidem</strong></span> <span class='ocrx_word' id='word_1_706' title='bbox 2707 4747 2865 4799; x_wconf 86' lang='lat' dir='ltr'><strong>prope</strong></span> <span class='ocrx_word' id='word_1_707' title='bbox 2888 4741 2965 4800; x_wconf 75' lang='lat' dir='ltr'><strong>est</strong></span> <span class='ocrx_word' id='word_1_708' title='bbox 2994 4727 3382 4800; x_wconf 80' lang='lat' dir='ltr'><strong>descendentem</strong></span> <span class='ocrx_word' id='word_1_709' title='bbox 3406 4728 3527 4780; x_wconf 62' lang='lat' dir='ltr'><strong>dare</strong></span> <span class='ocrx_word' id='word_1_710' title='bbox 3538 4741 3638 4780; x_wconf 75' lang='lat' dir='ltr'><strong>1m.</strong></span> 
     </span>
    </p>
   </div>
   <div class='ocr_carea' id='block_1_105' title="bbox 2071 4797 3499 4870">
    <p class='ocr_par' dir='ltr' id='par_1_105' title="bbox 2071 4797 3499 4870">
     <span class='ocr_line' id='line_1_107' title="bbox 2071 4797 3499 4870; baseline -0.005 -14"><span class='ocrx_word' id='word_1_711' title='bbox 2071 4802 2135 4856; x_wconf 87' lang='lat' dir='ltr'><strong>In</strong></span> <span class='ocrx_word' id='word_1_712' title='bbox 2169 4820 2228 4857; x_wconf 91' lang='lat' dir='ltr'><strong>eo</strong></span> <span class='ocrx_word' id='word_1_713' title='bbox 2261 4819 2379 4857; x_wconf 83' lang='lat' dir='ltr'><strong>vero</strong></span> <span class='ocrx_word' id='word_1_714' title='bbox 2410 4797 2687 4870; x_wconf 79' lang='lat' dir='ltr'><strong>utrumque</strong></span> <span class='ocrx_word' id='word_1_715' title='bbox 2708 4797 2874 4868; x_wconf 80' lang='lat' dir='ltr'><strong>caput</strong></span> <span class='ocrx_word' id='word_1_716' title='bbox 2912 4799 3250 4870; x_wconf 77' lang='lat' dir='ltr'><strong>Geminorum</strong></span> <span class='ocrx_word' id='word_1_717' title='bbox 3287 4797 3456 4866; x_wconf 76' lang='lat' dir='ltr'><strong>fertur</strong></span> <span class='ocrx_word' id='word_1_718' title='bbox 3479 4811 3499 4848; x_wconf 91' lang='lat'><strong><em>:</em></strong></span> 
     </span>
    </p>
   </div>
   <div class='ocr_carea' id='block_1_106' title="bbox 2068 4868 3216 4943">
    <p class='ocr_par' dir='ltr' id='par_1_106' title="bbox 2068 4868 3216 4943">
     <span class='ocr_line' id='line_1_108' title="bbox 2068 4868 3216 4943; baseline -0.003 -17"><span class='ocrx_word' id='word_1_719' title='bbox 2068 4871 2372 4943; x_wconf 84' lang='lat' dir='ltr'><strong>Ibidemque</strong></span> <span class='ocrx_word' id='word_1_720' title='bbox 2400 4889 2569 4942; x_wconf 88' lang='lat' dir='ltr'><strong>genua</strong></span> <span class='ocrx_word' id='word_1_721' title='bbox 2598 4868 2721 4924; x_wconf 81' lang='lat' dir='ltr'><strong>sunt</strong></span> <span class='ocrx_word' id='word_1_722' title='bbox 2746 4871 2913 4939; x_wconf 88' lang='lat' dir='ltr'><strong>aptati</strong></span> <span class='ocrx_word' id='word_1_723' title='bbox 2943 4868 3216 4923; x_wconf 80' lang='lat' dir='ltr'><strong>Heniochi.</strong></span> 
     </span>
    </p>
   </div>
   <div class='ocr_carea' id='block_1_107' title="bbox 2139 4999 3636 5077">
    <p class='ocr_par' dir='ltr' id='par_1_107' title="bbox 2139 4999 3636 5077">
     <span class='ocr_line' id='line_1_109' title="bbox 2139 4999 3636 5077; baseline -0.005 -17"><span class='ocrx_word' id='word_1_724' title='bbox 2139 5006 2302 5077; x_wconf 84' lang='lat' dir='ltr'><strong>Atqui</strong></span> <span class='ocrx_word' id='word_1_725' title='bbox 2363 5004 2718 5060; x_wconf 88' lang='lat' dir='ltr'><strong>Geminorum</strong></span> <span class='ocrx_word' id='word_1_726' title='bbox 2765 5004 2945 5073; x_wconf 83' lang='lat' dir='ltr'><strong>capita</strong></span> <span class='ocrx_word' id='word_1_727' title='bbox 2999 5018 3109 5057; x_wconf 88' lang='lat' dir='ltr'><strong>non</strong></span> <span class='ocrx_word' id='word_1_728' title='bbox 3161 5010 3287 5057; x_wconf 91' lang='lat' dir='ltr'><strong>sunt</strong></span> <span class='ocrx_word' id='word_1_729' title='bbox 3342 5000 3398 5054; x_wconf 91' lang='lat' dir='ltr'><strong>in</strong></span> <span class='ocrx_word' id='word_1_730' title='bbox 3446 4999 3636 5054; x_wconf 68' lang='lat' dir='ltr'><strong>aestivo</strong></span> 
     </span>
    </p>
   </div>
   <div class='ocr_carea' id='block_1_108' title="bbox 2069 5089 3636 5166">
    <p class='ocr_par' dir='ltr' id='par_1_108' title="bbox 2069 5089 3636 5166">
     <span class='ocr_line' id='line_1_110' title="bbox 2069 5089 3636 5166; baseline -0.006 -14"><span class='ocrx_word' id='word_1_731' title='bbox 2069 5097 2301 5166; x_wconf 90' lang='lat' dir='ltr'><strong>tropico.</strong></span> <span class='ocrx_word' id='word_1_732' title='bbox 2346 5093 2628 5165; x_wconf 81' lang='lat' dir='ltr'><strong>Siquidem</strong></span> <span class='ocrx_word' id='word_1_733' title='bbox 2696 5095 2944 5163; x_wconf 86' lang='lat' dir='ltr'><strong>tr0picus</strong></span> <span class='ocrx_word' id='word_1_734' title='bbox 2999 5091 3221 5146; x_wconf 60' lang='lat' dir='ltr'><strong>aestivus</strong></span> <span class='ocrx_word' id='word_1_735' title='bbox 3272 5089 3636 5161; x_wconf 59' lang='lat' dir='ltr'><strong>aequinoctiali</strong></span> 
     </span>
    </p>
   </div>
   <div class='ocr_carea' id='block_1_109' title="bbox 2070 5178 3637 5254">
    <p class='ocr_par' dir='ltr' id='par_1_109' title="bbox 2070 5178 3637 5254">
     <span class='ocr_line' id='line_1_111' title="bbox 2070 5178 3637 5254; baseline -0.005 -12"><span class='ocrx_word' id='word_1_736' title='bbox 2070 5187 2278 5242; x_wconf 90' lang='lat' dir='ltr'><strong>circulo</strong></span> <span class='ocrx_word' id='word_1_737' title='bbox 2305 5186 2578 5241; x_wconf 88' lang='lat' dir='ltr'><strong>borealior</strong></span> <span class='ocrx_word' id='word_1_738' title='bbox 2607 5191 2691 5240; x_wconf 90' lang='lat' dir='ltr'><strong>est</strong></span> <span class='ocrx_word' id='word_1_739' title='bbox 2733 5183 2981 5254; x_wconf 88' lang='lat' dir='ltr'><strong>partibus</strong></span> <span class='ocrx_word' id='word_1_740' title='bbox 3004 5181 3222 5235; x_wconf 89' lang='lat' dir='ltr'><strong>circiter</strong></span> <span class='ocrx_word' id='word_1_741' title='bbox 3247 5179 3347 5246; x_wconf 60' lang='lat'><strong>24;</strong></span> <span class='ocrx_word' id='word_1_742' title='bbox 3380 5178 3637 5234; x_wconf 85' lang='lat' dir='ltr'><strong>Gemino-</strong></span> 
     </span>
    </p>
   </div>
   <div class='ocr_carea' id='block_1_110' title="bbox 2072 5267 3636 5342">
    <p class='ocr_par' dir='ltr' id='par_1_110' title="bbox 2072 5267 3636 5342">
     <span class='ocr_line' id='line_1_112' title="bbox 2072 5267 3636 5342; baseline -0.006 -10"><span class='ocrx_word' id='word_1_743' title='bbox 2072 5294 2191 5332; x_wconf 89' lang='lat' dir='ltr'><strong>rum</strong></span> <span class='ocrx_word' id='word_1_744' title='bbox 2221 5292 2352 5332; x_wconf 84' lang='lat' dir='ltr'><strong>vero</strong></span> <span class='ocrx_word' id='word_1_745' title='bbox 2398 5275 2702 5331; x_wconf 83' lang='lat' dir='ltr'><strong>succedens</strong></span> <span class='ocrx_word' id='word_1_746' title='bbox 2740 5281 2905 5342; x_wconf 88' lang='lat' dir='ltr'><strong>caput</strong></span> <span class='ocrx_word' id='word_1_747' title='bbox 2943 5271 3218 5326; x_wconf 90' lang='lat' dir='ltr'><strong>borealius</strong></span> <span class='ocrx_word' id='word_1_748' title='bbox 3268 5278 3352 5326; x_wconf 89' lang='lat' dir='ltr'><strong>est</strong></span> <span class='ocrx_word' id='word_1_749' title='bbox 3395 5267 3636 5340; x_wconf 61' lang='lat' dir='ltr'><strong>aequino-</strong></span> 
     </span>
    </p>
   </div>
   <div class='ocr_carea' id='block_1_111' title="bbox 2074 5358 3636 5437">
    <p class='ocr_par' dir='ltr' id='par_1_111' title="bbox 2074 5358 3636 5437">
     <span class='ocr_line' id='line_1_113' title="bbox 2074 5358 3636 5437; baseline -0.006 -15"><span class='ocrx_word' id='word_1_750' title='bbox 2074 5367 2222 5422; x_wconf 90' lang='lat' dir='ltr'><strong>ctiali</strong></span> <span class='ocrx_word' id='word_1_751' title='bbox 2255 5365 2504 5437; x_wconf 83' lang='lat' dir='ltr'><strong>partibus</strong></span> <span class='ocrx_word' id='word_1_752' title='bbox 2534 5365 2636 5430; x_wconf 73' lang='lat'><strong>50;</strong></span> <span class='ocrx_word' id='word_1_753' title='bbox 2663 5363 2992 5419; x_wconf 87' lang='lat' dir='ltr'><strong>antecedens</strong></span> <span class='ocrx_word' id='word_1_754' title='bbox 3025 5363 3273 5433; x_wconf 89' lang='lat' dir='ltr'><strong>partibus</strong></span> <span class='ocrx_word' id='word_1_755' title='bbox 3301 5362 3372 5416; x_wconf 80' lang='lat'><strong>&#39;53</strong></span> <span class='ocrx_word' id='word_1_756' title='bbox 3405 5360 3530 5431; x_wconf 69' lang='lat'><strong>1/2.</strong></span> <span class='ocrx_word' id='word_1_757' title='bbox 3560 5358 3636 5414; x_wconf 87' lang='lat' dir='ltr'><strong>Ita</strong></span> 
     </span>
    </p>
   </div>
   <div class='ocr_carea' id='block_1_112' title="bbox 2064 5667 3636 5740">
    <p class='ocr_par' dir='ltr' id='par_1_112' title="bbox 2064 5667 3636 5740">
     <span class='ocr_line' id='line_1_114' title="bbox 2064 5667 3636 5740; baseline -0.001 -16"><span class='ocrx_word' id='word_1_758' title='bbox 2064 5671 2252 5740; x_wconf 79' lang='lat' dir='ltr'><strong>viginti</strong></span> <span class='ocrx_word' id='word_1_759' title='bbox 2287 5673 2355 5726; x_wconf 88' lang='lat' dir='ltr'><strong>ab</strong></span> <span class='ocrx_word' id='word_1_760' title='bbox 2383 5687 2449 5726; x_wconf 86' lang='lat' dir='ltr'><strong>eo</strong></span> <span class='ocrx_word' id='word_1_761' title='bbox 2481 5671 2848 5734; x_wconf 86' lang='lat' dir='ltr'><strong>recedentem,</strong></span> <span class='ocrx_word' id='word_1_762' title='bbox 2896 5685 3023 5740; x_wconf 14' lang='lat' dir='ltr'><strong>qum,</strong></span> <span class='ocrx_word' id='word_1_763' title='bbox 3051 5680 3131 5725; x_wconf 86' lang='lat' dir='ltr'><strong>est</strong></span> <span class='ocrx_word' id='word_1_764' title='bbox 3163 5668 3453 5731; x_wconf 87' lang='lat' dir='ltr'><strong>l,000,000</strong></span> <span class='ocrx_word' id='word_1_765' title='bbox 3482 5667 3636 5740; x_wconf 83' lang='lat' dir='ltr'><strong>sinus</strong></span> 
     </span>
    </p>
   </div>
   <div class='ocr_carea' id='block_1_113' title="bbox 2064 5738 3637 5811">
    <p class='ocr_par' dir='ltr' id='par_1_113' title="bbox 2064 5738 3637 5811">
     <span class='ocr_line' id='line_1_115' title="bbox 2064 5738 3637 5811; baseline -0.002 -17"><span class='ocrx_word' id='word_1_766' title='bbox 2064 5738 2257 5805; x_wconf 78' lang='lat' dir='ltr'><strong>totius,</strong></span> <span class='ocrx_word' id='word_1_767' title='bbox 2290 5742 2356 5796; x_wconf 91' lang='lat' dir='ltr'><strong>ad</strong></span> <span class='ocrx_word' id='word_1_768' title='bbox 2386 5741 2590 5804; x_wconf 76' lang='lat'><strong>9|,355</strong></span> <span class='ocrx_word' id='word_1_769' title='bbox 2618 5743 2798 5798; x_wconf 89' lang='lat' dir='ltr'><strong>sinum</strong></span> <span class='ocrx_word' id='word_1_770' title='bbox 2817 5738 2968 5811; x_wconf 80' lang='lat' dir='ltr'><strong>grati.</strong></span> <span class='ocrx_word' id='word_1_771' title='bbox 3001 5739 3091 5811; x_wconf 63' lang='lat'><strong>66,</strong></span> <span class='ocrx_word' id='word_1_772' title='bbox 3132 5739 3530 5811; x_wconf 77' lang='lat' dir='ltr'><strong>complementi</strong></span> <span class='ocrx_word' id='word_1_773' title='bbox 3549 5738 3637 5811; x_wconf 73' lang='lat' dir='ltr'><strong>di-</strong></span> 
     </span>
    </p>
   </div>
   <div class='ocr_carea' id='block_1_114' title="bbox 2063 5807 3634 5880">
    <p class='ocr_par' dir='ltr' id='par_1_114' title="bbox 2063 5807 3634 5880">
     <span class='ocr_line' id='line_1_116' title="bbox 2063 5807 3634 5880; baseline -0.001 -15"><span class='ocrx_word' id='word_1_774' title='bbox 2063 5813 2276 5867; x_wconf 68' lang='lat' dir='ltr'><strong>stantia:</strong></span> <span class='ocrx_word' id='word_1_775' title='bbox 2305 5813 2525 5880; x_wconf 80' lang='lat' dir='ltr'><strong>trepici,</strong></span> <span class='ocrx_word' id='word_1_776' title='bbox 2562 5813 2662 5868; x_wconf 90' lang='lat' dir='ltr'><strong>hoc</strong></span> <span class='ocrx_word' id='word_1_777' title='bbox 2686 5820 2769 5866; x_wconf 89' lang='lat' dir='ltr'><strong>est</strong></span> <span class='ocrx_word' id='word_1_778' title='bbox 2820 5807 2882 5865; x_wconf 73' lang='lat' dir='ltr'><strong>ut</strong></span> <span class='ocrx_word' id='word_1_779' title='bbox 2929 5811 2985 5870; x_wconf 74' lang='lat' dir='ltr'><strong>il</strong></span> <span class='ocrx_word' id='word_1_780' title='bbox 3019 5809 3084 5864; x_wconf 87' lang='lat' dir='ltr'><strong>ad</strong></span> <span class='ocrx_word' id='word_1_781' title='bbox 3126 5809 3188 5862; x_wconf 77' lang='grc'><strong>10</strong></span> <span class='ocrx_word' id='word_1_782' title='bbox 3227 5807 3634 5878; x_wconf 68' lang='grc' dir='ltr'><em>δοθεχιοοοοο.</em></span> 
     </span>
    </p>
   </div>
  </div>
