4130 6410
468 385 594 439 4051

1500 374 1590 430 AD
1622 371 1892 428 EUSEBII
1925 366 2315 425 CHBONICON
2354 363 2716 422 APPENDIX.

3563 357 3710 413 £052

464 511 697 560 alterum
757 508 910 571 parte
966 500 1156 568 quinta
1212 496 1378 550 unius
1437 496 1576 565 signi
1633 494 1908 549 borealius
1950 499 2034 547 est

2140 489 2231 560 τὴν
2277 488 2374 560 μὲν
2412 494 2451 541 ε’
2495 487 2648 558 μέρει
2677 486 2795 550 eve;
2828 485 3016 549 ζωδίου
3051 485 3389 556 βορειοτέραν
3431 478 3570 537 εἶναι
3608 483 3708 538 τοῦ

463 595 650 650 aestivo
677 593 918 662 tropico;
959 591 1186 643 alterum
1223 587 1331 642 fere
1362 587 1542 641 tertia.

531 684 800 740 Caeterum
833 681 1144 736 Ileniochus
1169 681 1346 733 nullas
1382 679 1435 732 in
1468 678 1698 747 genibus
1723 677 1910 734 stellas
1940 678 2037 730 ha-

467 778 576 832 bet.
610 775 764 842 Quod
814 774 858 828 si
902 774 1026 843 quis
1056 772 1374 842 exiguarum
1407 771 1670 825 obscuras
1699 771 1904 840 aliquot
1935 770 2036 824 ibi-

466 866 587 922 dem
619 866 878 926 collocat,
913 862 1163 932 imperite
1209 861 1358 916 facit.
1396 860 1529 914 Nam
1581 861 1826 931 proxime
1865 860 2036 930 tropi-

465 974 588 1014 cum
617 959 882 1013 circulum
916 958 1064 1012 illius
1110 965 1239 1012 sunt
1277 958 1461 1027 pedes.
1516 956 1646 1023 Quae
1679 959 1822 1011 enim
1853 968 1937 1012 est
1983 958 2036 1011 in

465 1051 725 1114 sinistro,
787 1050 1060 1104 borealior
1111 1057 1195 1104 est
1245 1051 1610 1118 mquinoctiali
1648 1051 1894 1119 partibus
1936 1050 2036 1117 27;

464 1157 584 1212 qua!
609 1143 661 1194 in
685 1141 897 1202 dextro.
926 1143 1194 1211 partibus.
1241 1183 1255 1196 .
1301 1185 1313 1208 ρ
1362 1184 1374 1197 .
1409 1141 1595 1211 Neque
1619 1158 1747 1197 vero
1772 1144 1878 1197 dici
1905 1143 2037 1197 illud

465 1244 661 1305 potest,
683 1249 821 1304 quas
847 1238 901 1287 in
951 1235 1181 1304 pedibus
1214 1237 1402 1290 stellas
1434 1237 1707 1305 ponimus,
1735 1251 1829 1291 cas
1865 1236 1916 1288 in
1950 1253 2041 1307 ge-

465 1327 628 1382 nibus
680 1327 748 1381 ab
804 1328 897 1380 illo
935 1327 1265 1382 constitutas
1314 1343 1458 1382 esse.
1530 1326 1740 1382 Etenim
1791 1329 1933 1398 quod
1983 1329 2038 1382 in

465 1420 658 1474 dextro
684 1418 818 1488 pede
850 1435 951 1475 nos
986 1435 1110 1474 esse
1141 1419 1395 1482 dicimus,
1424 1420 1618 1475 ibidem
1654 1436 1870 1490 quoque
1904 1421 2038 1476 illud

463 1525 586 1567 esse
622 1511 782 1566 docet
817 1512 902 1567 his
936 1513 1225 1568 versibus:

632 1662 648 1678 .
724 1667 738 1680 .
781 1625 1000 1680 Sinistri
1029 1644 1144 1681 vero
1174 1642 1335 1678 cornu
1369 1630 1721 1683 summitatem

535 1663 605 1768 ξι
632 1663 1390 1767 ᾖεέέηῖϊίἑῖιζ-ἰι5ῖένὲἓέἱὶξηῖ
1399 1663 1626 1768 ’Ἄξιῗὲξὲ

537 1761 654 1818 Una
704 1767 861 1820 stella
889 1761 1106 1822 obtinet.

465 1896 602 1951 Tum
638 1899 692 1953 in
727 1904 1119 1972 sequentibus:

534 2011 744 2094 ρατυωῃ
770 2033 888 2070 vero
919 2033 1040 2073 crus
1060 2060 1075 2084 ,
1113 2030 1162 2074 et
1188 2023 1402 2077 sinister
1426 2023 1668 2077 humerus
1703 2025 1755 2078 in
1780 2026 1893 2094 ipso

532 2082 738 2139 Persei.

467 2195 524 2250 In
553 2199 753 2267 quibus
787 2200 953 2254 etiam
1005 2202 1301 2270 plurimum
1361 2205 1594 2261 dissidet
1642 2222 1671 2261 a
1716 2223 1864 2262 vero.
1897 2207 2033 2264 Nam

469 2289 642 2343 lucida
677 2292 856 2347 medio
892 2293 946 2347 in
985 2292 1165 2349 Persei
1203 2312 1432 2366 corpore
1455 2300 1734 2355 .borealior
1760 2309 1844 2357 est
1865 2303 2034 2372 aequi-

469 2381 688 2435 noctiali
723 2384 969 2452 partibus
1000 2385 1090 2440 40.
1120 2385 1357 2457 Tropico
1393 2391 1578 2460 itaque
1610 2393 1880 2448 borealior
1933 2393 2037 2448 erit

468 2473 714 2542 partibus
740 2474 826 2530 i6.
864 2476 1018 2542 Quod
1054 2479 1278 2534 dimidia
1308 2484 1443 2553 signi
1485 2467 1639 2554 parte
1666 2487 1899 2554 amplius
1929 2496 2032 2543 est.

466 2561 829 2630 Quamobrem
852 2567 1040 2622 eodem
1077 2571 1289 2640 tropico
1320 2578 1490 2628 multo
1521 2577 1791 2630 borealior
1823 2588 1907 2632 est
1937 2578 2034 2632 hu-

468 2670 648 2712 merus
676 2656 918 2712 sinister.
966 2660 1178 2714 Etenim
1210 2661 1390 2719 Persei
1425 2667 1562 2723 situs
1595 2678 1676 2722 est
1725 2669 1990 2737 ejusmodi
2018 2710 2033 2733 ,

469 2751 526 2798 ut
573 2756 753 2815 partes
784 2748 930 2803 illius
962 2749 1028 2802 ad
1075 2761 1236 2820 caput
1291 2757 1480 2823 posita:
1528 2757 1594 2811 ad
1632 2757 2038 2825 Septentriones

465 2837 808 2906 pertineant:
845 2842 1006 2909 pedes
1031 2854 1208 2900 autem
1238 2848 1304 2901 ad
1331 2850 1645 2915 meridiem;
1677 2840 1742 2904 ad
1774 2853 2037 2906 orientem

464 2929 746 2999 paululum
779 2931 1088 2990 declinante
1114 2939 1310 3007 capite.

540 3106 731 3166 XXIII.
761 3111 837 3168 De
868 3113 1214 3172 Andromeda
1238 3120 1428 3175 scribit
1455 3121 1656 3176 Aratus
1682 3139 1696 3175 :

537 3261 580 3303 ,ἢ
631 3265 647 3280 .
705 3265 718 3278 .
762 3225 1111 3303 Andromeda:
1144 3233 1371 3288 mediam
1405 3251 1565 3303 supra
1592 3235 1824 3291 cubitum

533 3292 789 3349 Dextram
816 3300 1063 3355 continet.

539 3402 699 3477 114
743 3405 798 3461 In
849 3424 958 3478 quo
1017 3409 1154 3480 fugit
1195 3411 1344 3465 illum
1396 3413 1557 3467 ratio.
1609 3413 1740 3481 Quae
1789 3418 1932 3472 enim
1982 3420 2035 3474 in

465 3493 661 3550 dextro
695 3508 823 3552 sunt
851 3500 995 3555 illius
1019 3501 1264 3565 humero,
1295 3502 1626 3560 borealiores
1657 3509 2032 3579 sunttropico.

464 3582 598 3638 Nam
622 3603 745 3641 cum
773 3590 882 3642 sint
905 3592 1073 3645 stella:
1098 3599 1231 3654 tres,
1253 3609 1373 3662 quae
1399 3609 1463 3648 ex
1496 3594 1582 3650 his
1615 3598 1908 3653 australior
1931 3609 2035 3667 est,

465 3677 536 3732 ab
565 3682 930 3749 aequinoctiali
989 3683 1226 3738 declinat
1274 3686 1328 3738 in
1378 3685 1885 3759 boreanypartibus
1919 3707 2037 3746 am—

467 3773 610 3840 plius
647 3774 734 3828 50.
795 3773 982 3828 Trium
1007 3791 1156 3837 vero,
1189 3793 1310 3847 quae
1339 3786 1466 3833 sunt
1508 3781 1562 3833 in
1604 3781 1793 3836 dextra
1830 3798 1990 3836 manu
2019 3824 2033 3846 ,

466 3867 762 3919 australior
794 3869 1163 3936 mquinoctiali
1212 3871 1483 3924 borcalior
1528 3883 1612 3926 est
1671 3875 1918 3943 partibus
1946 3875 2034 3931 52.

464 3955 542 4010 Ex
570 3957 635 4012 iis
663 3959 885 4015 evidens
916 3973 996 4015 est
1023 3960 1220 4015 flexum
1251 3962 1418 4016 cubiti
1454 3964 1812 4020 borealiorem
1851 3968 2040 4022 admo-

462 4045 593 4099 dum
620 4063 741 4103 esse
773 4051 1014 4120 tropico,
1051 4066 1160 4108 non
1181 4092 1196 4116 ,
1250 4061 1308 4106 ut
1344 4053 1544 4111 Aratus
1574 4065 1766 4126 putat,
1819 4067 2038 4114 austra.

464 4137 678 4194 liorem.

535 4229 716 4301 Pergit
747 4232 922 4288 idem:

538 4321 758 4402 ζζηςμιιω
785 4341 902 4378 vero
939 4324 1189 4402 Equinte,
1226 4337 1276 4382 et
1312 4331 1506 4382 collum
1535 4328 1824 4402 Cygninum

534 4393 785 4449 Extremo
816 4413 930 4450 cum
969 4393 1157 4466 capite.

533 4504 852 4575 Cujusmodi
890 4510 1079 4564 stellas
1113 4513 1332 4582 ungulis
1359 4511 1540 4583 alligat
1589 4512 1725 4584 Equi
1757 4532 1865 4572 non
1897 4527 2032 4574 satis
2064 4536 2109 4592 ι)

462 4607 678 4656 constat
703 4615 717 4664 ;
745 4615 930 4654 verum
949 4617 1014 4656 ex
1044 4602 1130 4666 iis,
1156 4619 1277 4658 oua:
1300 4604 1367 4659 de
1382 4604 1568 4676 Cygno
1595 4607 1669 4660 ait
1696 4624 1714 4661 :

465 4795 479 4816 ο
559 4797 573 4812 .
652 4795 666 4810 .
708 4757 776 4810 ad
809 4756 1051 4811 dextram
1089 4775 1276 4812 manus

461 4823 671 4885 Ceu/rei.
702 4843 885 4894 penna:
913 4828 1125 4882 derrtros
1153 4830 1345 4882 limites
1377 4839 1643 4884 ostentans
1663 4871 1678 4894 ,

463 4894 706 4952 Sinistra:
738 4907 913 4950 autem
948 4899 1049 4951 ala:
1088 4899 1286 4969 ungula
1317 4901 1583 4953 acclinata
1615 4912 1691 4956 est
1732 4901 1904 4968 Equi;

2135 581 2347 654 Θερινοῦ
2383 581 2664 653 τροπικοῦ·
2693 581 2790 651 τὴν
2816 580 2872 634 δὲ
2901 586 2950 647 γ’
2979 579 3202 647 ἔγγιστα
3232 579 3405 650 μέρει.

2207 675 2275 726 '0
2311 690 2372 726 τε
2424 672 2530 743 μὴν
2585 673 2825 742 Ἡνίοχος
2859 673 2978 725 οὐδὲ.
3018 673 3130 742 ἔχει
3175 671 3267 724 ἐπὶ
3308 670 3418 723 τῶν
3460 671 3704 739 γονάτων

2137 765 2392 836 ἀστέρας.
2433 765 2496 816 Εἰ
2523 763 2578 817 δὲ
2607 763 2716 818 τῶν
2752 763 2960 835 μικρῶν
2984 780 3134 827 τινας
3159 763 3438 833 ἀμαυροὺς
3463 762 3700 832 τίθησιν,

2136 859 2640 928 ἀγνοεῖ.“Ἐγγιστα
2668 856 2774 926 γὰρ
2810 855 2899 907 ἐπὶ
2932 855 3023 908 τοῦ
3047 853 3305 925 τροπικδῦ
3331 855 3380 906 οί
3415 853 3570 916 πόδες
3605 853 3704 906 αὖ·

2136 949 2230 1000 τοῦ
2260 952 2484 1002 κεῖνται.
2535 948 2592 1001 '0
2632 949 2729 1016 μὲν
2756 948 2862 1018 γὰρ
2896 946 2987 999 ἐπὶ
3015 946 3107 998 τοῦ
3138 944 3424 1016 ἀριστεροῦ
3450 944 3580 1008 (66),
3616 943 3705 1013 .80-

2140 1041 2407 1112 ρειότερός
2435 1042 2551 1093 ἐστι
2577 1038 2670 1092 τοῦ
2708 1037 3021 1110 ἰσημερινοῦ
3052 1037 3160 1108 μοί.
3191 1037 3272 1102 κζ’
3295 1052 3306 1064 ’
3339 1039 3367 1089 ὁ
3399 1036 3454 1090 δὲ
3483 1035 3574 1088 ἐπὶ
3604 1036 3702 1089 τοῦ

2137 1132 2311 1200 δεξιοῦ
2349 1133 2528 1202 μοί....
2559 1133 2632 1184 Οὐ
2665 1130 2720 1183 δὲ
2745 1129 2848 1200 μὴν
2879 1129 3036 1182 τοῦτό
3069 1131 3214 1182 ἐστιν
3246 1129 3439 1189 εἰπεῖν,
3469 1127 3550 1180 ὅτι
3572 1126 3705 1189 τοὺς

2139 1226 2229 1294 ὑφ’
2256 1225 2409 1296 ἡμῶν
2438 1224 2756 1294 λεγομένους
2788 1223 3021 1294 ἀστέρας
3050 1221 3266 1274 ἐπὶτῶν
3297 1218 3468 1272 ποδῶν
3497 1221 3706 1280 ἐκεῖνος

2138 1315 2232 1368 ἐπὶ
2263 1314 2370 1367 τῶν
2401 1315 2638 1382 γονάτων
2670 1313 2900 1381 τίθησιν.
2936 1312 3001 1363 '0
3033 1309 3140 1380 γὰρ
3168 1311 3325 1380 ἡμεῖς
3357 1325 3532 1379 φαμεν
3563 1303 3705 1360 εἷναι

2138 1405 2232 1457 ἐπὶ
2259 1404 2352 1457 τοῦ
2379 1403 2552 1468 δεξιοῦ
2576 1402 2754 1466 ποδὸς,
2790 1403 3038 1462 κάκεῖνος
3070 1399 3216 1468 λέγει
3245 1400 3301 1452 ἐν
3329 1398 3557 1461 τούτοις·

2215 1642 2228 1653 .
2252 1640 2266 1653 .
2291 1643 2303 1654 .
2330 1639 2344 1654 .
2380 1641 2395 1654 .
2426 1639 2439 1651 .
2472 1637 2489 1652 .
2525 1641 2539 1654 .
2579 1597 2761 1653 Λαιοῦ
2785 1595 2853 1649 δὲ
2878 1594 3163 1662 κερὰατος
3190 1593 3376 1662 ἄκρον

2209 1672 2315 1726 Καὶ
2345 1670 2499 1724 πόδα
2519 1668 2820 1731 δεξιτερὸν
2843 1663 3276 1734 παρακειμένου
3312 1664 3592 1733 Ἠνιόχοιο

2205 1743 2248 1794 Ε
2254 1737 2307 1808 ἶς
2334 1739 2526 1808 ἀστὴρ
2557 1737 2776 1808 ἐπέχει.

2066 1859 2110 1914 Β
2149 1876 2306 1948 Ἑξῆς
2335 1876 2391 1929 δέ
2429 1891 2581 1946 cmm-

2209 1988 2356 2053 Λαιὴ
2390 1986 2456 2039 δὲ
2486 1986 2679 2055 κνήμη
2711 1985 2805 2038 καὶ
2833 1983 3142 2052 ἀριστερὸς
3171 1978 3329 2049 ὦμος
3357 1983 3432 2036 ἐπ
3467 1981 3655 2039 αὑτοῦ

2207 2058 2487 2128 Περσέος.

2134 2172 2276 2228 Πολὺ
2306 2171 2360 2224 δὲ
2391 2170 2485 2224 καὶ
2527 2171 2587 2220 ἐν
2616 2167 2824 2232 τούτοις
2863 2166 2975 2235 (67)
3010 2165 3412 2233 ἀποσφάλλεται
3443 2164 3538 2234 τῆς
3570 2162 3704 2234 ἀλη-

2136 2264 2304 2327 θείας·
2331 2266 2358 2316 ο
2386 2261 2495 2332 γὰρ
2534 2261 2591 2313 έν
2631 2258 2778 2330 μέσῳ
2804 2257 3014 2328 σώματι
3045 2257 3138 2310 τοῦ
3169 2257 3418 2328 Περσέως
3449 2254 3704 2334 λαμπρὸς

2137 2355 2308 2424 ἀστὴρ
2344 2352 2673 2423 βορειότερός
2707 2354 2822 2404 ἐστι
2861 2349 2954 2402 τοῦ
2992 2347 3305 2420 ίσημερινοῦ
3337 2347 3445 2418 μοί.
3480 2344 3553 2416 μ’.
3590 2345 3705 2401 ’τοῦ

2135 2446 2394 2519 τροπικοῦ
2429 2446 2536 2516 ἄρα
2569 2441 2895 2515 βορειότερός
2921 2443 3032 2493 ἐστι
3059 2440 3168 2511 μοί.
3197 2446 3299 2504 ig“
3330 2440 3357 2492 ὅ
3392 2441 3504 2492 ἐστι
3540 2436 3707 2490 πλέον

2138 2539 2376 2608 ἡμίσεως
2399 2537 2592 2606 μέρους
2617 2535 2825 2600 ζωδίου.
2846 2533 3029 2604 Πολλῷ
3043 2533 3147 2604 ἄρα
3167 2531 3361 2602 μᾶλλον
3377 2533 3402 2584 ὁ
3417 2528 3706 2600 ἀριστερὸς

2137 2625 2286 2700 ὦμος
2320 2627 2653 2698 βορειότερός
2687 2628 2800 2678 ἐστι
2824 2626 2917 2679 τοῦ
2955 2624 3164 2695 Θερινοῦ
3197 2621 3474 2695 τροπικοῦ.
3505 2622 3703 2686 Κεῖται

2137 2722 2244 2792 γὰρ
2265 2723 2298 2774 ὁ
2315 2721 2553 2790 Περσεὺς
2579 2722 2643 2788 τῇ
2663 2719 2825 2780 essu,
2848 2719 2986 2770 ὥστε
3014 2717 3082 2770 τὰ
3114 2717 3211 2787 μὲν
3239 2715 3372 2787 πρὸς
3397 2718 3462 2784 τῇ
3490 2713 3700 2784 κεφαλῇ

2143 2814 2282 2884 μέρη
2309 2808 2446 2866 εἶναι
2485 2811 2646 2866 αὐτοῦ
2682 2811 2816 2882 πρὸς
2861 2813 2978 2872 ταῖς
3028 2808 3269 2879 ἄρκτοις,
3299 2807 3422 2868 τοὺς
3448 2805 3502 2858 δὲ
3533 2803 3703 2867 πόδας

2141 2906 2276 2976 πρὸς
2302 2923 2436 2976 μεση
2447 2903 2663 2976 μϐρίαν,
2693 2902 2882 2973 μικρὸν
2906 2901 3038 2964 πρὸς
3062 2899 3321 2960 ἀνατολὰς
3341 2899 3437 2968 τῆς
3461 2893 3704 2965 κεφαλῆς

2141 2997 2552 3067 ἀποκλινούσης.

2211 3110 2337 3164 K1".
2372 3109 2507 3180 Περὶ
2539 3110 2596 3162 δὲ
2623 3110 2719 3178 τῆς
2753 3105 3106 3177 Ἀνδρομέδας
3132 3103 3312 3175 φησιν·

2209 3260 2226 3278 .
2248 3265 2262 3278 .
2292 3265 2305 3278 .
2325 3262 2338 3276 .
2384 3220 2762 3286 Ἀνδρομέδης
2781 3218 3026 3290 μέσσην
3051 3215 3319 3286 ἀγκῶνος
3345 3216 3570 3282 ὕπερθε-

2209 3293 2522 3360 Δεξιτερὴν
2548 3291 2766 3360 ἐπέχει.

2151 3403 2359 3470 Ἀγνοεῖ
2387 3400 2442 3452 δὲ
2475 3400 2568 3452 καὶ
2602 3397 2740 3452 κατά
2766 3397 2940 3453 τοῦτο.
2990 3398 3100 3451 Καὶ
3137 3397 3244 3467 γὰρ
3269 3397 3316 3447 οἱ
3348 3396 3403 3447 ὲν
3436 3392 3512 3464 τῷ
3541 3393 3715 3463 δεξιῷ.

2138 3492 2305 3560 αὐτῆς
2331 3491 2465 3561 ὤμῳ
2491 3490 2811 3561 βορειότεροι
2839 3492 2942 3542 εἰσι
2967 3488 3059 3541 τοῦ
3085 3485 3365 3557 τροπικοῢ.
3392 3483 3569 3555 Τριῶν
3590 3483 3704 3557 γὰρ

2138 3583 2304 3635 ὄντων
2332 3581 2596 3650 ἀστέρων,
2625 3580 2653 3631 ὁ
2679 3580 2992 3650 νοτιὼτερος
3019 3577 3194 3631 αὐτῶν
3221 3576 3554 3647 βορειότερὸς
3581 3578 3703 3629 ἐστι

2137 3674 2228 3727 τοῦ
2266 3672 2578 3744 ἰσημερινοῦ
2612 3671 2792 3725 πλεῖον
2833 3689 2940 3741 μοι.
2987 3670 3051 3723 λ’.
3097 3670 3216 3722 Τῶν
3259 3669 3317 3722 δὲ
3357 3671 3413 3722 ὲν
3453 3670 3519 3739 τῇ
3554 3666 3706 3738 δεξιᾷ

2139 3765 2280 3834 χειρὶ
2307 3771 2353 3831 γ’
2380 3767 2406 3817 ὁ
2431 3763 2564 3832 πρὸς
2593 3761 2935 3832 μεσημϐρίαν
2965 3760 3296 3833 βορειότερός
3320 3761 3432 3812 ἐστι
3458 3759 3550 3812 τοῦ
3587 3760 3706 3830 [σηε-

2142 3855 2361 3926 μερινοῦ
2396 3855 2504 3926 μοί.
2539 3855 2636 3908 λον.
2671 3854 2836 3925 Δῆλον
2865 3850 2955 3907 οὖν
2986 3855 3049 3906 ὲκ
3103 3852 3325 3914 τούτων,
3349 3853 3429 3905 ὃτι
3460 3853 3488 3904 ὁ
3515 3847 3706 3918 ἀγκὼν

2141 3947 2471 4018 βορειότερός
2491 3947 2635 3999 ἐστιν
2663 3943 2857 4006 ἱκανῶς
2883 3943 2974 3996 τοῦ
3002 3942 3285 4014 τροπικοῦ,
3318 3943 3410 3995 καὶ
3431 3942 3492 3995 οὑ
3511 3938 3701 3994 vacui)-

2139 4054 2312 4108 τερος,
2347 4036 2421 4099 ὡς
2460 4035 2689 4106 ’Ἄρατός
2721 4051 2902 4105 φησιν.

2219 4187 2378 4258 Ἐξῆς
2407 4188 2462 4241 δὲ
2488 4187 2652 4255 λέγει·

2221 4303 2418 4355 Όπλαὶ
2447 4302 2497 4353 δ’
2527 4302 2792 4355 "Maeror.
2824 4299 2918 4351 καί
2949 4299 3292 4366 ὐπαύχενον
3324 4297 3632 4365 Ὁρνίθειον

2216 4375 2270 4427 Ἀ
2280 4391 2390 4439 κρῃ
2423 4371 2542 4425 σὺν
2570 4368 2820 4438 κεφαλῇ.

2211 4483 2374 4545 Τίνας
2410 4483 2506 4552 μὲν
2543 4475 2634 4534 οὖν
2663 4480 2896 4550 ἀστέρας
2918 4479 3082 4532 ἐτίθει
3115 4479 3208 4532 ἐπὶ
3241 4480 3358 4542 ταῖς
3390 4477 3579 4540 ὁπλαῖς
3608 4477 3708 4529 τοῦ

2140 4575 2356 4635 Ἵππου,
2387 4572 2599 4642 ἄδηλον·
2635 4572 2698 4624 ἐκ
2734 4571 2913 4642 μέντοι
2946 4570 3066 4628 τῶι
3085 4572 3178 4624 ἐπὶ
3203 4570 3297 4624 τοῦ
3337 4569 3587 4642 Ὄρνιθος
3613 4568 3706 4622 λε-

2135 4665 2380 4737 γομένων
2411 4662 2602 4726 οὕτως,

2687 4793 2700 4807 .
2733 4791 2748 4806 .
2785 4752 2934 4806 κατὰ
2965 4751 3130 4816 δεξιὰ
3159 4751 3354 4820 χειρὸς

2134 4797 2413 4896 [fuste-hc,
2452 4824 2692 4891 ταρσοῖο
2716 4823 2786 4876 τὰ
2821 4823 2987 4896 δεξιὰ
3015 4795 3277 4896 εἶείριῖτςῖ
3289 4795 3537 4896 φδαίνιιζις·

2134 4891 2285 4966 Acili]
2317 4897 2385 4950 δὲ
2411 4896 2654 4963 πτέρυγι
2688 4894 2989 4962 σκαρθμὸς
3016 4891 3439 4959 παρακέκλιται
3469 4892 3704 4944 Ἵππου-

462 5009 604 5076 haud
646 5008 804 5080 longe
835 5025 866 5064 a
898 5011 1127 5064 veritate
1177 5025 1300 5066 esse
1327 5009 1595 5067 videatur.
1639 5009 1773 5066 Nam
1803 5029 1924 5083 qua:
1946 5024 2033 5070 est

2140 5012 2272 5079 δόξει
2297 5011 2343 5042 ⁸³
2386 5008 2451 5063 ἂν
2483 5005 2821 5075 συνεγγίζειν
2849 5008 2914 5076 τῇ
2949 5003 3193 5075 ἀληθείᾳ.
3237 5004 3296 5056 ὐ
3330 5003 3440 5073 γὰρ
3467 5005 3525 5056 ὲν
3558 5005 3712 5074 ἄκρᾳ

528 5167 576 5202 ⁸³
606 5168 646 5238 1³.
687 5167 909 5237 δόξειεν.

534 5282 644 5353 (66)
687 5284 748 5337 '0
771 5283 889 5352 μὲν
931 5282 1050 5353 γὰρ
1083 5283 1180 5337 ἐπὶ
1212 5284 1321 5337 τοῦ
1369 5282 1704 5353 ἀριστεροῦ.
1771 5279 1915 5335 Pene
1957 5299 2021 5337 ex

461 5352 634 5419 sequo
668 5353 963 5410 distabant.
1009 5352 1141 5407 Nam
1198 5353 1374 5406 dextri
1428 5352 1599 5418 pedis.
1651 5359 1704 5405 et
1765 5353 2023 5408 australis

461 5423 614 5476 stella
649 5424 1066 5478 declinationem
1124 5423 1360 5476 habebat
1392 5423 1462 5476 ab
1491 5430 1766 5491 a'quatore.
1799 5422 2020 5475 boream

459 5508 672 5554 versus,
707 5493 860 5562 grad.
892 5494 983 5558 27,
1022 5494 1128 5556 δῖ’,
1157 5492 1454 5563 Hipparchi
1486 5501 1748 5562 tempore.
1786 5491 2022 5546 Siuister

463 5576 580 5629 pes.
610 5565 762 5627 grad.
792 5565 881 5620 27.
899 5563 965 5617 7'.
1633 5619 1640 5625 .

515 5627 646 5701 .467)
674 5633 836 5686 Πολὺ
861 5633 929 5686 δὲ
957 5633 1053 5687 καὶ
1077 5633 1147 5686 ἐν
1169 5633 1418 5699 τούτοις.
1477 5629 1650 5686 Nimis
1691 5630 1921 5685 confuse
1962 5639 2018 5685 et

466 5697 672 5772 infinite
702 5702 915 5772 refellit.
949 5702 1082 5756 Nam
1110 5703 1270 5758 ambo
1294 5697 1429 5757 falsa
1484 5710 1631 5763 sunt,
1664 5717 1784 5772 quae
1816 5702 2014 5772 Aratus

465 5767 687 5836 scripsit
716 5770 781 5825 de
821 5771 1044 5827 sinistra
1088 5773 1218 5827 tibia
1260 5781 1318 5827 et
1352 5773 1578 5827 humero
1634 5767 1882 5829 sinistro.
1915 5771 2009 5824 sed

467 5833 695 5894 hoe—illo
721 5839 946 5909 falsius;
979 5850 1038 5896 ut
1061 5857 1126 5898 ex
1156 5843 1348 5903 tropic.
1377 5840 1616 5897 Eudosei
1640 5841 2009 5910 descriptione

2154 5293 2391 5340 constat.
2451 5285 2639 5354 Itaque
2684 5281 3102 5354 argumentatio,
3159 5294 3321 5349 quam
3357 5276 3708 5354 Hipparchus

2151 5356 2326 5417 affert,
2363 5348 2632 5423 neque'de
2667 5348 2888 5408 sinistro
2911 5353 3134 5423 humero
3173 5348 3284 5423 rem
3311 5348 3530 5423 conficit
3567 5365 3579 5401 :
3613 5364 3708 5403 ne-

2150 5441 2255 5493 que
2288 5427 2354 5480 de
2382 5416 2534 5480 tibia.
2559 5432 2618 5477 ut
2657 5424 2852 5477 ibidem
2876 5421 3222 5493 adnotanius.
3253 5416 3440 5493 Stella,
3475 5433 3596 5488 quae
3616 5427 3706 5474 est

2148 5488 2200 5549 in
2233 5496 2458 5550 sinistro
2491 5495 2676 5548 Persei
2727 5494 2972 5550 humero.
2996 5488 3301 5542 declinabat
3330 5489 3400 5542 ab
3423 5499 3704 5555 aequatura

2147 5565 2351 5621 Eudoxi
2382 5575 2644 5630 tempore.
2678 5561 2935 5632 gradibus
2983 5560 3070 5622 37,
3104 5559 3218 5624 47';
3248 5573 3276 5610 a
3321 5560 3536 5632 tropico
3579 5573 3708 5632 gra-

2144 5636 2304 5690 dibus
2329 5637 2414 5700 l5,
2439 5635 2540 5699 17',
2573 5630 2860 5702 Hipparchi
2897 5637 3194 5702 verumtate
3218 5630 3699 5702 antequiuoctiali.

2142 5707 2394 5773 gradibus
2432 5699 2694 5766 38,313'a
2726 5703 2933 5773 tropico
2972 5700 3058 5773 I4.
3093 5700 3196 5762 δι’,
3247 5700 3539 5769 utrobique
3592 5699 3704 5752 mi-

2141 5769 2244 5833 nus
2269 5791 2429 5850 quam
2462 5776 2637 5830 lucida
2668 5789 2786 5843 qua
2813 5780 2895 5826 est
2923 5771 2975 5824 in
2999 5769 3166 5823 latere
