  <div class='ocr_page' id='page_1' title='image "/cluster/home/n/w/nwhite01/storage/ocr_20150623/19/nnc1.0037127454/548.png"; bbox 0 0 4130 6410; ppageno 0'>
   <div class='ocr_carea' id='block_1_1' title="bbox 484 347 622 405">
    <p class='ocr_par' dir='ltr' id='par_1_1' title="bbox 484 347 622 405">
     <span class='ocr_line' id='line_1_1' title="bbox 484 347 622 405; baseline 0.022 -3"><span class='ocrx_word' id='word_1_1' title='bbox 484 347 622 405; x_wconf 73' lang='grc'><strong>1053</strong></span> 
     </span>
    </p>
   </div>
   <div class='ocr_carea' id='block_1_2' title="bbox 1505 305 2700 407">
    <p class='ocr_par' dir='ltr' id='par_1_2' title="bbox 1505 305 2700 407">
     <span class='ocr_line' id='line_1_2' title="bbox 1505 305 2700 407; baseline -0.004 -1"><span class='ocrx_word' id='word_1_2' title='bbox 1505 305 1872 407; x_wconf 67' lang='lat' dir='ltr'><strong>mensem</strong></span> <span class='ocrx_word' id='word_1_3' title='bbox 1903 349 1996 405; x_wconf 84' lang='lat' dir='ltr'><strong>AD</strong></span> <span class='ocrx_word' id='word_1_4' title='bbox 2025 348 2473 406; x_wconf 65' lang='lat' dir='ltr'><strong>PHENOMENA</strong></span> <span class='ocrx_word' id='word_1_5' title='bbox 2500 348 2631 407; x_wconf 82' lang='lat' dir='ltr'><strong>Lm.</strong></span> <span class='ocrx_word' id='word_1_6' title='bbox 2658 348 2700 402; x_wconf 76' lang='grc' dir='ltr'><strong>ι.</strong></span> 
     </span>
    </p>
   </div>
   <div class='ocr_carea' id='block_1_3' title="bbox 3585 344 3719 403">
    <p class='ocr_par' dir='ltr' id='par_1_3' title="bbox 3585 344 3719 403">
     <span class='ocr_line' id='line_1_3' title="bbox 3585 344 3719 403; baseline -0.007 0"><span class='ocrx_word' id='word_1_7' title='bbox 3585 344 3719 403; x_wconf 65' lang='grc'><strong>1056</strong></span> 
     </span>
    </p>
   </div>
   <div class='ocr_carea' id='block_1_4' title="bbox 474 450 2035 536">
    <p class='ocr_par' dir='ltr' id='par_1_4' title="bbox 474 461 2035 536">
     <span class='ocr_line' id='line_1_4' title="bbox 474 461 2035 536; baseline 0.001 -21"><span class='ocrx_word' id='word_1_8' title='bbox 474 464 541 534; x_wconf 76' lang='grc' dir='ltr'>τῇ</span> <span class='ocrx_word' id='word_1_9' title='bbox 573 462 805 535; x_wconf 80' lang='grc' dir='ltr'><strong>πτέρυγι</strong></span> <span class='ocrx_word' id='word_1_10' title='bbox 833 461 1169 536; x_wconf 57' lang='grc' dir='ltr'>βορειῶερός</span> <span class='ocrx_word' id='word_1_11' title='bbox 1192 464 1311 517; x_wconf 75' lang='grc' dir='ltr'>ἐστι</span> <span class='ocrx_word' id='word_1_12' title='bbox 1338 462 1433 517; x_wconf 82' lang='grc' dir='ltr'>τοῦ</span> <span class='ocrx_word' id='word_1_13' title='bbox 1465 462 1779 536; x_wconf 84' lang='grc' dir='ltr'>ίσημερινοῦ</span> <span class='ocrx_word' id='word_1_14' title='bbox 1806 461 1915 535; x_wconf 84' lang='grc' dir='ltr'>μοί.</span> <span class='ocrx_word' id='word_1_15' title='bbox 1941 469 2035 531; x_wconf 75' lang='grc' dir='ltr'><strong>κγ’⁴</strong></span> 
     </span>
    </p>
   </div>
   <div class='ocr_carea' id='block_1_5' title="bbox 2136 450 3721 536">
    <p class='ocr_par' dir='ltr' id='par_1_5' title="bbox 2150 450 3721 532">
     <span class='ocr_line' id='line_1_5' title="bbox 2150 450 3721 532; baseline -0.002 -16"><span class='ocrx_word' id='word_1_16' title='bbox 2150 464 2208 516; x_wconf 89' lang='lat' dir='ltr'><strong>in</strong></span> <span class='ocrx_word' id='word_1_17' title='bbox 2239 462 2578 518; x_wconf 75' lang='lat' dir='ltr'><strong>extremitate</strong></span> <span class='ocrx_word' id='word_1_18' title='bbox 2609 461 2728 523; x_wconf 84' lang='lat' dir='ltr'><strong>alae,</strong></span> <span class='ocrx_word' id='word_1_19' title='bbox 2757 459 3033 519; x_wconf 84' lang='lat' dir='ltr'><strong>borealior</strong></span> <span class='ocrx_word' id='word_1_20' title='bbox 3079 468 3161 516; x_wconf 89' lang='lat' dir='ltr'><strong>est</strong></span> <span class='ocrx_word' id='word_1_21' title='bbox 3197 458 3560 532; x_wconf 75' lang='lat' dir='ltr'><strong>aequinoctiali</strong></span> <span class='ocrx_word' id='word_1_22' title='bbox 3595 450 3721 531; x_wconf 56' lang='lat' dir='ltr'><strong>par;</strong></span> 
     </span>
    </p>
   </div>
   <div class='ocr_carea' id='block_1_6' title="bbox 473 551 2046 627">
    <p class='ocr_par' dir='ltr' id='par_1_6' title="bbox 473 551 2046 627">
     <span class='ocr_line' id='line_1_6' title="bbox 473 551 2046 627; baseline 0.001 -19"><span class='ocrx_word' id='word_1_23' title='bbox 473 551 567 608; x_wconf 77' lang='grc' dir='ltr'>τοῦ</span> <span class='ocrx_word' id='word_1_24' title='bbox 599 552 657 608; x_wconf 79' lang='grc' dir='ltr'><strong>δὲ</strong></span> <span class='ocrx_word' id='word_1_25' title='bbox 690 554 941 625; x_wconf 83' lang='grc' dir='ltr'>Ὄρνιθος</span> <span class='ocrx_word' id='word_1_26' title='bbox 975 555 1037 609; x_wconf 87' lang='grc' dir='ltr'><strong>τὸ</strong></span> <span class='ocrx_word' id='word_1_27' title='bbox 1070 555 1167 625; x_wconf 84' lang='grc' dir='ltr'>μὲν</span> <span class='ocrx_word' id='word_1_28' title='bbox 1202 554 1399 627; x_wconf 57' lang='grc' dir='ltr'>ῥύγχος</span> <span class='ocrx_word' id='word_1_29' title='bbox 1435 555 1770 627; x_wconf 79' lang='grc' dir='ltr'>βορειότερόν</span> <span class='ocrx_word' id='word_1_30' title='bbox 1809 557 1923 609; x_wconf 73' lang='grc' dir='ltr'>ἐστι</span> <span class='ocrx_word' id='word_1_31' title='bbox 1953 554 2046 609; x_wconf 81' lang='grc' dir='ltr'>τοῦ</span> 
     </span>
    </p>
   </div>
   <div class='ocr_carea' id='block_1_7' title="bbox 477 643 2049 716">
    <p class='ocr_par' dir='ltr' id='par_1_7' title="bbox 477 643 2049 716">
     <span class='ocr_line' id='line_1_7' title="bbox 477 643 2049 716; baseline -0.001 -17"><span class='ocrx_word' id='word_1_32' title='bbox 477 643 795 716; x_wconf 82' lang='grc' dir='ltr'>ίσημερινοῦ</span> <span class='ocrx_word' id='word_1_33' title='bbox 824 645 934 715; x_wconf 87' lang='grc' dir='ltr'>μοί.</span> <span class='ocrx_word' id='word_1_34' title='bbox 969 651 1044 698; x_wconf 85' lang='grc' dir='ltr'>κε’</span> <span class='ocrx_word' id='word_1_35' title='bbox 1077 646 1172 699; x_wconf 77' lang='grc' dir='ltr'><strong>καὶ</strong></span> <span class='ocrx_word' id='word_1_36' title='bbox 1200 651 1306 714; x_wconf 52' lang='grc' dir='ltr'>κοτ’·</span> <span class='ocrx_word' id='word_1_37' title='bbox 1334 648 1362 699; x_wconf 98' lang='lat'><strong>6</strong></span> <span class='ocrx_word' id='word_1_38' title='bbox 1384 645 1439 698; x_wconf 84' lang='grc' dir='ltr'><strong>δὲ</strong></span> <span class='ocrx_word' id='word_1_39' title='bbox 1467 645 1721 716; x_wconf 78' lang='grc' dir='ltr'><strong>ἐχόμενος</strong></span> <span class='ocrx_word' id='word_1_40' title='bbox 1745 645 1931 706; x_wconf 76' lang='grc' dir='ltr'>αὐτοῦ,</span> <span class='ocrx_word' id='word_1_41' title='bbox 1956 647 2049 699; x_wconf 78' lang='grc' dir='ltr'><strong>καὶ</strong></span> 
     </span>
    </p>
   </div>
   <div class='ocr_carea' id='block_1_8' title="bbox 473 735 2047 809">
    <p class='ocr_par' dir='ltr' id='par_1_8' title="bbox 473 735 2047 809">
     <span class='ocr_line' id='line_1_8' title="bbox 473 735 2047 809; baseline 0 -17"><span class='ocrx_word' id='word_1_42' title='bbox 473 738 550 801; x_wconf 83' lang='grc' dir='ltr'>ὡς</span> <span class='ocrx_word' id='word_1_43' title='bbox 579 737 644 791; x_wconf 85' lang='grc' dir='ltr'>ἂν</span> <span class='ocrx_word' id='word_1_44' title='bbox 669 740 697 791; x_wconf 90' lang='grc' dir='ltr'>ὁ</span> <span class='ocrx_word' id='word_1_45' title='bbox 719 738 777 790; x_wconf 83' lang='grc' dir='ltr'>ὲν</span> <span class='ocrx_word' id='word_1_46' title='bbox 802 736 881 807; x_wconf 81' lang='grc' dir='ltr'><strong>τῷ</strong></span> <span class='ocrx_word' id='word_1_47' title='bbox 909 736 1141 809; x_wconf 82' lang='grc' dir='ltr'>λάρυγγι</span> <span class='ocrx_word' id='word_1_48' title='bbox 1170 739 1440 807; x_wconf 83' lang='grc' dir='ltr'><strong>κείμενος,</strong></span> <span class='ocrx_word' id='word_1_49' title='bbox 1463 735 1792 808; x_wconf 80' lang='grc' dir='ltr'>βορειότερός</span> <span class='ocrx_word' id='word_1_50' title='bbox 1815 739 1928 791; x_wconf 83' lang='grc' dir='ltr'>ἐστι</span> <span class='ocrx_word' id='word_1_51' title='bbox 1955 738 2047 792; x_wconf 82' lang='grc' dir='ltr'>τοῦ</span> 
     </span>
    </p>
   </div>
   <div class='ocr_carea' id='block_1_9' title="bbox 476 824 2046 901">
    <p class='ocr_par' dir='ltr' id='par_1_9' title="bbox 476 824 2046 901">
     <span class='ocr_line' id='line_1_9' title="bbox 476 824 2046 901; baseline 0.002 -20"><span class='ocrx_word' id='word_1_52' title='bbox 476 827 792 900; x_wconf 78' lang='grc' dir='ltr'>ίσημερινοῧ</span> <span class='ocrx_word' id='word_1_53' title='bbox 821 827 931 899; x_wconf 86' lang='grc' dir='ltr'>μοί.</span> <span class='ocrx_word' id='word_1_54' title='bbox 961 828 1064 881; x_wconf 82' lang='grc' dir='ltr'>λα’.</span> <span class='ocrx_word' id='word_1_55' title='bbox 1094 827 1261 897; x_wconf 83' lang='grc' dir='ltr'>Δῆλον</span> <span class='ocrx_word' id='word_1_56' title='bbox 1286 824 1399 889; x_wconf 78' lang='grc' dir='ltr'>οὖν,</span> <span class='ocrx_word' id='word_1_57' title='bbox 1421 830 1500 881; x_wconf 78' lang='grc' dir='ltr'><strong>ὅτι</strong></span> <span class='ocrx_word' id='word_1_58' title='bbox 1525 827 1648 882; x_wconf 73' lang='grc' dir='ltr'>οὔτε</span> <span class='ocrx_word' id='word_1_59' title='bbox 1667 830 1700 900; x_wconf 81' lang='grc' dir='ltr'><strong>ἡ</strong></span> <span class='ocrx_word' id='word_1_60' title='bbox 1722 830 1932 901; x_wconf 81' lang='grc' dir='ltr'>κεφαλὴ</span> <span class='ocrx_word' id='word_1_61' title='bbox 1954 829 2046 885; x_wconf 80' lang='grc' dir='ltr'>τοῦ</span> 
     </span>
    </p>
   </div>
   <div class='ocr_carea' id='block_1_10' title="bbox 477 918 2047 993">
    <p class='ocr_par' dir='ltr' id='par_1_10' title="bbox 477 918 2047 993">
     <span class='ocr_line' id='line_1_10' title="bbox 477 918 2047 993; baseline -0.001 -19"><span class='ocrx_word' id='word_1_62' title='bbox 477 918 729 991; x_wconf 80' lang='grc' dir='ltr'>Ὄρνιθος</span> <span class='ocrx_word' id='word_1_63' title='bbox 765 918 891 972; x_wconf 74' lang='grc' dir='ltr'>οὔτε</span> <span class='ocrx_word' id='word_1_64' title='bbox 933 923 961 973; x_wconf 91' lang='grc' dir='ltr'><strong>ὁ</strong></span> <span class='ocrx_word' id='word_1_65' title='bbox 993 919 1264 990; x_wconf 62' lang='grc' dir='ltr'>τράχηλος</span> <span class='ocrx_word' id='word_1_66' title='bbox 1306 919 1526 974; x_wconf 80' lang='grc' dir='ltr'>δύναται</span> <span class='ocrx_word' id='word_1_67' title='bbox 1573 921 1665 974; x_wconf 71' lang='grc' dir='ltr'>ἐπὶ</span> <span class='ocrx_word' id='word_1_68' title='bbox 1694 920 1789 974; x_wconf 80' lang='grc' dir='ltr'>τοῦ</span> <span class='ocrx_word' id='word_1_69' title='bbox 1834 920 2047 993; x_wconf 78' lang='grc' dir='ltr'>θερινοῦ</span> 
     </span>
    </p>
   </div>
   <div class='ocr_carea' id='block_1_11' title="bbox 473 1008 1221 1081">
    <p class='ocr_par' dir='ltr' id='par_1_11' title="bbox 473 1008 1221 1081">
     <span class='ocr_line' id='line_1_11' title="bbox 473 1008 1221 1081; baseline 0.001 -19"><span class='ocrx_word' id='word_1_70' title='bbox 473 1009 733 1081; x_wconf 87' lang='grc' dir='ltr'>τροπικοῦ</span> <span class='ocrx_word' id='word_1_71' title='bbox 764 1008 973 1063; x_wconf 84' lang='grc' dir='ltr'>κεῖσθαι</span> <span class='ocrx_word' id='word_1_72' title='bbox 1000 1009 1221 1064; x_wconf 86' lang='grc' dir='ltr'>κύκλου.</span> 
     </span>
    </p>
   </div>
   <div class='ocr_carea' id='block_1_12' title="bbox 555 1098 1013 1171">
    <p class='ocr_par' dir='ltr' id='par_1_12' title="bbox 555 1098 1013 1171">
     <span class='ocr_line' id='line_1_12' title="bbox 555 1098 1013 1171; baseline -0.002 -18"><span class='ocrx_word' id='word_1_73' title='bbox 555 1098 712 1171; x_wconf 79' lang='grc' dir='ltr'>Ἑξῆς</span> <span class='ocrx_word' id='word_1_74' title='bbox 739 1099 795 1152; x_wconf 76' lang='grc' dir='ltr'>δέ</span> <span class='ocrx_word' id='word_1_75' title='bbox 830 1116 1013 1170; x_wconf 80' lang='grc' dir='ltr'>φησιν.</span> 
     </span>
    </p>
   </div>
   <div class='ocr_carea' id='block_1_13' title="bbox 547 1207 1835 1281">
    <p class='ocr_par' dir='ltr' id='par_1_13' title="bbox 547 1207 1835 1281">
     <span class='ocr_line' id='line_1_13' title="bbox 547 1207 1835 1281; baseline -0.001 -15"><span class='ocrx_word' id='word_1_76' title='bbox 547 1252 562 1267; x_wconf 91' lang='grc'><strong>.</strong></span> <span class='ocrx_word' id='word_1_77' title='bbox 596 1251 609 1266; x_wconf 95' lang='grc'><strong>.</strong></span> <span class='ocrx_word' id='word_1_78' title='bbox 636 1251 650 1265; x_wconf 94' lang='grc'><strong>.</strong></span> <span class='ocrx_word' id='word_1_79' title='bbox 690 1251 704 1266; x_wconf 94' lang='grc'><strong>.</strong></span> <span class='ocrx_word' id='word_1_80' title='bbox 737 1252 750 1266; x_wconf 94' lang='grc'><strong>.</strong></span> <span class='ocrx_word' id='word_1_81' title='bbox 792 1251 806 1264; x_wconf 94' lang='grc'><strong>.</strong></span> <span class='ocrx_word' id='word_1_82' title='bbox 847 1249 862 1265; x_wconf 94' lang='grc'><strong>.</strong></span> <span class='ocrx_word' id='word_1_83' title='bbox 888 1250 903 1264; x_wconf 90' lang='grc'><strong>.</strong></span> <span class='ocrx_word' id='word_1_84' title='bbox 925 1249 938 1263; x_wconf 94' lang='grc'><strong><em>.</em></strong></span> <span class='ocrx_word' id='word_1_85' title='bbox 964 1253 976 1266; x_wconf 93' lang='grc'><strong>.</strong></span> <span class='ocrx_word' id='word_1_86' title='bbox 1000 1251 1014 1264; x_wconf 92' lang='grc'><strong>.</strong></span> <span class='ocrx_word' id='word_1_87' title='bbox 1051 1212 1229 1266; x_wconf 77' lang='grc' dir='ltr'>καλοί</span> <span class='ocrx_word' id='word_1_88' title='bbox 1257 1212 1306 1265; x_wconf 81' lang='grc' dir='ltr'>τ’</span> <span class='ocrx_word' id='word_1_89' title='bbox 1351 1213 1671 1281; x_wconf 73' lang='grc' dir='ltr'>Ὀεριούχεοι</span> <span class='ocrx_word' id='word_1_90' title='bbox 1692 1207 1835 1281; x_wconf 84' lang='grc' dir='ltr'>ὦμοι</span> 
     </span>
    </p>
   </div>
   <div class='ocr_carea' id='block_1_14' title="bbox 541 1282 1936 1352">
    <p class='ocr_par' dir='ltr' id='par_1_14' title="bbox 541 1282 1936 1352">
     <span class='ocr_line' id='line_1_14' title="bbox 541 1282 1936 1352; baseline -0.002 -14"><span class='ocrx_word' id='word_1_91' title='bbox 541 1282 739 1338; x_wconf 75' lang='grc' dir='ltr'>Αὐτὸν</span> <span class='ocrx_word' id='word_1_92' title='bbox 765 1282 1101 1336; x_wconf 83' lang='grc' dir='ltr'>δινεύονται</span> <span class='ocrx_word' id='word_1_93' title='bbox 1133 1282 1493 1352; x_wconf 72' lang='grc' dir='ltr'><strong>ἐληλαμένοι</strong></span> <span class='ocrx_word' id='word_1_94' title='bbox 1525 1283 1656 1350; x_wconf 79' lang='grc' dir='ltr'>περὶ</span> <span class='ocrx_word' id='word_1_95' title='bbox 1685 1285 1936 1337; x_wconf 77' lang='grc' dir='ltr'><strong>κύκλον.</strong></span> 
     </span>
    </p>
   </div>
   <div class='ocr_carea' id='block_1_15' title="bbox 486 1393 2043 1465">
    <p class='ocr_par' dir='ltr' id='par_1_15' title="bbox 486 1393 2043 1465">
     <span class='ocr_line' id='line_1_15' title="bbox 486 1393 2043 1465; baseline 0 -18"><span class='ocrx_word' id='word_1_96' title='bbox 486 1394 574 1448; x_wconf 87' lang='grc' dir='ltr'>Ἐν</span> <span class='ocrx_word' id='word_1_97' title='bbox 593 1393 649 1447; x_wconf 87' lang='grc' dir='ltr'><strong>δὲ</strong></span> <span class='ocrx_word' id='word_1_98' title='bbox 670 1393 878 1458; x_wconf 81' lang='grc' dir='ltr'>τούτοις</span> <span class='ocrx_word' id='word_1_99' title='bbox 900 1393 1100 1458; x_wconf 84' lang='grc' dir='ltr'>τελέως</span> <span class='ocrx_word' id='word_1_100' title='bbox 1126 1395 1329 1463; x_wconf 82' lang='grc' dir='ltr'>ἀγνοεῖ.</span> <span class='ocrx_word' id='word_1_101' title='bbox 1358 1393 1478 1448; x_wconf 95' lang='grc' dir='ltr'><strong>Τῶν</strong></span> <span class='ocrx_word' id='word_1_102' title='bbox 1499 1393 1607 1465; x_wconf 87' lang='grc' dir='ltr'><strong>γὰρ</strong></span> <span class='ocrx_word' id='word_1_103' title='bbox 1636 1393 1728 1447; x_wconf 79' lang='grc' dir='ltr'>τοῦ</span> <span class='ocrx_word' id='word_1_104' title='bbox 1761 1393 2043 1465; x_wconf 81' lang='grc' dir='ltr'>ὀφιούχου</span> 
     </span>
    </p>
   </div>
   <div class='ocr_carea' id='block_1_16' title="bbox 470 1476 2043 1558">
    <p class='ocr_par' dir='ltr' id='par_1_16' title="bbox 470 1476 2043 1558">
     <span class='ocr_line' id='line_1_16' title="bbox 470 1476 2043 1558; baseline 0 -19"><span class='ocrx_word' id='word_1_105' title='bbox 470 1484 638 1558; x_wconf 78' lang='grc' dir='ltr'>ὤμων</span> <span class='ocrx_word' id='word_1_106' title='bbox 670 1477 703 1539; x_wconf 75' lang='lat'><strong>6</strong></span> <span class='ocrx_word' id='word_1_107' title='bbox 731 1476 836 1556; x_wconf 86' lang='grc' dir='ltr'><strong>μὲν</strong></span> <span class='ocrx_word' id='word_1_108' title='bbox 862 1485 1032 1550; x_wconf 70' lang='grc' dir='ltr'>δεξιδς</span> <span class='ocrx_word' id='word_1_109' title='bbox 1067 1485 1245 1557; x_wconf 80' lang='grc' dir='ltr'>πολλῷ</span> <span class='ocrx_word' id='word_1_110' title='bbox 1288 1486 1469 1554; x_wconf 74' lang='grc' dir='ltr'>ἔγγιον</span> <span class='ocrx_word' id='word_1_111' title='bbox 1506 1490 1685 1540; x_wconf 86' lang='grc' dir='ltr'>κεῖται</span> <span class='ocrx_word' id='word_1_112' title='bbox 1715 1486 1807 1540; x_wconf 84' lang='grc' dir='ltr'>τοῦ</span> <span class='ocrx_word' id='word_1_113' title='bbox 1850 1488 2043 1557; x_wconf 81' lang='grc' dir='ltr'>ἰσημε-</span> 
     </span>
    </p>
   </div>
   <div class='ocr_carea' id='block_1_17' title="bbox 474 1576 2042 1651">
    <p class='ocr_par' dir='ltr' id='par_1_17' title="bbox 474 1576 2042 1651">
     <span class='ocr_line' id='line_1_17' title="bbox 474 1576 2042 1651; baseline -0.002 -19"><span class='ocrx_word' id='word_1_114' title='bbox 474 1577 622 1649; x_wconf 80' lang='grc' dir='ltr'>ρινοῢ</span> <span class='ocrx_word' id='word_1_115' title='bbox 643 1578 787 1648; x_wconf 70' lang='grc' dir='ltr'>ἢπερ</span> <span class='ocrx_word' id='word_1_116' title='bbox 807 1576 903 1630; x_wconf 79' lang='grc' dir='ltr'>τοῦ</span> <span class='ocrx_word' id='word_1_117' title='bbox 932 1577 1219 1651; x_wconf 87' lang='grc' dir='ltr'>τροπικοῦ·</span> <span class='ocrx_word' id='word_1_118' title='bbox 1253 1580 1282 1631; x_wconf 87' lang='lat'><strong>6</strong></span> <span class='ocrx_word' id='word_1_119' title='bbox 1308 1577 1365 1630; x_wconf 82' lang='grc' dir='ltr'><strong>δὲ</strong></span> <span class='ocrx_word' id='word_1_120' title='bbox 1394 1578 1677 1649; x_wconf 80' lang='grc' dir='ltr'>ἀριστερὸς</span> <span class='ocrx_word' id='word_1_121' title='bbox 1698 1578 1865 1650; x_wconf 84' lang='grc' dir='ltr'><strong>τρίτῳ</strong></span> <span class='ocrx_word' id='word_1_122' title='bbox 1890 1577 2042 1649; x_wconf 81' lang='grc' dir='ltr'>μέρει</span> 
     </span>
    </p>
   </div>
   <div class='ocr_carea' id='block_1_18' title="bbox 473 1664 2043 1739">
    <p class='ocr_par' dir='ltr' id='par_1_18' title="bbox 473 1664 2043 1739">
     <span class='ocr_line' id='line_1_18' title="bbox 473 1664 2043 1739; baseline -0.003 -18"><span class='ocrx_word' id='word_1_123' title='bbox 473 1665 589 1731; x_wconf 79' lang='grc' dir='ltr'>ἐνὸς</span> <span class='ocrx_word' id='word_1_124' title='bbox 612 1665 799 1730; x_wconf 74' lang='grc' dir='ltr'>ζωδίου</span> <span class='ocrx_word' id='word_1_125' title='bbox 825 1664 1139 1739; x_wconf 80' lang='grc' dir='ltr'>νοτιὼτερός</span> <span class='ocrx_word' id='word_1_126' title='bbox 1163 1668 1278 1720; x_wconf 83' lang='grc' dir='ltr'>ἐστι</span> <span class='ocrx_word' id='word_1_127' title='bbox 1302 1665 1394 1720; x_wconf 81' lang='grc' dir='ltr'>τοῦ</span> <span class='ocrx_word' id='word_1_128' title='bbox 1418 1665 1695 1739; x_wconf 79' lang='grc' dir='ltr'>τροπικοῢ.</span> <span class='ocrx_word' id='word_1_129' title='bbox 1733 1667 1790 1719; x_wconf 89' lang='lat'><strong>&#39;0</strong></span> <span class='ocrx_word' id='word_1_130' title='bbox 1816 1666 1912 1736; x_wconf 86' lang='grc' dir='ltr'><strong>μὲν</strong></span> <span class='ocrx_word' id='word_1_131' title='bbox 1936 1665 2043 1739; x_wconf 85' lang='grc' dir='ltr'><strong>γὰρ</strong></span> 
     </span>
    </p>
   </div>
   <div class='ocr_carea' id='block_1_19' title="bbox 2155 550 3719 625">
    <p class='ocr_par' dir='ltr' id='par_1_19' title="bbox 2155 550 3719 625">
     <span class='ocr_line' id='line_1_19' title="bbox 2155 550 3719 625; baseline 0.001 -18"><span class='ocrx_word' id='word_1_132' title='bbox 2155 553 2302 610; x_wconf 87' lang='lat' dir='ltr'><strong>tibus</strong></span> <span class='ocrx_word' id='word_1_133' title='bbox 2332 553 2436 621; x_wconf 72' lang='lat'><strong>25;</strong></span> <span class='ocrx_word' id='word_1_134' title='bbox 2478 561 2534 608; x_wconf 89' lang='lat' dir='ltr'><strong>at</strong></span> <span class='ocrx_word' id='word_1_135' title='bbox 2565 552 2736 625; x_wconf 73' lang='lat' dir='ltr'><strong>Cygni</strong></span> <span class='ocrx_word' id='word_1_136' title='bbox 2765 559 3005 608; x_wconf 78' lang='lat' dir='ltr'><strong>rostrum</strong></span> <span class='ocrx_word' id='word_1_137' title='bbox 3050 550 3323 608; x_wconf 86' lang='lat' dir='ltr'><strong>borealios</strong></span> <span class='ocrx_word' id='word_1_138' title='bbox 3361 558 3446 608; x_wconf 88' lang='lat' dir='ltr'><strong>est</strong></span> <span class='ocrx_word' id='word_1_139' title='bbox 3474 550 3719 622; x_wconf 63' lang='lat' dir='ltr'><strong>mnino-</strong></span> 
     </span>
    </p>
   </div>
   <div class='ocr_carea' id='block_1_20' title="bbox 2152 642 3723 716">
    <p class='ocr_par' dir='ltr' id='par_1_20' title="bbox 2152 642 3723 716">
     <span class='ocr_line' id='line_1_20' title="bbox 2152 642 3723 716; baseline -0.003 -13"><span class='ocrx_word' id='word_1_140' title='bbox 2152 648 2302 703; x_wconf 85' lang='lat' dir='ltr'><strong>ctiali</strong></span> <span class='ocrx_word' id='word_1_141' title='bbox 2332 646 2405 703; x_wconf 73' lang='lat'><strong>25</strong></span> <span class='ocrx_word' id='word_1_142' title='bbox 2432 654 2487 702; x_wconf 90' lang='lat' dir='ltr'><strong>et</strong></span> <span class='ocrx_word' id='word_1_143' title='bbox 2513 647 2584 701; x_wconf 73' lang='lat'><strong>25</strong></span> <span class='ocrx_word' id='word_1_144' title='bbox 2615 666 2628 701; x_wconf 93' lang='lat'><strong>:</strong></span> <span class='ocrx_word' id='word_1_145' title='bbox 2663 645 2790 701; x_wconf 82' lang='lat' dir='ltr'><strong>huic</strong></span> <span class='ocrx_word' id='word_1_146' title='bbox 2820 645 3027 711; x_wconf 83' lang='lat' dir='ltr'><strong>citima,</strong></span> <span class='ocrx_word' id='word_1_147' title='bbox 3053 653 3106 699; x_wconf 87' lang='lat' dir='ltr'><strong>et</strong></span> <span class='ocrx_word' id='word_1_148' title='bbox 3137 644 3191 699; x_wconf 92' lang='lat' dir='ltr'><strong>in</strong></span> <span class='ocrx_word' id='word_1_149' title='bbox 3220 652 3437 716; x_wconf 68' lang='lat' dir='ltr'><strong>gutture</strong></span> <span class='ocrx_word' id='word_1_150' title='bbox 3466 642 3723 714; x_wconf 84' lang='lat' dir='ltr'><strong>quodam-</strong></span> 
     </span>
    </p>
   </div>
   <div class='ocr_carea' id='block_1_21' title="bbox 2153 735 3721 811">
    <p class='ocr_par' dir='ltr' id='par_1_21' title="bbox 2153 735 3721 811">
     <span class='ocr_line' id='line_1_21' title="bbox 2153 735 3721 811; baseline 0 -19"><span class='ocrx_word' id='word_1_151' title='bbox 2153 740 2314 795; x_wconf 92' lang='lat' dir='ltr'><strong>modo</strong></span> <span class='ocrx_word' id='word_1_152' title='bbox 2364 741 2575 811; x_wconf 80' lang='lat' dir='ltr'><strong>posita,</strong></span> <span class='ocrx_word' id='word_1_153' title='bbox 2632 738 2904 794; x_wconf 89' lang='lat' dir='ltr'><strong>horealior</strong></span> <span class='ocrx_word' id='word_1_154' title='bbox 2943 747 3029 793; x_wconf 86' lang='lat' dir='ltr'><strong>est</strong></span> <span class='ocrx_word' id='word_1_155' title='bbox 3074 738 3436 807; x_wconf 62' lang='lat' dir='ltr'><strong>aequinoctiali</strong></span> <span class='ocrx_word' id='word_1_156' title='bbox 3474 735 3721 808; x_wconf 82' lang='lat' dir='ltr'><strong>partibus</strong></span> 
     </span>
    </p>
   </div>
   <div class='ocr_carea' id='block_1_22' title="bbox 2149 826 3722 902">
    <p class='ocr_par' dir='ltr' id='par_1_22' title="bbox 2149 826 3722 902">
     <span class='ocr_line' id='line_1_22' title="bbox 2149 826 3722 902; baseline -0.003 -14"><span class='ocrx_word' id='word_1_157' title='bbox 2149 832 2240 888; x_wconf 74' lang='grc'><strong>51.</strong></span> <span class='ocrx_word' id='word_1_158' title='bbox 2269 832 2448 898; x_wconf 80' lang='lat' dir='ltr'><strong>Quare</strong></span> <span class='ocrx_word' id='word_1_159' title='bbox 2480 830 2829 902; x_wconf 80' lang='lat' dir='ltr'><strong>perspicuum</strong></span> <span class='ocrx_word' id='word_1_160' title='bbox 2848 840 2932 885; x_wconf 89' lang='lat' dir='ltr'><strong>est</strong></span> <span class='ocrx_word' id='word_1_161' title='bbox 2951 845 3127 900; x_wconf 90' lang='lat' dir='ltr'><strong>neque</strong></span> <span class='ocrx_word' id='word_1_162' title='bbox 3155 838 3316 899; x_wconf 85' lang='lat' dir='ltr'><strong>caput</strong></span> <span class='ocrx_word' id='word_1_163' title='bbox 3335 826 3722 899; x_wconf 80' lang='lat' dir='ltr'><strong>Cygni,neque</strong></span> 
     </span>
    </p>
   </div>
   <div class='ocr_carea' id='block_1_23' title="bbox 2150 919 3644 994">
    <p class='ocr_par' dir='ltr' id='par_1_23' title="bbox 2150 919 3644 994">
     <span class='ocr_line' id='line_1_23' title="bbox 2150 919 3644 994; baseline -0.003 -15"><span class='ocrx_word' id='word_1_164' title='bbox 2150 925 2351 980; x_wconf 87' lang='lat' dir='ltr'><strong>collmn</strong></span> <span class='ocrx_word' id='word_1_165' title='bbox 2389 924 2446 978; x_wconf 91' lang='lat' dir='ltr'><strong>in</strong></span> <span class='ocrx_word' id='word_1_166' title='bbox 2481 926 2692 993; x_wconf 84' lang='lat' dir='ltr'><strong>tropico</strong></span> <span class='ocrx_word' id='word_1_167' title='bbox 2730 923 2921 981; x_wconf 67' lang='lat' dir='ltr'><strong>aestivo</strong></span> <span class='ocrx_word' id='word_1_168' title='bbox 2952 922 3160 978; x_wconf 79' lang='lat' dir='ltr'><strong>circulo</strong></span> <span class='ocrx_word' id='word_1_169' title='bbox 3185 937 3345 994; x_wconf 89' lang='lat' dir='ltr'><strong>posse</strong></span> <span class='ocrx_word' id='word_1_170' title='bbox 3366 919 3644 977; x_wconf 84' lang='lat' dir='ltr'><strong>constitui.</strong></span> 
     </span>
    </p>
   </div>
   <div class='ocr_carea' id='block_1_24' title="bbox 2219 1099 2872 1157">
    <p class='ocr_par' dir='ltr' id='par_1_24' title="bbox 2219 1099 2872 1157">
     <span class='ocr_line' id='line_1_24' title="bbox 2219 1099 2872 1157; baseline 0 -2"><span class='ocrx_word' id='word_1_171' title='bbox 2219 1099 2427 1157; x_wconf 79' lang='lat' dir='ltr'><strong>Exinde</strong></span> <span class='ocrx_word' id='word_1_172' title='bbox 2455 1102 2646 1157; x_wconf 75' lang='lat' dir='ltr'><strong>scribit</strong></span> <span class='ocrx_word' id='word_1_173' title='bbox 2672 1104 2872 1155; x_wconf 82' lang='lat' dir='ltr'><strong>Aratus</strong></span> 
     </span>
    </p>
   </div>
   <div class='ocr_carea' id='block_1_25' title="bbox 2223 1209 3334 1282">
    <p class='ocr_par' dir='ltr' id='par_1_25' title="bbox 2223 1209 3334 1282">
     <span class='ocr_line' id='line_1_25' title="bbox 2223 1209 3334 1282; baseline -0.002 -15"><span class='ocrx_word' id='word_1_174' title='bbox 2223 1255 2238 1267; x_wconf 94' lang='lat'><strong>.</strong></span> <span class='ocrx_word' id='word_1_175' title='bbox 2318 1252 2333 1268; x_wconf 93' lang='lat'><strong>.</strong></span> <span class='ocrx_word' id='word_1_176' title='bbox 2410 1251 2426 1267; x_wconf 92' lang='lat'><strong>.</strong></span> <span class='ocrx_word' id='word_1_177' title='bbox 2481 1213 2827 1282; x_wconf 81' lang='lat' dir='ltr'><strong>pra&#39;ctariqne</strong></span> <span class='ocrx_word' id='word_1_178' title='bbox 2851 1209 3334 1282; x_wconf 76' lang='lat' dir='ltr'><strong>Opltiuchihnmeri</strong></span> 
     </span>
    </p>
   </div>
   <div class='ocr_carea' id='block_1_26' title="bbox 2224 1279 3311 1354">
    <p class='ocr_par' dir='ltr' id='par_1_26' title="bbox 2224 1279 3311 1354">
     <span class='ocr_line' id='line_1_26' title="bbox 2224 1279 3311 1354; baseline -0.004 -15"><span class='ocrx_word' id='word_1_179' title='bbox 2224 1283 2407 1354; x_wconf 82' lang='lat' dir='ltr'><strong>Ipsum</strong></span> <span class='ocrx_word' id='word_1_180' title='bbox 2435 1279 2709 1338; x_wconf 67' lang='lat' dir='ltr'><strong>volvuntur</strong></span> <span class='ocrx_word' id='word_1_181' title='bbox 2736 1279 2925 1337; x_wconf 73' lang='lat' dir='ltr'><strong>imitati</strong></span> <span class='ocrx_word' id='word_1_182' title='bbox 2949 1283 3090 1334; x_wconf 86' lang='lat' dir='ltr'><strong>circa</strong></span> <span class='ocrx_word' id='word_1_183' title='bbox 3118 1279 3311 1335; x_wconf 89' lang='lat' dir='ltr'><strong>orbem.</strong></span> 
     </span>
    </p>
   </div>
   <div class='ocr_carea' id='block_1_27' title="bbox 2218 1388 3718 1465">
    <p class='ocr_par' dir='ltr' id='par_1_27' title="bbox 2218 1388 3718 1465">
     <span class='ocr_line' id='line_1_27' title="bbox 2218 1388 3718 1465; baseline -0.002 -16"><span class='ocrx_word' id='word_1_184' title='bbox 2218 1394 2277 1450; x_wconf 83' lang='lat' dir='ltr'><strong>in</strong></span> <span class='ocrx_word' id='word_1_185' title='bbox 2303 1394 2505 1465; x_wconf 88' lang='lat' dir='ltr'><strong>quibus</strong></span> <span class='ocrx_word' id='word_1_186' title='bbox 2537 1393 2695 1464; x_wconf 81' lang='lat' dir='ltr'><strong>plena</strong></span> <span class='ocrx_word' id='word_1_187' title='bbox 2721 1400 2805 1448; x_wconf 88' lang='lat' dir='ltr'><strong>est</strong></span> <span class='ocrx_word' id='word_1_188' title='bbox 2847 1392 2997 1447; x_wconf 90' lang='lat' dir='ltr'><strong>illius</strong></span> <span class='ocrx_word' id='word_1_189' title='bbox 3045 1390 3282 1446; x_wconf 81' lang='lat' dir='ltr'><strong>inscitia.</strong></span> <span class='ocrx_word' id='word_1_190' title='bbox 3337 1388 3472 1444; x_wconf 80' lang='lat' dir='ltr'><strong>Nam</strong></span> <span class='ocrx_word' id='word_1_191' title='bbox 3527 1391 3718 1447; x_wconf 77' lang='lat' dir='ltr'><strong>dexter</strong></span> 
     </span>
    </p>
   </div>
   <div class='ocr_carea' id='block_1_28' title="bbox 2142 1483 3715 1557">
    <p class='ocr_par' dir='ltr' id='par_1_28' title="bbox 2142 1483 3715 1557">
     <span class='ocr_line' id='line_1_28' title="bbox 2142 1483 3715 1557; baseline -0.002 -15"><span class='ocrx_word' id='word_1_192' title='bbox 2142 1487 2404 1542; x_wconf 84' lang='lat' dir='ltr'><strong>humerus</strong></span> <span class='ocrx_word' id='word_1_193' title='bbox 2445 1484 2712 1557; x_wconf 90' lang='lat' dir='ltr'><strong>Ophiuchi</strong></span> <span class='ocrx_word' id='word_1_194' title='bbox 2736 1485 2900 1555; x_wconf 75' lang='lat' dir='ltr'><strong>longe</strong></span> <span class='ocrx_word' id='word_1_195' title='bbox 2949 1483 3308 1555; x_wconf 87' lang='lat' dir='ltr'><strong>propinquior</strong></span> <span class='ocrx_word' id='word_1_196' title='bbox 3347 1490 3431 1538; x_wconf 86' lang='lat' dir='ltr'><strong>est</strong></span> <span class='ocrx_word' id='word_1_197' title='bbox 3473 1484 3715 1554; x_wconf 69' lang='lat' dir='ltr'><strong>aequino-</strong></span> 
     </span>
    </p>
   </div>
   <div class='ocr_carea' id='block_1_29' title="bbox 2142 1576 3715 1649">
    <p class='ocr_par' dir='ltr' id='par_1_29' title="bbox 2142 1576 3715 1649">
     <span class='ocr_line' id='line_1_29' title="bbox 2142 1576 3715 1649; baseline -0.002 -15"><span class='ocrx_word' id='word_1_198' title='bbox 2142 1579 2292 1634; x_wconf 88' lang='lat' dir='ltr'><strong>ctiali</strong></span> <span class='ocrx_word' id='word_1_199' title='bbox 2342 1592 2506 1649; x_wconf 88' lang='lat' dir='ltr'><strong>quam</strong></span> <span class='ocrx_word' id='word_1_200' title='bbox 2559 1579 2800 1648; x_wconf 86' lang='lat' dir='ltr'><strong>tropico;</strong></span> <span class='ocrx_word' id='word_1_201' title='bbox 2861 1577 3085 1632; x_wconf 84' lang='lat' dir='ltr'><strong>sinister</strong></span> <span class='ocrx_word' id='word_1_202' title='bbox 3131 1585 3314 1631; x_wconf 89' lang='lat' dir='ltr'><strong>autem</strong></span> <span class='ocrx_word' id='word_1_203' title='bbox 3361 1576 3522 1631; x_wconf 87' lang='lat' dir='ltr'><strong>unius</strong></span> <span class='ocrx_word' id='word_1_204' title='bbox 3573 1576 3715 1648; x_wconf 76' lang='lat' dir='ltr'><strong>signi</strong></span> 
     </span>
    </p>
   </div>
   <div class='ocr_carea' id='block_1_30' title="bbox 2141 1667 3716 1740">
    <p class='ocr_par' dir='ltr' id='par_1_30' title="bbox 2141 1667 3716 1740">
     <span class='ocr_line' id='line_1_30' title="bbox 2141 1667 3716 1740; baseline -0.002 -14"><span class='ocrx_word' id='word_1_205' title='bbox 2141 1672 2340 1727; x_wconf 87' lang='lat' dir='ltr'><strong>triente</strong></span> <span class='ocrx_word' id='word_1_206' title='bbox 2386 1672 2681 1726; x_wconf 87' lang='lat' dir='ltr'><strong>australior</strong></span> <span class='ocrx_word' id='word_1_207' title='bbox 2731 1678 2816 1725; x_wconf 91' lang='lat' dir='ltr'><strong>est</strong></span> <span class='ocrx_word' id='word_1_208' title='bbox 2863 1672 3092 1740; x_wconf 88' lang='lat' dir='ltr'><strong>tropico.</strong></span> <span class='ocrx_word' id='word_1_209' title='bbox 3144 1669 3353 1740; x_wconf 87' lang='lat' dir='ltr'><strong>Quippe</strong></span> <span class='ocrx_word' id='word_1_210' title='bbox 3398 1667 3586 1724; x_wconf 76' lang='lat' dir='ltr'><strong>dexter</strong></span> <span class='ocrx_word' id='word_1_211' title='bbox 3616 1668 3716 1723; x_wconf 81' lang='lat' dir='ltr'><strong>hu-</strong></span> 
     </span>
    </p>
   </div>
   <div class='ocr_carea' id='block_1_31' title="bbox 472 1749 2035 1842">
    <p class='ocr_par' dir='ltr' id='par_1_31' title="bbox 472 1749 2035 1829">
     <span class='ocr_line' id='line_1_31' title="bbox 472 1749 2035 1829; baseline 0 -20"><span class='ocrx_word' id='word_1_212' title='bbox 472 1754 642 1823; x_wconf 77' lang='grc' dir='ltr'>δεξιὸς</span> <span class='ocrx_word' id='word_1_213' title='bbox 690 1749 841 1827; x_wconf 83' lang='grc' dir='ltr'>ὦμος</span> <span class='ocrx_word' id='word_1_214' title='bbox 893 1755 1228 1828; x_wconf 79' lang='grc' dir='ltr'>βορειότερός</span> <span class='ocrx_word' id='word_1_215' title='bbox 1274 1759 1388 1811; x_wconf 79' lang='grc' dir='ltr'>ἐστι</span> <span class='ocrx_word' id='word_1_216' title='bbox 1428 1756 1523 1811; x_wconf 83' lang='grc' dir='ltr'>τοῦ</span> <span class='ocrx_word' id='word_1_217' title='bbox 1573 1755 1886 1829; x_wconf 77' lang='grc' dir='ltr'>ἰσημερινοῦ</span> <span class='ocrx_word' id='word_1_218' title='bbox 1928 1756 2035 1826; x_wconf 86' lang='grc' dir='ltr'>μοί.</span> 
     </span>
    </p>
   </div>
   <div class='ocr_carea' id='block_1_32' title="bbox 2136 1749 3712 1842">
    <p class='ocr_par' dir='ltr' id='par_1_32' title="bbox 2143 1760 3712 1832">
     <span class='ocr_line' id='line_1_32' title="bbox 2143 1760 3712 1832; baseline -0.003 -14"><span class='ocrx_word' id='word_1_219' title='bbox 2143 1779 2329 1819; x_wconf 87' lang='lat' dir='ltr'><strong>merus</strong></span> <span class='ocrx_word' id='word_1_220' title='bbox 2350 1763 2620 1818; x_wconf 80' lang='lat' dir='ltr'><strong>borealior</strong></span> <span class='ocrx_word' id='word_1_221' title='bbox 2640 1770 2723 1817; x_wconf 90' lang='lat' dir='ltr'><strong>est</strong></span> <span class='ocrx_word' id='word_1_222' title='bbox 2743 1761 3111 1832; x_wconf 61' lang='lat' dir='ltr'><strong>mquinoctiali</strong></span> <span class='ocrx_word' id='word_1_223' title='bbox 3136 1762 3382 1832; x_wconf 87' lang='lat' dir='ltr'><strong>partibus</strong></span> <span class='ocrx_word' id='word_1_224' title='bbox 3404 1761 3623 1816; x_wconf 85' lang='lat' dir='ltr'><strong>circiter</strong></span> <span class='ocrx_word' id='word_1_225' title='bbox 3645 1760 3712 1827; x_wconf 82' lang='lat'><strong>7;</strong></span> 
     </span>
    </p>
   </div>
   <div class='ocr_carea' id='block_1_33' title="bbox 471 1846 1875 1920">
    <p class='ocr_par' dir='ltr' id='par_1_33' title="bbox 471 1846 1875 1920">
     <span class='ocr_line' id='line_1_33' title="bbox 471 1846 1875 1920; baseline 0.001 -20"><span class='ocrx_word' id='word_1_226' title='bbox 471 1846 696 1916; x_wconf 74' lang='grc' dir='ltr'>ἔγγιστα</span> <span class='ocrx_word' id='word_1_227' title='bbox 725 1847 798 1910; x_wconf 78' lang='grc' dir='ltr'><strong>ζ’·</strong></span> <span class='ocrx_word' id='word_1_228' title='bbox 833 1846 863 1898; x_wconf 87' lang='grc' dir='ltr'><strong>ὁ</strong></span> <span class='ocrx_word' id='word_1_229' title='bbox 887 1847 944 1900; x_wconf 86' lang='grc' dir='ltr'><strong>δὲ</strong></span> <span class='ocrx_word' id='word_1_230' title='bbox 973 1846 1361 1920; x_wconf 76' lang='grc' dir='ltr'>ἀριστερὸςοὼς</span> <span class='ocrx_word' id='word_1_231' title='bbox 1390 1847 1615 1916; x_wconf 76' lang='grc' dir='ltr'>ἔγγιστα</span> <span class='ocrx_word' id='word_1_232' title='bbox 1649 1848 1757 1919; x_wconf 90' lang='grc' dir='ltr'>μοί.</span> <span class='ocrx_word' id='word_1_233' title='bbox 1797 1854 1875 1902; x_wconf 84' lang='grc' dir='ltr'>ιε’.</span> 
     </span>
    </p>
   </div>
   <div class='ocr_carea' id='block_1_34' title="bbox 552 1936 1009 2009">
    <p class='ocr_par' dir='ltr' id='par_1_34' title="bbox 552 1936 1009 2009">
     <span class='ocr_line' id='line_1_34' title="bbox 552 1936 1009 2009; baseline 0.004 -19"><span class='ocrx_word' id='word_1_234' title='bbox 552 1936 709 2008; x_wconf 77' lang='grc' dir='ltr'><strong>Ἑξῆς</strong></span> <span class='ocrx_word' id='word_1_235' title='bbox 737 1936 794 1990; x_wconf 85' lang='grc' dir='ltr'>δέ</span> <span class='ocrx_word' id='word_1_236' title='bbox 823 1953 1009 2009; x_wconf 81' lang='grc' dir='ltr'>φησιν.</span> 
     </span>
    </p>
   </div>
   <div class='ocr_carea' id='block_1_35' title="bbox 481 2045 1969 2118">
    <p class='ocr_par' dir='ltr' id='par_1_35' title="bbox 481 2045 1969 2118">
     <span class='ocr_line' id='line_1_35' title="bbox 481 2045 1969 2118; baseline 0.001 -18"><span class='ocrx_word' id='word_1_237' title='bbox 481 2046 544 2100; x_wconf 83' lang='grc' dir='ltr'><strong>Ἠ</strong></span> <span class='ocrx_word' id='word_1_238' title='bbox 564 2045 617 2100; x_wconf 79' lang='grc' dir='ltr'><strong>δ’</strong></span> <span class='ocrx_word' id='word_1_239' title='bbox 646 2047 853 2118; x_wconf 41' lang='lat' dir='ltr'><strong>delirare</strong></span> <span class='ocrx_word' id='word_1_240' title='bbox 883 2047 1117 2118; x_wconf 65' lang='grc' dir='ltr'>φέρεται</span> <span class='ocrx_word' id='word_1_241' title='bbox 1145 2047 1478 2118; x_wconf 79' lang='grc' dir='ltr'>νοτιωτέρη,</span> <span class='ocrx_word' id='word_1_242' title='bbox 1507 2049 1632 2103; x_wconf 80' lang='grc' dir='ltr'><strong>οὐδ’</strong></span> <span class='ocrx_word' id='word_1_243' title='bbox 1662 2048 1969 2104; x_wconf 69' lang='grc' dir='ltr'>ἐπιϐάλλει</span> 
     </span>
    </p>
   </div>
   <div class='ocr_carea' id='block_1_36' title="bbox 466 2115 2043 2201">
    <p class='ocr_par' dir='ltr' id='par_1_36' title="bbox 466 2115 2043 2201">
     <span class='ocr_line' id='line_1_36' title="bbox 466 2115 2043 2201; baseline 0.002 -30"><span class='ocrx_word' id='word_1_244' title='bbox 466 2115 787 2185; x_wconf 65' lang='grc' dir='ltr'>Παρθένος,</span> <span class='ocrx_word' id='word_1_245' title='bbox 824 2118 986 2173; x_wconf 73' lang='grc' dir='ltr'><strong>ἀλλα</strong></span> <span class='ocrx_word' id='word_1_246' title='bbox 1026 2117 1193 2173; x_wconf 80' lang='grc' dir='ltr'>Λέων</span> <span class='ocrx_word' id='word_1_247' title='bbox 1235 2118 1333 2172; x_wconf 80' lang='grc' dir='ltr'>καὶ</span> <span class='ocrx_word' id='word_1_248' title='bbox 1365 2115 1678 2188; x_wconf 84' lang='grc' dir='ltr'>Καρκίνος·</span> <span class='ocrx_word' id='word_1_249' title='bbox 1712 2123 1765 2174; x_wconf 77' lang='grc' dir='ltr'>οἱ</span> <span class='ocrx_word' id='word_1_250' title='bbox 1799 2123 1916 2201; x_wconf 54' lang='grc' dir='ltr'><strong>μέν</strong></span> <span class='ocrx_word' id='word_1_251' title='bbox 1946 2119 2043 2188; x_wconf 81' lang='grc' dir='ltr'><strong>ἆρ’</strong></span> 
     </span>
    </p>
   </div>
   <div class='ocr_carea' id='block_1_37' title="bbox 1791 2191 1965 2258">
    <p class='ocr_par' dir='ltr' id='par_1_37' title="bbox 1791 2191 1965 2258">
     <span class='ocr_line' id='line_1_37' title="bbox 1791 2191 1965 2258; baseline 0 -16"><span class='ocrx_word' id='word_1_252' title='bbox 1791 2191 1965 2258; x_wconf 70' lang='grc' dir='ltr'>ἄμφω</span> 
     </span>
    </p>
   </div>
   <div class='ocr_carea' id='block_1_38' title="bbox 477 2255 1900 2327">
    <p class='ocr_par' dir='ltr' id='par_1_38' title="bbox 477 2255 1900 2327">
     <span class='ocr_line' id='line_1_38' title="bbox 477 2255 1900 2327; baseline 0.002 -17"><span class='ocrx_word' id='word_1_253' title='bbox 477 2255 703 2323; x_wconf 81' lang='grc' dir='ltr'><strong>Ἑξείης</strong></span> <span class='ocrx_word' id='word_1_254' title='bbox 727 2255 930 2311; x_wconf 81' lang='grc' dir='ltr'><strong>κέαται</strong></span> <span class='ocrx_word' id='word_1_255' title='bbox 950 2257 1367 2327; x_wconf 69' lang='grc' dir='ltr'>,βεϐολημένον</span> <span class='ocrx_word' id='word_1_256' title='bbox 1394 2257 1580 2327; x_wconf 79' lang='grc' dir='ltr'>αὐτὰρ</span> <span class='ocrx_word' id='word_1_257' title='bbox 1610 2261 1644 2312; x_wconf 83' lang='lat' dir='ltr'><strong>d</strong></span> <span class='ocrx_word' id='word_1_258' title='bbox 1672 2255 1900 2324; x_wconf 65' lang='grc' dir='ltr'>κύκλος</span> 
     </span>
    </p>
   </div>
   <div class='ocr_carea' id='block_1_39' title="bbox 471 2325 2040 2399">
    <p class='ocr_par' dir='ltr' id='par_1_39' title="bbox 471 2325 2040 2399">
     <span class='ocr_line' id='line_1_39' title="bbox 471 2325 2040 2399; baseline 0.001 -18"><span class='ocrx_word' id='word_1_259' title='bbox 471 2327 583 2382; x_wconf 82' lang='grc' dir='ltr'>Τὸν</span> <span class='ocrx_word' id='word_1_260' title='bbox 599 2328 717 2397; x_wconf 76' lang='grc' dir='ltr'>μὲν</span> <span class='ocrx_word' id='word_1_261' title='bbox 744 2327 863 2381; x_wconf 75' lang='grc' dir='ltr'><strong>ὑπὸ</strong></span> <span class='ocrx_word' id='word_1_262' title='bbox 894 2325 1117 2395; x_wconf 83' lang='grc' dir='ltr'>στῆθος</span> <span class='ocrx_word' id='word_1_263' title='bbox 1148 2327 1247 2381; x_wconf 80' lang='grc' dir='ltr'>καὶ</span> <span class='ocrx_word' id='word_1_264' title='bbox 1273 2329 1532 2398; x_wconf 76' lang='grc' dir='ltr'><strong>γαστέρα</strong></span> <span class='ocrx_word' id='word_1_265' title='bbox 1542 2325 1722 2399; x_wconf 60' lang='grc' dir='ltr'>μέχρι</span> <span class='ocrx_word' id='word_1_266' title='bbox 1743 2328 1877 2397; x_wconf 76' lang='grc' dir='ltr'>παρ’</span> <span class='ocrx_word' id='word_1_267' title='bbox 1894 2327 2040 2383; x_wconf 81' lang='grc' dir='ltr'><strong>αὶδὼ</strong></span> 
     </span>
    </p>
   </div>
   <div class='ocr_carea' id='block_1_40' title="bbox 442 2456 1838 2553">
    <p class='ocr_par' dir='ltr' id='par_1_40' title="bbox 442 2456 1838 2553">
     <span class='ocr_line' id='line_1_40' title="bbox 442 2456 1838 2553; baseline 0.001 -14"><span class='ocrx_word' id='word_1_268' title='bbox 442 2456 445 2459; x_wconf 21' lang='grc' dir='ltr'><strong>Ι</strong></span> <span class='ocrx_word' id='word_1_269' title='bbox 471 2481 689 2552; x_wconf 80' lang='grc' dir='ltr'>Τέμνει,</span> <span class='ocrx_word' id='word_1_270' title='bbox 718 2482 915 2553; x_wconf 44' lang='grc' dir='ltr'><strong>τὸν-δὲ</strong></span> <span class='ocrx_word' id='word_1_271' title='bbox 943 2482 1259 2551; x_wconf 82' lang='grc' dir='ltr'>διηνεκέως</span> <span class='ocrx_word' id='word_1_272' title='bbox 1281 2486 1567 2553; x_wconf 78' lang='grc' dir='ltr'><strong>ὑπένερθε</strong></span> <span class='ocrx_word' id='word_1_273' title='bbox 1592 2487 1838 2541; x_wconf 73' lang='grc' dir='ltr'>Χελείου</span> 
     </span>
    </p>
   </div>
   <div class='ocr_carea' id='block_1_41' title="bbox 465 2548 2003 2625">
    <p class='ocr_par' dir='ltr' id='par_1_41' title="bbox 465 2548 2003 2625">
     <span class='ocr_line' id='line_1_41' title="bbox 465 2548 2003 2625; baseline 0.003 -19"><span class='ocrx_word' id='word_1_274' title='bbox 465 2548 782 2625; x_wconf 65' lang='grc' dir='ltr'>ῌάρκίνονο</span> <span class='ocrx_word' id='word_1_275' title='bbox 812 2548 914 2625; x_wconf 77' lang='grc' dir='ltr'><strong>ᾗχι</strong></span> <span class='ocrx_word' id='word_1_276' title='bbox 941 2548 1207 2622; x_wconf 55' lang='grc' dir='ltr'>μάλιστα</span> <span class='ocrx_word' id='word_1_277' title='bbox 1234 2548 1618 2625; x_wconf 58' lang='grc' dir='ltr'>διχαιόιὶενόν</span> <span class='ocrx_word' id='word_1_278' title='bbox 1649 2573 1718 2610; x_wconf 87' lang='grc' dir='ltr'><strong>κε</strong></span> <span class='ocrx_word' id='word_1_279' title='bbox 1746 2557 2003 2624; x_wconf 81' lang='grc' dir='ltr'>νοήσαις</span> 
     </span>
    </p>
   </div>
   <div class='ocr_carea' id='block_1_42' title="bbox 479 2623 1930 2694">
    <p class='ocr_par' dir='ltr' id='par_1_42' title="bbox 479 2623 1930 2694">
     <span class='ocr_line' id='line_1_42' title="bbox 479 2623 1930 2694; baseline 0.003 -18"><span class='ocrx_word' id='word_1_280' title='bbox 479 2623 696 2692; x_wconf 73' lang='grc' dir='ltr'>Ὀρθόνο</span> <span class='ocrx_word' id='word_1_281' title='bbox 718 2623 1125 2694; x_wconf 15' lang='grc' dir='ltr'><strong>,ἵν’ήιῄρθαλμοὶ</strong></span> <span class='ocrx_word' id='word_1_282' title='bbox 1159 2623 1389 2680; x_wconf 66' lang='grc' dir='ltr'>κύκλου</span> <span class='ocrx_word' id='word_1_283' title='bbox 1415 2623 1730 2694; x_wconf 77' lang='grc' dir='ltr'>ἑκάτερθεν</span> <span class='ocrx_word' id='word_1_284' title='bbox 1759 2623 1930 2682; x_wconf 74' lang='grc' dir='ltr'>ἴοιεν.</span> 
     </span>
    </p>
   </div>
   <div class='ocr_carea' id='block_1_43' title="bbox 535 2734 2036 2812">
    <p class='ocr_par' dir='ltr' id='par_1_43' title="bbox 535 2734 2036 2812">
     <span class='ocr_line' id='line_1_43' title="bbox 535 2734 2036 2812; baseline 0.003 -23"><span class='ocrx_word' id='word_1_285' title='bbox 535 2734 721 2791; x_wconf 80' lang='grc' dir='ltr'>Ταῦτά</span> <span class='ocrx_word' id='word_1_286' title='bbox 754 2754 844 2807; x_wconf 88' lang='grc' dir='ltr'><strong>μοι</strong></span> <span class='ocrx_word' id='word_1_287' title='bbox 873 2737 1019 2791; x_wconf 87' lang='grc' dir='ltr'>δοκεῖ</span> <span class='ocrx_word' id='word_1_288' title='bbox 1047 2737 1354 2810; x_wconf 78' lang='grc' dir='ltr'>συμφώνως</span> <span class='ocrx_word' id='word_1_289' title='bbox 1377 2741 1489 2803; x_wconf 86' lang='grc' dir='ltr'>τοῖς</span> <span class='ocrx_word' id='word_1_290' title='bbox 1521 2739 1864 2810; x_wconf 81' lang='grc' dir='ltr'>φαινομένοις</span> <span class='ocrx_word' id='word_1_291' title='bbox 1884 2741 2036 2812; x_wconf 77' lang='grc' dir='ltr'>εἰρη-</span> 
     </span>
    </p>
   </div>
   <div class='ocr_carea' id='block_1_44' title="bbox 2142 1853 3262 1925">
    <p class='ocr_par' dir='ltr' id='par_1_44' title="bbox 2142 1853 3262 1925">
     <span class='ocr_line' id='line_1_44' title="bbox 2142 1853 3262 1925; baseline -0.002 -14"><span class='ocrx_word' id='word_1_292' title='bbox 2142 1856 2365 1911; x_wconf 88' lang='lat' dir='ltr'><strong>sinister</strong></span> <span class='ocrx_word' id='word_1_293' title='bbox 2398 1855 2649 1925; x_wconf 82' lang='lat' dir='ltr'><strong>partibus</strong></span> <span class='ocrx_word' id='word_1_294' title='bbox 2685 1868 2850 1925; x_wconf 87' lang='lat' dir='ltr'><strong>quam</strong></span> <span class='ocrx_word' id='word_1_295' title='bbox 2894 1854 3141 1924; x_wconf 84' lang='lat' dir='ltr'><strong>proxime</strong></span> <span class='ocrx_word' id='word_1_296' title='bbox 3173 1853 3262 1909; x_wconf 80' lang='lat' dir='ltr'><strong>i5.</strong></span> 
     </span>
    </p>
   </div>
   <div class='ocr_carea' id='block_1_45' title="bbox 2207 1946 2690 2003">
    <p class='ocr_par' dir='ltr' id='par_1_45' title="bbox 2207 1946 2690 2003">
     <span class='ocr_line' id='line_1_45' title="bbox 2207 1946 2690 2003; baseline 0.002 -1"><span class='ocrx_word' id='word_1_297' title='bbox 2207 1947 2420 2003; x_wconf 84' lang='lat' dir='ltr'><strong>Rursus</strong></span> <span class='ocrx_word' id='word_1_298' title='bbox 2443 1946 2641 2003; x_wconf 89' lang='lat' dir='ltr'><strong>Aratus</strong></span> <span class='ocrx_word' id='word_1_299' title='bbox 2674 1965 2690 2003; x_wconf 93' lang='lat'><strong>:</strong></span> 
     </span>
    </p>
   </div>
   <div class='ocr_carea' id='block_1_46' title="bbox 2143 2042 3504 2131">
    <p class='ocr_par' dir='ltr' id='par_1_46' title="bbox 2143 2042 3504 2131">
     <span class='ocr_line' id='line_1_46' title="bbox 2143 2042 3504 2131; baseline -0.003 -15"><span class='ocrx_word' id='word_1_300' title='bbox 2143 2061 2316 2117; x_wconf 83' lang='lat' dir='ltr'><strong>Paulo</strong></span> <span class='ocrx_word' id='word_1_301' title='bbox 2356 2071 2529 2117; x_wconf 85' lang='lat' dir='ltr'><strong>autem</strong></span> <span class='ocrx_word' id='word_1_302' title='bbox 2556 2062 2724 2131; x_wconf 79' lang='lat' dir='ltr'><strong>{ertnr</strong></span> <span class='ocrx_word' id='word_1_303' title='bbox 2744 2060 3035 2131; x_wconf 78' lang='lat' dir='ltr'><strong>anstralior</strong></span> <span class='ocrx_word' id='word_1_304' title='bbox 3052 2076 3071 2124; x_wconf 90' lang='grc'><strong><em>;</em></strong></span> <span class='ocrx_word' id='word_1_305' title='bbox 3110 2075 3270 2128; x_wconf 84' lang='lat' dir='ltr'><strong>neque</strong></span> <span class='ocrx_word' id='word_1_306' title='bbox 3291 2042 3504 2131; x_wconf 80' lang='lat' dir='ltr'><strong>attingit</strong></span> 
     </span>
    </p>
   </div>
   <div class='ocr_carea' id='block_1_47' title="bbox 2149 2129 3474 2203">
    <p class='ocr_par' dir='ltr' id='par_1_47' title="bbox 2149 2129 3474 2203">
     <span class='ocr_line' id='line_1_47' title="bbox 2149 2129 3474 2203; baseline -0.005 -16"><span class='ocrx_word' id='word_1_307' title='bbox 2149 2131 2308 2203; x_wconf 84' lang='lat' dir='ltr'><strong>Virgo</strong></span> <span class='ocrx_word' id='word_1_308' title='bbox 2332 2149 2350 2187; x_wconf 88' lang='lat'><strong><em>:</em></strong></span> <span class='ocrx_word' id='word_1_309' title='bbox 2381 2133 2471 2187; x_wconf 82' lang='lat' dir='ltr'><strong>sed</strong></span> <span class='ocrx_word' id='word_1_310' title='bbox 2497 2129 2624 2198; x_wconf 83' lang='lat' dir='ltr'><strong>Leo,</strong></span> <span class='ocrx_word' id='word_1_311' title='bbox 2652 2141 2700 2186; x_wconf 84' lang='lat' dir='ltr'><strong>et</strong></span> <span class='ocrx_word' id='word_1_312' title='bbox 2731 2131 2970 2195; x_wconf 86' lang='lat' dir='ltr'><strong>Cancer;</strong></span> <span class='ocrx_word' id='word_1_313' title='bbox 3005 2129 3057 2184; x_wconf 71' lang='lat' dir='ltr'><strong>Iri</strong></span> <span class='ocrx_word' id='word_1_314' title='bbox 3083 2131 3291 2201; x_wconf 83' lang='lat' dir='ltr'><strong>quidem</strong></span> <span class='ocrx_word' id='word_1_315' title='bbox 3320 2129 3474 2182; x_wconf 86' lang='lat' dir='ltr'><strong>ambo</strong></span> 
     </span>
    </p>
   </div>
   <div class='ocr_carea' id='block_1_48' title="bbox 2139 2285 3273 2358">
    <p class='ocr_par' dir='ltr' id='par_1_48' title="bbox 2139 2285 3273 2358">
     <span class='ocr_line' id='line_1_48' title="bbox 2139 2285 3273 2358; baseline -0.004 -14"><span class='ocrx_word' id='word_1_316' title='bbox 2139 2287 2225 2344; x_wconf 72' lang='lat' dir='ltr'><strong>Ex</strong></span> <span class='ocrx_word' id='word_1_317' title='bbox 2248 2290 2430 2345; x_wconf 77' lang='lat' dir='ltr'><strong>ordine</strong></span> <span class='ocrx_word' id='word_1_318' title='bbox 2453 2289 2635 2358; x_wconf 71' lang='lat' dir='ltr'><strong>jaceat</strong></span> <span class='ocrx_word' id='word_1_319' title='bbox 2668 2288 2851 2342; x_wconf 76' lang='lat' dir='ltr'><strong>inserti</strong></span> <span class='ocrx_word' id='word_1_320' title='bbox 2876 2303 2893 2341; x_wconf 91' lang='lat'><strong><em>:</em></strong></span> <span class='ocrx_word' id='word_1_321' title='bbox 2925 2286 3015 2342; x_wconf 76' lang='lat' dir='ltr'><strong>sed</strong></span> <span class='ocrx_word' id='word_1_322' title='bbox 3044 2285 3273 2340; x_wconf 74' lang='lat' dir='ltr'><strong>circulus</strong></span> 
     </span>
    </p>
   </div>
   <div class='ocr_carea' id='block_1_49' title="bbox 2136 2355 3710 2437">
    <p class='ocr_par' dir='ltr' id='par_1_49' title="bbox 2136 2355 3710 2437">
     <span class='ocr_line' id='line_1_49' title="bbox 2136 2355 3710 2437; baseline -0.004 -22"><span class='ocrx_word' id='word_1_323' title='bbox 2136 2359 2361 2415; x_wconf 79' lang='lat' dir='ltr'><strong>Leonem</strong></span> <span class='ocrx_word' id='word_1_324' title='bbox 2396 2355 2607 2432; x_wconf 73' lang='lat' dir='ltr'><strong>quidem</strong></span> <span class='ocrx_word' id='word_1_325' title='bbox 2657 2360 2752 2414; x_wconf 75' lang='lat' dir='ltr'><strong>sub</strong></span> <span class='ocrx_word' id='word_1_326' title='bbox 2795 2367 3000 2429; x_wconf 82' lang='lat' dir='ltr'><strong>pectore</strong></span> <span class='ocrx_word' id='word_1_327' title='bbox 3060 2365 3110 2411; x_wconf 83' lang='lat' dir='ltr'><strong>et</strong></span> <span class='ocrx_word' id='word_1_328' title='bbox 3174 2365 3404 2437; x_wconf 33' lang='lat' dir='ltr'><strong>uentre”</strong></span> <span class='ocrx_word' id='word_1_329' title='bbox 3428 2370 3595 2437; x_wconf 64' lang='lat' dir='ltr'><strong>usque</strong></span> <span class='ocrx_word' id='word_1_330' title='bbox 3641 2355 3710 2410; x_wconf 82' lang='lat' dir='ltr'><strong>ad</strong></span> 
     </span>
    </p>
   </div>
   <div class='ocr_carea' id='block_1_50' title="bbox 2138 2422 3640 2560">
    <p class='ocr_par' dir='ltr' id='par_1_50' title="bbox 2138 2422 3640 2560">
     <span class='ocr_line' id='line_1_50' title="bbox 2408 2422 3640 2497; baseline -0.006 -11"><span class='ocrx_word' id='word_1_331' title='bbox 2408 2422 2422 2432; x_wconf 82' lang='grc'><em>’</em></span> <span class='ocrx_word' id='word_1_332' title='bbox 2796 2422 2807 2429; x_wconf 79' lang='grc'><em>’</em></span> <span class='ocrx_word' id='word_1_333' title='bbox 3383 2422 3640 2497; x_wconf 80' lang='lat' dir='ltr'><strong>[inguina</strong></span> 
     </span>
     <span class='ocr_line' id='line_1_51' title="bbox 2138 2491 3055 2560; baseline -0.009 -8"><span class='ocrx_word' id='word_1_334' title='bbox 2138 2495 2331 2560; x_wconf 85' lang='lat' dir='ltr'><strong>Secat;</strong></span> <span class='ocrx_word' id='word_1_335' title='bbox 2366 2494 2608 2549; x_wconf 81' lang='lat' dir='ltr'><strong>continue</strong></span> <span class='ocrx_word' id='word_1_336' title='bbox 2630 2510 2748 2547; x_wconf 80' lang='lat' dir='ltr'><strong>vero</strong></span> <span class='ocrx_word' id='word_1_337' title='bbox 2771 2491 2865 2545; x_wconf 81' lang='lat' dir='ltr'><strong>sub</strong></span> <span class='ocrx_word' id='word_1_338' title='bbox 2895 2491 3055 2545; x_wconf 73' lang='lat' dir='ltr'><strong>Testa</strong></span> 
     </span>
    </p>
   </div>
   <div class='ocr_carea' id='block_1_51' title="bbox 2135 2562 3534 2630">
    <p class='ocr_par' dir='ltr' id='par_1_51' title="bbox 2135 2562 3534 2630">
     <span class='ocr_line' id='line_1_52' title="bbox 2135 2562 3534 2630; baseline -0.001 -8"><span class='ocrx_word' id='word_1_339' title='bbox 2135 2568 2401 2622; x_wconf 80' lang='lat' dir='ltr'><strong>Cancrum</strong></span> <span class='ocrx_word' id='word_1_340' title='bbox 2425 2579 2443 2617; x_wconf 90' lang='lat'><strong><em>:</em></strong></span> <span class='ocrx_word' id='word_1_341' title='bbox 2472 2565 2560 2617; x_wconf 83' lang='lat' dir='ltr'><strong>ubi</strong></span> <span class='ocrx_word' id='word_1_342' title='bbox 2583 2565 2813 2617; x_wconf 73' lang='lat' dir='ltr'><strong>maxime</strong></span> <span class='ocrx_word' id='word_1_343' title='bbox 2850 2562 3100 2630; x_wconf 80' lang='lat' dir='ltr'><strong>bifariam</strong></span> <span class='ocrx_word' id='word_1_344' title='bbox 3128 2570 3324 2616; x_wconf 81' lang='lat' dir='ltr'><strong>sectum</strong></span> <span class='ocrx_word' id='word_1_345' title='bbox 3353 2563 3534 2621; x_wconf 70' lang='lat' dir='ltr'><strong>uideas</strong></span> 
     </span>
    </p>
   </div>
   <div class='ocr_carea' id='block_1_52' title="bbox 2137 2633 3327 2703">
    <p class='ocr_par' dir='ltr' id='par_1_52' title="bbox 2137 2633 3327 2703">
     <span class='ocr_line' id='line_1_53' title="bbox 2137 2633 3327 2703; baseline -0.005 -11"><span class='ocrx_word' id='word_1_346' title='bbox 2137 2637 2324 2702; x_wconf 83' lang='lat' dir='ltr'><strong>Recte;</strong></span> <span class='ocrx_word' id='word_1_347' title='bbox 2362 2648 2421 2689; x_wconf 88' lang='lat' dir='ltr'><strong>ut</strong></span> <span class='ocrx_word' id='word_1_348' title='bbox 2451 2634 2589 2689; x_wconf 85' lang='lat' dir='ltr'><strong>oculi</strong></span> <span class='ocrx_word' id='word_1_349' title='bbox 2620 2651 2653 2688; x_wconf 91' lang='lat' dir='ltr'><strong>a</strong></span> <span class='ocrx_word' id='word_1_350' title='bbox 2675 2633 2873 2687; x_wconf 86' lang='lat' dir='ltr'><strong>circulo</strong></span> <span class='ocrx_word' id='word_1_351' title='bbox 2911 2641 3033 2687; x_wconf 88' lang='lat' dir='ltr'><strong>eant</strong></span> <span class='ocrx_word' id='word_1_352' title='bbox 3062 2633 3327 2703; x_wconf 82' lang='lat' dir='ltr'><strong>utrinque.</strong></span> 
     </span>
    </p>
   </div>
   <div class='ocr_carea' id='block_1_53' title="bbox 2204 2744 3767 2831">
    <p class='ocr_par' dir='ltr' id='par_1_53' title="bbox 2204 2744 3767 2831">
     <span class='ocr_line' id='line_1_54' title="bbox 2204 2744 3767 2831; baseline -0.001 -25"><span class='ocrx_word' id='word_1_353' title='bbox 2204 2750 2332 2806; x_wconf 65' lang='lat' dir='ltr'><strong>Haec</strong></span> <span class='ocrx_word' id='word_1_354' title='bbox 2359 2747 2735 2820; x_wconf 82' lang='lat' dir='ltr'><strong>apparentium</strong></span> <span class='ocrx_word' id='word_1_355' title='bbox 2782 2745 2906 2801; x_wconf 82' lang='lat' dir='ltr'><strong>ﬁdei</strong></span> <span class='ocrx_word' id='word_1_356' title='bbox 2954 2744 3210 2799; x_wconf 83' lang='lat' dir='ltr'><strong>videntur</strong></span> <span class='ocrx_word' id='word_1_357' title='bbox 3249 2745 3318 2801; x_wconf 90' lang='lat' dir='ltr'><strong>ab</strong></span> <span class='ocrx_word' id='word_1_358' title='bbox 3352 2746 3445 2804; x_wconf 89' lang='lat' dir='ltr'><strong>illo</strong></span> <span class='ocrx_word' id='word_1_359' title='bbox 3475 2762 3711 2806; x_wconf 80' lang='lat' dir='ltr'><strong>consen-</strong></span> <span class='ocrx_word' id='word_1_360' title='bbox 3764 2828 3767 2831; x_wconf 13' lang='grc' dir='ltr'>η</span> 
     </span>
    </p>
   </div>
   <div class='ocr_carea' id='block_1_54' title="bbox 463 2827 2035 2907">
    <p class='ocr_par' dir='ltr' id='par_1_54' title="bbox 463 2827 2034 2903">
     <span class='ocr_line' id='line_1_55' title="bbox 463 2827 2034 2903; baseline 0.003 -22"><span class='ocrx_word' id='word_1_361' title='bbox 463 2827 638 2901; x_wconf 71' lang='grc' dir='ltr'>κέναι.</span> <span class='ocrx_word' id='word_1_362' title='bbox 682 2828 801 2882; x_wconf 85' lang='grc' dir='ltr'>Τῶν</span> <span class='ocrx_word' id='word_1_363' title='bbox 838 2847 898 2883; x_wconf 86' lang='grc' dir='ltr'><strong>τε</strong></span> <span class='ocrx_word' id='word_1_364' title='bbox 939 2830 1047 2903; x_wconf 71' lang='grc' dir='ltr'><strong>γὰρ</strong></span> <span class='ocrx_word' id='word_1_365' title='bbox 1084 2832 1141 2884; x_wconf 80' lang='grc' dir='ltr'>ὲν</span> <span class='ocrx_word' id='word_1_366' title='bbox 1167 2831 1245 2903; x_wconf 81' lang='grc' dir='ltr'>τῷ</span> <span class='ocrx_word' id='word_1_367' title='bbox 1278 2830 1463 2902; x_wconf 82' lang='grc' dir='ltr'>στήθει</span> <span class='ocrx_word' id='word_1_368' title='bbox 1493 2829 1588 2884; x_wconf 85' lang='grc' dir='ltr'>τοῦ</span> <span class='ocrx_word' id='word_1_369' title='bbox 1617 2831 1845 2896; x_wconf 77' lang='grc' dir='ltr'>Λέοντος</span> <span class='ocrx_word' id='word_1_370' title='bbox 1874 2833 1902 2885; x_wconf 89' lang='grc' dir='ltr'>ὁ</span> <span class='ocrx_word' id='word_1_371' title='bbox 1936 2832 2034 2903; x_wconf 83' lang='grc' dir='ltr'><strong>μὲν</strong></span> 
     </span>
    </p>
   </div>
   <div class='ocr_carea' id='block_1_55' title="bbox 2136 2827 3707 2907">
    <p class='ocr_par' dir='ltr' id='par_1_55' title="bbox 2136 2835 3707 2907">
     <span class='ocr_line' id='line_1_56' title="bbox 2136 2835 3707 2907; baseline -0.001 -10"><span class='ocrx_word' id='word_1_372' title='bbox 2136 2850 2291 2899; x_wconf 86' lang='lat' dir='ltr'><strong>tanee</strong></span> <span class='ocrx_word' id='word_1_373' title='bbox 2318 2842 2483 2896; x_wconf 83' lang='lat' dir='ltr'><strong>dicta.</strong></span> <span class='ocrx_word' id='word_1_374' title='bbox 2526 2838 2662 2894; x_wconf 81' lang='lat' dir='ltr'><strong>Nam</strong></span> <span class='ocrx_word' id='word_1_375' title='bbox 2707 2851 2897 2893; x_wconf 87' lang='lat' dir='ltr'><strong>earum</strong></span> <span class='ocrx_word' id='word_1_376' title='bbox 2944 2850 3065 2906; x_wconf 75' lang='lat' dir='ltr'><strong>qua:</strong></span> <span class='ocrx_word' id='word_1_377' title='bbox 3116 2835 3172 2890; x_wconf 89' lang='lat' dir='ltr'><strong>in</strong></span> <span class='ocrx_word' id='word_1_378' title='bbox 3205 2846 3429 2907; x_wconf 88' lang='lat' dir='ltr'><strong>pectore</strong></span> <span class='ocrx_word' id='word_1_379' title='bbox 3477 2836 3707 2906; x_wconf 83' lang='lat' dir='ltr'><strong>Leonis,</strong></span> 
     </span>
    </p>
   </div>
   <div class='ocr_carea' id='block_1_56' title="bbox 424 2916 2036 2996">
    <p class='ocr_par' dir='ltr' id='par_1_56' title="bbox 424 2916 2036 2996">
     <span class='ocr_line' id='line_1_57' title="bbox 424 2916 2036 2996; baseline 0.002 -23"><span class='ocrx_word' id='word_1_380' title='bbox 424 2916 781 2985; x_wconf 64' lang='grc' dir='ltr'>’ζνοτιὼτατος</span> <span class='ocrx_word' id='word_1_381' title='bbox 811 2920 906 2995; x_wconf 69' lang='grc' dir='ltr'><strong>και</strong></span> <span class='ocrx_word' id='word_1_382' title='bbox 929 2919 1328 2992; x_wconf 82' lang='grc' dir='ltr'>λαμπρότατος,</span> <span class='ocrx_word' id='word_1_383' title='bbox 1361 2922 1420 2975; x_wconf 80' lang='grc' dir='ltr'>ὃν</span> <span class='ocrx_word' id='word_1_384' title='bbox 1450 2921 1512 2992; x_wconf 89' lang='grc' dir='ltr'><strong>δή</strong></span> <span class='ocrx_word' id='word_1_385' title='bbox 1541 2940 1685 2986; x_wconf 83' lang='grc' dir='ltr'>τινες</span> <span class='ocrx_word' id='word_1_386' title='bbox 1714 2924 1772 2977; x_wconf 81' lang='grc' dir='ltr'>ὲν</span> <span class='ocrx_word' id='word_1_387' title='bbox 1808 2926 1875 2995; x_wconf 82' lang='grc' dir='ltr'>τῇ</span> <span class='ocrx_word' id='word_1_388' title='bbox 1909 2941 2036 2996; x_wconf 83' lang='grc' dir='ltr'>καρ-</span> 
     </span>
    </p>
   </div>
   <div class='ocr_carea' id='block_1_57' title="bbox 462 3010 2033 3086">
    <p class='ocr_par' dir='ltr' id='par_1_57' title="bbox 462 3010 2033 3086">
     <span class='ocr_line' id='line_1_58' title="bbox 462 3010 2033 3086; baseline 0.004 -22"><span class='ocrx_word' id='word_1_389' title='bbox 462 3011 551 3081; x_wconf 65' lang='grc' dir='ltr'><strong>δίᾳ.</strong></span> <span class='ocrx_word' id='word_1_390' title='bbox 583 3010 811 3074; x_wconf 81' lang='grc' dir='ltr'>τιθέασι,</span> <span class='ocrx_word' id='word_1_391' title='bbox 865 3011 1045 3084; x_wconf 80' lang='grc' dir='ltr'>μικρῷ</span> <span class='ocrx_word' id='word_1_392' title='bbox 1083 3012 1397 3084; x_wconf 82' lang='grc' dir='ltr'>νοτιώτερός</span> <span class='ocrx_word' id='word_1_393' title='bbox 1424 3014 1541 3067; x_wconf 78' lang='grc' dir='ltr'>ἐστι</span> <span class='ocrx_word' id='word_1_394' title='bbox 1566 3014 1661 3067; x_wconf 79' lang='grc' dir='ltr'>τοῦ</span> <span class='ocrx_word' id='word_1_395' title='bbox 1696 3014 1973 3086; x_wconf 79' lang='grc' dir='ltr'>τροπικοῦ’</span> <span class='ocrx_word' id='word_1_396' title='bbox 2003 3017 2033 3069; x_wconf 87' lang='lat'><strong>6</strong></span> 
     </span>
    </p>
   </div>
   <div class='ocr_carea' id='block_1_58' title="bbox 2133 2932 3709 3009">
    <p class='ocr_par' dir='ltr' id='par_1_58' title="bbox 2133 2932 3709 3009">
     <span class='ocr_line' id='line_1_59' title="bbox 2133 2932 3709 3009; baseline -0.004 -14"><span class='ocrx_word' id='word_1_397' title='bbox 2133 2941 2558 3004; x_wconf 84' lang='lat' dir='ltr'><strong>australissima,</strong></span> <span class='ocrx_word' id='word_1_398' title='bbox 2590 2952 2753 3009; x_wconf 83' lang='lat' dir='ltr'><strong>quam</strong></span> <span class='ocrx_word' id='word_1_399' title='bbox 2785 2935 3036 2991; x_wconf 88' lang='lat' dir='ltr'><strong>nonnulli</strong></span> <span class='ocrx_word' id='word_1_400' title='bbox 3066 2935 3121 2989; x_wconf 90' lang='lat' dir='ltr'><strong>in</strong></span> <span class='ocrx_word' id='word_1_401' title='bbox 3171 2932 3341 2988; x_wconf 88' lang='lat' dir='ltr'><strong>corde</strong></span> <span class='ocrx_word' id='word_1_402' title='bbox 3394 2932 3665 2988; x_wconf 81' lang='lat' dir='ltr'><strong>collocant</strong></span> <span class='ocrx_word' id='word_1_403' title='bbox 3688 2970 3709 2999; x_wconf 83' lang='lat'><strong>,</strong></span> 
     </span>
    </p>
   </div>
   <div class='ocr_carea' id='block_1_59' title="bbox 2132 3024 3705 3105">
    <p class='ocr_par' dir='ltr' id='par_1_59' title="bbox 2132 3024 3705 3105">
     <span class='ocr_line' id='line_1_60' title="bbox 2132 3024 3705 3105; baseline -0.006 -17"><span class='ocrx_word' id='word_1_404' title='bbox 2132 3034 2295 3105; x_wconf 81' lang='lat' dir='ltr'><strong>paulo</strong></span> <span class='ocrx_word' id='word_1_405' title='bbox 2328 3040 2414 3089; x_wconf 86' lang='lat' dir='ltr'><strong>est</strong></span> <span class='ocrx_word' id='word_1_406' title='bbox 2441 3031 2732 3087; x_wconf 83' lang='lat' dir='ltr'><strong>anstralior</strong></span> <span class='ocrx_word' id='word_1_407' title='bbox 2762 3027 3009 3098; x_wconf 88' lang='lat' dir='ltr'><strong>tropico;</strong></span> <span class='ocrx_word' id='word_1_408' title='bbox 3039 3041 3160 3096; x_wconf 67' lang='lat' dir='ltr'><strong>qua:</strong></span> <span class='ocrx_word' id='word_1_409' title='bbox 3187 3041 3317 3080; x_wconf 85' lang='lat' dir='ltr'><strong>vero</strong></span> <span class='ocrx_word' id='word_1_410' title='bbox 3360 3032 3484 3094; x_wconf 89' lang='lat' dir='ltr'><strong>post</strong></span> <span class='ocrx_word' id='word_1_411' title='bbox 3529 3024 3705 3093; x_wconf 83' lang='lat' dir='ltr'><strong>ipsam</strong></span> 
     </span>
    </p>
   </div>
   <div class='ocr_carea' id='block_1_60' title="bbox 462 3100 2035 3195">
    <p class='ocr_par' dir='ltr' id='par_1_60' title="bbox 462 3100 2033 3179">
     <span class='ocr_line' id='line_1_61' title="bbox 462 3100 2033 3179; baseline 0.004 -25"><span class='ocrx_word' id='word_1_412' title='bbox 462 3101 521 3154; x_wconf 81' lang='grc' dir='ltr'>δὲ</span> <span class='ocrx_word' id='word_1_413' title='bbox 566 3101 702 3170; x_wconf 75' lang='grc' dir='ltr'>μετὰ</span> <span class='ocrx_word' id='word_1_414' title='bbox 739 3100 926 3155; x_wconf 79' lang='grc' dir='ltr'>τοῦτον</span> <span class='ocrx_word' id='word_1_415' title='bbox 968 3102 1105 3174; x_wconf 81' lang='grc' dir='ltr'>πρὸς</span> <span class='ocrx_word' id='word_1_416' title='bbox 1144 3102 1244 3168; x_wconf 75' lang='grc' dir='ltr'>τὰς</span> <span class='ocrx_word' id='word_1_417' title='bbox 1282 3105 1513 3176; x_wconf 79' lang='grc' dir='ltr'>ἄρκτους</span> <span class='ocrx_word' id='word_1_418' title='bbox 1578 3106 1744 3159; x_wconf 80' lang='grc' dir='ltr'>αὑτοῦ</span> <span class='ocrx_word' id='word_1_419' title='bbox 1786 3107 2033 3179; x_wconf 79' lang='grc' dir='ltr'>κείμενος</span> 
     </span>
    </p>
   </div>
   <div class='ocr_carea' id='block_1_61' title="bbox 2136 3100 3710 3195">
    <p class='ocr_par' dir='ltr' id='par_1_61' title="bbox 2136 3100 3710 3195">
     <span class='ocr_line' id='line_1_62' title="bbox 2136 3100 3710 3195; baseline -0.006 -15"><span class='ocrx_word' id='word_1_420' title='bbox 2136 3100 2201 3180; x_wconf 74' lang='lat' dir='ltr'><strong>ad</strong></span> <span class='ocrx_word' id='word_1_421' title='bbox 2233 3123 2655 3195; x_wconf 86' lang='lat' dir='ltr'><strong>septentrionem</strong></span> <span class='ocrx_word' id='word_1_422' title='bbox 2685 3122 2974 3193; x_wconf 85' lang='lat' dir='ltr'><strong>positaest.</strong></span> <span class='ocrx_word' id='word_1_423' title='bbox 2992 3120 3151 3188; x_wconf 82' lang='lat' dir='ltr'><strong>paulo</strong></span> <span class='ocrx_word' id='word_1_424' title='bbox 3167 3124 3250 3172; x_wconf 90' lang='lat' dir='ltr'><strong>est</strong></span> <span class='ocrx_word' id='word_1_425' title='bbox 3280 3114 3572 3171; x_wconf 88' lang='lat' dir='ltr'><strong>anstralior</strong></span> <span class='ocrx_word' id='word_1_426' title='bbox 3593 3122 3710 3170; x_wconf 82' lang='lat' dir='ltr'><strong>tro-</strong></span> 
     </span>
    </p>
   </div>
   <div class='ocr_carea' id='block_1_62' title="bbox 468 3190 2035 3269">
    <p class='ocr_par' dir='ltr' id='par_1_62' title="bbox 468 3190 2035 3269">
     <span class='ocr_line' id='line_1_63' title="bbox 468 3190 2035 3269; baseline 0.004 -24"><span class='ocrx_word' id='word_1_427' title='bbox 468 3191 648 3263; x_wconf 80' lang='grc' dir='ltr'>μικρῷ</span> <span class='ocrx_word' id='word_1_428' title='bbox 678 3190 1012 3264; x_wconf 78' lang='grc' dir='ltr'>βορειότερος</span> <span class='ocrx_word' id='word_1_429' title='bbox 1038 3193 1132 3249; x_wconf 80' lang='grc' dir='ltr'><strong>τοῦ</strong></span> <span class='ocrx_word' id='word_1_430' title='bbox 1165 3192 1378 3269; x_wconf 83' lang='grc' dir='ltr'>θερινοῦ</span> <span class='ocrx_word' id='word_1_431' title='bbox 1406 3195 1687 3266; x_wconf 81' lang='grc' dir='ltr'>τροπικοῦ’</span> <span class='ocrx_word' id='word_1_432' title='bbox 1715 3196 1809 3251; x_wconf 75' lang='grc' dir='ltr'><strong>καὶ</strong></span> <span class='ocrx_word' id='word_1_433' title='bbox 1836 3197 1944 3251; x_wconf 85' lang='grc' dir='ltr'><strong>τῶν</strong></span> <span class='ocrx_word' id='word_1_434' title='bbox 1977 3199 2035 3252; x_wconf 74' lang='grc' dir='ltr'>ἐν</span> 
     </span>
    </p>
   </div>
   <div class='ocr_carea' id='block_1_63' title="bbox 462 3281 2037 3362">
    <p class='ocr_par' dir='ltr' id='par_1_63' title="bbox 462 3281 2037 3362">
     <span class='ocr_line' id='line_1_64' title="bbox 462 3281 2037 3362; baseline 0.003 -24"><span class='ocrx_word' id='word_1_435' title='bbox 462 3281 575 3348; x_wconf 72' lang='grc' dir='ltr'>τοῖς</span> <span class='ocrx_word' id='word_1_436' title='bbox 611 3287 829 3357; x_wconf 79' lang='grc' dir='ltr'>μηροῖς,</span> <span class='ocrx_word' id='word_1_437' title='bbox 868 3287 963 3339; x_wconf 80' lang='grc' dir='ltr'>καὶ</span> <span class='ocrx_word' id='word_1_438' title='bbox 996 3285 1210 3362; x_wconf 70' lang='grc' dir='ltr'>σκέλεσι</span> <span class='ocrx_word' id='word_1_439' title='bbox 1240 3285 1334 3340; x_wconf 80' lang='grc' dir='ltr'><strong>τοῦ</strong></span> <span class='ocrx_word' id='word_1_440' title='bbox 1365 3286 1592 3351; x_wconf 75' lang='grc' dir='ltr'>Λέοντος</span> <span class='ocrx_word' id='word_1_441' title='bbox 1617 3288 1659 3342; x_wconf 84' lang='grc' dir='ltr'><strong>δ’</strong></span> <span class='ocrx_word' id='word_1_442' title='bbox 1693 3288 1980 3359; x_wconf 75' lang='grc' dir='ltr'><strong>λαμπρῶν,</strong></span> <span class='ocrx_word' id='word_1_443' title='bbox 2008 3291 2037 3342; x_wconf 89' lang='lat'><strong>6</strong></span> 
     </span>
    </p>
   </div>
   <div class='ocr_carea' id='block_1_64' title="bbox 472 3362 2038 3452">
    <p class='ocr_par' dir='ltr' id='par_1_64' title="bbox 472 3362 2038 3452">
     <span class='ocr_line' id='line_1_65' title="bbox 472 3362 2038 3452; baseline 0.003 -22"><span class='ocrx_word' id='word_1_444' title='bbox 472 3374 572 3448; x_wconf 82' lang='grc' dir='ltr'><strong>μὲν</strong></span> <span class='ocrx_word' id='word_1_445' title='bbox 611 3374 863 3449; x_wconf 77' lang='grc' dir='ltr'>δεύτερος</span> <span class='ocrx_word' id='word_1_446' title='bbox 898 3362 1000 3433; x_wconf 48' lang='grc' dir='ltr'><strong>’ἀπ’</strong></span> <span class='ocrx_word' id='word_1_447' title='bbox 1058 3377 1260 3449; x_wconf 85' lang='grc' dir='ltr'>ἄρκτου</span> <span class='ocrx_word' id='word_1_448' title='bbox 1310 3379 1366 3431; x_wconf 82' lang='grc' dir='ltr'>ἐν</span> <span class='ocrx_word' id='word_1_449' title='bbox 1399 3381 1512 3442; x_wconf 84' lang='grc' dir='ltr'>τοῖς</span> <span class='ocrx_word' id='word_1_450' title='bbox 1556 3381 1750 3451; x_wconf 81' lang='grc' dir='ltr'>μηροῖς</span> <span class='ocrx_word' id='word_1_451' title='bbox 1787 3381 2038 3452; x_wconf 80' lang='grc' dir='ltr'>κείμενος</span> 
     </span>
    </p>
   </div>
   <div class='ocr_carea' id='block_1_65' title="bbox 464 3467 2038 3548">
    <p class='ocr_par' dir='ltr' id='par_1_65' title="bbox 464 3467 2038 3548">
     <span class='ocr_line' id='line_1_66' title="bbox 464 3467 2038 3548; baseline 0.004 -28"><span class='ocrx_word' id='word_1_452' title='bbox 464 3467 800 3541; x_wconf 80' lang='grc' dir='ltr'>βορειότερὸς</span> <span class='ocrx_word' id='word_1_453' title='bbox 836 3471 952 3522; x_wconf 81' lang='grc' dir='ltr'>ἐστι</span> <span class='ocrx_word' id='word_1_454' title='bbox 980 3469 1075 3535; x_wconf 83' lang='grc' dir='ltr'>τοῦ</span> <span class='ocrx_word' id='word_1_455' title='bbox 1117 3467 1380 3540; x_wconf 76' lang='grc' dir='ltr'>τροπικοῦ</span> <span class='ocrx_word' id='word_1_456' title='bbox 1402 3485 1417 3501; x_wconf 70' lang='grc'><strong>⁸</strong></span> <span class='ocrx_word' id='word_1_457' title='bbox 1460 3472 1489 3524; x_wconf 89' lang='lat'><strong>6</strong></span> <span class='ocrx_word' id='word_1_458' title='bbox 1529 3470 1586 3533; x_wconf 79' lang='grc' dir='ltr'>δὲ</span> <span class='ocrx_word' id='word_1_459' title='bbox 1624 3472 1826 3548; x_wconf 71' lang='grc' dir='ltr'>τρίτος,</span> <span class='ocrx_word' id='word_1_460' title='bbox 1858 3473 1952 3526; x_wconf 72' lang='grc' dir='ltr'>καὶ</span> <span class='ocrx_word' id='word_1_461' title='bbox 1978 3474 2038 3527; x_wconf 77' lang='grc' dir='ltr'>ὲν</span> 
     </span>
    </p>
   </div>
   <div class='ocr_carea' id='block_1_66' title="bbox 459 3558 2031 3635">
    <p class='ocr_par' dir='ltr' id='par_1_66' title="bbox 459 3558 2031 3635">
     <span class='ocr_line' id='line_1_67' title="bbox 459 3558 2031 3635; baseline 0.003 -22"><span class='ocrx_word' id='word_1_462' title='bbox 459 3562 575 3623; x_wconf 86' lang='grc' dir='ltr'>τοῖς</span> <span class='ocrx_word' id='word_1_463' title='bbox 606 3560 821 3615; x_wconf 77' lang='grc' dir='ltr'>σκέλεσι</span> <span class='ocrx_word' id='word_1_464' title='bbox 844 3562 1111 3635; x_wconf 76' lang='grc' dir='ltr'>κείμενος,</span> <span class='ocrx_word' id='word_1_465' title='bbox 1143 3558 1460 3631; x_wconf 73' lang='grc' dir='ltr'>νοτιώτερός</span> <span class='ocrx_word' id='word_1_466' title='bbox 1486 3563 1600 3617; x_wconf 80' lang='grc' dir='ltr'>ἐστι</span> <span class='ocrx_word' id='word_1_467' title='bbox 1628 3562 1720 3615; x_wconf 79' lang='grc' dir='ltr'>τοῦ</span> <span class='ocrx_word' id='word_1_468' title='bbox 1749 3563 2031 3635; x_wconf 78' lang='grc' dir='ltr'>τροπικοῢ.</span> 
     </span>
    </p>
   </div>
   <div class='ocr_carea' id='block_1_67' title="bbox 461 3650 2032 3726">
    <p class='ocr_par' dir='ltr' id='par_1_67' title="bbox 461 3650 2032 3726">
     <span class='ocr_line' id='line_1_68' title="bbox 461 3650 2032 3726; baseline 0.002 -20"><span class='ocrx_word' id='word_1_469' title='bbox 461 3652 628 3724; x_wconf 81' lang='grc' dir='ltr'>Δῆλον</span> <span class='ocrx_word' id='word_1_470' title='bbox 660 3650 773 3718; x_wconf 67' lang='grc' dir='ltr'>οὖν,</span> <span class='ocrx_word' id='word_1_471' title='bbox 804 3654 885 3707; x_wconf 84' lang='grc' dir='ltr'><strong>ὅτι</strong></span> <span class='ocrx_word' id='word_1_472' title='bbox 914 3652 1003 3708; x_wconf 81' lang='grc' dir='ltr'><strong>διὰ</strong></span> <span class='ocrx_word' id='word_1_473' title='bbox 1033 3654 1237 3725; x_wconf 80' lang='grc' dir='ltr'>μήκους</span> <span class='ocrx_word' id='word_1_474' title='bbox 1281 3655 1371 3707; x_wconf 83' lang='grc' dir='ltr'>ὑπ’</span> <span class='ocrx_word' id='word_1_475' title='bbox 1405 3652 1570 3710; x_wconf 83' lang='grc' dir='ltr'><strong>αὐτοῦ</strong></span> <span class='ocrx_word' id='word_1_476' title='bbox 1602 3655 1630 3708; x_wconf 91' lang='lat'><strong>6</strong></span> <span class='ocrx_word' id='word_1_477' title='bbox 1662 3654 1812 3708; x_wconf 86' lang='grc' dir='ltr'><strong>Λέων</strong></span> <span class='ocrx_word' id='word_1_478' title='bbox 1840 3655 2032 3726; x_wconf 81' lang='grc' dir='ltr'>τέμνε-</span> 
     </span>
    </p>
   </div>
   <div class='ocr_carea' id='block_1_68' title="bbox 461 3745 2034 3821">
    <p class='ocr_par' dir='ltr' id='par_1_68' title="bbox 461 3745 2034 3821">
     <span class='ocr_line' id='line_1_69' title="bbox 461 3745 2034 3821; baseline 0.002 -23"><span class='ocrx_word' id='word_1_479' title='bbox 461 3762 550 3799; x_wconf 77' lang='grc' dir='ltr'><strong>ται</strong></span> <span class='ocrx_word' id='word_1_480' title='bbox 584 3745 688 3799; x_wconf 79' lang='grc' dir='ltr'><strong>ὑπὸ</strong></span> <span class='ocrx_word' id='word_1_481' title='bbox 723 3747 785 3799; x_wconf 86' lang='grc' dir='ltr'><strong>τὸ</strong></span> <span class='ocrx_word' id='word_1_482' title='bbox 825 3746 1020 3818; x_wconf 82' lang='grc' dir='ltr'>στῆθος</span> <span class='ocrx_word' id='word_1_483' title='bbox 1057 3747 1151 3806; x_wconf 79' lang='grc' dir='ltr'><strong>καὶ</strong></span> <span class='ocrx_word' id='word_1_484' title='bbox 1193 3746 1291 3819; x_wconf 80' lang='grc' dir='ltr'><strong>τὴν</strong></span> <span class='ocrx_word' id='word_1_485' title='bbox 1342 3746 1561 3817; x_wconf 81' lang='grc' dir='ltr'>λαγόνα.</span> <span class='ocrx_word' id='word_1_486' title='bbox 1617 3747 1737 3800; x_wconf 87' lang='grc' dir='ltr'><strong>Τῶν</strong></span> <span class='ocrx_word' id='word_1_487' title='bbox 1783 3747 1827 3800; x_wconf 88' lang='grc' dir='ltr'><strong>δ’</strong></span> <span class='ocrx_word' id='word_1_488' title='bbox 1868 3750 1925 3801; x_wconf 79' lang='grc' dir='ltr'><strong>έν</strong></span> <span class='ocrx_word' id='word_1_489' title='bbox 1956 3747 2034 3821; x_wconf 78' lang='grc' dir='ltr'>τῷ</span> 
     </span>
    </p>
   </div>
   <div class='ocr_carea' id='block_1_69' title="bbox 461 3828 2035 3910">
    <p class='ocr_par' dir='ltr' id='par_1_69' title="bbox 461 3828 2035 3910">
     <span class='ocr_line' id='line_1_70' title="bbox 461 3828 2035 3910; baseline 0.003 -21"><span class='ocrx_word' id='word_1_490' title='bbox 461 3838 720 3909; x_wconf 81' lang='grc' dir='ltr'>Καρκίνῳ</span> <span class='ocrx_word' id='word_1_491' title='bbox 761 3838 1026 3910; x_wconf 80' lang='grc' dir='ltr'>ἀστέρων,</span> <span class='ocrx_word' id='word_1_492' title='bbox 1062 3838 1168 3893; x_wconf 90' lang='grc' dir='ltr'><strong>τῶν</strong></span> <span class='ocrx_word' id='word_1_493' title='bbox 1211 3839 1341 3910; x_wconf 77' lang='grc' dir='ltr'>περὶ</span> <span class='ocrx_word' id='word_1_494' title='bbox 1371 3828 1433 3892; x_wconf 75' lang='grc' dir='ltr'>τδ</span> <span class='ocrx_word' id='word_1_495' title='bbox 1475 3837 1717 3908; x_wconf 80' lang='grc' dir='ltr'>νεφέλιον</span> <span class='ocrx_word' id='word_1_496' title='bbox 1768 3839 2035 3909; x_wconf 84' lang='grc' dir='ltr'>κειμένων</span> 
     </span>
    </p>
   </div>
   <div class='ocr_carea' id='block_1_70' title="bbox 460 3928 2033 4001">
    <p class='ocr_par' dir='ltr' id='par_1_70' title="bbox 460 3928 2033 4001">
     <span class='ocr_line' id='line_1_71' title="bbox 460 3928 2033 4001; baseline 0.002 -21"><span class='ocrx_word' id='word_1_497' title='bbox 460 3929 738 4001; x_wconf 80' lang='grc' dir='ltr'>τεσσάρων</span> <span class='ocrx_word' id='word_1_498' title='bbox 768 3932 797 3983; x_wconf 93' lang='lat'><strong>6</strong></span> <span class='ocrx_word' id='word_1_499' title='bbox 838 3930 935 4000; x_wconf 85' lang='grc' dir='ltr'><strong>μὲν</strong></span> <span class='ocrx_word' id='word_1_500' title='bbox 980 3928 1298 4001; x_wconf 82' lang='grc' dir='ltr'>νοτιώτερός</span> <span class='ocrx_word' id='word_1_501' title='bbox 1341 3931 1457 3982; x_wconf 80' lang='grc' dir='ltr'>ἐστι</span> <span class='ocrx_word' id='word_1_502' title='bbox 1502 3928 1597 3983; x_wconf 82' lang='grc' dir='ltr'>τοῦ</span> <span class='ocrx_word' id='word_1_503' title='bbox 1641 3929 1900 3999; x_wconf 80' lang='grc' dir='ltr'>τροπικοῦ</span> <span class='ocrx_word' id='word_1_504' title='bbox 1935 3931 2033 3984; x_wconf 87' lang='grc' dir='ltr'><strong>ούκ</strong></span> 
     </span>
    </p>
   </div>
   <div class='ocr_carea' id='block_1_71' title="bbox 459 4017 2034 4093">
    <p class='ocr_par' dir='ltr' id='par_1_71' title="bbox 459 4017 2034 4093">
     <span class='ocr_line' id='line_1_72' title="bbox 459 4017 2034 4093; baseline 0.002 -22"><span class='ocrx_word' id='word_1_505' title='bbox 459 4017 681 4073; x_wconf 74' lang='grc' dir='ltr'>ἔλασσον</span> <span class='ocrx_word' id='word_1_506' title='bbox 704 4018 736 4090; x_wconf 77' lang='grc' dir='ltr'>ἢ</span> <span class='ocrx_word' id='word_1_507' title='bbox 768 4020 875 4091; x_wconf 85' lang='grc' dir='ltr'>μοί.</span> <span class='ocrx_word' id='word_1_508' title='bbox 898 4025 973 4072; x_wconf 82' lang='grc' dir='ltr'>α”</span> <span class='ocrx_word' id='word_1_509' title='bbox 1001 4022 1030 4073; x_wconf 90' lang='lat'><strong>6</strong></span> <span class='ocrx_word' id='word_1_510' title='bbox 1052 4019 1108 4072; x_wconf 81' lang='grc' dir='ltr'><strong>δὲ</strong></span> <span class='ocrx_word' id='word_1_511' title='bbox 1137 4018 1470 4092; x_wconf 83' lang='grc' dir='ltr'>βορειότερος</span> <span class='ocrx_word' id='word_1_512' title='bbox 1493 4019 1672 4091; x_wconf 79' lang='grc' dir='ltr'>αὐτῶν</span> <span class='ocrx_word' id='word_1_513' title='bbox 1699 4020 1933 4092; x_wconf 81' lang='grc' dir='ltr'>βορειότε</span> <span class='ocrx_word' id='word_1_514' title='bbox 1943 4021 2034 4093; x_wconf 87' lang='grc' dir='ltr'>ρός</span> 
     </span>
    </p>
   </div>
   <div class='ocr_carea' id='block_1_72' title="bbox 459 4110 2033 4185">
    <p class='ocr_par' dir='ltr' id='par_1_72' title="bbox 459 4110 2033 4185">
     <span class='ocr_line' id='line_1_73' title="bbox 459 4110 2033 4185; baseline 0.004 -22"><span class='ocrx_word' id='word_1_515' title='bbox 459 4111 575 4164; x_wconf 74' lang='grc' dir='ltr'>ἐστι</span> <span class='ocrx_word' id='word_1_516' title='bbox 604 4110 697 4166; x_wconf 80' lang='grc' dir='ltr'><strong>τοῦ</strong></span> <span class='ocrx_word' id='word_1_517' title='bbox 730 4111 987 4185; x_wconf 80' lang='grc' dir='ltr'>τροπικοῦ</span> <span class='ocrx_word' id='word_1_518' title='bbox 1032 4111 1244 4184; x_wconf 80' lang='grc' dir='ltr'>θερινοῦ</span> <span class='ocrx_word' id='word_1_519' title='bbox 1279 4113 1504 4166; x_wconf 74' lang='grc' dir='ltr'>ἔλασσον</span> <span class='ocrx_word' id='word_1_520' title='bbox 1535 4114 1569 4185; x_wconf 83' lang='grc' dir='ltr'>ἢ</span> <span class='ocrx_word' id='word_1_521' title='bbox 1601 4114 1712 4185; x_wconf 80' lang='grc' dir='ltr'>μοί.</span> <span class='ocrx_word' id='word_1_522' title='bbox 1745 4120 1793 4167; x_wconf 86' lang='grc' dir='ltr'>α’</span> <span class='ocrx_word' id='word_1_523' title='bbox 1824 4113 1890 4145; x_wconf 81' lang='grc'><strong>⁸⁸·</strong></span> <span class='ocrx_word' id='word_1_524' title='bbox 1924 4113 2033 4173; x_wconf 82' lang='grc' dir='ltr'><strong>τῶν</strong></span> 
     </span>
    </p>
   </div>
   <div class='ocr_carea' id='block_1_73' title="bbox 455 4202 2031 4277">
    <p class='ocr_par' dir='ltr' id='par_1_73' title="bbox 455 4202 2031 4277">
     <span class='ocr_line' id='line_1_74' title="bbox 455 4202 2031 4277; baseline 0.002 -21"><span class='ocrx_word' id='word_1_525' title='bbox 455 4202 500 4256; x_wconf 73' lang='grc' dir='ltr'><strong>δ’</strong></span> <span class='ocrx_word' id='word_1_526' title='bbox 523 4203 616 4259; x_wconf 83' lang='grc' dir='ltr'><strong>ἀπ’</strong></span> <span class='ocrx_word' id='word_1_527' title='bbox 640 4204 904 4276; x_wconf 81' lang='grc' dir='ltr'>ἀνατολῆς</span> <span class='ocrx_word' id='word_1_528' title='bbox 923 4204 1051 4276; x_wconf 82' lang='grc' dir='ltr'>περὶ</span> <span class='ocrx_word' id='word_1_529' title='bbox 1074 4204 1134 4257; x_wconf 84' lang='grc' dir='ltr'><strong>τὸ</strong></span> <span class='ocrx_word' id='word_1_530' title='bbox 1153 4204 1399 4274; x_wconf 78' lang='grc' dir='ltr'>νεφέλιον</span> <span class='ocrx_word' id='word_1_531' title='bbox 1425 4205 1694 4276; x_wconf 80' lang='grc' dir='ltr'>κειμένων</span> <span class='ocrx_word' id='word_1_532' title='bbox 1719 4204 1763 4276; x_wconf 70' lang='grc' dir='ltr'><strong>β(</strong></span> <span class='ocrx_word' id='word_1_533' title='bbox 1787 4204 2031 4277; x_wconf 83' lang='grc' dir='ltr'>ἀστέρων</span> 
     </span>
    </p>
   </div>
   <div class='ocr_carea' id='block_1_74' title="bbox 454 4296 2033 4370">
    <p class='ocr_par' dir='ltr' id='par_1_74' title="bbox 454 4296 2033 4370">
     <span class='ocr_line' id='line_1_75' title="bbox 454 4296 2033 4370; baseline 0.002 -21"><span class='ocrx_word' id='word_1_534' title='bbox 454 4296 484 4349; x_wconf 93' lang='lat'><strong>6</strong></span> <span class='ocrx_word' id='word_1_535' title='bbox 511 4297 611 4368; x_wconf 80' lang='grc' dir='ltr'><strong>μὲν</strong></span> <span class='ocrx_word' id='word_1_536' title='bbox 643 4296 959 4370; x_wconf 81' lang='grc' dir='ltr'>νοτιώτερος</span> <span class='ocrx_word' id='word_1_537' title='bbox 988 4298 1076 4350; x_wconf 80' lang='grc' dir='ltr'>ἐπ’</span> <span class='ocrx_word' id='word_1_538' title='bbox 1096 4297 1260 4351; x_wconf 79' lang='grc' dir='ltr'>αὐτοῦ</span> <span class='ocrx_word' id='word_1_539' title='bbox 1296 4298 1481 4369; x_wconf 82' lang='grc' dir='ltr'>σχεδὸν</span> <span class='ocrx_word' id='word_1_540' title='bbox 1512 4301 1688 4353; x_wconf 79' lang='grc' dir='ltr'>κεῖται</span> <span class='ocrx_word' id='word_1_541' title='bbox 1718 4297 1813 4355; x_wconf 80' lang='grc' dir='ltr'>τοῦ</span> <span class='ocrx_word' id='word_1_542' title='bbox 1841 4315 2033 4370; x_wconf 89' lang='grc' dir='ltr'>τροπι-</span> 
     </span>
    </p>
   </div>
   <div class='ocr_carea' id='block_1_75' title="bbox 466 4388 2028 4466">
    <p class='ocr_par' dir='ltr' id='par_1_75' title="bbox 466 4388 2028 4466">
     <span class='ocr_line' id='line_1_76' title="bbox 466 4388 2028 4466; baseline 0.002 -24"><span class='ocrx_word' id='word_1_543' title='bbox 466 4388 583 4443; x_wconf 82' lang='grc' dir='ltr'><strong>κοῦ·</strong></span> <span class='ocrx_word' id='word_1_544' title='bbox 616 4393 644 4444; x_wconf 93' lang='lat'><strong>6</strong></span> <span class='ocrx_word' id='word_1_545' title='bbox 682 4389 737 4444; x_wconf 83' lang='grc' dir='ltr'>δὲ</span> <span class='ocrx_word' id='word_1_546' title='bbox 773 4389 1106 4463; x_wconf 82' lang='grc' dir='ltr'>βορειότερος</span> <span class='ocrx_word' id='word_1_547' title='bbox 1166 4391 1255 4446; x_wconf 74' lang='grc' dir='ltr'>καὶ</span> <span class='ocrx_word' id='word_1_548' title='bbox 1297 4391 1432 4463; x_wconf 82' lang='grc' dir='ltr'>πρὸς</span> <span class='ocrx_word' id='word_1_549' title='bbox 1459 4390 1559 4455; x_wconf 84' lang='grc' dir='ltr'>τὰς</span> <span class='ocrx_word' id='word_1_550' title='bbox 1593 4391 1828 4466; x_wconf 83' lang='grc' dir='ltr'>ἄρκτους</span> <span class='ocrx_word' id='word_1_551' title='bbox 1864 4391 2028 4445; x_wconf 75' lang='grc' dir='ltr'>αὑτοῦ</span> 
     </span>
    </p>
   </div>
   <div class='ocr_carea' id='block_1_76' title="bbox 454 4468 2103 4557">
    <p class='ocr_par' dir='ltr' id='par_1_76' title="bbox 454 4468 2103 4557">
     <span class='ocr_line' id='line_1_77' title="bbox 454 4468 2103 4557; baseline 0.001 -24"><span class='ocrx_word' id='word_1_552' title='bbox 454 4479 650 4552; x_wconf 79' lang='grc' dir='ltr'><strong>ἀπέχει</strong></span> <span class='ocrx_word' id='word_1_553' title='bbox 688 4480 799 4557; x_wconf 53' lang='grc' dir='ltr'><strong>μοίτ</strong></span> <span class='ocrx_word' id='word_1_554' title='bbox 830 4481 906 4546; x_wconf 88' lang='grc' dir='ltr'>ὡς</span> <span class='ocrx_word' id='word_1_555' title='bbox 935 4479 1159 4551; x_wconf 79' lang='grc' dir='ltr'>ἔγγιστα</span> <span class='ocrx_word' id='word_1_556' title='bbox 1195 4480 1241 4551; x_wconf 82' lang='grc' dir='ltr'><strong>β’</strong></span> <span class='ocrx_word' id='word_1_557' title='bbox 1272 4478 1357 4537; x_wconf 88' lang='lat' dir='ltr'><strong>S&quot;.</strong></span> <span class='ocrx_word' id='word_1_558' title='bbox 1389 4481 1559 4552; x_wconf 80' lang='grc' dir='ltr'>Δῆλον</span> <span class='ocrx_word' id='word_1_559' title='bbox 1596 4470 1708 4542; x_wconf 75' lang='grc' dir='ltr'>οὖν,</span> <span class='ocrx_word' id='word_1_560' title='bbox 1745 4483 1829 4535; x_wconf 80' lang='grc' dir='ltr'>ὅτι</span> <span class='ocrx_word' id='word_1_561' title='bbox 1855 4482 1950 4536; x_wconf 74' lang='grc' dir='ltr'>καὶ</span> <span class='ocrx_word' id='word_1_562' title='bbox 1969 4481 2030 4535; x_wconf 78' lang='grc' dir='ltr'>τὸ</span> <span class='ocrx_word' id='word_1_563' title='bbox 2060 4468 2103 4522; x_wconf 84' lang='grc' dir='ltr'><strong>Ῑ)</strong></span> 
     </span>
    </p>
   </div>
   <div class='ocr_carea' id='block_1_77' title="bbox 456 4572 2027 4650">
    <p class='ocr_par' dir='ltr' id='par_1_77' title="bbox 456 4572 2027 4650">
     <span class='ocr_line' id='line_1_78' title="bbox 456 4572 2027 4650; baseline -0.001 -22"><span class='ocrx_word' id='word_1_564' title='bbox 456 4574 583 4647; x_wconf 74' lang='grc' dir='ltr'>περὶ</span> <span class='ocrx_word' id='word_1_565' title='bbox 604 4573 694 4628; x_wconf 83' lang='grc' dir='ltr'><strong>τὸν</strong></span> <span class='ocrx_word' id='word_1_566' title='bbox 715 4576 987 4648; x_wconf 84' lang='grc' dir='ltr'>Καρκίνον</span> <span class='ocrx_word' id='word_1_567' title='bbox 1005 4574 1313 4646; x_wconf 82' lang='grc' dir='ltr'>συμφώνως</span> <span class='ocrx_word' id='word_1_568' title='bbox 1334 4572 1559 4644; x_wconf 77' lang='grc' dir='ltr'>ἔγγιστα</span> <span class='ocrx_word' id='word_1_569' title='bbox 1583 4573 1890 4629; x_wconf 82' lang='grc' dir='ltr'>ἀποδέδωκε</span> <span class='ocrx_word' id='word_1_570' title='bbox 1912 4577 2027 4650; x_wconf 58' lang='grc' dir='ltr'>τοῖιν</span> 
     </span>
    </p>
   </div>
   <div class='ocr_carea' id='block_1_78' title="bbox 453 4666 814 4738">
    <p class='ocr_par' dir='ltr' id='par_1_78' title="bbox 453 4666 814 4738">
     <span class='ocr_line' id='line_1_79' title="bbox 453 4666 814 4738; baseline -0.006 -17"><span class='ocrx_word' id='word_1_571' title='bbox 453 4666 814 4738; x_wconf 69' lang='grc' dir='ltr'>φαινομένοις.</span> 
     </span>
    </p>
   </div>
   <div class='ocr_carea' id='block_1_79' title="bbox 520 4758 2023 4832">
    <p class='ocr_par' dir='ltr' id='par_1_79' title="bbox 520 4758 2023 4832">
     <span class='ocr_line' id='line_1_80' title="bbox 520 4758 2023 4832; baseline -0.001 -19"><span class='ocrx_word' id='word_1_572' title='bbox 520 4759 851 4832; x_wconf 78' lang='grc' dir='ltr'>Διαληπτέον</span> <span class='ocrx_word' id='word_1_573' title='bbox 882 4758 1063 4831; x_wconf 85' lang='grc' dir='ltr'>μέντοι</span> <span class='ocrx_word' id='word_1_574' title='bbox 1095 4775 1180 4828; x_wconf 85' lang='grc' dir='ltr'>γε,</span> <span class='ocrx_word' id='word_1_575' title='bbox 1227 4760 1309 4813; x_wconf 83' lang='grc' dir='ltr'><strong>ὅτι</strong></span> <span class='ocrx_word' id='word_1_576' title='bbox 1351 4760 1422 4813; x_wconf 77' lang='grc' dir='ltr'>τὰ</span> <span class='ocrx_word' id='word_1_577' title='bbox 1464 4759 1593 4832; x_wconf 78' lang='grc' dir='ltr'>περὶ</span> <span class='ocrx_word' id='word_1_578' title='bbox 1621 4758 1713 4813; x_wconf 77' lang='grc' dir='ltr'>τοῦ</span> <span class='ocrx_word' id='word_1_579' title='bbox 1746 4758 2023 4830; x_wconf 80' lang='grc' dir='ltr'>Καρκίνου</span> 
     </span>
    </p>
   </div>
   <div class='ocr_carea' id='block_1_80' title="bbox 451 4850 2022 4924">
    <p class='ocr_par' dir='ltr' id='par_1_80' title="bbox 451 4850 2022 4924">
     <span class='ocr_line' id='line_1_81' title="bbox 451 4850 2022 4924; baseline -0.002 -16"><span class='ocrx_word' id='word_1_580' title='bbox 451 4853 545 4908; x_wconf 68' lang='grc' dir='ltr'>καὶ</span> <span class='ocrx_word' id='word_1_581' title='bbox 571 4851 666 4906; x_wconf 80' lang='grc' dir='ltr'>τοῦ</span> <span class='ocrx_word' id='word_1_582' title='bbox 694 4851 942 4916; x_wconf 80' lang='grc' dir='ltr'>Λέοντος,</span> <span class='ocrx_word' id='word_1_583' title='bbox 983 4852 1078 4906; x_wconf 72' lang='grc' dir='ltr'><strong>καὶ</strong></span> <span class='ocrx_word' id='word_1_584' title='bbox 1103 4850 1399 4924; x_wconf 80' lang='grc' dir='ltr'>Παρθένον,</span> <span class='ocrx_word' id='word_1_585' title='bbox 1425 4852 1519 4905; x_wconf 73' lang='grc' dir='ltr'><strong>καὶ</strong></span> <span class='ocrx_word' id='word_1_586' title='bbox 1548 4850 1674 4916; x_wconf 75' lang='grc' dir='ltr'>τοὺς</span> <span class='ocrx_word' id='word_1_587' title='bbox 1700 4851 1795 4905; x_wconf 78' lang='grc' dir='ltr'>τοῦ</span> <span class='ocrx_word' id='word_1_588' title='bbox 1821 4852 2022 4907; x_wconf 80' lang='grc' dir='ltr'>Ἵππου</span> 
     </span>
    </p>
   </div>
   <div class='ocr_carea' id='block_1_81' title="bbox 450 4941 2024 5015">
    <p class='ocr_par' dir='ltr' id='par_1_81' title="bbox 450 4941 2024 5015">
     <span class='ocr_line' id='line_1_82' title="bbox 450 4941 2024 5015; baseline -0.003 -15"><span class='ocrx_word' id='word_1_589' title='bbox 450 4945 635 5009; x_wconf 80' lang='grc' dir='ltr'>πόδας,</span> <span class='ocrx_word' id='word_1_590' title='bbox 665 4943 744 4998; x_wconf 80' lang='grc' dir='ltr'>ἔτι</span> <span class='ocrx_word' id='word_1_591' title='bbox 775 4943 832 4998; x_wconf 71' lang='grc' dir='ltr'><strong>δὲ</strong></span> <span class='ocrx_word' id='word_1_592' title='bbox 856 4943 1041 4997; x_wconf 76' lang='grc' dir='ltr'>καὶτὰ</span> <span class='ocrx_word' id='word_1_593' title='bbox 1066 4960 1131 4997; x_wconf 90' lang='grc' dir='ltr'>πε</span> <span class='ocrx_word' id='word_1_594' title='bbox 1142 4943 1194 5014; x_wconf 77' lang='lat' dir='ltr'><strong>pl.</strong></span> <span class='ocrx_word' id='word_1_595' title='bbox 1221 4943 1312 4997; x_wconf 75' lang='grc' dir='ltr'>τὸν</span> <span class='ocrx_word' id='word_1_596' title='bbox 1343 4942 1577 5015; x_wconf 82' lang='grc' dir='ltr'>Περσέα,</span> <span class='ocrx_word' id='word_1_597' title='bbox 1608 4943 1701 4996; x_wconf 78' lang='grc' dir='ltr'>καὶ</span> <span class='ocrx_word' id='word_1_598' title='bbox 1733 4941 1802 4996; x_wconf 78' lang='grc' dir='ltr'>τὰ</span> <span class='ocrx_word' id='word_1_599' title='bbox 1820 4943 2024 5012; x_wconf 87' lang='grc' dir='ltr'>γόνατα</span> 
     </span>
    </p>
   </div>
   <div class='ocr_carea' id='block_1_82' title="bbox 447 5035 2026 5110">
    <p class='ocr_par' dir='ltr' id='par_1_82' title="bbox 447 5035 2026 5110">
     <span class='ocr_line' id='line_1_83' title="bbox 447 5035 2026 5110; baseline -0.001 -18"><span class='ocrx_word' id='word_1_600' title='bbox 447 5038 542 5094; x_wconf 76' lang='grc' dir='ltr'>τοῦ</span> <span class='ocrx_word' id='word_1_601' title='bbox 577 5039 844 5110; x_wconf 83' lang='grc' dir='ltr'>Ἡνιόχου,</span> <span class='ocrx_word' id='word_1_602' title='bbox 867 5036 1078 5102; x_wconf 74' lang='grc' dir='ltr'>καὶτὰς</span> <span class='ocrx_word' id='word_1_603' title='bbox 1098 5035 1340 5107; x_wconf 80' lang='grc' dir='ltr'>κεφαλὰς</span> <span class='ocrx_word' id='word_1_604' title='bbox 1359 5036 1470 5089; x_wconf 87' lang='grc' dir='ltr'><strong>τῶν</strong></span> <span class='ocrx_word' id='word_1_605' title='bbox 1491 5035 1761 5107; x_wconf 82' lang='grc' dir='ltr'>Διδύμων,</span> <span class='ocrx_word' id='word_1_606' title='bbox 1790 5035 1871 5090; x_wconf 74' lang='grc' dir='ltr'><strong>ἔτι</strong></span> <span class='ocrx_word' id='word_1_607' title='bbox 1893 5035 2026 5108; x_wconf 88' lang='grc' dir='ltr'><strong>πρό-</strong></span> 
     </span>
    </p>
   </div>
   <div class='ocr_carea' id='block_1_83' title="bbox 446 5121 2020 5203">
    <p class='ocr_par' dir='ltr' id='par_1_83' title="bbox 446 5121 2020 5203">
     <span class='ocr_line' id='line_1_84' title="bbox 446 5121 2020 5203; baseline -0.003 -19"><span class='ocrx_word' id='word_1_608' title='bbox 446 5148 605 5203; x_wconf 87' lang='grc' dir='ltr'>τερον</span> <span class='ocrx_word' id='word_1_609' title='bbox 644 5130 871 5202; x_wconf 80' lang='grc' dir='ltr'>Ἀράτου</span> <span class='ocrx_word' id='word_1_610' title='bbox 906 5129 1131 5194; x_wconf 79' lang='grc' dir='ltr'>Εὔδοξος</span> <span class='ocrx_word' id='word_1_611' title='bbox 1167 5128 1569 5200; x_wconf 67' lang='grc' dir='ltr'><strong>ἀναγέγραφενΙΙ</strong></span> <span class='ocrx_word' id='word_1_612' title='bbox 1605 5121 1651 5196; x_wconf 85' lang='grc' dir='ltr'><strong>ᾧ</strong></span> <span class='ocrx_word' id='word_1_613' title='bbox 1680 5128 1773 5182; x_wconf 76' lang='grc' dir='ltr'><strong>καὶ</strong></span> <span class='ocrx_word' id='word_1_614' title='bbox 1800 5125 2020 5198; x_wconf 78' lang='grc' dir='ltr'>νομίζο-</span> 
     </span>
    </p>
   </div>
   <div class='ocr_carea' id='block_1_84' title="bbox 451 5220 2023 5292">
    <p class='ocr_par' dir='ltr' id='par_1_84' title="bbox 451 5220 2023 5292">
     <span class='ocr_line' id='line_1_85' title="bbox 451 5220 2023 5292; baseline 0 -19"><span class='ocrx_word' id='word_1_615' title='bbox 451 5237 550 5292; x_wconf 78' lang='grc' dir='ltr'><strong>μεν</strong></span> <span class='ocrx_word' id='word_1_616' title='bbox 581 5221 1112 5292; x_wconf 75' lang='grc' dir='ltr'>κατηκολούθηκέναι</span> <span class='ocrx_word' id='word_1_617' title='bbox 1156 5220 1249 5275; x_wconf 80' lang='grc' dir='ltr'><strong>τὸν</strong></span> <span class='ocrx_word' id='word_1_618' title='bbox 1290 5221 1545 5292; x_wconf 81' lang='grc' dir='ltr'>Ἀρατον.</span> <span class='ocrx_word' id='word_1_619' title='bbox 1588 5220 1695 5274; x_wconf 81' lang='grc' dir='ltr'>Τοῦ</span> <span class='ocrx_word' id='word_1_620' title='bbox 1739 5220 1920 5291; x_wconf 87' lang='grc' dir='ltr'>μέντοι</span> <span class='ocrx_word' id='word_1_621' title='bbox 1957 5236 2023 5288; x_wconf 85' lang='grc' dir='ltr'>γε</span> 
     </span>
    </p>
   </div>
   <div class='ocr_carea' id='block_1_85' title="bbox 460 5309 2020 5386">
    <p class='ocr_par' dir='ltr' id='par_1_85' title="bbox 460 5309 2020 5386">
     <span class='ocr_line' id='line_1_86' title="bbox 460 5309 2020 5386; baseline -0.003 -18"><span class='ocrx_word' id='word_1_622' title='bbox 460 5314 744 5384; x_wconf 74' lang='grc' dir='ltr'>Ὀφιοὺχου</span> <span class='ocrx_word' id='word_1_623' title='bbox 771 5315 870 5386; x_wconf 80' lang='grc' dir='ltr'>τὴν</span> <span class='ocrx_word' id='word_1_624' title='bbox 897 5312 1158 5385; x_wconf 86' lang='grc' dir='ltr'>κεφαλὴν,</span> <span class='ocrx_word' id='word_1_625' title='bbox 1192 5314 1284 5367; x_wconf 72' lang='grc' dir='ltr'>καὶ</span> <span class='ocrx_word' id='word_1_626' title='bbox 1321 5312 1442 5383; x_wconf 62' lang='grc' dir='ltr'>οὐχὶ</span> <span class='ocrx_word' id='word_1_627' title='bbox 1475 5313 1601 5376; x_wconf 74' lang='grc' dir='ltr'>τοὺς</span> <span class='ocrx_word' id='word_1_628' title='bbox 1633 5309 1816 5382; x_wconf 75' lang='grc' dir='ltr'>ὤμους</span> <span class='ocrx_word' id='word_1_629' title='bbox 1855 5312 2020 5383; x_wconf 71' lang='grc' dir='ltr'>φησιν</span> 
     </span>
    </p>
   </div>
   <div class='ocr_carea' id='block_1_86' title="bbox 445 5402 2020 5479">
    <p class='ocr_par' dir='ltr' id='par_1_86' title="bbox 445 5402 2020 5479">
     <span class='ocr_line' id='line_1_87' title="bbox 445 5402 2020 5479; baseline 0 -22"><span class='ocrx_word' id='word_1_630' title='bbox 445 5402 672 5470; x_wconf 75' lang='grc' dir='ltr'>Εὔδοξος</span> <span class='ocrx_word' id='word_1_631' title='bbox 697 5405 789 5459; x_wconf 79' lang='grc' dir='ltr'><strong>ἐπὶ</strong></span> <span class='ocrx_word' id='word_1_632' title='bbox 822 5404 914 5459; x_wconf 81' lang='grc' dir='ltr'>τοῦ</span> <span class='ocrx_word' id='word_1_633' title='bbox 942 5405 1204 5477; x_wconf 84' lang='grc' dir='ltr'>τροπικοῦ</span> <span class='ocrx_word' id='word_1_634' title='bbox 1229 5405 1459 5460; x_wconf 82' lang='grc' dir='ltr'>κεῖσθαι·</span> <span class='ocrx_word' id='word_1_635' title='bbox 1482 5407 1619 5479; x_wconf 85' lang='grc' dir='ltr'>ὅπερ</span> <span class='ocrx_word' id='word_1_636' title='bbox 1651 5406 1770 5460; x_wconf 75' lang='grc' dir='ltr'>ἐστὶ</span> <span class='ocrx_word' id='word_1_637' title='bbox 1806 5405 1902 5477; x_wconf 80' lang='grc' dir='ltr'><strong>μὲν</strong></span> <span class='ocrx_word' id='word_1_638' title='bbox 1925 5404 2020 5465; x_wconf 76' lang='grc' dir='ltr'><strong>καὶ</strong></span> 
     </span>
    </p>
   </div>
   <div class='ocr_carea' id='block_1_87' title="bbox 444 5495 2017 5571">
    <p class='ocr_par' dir='ltr' id='par_1_87' title="bbox 444 5495 2017 5571">
     <span class='ocr_line' id='line_1_88' title="bbox 444 5495 2017 5571; baseline 0.003 -23"><span class='ocrx_word' id='word_1_639' title='bbox 444 5495 578 5551; x_wconf 77' lang='grc' dir='ltr'>αύτδ</span> <span class='ocrx_word' id='word_1_640' title='bbox 601 5496 813 5568; x_wconf 53' lang='grc' dir='ltr'>ψεῦδος*</span> <span class='ocrx_word' id='word_1_641' title='bbox 844 5496 1149 5567; x_wconf 77' lang='grc' dir='ltr'>συνεγγίξει</span> <span class='ocrx_word' id='word_1_642' title='bbox 1173 5497 1356 5564; x_wconf 84' lang='grc' dir='ltr'>μέντοι</span> <span class='ocrx_word' id='word_1_643' title='bbox 1380 5498 1460 5570; x_wconf 85' lang='grc' dir='ltr'>τῷ</span> <span class='ocrx_word' id='word_1_644' title='bbox 1480 5498 1724 5571; x_wconf 80' lang='grc' dir='ltr'>τροπικῷ</span> <span class='ocrx_word' id='word_1_645' title='bbox 1745 5501 1779 5570; x_wconf 83' lang='grc' dir='ltr'><strong>ἡ</strong></span> <span class='ocrx_word' id='word_1_646' title='bbox 1805 5498 2017 5571; x_wconf 80' lang='grc' dir='ltr'>κεφαλὴ</span> 
     </span>
    </p>
   </div>
   <div class='ocr_carea' id='block_1_88' title="bbox 448 5580 2018 5660">
    <p class='ocr_par' dir='ltr' id='par_1_88' title="bbox 448 5580 2018 5660">
     <span class='ocr_line' id='line_1_89' title="bbox 448 5580 2018 5660; baseline 0.001 -21"><span class='ocrx_word' id='word_1_647' title='bbox 448 5585 649 5656; x_wconf 78' lang='grc' dir='ltr'>μᾶλλον</span> <span class='ocrx_word' id='word_1_648' title='bbox 678 5584 712 5657; x_wconf 77' lang='grc' dir='ltr'>ἢ</span> <span class='ocrx_word' id='word_1_649' title='bbox 745 5580 904 5659; x_wconf 81' lang='grc' dir='ltr'>ὦμοι·</span> <span class='ocrx_word' id='word_1_650' title='bbox 932 5585 1228 5660; x_wconf 80' lang='grc' dir='ltr'>νοτιωτέρα</span> <span class='ocrx_word' id='word_1_651' title='bbox 1256 5586 1366 5658; x_wconf 83' lang='grc' dir='ltr'><strong>γάρ</strong></span> <span class='ocrx_word' id='word_1_652' title='bbox 1403 5588 1520 5642; x_wconf 73' lang='grc' dir='ltr'>ἐστι</span> <span class='ocrx_word' id='word_1_653' title='bbox 1554 5586 1648 5643; x_wconf 83' lang='grc' dir='ltr'>τοῦ</span> <span class='ocrx_word' id='word_1_654' title='bbox 1679 5587 1891 5660; x_wconf 84' lang='grc' dir='ltr'>θερινοῦ</span> <span class='ocrx_word' id='word_1_655' title='bbox 1922 5587 2018 5649; x_wconf 75' lang='grc' dir='ltr'>τοῦ</span> 
     </span>
    </p>
   </div>
   <div class='ocr_carea' id='block_1_89' title="bbox 518 5761 1356 5834">
    <p class='ocr_par' dir='ltr' id='par_1_89' title="bbox 518 5761 1356 5834">
     <span class='ocr_line' id='line_1_90' title="bbox 518 5761 1356 5834; baseline 0.004 -18"><span class='ocrx_word' id='word_1_656' title='bbox 518 5761 563 5794; x_wconf 77' lang='grc'><strong>⁸⁸</strong></span> <span class='ocrx_word' id='word_1_657' title='bbox 590 5762 709 5834; x_wconf 75' lang='lat' dir='ltr'><strong>Reg.</strong></span> <span class='ocrx_word' id='word_1_658' title='bbox 749 5765 841 5819; x_wconf 75' lang='grc' dir='ltr'><strong>καὶ</strong></span> <span class='ocrx_word' id='word_1_659' title='bbox 867 5771 935 5821; x_wconf 82' lang='grc' dir='ltr'><strong>κ’.</strong></span> <span class='ocrx_word' id='word_1_660' title='bbox 1012 5765 1057 5803; x_wconf 67' lang='grc'><strong>⁸⁸</strong></span> <span class='ocrx_word' id='word_1_661' title='bbox 1079 5782 1167 5834; x_wconf 70' lang='grc' dir='ltr'><strong>γρ.</strong></span> <span class='ocrx_word' id='word_1_662' title='bbox 1205 5772 1274 5831; x_wconf 89' lang='grc' dir='ltr'>α’,</span> <span class='ocrx_word' id='word_1_663' title='bbox 1306 5762 1356 5819; x_wconf 86' lang='grc' dir='ltr'><strong>ι’.</strong></span> 
     </span>
    </p>
   </div>
   <div class='ocr_carea' id='block_1_90' title="bbox 2137 3207 3701 3288">
    <p class='ocr_par' dir='ltr' id='par_1_90' title="bbox 2137 3207 3701 3288">
     <span class='ocr_line' id='line_1_91' title="bbox 2137 3207 3701 3288; baseline -0.008 -15"><span class='ocrx_word' id='word_1_664' title='bbox 2137 3218 2261 3288; x_wconf 82' lang='lat' dir='ltr'><strong>pice</strong></span> <span class='ocrx_word' id='word_1_665' title='bbox 2282 3217 2492 3279; x_wconf 76' lang='lat' dir='ltr'><strong>:nstivo,</strong></span> <span class='ocrx_word' id='word_1_666' title='bbox 2526 3223 2639 3268; x_wconf 91' lang='lat' dir='ltr'><strong>tum</strong></span> <span class='ocrx_word' id='word_1_667' title='bbox 2675 3229 2742 3269; x_wconf 83' lang='lat' dir='ltr'><strong>ex</strong></span> <span class='ocrx_word' id='word_1_668' title='bbox 2771 3212 2839 3268; x_wconf 90' lang='lat' dir='ltr'><strong>iis</strong></span> <span class='ocrx_word' id='word_1_669' title='bbox 2868 3226 2989 3282; x_wconf 57' lang='lat' dir='ltr'><strong>quae</strong></span> <span class='ocrx_word' id='word_1_670' title='bbox 3014 3210 3081 3264; x_wconf 85' lang='lat' dir='ltr'><strong>ad</strong></span> <span class='ocrx_word' id='word_1_671' title='bbox 3113 3208 3340 3272; x_wconf 81' lang='lat' dir='ltr'><strong>femora,</strong></span> <span class='ocrx_word' id='word_1_672' title='bbox 3372 3222 3603 3278; x_wconf 65' lang='lat' dir='ltr'><strong>quaeque</strong></span> <span class='ocrx_word' id='word_1_673' title='bbox 3643 3207 3701 3262; x_wconf 91' lang='lat' dir='ltr'><strong>in</strong></span> 
     </span>
    </p>
   </div>
   <div class='ocr_carea' id='block_1_91' title="bbox 2138 3299 3712 3375">
    <p class='ocr_par' dir='ltr' id='par_1_91' title="bbox 2138 3299 3712 3375">
     <span class='ocr_line' id='line_1_92' title="bbox 2138 3299 3712 3375; baseline -0.005 -11"><span class='ocrx_word' id='word_1_674' title='bbox 2138 3307 2339 3364; x_wconf 90' lang='lat' dir='ltr'><strong>Leonis</strong></span> <span class='ocrx_word' id='word_1_675' title='bbox 2367 3308 2623 3363; x_wconf 89' lang='lat' dir='ltr'><strong>cruribus</strong></span> <span class='ocrx_word' id='word_1_676' title='bbox 2655 3312 2783 3362; x_wconf 92' lang='lat' dir='ltr'><strong>sunt</strong></span> <span class='ocrx_word' id='word_1_677' title='bbox 2810 3312 3046 3375; x_wconf 82' lang='lat' dir='ltr'><strong>quatuor</strong></span> <span class='ocrx_word' id='word_1_678' title='bbox 3066 3302 3293 3368; x_wconf 59' lang='lat' dir='ltr'><strong>lucida;</strong></span> <span class='ocrx_word' id='word_1_679' title='bbox 3324 3299 3563 3358; x_wconf 83' lang='lat' dir='ltr'><strong>secunda</strong></span> <span class='ocrx_word' id='word_1_680' title='bbox 3588 3299 3712 3370; x_wconf 78' lang='lat' dir='ltr'><strong>qui-</strong></span> 
     </span>
    </p>
   </div>
   <div class='ocr_carea' id='block_1_92' title="bbox 2137 3391 3710 3469">
    <p class='ocr_par' dir='ltr' id='par_1_92' title="bbox 2137 3391 3710 3469">
     <span class='ocr_line' id='line_1_93' title="bbox 2137 3391 3710 3469; baseline -0.006 -14"><span class='ocrx_word' id='word_1_681' title='bbox 2137 3399 2260 3455; x_wconf 91' lang='lat' dir='ltr'><strong>dem</strong></span> <span class='ocrx_word' id='word_1_682' title='bbox 2296 3415 2326 3453; x_wconf 89' lang='lat' dir='ltr'><strong>a</strong></span> <span class='ocrx_word' id='word_1_683' title='bbox 2356 3398 2725 3469; x_wconf 88' lang='lat' dir='ltr'><strong>septentrione</strong></span> <span class='ocrx_word' id='word_1_684' title='bbox 2775 3396 2829 3450; x_wconf 91' lang='lat' dir='ltr'><strong>in</strong></span> <span class='ocrx_word' id='word_1_685' title='bbox 2877 3394 3177 3450; x_wconf 81' lang='lat' dir='ltr'><strong>femoribus</strong></span> <span class='ocrx_word' id='word_1_686' title='bbox 3227 3394 3405 3464; x_wconf 87' lang='lat' dir='ltr'><strong>posita</strong></span> <span class='ocrx_word' id='word_1_687' title='bbox 3439 3391 3710 3447; x_wconf 85' lang='lat' dir='ltr'><strong>borcalior</strong></span> 
     </span>
    </p>
   </div>
   <div class='ocr_carea' id='block_1_93' title="bbox 2135 3481 3706 3561">
    <p class='ocr_par' dir='ltr' id='par_1_93' title="bbox 2135 3481 3706 3561">
     <span class='ocr_line' id='line_1_94' title="bbox 2135 3481 3706 3561; baseline -0.009 -12"><span class='ocrx_word' id='word_1_688' title='bbox 2135 3500 2220 3549; x_wconf 85' lang='lat' dir='ltr'><strong>est</strong></span> <span class='ocrx_word' id='word_1_689' title='bbox 2248 3491 2490 3561; x_wconf 82' lang='lat' dir='ltr'><strong>tropico;</strong></span> <span class='ocrx_word' id='word_1_690' title='bbox 2517 3491 2676 3545; x_wconf 87' lang='lat' dir='ltr'><strong>tertia</strong></span> <span class='ocrx_word' id='word_1_691' title='bbox 2700 3504 2849 3551; x_wconf 74' lang='lat' dir='ltr'><strong>vero,</strong></span> <span class='ocrx_word' id='word_1_692' title='bbox 2878 3503 2999 3558; x_wconf 63' lang='lat' dir='ltr'><strong>quae</strong></span> <span class='ocrx_word' id='word_1_693' title='bbox 3030 3493 3115 3541; x_wconf 84' lang='lat' dir='ltr'><strong>est</strong></span> <span class='ocrx_word' id='word_1_694' title='bbox 3138 3486 3192 3539; x_wconf 92' lang='lat' dir='ltr'><strong>in</strong></span> <span class='ocrx_word' id='word_1_695' title='bbox 3219 3484 3493 3547; x_wconf 81' lang='lat' dir='ltr'><strong>cruribus,</strong></span> <span class='ocrx_word' id='word_1_696' title='bbox 3516 3481 3706 3538; x_wconf 87' lang='lat' dir='ltr'><strong>eodem</strong></span> 
     </span>
    </p>
   </div>
   <div class='ocr_carea' id='block_1_94' title="bbox 2136 3572 3709 3652">
    <p class='ocr_par' dir='ltr' id='par_1_94' title="bbox 2136 3572 3709 3652">
     <span class='ocr_line' id='line_1_95' title="bbox 2136 3572 3709 3652; baseline -0.006 -15"><span class='ocrx_word' id='word_1_697' title='bbox 2136 3582 2345 3652; x_wconf 80' lang='lat' dir='ltr'><strong>trepico</strong></span> <span class='ocrx_word' id='word_1_698' title='bbox 2366 3591 2449 3636; x_wconf 90' lang='lat' dir='ltr'><strong>est</strong></span> <span class='ocrx_word' id='word_1_699' title='bbox 2476 3580 2787 3634; x_wconf 86' lang='lat' dir='ltr'><strong>australior.</strong></span> <span class='ocrx_word' id='word_1_700' title='bbox 2821 3575 2959 3631; x_wconf 88' lang='lat' dir='ltr'><strong>Hinc</strong></span> <span class='ocrx_word' id='word_1_701' title='bbox 2982 3574 3206 3632; x_wconf 79' lang='lat' dir='ltr'><strong>evidens</strong></span> <span class='ocrx_word' id='word_1_702' title='bbox 3231 3583 3316 3629; x_wconf 91' lang='lat' dir='ltr'><strong>est</strong></span> <span class='ocrx_word' id='word_1_703' title='bbox 3344 3572 3580 3628; x_wconf 87' lang='lat' dir='ltr'><strong>Leonem</strong></span> <span class='ocrx_word' id='word_1_704' title='bbox 3619 3587 3709 3628; x_wconf 86' lang='lat' dir='ltr'><strong>se-</strong></span> 
     </span>
    </p>
   </div>
   <div class='ocr_carea' id='block_1_95' title="bbox 2135 3666 3704 3742">
    <p class='ocr_par' dir='ltr' id='par_1_95' title="bbox 2135 3666 3704 3742">
     <span class='ocr_line' id='line_1_96' title="bbox 2135 3666 3704 3742; baseline -0.008 -14"><span class='ocrx_word' id='word_1_705' title='bbox 2135 3673 2373 3728; x_wconf 89' lang='lat' dir='ltr'><strong>cundum</strong></span> <span class='ocrx_word' id='word_1_706' title='bbox 2398 3672 2791 3742; x_wconf 76' lang='lat' dir='ltr'><strong>longitudinem</strong></span> <span class='ocrx_word' id='word_1_707' title='bbox 2827 3669 2896 3723; x_wconf 90' lang='lat' dir='ltr'><strong>ab</strong></span> <span class='ocrx_word' id='word_1_708' title='bbox 2926 3668 3020 3723; x_wconf 90' lang='lat' dir='ltr'><strong>illo</strong></span> <span class='ocrx_word' id='word_1_709' title='bbox 3051 3666 3261 3722; x_wconf 88' lang='lat' dir='ltr'><strong>circulo</strong></span> <span class='ocrx_word' id='word_1_710' title='bbox 3296 3666 3400 3721; x_wconf 91' lang='lat' dir='ltr'><strong>sub</strong></span> <span class='ocrx_word' id='word_1_711' title='bbox 3449 3671 3704 3735; x_wconf 85' lang='lat' dir='ltr'><strong>pectore,</strong></span> 
     </span>
    </p>
   </div>
   <div class='ocr_carea' id='block_1_96' title="bbox 2136 3754 3708 3838">
    <p class='ocr_par' dir='ltr' id='par_1_96' title="bbox 2136 3754 3708 3838">
     <span class='ocr_line' id='line_1_97' title="bbox 2136 3754 3708 3838; baseline -0.006 -15"><span class='ocrx_word' id='word_1_712' title='bbox 2136 3769 2409 3838; x_wconf 88' lang='lat' dir='ltr'><strong>ilibusque</strong></span> <span class='ocrx_word' id='word_1_713' title='bbox 2443 3765 2630 3821; x_wconf 82' lang='lat' dir='ltr'><strong>dividi.</strong></span> <span class='ocrx_word' id='word_1_714' title='bbox 2687 3764 2954 3821; x_wconf 63' lang='lat' dir='ltr'><strong>(holerum</strong></span> <span class='ocrx_word' id='word_1_715' title='bbox 3007 3761 3075 3817; x_wconf 90' lang='lat' dir='ltr'><strong>de</strong></span> <span class='ocrx_word' id='word_1_716' title='bbox 3124 3768 3361 3830; x_wconf 87' lang='lat' dir='ltr'><strong>quatuor</strong></span> <span class='ocrx_word' id='word_1_717' title='bbox 3410 3758 3479 3813; x_wconf 89' lang='lat' dir='ltr'><strong>iis</strong></span> <span class='ocrx_word' id='word_1_718' title='bbox 3533 3754 3708 3813; x_wconf 83' lang='lat' dir='ltr'><strong>stellis</strong></span> 
     </span>
    </p>
   </div>
   <div class='ocr_carea' id='block_1_97' title="bbox 2133 3849 3707 3931">
    <p class='ocr_par' dir='ltr' id='par_1_97' title="bbox 2133 3849 3707 3931">
     <span class='ocr_line' id='line_1_98' title="bbox 2133 3849 3707 3931; baseline -0.009 -17"><span class='ocrx_word' id='word_1_719' title='bbox 2133 3874 2256 3931; x_wconf 65' lang='lat' dir='ltr'><strong>quae</strong></span> <span class='ocrx_word' id='word_1_720' title='bbox 2292 3865 2420 3913; x_wconf 85' lang='lat' dir='ltr'><strong>sunt</strong></span> <span class='ocrx_word' id='word_1_721' title='bbox 2445 3857 2501 3911; x_wconf 92' lang='lat' dir='ltr'><strong>in</strong></span> <span class='ocrx_word' id='word_1_722' title='bbox 2528 3856 2743 3911; x_wconf 83' lang='lat' dir='ltr'><strong>Cancro</strong></span> <span class='ocrx_word' id='word_1_723' title='bbox 2787 3854 2933 3909; x_wconf 82' lang='lat' dir='ltr'><strong>circa</strong></span> <span class='ocrx_word' id='word_1_724' title='bbox 2964 3852 3288 3908; x_wconf 87' lang='lat' dir='ltr'><strong>nubeculam</strong></span> <span class='ocrx_word' id='word_1_725' title='bbox 3312 3891 3327 3915; x_wconf 91' lang='lat'><strong>,</strong></span> <span class='ocrx_word' id='word_1_726' title='bbox 3360 3849 3467 3904; x_wconf 79' lang='lat' dir='ltr'><strong>alia</strong></span> <span class='ocrx_word' id='word_1_727' title='bbox 3498 3855 3582 3904; x_wconf 86' lang='lat' dir='ltr'><strong>est</strong></span> <span class='ocrx_word' id='word_1_728' title='bbox 3605 3863 3707 3904; x_wconf 73' lang='lat' dir='ltr'><strong>nu-</strong></span> 
     </span>
    </p>
   </div>
   <div class='ocr_carea' id='block_1_98' title="bbox 2135 3942 3707 4019">
    <p class='ocr_par' dir='ltr' id='par_1_98' title="bbox 2135 3942 3707 4019">
     <span class='ocr_line' id='line_1_99' title="bbox 2135 3942 3707 4019; baseline -0.009 -11"><span class='ocrx_word' id='word_1_729' title='bbox 2135 3950 2359 4008; x_wconf 83' lang='lat' dir='ltr'><strong>stralior</strong></span> <span class='ocrx_word' id='word_1_730' title='bbox 2413 3948 2627 4019; x_wconf 88' lang='lat' dir='ltr'><strong>tropico</strong></span> <span class='ocrx_word' id='word_1_731' title='bbox 2666 3961 2775 4001; x_wconf 88' lang='lat' dir='ltr'><strong>non</strong></span> <span class='ocrx_word' id='word_1_732' title='bbox 2815 3946 2997 4000; x_wconf 88' lang='lat' dir='ltr'><strong>minus</strong></span> <span class='ocrx_word' id='word_1_733' title='bbox 3035 3951 3191 4014; x_wconf 86' lang='lat' dir='ltr'><strong>parte</strong></span> <span class='ocrx_word' id='word_1_734' title='bbox 3222 3942 3293 4009; x_wconf 86' lang='grc'><strong>1;</strong></span> <span class='ocrx_word' id='word_1_735' title='bbox 3355 3955 3478 4011; x_wconf 66' lang='lat' dir='ltr'><strong>qua;</strong></span> <span class='ocrx_word' id='word_1_736' title='bbox 3524 3946 3707 3994; x_wconf 86' lang='lat' dir='ltr'><strong>autem</strong></span> 
     </span>
    </p>
   </div>
   <div class='ocr_carea' id='block_1_99' title="bbox 2135 4030 3708 4109">
    <p class='ocr_par' dir='ltr' id='par_1_99' title="bbox 2135 4030 3708 4109">
     <span class='ocr_line' id='line_1_100' title="bbox 2135 4030 3708 4109; baseline -0.011 -9"><span class='ocrx_word' id='word_1_737' title='bbox 2135 4044 2409 4101; x_wconf 88' lang='lat' dir='ltr'><strong>borealior</strong></span> <span class='ocrx_word' id='word_1_738' title='bbox 2438 4050 2522 4097; x_wconf 90' lang='lat' dir='ltr'><strong>est</strong></span> <span class='ocrx_word' id='word_1_739' title='bbox 2550 4040 2898 4103; x_wconf 86' lang='lat' dir='ltr'><strong>earumdem,</strong></span> <span class='ocrx_word' id='word_1_740' title='bbox 2951 4037 3163 4109; x_wconf 88' lang='lat' dir='ltr'><strong>tropico</strong></span> <span class='ocrx_word' id='word_1_741' title='bbox 3193 4033 3401 4091; x_wconf 90' lang='lat' dir='ltr'><strong>circulo</strong></span> <span class='ocrx_word' id='word_1_742' title='bbox 3435 4030 3708 4088; x_wconf 85' lang='lat' dir='ltr'><strong>borealior</strong></span> 
     </span>
    </p>
   </div>
   <div class='ocr_carea' id='block_1_100' title="bbox 2133 4120 3707 4199">
    <p class='ocr_par' dir='ltr' id='par_1_100' title="bbox 2133 4120 3707 4199">
     <span class='ocr_line' id='line_1_101' title="bbox 2133 4120 3707 4199; baseline -0.006 -13"><span class='ocrx_word' id='word_1_743' title='bbox 2133 4138 2218 4186; x_wconf 90' lang='lat' dir='ltr'><strong>est</strong></span> <span class='ocrx_word' id='word_1_744' title='bbox 2257 4131 2438 4185; x_wconf 91' lang='lat' dir='ltr'><strong>minus</strong></span> <span class='ocrx_word' id='word_1_745' title='bbox 2463 4136 2618 4199; x_wconf 85' lang='lat' dir='ltr'><strong>parte</strong></span> <span class='ocrx_word' id='word_1_746' title='bbox 2643 4127 2669 4181; x_wconf 80' lang='grc'><strong>1</strong></span> <span class='ocrx_word' id='word_1_747' title='bbox 2701 4145 2716 4195; x_wconf 89' lang='grc'>;</span> <span class='ocrx_word' id='word_1_748' title='bbox 2748 4127 3032 4183; x_wconf 80' lang='lat' dir='ltr'><strong>ambarum</strong></span> <span class='ocrx_word' id='word_1_749' title='bbox 3060 4139 3212 4187; x_wconf 80' lang='lat' dir='ltr'><strong>vero,</strong></span> <span class='ocrx_word' id='word_1_750' title='bbox 3245 4138 3366 4194; x_wconf 68' lang='lat' dir='ltr'><strong>qua:</strong></span> <span class='ocrx_word' id='word_1_751' title='bbox 3397 4122 3467 4178; x_wconf 83' lang='lat' dir='ltr'><strong>ab</strong></span> <span class='ocrx_word' id='word_1_752' title='bbox 3494 4120 3707 4177; x_wconf 87' lang='lat' dir='ltr'><strong>oriente</strong></span> 
     </span>
    </p>
   </div>
   <div class='ocr_carea' id='block_1_101' title="bbox 2133 4214 3706 4285">
    <p class='ocr_par' dir='ltr' id='par_1_101' title="bbox 2133 4214 3706 4285">
     <span class='ocr_line' id='line_1_102' title="bbox 2133 4214 3706 4285; baseline -0.006 -8"><span class='ocrx_word' id='word_1_753' title='bbox 2133 4225 2281 4278; x_wconf 88' lang='lat' dir='ltr'><strong>circa</strong></span> <span class='ocrx_word' id='word_1_754' title='bbox 2315 4221 2641 4276; x_wconf 85' lang='lat' dir='ltr'><strong>nubeculam</strong></span> <span class='ocrx_word' id='word_1_755' title='bbox 2681 4220 2799 4275; x_wconf 78' lang='lat' dir='ltr'><strong>sitae</strong></span> <span class='ocrx_word' id='word_1_756' title='bbox 2832 4227 2981 4283; x_wconf 85' lang='lat' dir='ltr'><strong>sunt,</strong></span> <span class='ocrx_word' id='word_1_757' title='bbox 3011 4217 3304 4271; x_wconf 85' lang='lat' dir='ltr'><strong>australior</strong></span> <span class='ocrx_word' id='word_1_758' title='bbox 3341 4214 3396 4269; x_wconf 93' lang='lat' dir='ltr'><strong>in</strong></span> <span class='ocrx_word' id='word_1_759' title='bbox 3439 4215 3557 4285; x_wconf 89' lang='lat' dir='ltr'><strong>ipso</strong></span> <span class='ocrx_word' id='word_1_760' title='bbox 3580 4227 3706 4285; x_wconf 80' lang='lat' dir='ltr'><strong>pro-</strong></span> 
     </span>
    </p>
   </div>
   <div class='ocr_carea' id='block_1_102' title="bbox 2133 4304 3707 4385">
    <p class='ocr_par' dir='ltr' id='par_1_102' title="bbox 2133 4304 3707 4385">
     <span class='ocr_line' id='line_1_103' title="bbox 2133 4304 3707 4385; baseline -0.005 -16"><span class='ocrx_word' id='word_1_761' title='bbox 2133 4330 2199 4385; x_wconf 85' lang='lat' dir='ltr'><strong>pe</strong></span> <span class='ocrx_word' id='word_1_762' title='bbox 2220 4315 2433 4385; x_wconf 89' lang='lat' dir='ltr'><strong>tropico</strong></span> <span class='ocrx_word' id='word_1_763' title='bbox 2462 4312 2729 4369; x_wconf 86' lang='lat' dir='ltr'><strong>collocata</strong></span> <span class='ocrx_word' id='word_1_764' title='bbox 2752 4318 2870 4377; x_wconf 88' lang='lat' dir='ltr'><strong>est;</strong></span> <span class='ocrx_word' id='word_1_765' title='bbox 2897 4310 3171 4366; x_wconf 83' lang='lat' dir='ltr'><strong>borealior</strong></span> <span class='ocrx_word' id='word_1_766' title='bbox 3200 4315 3403 4371; x_wconf 85' lang='lat' dir='ltr'><strong>autem,</strong></span> <span class='ocrx_word' id='word_1_767' title='bbox 3438 4314 3493 4361; x_wconf 89' lang='lat' dir='ltr'><strong>et</strong></span> <span class='ocrx_word' id='word_1_768' title='bbox 3522 4304 3588 4359; x_wconf 86' lang='lat' dir='ltr'><strong>ad</strong></span> <span class='ocrx_word' id='word_1_769' title='bbox 3620 4320 3707 4361; x_wconf 87' lang='lat' dir='ltr'><strong>se-</strong></span> 
     </span>
    </p>
   </div>
   <div class='ocr_carea' id='block_1_103' title="bbox 2133 4395 3705 4476">
    <p class='ocr_par' dir='ltr' id='par_1_103' title="bbox 2133 4395 3705 4476">
     <span class='ocr_line' id='line_1_104' title="bbox 2133 4395 3705 4476; baseline -0.005 -15"><span class='ocrx_word' id='word_1_770' title='bbox 2133 4406 2469 4476; x_wconf 87' lang='lat' dir='ltr'><strong>ptentriones</strong></span> <span class='ocrx_word' id='word_1_771' title='bbox 2510 4417 2740 4474; x_wconf 76' lang='lat' dir='ltr'><strong>vergens</strong></span> <span class='ocrx_word' id='word_1_772' title='bbox 2769 4403 2925 4457; x_wconf 88' lang='lat' dir='ltr'><strong>abest</strong></span> <span class='ocrx_word' id='word_1_773' title='bbox 2970 4402 3040 4456; x_wconf 85' lang='lat' dir='ltr'><strong>ab</strong></span> <span class='ocrx_word' id='word_1_774' title='bbox 3066 4400 3256 4456; x_wconf 89' lang='lat' dir='ltr'><strong>eodem</strong></span> <span class='ocrx_word' id='word_1_775' title='bbox 3310 4398 3561 4470; x_wconf 84' lang='lat' dir='ltr'><strong>partibus</strong></span> <span class='ocrx_word' id='word_1_776' title='bbox 3591 4395 3705 4453; x_wconf 79' lang='lat' dir='ltr'><strong>fere</strong></span> 
     </span>
    </p>
   </div>
   <div class='ocr_carea' id='block_1_104' title="bbox 2133 4488 3703 4567">
    <p class='ocr_par' dir='ltr' id='par_1_104' title="bbox 2133 4488 3703 4567">
     <span class='ocr_line' id='line_1_105' title="bbox 2133 4488 3703 4567; baseline -0.006 -15"><span class='ocrx_word' id='word_1_777' title='bbox 2133 4497 2319 4567; x_wconf 69' lang='lat'><strong>21/2.</strong></span> <span class='ocrx_word' id='word_1_778' title='bbox 2352 4496 2546 4566; x_wconf 87' lang='lat' dir='ltr'><strong>Liquet</strong></span> <span class='ocrx_word' id='word_1_779' title='bbox 2577 4509 2706 4565; x_wconf 79' lang='lat' dir='ltr'><strong>ergo</strong></span> <span class='ocrx_word' id='word_1_780' title='bbox 2727 4509 2848 4565; x_wconf 64' lang='lat' dir='ltr'><strong>quae</strong></span> <span class='ocrx_word' id='word_1_781' title='bbox 2863 4494 2931 4549; x_wconf 93' lang='lat' dir='ltr'><strong>de</strong></span> <span class='ocrx_word' id='word_1_782' title='bbox 2956 4492 3169 4548; x_wconf 87' lang='lat' dir='ltr'><strong>Cancro</strong></span> <span class='ocrx_word' id='word_1_783' title='bbox 3210 4507 3240 4545; x_wconf 78' lang='grc' dir='ltr'><strong>ιι</strong></span> <span class='ocrx_word' id='word_1_784' title='bbox 3286 4499 3445 4563; x_wconf 85' lang='lat' dir='ltr'><strong>poeta</strong></span> <span class='ocrx_word' id='word_1_785' title='bbox 3491 4488 3703 4559; x_wconf 87' lang='lat' dir='ltr'><strong>prodita</strong></span> 
     </span>
    </p>
   </div>
   <div class='ocr_carea' id='block_1_105' title="bbox 2132 4582 3704 4660">
    <p class='ocr_par' dir='ltr' id='par_1_105' title="bbox 2132 4582 3704 4660">
     <span class='ocr_line' id='line_1_106' title="bbox 2132 4582 3704 4660; baseline -0.004 -15"><span class='ocrx_word' id='word_1_786' title='bbox 2132 4597 2281 4654; x_wconf 89' lang='lat' dir='ltr'><strong>sunt,</strong></span> <span class='ocrx_word' id='word_1_787' title='bbox 2310 4604 2473 4660; x_wconf 86' lang='lat' dir='ltr'><strong>quam</strong></span> <span class='ocrx_word' id='word_1_788' title='bbox 2518 4588 2766 4659; x_wconf 76' lang='lat' dir='ltr'><strong>proxime</strong></span> <span class='ocrx_word' id='word_1_789' title='bbox 2797 4586 2867 4641; x_wconf 88' lang='lat' dir='ltr'><strong>ad</strong></span> <span class='ocrx_word' id='word_1_790' title='bbox 2911 4584 3293 4657; x_wconf 84' lang='lat' dir='ltr'><strong>apparentium</strong></span> <span class='ocrx_word' id='word_1_791' title='bbox 3326 4582 3704 4653; x_wconf 74' lang='lat' dir='ltr'><strong>experimenta</strong></span> 
     </span>
    </p>
   </div>
   <div class='ocr_carea' id='block_1_106' title="bbox 2129 4695 2454 4752">
    <p class='ocr_par' dir='ltr' id='par_1_106' title="bbox 2129 4695 2454 4752">
     <span class='ocr_line' id='line_1_107' title="bbox 2129 4695 2454 4752; baseline -0.012 -11"><span class='ocrx_word' id='word_1_792' title='bbox 2129 4695 2454 4752; x_wconf 80' lang='lat' dir='ltr'><strong>congruere.</strong></span> 
     </span>
    </p>
   </div>
   <div class='ocr_carea' id='block_1_107' title="bbox 2203 4762 3704 4829">
    <p class='ocr_par' dir='ltr' id='par_1_107' title="bbox 2203 4762 3704 4829">
     <span class='ocr_line' id='line_1_108' title="bbox 2203 4762 3704 4829; baseline -0.006 -3"><span class='ocrx_word' id='word_1_793' title='bbox 2203 4772 2294 4828; x_wconf 90' lang='lat' dir='ltr'><strong>Sic</strong></span> <span class='ocrx_word' id='word_1_794' title='bbox 2316 4778 2400 4829; x_wconf 86' lang='lat' dir='ltr'><strong>est</strong></span> <span class='ocrx_word' id='word_1_795' title='bbox 2429 4778 2608 4827; x_wconf 87' lang='lat' dir='ltr'><strong>autem</strong></span> <span class='ocrx_word' id='word_1_796' title='bbox 2632 4767 3055 4826; x_wconf 83' lang='lat' dir='ltr'><strong>existimandum</strong></span> <span class='ocrx_word' id='word_1_797' title='bbox 3087 4766 3155 4821; x_wconf 92' lang='lat' dir='ltr'><strong>de</strong></span> <span class='ocrx_word' id='word_1_798' title='bbox 3192 4764 3440 4829; x_wconf 86' lang='lat' dir='ltr'><strong>Cancro,</strong></span> <span class='ocrx_word' id='word_1_799' title='bbox 3485 4762 3704 4828; x_wconf 59' lang='lat' dir='ltr'><strong>Leone,</strong></span> 
     </span>
    </p>
   </div>
   <div class='ocr_carea' id='block_1_108' title="bbox 2131 4852 3705 4935">
    <p class='ocr_par' dir='ltr' id='par_1_108' title="bbox 2131 4852 3705 4935">
     <span class='ocr_line' id='line_1_109' title="bbox 2131 4852 3705 4935; baseline -0.006 -17"><span class='ocrx_word' id='word_1_800' title='bbox 2131 4862 2376 4935; x_wconf 77' lang='lat' dir='ltr'><strong>Virgine,</strong></span> <span class='ocrx_word' id='word_1_801' title='bbox 2407 4861 2547 4931; x_wconf 86' lang='lat' dir='ltr'><strong>Equi</strong></span> <span class='ocrx_word' id='word_1_802' title='bbox 2578 4860 2808 4930; x_wconf 73' lang='lat' dir='ltr'><strong>pedibus</strong></span> <span class='ocrx_word' id='word_1_803' title='bbox 2841 4879 2854 4915; x_wconf 90' lang='lat'>:</span> <span class='ocrx_word' id='word_1_804' title='bbox 2887 4873 3100 4921; x_wconf 78' lang='lat' dir='ltr'><strong>necnon</strong></span> <span class='ocrx_word' id='word_1_805' title='bbox 3125 4855 3193 4912; x_wconf 88' lang='lat' dir='ltr'><strong>de</strong></span> <span class='ocrx_word' id='word_1_806' title='bbox 3216 4854 3437 4915; x_wconf 83' lang='lat' dir='ltr'><strong>Perseo.</strong></span> <span class='ocrx_word' id='word_1_807' title='bbox 3469 4852 3705 4923; x_wconf 68' lang='lat' dir='ltr'><strong>genibus</strong></span> 
     </span>
    </p>
   </div>
   <div class='ocr_carea' id='block_1_109' title="bbox 2129 4938 3704 5017">
    <p class='ocr_par' dir='ltr' id='par_1_109' title="bbox 2129 4938 3704 5017">
     <span class='ocr_line' id='line_1_110' title="bbox 2129 4938 3704 5017; baseline -0.008 -10"><span class='ocrx_word' id='word_1_808' title='bbox 2129 4950 2416 5014; x_wconf 83' lang='lat' dir='ltr'><strong>Heniochi,</strong></span> <span class='ocrx_word' id='word_1_809' title='bbox 2459 4938 2813 5005; x_wconf 81' lang='lat' dir='ltr'><strong>Geminorum</strong></span> <span class='ocrx_word' id='word_1_810' title='bbox 2836 4947 3159 5017; x_wconf 85' lang='lat' dir='ltr'><strong>’eapitibns,</strong></span> <span class='ocrx_word' id='word_1_811' title='bbox 3217 4946 3373 5017; x_wconf 87' lang='lat' dir='ltr'><strong>prius</strong></span> <span class='ocrx_word' id='word_1_812' title='bbox 3414 4942 3704 5005; x_wconf 75' lang='lat' dir='ltr'><strong>Eudoxum</strong></span> 
     </span>
    </p>
   </div>
   <div class='ocr_carea' id='block_1_110' title="bbox 2126 5034 3697 5113">
    <p class='ocr_par' dir='ltr' id='par_1_110' title="bbox 2126 5034 3697 5113">
     <span class='ocr_line' id='line_1_111' title="bbox 2126 5034 3697 5113; baseline -0.006 -16"><span class='ocrx_word' id='word_1_813' title='bbox 2126 5043 2295 5097; x_wconf 83' lang='lat' dir='ltr'><strong>Arato</strong></span> <span class='ocrx_word' id='word_1_814' title='bbox 2339 5042 2628 5113; x_wconf 86' lang='lat' dir='ltr'><strong>scripsisse</strong></span> <span class='ocrx_word' id='word_1_815' title='bbox 2659 5060 2673 5098; x_wconf 92' lang='lat'><strong>:</strong></span> <span class='ocrx_word' id='word_1_816' title='bbox 2710 5041 2846 5096; x_wconf 88' lang='lat' dir='ltr'><strong>adeo</strong></span> <span class='ocrx_word' id='word_1_817' title='bbox 2876 5048 2935 5093; x_wconf 89' lang='lat' dir='ltr'><strong>ut</strong></span> <span class='ocrx_word' id='word_1_818' title='bbox 2980 5039 3070 5094; x_wconf 91' lang='lat' dir='ltr'><strong>hic</strong></span> <span class='ocrx_word' id='word_1_819' title='bbox 3102 5039 3252 5092; x_wconf 86' lang='lat' dir='ltr'><strong>illum</strong></span> <span class='ocrx_word' id='word_1_820' title='bbox 3282 5077 3296 5100; x_wconf 94' lang='lat'><strong>,</strong></span> <span class='ocrx_word' id='word_1_821' title='bbox 3332 5052 3450 5092; x_wconf 84' lang='lat' dir='ltr'><strong>mea</strong></span> <span class='ocrx_word' id='word_1_822' title='bbox 3477 5034 3697 5105; x_wconf 90' lang='lat' dir='ltr'><strong>quidem</strong></span> 
     </span>
    </p>
   </div>
   <div class='ocr_carea' id='block_1_111' title="bbox 2128 5129 3699 5200">
    <p class='ocr_par' dir='ltr' id='par_1_111' title="bbox 2128 5129 3699 5200">
     <span class='ocr_line' id='line_1_112' title="bbox 2128 5129 3699 5200; baseline -0.006 -11"><span class='ocrx_word' id='word_1_823' title='bbox 2128 5135 2420 5199; x_wconf 82' lang='lat' dir='ltr'><strong>sententia,</strong></span> <span class='ocrx_word' id='word_1_824' title='bbox 2456 5133 2530 5190; x_wconf 88' lang='lat' dir='ltr'><strong>sit</strong></span> <span class='ocrx_word' id='word_1_825' title='bbox 2560 5142 2803 5189; x_wconf 87' lang='lat' dir='ltr'><strong>secutus.</strong></span> <span class='ocrx_word' id='word_1_826' title='bbox 2836 5131 3035 5188; x_wconf 81' lang='lat' dir='ltr'><strong>Verum</strong></span> <span class='ocrx_word' id='word_1_827' title='bbox 3067 5129 3333 5200; x_wconf 92' lang='lat' dir='ltr'><strong>Ophiuchi</strong></span> <span class='ocrx_word' id='word_1_828' title='bbox 3364 5137 3549 5199; x_wconf 84' lang='lat' dir='ltr'><strong>caput,</strong></span> <span class='ocrx_word' id='word_1_829' title='bbox 3590 5140 3699 5180; x_wconf 84' lang='lat' dir='ltr'><strong>non</strong></span> 
     </span>
    </p>
   </div>
   <div class='ocr_carea' id='block_1_112' title="bbox 2126 5216 3693 5295">
    <p class='ocr_par' dir='ltr' id='par_1_112' title="bbox 2126 5216 3693 5295">
     <span class='ocr_line' id='line_1_113' title="bbox 2126 5216 3693 5295; baseline -0.005 -17"><span class='ocrx_word' id='word_1_830' title='bbox 2126 5223 2386 5280; x_wconf 86' lang='lat' dir='ltr'><strong>humeros</strong></span> <span class='ocrx_word' id='word_1_831' title='bbox 2441 5225 2497 5279; x_wconf 92' lang='lat' dir='ltr'><strong>in</strong></span> <span class='ocrx_word' id='word_1_832' title='bbox 2540 5225 2748 5295; x_wconf 87' lang='lat' dir='ltr'><strong>tropico</strong></span> <span class='ocrx_word' id='word_1_833' title='bbox 2795 5238 2918 5279; x_wconf 89' lang='lat' dir='ltr'><strong>esse</strong></span> <span class='ocrx_word' id='word_1_834' title='bbox 2969 5224 3106 5279; x_wconf 87' lang='lat' dir='ltr'><strong>sitos</strong></span> <span class='ocrx_word' id='word_1_835' title='bbox 3136 5220 3395 5276; x_wconf 78' lang='lat' dir='ltr'><strong>Eudoxus</strong></span> <span class='ocrx_word' id='word_1_836' title='bbox 3459 5216 3693 5273; x_wconf 86' lang='lat' dir='ltr'><strong>asserit:</strong></span> 
     </span>
    </p>
   </div>
   <div class='ocr_carea' id='block_1_113' title="bbox 2123 5311 3695 5388">
    <p class='ocr_par' dir='ltr' id='par_1_113' title="bbox 2123 5311 3695 5388">
     <span class='ocr_line' id='line_1_114' title="bbox 2123 5311 3695 5388; baseline -0.007 -17"><span class='ocrx_word' id='word_1_837' title='bbox 2123 5316 2269 5386; x_wconf 91' lang='lat' dir='ltr'><strong>quod</strong></span> <span class='ocrx_word' id='word_1_838' title='bbox 2300 5324 2353 5371; x_wconf 85' lang='lat' dir='ltr'><strong>et</strong></span> <span class='ocrx_word' id='word_1_839' title='bbox 2383 5317 2561 5388; x_wconf 90' lang='lat' dir='ltr'><strong>ipsum</strong></span> <span class='ocrx_word' id='word_1_840' title='bbox 2590 5325 2674 5372; x_wconf 90' lang='lat' dir='ltr'><strong>est</strong></span> <span class='ocrx_word' id='word_1_841' title='bbox 2708 5315 2925 5386; x_wconf 90' lang='lat' dir='ltr'><strong>quidem</strong></span> <span class='ocrx_word' id='word_1_842' title='bbox 2975 5314 3209 5381; x_wconf 78' lang='lat' dir='ltr'><strong>falsum;</strong></span> <span class='ocrx_word' id='word_1_843' title='bbox 3245 5311 3340 5368; x_wconf 88' lang='lat' dir='ltr'><strong>sed</strong></span> <span class='ocrx_word' id='word_1_844' title='bbox 3372 5320 3550 5367; x_wconf 84' lang='lat' dir='ltr'><strong>tamen</strong></span> <span class='ocrx_word' id='word_1_845' title='bbox 3583 5315 3695 5361; x_wconf 49' lang='lat' dir='ltr'><strong>trav</strong></span> 
     </span>
    </p>
   </div>
   <div class='ocr_carea' id='block_1_114' title="bbox 2124 5392 3697 5480">
    <p class='ocr_par' dir='ltr' id='par_1_114' title="bbox 2124 5392 3697 5480">
     <span class='ocr_line' id='line_1_115' title="bbox 2124 5392 3697 5480; baseline -0.005 -17"><span class='ocrx_word' id='word_1_846' title='bbox 2124 5409 2247 5480; x_wconf 85' lang='lat' dir='ltr'><strong>pico</strong></span> <span class='ocrx_word' id='word_1_847' title='bbox 2272 5410 2510 5465; x_wconf 80' lang='lat' dir='ltr'><strong>vicinius</strong></span> <span class='ocrx_word' id='word_1_848' title='bbox 2552 5417 2637 5465; x_wconf 90' lang='lat' dir='ltr'><strong>est</strong></span> <span class='ocrx_word' id='word_1_849' title='bbox 2670 5408 2910 5464; x_wconf 85' lang='lat' dir='ltr'><strong>humeris</strong></span> <span class='ocrx_word' id='word_1_850' title='bbox 2939 5415 3125 5479; x_wconf 85' lang='lat' dir='ltr'><strong>caput.</strong></span> <span class='ocrx_word' id='word_1_851' title='bbox 3186 5406 3281 5463; x_wconf 85' lang='lat' dir='ltr'><strong>Est</strong></span> <span class='ocrx_word' id='word_1_852' title='bbox 3313 5392 3457 5461; x_wconf 79' lang='lat' dir='ltr'><strong>enim</strong></span> <span class='ocrx_word' id='word_1_853' title='bbox 3505 5401 3697 5457; x_wconf 71' lang='lat' dir='ltr'><strong>mstivo</strong></span> 
     </span>
    </p>
   </div>
   <div class='ocr_carea' id='block_1_115' title="bbox 2125 5489 3694 5570">
    <p class='ocr_par' dir='ltr' id='par_1_115' title="bbox 2125 5489 3694 5570">
     <span class='ocr_line' id='line_1_116' title="bbox 2125 5489 3694 5570; baseline -0.007 -13"><span class='ocrx_word' id='word_1_854' title='bbox 2125 5499 2335 5569; x_wconf 83' lang='lat' dir='ltr'><strong>tr0pico</strong></span> <span class='ocrx_word' id='word_1_855' title='bbox 2370 5507 2579 5570; x_wconf 87' lang='lat' dir='ltr'><strong>septem</strong></span> <span class='ocrx_word' id='word_1_856' title='bbox 2614 5498 2727 5553; x_wconf 78' lang='lat' dir='ltr'><strong>fere</strong></span> <span class='ocrx_word' id='word_1_857' title='bbox 2758 5498 3009 5569; x_wconf 87' lang='lat' dir='ltr'><strong>partibus</strong></span> <span class='ocrx_word' id='word_1_858' title='bbox 3033 5497 3353 5553; x_wconf 84' lang='lat' dir='ltr'><strong>australius.</strong></span> <span class='ocrx_word' id='word_1_859' title='bbox 3384 5492 3555 5548; x_wconf 86' lang='lat' dir='ltr'><strong>Porro</strong></span> <span class='ocrx_word' id='word_1_860' title='bbox 3583 5489 3694 5563; x_wconf 84' lang='lat' dir='ltr'><strong>Cy-</strong></span> 
     </span>
    </p>
   </div>
   <div class='ocr_carea' id='block_1_116' title="bbox 2126 5580 3691 5659">
    <p class='ocr_par' dir='ltr' id='par_1_116' title="bbox 2126 5580 3691 5659">
     <span class='ocr_line' id='line_1_117' title="bbox 2126 5580 3691 5659; baseline -0.003 -16"><span class='ocrx_word' id='word_1_861' title='bbox 2126 5588 2231 5659; x_wconf 72' lang='lat' dir='ltr'><strong>gni‘</strong></span> <span class='ocrx_word' id='word_1_862' title='bbox 2260 5589 2484 5657; x_wconf 88' lang='lat' dir='ltr'><strong>collum,</strong></span> <span class='ocrx_word' id='word_1_863' title='bbox 2510 5595 2564 5645; x_wconf 87' lang='lat' dir='ltr'><strong>et</strong></span> <span class='ocrx_word' id='word_1_864' title='bbox 2595 5588 2875 5646; x_wconf 88' lang='lat' dir='ltr'><strong>sinistram</strong></span> <span class='ocrx_word' id='word_1_865' title='bbox 2925 5588 3067 5644; x_wconf 82' lang='lat' dir='ltr'><strong>alam</strong></span> <span class='ocrx_word' id='word_1_866' title='bbox 3121 5588 3175 5643; x_wconf 91' lang='lat' dir='ltr'><strong>in</strong></span> <span class='ocrx_word' id='word_1_867' title='bbox 3225 5585 3438 5657; x_wconf 84' lang='lat' dir='ltr'><strong>tropico</strong></span> <span class='ocrx_word' id='word_1_868' title='bbox 3486 5580 3691 5641; x_wconf 61' lang='lat' dir='ltr'><strong>circuit</strong></span> 
     </span>
    </p>
   </div>
  </div>
