4130 6410
478 359 618 419 ιοετ

1469 359 1836 418 HIPPARCHI
1872 362 1965 416 AD
2003 362 2454 420 ΡΠΛΕΝΟΜΕΝΑ
2493 364 2622 420 LIB.
2662 366 2703 420 l.

3577 367 3716 424 £058

545 473 859 542 Συνεγγίζει
889 472 945 526 δὲ
973 472 1066 526 καὶ
1093 471 1267 526 ταῦτα
1288 476 1351 546 τῇ
1371 474 1616 547 ἀληθείᾳ.
1648 476 1707 529 '0
1724 477 1782 531 δὲ
1817 476 2025 542 Εὔδοξοι

2215 478 2346 544 Quae
2366 487 2494 532 sunt
2517 479 2728 532 veritati
2763 479 3030 548 proxima.
3058 476 3318 535 Eudoxus
3342 489 3521 536 autem
3541 522 3555 546 ,
3583 499 3710 542 cum

473 567 544 622 τὰ
573 566 669 639 μὲν
699 565 833 621 ἄλλα
873 567 1071 636 ὁμοίως
1101 567 1287 638 εἴρηκε
1307 583 1320 596 ·
1356 565 1466 620 τῶν
1495 567 1551 620 δὲ
1582 567 1776 638 Χηλῶν
1806 569 1874 623 τὰ
1902 570 2042 640 μέσα

475 659 641 730 φησὶν
670 659 762 712 ἐπὶ
780 657 874 711 τοῦ
907 660 990 728 lor;
1001 657 1218 730 μερινοῦ
1244 656 1479 720 κεῖσθαι,
1507 657 1600 713 τοῦ
1626 677 1685 713 τε
1727 661 1911 715 Ἀετοῦ
1943 662 2041 732 τὴν

473 746 767 822 ἀριστερὰν
793 747 1057 821 πτέρυγα,
1079 746 1257 800 τοῦ⁹δὲ
1281 747 1474 803 Ἵππου
1501 750 1595 803 καὶ
1614 749 1712 820 τὴν
1732 750 1922 819 ὀσφὺν,
1949 751 2042 804 καὶ

472 845 553 899 ἔτι
584 842 693 897 τῶν
732 841 949 913 Ἰχθύων
986 841 1076 895 τὸν
1135 839 1466 911 βορειότερον
1508 842 1706 896 αὐτῶν.
1748 842 1885 895 Οὔτε
1923 843 1979 895 δὲ
2011 844 2040 894 6

485 935 666 998 Ἀετὸς
687 933 964 986 ἐπιϐάλλει
990 933 1068 1004 τῷ
1099 933 1416 1005 ἰσημερινῷ,
1453 935 1481 987 ὅ
1507 951 1566 986 τε
1595 934 1687 988 ὲπὶ
1715 935 1812 1005 τῆς
1841 935 2039 1004 ὀσφύος

469 1025 563 1081 τοῦ
597 1024 792 1079 Ἵππου
823 1025 1154 1096 βορειότερός
1187 1027 1302 1077 ἐστι
1327 1024 1422 1078 τοῦ
1456 1025 1767 1096 ίσημερινοῦ
1791 1025 1973 1079 πλεῖον
2003 1027 2036 1098 ἢ

472 1117 582 1190 μοί.
623 1124 673 1186 γ’
707 1115 802 1171 S'“
840 1117 868 1170 6
915 1133 979 1185 γε
1025 1117 1132 1186 μὴν
1179 1115 1510 1187 βορειότερος
1547 1116 1656 1170 τῶν
1697 1117 1914 1188 ’ἰχθύων
1945 1117 2036 1188 βο-

471 1209 740 1281 ρειότερός
771 1210 886 1261 ἐστι
926 1207 1019 1260 τοῦ
1057 1206 1374 1279 ίσημερινοῦ
1405 1207 1630 1276 ἔγγιστα
1665 1209 1772 1278 μοί.
1801 1215 1848 1260 ι’.
1885 1209 1944 1262 ’0
1977 1208 2034 1262 δὲ

471 1301 732 1365 ’Ἄτταλος
769 1300 896 1372 περὶ
922 1300 1030 1353 τῶν
1057 1302 1115 1353 ὲν
1152 1303 1263 1363 τοῖς
1291 1300 1600 1371 εἰρημένοις
1631 1300 1851 1364 κύκλοις
1877 1302 2037 1356 ἀστέ-

470 1412 578 1466 ρων
592 1393 681 1446 τὸν
700 1393 796 1464 μὲν
812 1392 951 1446 κατά
970 1391 1127 1464 μέρος
1142 1390 1298 1460 λόγον
1315 1391 1690 1463 παραπέμπει·
1709 1391 1819 1462 (68)
1833 1393 2034 1463 γράφει

464 1486 522 1540 δὲ
545 1484 749 1541 ταῦτα·
780 1503 798 1536 ι
842 1485 928 1538 Ἐν
957 1479 1038 1548 οἷς
1079 1484 1135 1537 δὲ
1183 1483 1436 1553 διασαφεῖ
1470 1483 1556 1536 διὰ
1595 1483 1756 1537 τίνων
1789 1485 2032 1556 ἀστέρων

463 1578 691 1640 ἕκαστος
716 1575 826 1631 τῶν
851 1583 899 1644 γ’
931 1575 1288 1647 παραλλήλων
1330 1574 1504 1645 διήκει
1534 1574 1578 1627 δ’
1614 1574 1644 1626 ὂ
1672 1575 2031 1646 παραπέμπει

463 1669 784 1742 ὁλοσχερῶς,
810 1669 871 1723 οὐ
907 1667 1218 1738 δυναμένων
1249 1665 1554 1738 διέρχεσθαι
1585 1664 1694 1720 τῶν
1724 1666 1939 1720 κύκλων
1962 1665 2028 1720 δι’

463 1759 538 1818 ὧν
571 1781 732 1834 φησιν
760 1763 1002 1834 ἀστέρων
1034 1762 1230 1824 αὐτοὺς
1255 1761 1480 1832 διήκειν,
1504 1759 1592 1812 διὰ
1615 1759 1675 1812 τὸ
1699 1759 2031 1831 παρηκολου-

2142 567 2199 621 in
2229 568 2450 636 reliquis
2473 584 2578 622 non
2604 569 2916 635 dissentiat,
2946 567 3239 624 Clielarum
3275 571 3515 626 medium
3545 574 3621 628 ait
3653 575 3711 630 in

2140 659 2505 728 aequinoctiali
2526 660 2689 714 situm
2715 675 2871 726 esse;
2895 674 3003 713 una
3028 674 3150 712 cum
3177 661 3506 717 alasinistra
3536 664 3710 734 Aqui-

2140 751 2204 805 lae
2232 769 2245 804 :
2282 765 2384 805 nec
2408 766 2516 804 non
2545 750 2676 820 Equi
2703 751 2944 804 lumbum
2968 757 3022 804 et
3049 749 3287 804 Piscium
3319 753 3703 810 borealiorem.

2141 841 2338 897 Verum
2364 857 2466 896 nec
2503 842 2696 912 Aquila
2727 843 2995 912 contingit
3020 844 3477 912 aequinoctialem,
3503 854 3556 900 et
3587 863 3710 917 quas

2139 933 2404 986 inolumbo
2429 940 2512 988 est
2549 932 2709 1003 Equi,
2759 933 3032 988 borealior
3056 943 3140 989 est
3188 935 3422 1003 amplius
3457 937 3708 1004 partibus

2137 1023 2172 1078 3
2197 1023 2322 1094 1/2;
2356 1023 2626 1078 horealior
2643 1039 2771 1079 vero
2791 1023 3024 1080 Piscium
3041 1025 3402 1095 aequinoctiali
3439 1027 3707 1083 borealior

2146 1123 2233 1169 est
2262 1115 2508 1184 partibus
2541 1115 2758 1170 circiter
2783 1115 2869 1171 10.
2900 1115 3115 1171 Attalus
3137 1127 3313 1172 autem
3349 1118 3550 1174 omissa
3580 1135 3707 1188 par—

2137 1206 2359 1260 ticulari
2383 1206 2753 1276 disputatione
2783 1206 2850 1262 de
2882 1207 2968 1263 his
3008 1209 3200 1272 stellis,
3231 1223 3352 1278 quae
3381 1209 3435 1262 in
3477 1211 3702 1266 circulis

2136 1297 2349 1363 insunt,
2381 1313 2519 1368 quos
2543 1313 2707 1368 supra
2731 1299 3176 1364 memoravimus,
3210 1299 3284 1353 ita
3315 1300 3504 1355 scribit
3530 1319 3543 1355 :
3580 1319 3599 1352 ι
3628 1301 3699 1355 Ea

2133 1403 2282 1456 vero,
2314 1387 2368 1442 in
2393 1389 2591 1459 quibus
2613 1390 2868 1459 explicat,
2893 1406 2989 1460 per
3021 1405 3283 1461 quasnam
3309 1392 3491 1447 stellas
3518 1400 3699 1449 trans-

2129 1489 2217 1535 eat
2257 1480 2483 1550 quilibet
2525 1481 2688 1534 trium
2722 1482 3104 1550 parallelorum
3130 1485 3220 1506 ""
3246 1498 3371 1537 cum
3422 1485 3456 1537 ii
3501 1487 3696 1540 circuli

2134 1587 2234 1642 per
2253 1587 2348 1627 eas
2382 1571 2620 1627 transire
2655 1572 2841 1627 stellas
2869 1579 3163 1642 nequeant,
3192 1587 3330 1642 quas
3365 1573 3456 1628 ille
3484 1572 3696 1628 descri-

2132 1665 2233 1729 bit,
2261 1679 2517 1720 enarrare
2551 1663 2756 1718 idcirco
2798 1665 2982 1731 nolui;
3015 1665 3160 1735 quod
3201 1680 3388 1721 eorum
3429 1675 3486 1720 tu
3516 1668 3697 1723 scien-

2133 1757 2266 1811 tiam
2311 1771 2377 1810 ex
2409 1771 2546 1818 usu,
2601 1756 3032 1826 tractationeque
3069 1756 3298 1825 dioptrae
3350 1756 3426 1812 sis
3469 1772 3693 1812 assecu-

464 1823 689 1925 οηκέναι
734 1870 814 1916 σε,
853 1823 942 1906 διά
983 1852 1080 1923 τῆς
1125 1823 1382 1922 διόπράς
1426 1823 2025 1920 ἐπεσκεμμένον-αὐτὰ,

2132 1853 2239 1901 tus.
2274 1865 2293 1898 ›
2313 1843 2516 1900 Verum
2543 1845 2596 1899 id
2625 1845 2678 1899 in
2713 1845 2904 1909 primis
2933 1823 3236 1915 oportebat,
3259 1847 3341 1901 vel
3372 1854 3693 1902 caeterorum

463 1947 686 2019 παρῆκα
720 1945 815 1999 νῦν
843 1945 1141 2014 διασαφεῖν.
1176 1963 1194 1994 ι
1231 1941 1452 2014 Πρῶτον
1500 1941 1598 2012 μὲν
1638 1937 1733 1994 οὖν
1782 1941 1890 1994 ἔδει
1935 1940 2029 1994 καὶ

460 2039 567 2093 τῶν
589 2037 788 2092 λοιπῶν
825 2039 982 2108 χάριν
1013 2036 1120 2090 τῶν
1165 2033 1633 2106 φιλομαθούντων,
1681 2033 1836 2103 εἰπερ
1884 2050 2027 2104 παρ-

457 2133 757 2206 ηκολούθει,
792 2129 1060 2197 ὑποδεῖξαι
1091 2128 1230 2191 τίνες
1266 2144 1326 2180 τε
1370 2125 1546 2180 αὐτῶν
1589 2125 1895 2196 νοτιὼτεροι
1933 2125 2030 2178 καὶ

459 2225 784 2300 βορειότεροι
805 2222 1083 2292 ἐφαίνοντο
1103 2218 1196 2272 τοῦ
1214 2216 1423 2290 θερινοῢ
1446 2215 1727 2288 τροπικοῦ,
1747 2217 1841 2270 καὶ
1855 2218 2021 2285 πόσῳ⁶

456 2316 644 2367 ἔπειτα
671 2311 808 2384 πρὸς
840 2311 901 2363 τὸ
946 2308 1078 2362 αὐτὸ
1124 2307 1281 2361 τοῦτο
1329 2307 1486 2378 μόνον
1519 2305 1868 2376 κατανοῆσαι,
1892 2304 2024 2358 διότι

455 2404 516 2457 οὐ
547 2404 800 2475 φέρονται
831 2400 1017 2453 κύκλοι
1060 2397 1148 2452 διὰ
1176 2396 1284 2450 τῶν
1321 2395 1624 2468 εἰρημένων
1666 2395 2022 2466 ἀστέρων,ξού

456 2496 614 2566 χρεία
666 2492 944 2563 διὸπτρας.
992 2487 1178 2560 Πολλῷ
1225 2487 1334 2557 γὰρ
1387 2485 1496 2540 τῶν
1546 2487 1645 2556 μὲν
1693 2485 2024 2555 νοτιωτέρων

455 2583 830 2655 ὑπαρχόντων,
879 2580 986 2633 τῶν
1023 2579 1079 2632 δὲ
1111 2577 1482 2649 βορειοτέρων,
1529 2575 1754 2629 αὐτόθεν
1799 2574 2024 2628 ἀναϐλέ-

453 2676 613 2747 ψαντι
649 2673 880 2746 φανερὸν
923 2672 1154 2741 γίνεται,
1187 2670 1317 2724 διότι
1347 2670 1406 2723 οὐ
1436 2669 1656 2723 δυνατὸν
1683 2667 1773 2722 διὰ
1802 2667 1910 2720 τῶν
1931 2666 2022 2719 λε-

452 2765 697 2838 γομένων
716 2763 958 2835 ἀστέρων
979 2760 1255 2832 γραφῆναι
1275 2760 1310 2830 ἢ
1341 2759 1430 2812 τὸν
1469 2757 1800 2829 ἰσημερινὸν,
1827 2756 1860 2827 ἢ
1880 2773 2021 2828 παρ-

451 2855 677 2927 άλληλόν
701 2872 824 2908 τινα
855 2852 1057 2906 τούτων
1086 2850 1306 2904 κύκλον.

516 2949 660 3016 ΚΤ·
695 2946 876 3016 Χωρὶς
899 2943 954 2996 δὲ
979 2942 1086 2996 τῶν
1111 2941 1415 3014 εἰρημένων
1449 2945 1496 3008 γ’
1519 2937 1729 2991 κύκλων
1749 2937 1776 2990 6
1797 2935 2022 3002 Εὔδοξος

450 3039 547 3096 καὶ
566 3038 692 3101 τοὺς
723 3036 818 3090 ἐπὶ
843 3034 937 3088 τοῦ
960 3031 1218 3105 ἀρκτικοῦ
1253 3029 1452 3086 κύκλου
1479 3030 1761 3100 κειμένους
1787 3029 2019 3099 ἀστέρας

2129 1937 2248 2003 eius
2277 1937 2541 1992 doctrinae
2580 1936 2953 1991 studiosorum
2986 1936 3180 2004 gratia,
3216 1937 3501 2008 siquidem
3534 1939 3693 1992 intel-

2129 2028 2350 2100 ligebat,
2379 2041 2673 2097 exponere,
2721 2041 2842 2096 quae
2888 2034 3163 2097 quantove
3189 2041 3254 2081 ex
3285 2027 3353 2081 iis
3391 2028 3562 2084 stellis
3593 2043 3693 2080 au-

2126 2118 2427 2183 straliores,
2469 2118 2552 2172 vel
2602 2117 2936 2172 borealiores
2981 2132 3105 2173 esse
3141 2115 3459 2173 viderentur
3501 2120 3691 2174 aestivo

2125 2209 2356 2280 tropico.
2388 2208 2609 2274 Deinde,
2643 2217 2702 2264 ut
2730 2209 2787 2264 id
2829 2209 3324 2280 comprehendatur
3364 2226 3556 2278 unum,
3595 2227 3693 2282 per

2124 2315 2218 2357 eas
2244 2302 2450 2364 stellas,
2481 2316 2603 2372 quae
2624 2301 2943 2371 percensitae
2971 2311 3240 2366 sunt,non
3274 2301 3402 2356 duci
3430 2302 3688 2370 circulos,

2125 2393 2262 2447 nihil
2290 2408 2429 2464 opus
2465 2401 2550 2449 est
2588 2392 2824 2464 diOptra.
2856 2395 2990 2448 Cum
3019 2393 3165 2448 enim
3201 2393 3321 2448 aliae
3351 2393 3493 2448 haud
3525 2395 3690 2463 paulo

2125 2484 2235 2539 sint
2277 2484 2656 2549 australiores,
2693 2484 2814 2540 alia!
2856 2484 3212 2544 borealiores.
3247 2485 3432 2538 statim
3461 2493 3684 2554 aspectu

2123 2575 2243 2645 ipso
2279 2576 2628 2647 perspicuum
2664 2584 2768 2638 est,
2813 2590 2990 2644 neque
3022 2575 3286 2629 circulum
3332 2576 3690 2646 aequinoctia-

2123 2669 2248 2731 lem,
2279 2684 2456 2739 neque
2480 2670 2708 2724 alterum
2738 2669 3198 2740 aequidistautium
3235 2685 3332 2739 per
3372 2671 3493 2726 illas
3535 2672 3684 2741 ipsas

2119 2760 2308 2815 stellas
2338 2774 2498 2830 posse
2519 2760 2765 2830 perduci.

2180 2955 2370 3014 XXVI.
2385 2956 2586 3014 Prmtcr
2597 2957 2904 3029 superiores
2919 2959 3038 3015 illos
3053 2959 3287 3015 circulos
3300 2966 3410 3015 tres
3427 2958 3684 3014 Eudoxus

2118 3065 2211 3106 eas
2237 3051 2423 3106 stellas
2451 3051 2738 3115 describit,
2762 3044 2882 3121 qua:
2911 3059 3037 3104 sunt
3057 3051 3110 3104 in
3129 3052 3334 3106 arctico
3351 3051 3560 3124 circulo
3585 3070 3600 3105 :
3624 3051 3682 3104 in

445 3133 702 3201 διασαφεῖ
723 3145 738 3160 ο
773 3128 866 3182 καί
913 3143 1078 3197 φησιν
1114 3124 1200 3178 ἐπ’
1228 3122 1392 3179 αὐτοῦ
1420 3121 1632 3176 κεῖσθαι
1671 3121 1763 3175 τόν
1809 3137 1869 3173 τε
1898 3121 2020 3191 ἀρι-

584 3224 596 3236 ι
675 3217 702 3236 ‘I'
908 3220 934 3230 α·
977 3221 1021 3236 ει
1228 3217 1265 3236 0‘
1288 3233 1371 3236 ημ-
1397 3233 1409 3236 Α
1473 3215 1558 3236 ---Α
1598 3215 1662 3236 ..ι
1698 3215 1771 3236 ιι..-
1789 3213 1893 3236 «Δ-..
1922 3212 2013 3236 ..-2

2123 3156 2292 3211 eoque
2319 3143 2483 3198 situm
2511 3142 2587 3196 ait
2610 3157 2733 3198 esse
2759 3142 3038 3198 sinistrum
3055 3121 3470 3213 ArctOphylacis
3493 3143 3681 3198 hume-

451 3224 640 3316 στερδν
669 3217 817 3294 ὦμον
843 3220 937 3276 τοῦ
977 3217 1430 3292 Ἀρκτοφύλακος,
1471 3215 1565 3270 καὶ
1595 3215 1664 3268 τά
1691 3213 1894 3269 ἀνωθεν
1921 3213 2014 3266 τοῦ

448 3305 743 3386 Στεφάνου,
787 3314 881 3370 καὶ
927 3312 1024 3384 τὴν
1066 3310 1306 3380 κεφαλὴν
1354 3307 1449 3362 τοῦ
1490 3306 1578 3361 διὰ
1624 3305 1732 3360 τῶν
1767 3305 2017 3375 ’Λρκτων

452 3411 697 3479 Ὄφεως·
733 3408 830 3478 τῆς
863 3406 920 3460 δὲ
954 3403 1137 3476 Λύρας
1167 3403 1262 3457 καὶ
1297 3401 1396 3473 τὴς
1421 3399 1600 3467 δεξιᾶς
1629 3393 1897 3470 πτέρυγος
1923 3394 2033 3452 τοῦ.

451 3501 698 3574 Ὄρνιθος
721 3498 790 3552 τά
816 3487 1019 3552 ἄνωθεν
1041 3512 1056 3527 ο
1086 3494 1179 3548 τοῦ
1221 3495 1277 3548 δὲ
1300 3492 1532 3563 Κηφέως
1572 3491 1632 3544 τὸ
1659 3489 1852 3560 στῆθος
1874 3505 1887 3518 ο
1920 3489 2018 3559 τῆς

445 3595 504 3648 δὲ
540 3589 907 3653 Κασσιεπείας
950 3588 1018 3641 τά
1067 3585 1288 3642 ἄνωθεν.
1335 3580 1468 3638 Εἶτα
1509 3583 1612 3636 ὑπὸ
1654 3582 1779 3647 τοὺς
1811 3583 2018 3652 ἐμπρο-

448 3686 630 3750 σθίους
661 3685 824 3747 πόδας
858 3682 958 3753 τῆς
990 3679 1231 3752 μεγάλης
1264 3677 1498 3748 Ἀρκτου
1529 3674 1625 3728 καὶ
1665 3672 1760 3725 τοῦ
1792 3671 2016 3733 Λέοντος

445 3774 573 3846 ἄχρι
605 3775 741 3846 πρὸς
767 3773 856 3826 τὸν
880 3766 1029 3843 ὦμον
1063 3767 1158 3823 τοῦ
1200 3765 1652 3838 Ἀρκτοφύλακος,
1685 3762 1796 3834 (69)
1830 3759 2015 3815 νοτιώ-

447 3867 599 3938 τερός
627 3870 742 3920 ἐστι
772 3865 867 3920 τού
898 3866 984 3918 ἀεὶ
1010 3860 1241 3934 φανεροῦ
1263 3858 1357 3914 τοῦ
1392 3861 1451 3913 ὲν
1475 3860 1589 3920 τοῖς
1612 3857 1740 3927 περὶ
1763 3854 1862 3925 τὴν
1897 3853 2015 3906 Ἐλ-

2118 3247 2240 3287 rum
2272 3242 2326 3289 et
2349 3233 2631 3302 superiora
2655 3233 2900 3298 Coronae,
2929 3249 3050 3288 cum
3073 3235 3253 3304 capite
3281 3232 3559 3304 Serpentis
3589 3251 3685 3305 per

2119 3319 2292 3379 lirsas
2338 3325 2675 3380 transeuntis
2705 3342 2718 3378 :
2747 3325 2873 3379 item
2908 3322 3186 3388 Fidiculae,
3237 3339 3302 3379 ac
3348 3324 3552 3380 dextrw
3585 3328 3684 3380 alas

2117 3414 2289 3486 Cygni
2337 3415 2652 3485 superiores
2691 3424 2921 3483 partes:
2963 3415 3163 3486 Cephei
3196 3431 3415 3488 quoque
3458 3425 3679 3488 pectus;

2116 3515 2170 3562 et
2225 3505 2509 3576 superiora
2551 3505 2874 3575 Cassiepeaa.
2912 3504 3115 3560 Deinde
3163 3506 3267 3560 sub
3311 3508 3682 3563 anterioribus

2121 3597 2280 3672 116
2329 3599 2554 3666 maioris
2589 3597 2739 3653 Ursa:
2784 3597 3015 3668 pedibus
3046 3613 3110 3652 ac
3145 3597 3378 3664 Leonis,
3414 3615 3588 3670 usque
3614 3603 3682 3655 ad

2115 3689 2530 3761 Arctophylacis
2560 3689 2870 3753 humerum,
2899 3690 3195 3743 australior
3223 3699 3307 3745 est
3334 3705 3549 3760 semper
3581 3707 3680 3760 ap-

2115 3788 2339 3851 parente
2365 3779 2573 3834 circulo
2599 3777 2823 3833 Grazcize
2848 3780 3093 3849 partibus
3125 3781 3360 3850 amplius
3382 3780 3450 3846 4;
3495 3797 3618 3835 nam
3650 3798 3681 3836 a

2113 3871 2318 3927 boreali
2343 3870 2469 3941 polo
2514 3869 2680 3924 distat
2722 3869 2971 3938 partibus
2999 3868 3211 3933 44,15’;
3258 3870 3499 3925 circulus
3541 3887 3673 3927 vero

446 3958 579 4012 λάδα
607 3959 813 4020 τόποις,
847 3957 1027 4010 πλεῖον
1058 3955 1091 4026 ἦ
1123 3953 1230 4026 μοι.
1264 3952 1326 4005 δ’.
1370 3950 1504 4004 Ἀπὸ
1537 3949 1645 4019 γὰρ
1673 3945 1767 4001 τοῦ
1800 3944 2010 4017 βορείου

2123 3979 2329 4034 semper
2356 3977 2622 4032 apparens
2640 3961 2792 4016 abest
2814 3961 3060 4032 partibus
3080 3961 3169 4014 57.
3194 3959 3366 4015 Porro
3395 3964 3684 4032 superiora.

445 4049 607 4103 πόλου
651 4047 844 4117 ἀπέχει
879 4045 988 4116 μοί.
1025 4043 1125 4116 μδ’,
1151 4044 1192 4097 δ’
1224 4042 1333 4113 (70)
1354 4059 1369 4072 °
1397 4044 1425 4094 6
1451 4041 1509 4094 δὲ
1535 4040 1621 4092 ἀεὶ
1653 4037 1885 4108 φανερὸς
1910 4035 2010 4088 κύ-

2123 4055 2340 4111 Coronae
2400 4069 2464 4108 ac
2524 4049 2783 4108 Fidicula:
2835 4052 3018 4106 minus
3081 4060 3342 4108 accurate
3397 4053 3678 4124 designata

443 4139 570 4204 κλος
599 4139 792 4209 ἀπέχει
823 4137 931 4209 μοί.
959 4136 1051 4201 λζ’.
1089 4137 1161 4188 Τὸ
1181 4135 1237 4187 δὲ
1265 4131 1469 4188 ἄνωθεν
1495 4130 1589 4186 τοῦ
1623 4129 1890 4198 Στεφάνου
1917 4127 2012 4181 καὶ

2123 4155 2261 4202 sunt.
2291 4145 2410 4201 Non
2464 4146 2608 4201 enim
2646 4160 2861 4214 semper
2914 4145 3196 4214 appareuti
3242 4145 3450 4200 circulo
3499 4147 3683 4199 vicina

440 4235 541 4306 τῆς
577 4232 758 4305 Δύρας
799 4230 1240 4300 ὁλοσχερέστεροι)
1273 4226 1504 4297 εἴρηται.
1552 4226 1625 4278 Οὐ
1671 4223 1780 4295 γὰρ
1824 4237 2013 4288 συνεγ-

2123 4241 2216 4294 ista
2244 4251 2406 4304 sunt;
2440 4237 2535 4292 sed
2568 4243 2860 4305 utrumque
2889 4235 3046 4306 longe
3074 4243 3159 4290 est
3193 4238 3509 4291 australius.
3539 4236 3672 4292 Nam

442 4325 583 4396 γξζει
601 4324 772 4379 ταῦτα
801 4323 878 4395 τῷ
906 4323 1152 4390 ἀειφανεῖ
1179 4319 1382 4389 κύκλῳ,
1411 4319 1524 4372 ἀλλ’
1557 4317 1812 4386 ἑκάτερον
1832 4313 2010 4367 αὐτῶν

2123 4329 2384 4385 borealior
2417 4342 2604 4382 earum
2639 4342 2760 4395 qua:
2792 4333 2918 4380 sunt
2943 4326 2998 4379 in
3022 4325 3286 4388 Fidicula,
3307 4325 3475 4381 distat
3499 4341 3528 4380 a
3551 4329 3676 4397 polo

442 4415 622 4489 πολλῷ
652 4414 965 4486 νοτιώτερόν
1002 4415 1166 4465 ἐστιν.
1198 4413 1255 4465 Ὁ
1291 4412 1387 4482 μὲν
1408 4411 1516 4482 γὰρ
1545 4409 1877 4480 βορειότερος
1899 4405 2007 4459 τῶν

2123 4418 2317 4473 boreali
2375 4417 2623 4485 partibus
2661 4415 2762 4480 49;
2813 4422 3152 4484 caput_vero
3199 4415 3482 4485 Serpentis
3514 4415 3671 4472 Ursis

440 4513 500 4566 ὲν
524 4512 588 4583 τῇ
623 4507 774 4581 Λύρᾳ
798 4508 989 4577 ἀπέχει
1021 4507 1128 4558 ἀπὸ
1153 4505 1246 4558 τοῦ
1287 4502 1495 4574 βορείου
1532 4501 1695 4554 πόλου
1733 4499 1841 4568 μοί.
1878 4496 1962 4568 μθ¹
1989 4513 2002 4527 ·

2123 4509 2380 4578 lnterjecti
2417 4508 2714 4563 australius
2753 4507 2970 4577 quidem
3011 4515 3116 4573 est,
3178 4507 3272 4560 sed
3328 4523 3544 4576 semper
3577 4523 3676 4578 ap-

439 4605 476 4674 ἡ
501 4601 556 4655 δὲ
600 4599 812 4671 κεφαλὴ
856 4599 964 4669 (Ἡ)
1002 4596 1094 4650 τοῦ
1144 4595 1231 4649 διὰ
1272 4594 1380 4648 τῶν
1413 4595 1660 4664 ’Λρκτων
1687 4592 1899 4658 Ὄφεως
1921 4606 2007 4642 νο-

2123 4601 2320 4671 parcuti
2369 4610 2550 4684 tamen
2612 4599 2819 4652 circulo
2867 4596 3111 4650 citimum
3161 4604 3265 4650 est.
3320 4595 3530 4665 Quippe
3578 4611 3674 4650 au-

436 4692 670 4764 τιωτέρα
699 4692 816 4763 μὲν,
838 4692 1004 4759 ἐγγὺς
1031 4689 1086 4742 δὲ
1107 4687 1201 4741 τοῦ
1223 4685 1510 4755 ἀειφανοῦς
1531 4683 1730 4737 κύκλου
1757 4683 2001 4752 φέρεται.

2123 4692 2338 4747 stralior
2371 4683 2610 4750 illarum,
2636 4695 2688 4741 et
2725 4688 2776 4741 in
2818 4688 3042 4742 sinistro
3072 4689 3172 4742 sita
3197 4696 3442 4756 tempore
3462 4688 3615 4743 abest
3642 4703 3672 4742 a

447 4784 508 4838 '0
542 4785 652 4855 γὰρ
691 4781 1005 4854 νοτιώτςρος
1047 4779 1248 4845 αὐτῶν,
1293 4778 1386 4832 καὶ
1425 4778 1518 4830 ἐπὶ
1572 4774 1667 4828 τοῦ
1713 4771 2004 4844 ἀριστεροῦ

2123 4783 2232 4851 )olo
2276 4782 2528 4852 partibus
2575 4779 2665 4845 57,
2695 4787 2828 4850 quot
2869 4795 3083 4849 semper
3113 4794 3384 4849 apparens
3431 4778 3672 4832 circulus

2104 4937 2305 4997 doxus.
2335 4937 2555 5007 longius
2586 4944 2742 4991 erant
2801 4936 2879 5007 ad_
2929 4943 3445 5007 austrumpremota,
3507 4950 3670 5002 supe-

2102 5011 2246 5063 riora
2276 5005 2503 5063 Cororiae
2520 5009 2744 5076 pariter,
2767 5021 2831 5060 ac
2859 5005 3043 5076 Lyra);
3070 5006 3158 5076 ubi
3175 5005 3242 5060 de
3259 5006 3524 5076 ambobus
3555 5007 3671 5076 siu-

2100 5079 2328 5147 gillatim
2365 5073 2596 5146 probare
2615 5079 2780 5146 coepit
2811 5114 2841 5147 ,_
2877 5073 3040 5130 unius
3068 5074 3222 5147 Lyra;
3274 5075 3522 5147 meminit
3544 5073 3670 5147 ;___de

2099 5143 2316 5202 Corona
2345 5143 2415 5202 ne
2454 5147 2686 5200 litteram
2707 5143 2932 5216 quidem
2958 5143 3341 5216 fecitﬁDesunt
3368 5145 3532 5214 igitur
3555 5143 3668 5206 illa,

2099 5220 2300 5289 quibus
2332 5214 2790 5289 quotpartibus'a
2825 5218 2949 5289 polo
2999 5215 3226 5289 Corona
3256 5214 3506 5277 distaret,
3543 5227 3670 5289 ape—

2097 5283 2230 5343 ruit.
2257 5283 2426 5356 Finge
2476 5283 2843 5354 Hipparchum
2871 5355 2875 5356 ν
2905 5287 2987 5356 ita
3010 5285 3324 5356 scripsisse
3355 5299 3368 5356 ξ
3407 5291 3527 5350 post
3561 5283 3667 5356 is_ta

2097 5357 2206 5411 ἀπὸ
2225 5357 2319 5410 τοῦ
2357 5351 2567 5426 βορείου
2581 5351 2750 5408 πόλου
2791 5355 2898 5426 μοί.
2929 5355 3036 5424 μ6’·
3067 5357 3094 5408 6
3118 5351 3173 5408 δὲ
3194 5355 3534 5426 βορειότερος
3560 5351 3671 5426 τῷν

430 5433 554 5473 cum
576 5419 954 5508 Hipparchus,
980 5427 1038 5508 ut
1071 5434 1134 5508 se
1181 5416 1558 5508 harbct‘modo,
1591 5416 1823 5508 videtur,
1858 5418 1994 5500 Nam

2127 5445 2160 5508 ν
2213 5427 2291 5508 τῷ
2320 5416 2610 5508 Στεφάνης,
2657 5416 3037 5508 μοί.“’νγ’.’;ῌ
3088 5426 3145 5478 δὲ
3193 5416 3403 5508 articuli;
3437 5416 3535 5508 τοῦ
3581 5421 3668 5508 διὰ

428 5499 595 5567 caput
619 5486 881 5567 Draconis
909 5488 1208 5542 australius
1236 5487 1372 5567 facit
1407 5489 1616 5567 arctieo
1649 5486 1869 5567 Graeciae
1891 5491 1995 5567 cir-

2123 5497 2202 5550 ‘t'bv
2222 5486 2480 5567 ’Ᾱρκτυίν
2509 5486 2724 5567 Ὄφεως
2774 5486 2866 5548 ὲπῖ
2897 5494 2988 5567 τοῦ
3011 5486 3301 5564 άειφανοῦς
3341 5486 3543 5567 κύκλου
3574 5492 3668 5560 φέ.

429 5562 677 5636 culo_;_et
711 5559 853 5612 idem
879 5567 1056 5612 tamen
1089 5558 1313 5636 praecise
1341 5559 1481 5612 ineo
1515 5559 1726 5613 circulo
1756 5562 1990 5636 reponit,
2099 5583 2270 5636 ρεται,
2297 5558 2831 5636 Βοι·ε;ιιίοιή’(ζοι·οιιω
2873 5558 3165 5634 ΙΙίρρτιΓοίιί
3205 5558 3449 5636 tempore
3493 5558 3668 5636 dista-

429 5584 587 5625 cum;
622 5584 677 5612 et
711 5584 853 5612 suum
879 5584 1056 5612 suum"
1089 5584 1313 5627 primum:
1341 5584 1397 5611 Ill
1415 5584 1481 5612 cu
1515 5584 1726 5613 cu‘ctuu
1757 5584 1990 5629 rcpuult,
2133 5584 2270 5619 εται.
2297 5584 2576 5620 uoreattor
2604 5584 2831 5620 uorona:
2874 5584 3165 5634 Illppfll'Clll
3205 5584 3449 5636 tempore
3493 5584 3664 5616 ursur-

427 5628 698 5708 siquidem
747 5636 1051 5708 utrumque
1107 5628 1366 5708 gradibus
1418 5636 1624 5708 septem
1663 5639 1718 5682 et
1769 5632 1993 5708 triginta
2094 5584 2188 5691 ὕοι
2223 5651 2254 5688 a
2290 5637 2413 5708 polo
2446 5635 2710 5708 gradibus
2734 5636 2968 5708 amplius
3000 5636 3083 5690 55.
3113 5652 3176 5708 ex
3199 5639 3405 5708 nostris
3441 5631 3664 5708 tabulis.

427 5696 596 5778 distat
620 5713 649 5752 a
674 5699 816 5778 polo.
846 5696 1113 5778 Praeterea
1139 5713 1264 5778 cum
1292 5700 1406 5778 duo.
1451 5696 1648 5778 sidera
1669 5696 1992 5778 proposu‘is-
2093 5708 2176 5759 sic
2208 5696 2474 5778 et.prer
2492 5707 2764 5763 horealior
2796 5696 3042 5776 partibus
3075 5705 3146 5761 ab
3167 5707 3361 5763 eodem
3395 5706 3522 5776 polo
3570 5699 3669 5754 ab-

426 5776 530 5834 set,
562 5785 683 5839 qua:
704 5771 774 5824 ab
808 5772 1014 5826 arctico
1041 5770 1268 5834 circulo,
1319 5768 1407 5823 ubi
1446 5784 1508 5824 ea
1545 5770 1846 5825 collocarat
1881 5770 1989 5825 Ειι-
2095 5782 2213 5832 erat
2239 5768 2365 5831 51.⁷
2796 5768 2813 5776 ’
3039 5791 3052 5809 ⁶
3340 5787 3344 5791 ’

530 4929 616 5001 68)
648 4930 773 4984 Haec
795 4935 941 5001 sunt
967 4928 1280 5001 depravata».

646 5001 826 5073 Deest,
859 4997 1075 5073 opinor,
1107 4997 1334 5073 aliquid.

502 5065 616 5142 (70)
645 5065 912 5136 Ἀπέχει’
927 5070 1050 5139 μοί.
1084 5065 1214 5136 μδ¹ξ
1245 5065 1456 5142 scribe,
1491 5070 1602 5142 μα’,
1632 5065 1694 5142 δ’.
1739 5066 1875 5142 Nam
1920 5068 2001 5121 al-

433 5137 551 5194 tera
584 5137 748 5197 lectio
764 5137 1020 5209 corrupta
1048 5149 1158 5205 est,
1184 5146 1245 5192 ut
1265 5137 1607 5208 Hipparchus
1632 5140 1750 5209 ipse
1775 5139 2000 5195 demon-

433 5217 614 5352 διῗδιιί)
663 5278 817 5334 Ἡδὲ
843 5275 1099 5352 κεφαλή.
1141 5275 1261 5330 Νοη
1319 5276 1496 5352 solum
1533 5277 1852 5344 mendosus,
1901 5280 1995 5334 sed

430 5347 656 5405 mutilus
686 5354 852 5404 etiam
884 5351 971 5403 llic
1001 5352 1152 5402 locus
1182 5355 1286 5418 est.
1343 5347 1585 5418 Primum
1628 5365 1872 5418 pugnare
1913 5366 1998 5405 se-
