4130 6410
445 457 585 513 1059

1436 449 1529 504 AD
1569 445 1837 503 EUSEBII
1874 444 2271 502 CHRUNICU.‘
2314 443 2675 497 APPENDll.

3547 392 3685 483 rosa

444 580 682 632 constat.
730 571 926 629 Pectus
971 579 1153 626 autem
1209 566 1418 640 Cephei
1459 575 1755 639 apparente
1801 580 2016 637 semper

2128 562 2389 637 κροτάφου
2423 563 2673 634 κείμενος
2720 561 2912 631 ἀπέχει
2963 558 3072 613 ἀπὸ
3106 557 3199 611 τοῦ
3238 556 3401 611 πόλου
3438 556 3548 627 μοί.
3592 556 3691 623 λζ’.

443 666 651 722 circulo
678 675 763 721 est
816 663 1133 724 australius,
1165 669 1224 715 ut
1274 674 1441 731 supra
1493 659 2017 716 demonstravimus.

445 756 658 814 Dextra:
678 758 775 812 ala:
808 756 978 828 Cygni
1009 755 1323 825 superiores
1355 759 1562 823 partes,
1597 760 1650 807 et
1676 767 1771 823 pes
1799 750 2019 807 Cassie-

445 865 560 924 peae
605 851 660 905 in
708 859 1001 919 apparente
1032 847 1239 902 circulo
1298 847 1567 902 feruntur.
1631 844 1844 900 Etenim
1914 844 2019 899 bo-

444 945 645 999 realior
673 957 882 1002 earum,
913 955 1035 1010 qua:
1064 939 1117 993 in
1146 949 1388 995 extrema
1414 945 1543 992 sunt
1573 938 1656 991 ala
1687 938 1899 999 dextra,
1937 935 2022 990 di-

442 1041 603 1088 stata
634 1032 837 1087 boreali
872 1031 998 1101 polo
1060 1030 1309 1100 partibus
1343 1027 1448 1095 60;
1497 1028 1768 1082 horealior
1805 1040 2017 1088 earum,

443 1139 563 1195 qua:
584 1131 707 1179 sunl
740 1122 795 1177 in
833 1123 1148 1191 Cassiepea,
1179 1130 1233 1175 et
1264 1120 1317 1173 in
1353 1120 1585 1190 pedibus
1610 1121 1735 1180 sita,
1765 1117 1920 1171 abest
1951 1116 2021 1169 ab

440 1213 631 1270 eodem
672 1215 794 1283 polo
819 1212 1081 1282 gradibus
1110 1211 1199 1265 ‘53.
1240 1208 1386 1276 Quin
1418 1218 1471 1265 ct
1495 1209 1716 1278 majoris
1741 1205 1891 1262 Urs:c
1921 1221 2018 1276 pe-

440 1303 539 1360 des
570 1304 901 1359 borealiorcs
939 1303 1190 1357 feruntur
1215 1317 1428 1372 semper
1464 1308 1759 1371 appareutc
1787 1299 2019 1356 circulo.

442 1395 722 1468 Siquidem
750 1395 1083 1451 antecedens
1117 1395 1333 1449 illorum
1380 1410 1409 1448 a
1438 1394 1642 1450 borcali
1680 1394 1805 1464 pulo
1842 1408 2023 1447 remo-

442 1498 599 1546 vctur
639 1489 887 1558 partibus
929 1487 1041 1543 fere
1074 1487 1180 1554 26;
1229 1488 1567 1554 succedens,
1604 1486 1853 1557 partibus
1910 1486 2022 1540 fere

438 1579 532 1637 25.
576 1578 714 1636 Vere
765 1580 951 1649 itaque
985 1578 1359 1649 pronuntiavit
1408 1586 1764 1649 apparentem
1806 1590 2022 1648 semper

442 1672 713 1728 circulum
743 1672 981 1726 transire
1011 1670 1155 1724 inter
1184 1666 1383 1725 Ursam
1415 1686 1480 1726 ac
1510 1668 1771 1726 Leonem.

510 1931 631 1990 Jam
685 1933 741 1987 in
788 1947 855 1988 eo
903 1932 1137 1999 circulo,
1171 1932 1263 2003 qui
1295 1947 1579 2004 nunquam
1620 1939 1863 2004 apparet,
1893 1946 2014 2004 quae
2046 1926 2087 1983 Β

440 2026 630 2083 insunt
660 2032 828 2090 astra,
861 2040 973 2079 non
998 2023 1251 2079 videntur
1270 2027 1517 2080 omnino.
1554 2023 1809 2079 Proxime
1838 2036 2016 2080 autem

442 2118 665 2186 absunt,
708 2118 908 2187 inquit,
932 2118 1002 2173 ab
1033 2134 1100 2172 eo
1130 2128 1387 2174 extremae
1424 2127 1607 2188 partes
1633 2132 1788 2188 aqua:
1816 2115 2013 2171 Flumi-

441 2214 569 2283 nis;
617 2220 672 2270 et
731 2215 959 2268 l'undum
1002 2213 1191 2278 Naris,
1241 2230 1307 2269 ac
1363 2212 1828 2270 Gubernaculum.
1878 2212 2017 2267 Tum

441 2303 609 2375 Fera;
646 2323 747 2362 nec
774 2323 884 2362 non
913 2307 1040 2361 Ara.
1072 2304 1206 2362 ltem
1236 2305 1521 2378 Sngittarii
1566 2321 1697 2361 crus
1727 2306 2015 2370 dextrum;

441 2415 565 2472 quae
607 2408 789 2456 autem
843 2400 1058 2455 videtur
1099 2416 1165 2455 ex
1217 2398 1459 2471 [Egypto
1502 2398 1682 2463 stella,
1716 2397 1770 2451 in
1823 2395 2020 2452 eodem

441 2494 779 2559 continetur.
834 2490 913 2547 Ex
968 2491 1056 2548 his
1107 2507 1231 2562 qua:
1285 2502 1567 2560 utcunque
1615 2497 1745 2544 sunt
1796 2486 2018 2544 veritati

444 2586 717 2659 proxima,
749 2593 905 2641 extra
929 2586 1366 2641 controversiain
1415 2583 1727 2655 seponendn
1755 2590 1905 2638 sunt.
1940 2579 2015 2638 De

442 2692 508 2734 ea
539 2693 671 2733 vero
700 2679 880 2743 stella,
921 2693 1043 2747 qua:
1066 2675 1327 2747 Canopus
1360 2675 1588 2743 dicitur,
1619 2691 1727 2731 non
1756 2683 1903 2730 recte
1932 2689 2022 2729 as-

445 2768 580 2824 serit
624 2768 802 2839 ipsam
857 2771 914 2823 in
962 2776 1261 2838 apparente
1304 2782 1583 2837 nunquam
1624 2767 1834 2822 circulo
1866 2766 2017 2822 ferri.

446 2857 543 2913 Est
566 2861 710 2913 enim
741 2858 858 2913 haec
881 2858 1175 2914 australior
1200 2872 1389 2912 earmn
1415 2873 1537 2929 quae
1564 2867 1692 2913 sunt
1717 2858 1772 2911 in
1813 2855 2023 2911 Guber-

449 2952 671 3015 naculo,
725 2961 891 3021 atque
927 2950 1107 3005 lucida
1140 2967 1153 3004 :
1186 2966 1308 3019 qua:
1335 2965 1365 3003 a
1412 2951 1537 3020 polo
1582 2950 1750 3005 distat
1774 2950 2022 3020 partibus

445 3043 517 3101 38
542 3043 667 3117 ιβ.
697 3046 767 3098 At
793 3060 1006 3115 semper
1031 3059 1300 3117 apparens
1341 3044 1565 3100 Athenis
1590 3045 1832 3100 circulus
1867 3045 2024 3099 abest

447 3153 478 3191 a
514 3137 640 3209 polo
689 3138 938 3209 partibus
977 3136 1082 3204 ‘57;
1124 3138 1178 3191 in
1210 3136 1403 3192 ltltodo
1446 3152 1596 3203 vero,
1633 3137 1880 3207 partibus
1924 3135 2019 3192 36.

444 3230 677 3286 Constat
727 3230 895 3302 igitur
934 3229 1178 3285 eamdem
1227 3230 1440 3284 stellam
1484 3230 1845 3285 liorealiorcm
1898 3245 2023 3286 esse

449 3337 730 3391 nttuquam
758 3329 1055 3391 apparente
1083 3320 1305 3376 Graecia:
1335 3321 1565 3384 circulo,
1602 3337 1667 3376 ac
1693 3339 1860 3393 supra
1912 3330 2023 3378 ter-

447 3427 566 3469 ram
610 3414 783 3469 videri
823 3429 1007 3486 posse,
1044 3421 1103 3469 ut
1127 3415 1292 3469 etiam
1327 3415 1476 3469 circa
1511 3414 1766 3471 Rhodum
1801 3416 2026 3488 prospi-

448 3506 612 3559 citur.

520 3593 734 3651 XXVII.
766 3594 950 3667 Pergit
970 3595 1232 3652 Eudoxus
1256 3614 1351 3654 eas
1375 3599 1652 3670 explicare
1676 3601 1885 3669 stellas,
1906 3612 2028 3672 qute

449 3688 504 3742 in
537 3688 747 3743 coluris
798 3689 1008 3752 insunt,
1042 3703 1106 3744 ac
1135 3689 1294 3744 docet
1332 3690 1384 3744 in
1417 3690 1611 3745 horum
1640 3692 1817 3747 altero
1854 3695 2024 3749 situm

447 3791 571 3831 esse
597 3776 835 3831 medium
871 3778 1021 3832 Ursa:
1053 3777 1277 3846 majoris
1301 3786 1354 3832 et
1382 3777 1615 3845 Cancri;
1649 3794 1747 3832 nec
1782 3793 1889 3833 non
1917 3776 2029 3850 Hy-

448 3866 534 3921 Jri
567 3867 793 3933 collum,
822 3875 876 3921 et
911 3868 979 3923 de
1028 3866 1160 3923 Navi
1190 3873 1331 3940 quod
1370 3886 1601 3941 puppem
1652 3872 1797 3927 inter
1823 3879 1876 3927 et
1909 3887 2029 3925 ma-

450 3958 562 4015 lum
590 3958 897 4013 intercedit.
939 3956 1146 4015 Deinde
1197 3973 1318 4031 post
1347 3977 1564 4033 semper
1610 3962 1868 4019 latentem
1923 3978 2027 4034 po-

451 4049 584 4114 lum,
605 4047 834 4102 caudam
856 4051 1111 4107 australis
1139 4048 1335 4115 Piscis,
1354 4063 1407 4107 ct
1439 4053 1673 4109 medium
1701 4052 2027 4127 Capricorni

451 4141 657 4214 pariter
687 4156 751 4195 ac
801 4138 1359 4212 Sagittae..Eumdem
1406 4154 1669 4215 praeterea
1712 4163 1806 4218 per
1854 4147 2028 4220 Cygni

451 4228 677 4294 collum,
707 4230 959 4300 alamque
986 4230 1258 4297 dextram,
1291 4247 1356 4287 ac
1393 4250 1488 4305 per
1512 4238 1793 4292 sinistram
1825 4237 2027 4309 Cephei

453 4331 676 4373 manum
704 4318 976 4389 describi;
1014 4328 1127 4375 tum
1165 4337 1266 4394 per
1290 4322 1487 4379 ﬂexum
1517 4325 1821 4398 Serpentis,
1848 4342 1915 4385 ac
1938 4345 2030 4387 se-

453 4410 693 4465 cundum
740 4410 969 4467 minoris
1012 4409 1164 4467 Ursa:
1219 4415 1469 4468 caudam.

521 4670 815 4730 Enimvero
844 4674 914 4731 de
958 4672 1098 4733 Ursa
1133 4678 1350 4749 penitus
1391 4681 1629 4737 aberrat.
1664 4680 1843 4753 Hujus
1883 4686 2028 4741 enim

454 4765 828 4836 praecedentes
863 4767 918 4822 in
953 4770 1151 4839 capite,
1199 4780 1253 4825 et
1281 4787 1402 4843 qua:
1445 4774 1500 4829 in
1532 4776 1901 4834 anterioribus
1938 4794 2032 4849 pc-

454 4855 640 4920 dibus.
673 4860 728 4915 in
759 4858 958 4916 Leonis
986 4861 1428 4920 dodecatemorio
1458 4873 1589 4921 sunt
1622 4868 1760 4927 sitae.
1792 4869 2027 4938 Quinam

454 4965 587 5023 ergo
619 4950 733 5007 fieri
765 4953 959 5024 possit,
989 4961 1050 5009 ut
1079 4955 1316 5011 medium
1351 4955 1506 5015 Ursa:
1539 4960 1594 5015 in
1640 4959 1845 5018 Cancri
1870 4963 2029 5034 prin-

456 5042 604 5113 cipio
653 5045 993 5101 collocetur?
1018 5048 1087 5101 At
1116 5048 1485 5117 pnecedentes
1518 5052 1577 5107 in
1627 5051 1800 5125 Hydri
1853 5056 2031 5128 capite

530 5201 642 5272 (72)
664 5203 773 5258 Καὶ
799 5206 853 5258 οι
893 5204 1075 5268 πόδες
1103 5204 1190 5258 δέ.
1226 5174 1406 5260 Falso.

2121 656 2251 718 ὅσας
2283 655 2378 708 καὶ
2399 655 2427 707 6
2460 653 2724 725 ἁειφανὴς
2747 651 2962 715 κύκλος.
2996 648 3104 704 Τοῦ
3137 648 3194 703 δὲ
3221 648 3458 719 Κηφέως
3481 648 3543 701 τὸ
3569 651 3696 722 στῆ-

2123 745 2214 810 θος
2238 745 2551 817 νοτιὼτερόν
2586 747 2703 798 ἔστι
2733 742 2827 798 τοῦ
2878 740 3169 813 ἀειφανοῦς
3201 740 3421 807 κύκλου,
3465 740 3541 804 ὡς
3566 741 3697 812 πρό-

2119 852 2276 907 τερον
2309 836 2747 907 ὑποδεδείχαμεν.
2787 835 2899 907 Τῆς
2929 833 3108 899 δεξιᾶς
3138 833 3406 904 πτέρυγος
3441 830 3536 885 τοῦ
3568 832 3698 902 ὐρο

2120 930 2263 994 νιθος
2298 930 2367 984 τὰ
2410 929 2637 994 ἄνωθεν,
2664 929 2757 982 καὶ
2798 927 2899 998 τῆς
2931 924 3302 989 Κασσιεπείας
3342 925 3371 978 6
3409 923 3565 987 ποῦς,
3605 924 3699 980 ἐπὶ

2119 1019 2213 1073 τοῦ
2249 1020 2481 1093 φανεροῦ
2513 1019 2710 1073 κύκλου
2741 1018 2985 1089 φέρεται.
3013 1016 3074 1069 ὐ
3107 1016 3203 1087 μὶν
3231 1015 3340 1086 γὰρ
3366 1012 3699 1085 βορειύτερος

2120 1111 2227 1165 τῶν
2256 1112 2315 1165 ὲν
2345 1112 2491 1185 ἄκρᾳ
2535 1114 2601 1184 τῇ
2650 1109 2799 1182 δεξιᾷ
2838 1109 3070 1178 πτέρυγι
3112 1108 3304 1177 ἀπέχει
3340 1104 3450 1160 ἀπὸ
3478 1105 3570 1158 τοῦ
3612 1104 3699 1175 βο-

2122 1202 2270 1275 ρείου
2309 1202 2509 1256 κύκλου
2556 1202 2663 1273 μοί.
2705 1208 2792 1271 μ”
2827 1201 2856 1253 6
2898 1200 2955 1253 δὲ
2998 1197 3336 1270 βορειότερος
3381 1195 3487 1249 τῶν
3530 1197 3591 1249 ἐν
3627 1197 3709 1277 τῇ

2121 1294 2482 1365 Κασσιεπείᾳ.
2513 1295 2571 1359 ὃς
2608 1296 2755 1349 ἐστιν
2789 1297 2847 1349 ὲν
2876 1298 2990 1359 τοῖς
3035 1294 3213 1355 ποσὶν,
3246 1290 3437 1361 ἀπέχει
3464 1290 3572 1343 ἀπὸ
3602 1287 3697 1341 τοῦ

2122 1383 2284 1436 πόλου
2318 1384 2427 1454 μοί.
2474 1384 2572 1455 λη’.
2606 1384 2715 1437 Καὶ
2761 1385 2810 1437 οἱ
2860 1384 3018 1445 πόδες
3065 1383 3122 1436 δὲ
3164 1381 3275 1452 (ἹΞ)
3307 1380 3405 1450 τῆς
3455 1378 3698 1451 μεγάλης

2125 1474 2361 1545 Ἄρκτου
2397 1474 2723 1545 βορειότεροι
2753 1474 3008 1545 φέρονται
3031 1471 3124 1525 τοῦ
3151 1468 3442 1540 ἁειφανοῦς
3471 1468 3693 1522 κύκλου.

2131 1554 2191 1618 όΟ
2223 1566 2321 1637 μὲν
2350 1568 2459 1638 γὰρ
2479 1566 2780 1638 ἡγούμενος
2806 1566 2986 1618 αὐτῶν
3014 1566 3205 1636 ἀπέχει
3231 1562 3339 1616 ἀπὸ
3367 1560 3459 1615 τοῦ
3487 1559 3697 1632 βορείου

2123 1659 2285 1712 πόλου
2317 1661 2442 1734 περὶ
2472 1660 2583 1731 μοί.
2636 1659 2744 1714 x6"
2786 1662 2815 1713 6
2859 1660 2915 1713 δὲ
2962 1659 3226 1730 ἑπόμενος
3273 1656 3401 1728 περὶ
3443 1654 3553 1727 μοί.
3596 1658 3695 1707 κε’.

2120 1752 2370 1821 Εύλόγως
2402 1749 2494 1806 οὖν
2529 1771 2661 1824 φησι
2691 1753 2779 1808 τὶν
2814 1753 3047 1823 ἀειφανῆ
3081 1751 3338 1825 φέρεσθαι
3369 1748 3571 1821 μεταξὺ
3600 1747 3699 1818 τῆς

2125 1846 2363 1917 Ἀρκτου
2399 1848 2491 1899 καὶ
2515 1847 2607 1900 τοῦ
2636 1848 2886 1911 Λέοντοςι

2198 1938 2320 1992 Ἐπὶ
2356 1939 2413 1993 6}.
2444 1938 2535 1993 τοῦ
2566 1941 2654 1993 ἀεὶ
2688 1939 2928 2009 ἀφανοῦς
2956 1939 3156 1993 κύκλου
3189 1938 3256 1992 τὰ
3293 1938 3391 2010 μὲν
3419 1936 3506 1991 ἐπ’
3532 1933 3698 1990 αὐτοῦ

2118 2030 2393 2101 φερόμενα
2441 2033 2617 2103 ἄστρα
2662 2032 2760 2102 οὐχ
2812 2034 3024 2104 ὁρᾶται.
3069 2032 3380 2100 Ἐγγντάτω
3407 2029 3486 2095 δὲ,
3514 2028 3696 2100 φησὶν,

2119 2122 2283 2177 αὑτοῦ
2312 2125 2427 2177 ἐστι
2459 2124 2554 2177 τοῦ
2593 2142 2649 2178 τε
2689 2123 2882 2188 ὓδατος
2905 2126 2998 2177 τοῦ
3032 2122 3284 2194 Ποταμοῦ
3327 2122 3396 2175 τὰ
3425 2121 3569 2192 ἄκρα
3606 2120 3699 2174 καὶ

2117 2217 2218 2287 τῆς
2262 2215 2489 2287 Ἀργοῦς
2535 2217 2595 2270 τὸ
2651 2217 2866 2288 ἔδαφος,
2920 2218 3013 2271 κα)⁵
3055 2217 3116 2270 τὸ
3164 2215 3459 2287 Πηδάλιον
3493 2209 3611 2268 εἶτα
3638 2212 3701 2268 τὸ

2118 2308 2320 2381 Θηρίον
2371 2310 2465 2363 καὶ
2506 2310 2565 2363 τὸ
2603 2309 2972 2383 Θυμιατήριον
2997 2327 3011 2342 ·
3054 2310 3133 2364 ἔτι
3160 2307 3215 2362 δὲ
3257 2308 3351 2362 τοῦ
3384 2307 3611 2375 Τοξότου
3631 2305 3701 2362 τὰ

2117 2400 2265 2468 δεξιὰ
2295 2401 2481 2470 σκέλη.
2512 2402 2572 2455 Ὀ
2596 2401 2649 2455 δὲ
2673 2400 2731 2467 ἐξ
2756 2403 3031 2471 Αἰγύπτου
3048 2401 3320 2471 ὁρώμενος
3348 2401 3524 2471 ἀστήρ
3553 2399 3701 2452 ἔστιν

2120 2492 2177 2545 ὲν
2198 2490 2363 2560 αὐτῷ.
2400 2490 2615 2545 Τούτων
2651 2491 2706 2545 δὲ
2738 2496 2807 2544 τὰ
2838 2492 2935 2563 μὲν
2966 2490 3121 2555 ἄλλα,
3142 2491 3262 2545 ἐπεὶ
3286 2490 3426 2544 κατὰ
3455 2489 3541 2543 τὰ⁶
3574 2505 3700 2543 συν-

2121 2582 2385 2653 εγγισμὸν
2430 2584 2663 2655 εἴρηται,
2702 2584 2802 2636 ούκ
2837 2583 2901 2636 ἂν
2934 2583 3235 2647 διστάςοιτο
3259 2599 3274 2613 ·
3301 2585 3330 2637 6
3350 2582 3408 2635 δὲ
3437 2580 3704 2652 καλούμε-

2121 2690 2210 2737 νος
2245 2674 2509 2739 Κάνωπος
2540 2675 2640 2727 ούκ
2672 2672 2848 2747 ὀρθῶς
2885 2673 3098 2744 λέγεται
3131 2675 3188 2726 ὲν
3218 2671 3367 2744 αὐτῷ
3400 2673 3479 2744 τῷ
3507 2671 3707 2741 ἀφανεῖ

2123 2765 2305 2837 κύκλῳ
2338 2764 2616 2837 φέρεσθαι.
2653 2768 2809 2821 Ἐστι
2843 2768 2951 2839 γὰρ
2995 2760 3148 2830 οὗτος
3175 2768 3203 2820 6
3238 2766 3553 2838 νοτιὼτερος
3595 2764 3703 2820 τῶν

2124 2860 2180 2914 έν
2205 2857 2282 2928 τῷ
2310 2857 2584 2930 Πηδαλίῳ,
2628 2860 2719 2912 καὶ
2768 2859 3038 2931 λαμπρός.
3076 2860 3293 2931 Ἀπέχει
3325 2859 3380 2913 δὲ
3410 2854 3562 2924 οὗτος
3591 2858 3703 2930 (75)

2123 2951 2231 3005 ἀπὸ
2268 2951 2361 3005 τοῦ
2407 2952 2569 3004 πόλου
2605 2953 2733 3024 περὶ
2781 2953 2890 3023 μοί.
2933 2952 3013 3023 λη’
3049 2951 3132 3006 S".
3175 2953 3231 3006 Ὀ
3268 2952 3325 3005 δὲ
3358 2955 3417 3006 ἐν
3454 2952 3705 3023 Ἀθήναις

2125 3037 2390 3110 ἀειφανὴς
2423 3039 2620 3104 κύκλος
2667 3040 2861 3111 ἀπέχει
2906 3040 3014 3094 ἀπὸ
3064 3040 3157 3094 τοῦ
3208 3043 3372 3096 πόλου
3423 3044 3550 3114 περὶ
3588 3041 3701 3114 μοι.

2125 3124 2235 3190 λζ’·
2267 3129 2296 3180 6
2339 3126 2395 3180 δὲ
2430 3130 2488 3180 ὲν
2524 3129 2688 3199 Ῥόδῳ
2730 3131 2857 3201 περὶ
2906 3130 3015 3201 μοί.
3066 3130 3173 3196 λς’.
3203 3132 3372 3203 Δῆλον
3404 3128 3516 3196 οὖν,
3566 3133 3647 3187 ὅτι
3676 3135 3707 3188 6

2126 3217 2300 3290 ἀστὴρ
2323 3215 2475 3283 οὗτος
2497 3219 2833 3294 βορειότερὸς
2860 3223 2975 3275 ἐστι
3004 3222 3096 3276 τοῦ
3128 3224 3184 3277 ὲν
3221 3228 3288 3295 τῇ
3332 3224 3538 3280 Ἐλλάδι
3565 3226 3706 3294 ἁφα-

2126 3310 2251 3373 νοῦς
2279 3311 2500 3377 κύκλου,
2534 3314 2629 3366 καὶ
2664 3314 2884 3368 δύναται
2934 3316 3073 3383 ὑπὲρ
3111 3317 3213 3388 γῆς
3253 3317 3551 3389 φερόμενος
3587 3318 3707 3390 βλέ-

2127 3402 2324 3456 πεσθαι
2345 3420 2359 3433 ·
2392 3406 2486 3458 καὶ
2511 3405 2577 3476 δὴ
2611 3406 2706 3459 καὶ
2744 3405 3031 3479 θεωρεῖται
3063 3408 3121 3461 ἑν
3150 3411 3263 3474 τοῖς
3303 3410 3430 3482 περῖ⁵
3457 3412 3555 3484 τὴν
3586 3409 3706 3467 Ῥό-

2124 3493 2213 3547 δον
2246 3493 2450 3558 τόποις.

2198 3588 2325 3642 ΚΖ’.
2350 3588 2517 3643 Πάλιν
2547 3588 2602 3644 δὲ
2631 3592 2658 3644 6
2690 3588 2915 3656 Εὔδοξος
2944 3592 3195 3663 διασαφεῖ
3219 3594 3309 3647 καὶ
3333 3593 3456 3658 τοὺς
3478 3588 3569 3648 imi
3597 3593 3707 3649 τῶν

2128 3679 2401 3752 κολούρων
2430 3682 2739 3755 λεγομένοιν
2768 3686 2983 3741 κύκλων
3015 3687 3298 3758 κειμένους
3326 3689 3580 3760 ἀστέρας,
3612 3691 3707 3744 καί

2129 3787 2294 3843 φησιν
2320 3772 2413 3825 ἐπὶ
2449 3775 2548 3844 μὲν
2577 3774 2673 3829 τοῦ
2711 3775 2829 3840 ἐνὸς
2861 3777 3040 3831 αὐτῶν
3069 3778 3279 3833 κεῖσθαι
3317 3778 3379 3833 τὸ
3418 3781 3581 3850 μέσον
3607 3780 3709 3854 τῆς

2132 3862 2373 3934 μεγάλης
2402 3865 2661 3936 Ἄρκτου,
2718 3868 2809 3921 καὶ
2847 3868 2941 3921 τοῦ
2987 3869 3264 3941 Καρκίνου
3311 3870 3371 3923 τὸ
3404 3871 3587 3941 μέσον.
3615 3873 3711 3926 καὶ

2128 3953 2219 4006 τὸν
2244 3953 2443 4025 αὐχένα
2480 3956 2571 4009 τοῦ
2605 3956 2824 4029 Ὗδρου,
2869 3959 2966 4015 καὶ
2996 3958 3094 4030 τῆς
3135 3959 3362 4030 Ἀργοῦς
3406 3960 3467 4013 τὸ
3507 3960 3707 4032 μεταξὺ

2127 4044 2225 4116 τῆς
2256 4063 2316 4099 τε
2342 4046 2595 4119 πρύμνης
2623 4050 2717 4103 καὶ
2745 4050 2837 4104 τοῦ
2869 4051 3034 4106 ἱστοῦ.
3074 4048 3205 4105 Εἶτα
3238 4051 3376 4123 μετὰ
3411 4054 3501 4107 τὸν
3527 4053 3706 4124 ἀφανῆ

2130 4137 2290 4191 πόλον
2336 4138 2436 4209 τὴν
2488 4140 2654 4212 οὐρὰν
2695 4141 2791 4195 τοῦ
2835 4144 3011 4197 νοτίου
3053 4144 3275 4215 Ἰχθύος.
3320 4145 3505 4199 καὶτὸ
3545 4146 3708 4218 μέιον

2127 4224 2222 4279 τοῦ
2274 4228 2575 4299 Δίγόκερω,
2624 4231 2718 4283 καὶ
2768 4230 2831 4285 τὸ
2881 4232 3045 4303 μέσον
3100 4234 3195 4288 τοῦ
3237 4224 3488 4290 Ὀἶστοῦο
3516 4237 3606 4291 τοῦ
3649 4236 3708 4292 δὲ

2134 4317 2383 4389 Ὄρνιθος
2415 4318 2505 4373 διὰ
2531 4320 2624 4374 τοῦ
2664 4321 2910 4392 αὐχένος,
2939 4326 3033 4379 καὶ
3064 4326 3164 4397 τῆς
3204 4327 3386 4395 δεξιᾶς
3419 4330 3708 4401 πτέρυγος,

2130 4410 2226 4464 καὶ
2253 4409 2342 4465 διὰ
2362 4411 2461 4483 τῆς
2482 4414 2775 4484 ἀριστερᾶς
2801 4417 2983 4486 χειρὸς
3016 4416 3109 4471 τοῦ
3143 4420 3376 4489 Κηφέως
3405 4420 3711 4494 γράφεσθαι

2130 4503 2313 4569 αὑτὸν,
2346 4506 2440 4559 καὶ
2480 4505 2570 4560 διὰ
2615 4507 2715 4578 τῆς
2762 4509 2986 4580 καμπῆς
3030 4509 3125 4564 τοῦ
3158 4511 3393 4582 Ὄφεως,
3427 4515 3521 4569 καὶ
3559 4514 3709 4587 παρὰ

2133 4595 2234 4668 τὴν
2258 4595 2426 4668 οὐρὰν
2450 4597 2547 4666 τῆς
2582 4599 2785 4669 μικρᾶς
2813 4599 3074 4670 Ἄρκτου.

2210 4695 2344 4765 Περὶ
2359 4695 2457 4765 μὲν
2487 4690 2581 4749 οὖν
2608 4694 2706 4766 τῆς
2730 4696 2963 4768 Ἄρκτου
2984 4696 3284 4771 ὁλοσχερῶς
3299 4702 3501 4771 ἀγνοεῖ.
3521 4704 3584 4757 οι
3603 4702 3711 4776 γὰρ

2138 4786 2537 4860 προηγούμενοι
2561 4791 2751 4865 αὐτῆς,
2784 4797 2830 4849 οἱ
2860 4797 2918 4849 ὲν
2951 4798 3016 4867 τῇ
3052 4795 3282 4866 κεφαλῇ.
3312 4795 3404 4849 καὶ
3434 4797 3484 4849 οί
3519 4798 3579 4851 ὲν
3599 4800 3711 4861 τοῖς

2136 4877 2489 4949 ἐμπροσθίοις
2516 4884 2691 4949 ποσὶν,
2720 4886 3018 4959 ἀμφότεροι
3045 4888 3102 4941 ἐν
3134 4887 3214 4958 τῷ
3241 4886 3335 4941 τοῦ
3358 4887 3583 4954 Λέοντος
3611 4888 3713 4943 6o)-

2137 4968 2517 5045 δεκατημορίῳ
2544 4977 2767 5031 κεῖνται.
2804 4977 2930 5042 Πῶς
2955 4974 3047 5033 οὖν
3086 4977 3310 5033 δυνατὸν
3345 4979 3406 5033 τὸ
3428 4980 3593 5051 μέσον
3613 4980 3713 5052 τῆς

2143 5062 2381 5133 Ἄρκτου
2420 5066 2479 5119 ἐν
2515 5068 2583 5138 τῇ
2626 5068 2768 5140 ἀρχῇ
2812 5069 2907 5123 τοῦ
2950 5072 3225 5141 Καρκίνου
3254 5070 3493 5140 κεῖσθαις
3526 5074 3625 5145 τῆς
3654 5072 3712 5126 δὲ

2152 5215 2378 5295 ipsis__in
2411 5218 2605 5283 stellis,
2637 5236 2780 5295 quas
2809 5221 3061 5293 designat
3094 5223 3459 5295 Hipparchus.
3482 5226 3711 5281 investi-

529 5271 641 5358 (75)
663 5272 995 5358 ’Ἀπέχει-(ξε
1019 5272 1215 5357 οὗτος.
1248 5277 1507 5358 Canobus
1548 5276 1759 5358 Euziosi
1816 5282 2022 5358 saecqu

2151 5271 2366 5356 έςιηιιιε,
2395 5271 2611 5358 atque};
2633 5271 3076 5356 βίοιὲηἶείεἶῗῖιῖιὶ
3095 5271 3714 5358 ’ἲς-ἵιίὸῖῖἰὲ”ἰᾶἱὶι’τῖτῖὲἕο

663 5342 980 5433 ίίίριρςιεςὶξιί.
1033 5347 1539 5433 prsccisedislabat
1571 5364 1602 5403 a
1642 5353 1767 5420 polo
1814 5342 2045 5407 australi
2152 5342 3715 5433 geligeu'tlis'nonv

456 5418 706 5486 partibus
727 5419 814 5477 58,
838 5414 941 5477 δυ’,
962 5414 1256 5471 θιίιυςῑιύς
1280 5418 1499 5473 tabulis.

528 5483 659 5562 Qua:
689 5488 947 5562 deinceps
973 5488 1269 5562 iIIAtIlIObUS
1304 5489 1458 5542 libris
1491 5490 1784 5562 traduntur
1805 5492 1875 5545 ab
1910 5491 2040 5562 Ilip-

457 5559 748 5632 pa_t_‘cltotle
772 5558 1172 5619 συνανατολαῖς,
1220 5564 1273 5611 ct
1314 5560 1777 5632 συγκαταδύσεσι.
1818 5578 1882 5617 ea
1919 5558 2042 5632 plus

459 5626 556 5678 otii
581 5640 866 5697 operasque
913 5632 1221 5697 postulant,
1274 5636 1333 5679 ut
1373 5626 1437 5683 ad
1475 5643 1785 5686 uostrarmu
1826 5626 2044 5688 tabula"

458 5708 581 5771 ruin
618 5695 773 5771 Iidem
799 5695 1106 5771 exigantur,
1135 5698 1295 5771 cujus
1327 5700 1402 5752 rei
1443 5716 1568 5754 cum
1607 5704 1661 5757 in
1707 5705 1895 5757 multis
1926 5705 2040 5771 jam

460 5764 764 5835 periculum
799 5764 1143 5836 fecissemus,
1182 5769 1336 5836 plura
1377 5785 1477 5824 nos
1520 5773 1803 5827 elaborare
1845 5764 2042 5829 iuliuiti

461 5834 526 5888 ac
549 5836 764 5892 molesti
807 5840 990 5909 operis
1040 5834 1358 5912 magnitudo
1387 5840 1673 5898 deterruit.
1708 5842 1843 5898 Nam
1879 5852 1937 5901 et
1974 5847 2044 5902 iis

2149 5431 2280 5497 quid
2316 5432 2691 5497 extricaveris,
2723 5431 3142 5489 innumerabilis
3191 5448 3411 5491 ortuutn
3454 5445 3508 5491 ct
3556 5451 3714 5492 occa-

2147 5501 2698 5577 suummexpediemla
2735 5505 3018 5577 _\'arietas;
3050 5522 3202 5577 qua:
3250 5510 3332 5561 vel
3384 5506 3711 5561 acerrimum

2145 5569 2442 5647 quemlibet
2480 5569 3013 5647 cupidissimumque
3037 5569 3310 5647 frangere,
3342 5592 3406 5631 ac
3432 5577 3716 5647 delassare
3752 5584 3762 5595 '

2144 5640 2339 5708 possit.
2381 5639 2478 5694 Hic
2506 5644 2668 5709 igitur
2692 5639 3354 5703 conuiicntationis'istius
3390 5648 3610 5701 tnodum
3636 5645 3714 5700 fa-

2145 5712 2372 5790 ciemus.
2407 5718 2602 5789 caetera
2634 5711 2987 5790 Hippareheac
3016 5718 3298 5790 doctrinas,
3328 5733 3450 5788 qua:
3491 5715 3713 5790 quidem

2144 5781 2287 5855 scire
2318 5781 2611 5855 plurimum
2638 5781 2983 5842 es'oinnibus
3013 5788 3250 5855 intersit,
3278 5781 3390 5846 fere
3420 5790 3476 5844 iu
3507 5781 3720 5845 nostris

2148 5848 2637 5907 Dissertationibus
2658 5855 2930 5925 explicata
2955 5860 3216 5927 reperies.
