4166 6408
399 413 530 471 1061

1363 417 1728 474 HIPPABCHI
1759 417 1852 472 AD
1891 417 2340 476 ΡΗΙΕΝΟΜΕΝᾹ
2383 420 2512 476 LIB.
2558 420 2598 475 ι.

3505 426 3645 484 1069.

397 531 637 604 κεφαλῆς
675 531 767 586 τοῦ
802 531 1000 604 ’Υδρου
1049 533 1341 604 ἡγούμενοι
1386 534 1645 605 ἐπέχουσι
1700 533 1978 606 Καρκίνου

2084 534 2279 591 Cancri
2308 538 2558 592 obtinent
2587 547 2772 608 partes
2799 539 3034 609 amplius
3067 541 3276 596 decem.
3299 538 3529 594 Planum
3561 551 3647 596 est

398 624 581 678 πλεῖον
619 624 652 695 ἢ
703 623 812 692 μοί.
850 630 899 678 ι’.
941 623 1108 694 Δῆλον
1156 621 1270 690 οὖν,
1300 625 1382 678 ὅτι
1427 625 1604 697 πολλῷ
1633 625 1814 678 πλεῖον
1845 627 1976 679 ὑπο-

396 716 638 770 λείπεται
671 716 764 769 τοῦ
803 707 1092 787 εἰρημένου
1139 717 1336 770 κύκλου
1373 720 1400 770 6
1432 717 1601 789 αὐχὴν
1628 717 1722 772 τοῦ
1754 717 1969 789 Ὕδρου.

469 811 602 864 KH’.
631 809 767 881 Περί
787 809 844 863 6':
870 811 966 880 τῆς
1009 810 1234 881 Ἀργοῦς
1259 811 1356 882 οὐχ
1387 810 1552 879 ὑγιῶς
1588 812 1823 883 εἴρηται.
1853 811 1975 865 Τῶν

398 901 444 956 6’
474 903 531 955 ἐν
560 905 624 972 τῇ
655 903 790 973 οὐρᾷ
816 902 908 955 τοῦ
962 903 1133 956 νοτίου
1179 902 1377 973 Ἰχθύος
1417 903 1650 974 μάλιστα
1684 905 1711 956 6
1743 903 1979 975 ἡγούμε-

399 1012 488 1059 νος
528 995 718 1065 ἀπέχει
768 993 860 1047 τοῦ
905 1001 953 1048 α’
987 995 1167 1048 πλεῖον
1201 996 1232 1067 ἢ
1265 995 1373 1066 μοί.
1417 1002 1522 1063 κγ’.
1570 995 1834 1048 Τοσοῦτον
1867 997 1975 1066 ἄρα

402 1087 750 1142 ὑπολείπεται
792 1087 885 1140 τοῦ
927 1088 1326 1158 προειρημένου
1370 1086 1589 1150 κύκλου,
1631 1087 1725 1141 καὶ
1761 1088 1861 1141 ούκ
1888 1087 1974 1140 ἐπ’

401 1178 564 1232 αὐτοῦ
609 1179 850 1251 φέρεται.
894 1179 947 1231 Ὀ
983 1178 1039 1231 δὲ
1078 1179 1281 1243 ὐῐστδς
1327 1179 1444 1242 ὅλος
1491 1179 1837 1232 ὑπολείπεται
1879 1178 1974 1232 τοῦ

404 1271 800 1344 προειρημένου
836 1271 1058 1335 κύκλου,
1081 1274 1176 1326 καὶ
1203 1274 1263 1325 ού
1289 1273 1376 1326 δια
1409 1272 1572 1343 μέσου
1596 1273 1851 1344 τέμνεται
1884 1273 1974 1326 ὑπ’

402 1365 587 1420 αὐτοῦ.
625 1367 682 1418 Ὀ
714 1364 822 1436 γὰρ
859 1364 1159 1436 ἡγούμενος
1187 1367 1243 1419 ἐν
1266 1365 1414 1436 αύτῷ
1445 1367 1621 1437 ἀστὴρ
1644 1367 1838 1436 ἀπέχει
1870 1365 1978 1419 ἀπὸ

407 1458 515 1530 μοί.
552 1463 599 1510 α’
629 1458 695 1510 ⁷ο.
729 1458 842 1509 υύκ
872 1457 980 1526 ἄρα
1011 1456 1232 1510 δυνατὸν
1256 1457 1655 1528 διχοτομεῖσθαι
1682 1457 1844 1510 αὑτὸν
1874 1456 1979 1510 ὑπὸ

403 1547 496 1601 τοῦ
539 1547 937 1636 προειρημένου
976 1547 1197 1601 κύκλου.
1249 1548 1475 1617 Ὁμοίως
1504 1549 1560 1602 δὲ
1598 1550 1692 1602 καὶ
1731 1552 1760 1603 ὁ
1791 1552 1979 1622 Ὄρνις

403 1639 521 1705 ὂλος
555 1640 688 1712 πρὸς
737 1639 1000 1703 ἀνατολὰς
1041 1643 1213 1694 κεῖται
1261 1641 1355 1694 τοῦ
1409 1642 1696 1712 εἰρημένου
1754 1641 1976 1695 κύκλου.

419 1727 474 1788 Ὀ
527 1731 636 1804 γὰρ
685 1731 984 1803 ἡγούμενος
1039 1733 1127 1784 ἐπ’
1177 1733 1340 1786 αὑτοῦ
1399 1735 1494 1787 καὶ
1541 1737 1626 1787 ἐπ’
1673 1733 1842 1806 ἄκρου
1884 1733 1978 1788 τοῦ

409 1824 637 1899 ῥύγχους
670 1824 861 1895 ἀπέχει
892 1825 1001 1895 μοί.
1041 1831 1088 1878 α’
1117 1823 1203 1879 S".
1239 1825 1359 1880 Τῶν
1385 1825 1440 1879 δὲ
1469 1828 1525 1880 ἐν
1563 1827 1708 1898 ἄκρᾳ
1739 1831 1805 1898 τῇ
1833 1827 1980 1899 δεξιᾷ

407 1919 688 1990 πτέρυγιό
719 1918 950 1990 μάλιστα
985 1919 1121 1990 πρὸς
1165 1918 1317 1972 δύσιν
1350 1919 1598 1989 κείμενος
1646 1921 1838 1990 ἀπέχει
1884 1921 1978 1974 τοῦ

405 2015 454 2062 α’
487 2009 546 2062 ού
579 2009 790 2078 πλέονῆ
835 2009 944 2078 μοί.
985 2016 1036 2072 ς’
1066 2010 1149 2065 S".
1180 2011 1292 2064 Ούκ
1329 2011 1436 2082 ἄρα
1478 2011 1702 2064 δυνατὸν
1736 2012 1854 2064 οὐδὲ
1891 2013 1982 2066 τὸν

406 2101 608 2172 αὐχένα
630 2101 724 2154 τοῦ
759 2100 1007 2171 Ὄρνιθος
1044 2101 1167 2155 οὔτε
1195 2103 1293 2173 τὴν
1326 2102 1505 2168 δεξιὰν
1535 2103 1784 2174 πτέρυγα.
1815 2102 1981 2158 αὐτοῦ

405 2192 500 2247 ἐπὶ
530 2193 622 2246 τοῦ
650 2193 940 2266 εἰρημένου
965 2192 1162 2247 κύκλου
1190 2193 1423 2248 κεῖσθαι.

475 2284 578 2339 Τοῦ
613 2302 675 2354 γε
708 2285 813 2356 μὴν
854 2285 1086 2354 Κηφέως
1130 2288 1163 2358 ή
1203 2284 1465 2357 ἀριστερά
1511 2287 1630 2358 χεὶρ
1674 2286 1808 2340 πολὺ
1848 2286 1984 2350 ὅλως

406 2375 774 2448 παραλλάσσει
806 2376 896 2430 τὸν
943 2377 1230 2450 εἰρημένον
1277 2376 1474 2431 κύκλον
1513 2378 1652 2448 πρὸς
1695 2377 1978 2443 ἀνατολάς.

405 2471 513 2524 Καὶ
545 2470 653 2542 γὰρ
680 2473 728 2524 οἰ
764 2473 820 2524 ἐν
844 2457 909 2542 τῇ
945 2471 1152 2542 κεφαλῇ
1179 2469 1366 2534 αὑτοῦ,
1395 2470 1444 2523 οἱ
1495 2471 1784 2542 ἡγούμενοι
1823 2471 1982 2542 μάλι-

407 2578 527 2624 στα,
564 2561 657 2614 τοῦ
697 2563 982 2634 ’Υδροχόου
1015 2563 1268 2634 ἐπέχουσι
1309 2563 1491 2616 πλεῖον
1523 2565 1555 2635 ἢ
1590 2566 1696 2635 μοῖ.
1735 2572 1784 2620 ι’,
1828 2566 1888 2618 Ὁ
1926 2565 1984 2618 δὲ

406 2652 466 2706 ἐν
486 2654 552 2723 τῇ
578 2653 837 2724 ἀριστερᾷ
865 2653 1007 2724 χειρί
1045 2653 1293 2724 λαμπρὸς
1325 2655 1520 2726 ἀστὴρ,
1562 2657 1590 2707 6
1631 2658 1688 2708 ἐν
1719 2655 1796 2726 τῷ
1827 2655 1981 2726 ὤμῳ,

407 2745 466 2799 ὃν
517 2761 663 2809 τινες
704 2744 951 2810 τιθέασι,
1009 2745 1102 2798 τοῦ
1145 2746 1428 2818 Ὑδροχόου
1477 2748 1661 2818 ἐπέχει
1722 2751 1829 2819 μοῖ.
1884 2749 1980 2802 κε’.

407 2837 564 2910 Παρά
594 2837 788 2908 μικρὸν
812 2833 904 2890 οῦν
939 2836 982 2908 β’
1017 2837 1180 2902 ζώδια
1211 2839 1600 2910 παραλλάσσει.
1633 2841 1768 2911 Περὶ
1804 2842 1984 2911 μέντοι

345 2909 362 2924 ’
406 2928 504 2999 τῆς
549 2927 775 3000 καμπῆς
803 2928 894 2982 τοῦ
928 2931 1138 2999 Ὀιρεως
1189 2931 1282 2984 καὶ
1313 2931 1412 3002 τῆς
1445 2932 1611 3002 οὐρᾶς
1652 2932 1750 3002 τῆς
1785 2935 1985 3004 μικρᾶς

409 3021 646 3090 ’Ἄρκτου
680 3021 852 3093 ὀρθῶς
882 3023 1211 3093 ἀπεφήνατο.

478 3113 608 3167 κεν.
643 3114 731 3166 Ἐν
765 3113 821 3166 δὲ
845 3112 923 3184 τῷ
946 3113 1115 3185 ἑτέρῳ
1143 3114 1384 3187 κολούρῳ
1425 3115 1556 3186 φησί
1591 3115 1804 3170 κεῖσθαι
1829 3119 1856 3171 6
1888 3117 1985 3189 μὲν

407 3203 505 3276 τὴν
535 3205 826 3277 ἀριστερὰν
859 3208 1014 3277 χεῖρα
1040 3205 1134 3259 τοῦ
1175 3207 1624 3279 Ἀρκτοφύλακος,
1654 3209 1746 3262 καὶ
1770 3209 1814 3240 ¹¹¹
1842 3210 1986 3280 μέσα

407 3297 571 3353 αὑτοῦ
607 3298 748 3352 κατὰ
792 3299 962 3370 μῆκος
985 3317 998 3330 ’
1027 3295 1144 3353 εἶτα
1180 3300 1248 3353 τὰ
1285 3301 1424 3371 μέσα
1466 3301 1574 3354 τῶν
1617 3302 1809 3372 Χηλῶν
1847 3304 1988 3357 κατά

409 3389 638 3455 πλάτος·
667 3391 761 3445 καὶ
793 3391 884 3444 τοῦ
914 3391 1224 3463 Κενταύρου
1247 3392 1344 3463 τὴν
1366 3390 1542 3456 δεξιὰν
1569 3395 1745 3464 χεῖρα,
1781 3394 1875 3446 καὶ
1920 3395 1990 3448 τὰ

409 3482 716 3554 ὲμπρόσθια
747 3482 978 3552 γόνατα·
1008 3485 1143 3554 μετά
1191 3481 1247 3535 δὲ
1289 3481 1380 3535 τὸν
1410 3482 1594 3552 ἀφανῆ
1633 3481 1816 3546 πόλον,
1846 3501 1990 3554 καμ-

409 3577 517 3646 πήν
553 3592 613 3628 τε
641 3573 736 3628 τοῦ
776 3575 1050 3646 Ποταμοῦ,
1081 3576 1175 3628 καλ⁸
1211 3574 1424 3644 Κήτους
1458 3573 1557 3645 τὴν
1602 3574 1863 3643 κεφαλὴν,
1897 3576 1990 3627 καὶ

408 3666 501 3720 τοῦ
532 3666 701 3739 Κριοῦ
737 3667 803 3722 τὰ
827 3666 970 3720 νῶτα
1013 3667 1154 3720 κατά
1195 3666 1416 3729 πλάτος,
1465 3667 1560 3719 καὶ
1603 3665 1697 3720 τοῦ
1734 3666 1990 3737 Περσέως

409 3757 506 3830 τὴν
535 3759 773 3830 κεφαλὴν
805 3759 900 3812 καὶ
935 3759 1030 3831 τὴν
1057 3759 1235 3825 δεξιὰν
1268 3761 1445 3830 χεῖρα.

489 3847 557 3902 Ἦ
609 3850 707 3920 μὲν
757 3846 850 3904 οῦν
907 3851 1168 3921 ἀριστερά
1222 3853 1343 3923 χεὶρ
1403 3850 1496 3904 τοῦ
1554 3849 1990 3923 Ἀρκτοφύλακος

410 3941 759 3996 ὑπολείπεται
796 3943 888 3996 τοῦ
919 3943 1208 4015 εἰρημένου
1255 3941 1454 3996 κύκλου
1497 3943 1572 4006 ὡς
1605 3944 1778 4014 ἥμισυ
1825 3944 1990 4014 μέρος

412 4035 624 4102 ζωδίου,
663 4035 754 4088 καὶ
779 4037 878 4089 ούκ
908 4037 992 4089 ἐπ’
1019 4035 1182 4088 αὑτοῦ
1215 4035 1435 4107 φέρεται
1476 4035 1569 4088 τοῦ
1610 4035 1698 4090 διά
1727 4035 1834 4088 τῶν
1870 4037 1988 4106 ἰση-

414 4127 648 4200 μερινῶν
692 4129 932 4199 σημείων
974 4126 1195 4190 κύκλου,
1222 4127 1297 4190 ῶς
1325 4126 1552 4191 Εὔδοξός
1580 4144 1767 4196 φησιν.
1801 4128 1857 4180 'U
1882 4127 1989 4199 γὰρ

411 4218 708 4292 ἡγούμενος
745 4216 852 4271 τῶν
901 4219 958 4271 ἐν
997 4219 1132 4290 αὐτῇ
1160 4219 1343 4288 ἐπέχει
1381 4217 1574 4288 Χηλῶν
1609 4217 1791 4271 πλεῖον
1816 4218 1847 4289 ἢ
1877 4221 1987 4288 μοῖ.

412 4314 504 4377 ιγ’.
539 4309 745 4378 Ἀγνοεϊ
773 4307 828 4360 δὲ
855 4309 948 4361 καὶ
977 4307 1138 4378 μέσον
1167 4307 1332 4360 αὐτοῦ
1360 4308 1422 4360 τὸ
1452 4308 1611 4378 σῶμα
1645 4307 1785 4361 κατά
1819 4309 1990 4379 μῆκος

411 4401 518 4456 ὑπὸ
539 4400 632 4454 τοῦ
656 4399 946 4472 εἰρημένου
975 4399 1174 4454 κύκλου
1196 4399 1486 4471 τέμνεσθαι
1505 4400 1696 4469 λέγων’
1715 4403 1743 4454 6
1762 4401 1862 4472 μὲν
1883 4401 1992 4473 γὰρ

411 4494 506 4548 ἐπὶ
533 4495 630 4566 τῆς
662 4493 901 4564 κεφαλῆς
939 4493 1114 4565 ἀστὴρ
1151 4493 1333 4563 ἐπέχει
1362 4493 1557 4564 Χηλῶν
1583 4494 1709 4565 περὶ
1751 4495 1861 4564 μοῖ.
1915 4500 1990 4559 ις’

2077 627 2243 698 igitur
2281 629 2481 682 collum
2533 629 2703 702 llydri
2735 630 2967 700 longiori
3020 629 3198 686 adhuc
3239 631 3310 687 ab
3341 645 3407 685 eo
3439 631 3650 688 circulo

2076 719 2254 787 Spatio
2281 717 2510 774 distare.

2148 809 2383 865 XXV‘lll.
2422 809 2557 864 Nam
2588 809 2657 866 de
2683 811 2830 882 Argo
2871 811 3009 868 falsa
3044 821 3172 868 sunt
3213 830 3336 886 qua:
3381 815 3522 871 idem
3559 815 3652 872 ille

2077 906 2321 974 scripsit.
2357 907 2414 960 In
2455 907 2718 962 australis
2746 923 2874 962 γει-ο
2912 907 3088 962 Piscis
3117 910 3289 962 cauda
3335 908 3651 979 praecedens

2079 999 2316 1054 maxime
2337 999 2506 1055 distat
2525 1015 2553 1053 a
2575 1005 2746 1070 primo
2763 1017 2874 1072 par.
2888 1001 3008 1055 ibus
3023 1000 3361 1070 amplius‘ls.
3386 999 3652 1055 Tantum-

2081 1089 2205 1142 dem
2233 1104 2364 1157 ergo
2390 1090 2630 1145 abestab
2658 1105 2722 1144 co
2751 1106 2910 1160 quem
2943 1091 3052 1144 dixi
3083 1091 3312 1154 circulo,
3352 1106 3447 1144 nec
3487 1091 3540 1144 in
3585 1106 3652 1146 co

2078 1191 2346 1235 movetur.
2380 1185 2449 1235 At
2506 1182 2721 1252 Sagitta
2775 1191 2980 1253 quanta
3020 1191 3223 1251 quanta
3263 1192 3346 1237 cst
3383 1183 3548 1236 distat
3584 1183 3654 1237 ab

2077 1274 2269 1328 eodem
2298 1275 2531 1339 circulo,
2567 1290 2668 1328 nec
2699 1276 2768 1330 ab
2799 1291 2862 1330 eo
2887 1275 3066 1328 media
3097 1285 3335 1330 secatur.
3356 1273 3490 1327 Nam
3516 1290 3654 1346 pra!-

2079 1361 2282 1415 cedens
2316 1360 2368 1414 in
2407 1361 2524 1430 ipsa
2563 1364 2721 1416 stella
2753 1362 2923 1416 distat
2956 1370 3110 1431 parte
3142 1377 3269 1414 una.
3301 1360 3482 1426 Quare
3509 1361 3652 1414 bifa—

2078 1453 2219 1506 riam
2243 1452 2310 1507 ab
2344 1454 2437 1507 illo
2473 1455 2684 1508 circulo
2726 1454 2894 1508 dividi
2931 1471 3034 1507 non
3071 1462 3267 1523 potest.
3306 1451 3571 1507 Similiter
3601 1459 3656 1508 et

2079 1544 2301 1615 Cygnus
2329 1551 2478 1601 totus
2513 1548 2580 1600 ad
2628 1547 2894 1600 orientem
2927 1546 3194 1599 obversus
3218 1553 3302 1599 est
3335 1546 3383 1599 ei
3420 1546 3654 1602 circulo.

2083 1635 2259 1707 Hujus
2293 1639 2438 1692 enim
2468 1639 2806 1708 prmccdeus,
2838 1647 2890 1692 et
2925 1641 2978 1692 in
3023 1649 3272 1694 extremo
3301 1647 3485 1694 rostro
3524 1639 3654 1703 sita,

2081 1729 2250 1784 distat
2281 1741 2432 1800 parte
2464 1729 2488 1782 1
2527 1730 2648 1802 1/2.
2673 1730 2871 1784 Earum
2900 1731 3057 1801 117
3078 1748 3221 1792 vero,
3251 1747 3373 1802 quae
3397 1733 3450 1785 in
3473 1742 3656 1788 extre-

2083 1823 2274 1876 mitate
2292 1830 2421 1876 sunt
2452 1823 2550 1876 ala:
2569 1823 2795 1886 dextrae,
2816 1840 2936 1892 qua:
2957 1826 3022 1877 ad
3049 1825 3388 1880 occidentem
3420 1827 3658 1881 maxime

2083 1917 2317 1979 spectat,
2344 1913 2500 1965 abest
2520 1927 2549 1964 a
2583 1913 2750 1982 priori
2770 1924 2923 1982 parte
2952 1929 3059 1968 non.
3083 1914 3368 1984 amplius6
3397 1917 3514 1986 l/2.
3536 1915 3656 1972 Non

2084 2006 2265 2069 potest
2285 1999 2450 2069 igitur
2469 2015 2537 2055 ne
2567 2002 2768 2055 collum
2799 2002 3018 2072 quidem
3038 2003 3233 2075 Cygni,
3258 2021 3437 2077 neque
3466 2008 3659 2064 dextra

2080 2092 2202 2163 ejus
2235 2091 2320 2146 ala
2345 2092 2402 2147 in
2425 2093 2518 2149 illo
2550 2094 2759 2150 circulo
2791 2097 3068 2154 collocari.

2150 2271 2271 2328 Jam
2313 2274 2536 2330 sinistra
2575 2275 2776 2348 Cephei
2815 2294 3012 2336 manus
3045 2281 3204 2352 longe
3228 2283 3296 2337 ab
3329 2293 3520 2339 cortem
3547 2283 3659 2339 cir-

2083 2366 2210 2420 culo
2248 2366 2489 2420 declinat
2527 2369 2595 2423 ad
2637 2372 2926 2425 orientem.
2968 2371 3105 2426 Nam
3138 2390 3261 2443 qua}
3300 2384 3430 2430 sunt
3483 2377 3538 2431 in
3591 2377 3661 2431 il-

2083 2457 2191 2512 lius
2225 2460 2425 2530 capite,
2468 2463 2769 2530 przesertim
2809 2465 3218 2532 antecedentes,
3257 2469 3479 2538 Aquarii
3532 2485 3660 2542 par-

2084 2556 2192 2604 tem
2227 2551 2476 2607 obtinent
2509 2556 2745 2625 amplius
2789 2549 3078 2611 decimam.
3115 2557 3321 2614 Lucida
3353 2577 3500 2623 vero,
3537 2579 3662 2632 quae

2083 2643 2251 2697 estin
2283 2643 2506 2700 sinislra
2543 2660 2726 2710 manu.
2774 2665 2937 2719 quam
2978 2651 3205 2707 humero
3245 2655 3466 2723 quidam
3506 2658 3662 2711 attri-

2086 2735 2284 2801 lnutnt,
2342 2736 2568 2807 Aquarii
2611 2740 2825 2795 obtinet
2869 2752 3078 2812 partem
3111 2745 3203 2801 9.5.
3260 2745 3661 2816 Propemodum

2085 2843 2216 2898 ergo
2284 2828 2564 2899 signorum
2627 2832 2861 2888 duorum
2916 2836 3206 2891 intervallo
3269 2836 3524 2893 declinat.
3586 2838 3662 2896 Da

2086 2918 2224 2973 ﬂexu
2268 2919 2548 2992 Serpentis
2581 2933 2634 2979 et
2686 2927 2862 2981 cauda
2916 2929 3144 2986 minoris
3181 2929 3331 2985 L'rsze
3373 2940 3520 2987 recte
3571 2934 3662 2988 ille

2086 3011 2297 3066 statuit.

2159 3099 2348 3155 XXIX.
2375 3100 2431 3155 In
2451 3104 2620 3158 altero
2641 3105 2828 3160 coluro
2850 3107 3008 3162 sitam
3032 3125 3153 3165 esse
3176 3114 3366 3169 scribit
3385 3115 3662 3171 sinistram

2014 3223 2056 3280 Ο
2089 3189 2504 3264 Arctophylacis
2532 3211 2772 3262 manum,
2807 3213 2869 3252 ac
2897 3215 2994 3268 per
3025 3203 3262 3256 medium
3293 3205 3470 3275 ipsum
3490 3215 3666 3263 trans-

2089 3283 2170 3338 ire
2241 3287 2540 3341 secundum
2613 3291 3042 3360 longitudinem;
3108 3296 3305 3352 deinde
3367 3296 3662 3354 Cltelarum

2087 3377 2324 3431 medium
2353 3381 2651 3436 secundum
2693 3385 3061 3441 latitudinem.
3097 3387 3356 3444 Centauri
3400 3401 3665 3462 prazterea

2088 3466 2333 3522 dextram
2381 3485 2599 3525 manum
2665 3481 2720 3529 et
2772 3478 3048 3531 anteriora
3095 3494 3292 3549 genua.
3347 3479 3476 3537 Post
3522 3500 3667 3540 nun-

2089 3574 2251 3628 quam
2286 3573 2635 3632 apparentem
2671 3567 2877 3635 polum,
2907 3569 3104 3624 ﬂexum
3151 3570 3437 3638 Fluminis,
3466 3583 3520 3630 et
3545 3576 3664 3634 Ceti

2087 3660 2268 3718 caput,
2293 3659 2346 3705 et
2382 3652 2584 3709 Arietis
2615 3663 2762 3726 terga
2796 3661 3099 3714 secundum
3144 3663 3514 3732 latitudinem,
3541 3667 3665 3726 Per-

2089 3741 2166 3796 sei
2206 3753 2372 3811 caput
2410 3760 2534 3798 cum
2571 3745 2762 3801 dextra
2802 3765 2988 3806 manu.

2157 3833 2322 3904 Atqui
2357 3836 2488 3890 lzeva
2540 3854 2734 3896 manus
2785 3844 3201 3916 Arctopltylacis
3233 3849 3388 3904 abest
3439 3851 3510 3906 ab
3558 3851 3666 3908 isto

2087 3928 2293 3984 circulo
2333 3931 2618 3987 intervallo
2678 3934 2789 3990 fere
2820 3936 3029 3991 dimidii
3068 3940 3245 4010 signi;
3313 3958 3413 3997 nec
3462 3944 3516 3999 in
3547 3947 3667 4017 ipso

2088 4023 2296 4078 circulo
2321 4025 2424 4078 sita
2455 4033 2560 4088 est,
2585 4027 2676 4097 qui
2699 4045 2794 4098 per
2809 4031 3211 4100 aequinoctialia
3246 4043 3446 4104 puncta
3479 4044 3664 4094 trans-

2090 4116 2170 4181 it,
2226 4125 2285 4170 ut
2333 4116 2590 4174 Eudoxus
2637 4122 2884 4179 allirmat.
2937 4123 3150 4179 Etenim
3204 4129 3536 4184 antecedens
3570 4145 3664 4184 ea-

2091 4223 2233 4268 rum,
2275 4225 2396 4279 quae
2435 4211 2491 4265 in
2533 4213 2623 4266 illa
2663 4223 2813 4278 sunt,
2848 4215 3140 4272 Chelarum
3191 4220 3404 4275 obtinet
3453 4229 3665 4291 partem

2091 4302 2326 4371 amplius
2377 4303 2461 4358 15.
2512 4302 2780 4359 Praeterea
2815 4307 2868 4360 in
2912 4324 2976 4362 eo
3023 4325 3242 4379 quoque
3297 4311 3666 4369 liallucinatus

2090 4402 2196 4460 est,
2237 4393 2382 4463 quod
2436 4395 2673 4450 medium
2717 4411 2916 4468 corpus
2960 4399 3128 4465 illius,
3162 4402 3463 4456 secundum
3494 4403 3674 4473 longi-~

2093 4485 2358 4550 tudinem,
2393 4487 2464 4541 ab
2502 4501 2568 4542 eo
2607 4503 2767 4557 quem
2817 4490 3056 4544 diximus
3105 4493 3280 4546 secari
3326 4494 3536 4548 circulo
3566 4510 3666 4564 pu-

411 4584 508 4640 καὶ
545 4585 816 4656 δίμοιρον·
862 4587 891 4638 ὁ
927 4584 982 4638 δὲ
1016 4586 1074 4637 ἐν
1102 4584 1180 4656 τῷ
1217 4583 1375 4654 δεξιῷ
1421 4584 1541 4638 ποδὶ
1579 4585 1762 4656 ἐπέχει
1794 4583 1984 4656 Χηλῶν

2093 4585 2190 4632 tat.
2224 4577 2438 4634 Etenim
2467 4595 2588 4649 qua:
2615 4587 2699 4635 est
2726 4580 2780 4634 in
2808 4579 2928 4648 ejus
2960 4581 3138 4651 capite
3163 4584 3342 4646 stella,
3370 4583 3665 4640 Cbelarum

413 4677 541 4749 περὶ
571 4679 681 4749 μοῖ.
705 4676 780 4729 κδ’
806 4674 891 4740 S",
922 4676 961 4728 δ’
981 4693 992 4706 ·
1018 4677 1047 4729 6
1085 4675 1140 4728 δὲ
1164 4678 1221 4729 ἐν
1254 4678 1320 4747 τῇ
1356 4674 1498 4747 ζώνῃ
1525 4675 1774 4747 λαμπρὸς
1804 4675 1989 4746 ἐπέχει

411 4748 604 4840 Χηλῶύ
637 4768 764 4840 περὶ
797 4771 903 4839 μοί.
956 4767 1014 4820 ιδ’
1047 4768 1141 4821 καί⁵
1168 4766 1216 4836 Υ
1233 4784 1245 4798 ·
1281 4771 1308 4822 6
1346 4768 1402 4821 δὲ
1441 4769 1498 4821 ἐν
1538 4771 1606 4838 τῇ
1650 4767 1800 4838 δεξιᾷ
1849 4767 1990 4839 χειρὶ

410 4859 505 4915 τοῦ
555 4859 866 4931 Κενταύρου
912 4860 1257 4914 ὑπολείπεται
1311 4860 1403 4913 τοῦ
1454 4859 1742 4930 εἰρημένου
1793 4859 1988 4913 κύκλου

413 4952 540 5024 περί
571 4951 614 5005 δ’
649 4951 812 5023 μέρος
857 4951 1065 5016 ζωδίου.
1115 4952 1328 5022 Ἐπέχει
1380 4951 1489 5023 γὰρ
1531 4951 1725 5022 Χηλῶν
1759 4955 1871 5023 μοῖ.
1917 4959 1985 5022 η’.

421 5044 484 5098 Ἦ
514 5045 571 5098 δὲ
597 5043 805 5115 κεφαλὴ
831 5044 922 5097 τοῦ
957 5045 1171 5115 Κήτους
1207 5043 1556 5097 ὑπολείπεται
1597 5047 1694 5115 μὲν
1734 5043 1828 5097 τοῦ
1859 5062 1991 5115 προ-

412 5153 531 5208 ειρη
542 5136 700 5206 μένου
728 5135 926 5189 κύκλου
947 5153 959 5166 ·
988 5137 1049 5189 ού
1077 5137 1210 5190 πολὺ
1233 5136 1312 5190 δέ.
1349 5138 1406 5190 '0
1430 5137 1538 5206 γὰρ
1564 5136 1858 5206 σύνδεσμος
1883 5136 1992 5191 τῶν

425 5227 667 5298 Ἰχθύων,
713 5227 772 5292 ὃς
819 5231 995 5280 κεῖται
1047 5227 1184 5298 μετά
1225 5229 1323 5298 τὴν
1376 5227 1617 5301 κεφαλὴν
1654 5215 1748 5281 τοῦ
1784 5227 1992 5299 Κήτους

403 5301 506 5373 ’ἐπὶ
535 5319 633 5391 τῆς
659 5319 848 5388 λοφίας
885 5319 1072 5382 αὑτοῦ,
1107 5318 1290 5390 ἐπέχει
1328 5319 1498 5391 Κριοῦ
1534 5322 1642 5390 μοῖ.
1674 5325 1744 5388 γ’,
1777 5320 1838 5377 δ’.
1883 5320 1992 5373 Καὶ

419 5411 525 5484 μην
555 5412 673 5466 οῦδὲ
700 5411 792 5465 τοῦ
834 5411 1006 5484 Κριοῦ
1033 5413 1101 5466 τὰ
1145 5413 1286 5466 νῶτα
1321 5412 1411 5466 ὲ.πί
1449 5411 1541 5466 τοῦ
1572 5413 1864 5484 εἰρημένου
1892 5413 1991 5466 κύ-

413 5503 542 5559 κλου
576 5507 749 5559 κεῖται
772 5521 786 5536 ·
826 5505 962 5558 ἀλλά
1001 5505 1349 5559 ὑπολείπεται
1395 5506 1575 5559 πλεῖον
1606 5506 1642 5578 ἢ
1675 5507 1859 5577 τρίτον
1898 5505 1993 5575 μέ-

417 5608 510 5664 ρος
541 5590 750 5656 ζωδίου.
797 5594 855 5646 '0
888 5593 995 5666 γὰρ
1026 5596 1084 5646 ἐν
1116 5593 1266 5665 μέσῳ
1306 5593 1384 5664 τῷ
1425 5594 1578 5666 νώτῳ
1610 5592 1774 5647 αὑτοῦ
1809 5593 1995 5664 κείμε-

417 5700 505 5748 νος
530 5685 702 5758 ἀστὴρ
729 5687 914 5759 ἐπέχει
945 5687 1115 5756 Κριοῦ
1155 5690 1262 5758 μοῖ.
1301 5694 1368 5741 ια’
1413 5687 1497 5742 S".
1544 5689 1774 5763 Ὁμοίως
1815 5687 1871 5742 δὲ
1899 5687 1991 5742 καὶ

488 5843 535 5874 ’⁸
567 5856 654 5914 τρο
691 5840 797 5898 ἀπ’)
821 5845 929 5898 τῶν
958 5852 1025 5900 α’.
1102 5847 1142 5877 ⁷⁸
1173 5846 1212 5915 f.
1255 5845 1346 5899 καὶ
1377 5847 1464 5898 τά.

2092 4679 2302 4740 partem
2329 4672 2540 4727 obtinet
2566 4673 2786 4728 circiter
2813 4673 2879 4728 16
2910 4675 3052 4746 2/5;
3077 4691 3199 4745 quze
3225 4677 3278 4731 in
3300 4677 3494 4732 dextro
3510 4679 3666 4748 pede,

2091 4763 2380 4816 Cltelarum
2415 4763 2634 4818 circiter
2660 4763 2750 4828 24,
2780 4764 2897 4830 45’;
2937 4781 3057 4836 qua:
3088 4768 3142 4820 in
3179 4782 3314 4821 zona
3347 4778 3432 4824 est
3463 4769 3666 4836 lucida,

2091 4852 2382 4909 Chelarum
2421 4853 2536 4910 fere
2562 4864 2770 4925 partem
2801 4857 2886 4921 14,
2911 4856 2995 4911 20'
3014 4876 3029 4925 ;
3071 4873 3192 4928 quae
3218 4860 3270 4913 in
3304 4859 3496 4915 dextra
3527 4861 3669 4918 Ceno

2092 4946 2236 4998 tauri
2262 4961 2446 5011 manu,
2479 4947 2634 5002 abest
2655 4947 2724 5002 ab
2753 4948 2846 5002 illo
2875 4949 3082 5003 circulo
3111 4951 3414 5020 quadrante
3446 4953 3669 5010 circiter

2094 5037 2258 5109 signi.
2278 5037 2413 5092 Nam
2436 5037 2728 5094 Chelarum
2761 5048 2968 5110 partem
2987 5042 3197 5097 obtinet
3215 5043 3268 5097 8.
3295 5043 3472 5114 Caput
3501 5061 3667 5116 porro

2091 5129 2208 5185 Ceti
2266 5131 2434 5187 distat
2481 5133 2699 5202 quidem
2753 5135 2822 5189 ab
2883 5134 3072 5190 eodem
3130 5137 3366 5200 circulo;
3419 5140 3512 5193 sed
3557 5155 3669 5195 non

2093 5236 2292 5291 magno
2327 5223 2523 5292 spatio.
2553 5222 2765 5295 Quippe
2796 5226 2972 5280 nodus
2999 5225 3260 5292 Piscium,
3305 5230 3394 5299 qui
3422 5238 3546 5299 post
3575 5245 3668 5285 ca-

2093 5322 2190 5383 put
2220 5312 2339 5368 Ceti
2396 5315 2612 5385 positus
2649 5326 2753 5379 est,
2813 5317 2867 5370 in
2902 5319 3133 5389 ejusque
3165 5325 3399 5384 cervice,
3457 5321 3668 5377 obtinet

2092 5406 2294 5462 Arietis
2324 5419 2531 5477 partem
2575 5409 2628 5473 3,
2661 5408 2760 5464 15'.
2802 5409 2907 5465 Sed
2943 5428 3041 5467 nec
3075 5413 3275 5467 Arietis
3307 5423 3456 5484 terga
3489 5413 3540 5468 itt
3575 5414 3678 5470 illo

2093 5500 2283 5553 eodem
2314 5502 2524 5556 circulo
2564 5502 2883 5557 collocanda
2923 5513 3072 5558 sunt.
3121 5505 3163 5558 Α
3193 5521 3302 5575 quo
3332 5507 3566 5576 amplms
3591 5508 3668 5562 si-

2093 5593 2183 5663 gni
2216 5594 2417 5650 triente
2446 5595 2672 5651 distant.
2714 5594 2849 5650 Nam
2880 5614 3001 5667 quae
3041 5599 3197 5653 stella
3236 5599 3375 5654 inest
3401 5601 3452 5653 in
3489 5599 3672 5655 medio

2094 5687 2242 5744 illius
2259 5694 2431 5758 tergo,
2461 5688 2664 5746 Arietis
2703 5690 2914 5746 obtinet
2945 5699 3154 5761 partem
3192 5693 3426 5762 amplius
3448 5691 3506 5746 ll
3542 5691 3668 5763 υἱ.
