4166 6408
515 389 653 446 ωδε
688 377 700 392 ”

1504 388 1592 442 AD
1633 384 1901 444 EUSEBll
1941 385 2333 444 CHRONICON
2373 385 2741 442 APPENDIX.

3627 387 3768 444 1064

511 501 604 559 Sic
636 513 689 559 et
720 503 902 559 Persei
928 512 1038 557 tam
1074 503 1263 557 dextra
1313 518 1508 558 manus
1534 543 1548 567 ,
1586 518 1748 574 quam
1798 511 1961 574 caput
1990 502 2085 556 ab-

2188 503 2280 557 τοῦ
2311 504 2561 574 Περσέως
2599 503 2634 574 ἦ
2665 519 2725 556 τε
2756 501 2903 568 δεξιά
2935 503 3053 574 χεὶρ
3101 503 3193 556 καὶ
3223 502 3431 575 κεφαλὴ
3479 503 3767 558 ὑπολείπε-

514 605 642 651 sunt
683 598 753 651 ab
779 595 965 652 eodem
998 595 1203 650 circulo
1237 595 1399 649 unius
1429 596 1569 665 signi
1603 597 1820 651 circiter
1863 595 2081 650 triente.

2189 613 2276 650 ται
2303 595 2397 649 τοῦ
2420 595 2712 666 εἰρημένου
2739 591 2939 646 κύκλου
2983 593 3111 664 περὶ
3140 593 3320 666 τρίτον
3352 592 3514 665 μέρος
3551 591 3762 656 ζωδίου.

3320 790 3745 810 *υ

1539 938 1698 1008 ³³⁸
1733 946 2549 1065 ΙΠΠΑΡΧΟΥ

1166 1166 1305 1222 ἸὨΝ
1325 1169 1467 1222 APA
1480 1168 1564 1220 ΤΟ
1576 1167 1620 1218 Υ
1644 1165 1772 1219 ΚΑΙ
1797 1166 1845 1218 Ε
1855 1165 1936 1216 ΥΔ
1944 1161 2082 1216 ΟΞΟ
2095 1163 2140 1215 Υ
2168 1163 2656 1218 ΦΛΙΝΟΜΕΝΩΝ
2678 1159 3121 1222 ΕΞΗΓΗΣΕΩΝ

1807 1324 2247 1411 ΒΙΒΛΙΟΝ
2333 1321 2446 1431 13'.

1758 1639 2538 1757 HlPPARCHI

1131 1858 1731 1916 ENARRATIONUH
1765 1858 1865 1912 AD
1896 1858 2096 1915 ARAT.

2188 1859 2246 1915 IT
2294 1859 2587 1920 EUDOXI
2626 1863 3135 1925 PHENOHENA

1611 2033 1962 2122 LIBER
2029 2031 2686 2127 SECUNDUS.

582 2305 623 2361 Ι.
640 2303 797 2360 Nunc
827 2303 894 2357 ad
917 2318 980 2358 ea
1000 2317 1121 2373 qua:
1137 2302 1203 2356 de
1221 2301 1371 2355 Arati
1400 2309 1454 2355 et
1480 2290 1689 2355 Eudoxi
1715 2299 2075 2360 Phaenamenis

2246 2309 2322 2361 A'.
2347 2309 2471 2371 Τοῖς
2499 2309 2932 2380 προειρημένοις,
2969 2303 3016 2362 ὧ
3043 2310 3337 2383 Αἰσχρίων,
3369 2309 3496 2382 περὶ
3515 2309 3623 2365 τῶν
3653 2311 3759 2367 ὑπὸ

508 2395 786 2465 disputata
813 2400 941 2448 sunt
963 2392 1254 2453 hactenus,
1295 2391 1680 2445 tractationem
1715 2391 2084 2462 adjungcmus

507 2484 802 2541 orianlium
853 2482 1290 2537 nccidentiumve
1352 2495 1479 2534 cum
1539 2481 1818 2537 sideribus
1873 2484 2086 2539 zodiaci

509 2579 769 2646 partium,
807 2583 867 2629 ut
895 2581 1004 2628 tam
1029 2573 1123 2628 illa
1151 2573 1593 2627 demonstremus
1619 2573 1673 2627 in
1700 2575 1900 2642 quibus
1925 2575 2086 2629 ambo

507 2669 791 2724 veritatem
823 2665 1063 2722 assecuti
1121 2672 1269 2726 sunt,
1306 2679 1470 2733 quam
1522 2681 1644 2734 quae
1682 2665 1751 2720 ab
1815 2681 2086 2736 apparen-

510 2762 645 2815 tium
701 2759 876 2813 aliena
915 2757 1019 2813 ﬁde
1067 2756 1452 2828 prodiderunt.

580 2930 638 2986 ln
666 2931 858 2999 primis
899 2931 1101 2986 Aratus
1141 2930 1420 3000 explicare
1478 2931 1689 2996 volens,
1727 2933 2085 3000 quemadmo—
2161 2926 2192 2952 ’·

510 3025 642 3079 dum
701 3039 768 3079 ex
821 3033 940 3078 ortu
1002 3038 1315 3094 occasuque
1378 3021 1622 3079 siderum
1684 3031 1836 3076 certa
1909 3025 2088 3078 noctis

512 3117 646 3171 hora
681 3116 860 3187 colligi
903 3116 1097 3186 possit,
1133 3118 1222 3172 bis
1254 3117 1508 3172 versibus
1551 3116 1862 3186 expressit:

511 3226 624 3284 Nec
653 3247 778 3284 sane
806 3230 1238 3284 contemnendum
1281 3229 1579 3284 observanti
1609 3228 1748 3282 diem
1779 3227 1940 3297 fuerit

509 3299 760 3371 {’arlium
783 3303 1118 3355 considerare
1153 3301 1364 3371 quando
1392 3302 1637 3371 oriantur
1661 3299 1907 3371 singulae.

510 3368 729 3441 Semper
757 3372 894 3425 enim
922 3387 1040 3424 cum
1080 3368 1298 3423 illarum
1338 3387 1446 3422 una
1471 3370 1640 3441 oritur
1663 3369 1769 3441 ipse

510 3439 607 3511 ξοι
628 3437 647 3505 ξ
677 3442 772 3494 has
803 3457 928 3494 vero
957 3441 1359 3511 deprehenderis
1404 3440 1630 3511 marcime
1675 3505 1685 3511 _
1764 3437 1769 3444 ’

511 3509 582 3564 1η
611 3513 756 3580 ipsas
787 3505 1032 3564 intuensf
1067 3509 1256 3564 Verum
1287 3511 1338 3563 si
1378 3508 1603 3562 nubibus
1632 3505 1872 3560 obscurae
1944 3537 1958 3551 -

510 3579 652 3646 Sint,
682 3582 756 3634 vel
792 3591 966 3634 monte
997 3579 1276 3634 occultata:
1315 3580 1589 3641 oriantur;

512 3649 724 3703 Indicia
757 3651 1107 3704 morientibus
1140 3649 1333 3703 idonea
1364 3650 1551 3717 facito.

509 3720 632 3789 Ipse
664 3731 841 3774 autent
885 3721 1114 3773 maxime
1143 3723 1207 3772 ab
1236 3719 1484 3772 extremis
1520 3720 1564 3749 τ’
1603 3719 1847 3790 utrinque
1892 3733 2082 3786 suppe-

1755 3788 2022 3859 [ditaverit

513 3857 799 3930 Oeeanus;
833 3875 950 3930 qua:
984 3858 1152 3930 multa
1178 3857 1540 3930 circumvoleit
1572 3858 1673 3911 sibi
1706 3857 1808 3925 ipsi

510 3928 591 3982 Ab
618 3931 822 3998 inﬁma,
845 3927 965 3982 euut
1001 3929 1216 3982 illarum
1245 3927 1413 3981 volvat
1438 3944 1883 3998 unamquamque.

584 4041 685 4097 Hic
724 4042 889 4111 igitur
918 4040 1170 4104 aﬂinnat,
1225 4041 1305 4096 sic
1347 4055 1379 4094 a
1416 4040 1575 4094 nobis
1608 4040 1953 4109 potissimum
1983 4039 2086 4093 lio--

511 4148 632 4188 ram
674 4133 989 4203 investigari
1045 4146 1227 4202 posse,
1271 4131 1318 4185 si
1366 4130 1654 4185 duodecim
1708 4131 1954 4200 ipsorum
1991 4143 2086 4183 zo-

512 4227 657 4283 diaci
684 4229 962 4297 signorum
995 4226 1276 4294 quodlibet
1295 4225 1498 4279 exoriri
1530 4223 1837 4278 videamus.
1873 4220 2085 4276 Etenim

513 4318 606 4390 qui
636 4329 744 4387 quo
770 4318 827 4371 in
857 4316 1065 4370 zodiaci
1097 4317 1276 4386 signo,
1302 4323 1357 4370 et
1390 4330 1628 4385 quanam
1668 4314 1789 4384 ejus
1822 4321 1975 4386 parte
2005 4314 2088 4367 sol

513 4419 763 4467 versetur
789 4409 1077 4479 intelligat,
1110 4424 1212 4463 nec
1241 4409 1458 4478 ignoret
1503 4422 1599 4462 sex
1629 4422 1727 4477 per
1756 4421 1972 4461 omnem
1997 4419 2089 4459 no—

511 4507 657 4574 ctem
715 4500 1011 4555 ascendere
1061 4499 1252 4568 signa;
1307 4514 1432 4554 eum
1483 4513 1614 4552 vero
1671 4499 1820 4552 nullo
1869 4497 2087 4567 negotio

514 4592 738 4661 putabat
770 4607 838 4646 ex.
866 4601 988 4646 ortu
1037 4592 1177 4662 signi
1216 4591 1284 4645 de
1317 4589 1496 4645 noctis
1535 4591 1670 4644 hora
1719 4590 2110 4659 conjecturam

513 4698 676 4754 posse
699 4682 898 4738 facere.
936 4683 1033 4736 Sin
1075 4689 1160 4737 est
1194 4689 1252 4735 ut
1282 4683 1366 4736 vel
1397 4682 1699 4762 montibus,
1725 4683 1810 4736 vel
1837 4682 2083 4738 nubibus

513 4775 873 4842 interpositis,
906 4774 1090 4828 oriens
1125 4773 1344 4842 signum
1385 4773 1627 4841 prospici
1665 4780 1919 4841 nequeat,
1958 4774 2088 4827 reli-

513 4864 637 4933 quis
669 4879 700 4917 e
739 4864 932 4927 stellis,
959 4877 1079 4933 qua:
1128 4872 1282 4918 extra
1313 4864 1600 4919 zodiacum
1632 4864 1771 4926 siue,
1813 4863 2086 4918 lnorizonti

515 4953 715 5007 citima
745 4960 896 5016 sunt,
949 4954 1134 5008 oriens
1174 4955 1388 5024 signum
1430 4953 1760 5024 deprehendi
1795 4968 1992 5022 posse;
2030 4956 2076 5008 si

2202 2399 2426 2471 Ἀράτου
2486 2401 2579 2454 καὶ
2632 2401 2862 2466 Εὐδόξου
2919 2399 3462 2473 καταγεγραμρένων
3525 2405 3583 2457 ὲν
3643 2405 3759 2469 τοῖς

2188 2491 2571 2560 Φαινομένοις
2609 2492 2932 2563 συνάψωμεν
2965 2492 3059 2546 νῦν
3097 2491 3187 2546 τὸν
3225 2493 3355 2564 περὶ
3397 2491 3757 2564 συνανατολῆς

2187 2582 2281 2635 καὶ
2303 2582 2749 2650 συγκαταδύσεως
2777 2584 2884 2637 τῶν
2916 2584 3128 2657 ἄστρων
3149 2585 3323 2654 λόγον,
3348 2584 3756 2649 ὑποδεικνύντες

2187 2677 2285 2730 ὅσα
2315 2694 2374 2730 τε
2412 2677 2636 2742 δεόντως
2681 2679 2773 2733 ὑπ’
2811 2677 2991 2732 αὐτῶν
3028 2678 3274 2749 εἴρηταιο
3320 2676 3415 2731 καὶ
3447 2677 3504 2730 ὲν
3530 2671 3610 2741 οἷς
3643 2677 3757 2730 δια-

2190 2769 2481 2838 σαφοῦντες
2509 2770 2568 2822 οὐ
2601 2769 2736 2841 πρὸς
2765 2769 2834 2822 τά
2865 2768 3160 2839 φαινόμενα
3190 2769 3289 2832 τὰς
3329 2769 3629 2838 ἀποφάσεις
3661 2783 3758 2820 πε-

2189 2859 2456 2932 ποίηνται.
3799 2851 3816 2868 ⁸

2257 2952 2480 3024 Πρῶτον
2535 2952 2631 3023 μὲν
2681 2947 2771 3006 οὖν
2799 2953 2827 3004 ὁ
2859 2954 3092 3020 Ἀρατος
3124 2949 3395 3017 ὑποδεῖξαι
3442 2949 3758 3021 βουλόμενος

2187 3043 2305 3108 πῶς
2331 3044 2420 3099 διὰ
2453 3044 2552 3115 τῆς
2595 3044 2853 3116 ἀνατολῆς
2895 3044 2990 3098 καὶ
3035 3044 3134 3114 τῆς
3176 3043 3377 3107 δύσεως
3405 3043 3514 3096 τῶν
3544 3041 3756 3114 ἄστρων

2187 3135 2602 3206 ὲπιγνωσόμεθα
2630 3135 2728 3204 τὴν
2757 3133 2902 3207 ὥραν
2931 3135 3030 3206 τῆς
3057 3134 3266 3198 νυκτὸς,
3297 3133 3445 3202 λέγει
3469 3133 3649 3187 ταυτί·

2189 3247 2272 3301 οὕ
2301 3265 2408 3301 κεν
2437 3247 2784 3316 ἀπόϐλητον
2811 3247 3184 3318 δεδοκημένῳ
3220 3248 3445 3317 ἤματος
3479 3249 3571 3316 εἴη

2183 3319 2459 3384 Μοιράων
2487 3321 2872 3381 σκέπτεσθαι,
2907 3319 2990 3372 ὅτ’
3019 3318 3394 3373 ἀντέλλωσιν
3417 3319 3664 3373 ἕκασται
3683 3319 3755 3380 ,⁷³.

2175 3387 2433 3458 Αιεὶ.γὰρ
2464 3387 2620 3441 τάων
2656 3387 2859 3458 τερμιῇ
2890 3389 3320 3457 συνανέρχεται
3349 3389 3532 3456 αὐτὸς

2197 3457 2419 3522 Ἠέλιος
2437 3473 2451 3487 ο
2485 3458 2591 3524 τὰς
2621 3458 2673 3511 δ’
2706 3457 2783 3510 ἄν
2808 3475 2874 3511 κε
2907 3458 3300 3526 περισκέψαιο
3318 3459 3586 3527 μάλιστα

2183 3531 2287 3594 Εἰς
2316 3528 2502 3593 αὐτὰς
2537 3529 2742 3595 ὁρόων.
2793 3528 2953 3595 Ἀτάρ
2988 3529 3069 3596 ἣν
3097 3526 3383 3596 νεφέεσσι
3413 3526 3691 3596 μέλαιναι

2185 3599 2464 3657 Γί-νοιντ’.
2493 3596 2531 3665 ἢ
2569 3596 2734 3667 ὄρεος
2767 3597 3165 3667 κεκρυμμέναι
3202 3596 3580 3651 ἁντέλλοιεν·

2109 3688 2150 3744 C
2184 3665 2921 3744 Eﬁpat'frfepxouérowtr
2947 3665 3204 3744 ἀρηρότα
3230 3667 3593 3744 ςτοιιῖσασραι
3608 3685 3622 3697 ·

2181 3738 2369 3803 Αὐτὸς
2393 3736 2447 3790 δ’
2470 3736 2548 3790 ἂν
2568 3735 2736 3807 μάλα
2765 3753 2853 3790 τοι
2879 3735 3106 3806 κεράων
3138 3737 3412 3805 ἑκάτερθε
3440 3735 3630 3805 διδοίη

2201 3871 2500 3936 Ὠκεανός’
2536 3870 2709 3941 edite
2743 3871 2946 3926 πολλὰ
2987 3871 3433 3941 περιστρέφεται
3470 3872 3564 3926 ἑοῖ
3599 3871 3762 3938 αὐτῷ

2187 3942 2450 4004 Νειόθεν,
2485 3940 2761 4012 όππῆμος
2794 3943 3008 3995 κείνων
3036 3940 3326 4011 φορέῃσιν
3354 3941 3638 4010 ἑκάστην.

2268 4057 2435 4127 Φησὶν
2465 4052 2557 4110 οὖν
2579 4058 2639 4109 ὲν
2668 4055 2878 4120 τούτοις
2902 4056 3135 4126 μάλιστα
3155 4055 3251 4126 μὲν
3278 4057 3428 4128 ἡμᾶς
3457 4055 3759 4126 ὲπιγνώσεε

2190 4148 2311 4202 σθαι
2340 4148 2440 4218 τὴν
2468 4147 2637 4219 ὥραν,
2666 4148 2760 4202 ἐὰν
2789 4148 2966 4203 αὐτῶν
2997 4165 3050 4202 τι
3077 4147 3184 4202 τῶν
3209 4147 3277 4219 ιβ’
3302 4148 3507 4213 ζωδίων
3545 4147 3760 4221 Θεωρῶα

2191 4256 2290 4310 μεν
2331 4240 2634 4294 ἀνατέλλον.
2672 4240 2774 4294 Τὸν
2818 4241 2926 4312 γὰρ
2971 4239 3303 4310 γινώσκοντα
3335 4244 3392 4295 ὲν
3424 4233 3469 4309 ᾧ
3505 4243 3621 4294 ἐστι
3651 4240 3761 4306 ζωεί

2187 4329 2283 4402 δίῳ
2314 4334 2341 4386 ὁ
2381 4333 2551 4404 ἥλιος,
2597 4333 2691 4387 καί
2731 4332 2852 4386 καθ’
2895 4333 2924 4387 ὃ
2972 4333 3134 4404 μέρος
3177 4333 3364 4398 αὐτοῦ,
3404 4334 3497 4387 καὶ
3531 4333 3663 4386 διότι
3699 4334 3782 4385 ὲν.

2189 4425 2338 4496 πάσῃ
2367 4425 2520 4478 νυκτὶ
2553 4424 2612 4491 ἓξ
2645 4424 2809 4489 ζώδια
2854 4425 3150 4490 ἀνατέλλει,
3187 4425 3379 4497 ῥαδίως
3411 4425 3756 4496 ὑπελάμϐανε

2189 4518 2439 4586 συνήσειν
2470 4517 2534 4568 ἐκ
2555 4516 2648 4568 τοῦ
2685 4515 3059 4579 ἀνατέλλοντος
3091 4515 3279 4580 ζωδίου
3317 4517 3411 4588 τὴν
3439 4517 3537 4588 τῆς
3565 4513 3758 4578 νυκτὸς

2187 4604 2354 4677 ὥραν.
2403 4605 2467 4657 Et
2515 4604 2698 4674 μέντοι
2739 4621 2802 4673 γε
2831 4605 2863 4676 ἢ
2899 4605 2988 4658 διὰ
3020 4606 3143 4675 ὄρη,
3177 4607 3210 4677 ἢ
3260 4605 3348 4660 διὰ
3377 4605 3534 4674 νέφη,
3567 4604 3641 4676 μὴ
3669 4605 3757 4674 εἴη

2188 4695 2418 4766 φανερὸν
2457 4695 2516 4748 τὸ
2547 4694 2828 4748 ἀνατέλλον
2861 4695 3066 4760 quam,
3100 4697 3166 4748 ὲκ
3209 4695 3317 4748 ττῖιν
3361 4694 3557 4748 λοιπῶν
3597 4694 3762 4748 dare;

2192 4803 2319 4858 ρων,
2349 4785 2457 4838 τῶν
2505 4787 2658 4850 ἐκτὸς
2707 4785 2802 4839 τοῦ
2853 4786 3116 4851 ζωδιακοῦ
3170 4787 3390 4850 κύκλου,
3419 4786 3684 4857 κειμένων
3711 4787 3755 4838 δ’

2188 4875 2354 4944 ἐγγὺς
2384 4875 2477 4928 τοῦ
2507 4876 2796 4947 ὁρίζοντος,
2837 4875 3230 4945 ὲπιγνώσεσθαι
3265 4878 3410 4946 ἡμᾶς
3435 4876 3496 4928 τὸ
3533 4874 3755 4929 ἀνατέλε

2195 4965 2283 5019 λον
2312 4965 2522 5031 (dimov,-
2545 4968 2640 5020 ἐὰν
2664 4966 2860 5038 ἴδωμεν
2885 4970 3012 5021 ποῖα
3035 4968 3144 5020 τῶν
3167 4969 3378 5039 ἄστρων
3412 4967 3628 5039 ἑκάστῳ
3654 4966 3759 5032 ζωι-

511 5045 619 5098 hoc
654 5041 1217 5107 animadverterimus,
1249 5044 1559 5115 cujusmodi
1592 5045 1772 5100 sidera
1795 5058 1921 5098 cum
1953 5059 2090 5098 uno-

2191 5053 2286 5124 δίῳ
2318 5029 2710 5121 συνανατέλλει,
2811 5057 3220 5124 συγκαταδύνει.

514 5149 733 5206 quoque
755 5135 912 5206 signo
938 5144 1119 5190 ortum
1153 5151 1521 5207 occasumque
1550 5136 1777 5192 faciant.

583 5225 651 5280 ll.
690 5224 793 5281 Sed
825 5229 880 5280 in
928 5243 994 5282 eo
1035 5228 1269 5297 primum
1311 5228 1699 5295 hallucinatur,
1723 5226 1870 5297 quod
1898 5228 2089 5283 existi-

514 5323 627 5369 met
669 5314 1198 5388 ad'investigandam
1231 5319 1410 5373 noctis
1447 5319 1636 5373 horam
1667 5319 1803 5374 satis
1843 5334 1967 5374 esse
2001 5333 2088 5372 ra-

515 5405 832 5462 tiocinando
852 5409 1128 5480 colligere,
1173 5419 1304 5479 quot
1340 5409 1407 5464 ad
1438 5418 1619 5464 ortum
1643 5410 1776 5465 solis
1804 5410 1982 5464 adhuc
2007 5410 2086 5463 si-

2259 5234 2334 5286 B'.
2349 5233 2570 5316 Πρῶτον
2594 5227 2690 5305 μὲν
2705 5229 2797 5288 οὖν
2813 5237 2998 5304 ἀγνοεῖ
3012 5222 3404 5306 ὑπολαμβάνων
3421 5235 3608 5308 ἀρκεῖν
3626 5237 3760 5308 πρὸς

2188 5323 2248 5376 τὸ
2273 5325 2371 5392 τὴν
2401 5323 2549 5396 ὥραν
2583 5325 2878 5394 ἐπιγνῶναι
2901 5325 3002 5396 τῆς
3029 5325 3222 5388 νυκτὸς
3249 5325 3310 5378 τὸ
3343 5321 3760 5395 συλλογίσασθαι

2188 5415 2331 5468 πόσα
2364 5414 2445 5467 ἔτι
2477 5414 2640 5480 ζὼδια
2672 5415 3058 5469 καταλείπεται
3095 5417 3175 5478 εἰς
3200 5417 3297 5487 τὴν
3320 5414 3414 5469 τοῦ
3446 5415 3596 5486 ἡλίου
3625 5417 3759 5469 ἀνα-

517 5514 621 5566 gna
645 5502 941 5570 supersint.
971 5501 1110 5556 Tum
1135 5503 1189 5557 id
1218 5503 1364 5558 enim
1402 5517 1590 5557 verum
1619 5501 1784 5566 foret,
1810 5502 1856 5557 si
1888 5502 2087 5573 aequali

2188 5505 2364 5578 τολήν.
2390 5505 2558 5559 Τοῦτο
2585 5507 2693 5578 γὰρ
2716 5506 2923 5576 ἐγίνετο
2950 5508 2999 5559 εἰ
3034 5508 3091 5560 ἐν
3125 5506 3227 5576 [σῳ
3253 5506 3427 5578 χρόνῳ
3449 5506 3506 5560 ἓν
3533 5507 3758 5561 ἕκαστον

516 5597 759 5661 tempore
788 5593 1003 5664 signum
1025 5596 1255 5665 quodvis
1288 5595 1543 5650 oriretur.
1569 5593 1837 5660 Quoniam
1857 5610 1989 5650 vero
2008 5596 2085 5649 la-

2187 5596 2296 5651 τῶν
2326 5596 2528 5660 ζωδίων
2557 5597 2852 5653 ἀνέτελλεν.
2897 5598 3048 5653 Ἐπεὶ
3073 5597 3130 5651 δὲ
3162 5598 3408 5670 μεγάλην
3453 5593 3590 5654 εἶναι
3621 5613 3759 5652 auo;-

593 5743 718 5800 "1d
754 5755 835 5803 est
863 5748 926 5802 ab
952 5759 1068 5804 artu
1103 5760 1152 5805 et
1191 5766 1400 5804 occasu.
1441 5751 1486 5783 "
1507 5769 1596 5822 πρ.
1629 5751 1939 5823 ἀντέλλησιν
1967 5751 2189 5824 ἑκάστη.
