4130 6410
357 373 498 431 ηυδε

1302 364 1670 422 IIIP‘PARCHI
1697 365 1786 420 AD
1814 362 2260 423 ΡΗᾸΞΝΟΜΕΝΑ
2289 367 2416 422 LIB.
2455 369 2524 423 ‘II.

3421 369 3576 425 ’1036

357 491 532 545 ϐαίνει
568 487 828 560 διαφορὰν
871 489 929 540 ὲν
968 488 1089 551 ταῖς
1129 486 1410 549 ἀνατολαῖς
1455 485 1562 538 τῶν
1603 483 1668 554 ιβ’
1701 481 1913 548 ξωδίων

2028 490 2140 537 tum
2178 484 2472 540 discrimen
2497 494 2580 541 est
2604 486 2659 540 in
2701 484 2986 541 duodecim
3017 487 3296 556 signorum
3330 485 3576 541 ortibus:

358 579 613 648 ἀγνοήσει
647 577 748 647 τὴν
789 575 890 646 τῆς
935 574 1125 639 νυκτὸς
1169 573 1316 645 ὤραν
1354 575 1383 625 6
1426 571 1504 644 τῷ
1548 571 1925 642 προειρημένῳ

359 665 702 738 συλλογισμῷ
733 665 1031 738 χρώμενος.
1066 665 1311 722 Μάλιστα
1341 665 1384 717 δ’
1413 665 1477 719 ἀν
1519 681 1600 726 τις
1621 661 1923 733 θαυμάσειε

359 757 477 820 πῶς
531 757 628 810 καὶ
673 759 701 810 6
738 755 996 820 Ἄτταλος
1043 753 1489 824 συγκατατίθεται
1542 751 1734 823 τούτῳ.
1764 752 1923 820 Λέγει

358 849 470 919 γὰρ
498 849 587 902 τὸν
611 848 806 919 τρόπον
834 847 1020 902 τοῦτον
1038 864 1051 877 ο
1087 867 1106 898 ι
1151 848 1237 901 Ἐν
1273 847 1329 900 δὲ
1365 848 1475 910 τοῖς
1501 845 1774 916 ἐχομένοις
1805 860 1924 896 πει-

361 941 522 1011 ρᾶται
551 939 940 1005 ὑποδεικνύειν,
980 939 1096 1004 πῶς
1126 939 1190 994 ἄν
1216 956 1300 1002 τις
1330 937 1420 990 διὰ
1454 938 1561 992 τῶν
1588 937 1799 1008 ἄστρων
1835 935 1924 988 δύ-

358 1049 507 1087 ναιτο
535 1031 630 1103 τὴν
657 1031 802 1104 ὥραν
836 1031 934 1100 τῆς
959 1032 1147 1095 νυκτὸς
1173 1029 1604 1100 ἐπιγιγνώσκειν.
1638 1028 1790 1082 Ἐπεὶ
1815 1028 1923 1098 γάρ

356 1124 504 1176 ἐστιν
536 1123 676 1194 ἀρχὴ
701 1123 889 1186 νυκτὸς
911 1123 1062 1194 ήλίου
1088 1121 1237 1184 δύσις
1254 1138 1268 1150 '
1304 1122 1332 1173 6
1357 1121 1412 1173 δὲ
1439 1121 1588 1191 ἥλιος
1616 1120 1702 1173 ἀεὶ
1725 1119 1780 1172 ἐν
1818 1136 1922 1171 τινι

354 1215 465 1269 τῶν
489 1215 554 1285 ιβ’
581 1213 784 1278 ζωδίων
810 1214 923 1267 ὲστί
943 1232 956 1245 ο
990 1213 1165 1284 δῆλον,
1189 1214 1268 1266 ὅτι
1293 1212 1369 1283 τῷ
1391 1210 1710 1281 γινώσκοντι
1739 1211 1796 1263 ἐν
1819 1210 1921 1263 τίνι

353 1324 414 1360 τε
435 1305 607 1376 ζωδίῳ
626 1308 654 1359 6
677 1305 826 1376 ἥλιός
852 1307 987 1369 ἐστι,
1007 1305 1098 1358 καὶ
1124 1305 1181 1356 ὲν
1210 1304 1381 1376 πόστῃ
1407 1303 1566 1374 μοίρᾳ
1590 1302 1682 1356 τοῦ
1710 1302 1920 1367 ζωδίου,

355 1399 536 1471 ῥᾴδιόν
570 1400 714 1451 ἐστιν
745 1396 1056 1465 ἐπιγνῶναι,
1103 1396 1198 1450 καὶ
1246 1397 1394 1448 ποῖον
1440 1393 1626 1459 ζώδιον
1681 1396 1738 1446 ἐν
1769 1395 1920 1465 ,ἀρχῇ

353 1490 668 1562 τῆς.νυκτὸς
699 1488 995 1552 ἀνατέλλει,
1026 1487 1120 1540 καὶ
1158 1486 1284 1558 ποίᾳ
1331 1485 1511 1557 μοίρᾳ.
1551 1486 1628 1556 Τῇ
1673 1484 1781 1557 γὰρ
1818 1485 1922 1537 ὑπὸ

349 1582 444 1636 τοῦ
476 1581 626 1654 ἡλίου
654 1579 990 1652 κατεχομένη
1028 1577 1190 1650 μοίρᾳ
1232 1580 1265 1649 ή
1314 1577 1454 1631 κατά
1487 1577 1772 1649 διάμετρον
1809 1593 1920 1628 κει-

353 1675 494 1746 μένη
521 1674 618 1746 τὴν
642 1674 906 1744 ἀνατολὴν
943 1671 1081 1725 κατά
1103 1670 1197 1742 τὴν
1229 1669 1402 1742 ἀρχὴν
1430 1671 1529 1740 τῆς
1549 1668 1742 1732 νυκτὸς
1765 1667 1922 1737 ποιή-

353 1786 457 1822 σει.
489 1766 658 1820 Τοῦτο
693 1767 750 1820 δὲ
791 1765 1200 1839 προϊστορηκὼς
1231 1766 1323 1819 καὶ
1355 1760 1696 1832 ἐπεγνωκὼς,
1738 1761 1818 1835 ὅτι
1863 1759 1920 1812 ὲν

351 1861 500 1930 πάσῃ
546 1860 700 1913 νυκτὶ
739 1865 792 1924 ς’
843 1857 1007 1922 ζώδια
1057 1857 1192 1929 πρὸς
1233 1859 1298 1928 τῇ
1341 1854 1568 1925 ἀνατολῇ
1619 1853 1917 1923 ἀνίσχουσι,

351 1951 617 2020 γνώσεται
671 1951 761 2004 καὶ
811 1950 974 2003 πόσον
1012 1950 1110 2020 τῆς
1143 1947 1331 2012 νυκτὸς
1373 1943 1739 2017 παρεληλυθός
1780 1945 1916 2008 ἐστι,

351 2045 446 2098 καὶ
469 2044 632 2097 πόσον
664 2043 724 2096 τὸ
745 2042 927 2096 λοιπὸν
949 2043 1051 2106 ἓως
1083 2042 1180 2112 τῆς
1203 2039 1296 2094 τοῦ
1333 2038 1480 2111 ἡλίου
1511 2037 1789 2108 ἀνατολῆς.
1822 2054 1839 2086 ι

425 2222 577 2277 Μετά
617 2222 673 2275 δὲ
717 2218 887 2274 ταῦτα
911 2219 1133 2292 λέληθεν
1174 2217 1518 2290 ἀμφοτέρους
1560 2217 1793 2280 αὐτοὺς,
1833 2214 1916 2267 ὅτι

341 2315 459 2368 ὀὐδ’
486 2313 552 2368 ἂν
571 2312 703 2368 αὐτὸ
725 2312 785 2365 τὸ
815 2311 1001 2376 ζώδιον
1034 2311 1204 2382 βλέπῃ
1231 2328 1314 2374 τις
1346 2306 1726 2371 ἀνατεταλκδς,
1760 2306 1916 2359 δυνα-

351 2407 441 2470 τός
472 2407 618 2458 ἐστιν
648 2403 891 2475 ἀκριϐῶς
914 2403 1012 2476 τὴν
1060 2402 1208 2474 ῶραν
1236 2402 1336 2472 τῆς
1369 2399 1562 2463 νυκτὸς
1602 2397 1916 2466 συλλογίσα-

353 2499 476 2552 σθαι
527 2493 670 2551 κατά
715 2495 806 2549 τδν
855 2493 1250 2567 προειρημένον
1304 2492 1520 2564 τρόπον.
1564 2490 1628 2543 Εἰ
1673 2489 1770 2560 μὲν
1807 2488 1915 2560 γάρ

350 2574 599 2645 ἕκαστον
623 2588 732 2643 τῶν
759 2586 1164 2660 ὴστερισμένων
1201 2585 1296 2639 καὶ
1326 2583 1675 2655 βλεπομένων
1709 2581 1914 2646 ζωδίων

351 2679 752 2752 συνεπληροῦτο
779 2677 899 2732 καθ’
929 2676 987 2730 ἓν
1016 2674 1482 2746 δωδεκατημόριον
1515 2671 1613 2726 τοῦ
1648 2669 1914 2735 ζωδιακοῦ

349 2774 572 2837 κύκλου,
596 2771 724 2844 παρ’
750 2769 916 2842 αὐτὴν
950 2770 1116 2840 μόνην
1143 2767 1242 2840 τὴν
1271 2768 1327 2818 ὲν
1356 2768 1471 2827 ταῖς
1495 2763 1781 2825 ἀνατολαῖς
1808 2761 1916 2850 τῶν

342 2866 554 2937 ,χρόνων
599 2863 889 2932 ἀνισότητα
936 2859 1318 2929 διεπίπτομενο
1369 2855 1492 2909 ἐπεὶ
1531 2854 1588 2906 δὲ
1633 2853 1754 2906 οὐδὲ
1801 2853 1914 2915 τοῖς

346 2956 836 3028 δωδεκατημορίοις
875 2955 966 3008 ίσα
990 2953 1106 3006 ἐστὶ
1137 2951 1207 3006 τά
1248 2948 1546 3020 φαινόμενα
1580 2945 1766 3012 ζὼδια,
1802 2944 1913 2998 οὔτ’

347 3054 407 3104 ὲν
435 3053 548 3114 τοῖς
589 3049 736 3112 ἰδίοις
769 3048 942 3100 κεῖται
983 3045 1168 3106 τόποις
1211 3043 1423 3097 ἅπαντα
1445 3058 1458 3070 ·
1490 3039 1627 3093 ἀλλά
1666 3039 1787 3092 τινὰ
1817 3037 1912 3108 μὲν

2023 575 2117 643 qui
2141 575 2350 630 ratione
2370 577 2458 630 illa
2493 578 2568 632 uti
2587 578 2733 640 velit,
2763 578 2948 632 horam
2980 578 3160 632 noctis
3181 576 3399 646 assequi
3433 577 3583 632 nullo

2024 665 2184 719 modo
2222 667 2442 735 poterit.
2497 667 2602 722 Sed
2644 667 2773 722 illud
2837 667 3026 721 mirari
3086 667 3254 731 subit,
3310 667 3586 737 quomodo

2025 756 2150 811 huic
2185 758 2346 812 etiam
2401 758 2663 814 doctrinm
2708 759 3047 830 subscriptor
3086 758 3302 815 Attalus
3339 757 3579 814 accedat.

2025 843 2102 898 Ita
2155 847 2354 916 quippe
2391 847 2666 918 loquitur;
2707 866 2726 898 ι
2768 846 2826 902 In
2865 849 3218 918 sequentibus
3268 863 3433 917 porro
3487 847 3586 900 de-

2024 948 2328 994 monstrare
2356 951 2587 1009 conatur
2619 956 2728 1012 qua
2765 941 2976 995 ratione
3020 940 3289 1010 quispiam
3329 955 3358 994 e
3387 939 3582 994 sideri-

2024 1028 2127 1084 bus
2152 1037 2475 1085 nocturnam
2511 1032 2698 1086 horam
2727 1032 3022 1102 conjectari
3051 1030 3270 1102 poterit.
3296 1029 3432 1084 Nam
3458 1043 3586 1083 cum

2024 1121 2098 1177 sit
2123 1122 2300 1178 noctis
2331 1124 2552 1178 initium
2592 1125 2725 1180 solis
2755 1140 3009 1189 occasus,
3039 1125 3120 1180 sol
3150 1131 3334 1178 autem
3377 1121 3586 1176 duode-

2020 1213 2128 1284 cim
2168 1215 2446 1286 signorum
2488 1231 2706 1285 semper
2747 1217 2800 1270 in
2847 1217 3030 1286 aliquo
3061 1223 3350 1281 versetur;
3381 1215 3587 1286 perspi-

2022 1320 2186 1359 cuum
2231 1313 2334 1370 est,
2369 1307 2463 1376 qui
2489 1307 2542 1360 id
2569 1309 2904 1378 cognoverit,
2949 1309 3003 1362 in
3037 1325 3146 1379 quo
3190 1307 3348 1379 signo
3374 1308 3457 1364 sol
3488 1322 3586 1378 po-

2023 1399 2160 1452 situs
2196 1399 2287 1461 sit,
2334 1405 2388 1453 et
2445 1414 2551 1469 qua
2594 1399 2714 1468 ejus
2752 1400 2892 1469 signi
2930 1407 3104 1470 parte,
3144 1399 3301 1455 facile
3338 1400 3586 1454 animad-

2021 1504 2308 1542 versurum
2357 1504 2516 1553 esse,
2565 1489 2708 1559 quod
2753 1490 2990 1560 signum,
3037 1499 3091 1545 et
3139 1505 3247 1560 qua
3301 1489 3460 1561 119
3498 1490 3585 1544 sui

2022 1587 2176 1649 parte
2208 1580 2312 1636 sub
2357 1581 2570 1636 initium
2621 1582 2800 1636 noctis
2834 1584 3065 1637 oriatur.
3109 1581 3318 1652 Quippe
3351 1596 3478 1651 pars
3508 1583 3582 1643 ei,

2022 1686 2186 1739 quam
2215 1672 2294 1727 sol
2323 1673 2554 1736 obtinet,
2584 1689 2651 1729 ex
2676 1673 2942 1728 diametro
2972 1672 3328 1744 respondens,
3361 1673 3584 1727 ineunte

2024 1771 2183 1818 nocte
2223 1764 2576 1820 conscendet.
2619 1763 2732 1819 Iloc
2772 1765 3020 1835 quisquis
3054 1775 3182 1820 ante
3219 1763 3492 1829 didicerit,
3528 1771 3585 1819 et

2021 1855 2291 1923 cognorit,
2340 1855 2397 1910 in
2424 1857 2572 1910 omni
2611 1865 2770 1911 nocte
2797 1871 2892 1912 sex
2925 1856 2993 1910 ab
3031 1857 3239 1911 oriente
3274 1855 3426 1926 signa
3447 1871 3583 1910 con-

2021 1961 2264 2016 surgere,
2298 1961 2406 2000 non
2459 1947 2734 2016 ignorabit
2783 1955 2986 2017 quanta
3031 1961 3159 2017 pars
3191 1947 3369 2001 noctis
3401 1954 3582 2000 trans-

2021 2045 2141 2092 acta
2169 2038 2354 2104 fuerit,
2380 2046 2434 2093 et
2468 2047 2731 2110 quantum
2754 2055 2818 2094 ex
2851 2054 2914 2094 ea
2944 2039 3011 2092 ad
3043 2047 3223 2094 ortum
3249 2055 3422 2109 usque
3450 2040 3582 2096 solis

2019 2130 2278 2200 supersit.
2310 2149 2328 2181 ι

2089 2220 2351 2275 Praeterea
2386 2220 2492 2276 hoc
2521 2220 2682 2276 ambo
2709 2221 2787 2276 illi
2813 2237 3153 2294 nequaquam
3184 2223 3582 2279 animadverte-

2018 2319 2178 2375 runt,
2226 2313 2442 2368 tametsi
2496 2311 2629 2367 illud
2686 2313 2862 2384 ipsum
2915 2315 3130 2386 signum
3168 2327 3419 2372 exortum
3466 2315 3582 2386 jam

2017 2415 2139 2456 esse
2187 2403 2380 2458 viderit
2431 2406 2722 2476 quispiam,
2764 2421 2874 2461 non
2929 2422 3092 2477 posse
3139 2415 3320 2462 tamen
3372 2410 3584 2463 ratione

2018 2493 2147 2557 ista,
2172 2509 2336 2564 quam
2372 2496 2644 2562 diximus,
2675 2507 2878 2552 certam
2929 2501 3106 2554 noctis
3147 2499 3336 2554 horam
3373 2516 3582 2572 cogno-

2017 2596 2192 2638 scere.
2228 2582 2438 2639 Etenim
2478 2587 2523 2640 si
2553 2587 3022 2650 constellatarum,
3065 2596 3118 2642 et
3166 2590 3580 2658 aspectabilium

2016 2674 2312 2746 imaginum
2358 2677 2611 2746 quzelibet
2652 2685 2804 2746 parte
2852 2694 2958 2732 una
3003 2678 3325 2734 duodecima
3366 2680 3580 2736 zodiaci

2014 2765 2351 2828 deﬁniretur,
2385 2767 2499 2820 sola
2533 2776 2836 2837 temporum
2877 2769 2930 2822 in
2979 2770 3191 2824 ortibus
3237 2769 3580 2839 inaqualitas

2014 2873 2254 2923 errorem
2303 2857 2459 2911 nobis
2503 2858 2738 2914 θεῖοι-τοι.
2785 2860 2889 2914 Sed
2931 2862 3185 2930 quoniam
3227 2878 3402 2932 neque
3450 2878 3576 2918 cum

1972 2949 1986 2964 ‘
2015 2950 2310 3018 segmentis
2348 2949 2481 3019 ipsis
2525 2949 2878 3019 adaequamur
2905 2965 3026 3020 quae
3065 2965 3096 3003 a
3145 2952 3302 3007 nobis
3344 2968 3580 3008 cernun-

2016 3046 2105 3092 tur
2158 3038 2442 3108 imagines,
2483 3055 2658 3110 neque
2710 3041 2944 3110 propriis
2991 3042 3045 3095 in
3097 3042 3230 3096 locis
3281 3043 3399 3098 sitae
3450 3054 3580 3100 sunt

348 3141 527 3196 αὐτῶν
553 3139 818 3194 ἐλάσσονά
864 3139 978 3190 ἐστι
1017 3135 1108 3190 τοῦ
1141 3131 1608 3204 δωδεκατημορίου
1632 3171 1647 3196 ,
1693 3129 1813 3184 τινὰ
1854 3129 1911 3182 δὲ

2014 3145 2226 3196 omnes,
2276 3133 2368 3189 sed
2411 3134 2655 3203 quaedam
2691 3133 3128 3192 dodecatemorio
3163 3153 3262 3193 suo
3302 3139 3574 3203 minores,

350 3232 529 3303 πολλῷ
583 3230 834 3302 μείζονα·
867 3227 1117 3299 καθάπερ
1159 3225 1360 3288 εὐθέως
1406 3227 1435 3278 6
1492 3223 1588 3294 μὲν
1640 3222 1911 3293 Καρκίνος

340 3326 468 3379 οὐδὲ
492 3325 552 3378 τὸ
589 3325 768 3394 τρίτον
812 3323 977 3392 μέρος
1007 3321 1192 3390 ἐπέχει
1217 3318 1310 3372 τοῦ
1342 3315 1810 3385 δωδεκατημορίου
1830 3329 1842 3341 ·
1877 3313 1911 3382 ὴ

346 3415 406 3467 δὲ
431 3413 704 3485 Παρθένος
740 3414 834 3466 καὶ
859 3411 949 3464 τοῦ
987 3412 1232 3472 Λέοντος,
1273 3407 1368 3461 καὶ
1411 3406 1518 3460 τῶν
1559 3403 1753 3475 Χηλῶν
1793 3403 1913 3456 επι-

351 3505 616 3578 λαμθάνει
636 3522 649 3534 ο
683 3504 792 3557 τῶν
817 3503 873 3556 δὲ
909 3500 1125 3572 Ἰχθύων
1157 3501 1186 3553 6
1217 3497 1532 3567 νοτιώτερος
1567 3496 1686 3559 ὅλος
1725 3494 1911 3565 σχεδὸν

339 3600 407 3652 γὲν
430 3597 507 3668 τῷ
539 3595 631 3650 τοῦ
661 3595 940 3666 ’Υδροχόου
981 3596 1153 3647 κεῖται
1181 3589 1664 3661 δωδεκατημορίῳ·
1698 3585 1813 3649 πῶς
1843 3585 1908 3639 ἂν

346 3690 432 3760 εἴη
465 3688 688 3743 δυνατὸν
740 3689 805 3740 ὲκ
848 3687 944 3757 τῆς
988 3683 1242 3754 τοιαύτης
1285 3681 1392 3736 τῶν
1443 3680 1650 3734 δώδεκα
1706 3677 1910 3742 ζωδίων

345 3782 599 3853 ὲπιτολῆς
631 3781 730 3851 τῆς
757 3779 948 3842 νυκτὸς
987 3777 1135 3849 ὥραν
1166 3772 1616 3843 συλλογίσασθαι;
1649 3771 1818 3824 Ὅταν
1851 3768 1909 3821 δέ

346 3893 469 3930 τινα
494 3873 670 3928 αὐτῶν
708 3873 839 3944 μηδὲ
871 3874 925 3924 ὲν
960 3869 1034 3941 τῷ
1061 3867 1308 3938 ζωδιακῷ
1336 3865 1520 3936 κύκλῳ
1549 3863 1788 3933 τυγχάνῃ
1812 3861 1909 3914 ὅλα

348 3969 594 4040 κείμενα,
629 3966 763 4020 ἀλλά
789 3962 964 4033 πολλῴ
1003 3961 1335 4033 βορειότερα,
1371 3957 1621 4027 καθάπερ
1653 3955 1764 4025 ἔχει
1795 3954 1824 4006 6
1849 3969 1909 4005 τε

339 4061 498 4115 Λέων
552 4057 646 4112 καὶ
693 4059 722 4110 6
771 4055 1102 4128 βορειότερος
1149 4051 1256 4105 τῶν
1307 4049 1525 4121 Ἰχθύων
1549 4065 1563 4080 ο
1598 4047 1776 4119 δῆλον,
1829 4047 1910 4100 ὃτι

347 4151 527 4223 πολλῷ
555 4151 751 4222 μᾶλλον
779 4149 1030 4217 ἀγνοήσει
1060 4144 1159 4215 τὴν
1187 4143 1335 4214 ὥραν
1371 4143 1400 4195 ὁ
1428 4143 1492 4194 ἐκ
1523 4142 1622 4213 τῆς
1644 4138 1910 4210 ἀνατολῆς

345 4245 456 4300 τῶν
495 4242 830 4314 φαινομένων
863 4239 1066 4304 ζωδίων
1103 4235 1456 4306 συλλογισμὸς
1490 4234 1689 4288 αὐτῶν.

418 4337 632 4399 Εὐθέως
659 4330 750 4388 οὖν
787 4332 879 4385 τοῦ
904 4331 949 4363 ⁷⁸⁵
981 4329 1370 4401 ήστερισμένου
1405 4327 1680 4398 Καρκίνου
1715 4327 1910 4380 ἀνατε-

345 4428 678 4497 ταλκότος,ή
710 4424 802 4478 τοῦ
851 4423 1073 4484 Λέοντος
1103 4420 1310 4491 κεφαλὴ
1350 4419 1686 4490 ’ἀναφέρεται
1734 4419 1791 4471 ὲν
1821 4418 1909 4489 ,τῷ

2012 3223 2258 3292 quaedam
2305 3224 2542 3294 majores
2587 3225 2758 3280 multo
2804 3237 2933 3282 sunt
2967 3247 2980 3282 :
3016 3236 3075 3282 ut
3116 3231 3346 3299 exempli
3384 3246 3576 3298 causa,

2011 3315 2222 3372 Cancer
2274 3332 2343 3372 ne
2395 3318 2610 3372 tertiam
2655 3319 2874 3388 quidem
2932 3323 3196 3390 segmenti
3229 3321 3312 3378 sui
3367 3332 3576 3393 partem

2009 3419 2273 3479 occupat;
2303 3416 2495 3464 contra
2535 3409 2697 3482 Virgo
2725 3412 2793 3466 de
2817 3410 2997 3467 Leone
3029 3428 3093 3469 ac
3121 3412 3305 3469 Chelis
3337 3415 3579 3485 decerpit

2011 3500 2237 3570 aliquid,
2274 3500 2513 3558 Piscium
2570 3503 2860 3558 australior
2901 3513 3047 3559 totus
3099 3505 3210 3560 fere
3252 3507 3307 3560 in
3350 3507 3576 3577 Aquarii

2011 3592 2448 3648 dodecatemorio
2492 3597 2702 3663 positus
2733 3604 2816 3651 est
2848 3616 2860 3650 :
2897 3599 2990 3667 qui
3031 3595 3147 3652 ﬁeri
3175 3605 3372 3668 potest,
3405 3609 3465 3653 ut
3507 3617 3576 3655 ex
3668 3643 3672 3653 .

2010 3683 2278 3752 ejusmodi
2327 3687 2605 3756 signorum
2653 3688 2936 3744 duodecim
2980 3701 3171 3746 exortu
3216 3694 3396 3748 noctis
3441 3694 3574 3748 hora

2011 3776 2334 3845 colligatur?
2356 3777 2492 3832 Cum
2518 3787 2696 3833 autem
2721 3796 2787 3834 ex
2810 3780 2918 3836 il-lis
2948 3783 3110 3836 etiam
3145 3783 3322 3853 aliqua
3352 3785 3575 3840 zodiaco

2009 3869 2218 3924 circulo
2245 3884 2351 3924 non
2374 3877 2492 3924 tota
2521 3871 2925 3936 contineantur,
2953 3873 3045 3928 sed
3072 3874 3244 3928 multo
3267 3874 3572 3930 borealiora

2006 3959 2140 4022 sint,
2173 3959 2317 4014 velut
2360 3958 2468 4014 Leo
2509 3969 2562 4014 et
2607 3958 2847 4016 Piscium
2899 3961 3192 4026 borealior,
3230 3962 3453 4018 evidens
3492 3974 3575 4018 est

2011 4048 2228 4103 illorum
2260 4049 2522 4104 rationem
2571 4050 2641 4105 ab
2687 4060 2813 4106 ortu
2859 4053 3234 4124 apparentium
3277 4054 3572 4126 imaginum

2007 4140 2386 4196 aberraturam
2419 4156 2540 4197 esse
2567 4142 2800 4213 longius.

2081 4321 2320 4376 Primum
2347 4323 2491 4377 enim
2522 4325 2733 4379 stellata
2755 4323 2950 4379 Cancri
2979 4325 3340 4396 imaginejam
3363 4336 3573 4396 exorta,

2009 4416 2207 4473 Leonis
2235 4427 2398 4489 eaput
2426 4420 2480 4472 in
2515 4437 2582 4474 eo
2609 4437 2769 4491 quem
2808 4422 3096 4476 statuimus
3127 4424 3411 4478 horizonte
3436 4439 3574 4478 con-

347 4519 688 4590 ὺποκειμένῳ
729 4515 993 4588 ὁρίζοντι,
1032 4512 1517 4583 συνανατελλούσης
1550 4513 1685 4584 αύτῇ
1727 4512 1824 4583 τῆς
1856 4519 1905 4583 η’

2014 4512 2222 4566 scendit
2257 4527 2365 4565 una
2405 4527 2528 4565 cum
2573 4521 2762 4566 octava
2806 4519 2960 4583 parte
2987 4512 3206 4568 Cancri.
3241 4513 3406 4585 Igitur
3438 4515 3576 4568 Ara-

341 4609 540 4682 Δμοίρας
569 4607 662 4661 τοῦ
702 4605 998 4677 Καρκίνου.
1031 4604 1089 4656 '0
1137 4605 1367 4674 ’Λρατος
1417 4602 1635 4673 θεωρῶν
1676 4603 1774 4676 τὴν
1814 4621 1903 4657 κε-

345 4700 520 4772 φαλὴν
546 4698 638 4752 τοῦ
676 4697 900 4759 Λέοντος
930 4695 1338 4758 ἀνατέλλουσαν,
1370 4695 1464 4748 καὶ
1505 4697 1905 4766 ὑπολαμϐάνων

338 4793 406 4847 τὸ
453 4791 591 4845 κατά
627 4790 717 4842 τὸν
760 4789 963 4842 Λέοντα
1012 4787 1474 4859 δωδεκατημόριον
1513 4788 1900 4859 ἀναφέρεσθαι,

343 4884 518 4955 τρισὶν
549 4881 688 4943 ὅλοις
718 4878 1003 4950 ήμιωρίοις
1025 4878 1299 4947 ἀγνοήσει.
1335 4877 1502 4932 Πάλιν
1541 4881 1569 4930 6
1603 4879 1702 4948 μὲν
1738 4881 1906 4952 Σκορ..

345 4977 468 5039 πίος
493 4975 719 5046 ἄρχεται
748 4971 846 5042 μὲν
881 4970 1055 5024 δύνειν
1077 4970 1470 5040 ἀνατελλούσης
1502 4971 1673 5042 Κριοῦ
1710 4973 1902 5045 μοίρας

343 5065 792 5138 τρισκαιδεκάτης
854 5063 1055 5132 μέσης’
1104 5061 1222 5125 ὅλος
1269 5062 1326 5114 δὲ
1370 5063 1473 5115 ὑπὸ
1527 5063 1618 5116 τὸν
1657 5065 1904 5136 ὁρίζοντα

343 5157 552 5226 γίνεται
587 5153 978 5224 ἀνατελλούσης
1008 5152 1106 5220 τῆς
1136 5159 1186 5216 ς’
1224 5153 1331 5223 μοί.
1362 5153 1453 5206 τοῦ
1486 5154 1726 5227 Ταύρου·
1768 5157 1909 5211 ἀπο-

343 5247 661 5318 δεδείχαμεν
693 5245 801 5317 γὰρ
827 5243 894 5297 τά
936 5245 1159 5297 τοιαῦτα
1193 5245 1369 5298 πάντα
1400 5246 1457 5297 ὲν
1490 5249 1601 5310 τοῖς
1639 5247 1768 5318 περὶ
1799 5249 1906 5306 τῶν

345 5337 738 5392 συνανατολῶν.
778 5337 946 5406 Δῆλον
971 5333 1084 5400 οὖν,
1128 5337 1209 5390 ὅτι
1253 5338 1421 5408 χωρὶς
1464 5337 1558 5390 τοῦ
1591 5339 1649 5391 ὲν
1701 5339 1908 5404 ἀνίσοις

343 5430 554 5502 χρόνοις
583 5428 654 5482 τὰ
676 5429 741 5499 ιβ’
776 5426 938 5492 ζώδια
967 5425 1349 5499 ἀναφέρεσθαι,
1383 5427 1472 5480 διὰ
1498 5427 1558 5480 τὺ
1589 5429 1682 5481 καὶ
1717 5430 1904 5482 ἀνισο-

347 5521 553 5594 μεγέθη
579 5518 715 5575 εἶναι
741 5519 808 5576 τά
840 5517 1023 5583 costa,
1061 5521 1154 5572 καὶ
1184 5519 1432 5584 ἀτάκτως
1460 5519 1692 5584 κεῖσθαι,
1730 5521 1905 5575 πολλά

343 5613 770 5685 διαμαρτήσεται
803 5614 866 5684 τῇ
899 5610 1016 5683 ὥρᾳ
1037 5612 1064 5663 6
1094 5610 1228 5682 πρὸς
1262 5611 1352 5665 τὸν
1390 5599 1912 5683 φαινόμενον“’άστεῖ

404 5761 471 5806 .¹⁶
509 5761 548 5818 f.
579 5763 700 5815 ἐπεὶ
735 5761 849 5815 τοῦ.

588 5857 858 5917 Ρλτιιοι..
905 5853 1022 5917 Gn.
1069 5854 1244 5917 XIX.

2013 4611 2102 4659 tus
2130 4603 2328 4658 Leonis
2355 4612 2519 4674 caput
2563 4604 2694 4660 oriri
2740 4605 3102 4675 prospiciens,
3135 4621 3198 4659 ac
3238 4605 3436 4661 Leonis
3475 4608 3575 4661 do-

2010 4699 2435 4753 decatemorium
2476 4705 2672 4767 putans
2721 4697 3033 4760 ascendere,
3069 4697 3390 4766 sesquihora
3437 4698 3576 4750 inte-

2011 4801 2107 4856 gra
2138 4784 2372 4840 Ialletur.
2405 4787 2534 4840 Item
2571 4785 2829 4854 Scorpius
2855 4787 3102 4840 occidere
3147 4787 3338 4854 incipit
3366 4788 3576 4841 oriente

2010 4888 2168 4948 parte
2194 4879 2261 4933 15
2287 4879 2462 4932 media
2495 4879 2723 4944 Arietis;
2766 4886 2911 4933 totus
2942 4894 3070 4933 vero
3101 4880 3203 4934 sub
3237 4880 3576 4933 horizontem

2011 4972 2264 5027 conditur
2303 4972 2512 5026 oriente
2544 4978 2693 5026 sexta
2727 4967 2890 5023 Tauri
2929 4978 3102 5040 parte.
3139 4969 3270 5035 Quae
3319 4986 3418 5024 nos
3461 4986 3574 5023 orn-

2008 5065 2101 5118 nia
2152 5067 2207 5118 in
2255 5071 2442 5119 nostra
2491 5063 2558 5117 de
2604 5064 2882 5117 coortihus
2934 5062 3302 5131 disputatione
3350 5060 3578 5114 demon-

2010 5156 2326 5211 stravimus.
2374 5157 2611 5225 Apparet
2653 5169 2783 5224 ergo
2821 5171 2930 5208 non
2973 5154 3148 5209 solum
3185 5152 3330 5223 quod
3371 5151 3585 5208 duode-l

2009 5251 2119 5304 cim
2163 5250 2426 5320 imagines
2471 5251 2826 5319 inatqualibus
2871 5248 3209 5319 temporibus
3249 5245 3575 5304 ascendunt,

2008 5340 2103 5395 sed
2141 5341 2306 5395 etiam
2338 5341 2483 5410 quod
2512 5341 2634 5396 aliis
2663 5331 2782 5396 alite
2813 5341 2990 5411 majus
3024 5339 3259 5410 spatium
3283 5345 3574 5407 occupant.

2009 5438 2065 5485 et
2105 5431 2223 5486 sine
2260 5430 2452 5485 ordine
2482 5432 2759 5485 collocatae
2805 5440 2963 5495 sunt;
2996 5430 3290 5500 plurimum
3338 5429 3392 5482 in
3423 5425 3579 5482 aesti-

2009 5518 2209 5573 manda
2245 5518 2379 5573 hora
2407 5519 2688 5590 deceptum
2733 5520 2820 5584 iri,
2846 5522 2940 5589 qui
2971 5538 3038 5576 ex
3081 5523 3469 5591 apparentibus
3500 5537 3578 5573 SI-

2010 5612 2268 5668 mulacris
2314 5611 2596 5684 signorum
2642 5609 2930 5668 duodecim
2976 5613 3273 5683 conjectari
3316 5615 3571 5669 voluerit.

3259 5867 3338 5925 35-
