4166 6408
528 363 664 418 1067

1505 340 1593 394 AD
1632 331 1900 392 EUSEBH
1933 322 2330 387 CHRONICON
2378 319 2741 378 APPENDIX.

3625 309 3766 366 1068

528 481 730 536 Horam
755 475 935 543 itaque
965 467 1140 525 noctis
1167 479 1266 521 nec
1287 468 1477 519 exacte
1509 474 1690 532 posse,
1713 468 1890 525 neque
1909 447 2092 521 proxi-

2205 445 2391 515 ρισμὸν
2412 443 2521 497 τῶν
2555 443 2620 513 ιβ’
2655 440 2860 506 ζωδίων
2899 439 2991 491 τὸν
3036 431 3390 504 συλλογισμὸν
3420 428 3764 501 ποιούμενος.

527 585 615 625 me
650 561 1001 637 deprehendi,
1037 561 1084 616 si
1123 560 1358 614 ortivum
1401 555 1623 624 signum-
1663 550 1991 607 intueamur,
2025 556 2093 595 ex

529 661 598 716 iis
620 673 742 730 quae
770 665 898 712 sunt
927 654 1073 709 dicta
1099 650 1308 720 liquido
1331 651 1565 701 constat.

598 813 687 867 Ill.
721 809 987 879 Deinceps
1016 807 1200 877 igitur,
1233 812 1291 857 ut
1314 803 1418 856 hoc
1447 811 1749 860 sumamus,
1771 801 1989 848 coortus
2028 788 2096 842 ab

532 903 627 957 illo
674 909 938 963 smerum,
979 896 1369 968 Oppositosque
1415 892 1712 946 descensus
1762 886 1830 940 ad
1887 881 2096 937 zodiaci

533 993 728 1049 circuli
774 999 1070 1062 segmenta,
1107 1003 1216 1042 non
1259 985 1327 1039 ad
1381 983 1622 1038 stellatas
1673 977 1934 1047 imagines
1977 986 2098 1028 esse

531 1088 870 1156 descriptos;
902 1081 1185 1137 videamus
1214 1075 1473 1148 quidnam
1502 1074 1559 1128 in
1585 1073 1706 1126 istis
1732 1072 2099 1124 consentanee

534 1183 601 1237 iis
651 1195 772 1251 quae
811 1178 1078 1247 videntur_
1120 1174 1175 1227 in
1225 1170 1450 1233 mundo.
1492 1167 1576 1222 vel
1626 1164 1974 1218 dissentanee
2028 1156 2100 1211 sit

530 1250 760 1327 dictum.
808 1267 868 1322 In
920 1281 1029 1336 quo
1077 1266 1310 1335 primum
1359 1257 1494 1312 illud
1542 1250 1950 1323 intelligendum
1993 1252 2096 1309 est,

531 1361 738 1415 zodiaci
771 1358 962 1412 circuli
997 1354 1342 1425 partitionem
1371 1349 1437 1402 ab
1463 1349 1627 1399 Arato
1658 1345 1738 1398 sic
1771 1338 2005 1403 institui,
2041 1341 2100 1388 ut

532 1470 563 1508 a
605 1454 832 1522 tropicis
877 1458 931 1505 et
969 1443 1441 1518 aequinoctialibus
1479 1439 1696 1509 punctis
1735 1433 1980 1500 incipiat,
2009 1444 2101 1484 ea-

531 1562 638 1616 que
671 1521 780 1600 sint
812 1543 966 1597 initia
1001 1541 1304 1610 signorum.
1344 1533 1602 1587 Eudoxus
1643 1535 1824 1582 autem
1856 1526 1931 1579 ita
1960 1521 2101 1576 divi-

529 1613 631 1701 dit,
659 1646 718 1689 ut
749 1635 841 1687 illa
871 1639 1074 1703 puncta
1100 1628 1274 1682 media
1310 1625 1438 1688 sint,
1472 1624 1564 1677 illa
1596 1619 1794 1675 Cancri
1830 1627 1883 1672 et
1910 1613 2103 1684 Capri-

2199 535 2321 586 Ὅτι
2357 533 2454 604 μὲν
2485 529 2579 586 οὖν
2624 530 2882 585 ἀδύνατον
2914 525 3187 599 ἀκριϐῶς,
3213 525 3247 595 ἢ
3273 524 3347 586 ὡς
3384 521 3630 591 ἔγγιστα,
3667 521 3769 592 τ’ὴν

2196 627 2294 696 τῆς
2327 624 2521 687 νυκτὸς
2555 623 2706 694 ὥραν
2738 620 3032 689 ἐπιγνῶναι
3059 621 3139 682 είς
3176 617 3236 671 τὸ
3271 615 3408 687 πρὸς
3435 618 3502 686 τῇ
3533 613 3767 684 ἀνατολῇ

2196 715 2383 780 ζὼδιον
2407 715 2829 784 ἀναϐλέψαντας,
2850 714 2914 765 ὲκ
2930 711 3037 765 τῶν
3055 712 3173 780 είρη
3183 708 3355 780 μένων
3377 706 3492 758 ἐστὶ
3513 703 3764 775 φανερόν.

2266 810 2340 863 Γ’.
2403 808 2703 878 Ἐχομένως
2745 806 2802 858 δὲ
2855 803 3177 873 ὑποθέμενοι
3230 799 3330 862 τὰς
3401 795 3767 856 συνανατολάς

2198 899 2347 970 αὐτῷ
2379 900 2473 952 καὶ
2507 898 2606 961 τὰς
2654 894 3100 956 ἀντικαταδύσεις
3135 891 3243 945 τῶν
3290 890 3502 962 ἄστρων
3538 886 3672 959 πρὸς
3697 884 3768 939 τὰ

2197 989 2637 1063 δωδεκατημόριον,
2693 985 2786 1042 τοῦ
2850 985 3111 1052 ζωδιακοῦ
3181 984 3378 1038 κύκλου
3420 996 3770 1052 πεπραγμα-

2199 1083 2445 1147 τεῦσθαι,
2473 1084 2566 1137 καὶ
2591 1083 2663 1153 μὴ
2690 1081 2826 1152 πρὸς
2851 1080 2917 1132 τὰ
2939 1076 3324 1148 ὴστερισμένα,
3342 1069 3768 1142 ἐπισκεψώμεθα

2203 1175 2299 1228 καὶ
2327 1175 2390 1227 τὸ
2424 1176 2481 1226 ἐν
2511 1173 2699 1234 αὑταῖς
2741 1169 3043 1242 συμφώνως
3078 1168 3110 1239 ἢ
3158 1165 3440 1235 διαφώνως
3476 1164 3768 1234 λεγόμενον

2203 1265 2338 1337 πρὸς
2367 1264 2434 1318 τά
2473 1267 2530 1317 ὲν
2568 1263 2646 1333 τῷ
2689 1262 2878 1331 κόσμῳ
2918 1258 3238 1328 φαινόμενα.
3269 1252 3670 1326 Προδιειλήφθω
3710 1251 3770 1304 δὲ

2203 1357 2439 1428 πρῶτον,
2491 1356 2572 1409 ὅτι
2617 1353 2715 1426 τὴν
2745 1353 3005 1424 διαίρεσιν
3050 1351 3143 1404 τοῦ
3192 1345 3451 1414 ζωδιακοῦ
3500 1343 3698 1398 κύκλου
3739 1345 3770 1395 ὁ

2207 1448 2304 1519 μὲν
2347 1447 2579 1516 Ἀρατος
2614 1444 2904 1514 πεποίηται
2946 1440 3052 1495 ἀπὸ
3090 1439 3200 1493 τῶν
3251 1435 3527 1509 τροπικῶν
3565 1451 3627 1486 τε
3671 1431 3770 1486 καὶ

2209 1537 2539 1610 ἰσημερινῶν
2597 1535 2838 1606 σημείων
2896 1531 3228 1604 ἀρχόμενοςο
3277 1529 3417 1581 ὥστε
3469 1524 3643 1580 ταῦτα
3698 1522 3770 1576 τά

2207 1631 2407 1700 σημεῖα
2453 1626 2624 1698 ἀρχὰς
2673 1620 2810 1677 εἶναι
2865 1622 3101 1687 ζωδίων·
3157 1622 3186 1672 ὁ
3234 1619 3290 1673 δὲ
3344 1615 3570 1680 Εὔδοξος
3625 1614 3771 1668 οὓτω

531 1730 709 1795 corni,
742 1702 1107 1781 haeciArietis
1154 1728 1207 1776 et
1239 1717 1550 1773 Chelarum.
1580 1711 1736 1779 Quod
1771 1709 1837 1764 ad
1873 1710 2099 1761 Aratum

2205 1719 2475 1790 διῄρηται,
2521 1717 2661 1769 ὥστε
2689 1713 2756 1767 τά
2797 1712 3060 1783 εἰρημένα
3093 1711 3292 1782 σημεῖα
3325 1708 3465 1779 μέσα
3498 1702 3668 1759 εἶναι·
3700 1703 3770 1758 τὰ

531 1785 762 1892 spectat,
784 1817 919 1873 satis
950 1831 1015 1870 ex
1041 1815 1110 1869 iis
1138 1811 1374 1866 ostendit
1405 1824 1463 1863 se
1487 1807 1578 1860 illa
1610 1800 1892 1875 punctain
1917 1798 2102 1868 signo-

2328 1785 2420 1860 τοῦ
2443 1804 2721 1877 Καρκίνου
2747 1803 2841 1856 καὶ
2863 1801 2956 1854 τοῦ
2981 1799 3261 1868 Αίγόκερω
3281 1813 3294 1826 ⁸
3318 1796 3385 1850 τὰ
3403 1795 3459 1847 δὲ
3482 1791 3576 1846 τοῦ
3594 1787 3770 1862 Κριοῦ
3876 1857 3880 1860 ι

528 1891 653 1968 rum
693 1924 916 1966 suorum
952 1906 1122 1988 initiis
1156 1918 1393 1975 ponere;
1428 1898 1570 1970 quod
1605 1897 1672 1951 de
1708 1891 1930 1948 circulis
1968 1903 2103 1960 qua-

528 2015 657 2061 tuor
697 2004 998 2066 disserens,
1041 1982 1266 2068 tropicis
1303 1993 1554 2048 videlicet
1591 1987 1826 2050 duobus,
1857 1982 2104 2054 aequino-

530 2099 681 2155 ctiali
724 2102 778 2152 et
820 2093 1066 2156 zodiaco,
1096 2098 1209 2144 tres
1249 2085 1470 2158 quidem
1501 2082 1718 2137 illorum
1758 2076 1890 2132 oriri
1921 2081 1975 2129 et
2006 2087 2102 2129 oc-

530 2190 714 2246 cidere
734 2186 1035 2259 parallelos
1063 2182 1298 2236 invicem
1331 2177 1557 2241 scribit;
1592 2180 1647 2228 et
1686 2171 1881 2225 horu’m
1913 2166 2104 2236 singu--

531 2285 618 2340 los
657 2283 713 2336 in
747 2255 870 2335 uno
915 2274 1217 2343 eodemque
1263 2275 1467 2340 puncto
1513 2263 1647 2319 oriri
1697 2260 1772 2313 ait
1819 2264 1913 2311 aut
1953 2255 2104 2311 occi-

533 2374 699 2439 dere;
733 2371 1014 2427 zodiacum
1071 2373 1252 2419 autem
1311 2363 1367 2415 in
1423 2364 1576 2411 tanto
1621 2349 1922 2408 horizontis
1970 2359 2103 2401 arcu

534 2473 689 2521 ortus
735 2454 1317 2528 occasusque-:‘facere,
1348 2456 1589 2521 quantus
1637 2445 1704 2499 ab
1748 2451 1871 2498 ortu
1911 2439 2105 2510 Capri-

535 2555 691 2611 corni
735 2553 804 2607 ad
849 2557 1029 2606 ortum
1075 2545 1276 2603 Cancri
1319 2542 1589 2614 pertinet;
1625 2535 1772 2608 quod
1807 2533 1878 2590 iis
1917 2531 2102 2589 verbis

535 2646 773 2719 explicat
806 2663 820 2700 :

1732 2773 1766 2808 Ω

535 2999 701 3068 Atque
732 2996 774 3050 ii
809 2993 1017 3066 quidem
1057 2991 1416 3060 oriunturque,
1457 2995 1505 3042 et
1548 2999 1612 3041 ex
1651 2983 2103 3126 adtiersodinferne

1763 3072 1871 3108 occ:
1914 3065 2005 3108 unt

1763 3065 2005 3108 occidunt

2205 1901 2299 1954 καὶ
2325 1897 2433 1950 τῶν
2460 1894 2674 1966 Χηλῶν.
2712 1894 2770 1946 '0
2803 1892 2900 1963 μὲν
2925 1887 3018 1944 οὖν
3052 1891 3284 1960 ΙἈρατος
3307 1885 3397 1940 διά
3425 1885 3629 1937 τούτων
3667 1880 3770 1952 μάἀ

2203 1991 2361 2044 λιστα
2391 1984 2620 2059 φανερὸς
2655 1983 2862 2052 γίνεται
2892 1982 2962 2035 τά
3006 1978 3270 2051 εἰρημένα
3313 1979 3511 2048 σημεῖα
3560 1976 3619 2027 ὲν
3648 1974 3769 2034 ταῖς

2201 2082 2393 2154 ἀρχαῖς
2416 2077 2586 2140 τιθεὶς
2609 2076 2717 2130 τῶν
2740 2073 2882 2128 κατά
2907 2071 3078 2126 ταῦτα
3101 2066 3608 2139 δωδεκατημορίων.
3632 2063 3771 2135 Περὶ

2203 2151 2312 2240 γάρ
2338 2166 2446 2220 τῶν
2483 2166 2524 2218 δ’
2559 2164 2774 2218 κύκλων
2823 2163 3018 2230 λέγων,
3044 2159 3138 2213 δύο
3173 2157 3283 2211 τῶν
3331 2153 3608 2228 τροπικῶν
3631 2192 3646 2219 ,
3675 2151 3773 2205 καὶ

2202 2260 2296 2314 τοῦ
2323 2256 2661 2330 ίσημερινοῦ,
2693 2255 2787 2309 καὶ
2811 2253 2904 2307 τοῦ
2937 2249 3224 2317 ζωδιακοῦ,
3245 2250 3372 2312 τοὺς
3408 2247 3506 2317 μὲν
3531 2250 3580 2315 γ’
3607 2258 3772 2314 φησιν

2201 2351 2512 2407 ἀνατέλλειν
2542 2367 2602 2402 τε
2647 2349 2742 2402 καὶ
2772 2347 2948 2401 δύνειν
2985 2339 3343 2416 παραλλήλως
3387 2339 3634 2400 ἑαυτοῖςο
3681 2335 3775 2389 καὶ

2201 2445 2430 2498 ’ἑκαστον
2481 2440 2660 2497 αὐτῶν
2708 2439 2827 2494 καθ’
2857 2439 2914 2492 ἒν
2953 2419 3047 2491 κᾶὶ
3089 2436 3150 2489 τὺ
3195 2434 3326 2488 αὐτὸ
3371 2433 3594 2503 σημεῖον
3639 2429 3773 2482 ἀνα-⁹

2197 2532 2438 2602 τέλλειν,
2475 2536 2569 2588 καὶ
2607 2533 2768 2587 πάλιν
2827 2527 3034 2585 δύνειν·
3071 2529 3160 2582 τὸν
3193 2527 3249 2580 δὲ
3281 2523 3541 2590 ζωδιακὸν
3589 2525 3647 2576 ὲν
3699 2522 3768 2592 τῇ

2199 2628 2426 2700 τοιαύτῃ
2456 2623 2781 2697 περιφερείᾳ
2815 2621 2911 2675 τοῦ
2939 2620 3207 2692 ὁρίζοντος
3247 2615 3346 2679 τάς
3383 2612 3646 2676 ἀνατολὰς
3675 2612 3772 2665 καὶ

2199 2721 2382 2784 δύσεις
2414 2717 2707 2783 ποιεῖσθαι,
2737 2714 2934 2786 ἡλίκην
2982 2709 3301 2783 παραχωρεί
3354 2707 3413 2760 ὲν
3469 2703 3616 2774 αὖτῷ
3661 2701 3773 2756 ἀπὸ

2200 2814 2300 2884 τῆς
2321 2810 2414 2864 τοῦ
2453 2809 2733 2878 Αίγόκερω
2769 2803 3031 2873 ἀνατολῆς
3058 2801 3162 2864 ἕως
3203 2800 3302 2869 τῆς
3348 2797 3442 2851 τοῦ
3488 2795 3767 2868 Καρκίνου

2166 2959 2174 2966 _
2199 2889 2495 2969 ἀνατολῆςο
2531 2897 2678 2965 λέγει
2709 2893 2764 2947 δὲ
2789 2892 2958 2954 οὕτως
2977 2908 2991 2922 ·

2199 2993 2312 3048 Καὶ
2345 2991 2417 3045 τὰ
2449 2989 2565 3060 μὲν
2601 2985 2878 3043 ἀντέλλει
2912 2999 2996 3052 τε,
3031 2983 3129 3037 καὶ
3165 2980 3338 3036 ἀντία
3368 2979 3548 3033 νειόθι
3575 2973 3765 3037 δύνει,

539 3137 729 3192 Omnes
780 3133 1173 3205 wquidistanter
1201 3146 1220 3185 :
1249 3145 1386 3184 unus
1417 3137 1590 3182 autem
1631 3136 1709 3181 est
1739 3109 2100 3205 ipsorumsu-

2205 3128 2402 3184 Πάντα
2426 3121 2819 3195 παραϐλήδην
2838 3138 2852 3152 ο
2874 3121 2983 3190 μία
3005 3118 3072 3172 δέ
3098 3117 3298 3187 σφεών
3317 3115 3484 3168 ἐστιν
3507 3109 3767 3165 ἑκάστου

1870 3211 2028 3253 ιιιευιε

538 3275 840 3331 Ordinatim
868 3274 1112 3342 utrinque
1147 3271 1422 3324 descensus
1455 3283 1818 3342 ascensusque.
1845 3195 1868 3268 [

544 3347 736 3400 Verum
764 3347 862 3399 iste
885 3339 1080 3398 Oceani
1111 3350 1312 3394 tantum
1342 3339 1626 3408 pertransit
1657 3353 1866 3408 aquam,

538 3417 811 3482 Quantum
845 3433 876 3468 a
909 3414 1228 3482 Capricorno
1264 3407 1569 3482 ascendente
1599 3407 1830 3460 maxime

537 3479 802 3542 Cancrum
834 3485 901 3538 ad
937 3479 1294 3537 ascendentem
1331 3479 1572 3533 volvitur.

606 3593 686 3646 Ex
719 3593 805 3647 his
844 3592 1012 3663 liquet
1051 3587 1260 3658 tropica
1293 3593 1494 3655 puncta
1527 3585 1584 3637 in
1617 3583 1898 3653 signorum
1929 3581 2102 3638 initiis

537 3685 606 3740 ab
655 3684 750 3737 illo
801 3681 1082 3744 constitui,
1122 3680 1352 3733 alterum
1408 3676 1462 3730 in
1511 3676 1730 3740 Cancri,
1766 3675 1997 3729 alterum
2046 3677 2102 3729 in

536 3775 856 3845 Capricorni
925 3770 1217 3842 principio.
1278 3767 1487 3838 Quippe
1541 3767 1798 3821 zodiacus
1849 3766 2104 3823 exoriens

537 3861 844 3915 horizontis
877 3873 1065 3913 arcum
1107 3857 1178 3911 ab
1215 3855 1283 3911 iis
1321 3855 1539 3925 punctis
1577 3855 1634 3908 in
1665 3856 1881 3909 illorum
1921 3855 2106 3924 signo-

537 3968 663 4006 rum
713 3951 923 4006 ortibus
969 3948 1251 4004 deﬁnitum
1302 3956 1560 4016 permeat.
1598 3947 1741 4001 ldem
1795 3947 1958 4001 etiam
2007 3949 2104 4002 de-

539 4045 750 4096 clarare
795 4039 1012 4096 videtur
1056 4039 1143 4094 his
1193 4039 1463 4102 versibus,
1499 4052 1637 4107 quos
1683 4037 1751 4092 de
1787 4035 1968 4094 Leone
2014 4053 2106 4093 ce-

538 4136 674 4189 cinit
710 4154 722 4188 :

542 4227 628 4281 Ibi
654 4226 861 4296 quidem
889 4226 1015 4280 solis
1042 4225 1400 4278 ardentissimi
1426 4231 1551 4278 sunt
1582 4239 1786 4280 cursus.

539 4301 615 4350 Ac
639 4305 748 4349 tum
773 4298 932 4364 spicis
966 4312 1131 4348 vacua
1158 4305 1443 4348 cernuntur
1470 4311 1617 4359 arva,

541 4367 664 4427 δυ’ίε
685 4369 913 4436 primum
938 4366 1004 4419 ad
1030 4365 1254 4420 Leonem
1286 4364 1574 4418 accedente.

2215 3263 2441 3328 Ἑξείης
2470 3259 2744 3327 ἑκάτερθε
2772 3253 3111 3328 κατηλυσίῃ
3142 3251 3371 3328 ἅνοδός⁸
3383 3266 3467 3302 τε.

2199 3316 2400 3400 Λὺτᾶῥ
2416 3316 3048 3400 δ’γέὨκεανοῐο-τόσον
3077 3316 3494 3400 παραμείϐεται
3517 3316 3695 3400 fidem,

2205 3389 2431 3457 Ὀσσον
2455 3389 2555 3456 ἀπ’
2585 3396 2944 3467 Αὶγοκερῆος
2962 3389 3384 3467 ἀνερχομένοιο
3413 3389 3688 3460 μάλιστα

2203 3475 2504 3543 Καρκίνον
2526 3473 2614 3536 εις
2644 3463 2891 3523 ἀνιόντα
2921 3463 3284 3518 κυλίνδεται.
3306 3498 3321 3513 .
3344 3500 3358 3513 .
3381 3499 3395 3514 .

2275 3585 2441 3656 Δῆλον
2478 3576 2571 3636 οῦν
2601 3581 2666 3633 ὲκ
2697 3579 2921 3641 τούτων,
2955 3577 3037 3629 ὅτι
3070 3574 3138 3628 τά
3180 3570 3414 3642 τροπικὰ
3463 3571 3663 3641 σημεῖα
3712 3567 3772 3619 ὲν

2203 3678 2322 3738 ταῖς
2353 3676 2546 3745 ἀρχαῖς
2576 3670 2888 3724 ὑποτίθεται
2908 3685 2922 3700 ο
2951 3667 3010 3721 τὸ
3047 3666 3142 3737 μὲν
3165 3667 3220 3717 ὲν
3249 3666 3314 3733 τῇ
3342 3659 3436 3714 τοῦ
3470 3660 3769 3732 Καρκίνου,

2204 3767 2266 3820 τὸ
2295 3767 2338 3819 δ’
2361 3769 2416 3818 ὲν
2447 3767 2512 3836 τῇ
2553 3762 2642 3816 τοῦ
2677 3761 2978 3830 Αίγόκερω.
3011 3758 3120 3829 Τὴν
3147 3757 3257 3827 γὰρ
3291 3754 3395 3807 ὑπὸ
3424 3752 3630 3806 τούτων
3661 3751 3772 3805 τῶν

2209 3856 2450 3928 σημείων
2479 3857 2535 3906 ὲν
2554 3855 2672 3915 ταῖς
2695 3849 2976 3912 ἀνατολαῖς
3005 3847 3179 3902 αὐτῶν
3201 3843 3643 3916 ἀποτεμνομένην
3675 3841 3770 3896 τοῦ

2207 3947 2480 4019 ὁρίζοντος
2528 3943 2879 4015 περιφέρειαν
2925 3943 2952 3993 ὁ
2999 3938 3258 4004 ζωδιακὸς
3302 3935 3604 3990 ἀνατέλλων
3648 3936 3770 3988 ἐπι-

2208 4039 2520 4113 πορεύεται.
2555 4035 2711 4100 Δόξαι
2757 4034 2801 4086 δ*
2835 4035 2900 4086 ἂν
2935 4031 3219 4103 ἐμφαίνειν
3260 4026 3419 4082 τοῦτο
3464 4026 3560 4081 καὶ
3595 4027 3654 4094 ἐξ
3696 4019 3772 4080 ὧν

2208 4134 2337 4205 περὶ
2361 4131 2454 4184 τοῦ
2488 4129 2712 4190 Λέοντος
2741 4125 2913 4194 λέγων
2944 4124 3107 4195 φησίν
3127 4140 3140 4153 ·

2211 4226 2393 4277 Ἔνθα
2412 4223 2528 4291 μὲν
2553 4220 2776 4291 ἠελίοιο
2807 4215 3132 4291 θερείταταί
3157 4217 3277 4291 sign
3306 4213 3594 4291 κέλευθοι.

2205 4297 2268 4349 At
2293 4292 2360 4346 δέ
2392 4282 2509 4345 ἀου
2537 4282 3090 4357 ἀσταχύων-κενεαὶ
3117 4287 3430 4357 φαίνονται
3467 4282 3733 4357 ἄρουραι,

2220 4363 2449 4418 Ἠελίου
2477 4360 2549 4414 τὰ
2579 4352 2780 4426 πρῶτα
2812 4352 3278 4426 συνερχομένοιο
3301 4354 3532 4408 Λέοντι.
3607 4352 3611 4358 ’

611 4481 824 4537 Etenim
856 4480 958 4535 sub
989 4485 1238 4535 exortum
1262 4477 1426 4534 Canis
1448 4485 1615 4532 aestus
1641 4476 1963 4532 intenditur.
1991 4474 2105 4530 Ori-

2209 4474 2348 4548 ῐΙερὶ
2376 4475 2483 4546 γὰρ
2517 4473 2613 4544 τὴν
2643 4470 2736 4524 τοῦ
2774 4469 2950 4532 Κυνὸς
2979 4467 3243 4538 ἀνατολὴν
3289 4461 3383 4520 uati.
3424 4465 3493 4520 τὰ
3523 4465 3776 4536 καύματα

542 4583 630 4628 tur
658 4588 788 4628 vero
821 4582 942 4642 post
979 4571 1048 4626 '50
1091 4572 1309 4625 circiter
1353 4571 1470 4625 dies
1518 4570 1586 4622 ab
1631 4569 1818 4623 aestivo
1851 4568 2107 4624 solstitio.

543 4666 725 4730 Quare
767 4673 892 4735 post
940 4662 1169 4718 totidem
1214 4663 1350 4728 dies,
1385 4676 1450 4716 ex
1507 4663 1652 4716 illius
1699 4661 1974 4732 opinione,
2028 4663 2111 4715 sol

541 4758 741 4813 Leonis
767 4757 926 4828 120
946 4757 1158 4810 initium
1183 4756 1406 4810 obtinet.
1429 4755 1487 4808 ln
1513 4757 1700 4811 eodem
1725 4771 1855 4826 ergo
1877 4755 2112 4810 solstitio

542 4851 739 4904 Cancri
774 4849 1106 4920 principium
1142 4857 1305 4905 tenet.
1336 4850 1512 4919 Atque
1550 4850 1652 4904 hac
1688 4850 1900 4903 ratione
1929 4847 2112 4902 zodia-

541 4957 667 4996 cum
715 4942 984 4996 cireulum
1039 4942 1410 4997 mathematici
1452 4950 1664 4999 veteres
1713 4941 2109 5014 propemodum

542 5049 757 5098 omnes,
789 5040 883 5088 aut
908 5033 1174 5104 plerique,
1207 5034 1393 5104 partiti
1424 5044 1572 5090 sunt.

615 5191 878 5247 Eudoxus
907 5208 1036 5247 vero
1065 5193 1272 5263 tropica
1301 5201 1502 5263 puncta
1533 5207 1591 5248 se
1627 5193 1683 5247 in
1723 5193 1916 5248 mediis
1947 5193 2112 5248 collo-

545 5297 673 5337 care
704 5283 874 5354 signis
910 5284 966 5337 in
995 5285 1109 5338 haec
1137 5285 1303 5339 verba
1346 5294 1574 5340 testatur
1611 5305 1624 5340 :
1664 5305 1681 5336 ι
1715 5284 1999 5341 Secundus
2033 5294 2118 5341 est

545 5375 807 5441 circulus,
840 5375 895 5429 in
928 5391 1037 5445 quo
1087 5376 1470 5432 conversiones
1511 5376 1712 5432 aeStivae
1749 5378 1905 5431 ﬁunt.
1949 5375 2009 5430 In
2049 5389 2114 5431 eo

546 5469 712 5521 situm
754 5475 839 5522 est
880 5468 1118 5522 medium
1156 5467 1372 5523 Cancri.
1415 5489 1431 5519 ι
1471 5468 1603 5524 Item
1639 5489 1651 5522 :
1688 5489 1705 5519 ι
1741 5469 1980 5531 Tertius,
2017 5470 2113 5534 ait,

545 5573 630 5616 est
667 5563 928 5626 circulus,
959 5564 1013 5617 in
1047 5579 1156 5633 quo
1206 5563 1343 5617 ﬁunt
1384 5565 1731 5634 aequinoctia.
1766 5563 1827 5618 ln
1866 5579 1930 5619 eo
1961 5564 2113 5634 posi-

545 5665 662 5708 tum
693 5665 776 5711 est
807 5657 1006 5712 Arietis
1046 5666 1099 5712 et
1142 5657 1434 5712 Chelarum
1467 5658 1723 5712 medium.
1765 5657 2028 5724 Quartus,
2060 5658 2115 5712 in

545 5761 656 5814 quo
691 5749 1076 5804 conversiones
1110 5750 1348 5806 hiberna:
1389 5749 1661 5807 accidunt.
1709 5749 1771 5808 In
1821 5765 1886 5808 eo
1925 5750 2117 5822 Capri-

2215 4568 2449 4639 μάλιστα
2477 4565 2706 4632 γίνεται.
2739 4559 2885 4629 Αὕτη
2927 4559 2983 4612 δὲ
3029 4559 3236 4627 γίνεται
3275 4557 3414 4628 μετά
3457 4556 3501 4608 λ’
3550 4555 3776 4626 ἔγγιστα

2210 4658 2422 4730 ἡμέρας
2449 4655 2554 4708 ἀπὸ
2580 4653 2679 4723 τῆς
2704 4651 2918 4723 θερινῆς
2952 4650 3178 4720 τροπῆς.
3204 4648 3357 4701 Μετὰ
3386 4647 3650 4710 τοσαύτας
3671 4647 3775 4717 ἀρα

2213 4751 2424 4820 ἡμέρας
2472 4746 2696 4815 ἔγγιστα
2739 4741 2859 4796 κατ’
2890 4741 3050 4794 αὐτὸν
3078 4743 3105 4793 ὁ
3135 4739 3283 4809 ἥλιος
3306 4739 3364 4791 ὲν
3396 4739 3462 4808 τῇ
3509 4733 3651 4808 ἀρχῇ
3682 4733 3776 4788 τοῦ

2213 4839 2440 4901 Λέοντος
2493 4837 2722 4905 γίνεται.
2770 4834 2856 4886 Ἐν
2907 4831 3077 4902 ταύτῃ
3127 4833 3192 4901 τῇ
3243 4831 3416 4900 τροπῇ
3461 4828 3638 4880 τοίνυν
3682 4827 3779 4897 τὴν

2214 4927 2388 5000 ἀρχὴν
2418 4925 2602 4995 ὲπέχει
2653 4922 2744 4976 τοῦ
2777 4921 3076 4990 Καρκίνου.
3112 4921 3223 4974 Καὶ
3262 4919 3366 4971 ὑπὸ
3402 4917 3510 4970 τῶν
3536 4915 3779 4988 ἀρχαίων

2214 5019 2272 5072 δὲ
2314 5013 2708 5089 μαθηματικῶν
2755 5015 2970 5067 πάντων
3012 5013 3228 5082 σχεδὸν,
3260 5011 3292 5081 ἢ
3336 5009 3444 5062 τῶν
3477 5008 3744 5063 πλείστων
3763 5048 3779 5074 ,

2215 5107 2404 5162 τοῦτον
2437 5106 2528 5160 τὸν
2554 5105 2752 5176 τρόπον
2776 5107 2804 5157 ὁ
2831 5103 3092 5168 ζωδιακὸς
3116 5101 3313 5164 κύκλος
3334 5098 3582 5171 διῄρητο.

2289 5200 2409 5250 Ὅτι
2433 5195 2488 5250 δὲ
2517 5195 2742 5260 Εὒδοξος
2767 5195 2833 5248 τὰ
2868 5193 3103 5266 τροπικά
3132 5194 3331 5262 σημεῖα
3357 5189 3497 5268 κατὰ
3537 5190 3676 5261 μέσα
3711 5188 3782 5242 τά

2217 5288 2383 5356 ζώδια
2413 5290 2615 5359 τίθησι,
2653 5284 2809 5359 δῆλον
2839 5288 2984 5339 ποιεῖ
3017 5284 3105 5338 διὰ
3135 5284 3336 5337 τούτων
3357 5301 3369 5314 ·
3401 5303 3418 5334 ι
3437 5282 3696 5352 Δεύτερος
3724 5281 3779 5334 δέ

2216 5383 2334 5434 ὲστι
2356 5379 2574 5443 κύκλος,
2605 5381 2662 5432 ὲν
2687 5371 2730 5446 ᾧ
2753 5376 2960 5448 θεριναὶ
2983 5375 3180 5446 τροπαὶ
3207 5375 3463 5448 γίνονται.
3481 5373 3635 5424 Ἔστι
3658 5370 3702 5422 δ’
3727 5371 3786 5424 ὲν

2215 5472 2392 5542 τούτῳ
2431 5471 2498 5527 τὰ
2545 5469 2685 5540 μέσα
2734 5466 2829 5521 τοῦ
2872 5465 3167 5538 Καρκίνου.
3196 5483 3214 5515 ι
3261 5463 3370 5515 Καὶ
3407 5461 3568 5515 πάλιν
3620 5458 3755 5529 φησί
3769 5475 3784 5488 ³

2225 5585 2243 5617 ι
2267 5563 2460 5636 Τρίτος
2486 5563 2530 5615 δ’
2562 5562 2675 5615 ἐστὶ
2701 5559 2920 5628 κύκλος,
2958 5562 3016 5613 ὲν
3047 5553 3092 5628 ᾧ
3117 5560 3171 5612 αἱ
3203 5554 3480 5627 ἰσημερίαι
3523 5553 3785 5622 γίνονται.

2223 5661 2380 5713 Ἐστι
2409 5658 2452 5711 δ’
2480 5661 2537 5711 ὲν
2565 5655 2738 5728 τούτῳ
2769 5656 2838 5709 τά
2868 5672 2927 5707 τε
2960 5652 3052 5706 τοῦ
3085 5649 3257 5722 Κριοῦ
3290 5648 3431 5720 μέσα
3461 5647 3554 5701 κάὶ
3581 5643 3651 5698 τά
3681 5643 3791 5696 τῶν

2218 5749 2436 5822 Χηλῶν.
2473 5749 2742 5820 Τέταρτος
2775 5747 2941 5834 ἐν
2964 5739 3010 5816 ᾧ
3039 5742 3348 5816 χειμεριναὶ
3384 5739 3587 5812 τροπαὶ
3613 5736 3790 5808 γίνον-
