4130 6410
375 310 510 374 1Ὀ69

1312 309 1676 379 HIPPA'RCHI
1715 314 1804 376 An
1833 310 2276 378 PHENOMENA
2317 319 2442 378 L'lB.
2486 315 2546 379 n.

3457 327 3594 389 10-70

372 445 482 484 ται.
515 432 671 484 Ἐστι
717 433 761 485 δ’
813 434 870 486 ὲν
917 436 1090 505 τούτῳ
1127 435 1195 488 τὰ
1246 437 1385 506 μέσα
1431 437 1524 489 τοῦ
1571 438 1872 511 Αίγόκερω.
1912 457 1923 490 ι

2039 438 2194 492 corni
2234 436 2472 492 medium
2514 446 2614 494 est.
2655 456 2674 490 ι
2715 437 2829 494 Hoc
2872 423 3051 510 ipsum
3096 441 3443 500 manifestius
3484 447 3596 502 illic

385 522 809 593 Ἐκφανέστερον
857 525 901 576 δ’
949 525 1033 578 ἔτι
1065 526 1155 579 διά
1204 526 1408 580 τούτων
1441 528 1750 582 ἀποδίδωσι.
1799 530 1923 601 Περλ

2035 529 2201 582 etiam
2239 528 2527 598 signiﬁcat,
2566 529 2658 584 ubi
2691 529 2760 584 de
2791 531 2998 587 coluris
3028 533 3251 587 circulis
3284 549 3471 604 agens,
3501 538 3596 606 qui

369 611 480 685 γὰρ
503 613 612 666 τῶν
641 613 913 684 κολούρων
950 617 1255 687 λεγομένων
1286 619 1519 684 κύκλων,
1545 621 1596 672 οἳ
1634 621 1934 691 γράφονται

367 703 455 757 διὰ
487 705 595 757 τῶν
627 705 832 770 πόλων,
875 707 966 760 καὶ
1004 707 1091 760 διὰ
1117 707 1224 761 τῶν
1259 709 1562 778 τροπικῶν,
1598 710 1692 762 καὶ
1739 711 1933 782 ἰσημε-

372 794 534 864 ρινῶν
561 795 818 866 σημείων,
840 797 1002 866 φησὶν
1022 796 1219 860 οὕτως·
1250 817 1269 847 ι
1295 799 1509 870 Ἕτεροι
1533 799 1578 851 δ’
1599 801 1734 854 είσὶν
1761 801 1806 870 β’
1838 801 1934 853 κύ·-

369 885 509 949 κλοι,
543 885 830 956 τέμνοντες
859 887 1121 957 ἀλλήλους
1152 888 1293 957 δίχα,
1339 891 1432 942 καὶ
1477 891 1613 960 πρὸς
1653 891 1818 961 ὀρθὰς
1843 892 1932 946 διὰ

366 978 478 1032 τῶν
508 979 685 1033 πόλων
730 981 824 1033 τοῦ
873 981 1098 1052 κόσμου.
1147 984 1298 1036 Ἔστι
1334 985 1376 1036 δ’
1418 987 1474 1038 ἐν
1507 985 1711 1050 τούτοις
1733 989 1930 1059 ⁴’ἄστρα

363 1071 522 1124 τάδε·
555 1077 600 1122 α’
631 1071 659 1122 ὁ
697 1071 856 1134 πόλος
879 1074 909 1124 ὁ
935 1072 1020 1125 ἀεὶ
1056 1072 1288 1142 φανερὸς
1320 1074 1412 1127 τοῦ
1447 1077 1681 1147 κόσμου·
1715 1073 1831 1130 εἷτα
1869 1080 1930 1132 τὸ

368 1163 534 1232 μέσον
560 1161 660 1232 τῆς
683 1163 915 1234 ’Ἄρκτου
935 1163 1080 1217 κατὰ
1100 1165 1317 1229 πλάτος·
1340 1169 1433 1220 καὶ
1457 1168 1549 1221 τοῦ
1572 1171 1844 1240 Καρκίνου
1869 1171 1931 1224 τὸ

369 1253 552 1323 μέσον.
582 1274 598 1305 ι
638 1255 747 1306 Καὶ
798 1257 914 1325 μετ’
955 1256 1133 1324 ὀλίγον
1166 1257 1358 1328 φησίν⁹
1392 1278 1410 1309 ι
1435 1259 1508 1311 Ἦ
1555 1278 1613 1313 τε
1658 1263 1792 1332 οὐρὰ
1834 1264 1927 1316 τοῦ

367 1342 541 1394 νοτίου
578 1343 779 1414 Ἰχθύος
813 1345 908 1397 καὶ
950 1345 1010 1397 τὸ
1037 1345 1204 1415 ’μέσον
1244 1347 1336 1399 τοῦ
1383 1349 1692 1421 Αἰγόκερωο
1724 1371 1742 1401 ι
1785 1355 1842 1405 ὲν
1871 1353 1926 1405 δὲ

366 1435 476 1496 τοῖς
521 1433 651 1503 ἑξῆς
699 1451 862 1505 φησιν
893 1437 951 1487 ὲν
985 1435 1062 1505 τῷ
1104 1437 1276 1507 ἑτέρῳ
1321 1437 1428 1492 τῶν
1476 1435 1566 1493 διά
1609 1439 1716 1493 τῶν
1749 1441 1926 1495 πόλων

364 1523 579 1577 κύκλων
637 1525 849 1578 κεῖσθαι
892 1527 988 1579 σὺν
1026 1531 1138 1590 τοῖς
1173 1528 1372 1592 ἄλλοις,
1402 1525 1482 1594 οἷς
1533 1531 1924 1604 ἐξαριθμεῖται,

366 1614 461 1667 καὶ
490 1612 560 1666 τὰ
581 1613 721 1685 μέσα
742 1615 849 1668 τῶν
871 1610 1065 1686 Χηλῶν
1093 1619 1232 1674 κατὰ
1261 1619 1480 1685 πλάτος,
1505 1623 1605 1676 καὶ
1639 1623 1734 1676 τοῦ
1753 1625 1925 1696 Κριοῦ

366 1705 434 1759 τὰ
470 1705 614 1760 νῶτα
651 1707 793 1761 κατά
825 1708 1045 1774 πλάτος.

2033 632 2130 687 per
2170 618 2327 687 polos
2370 627 2424 673 et
2463 618 2671 688 tropica
2724 620 3229 692 acquinoctialiaque
3259 634 3457 692 puncta
3490 625 3595 679 du-

2032 715 2250 773 cuntur,
2293 708 2369 761 ita
2412 708 2648 763 scribit:
2691 727 2710 760 ι
2750 709 2856 762 Alii
2902 717 3030 765 sunt
3073 713 3266 766 circuli
3310 714 3416 768 duo
3454 715 3596 769 bita-

2032 797 2171 851 riam
2201 799 2431 853 invicem
2464 799 2532 853 ad
2565 807 2745 855 rectos
2779 802 3008 871 angulos
3037 813 3285 861 secantes
3313 821 3406 875 per
3439 808 3594 876 polos

2032 889 2241 942 mundi.
2273 887 2331 942 In
2365 891 2564 960 quibus
2605 892 2720 945 haec
2760 900 2908 946 astra
2945 903 3073 948 sunt
3115 896 3346 964 primum
3381 913 3620 968 semper

2035 994 2302 1048 apparens
2348 983 2536 1036 mundi
2583 984 2771 1052 polus;
2805 984 3002 1040 deinde
3035 987 3270 1040 medium
3314 987 3463 1043 Ursa:
3500 1005 3594 1044 se-

2034 1072 2272 1126 cundum
2304 1073 2642 1128 latitudinem
2656 1107 2678 1138 -,
2711 1076 2948 1130 medium
2977 1076 3195 1143 Cancri,
3226 1086 3329 1134 etc.
3369 1099 3389 1130 ι
3424 1078 3592 1135 Paulo

2033 1171 2157 1232 post
2188 1163 2344 1217 addit
2377 1182 2391 1218 :
2433 1183 2451 1215 ι
2486 1163 2597 1219 Nec
2644 1181 2756 1221 non
2787 1169 2960 1221 cauda
3004 1167 3178 1223 Piscis
3218 1171 3507 1234 australis,
3537 1182 3593 1227 et

2034 1255 2268 1309 medium
2295 1255 2631 1326 Capricorni.
2647 1257 2937 1330 iDeinceps
2957 1277 3083 1316 vero
3111 1261 3321 1326 scribit,
3346 1263 3400 1316 in
3422 1264 3593 1318 altero

2033 1360 2132 1414 per
2177 1347 2333 1416 polos
2381 1357 2701 1407 transeunte
2749 1353 2956 1409 circulo
3007 1356 3171 1410 situm
3219 1372 3362 1421 esse,
3397 1365 3592 1427 praeter

2033 1436 2170 1501 alia,
2218 1453 2338 1508 quae
2383 1451 2633 1498 recenset
2669 1445 2910 1500 medium
2946 1445 3246 1503 ‘Chelarum
3291 1449 3592 1504 secundum

2031 1526 2395 1598 latitudinem,
2417 1539 2471 1587 et
2499 1536 2798 1591 secundum
2820 1538 3064 1594 eamdem
3087 1539 3424 1597 latitudinem
3443 1539 3593 1598 Arie-

2030 1618 2101 1674 tis
2115 1625 2289 1691 terga.

435 1801 508 1853 A'.
543 1798 978 1871 Προδιαληπτέον
999 1751 1101 1856 :cal.
1127 1803 1305 1867 τοῦτο,
1331 1807 1416 1860 ὅτι
1453 1805 1552 1870 τὰς
1586 1806 1760 1878 ἀρχὰς
1795 1808 1923 1861 ὲκὰ-

2099 1772 2190 1829 lV.
2218 1776 2905 1853 Observandumprazterea
2927 1787 3062 1841 illud
3082 1797 3186 1853 est,
3199 1789 3592 1862 Aratumprim

363 1896 491 1942 στου
514 1889 624 1943 τῶν
648 1889 712 1960 ιβ’
743 1891 947 1955 ζωδίων
981 1894 1365 1966 ὑποτιθέμενος
1397 1899 1426 1950 ὁ
1445 1899 1674 1968 ’Ἄρατος
1706 1898 1798 1951 ἐπὶ
1827 1899 1928 1968 τῆς

363 1979 647 2051 ἀνατολῆς,
672 1981 925 2051 διασαφεῖ
941 1976 1047 2037 ’ὅσα
1068 1984 1147 2056 τῷ
1173 1987 1554 2058 προειρημένῳ
1572 1987 1726 2058 ἀὐτῷ
1753 1989 1928 2060 ζωδίῳ

366 2073 826 2128 συνανατέταλκεν
875 2075 908 2146 ἢ
961 2075 1414 2132 ἀντικαταδέδυκε
1463 2079 1572 2132 τῶν
1620 2080 1776 2144 ἐκτὸς
1831 2081 1924 2135 τοῦ

364 2162 630 2226 ζωδιακοῦ
665 2165 880 2237 ἄστρων
899 2183 912 2196 ο
946 2166 975 2219 ὂ
1003 2167 1097 2220 καὶ
1128 2170 1388 2223 συντείνει
1417 2171 1649 2240 μάλιστα
1691 2174 1830 2244 πρὸς
1866 2174 1928 2227 τὺ

364 2253 431 2306 ὲκ
451 2253 558 2306 τῶν
585 2253 761 2309 ἄλλων
795 2255 1011 2327 ἄστρων
1045 2257 1448 2327 συλλογίζεσθαι
1473 2261 1534 2313 τὸ
1568 2260 1758 2331 μέλλον
1793 2264 1926 2317 ἀνα-

364 2340 572 2396 τέλλειν
629 2343 1092 2416 δωδεκατημόριον
1144 2347 1236 2401 τοῦ
1301 2349 1587 2414 ζωδιακοῦ.
1651 2353 1819 2423 Δῆλον
1871 2354 1928 2408 δὲ

363 2433 520 2487 τοῦτο
548 2438 691 2488 ποιεί
709 2437 803 2490 καὶ
835 2438 927 2491 ἐπὶ
954 2440 1050 2509 τῆς
1071 2440 1178 2493 τῶν
1207 2441 1424 2510 Ἰχθύων
1448 2443 1732 2515 ἀνατολῆς,
1755 2445 1927 2514 λέγων

363 2522 555 2586 οὕτως.
577 2524 759 2579 Εἰπὼν
796 2525 905 2598 γὰρ
938 2528 1066 2599 περὶ
1097 2528 1189 2582 τοῦ
1224 2530 1444 2601 ⁰’Υδρου,
1473 2533 1553 2586 ὅτι
1583 2533 1651 2586 τὰ
1681 2535 1777 2604 μὲν
1822 2536 1928 2588 ἀπὸ

365 2613 466 2684 τῆς
486 2615 725 2686 κεφαλῆς
751 2616 856 2681 ἓως
877 2619 976 2689 τῆς
1009 2620 1234 2690 πρώτης
1261 2623 1492 2692 σπείρας
1518 2623 1610 2675 τοῦ
1644 2624 1926 2695 Ὑδροχόου

367 2705 771 2779 ἀναφερομένου
809 2710 1056 2783 μετέωρά
1111 2713 1261 2779 ἐστι,
1300 2714 1360 2766 τὸ
1415 2714 1496 2767 δὲα
1521 2715 1706 2768 λοιπὸν
1762 2715 1925 2770 αὐτοῦ

367 2796 529 2868 σῶμα
559 2801 608 2852 oi
644 2799 844 2870 Ἰχθύες
881 2802 1190 2871 ἀνάγουσιν,
1225 2805 1503 2877 ἐπιφέρειο

289 2901 302 2932 ⁸
369 2913 532 2995 ρῦτω
557 2914 926 2995 καζῂμογεραῑ
951 2917 1164 2995 χεῖρες,
1200 2919 1538 2995 καὶ-γοῦνα,
1572 2923 1667 2995 καὶ
1695 2913 1839 2995 ὦμοι

376 2981 782 3053 Ἀνέρσμέδὴς
807 2981 1187 3056 (Samaria
1206 3004 1219 3016 °
1253 2990 1326 3041 τὰ
1338 2981 1467 3057 ’μὲν
1500 2981 1927 3059 σπάρος,’ᾶ.1λα

369 3115 625 3201 glaream
653 3125 949 3201 Ὠκεανοῖο
972 3143 984 3156 ’
1017 3127 1158 3201 νέον
1181 3128 1236 3201 δ’
1258 3130 1435 3183 όπότε
1455 3060 1854 3201 πὲξγὲντοίῖξὲἐ

379 3193 603 3272 Ἰχθύος
634 3195 979 3272 ἀμφότεροι,
1011 3199 1093 3272 ait
1116 3197 1232 3272 μέν
1258 3202 1310 3251 οἱ
1343 3193 1692 3272 κατᾶδὲξιὰ
1724 3205 1920 3272 χειρὸς

357 3263 532 3336 ᾼῠτοὶ
552 3263 906 3330 ἐφέλκονται
925 3286 936 3296 ·
970 3263 1422 3336 τὰ’δ’“ἀριστερὰ
1452 3263 1682 3326 νειόθεν
1706 3263 1867 3327 ἕλκει

361 3332 540 3400 Κριὸς
569 3336 981 3405 ἀνερχόμενος.
1009 3377 1022 3390 .
1049 3377 1062 3390 .
1084 3377 1099 3390 .

360 3441 463 3495 Διὰ
505 3445 613 3514 γὰρ
656 3443 750 3498 τοῦ
769 3486 783 3510 ,
829 3446 971 3501 νέον
1006 3437 1183 3504 ὁπότε
1227 3453 1622 3522 προγένωνται
1673 3458 1920 3526 Ἰχθύες,

361 3529 513 3604 δηλοῖ
533 3536 633 3592 οὐικ
677 3536 806 3616 ἄλλο
840 3555 915 3605 τι,
937 3539 974 3612 ἢ
1013 3541 1142 3596 ὅταν
1171 3542 1441 3613 άρχωνται
1468 3548 1516 3598 oi.
1546 3545 1748 3616 Ἰχθύες
1795 3549 1924 3600 ἀναι-

360 3624 511 3678 τέλλε
519 3643 586 3680 ιν.
789 3610 807 3637 ⁸

437 3718 558 3770 Ἔτι
603 3719 660 3772 δὲ
706 3721 838 3774 αὐτὸ
887 3722 1043 3775 τοῦτο
1098 3725 1328 3797 φανερὸν
1369 3729 1513 3779 ποιεῖ
1559 3727 1654 3780 καὶ
1707 3727 1798 3779 ἐπὶ
1826 3729 1924 3797 τῆς

371 3802 623 3878 Ἆ-ργοῦς.
649 3812 759 3882 Τῆς
783 3814 892 3883 γὰρ
924 3815 1196 3885 Παρθένου
1226 3817 1638 3888 ἀνατελλούσης,
1672 3820 1804 3889 φησὶ
1825 3819 1924 3888 τὴν

361 3901 616 3971 πρύμναν
641 3899 809 3973 αὐτῆς
840 3906 1147 3960 ἀνατέλλειν
1175 3908 1334 3978 ὅλην·
1369 3910 1438 3962 τὰ
1471 3909 1527 3961 δὲ
1566 3909 1726 3963 λοιπὰ
1754 3911 1924 3980 αὐτῆς

362 3988 468 4053 ἕως
510 3990 602 4043 τοῦ
644 3992 792 4044 ἱστοῦ
829 3993 1156 4060 ἀνατέλλειν,
1200 3996 1278 4048 ὅτ’
1317 3995 1383 4049 ἀν
1427 3996 1524 4067 ὅλη
1572 3999 1604 4066 ἡ
1649 3996 1925 4067 Παρθένος

359 4081 637 4155 ἀνατείλῃ.
668 4084 950 4154 Προειπὼν
983 4085 1112 4156 γάρ’

365 4197 448 4248 Οὐ
472 4195 587 4264 μέν
613 4203 726 4265 θην
754 4199 993 4266 ὀλίγους
1019 4201 1189 4268 γαίης
1221 4199 1338 4253 ὑπὸ
1368 4200 1569 4254 νείατα
1595 4200 1814 4265 βάλλει

357 4268 663 4333 Παρθένος
698 4268 1096 4323 ἀντέλλουσα.
1121 4309 1134 4321 .
1164 4309 1175 4322 .
1205 4309 1218 4322 .

359 4381 480 4448 ’μετ’
507 4379 686 4448 ὀλίγον
715 4381 847 4452 φησὶ
867 4399 880 4412 ⁸

360 4529 387 4564 1
405 4534 420 4548 .
439 4532 455 4547 .
479 4533 492 4547 .
521 4493 820 4564 φθάμενος
849 4495 916 4549 δὲ
949 4497 1121 4549 Κύων
1155 4495 1342 4562 πόδας
1369 4497 1604 4550 αἴνυται
1637 4496 1885 4562 ἄλλους,

339 4554 908 4635 -ξΕλᾼκωνῄἓξόπίΟεν
935 4568 1212 4634 πρύμναν
1259 4554 1640 4633 πολυτειρέος
1664 4554 1916 4635 Ἀργοῦς.

366 4631 432 4688 Ἦ
457 4632 525 4686 δὲ
555 4633 671 4689 θέει
695 4637 868 4705 γαίης
893 4631 1066 4689 ἱστὸν
1085 4637 1140 4688 δι
1146 4637 1346 4704 χόωσα
1373 4631 1745 4690 κατίαύτόνο

360 4763 655 4838 Παρθένος
681 4765 831 4838 ἦμος
861 4769 1066 4823 ἅπασα
1095 4772 1407 4838 περαιόθεν
1435 4770 1562 4838 ἄρτι
1591 4763 1846 4840 γένηται.

427 4881 536 4934 Καὶ
579 4884 607 4934 ό
652 4881 876 4948 Εὔδοξος
895 4883 968 4945 δὲ,
999 4877 1043 4950 ᾧ
1092 4883 1568 4955 κατηκολούθηκεν
1610 4886 1638 4937 ὁ
1664 4885 1916 4956 Ἀρατος,

355 4971 445 5026 τὸν
465 4972 628 5025 αὐτὸν
656 4975 857 5045 τρόπον
887 4976 1196 5028 ὑποτίθεται
1213 4978 1270 5028 ὲν
1284 4978 1403 5040 ταῖς
1423 4976 1802 5040 συνανατολαῖς
1823 4977 1921 5040 τὰς

353 5069 530 5138 ἀρχὰς
556 5069 665 5124 τῶν
713 5070 916 5133 ζωδίων
956 5071 1050 5124 ἐπὶ
1085 5071 1184 5141 τῆς
1227 5071 1522 5140 ἀνατολῆς·
1560 5071 1699 5124 ὥστε
1731 5072 1825 5125 καὶ
1857 5075 1922 5126 ὲκ

351 5158 544 5212 τούτου
574 5161 802 5232 φανερὸν
835 5162 1076 5230 γίνεσθαι
1115 5163 1176 5216 τὸ
1211 5162 1583 5233 προκείμενον.
1619 5163 1833 5217 Τούτων
1864 5164 1920 5216 δὲ

354 5253 925 5326 προϋποδεδειγμένων
973 5255 1066 5308 νῦν
1097 5254 1521 5325 ἐπισκεψώμεθα
1558 5255 1656 5319 τὰς
1700 5256 1791 5308 ὑπ’
1825 5257 1923 5308 αὐ-

352 5341 460 5394 τῶν
479 5344 867 5415 ἀποδιδομένας
890 5346 1246 5408 συνανατολάς
1266 5363 1324 5398 τε
1347 5346 1441 5400 καὶ
1456 5345 1916 5408 ἀντικαταδύσεις.

425 5433 500 5486 E'.
520 5434 881 5504 ’Υποθέμενος
900 5437 1079 5489 τοίνυν
1110 5439 1138 5490 ὁ
1154 5437 1220 5488 Ἀ
1229 5453 1385 5506 ρατος
1425 5436 1516 5490 ἐπὶ
1536 5436 1636 5505 τῆς
1658 5436 1919 5507 ἀνατολῆς

352 5521 450 5593 τὴν
478 5525 654 5595 ἀρχὴν
686 5525 780 5578 τοῦ
809 5527 1106 5599 Καρκίνου,
1127 5529 1259 5598 φησὶ
1286 5526 1376 5580 τοῦ
1406 5528 1504 5597 μὲν
1536 5527 1806 5596 Στεφάνου
1831 5529 1918 5596 δε-

351 5612 571 5668 δυκέναι
595 5615 657 5668 τδ
685 5617 876 5688 ἥμισυ,
912 5617 1004 5671 τοῦ
1042 5618 1097 5671 δὲ
1132 5617 1303 5671 νοτίου
1344 5617 1544 5687 Ἰχθύος
1581 5616 1643 5668 τὸ
1683 5615 1789 5678 ἕως
1825 5616 1921 5687 τῆς

353 5705 592 5776 ῥάχεως·
631 5709 726 5762 τοῦ
768 5708 824 5762 δὲ
865 5711 952 5764 Ἐν
986 5710 1170 5780 γόνασι
1209 5710 1276 5765 τὰ
1333 5709 1472 5780 ὑπὲρ
1515 5709 1611 5780 τὴν
1644 5708 1916 5780 γαστέραο

1951 3105 1996 3167 C
2027 3111 2346 3194 fertingunt
2368 3133 2432 3170 ex
2465 3117 2694 3194 _0ceano,
2726 3137 2898 3194 recens
2931 3127 3136 3193 quando
3168 3105 3427 3194 prodeunt

1952 4446 1999 4501 D

2028 1868 2170 1939 cipia
2194 1871 2488 1941 cujuslibet
2511 1891 2542 1930 e
2569 1876 2855 1932 duodecim
2886 1881 3060 1950 signis
3094 1883 3148 1935 in
3181 1883 3389 1939 oriente
3423 1887 3593 1940 collo-

2028 1970 2264 2028 cantem,
2294 1966 2600 2034 exprimere
2622 1983 2875 2038 quamam
2904 1981 3060 2026 extra
3096 1974 3376 2028 zodiacum
3405 1977 3592 2048 posita

2028 2051 2208 2108 sidera
2235 2067 2361 2108 cum
2405 2055 2500 2110 illo
2529 2057 2648 2128 ipso
2693 2060 2850 2130 signo
2887 2061 3092 2132 pariter
3126 2071 3328 2129 ortum,
3354 2076 3447 2119 aut
3492 2082 3590 2122 oc-

2027 2158 2217 2198 casum
2266 2161 2333 2201 ex
2378 2147 2610 2205 adverso
2661 2150 2927 2220 fecerint;
2962 2154 3108 2224 quod
3155 2172 3220 2212 eo
3266 2172 3592 2228 magnopere

2027 2236 2278 2304 pertinet,
2311 2245 2370 2292 ut
2398 2255 2466 2295 ex
2507 2243 2628 2298 aliis
2658 2245 3164 2302 constellationibus
3197 2251 3447 2319 proxime
3480 2253 3592 2305 ori-

2027 2333 2209 2381 turum
2264 2329 2479 2400 signum
2532 2332 2742 2389 zodiaci
2774 2337 3080 2407 colligatur.
3125 2337 3277 2394 lstud
3321 2343 3483 2396 etiam
3533 2342 3590 2398 in

2027 2427 2220 2473 exortu
2245 2419 2488 2477 Piscium
2529 2425 2770 2481 declarat
2810 2427 2896 2484 his
2938 2430 3137 2486 verbis.
3169 2430 3306 2486 Cum
3339 2434 3485 2488 enim
3522 2433 3590 2490 de

2028 2505 2212 2580 llydro
2248 2511 2506 2580 dixisset,
2551 2533 2671 2586 qua:
2719 2519 2788 2573 ab
2839 2522 2960 2590 ejus
3013 2521 3188 2591 capite
3232 2524 3309 2578 ad
3354 2525 3590 2594 primam

2028 2602 2232 2670 spiram
2281 2608 2575 2675 pertinent,
2607 2613 2934 2668 ascendente
2965 2614 3206 2685 Aquario
3265 2617 3317 2670 in
3369 2619 3588 2674 sublimi

2027 2711 2170 2764 esse,
2216 2699 2485 2770 reliquum
2531 2702 2680 2759 illius
2709 2720 2910 2776 corpus
2955 2722 3080 2762 cum
3107 2707 3356 2766 Piscibus
3395 2726 3589 2768 ascen-

2029 2787 2177 2855 dere,
2209 2806 2337 2848 mox
2367 2794 2589 2865 subjicit
2618 2817 2630 2852 :

2029 2899 2118 2981 S_ic
2139 2904 2300 2981 etiam
2319 2907 2493 2981 fassa:
2518 2925 2727 2981 manus,
2755 2921 2803 2964 et
2832 2930 3020 2981 genua,
3050 2924 3099 2968 et
3130 2915 3332 2970 humeri

2029 2973 2398 3043 Andromedae,
2425 2978 2707 3034 dimidiata
2729 2973 2940 3046 ornata;
2961 2973 3068 3038 lta’c
3087 2987 3291 3056 quidem
3314 2996 3453 3106 anrte,
3478 2988 3590 3043 alia

3385 3069 3518 3110 ,υοδι

3383 3073 3493 3128 uias

2028 3181 2411 3259 Eisces'ambo,
2443 3181 2715 3243 dexteram
2744 3181 2953 3259 quidem.
2983 3195 3032 3246 ei
3061 3181 3274 3248 marium

2026 3251 2204 3308 Pisces
2235 3257 2506 3310 attrahunt
2539 3273 2556 3311 :
2587 3270 2641 3311 at
2666 3251 2934 3315 sinistram
2963 3265 3027 3316 ab
3051 3267 3156 3318 imo
3183 3267 3347 3320 trahit

2025 3325 2174 3378 Aries
2204 3328 2508 3382 ascendens.

2093 3435 2228 3491 Nam
2259 3438 2373 3493 haec
2402 3441 2566 3494 verba
2590 3481 2606 3508 ,
2652 3460 2828 3498 recens
2861 3448 3070 3517 quando
3099 3449 3356 3517 prodeunt
3385 3449 3583 3520 Pisces,

2025 3526 2160 3580 nihil
2212 3529 2380 3594 aliud,
2419 3545 2582 3600 quam
2647 3533 2860 3588 initium
2915 3544 3068 3591 ortus
3116 3536 3355 3593 Piscium
3406 3541 3588 3610 expri-

2023 3627 2199 3673 munt.

2096 3707 2334 3779 ldipsum
2366 3720 2420 3767 et
2457 3713 2511 3768 in
2549 3715 2693 3784 Argo
2728 3717 3029 3774 clarissime
3064 3721 3419 3778 demonstrat.
3450 3724 3585 3779 Nam

2027 3799 2237 3856 oriente
2258 3801 2481 3873 Virgine
2507 3813 2674 3860 totam
2703 3808 2848 3864 illius
2871 3813 3072 3865 exoriri
3097 3815 3316 3884 puppim
3348 3818 3543 3872 asserit
3567 3837 3582 3874 :

2024 3901 2221 3947 cratera
2246 3893 2418 3964 ipsius
2450 3912 2624 3966 usque
2655 3900 2723 3954 ad
2751 3902 2952 3955 malum
2984 3910 3259 3975 emergere
3288 3923 3412 3962 cum
3443 3909 3585 3963 intc-

2025 4000 2121 4054 gra
2148 3982 2317 4057 Virgo
2351 3991 2750 4047 conscenderit.
2782 3993 2918 4048 Cum
2959 3996 3101 4049 enim
3136 3995 3365 4053 dixisset
3399 4019 3412 4054 :

2028 4183 2140 4262 {Yec
2160 4195 2296 4241 certe
2323 4199 2493 4262 pauca
2522 4190 2698 4244 sidera
2727 4199 2881 4246 terra:
2909 4193 3003 4246 sub
3029 4192 3214 4262 inﬁma
3242 4197 3400 4254 mittit

2036 4254 2191 4327 Virgo
2222 4254 2460 4312 exoriens
2485 4275 2503 4312 :

2025 4371 2188 4438 paulo
2214 4379 2338 4440 post
2375 4373 2451 4425 ait
2484 4393 2496 4426 :

2029 4521 2097 4556 ._.
2136 4521 2148 4535 .
2196 4486 2512 4552 prwveniens
2545 4503 2661 4540 vero
2690 4485 2852 4542 Canis
2886 4490 3037 4556 pedes
3075 4492 3260 4556 arripit
3291 4493 3422 4544 alios

2025 4553 2256 4627 [ra/iens
2291 4572 2321 4606 a
2355 4565 2493 4624 tergo
2519 4559 2729 4626 puppim
2761 4553 2986 4613 stellatw
3011 4553 3201 4627 Argus.

2025 4623 2153 4678 1103c
2199 4634 2372 4679 autem
2417 4623 2596 4679 currit
2624 4623 2794 4696 supra
2837 4638 3049 4692 terram,
3081 4623 3278 4683 inalum
3306 4632 3587 4685 dimidiata

3122 4701 3294 4772 [juxta
3324 4703 3515 4767 ipsum,

2031 4762 2186 4833 Virgo
2214 4766 2423 4833 quando
2447 4775 2559 4820 tota
2591 4766 2654 4819 ab
2686 4767 3022 4836 inferioribus
3046 4762 3162 4837 jant
3191 4762 3478 4824 emei'serit.

2090 4873 2235 4941 Quin
2279 4884 2332 4931 et
2376 4875 2654 4942 Eudoxus,
2689 4893 2852 4949 quem
2904 4889 3181 4935 auctorem
3225 4891 3449 4937 secutus
3503 4892 3587 4938 est

2020 4963 2242 5028 Aratus,
2271 4966 2461 5021 eodem
2504 4967 2665 5022 modo
2709 4970 2989 5039 signorum
3026 4970 3181 5024 initia
3219 4971 3274 5025 in
3307 4974 3586 5031 coortibus

2023 5057 2088 5112 ad
2118 5059 2386 5114 orientem
2431 5061 2624 5115 statuit
2657 5080 2670 5116 :
2708 5069 2768 5115 ut
2798 5063 2885 5116 vel
2916 5062 3042 5118 inde
3078 5063 3394 5133 planissime
3427 5067 3586 5121 nobis

2020 5149 2087 5205 de
2133 5161 2304 5220 poeta:
2335 5154 2614 5223 proposito
2668 5162 2901 5212 constet.
2962 5154 3059 5211 His
3107 5171 3239 5211 vero
3293 5156 3585 5212 declaratis

2019 5242 2360 5311 inquiramus
2409 5244 2572 5299 modo
2604 5245 2656 5298 in
2689 5254 2910 5301 coortus
2950 5247 3430 5316 oppositarumqne
3459 5264 3586 5318 par-

2020 5334 2158 5388 tium
2187 5349 2438 5398 occasus,
2471 5337 2779 5406 cujusmodi
2813 5340 2880 5394 ab
2911 5339 3020 5394 illis
3053 5339 3239 5394 traditi
3271 5339 3510 5393 fuerunt.

2092 5425 2158 5481 ν.
2183 5426 2672 5498 Constitutoigitur
2694 5430 2879 5484 adorie
2900 5437 3048 5486 ntem
3066 5431 3220 5484 initio
3247 5428 3465 5493 Cancri,
3499 5443 3585 5482 re.

2021 5515 2128 5572 fert
2154 5519 2353 5573 Aratus
2382 5519 2615 5573 mediam
2644 5519 2869 5574 Corona:
2907 5529 3113 5590 partem
3150 5509 3456 5586 occidisse;
3486 5533 3586 5572 au-

2022 5609 2205 5666 stralis
2236 5609 2365 5662 item
2394 5608 2566 5665 Piscis
2595 5627 2769 5680 usque
2795 5612 2863 5666 ad
2897 5613 3107 5682 spinam
3149 5610 3331 5677 dorsi;
3367 5610 3584 5680 Ingeni-

2021 5704 2130 5761 culi
2153 5701 2418 5776 quidquid
2443 5711 2528 5760 est
2546 5718 2710 5775 supra
2733 5713 3007 5772 ventrem;
3033 5701 3376 5776 Ophiuchum
3394 5703 3586 5760 nume--
