4166 6408
515 343 652 400 ιοτι
984 337 1014 412 ξ

1498 323 1596 379 AD
1623 317 1892 378 EUSEBII
1925 313 2318 375 CHRONICON
2343 311 2704 370 APPENDIX.

3579 302 3591 310 ’
3612 301 3758 363 10Ἰί

516 462 592 517 ris
642 455 1211 524 tenusrserpenrem,
1243 452 1407 516 quem
1445 439 1766 512 Ophiuchus
1817 447 1984 505 tenet,
2025 436 2093 492 ad

2208 434 2284 490 τὸν
2311 434 2370 488 δὲ
2407 431 2687 503 Ὀφιοῦχον
2735 429 2839 493 ἕως
2875 427 2984 482 τῶν
3029 426 3222 497 ὤμων·
3259 423 3350 477 τὸν
3383 421 3459 475 δὲ’
3481 419 3663 490 Ὄφιν,
3694 419 3760 474 δν

515 566 696 625 usque
729 549 964 614 collum;
989 538 1410 612 Arctophylacis
1447 535 1679 606 amplius
1725 538 1880 605 parte
1927 531 2091 586 dimi-

516 622 632 700 dia:
663 641 747 696 Ad
782 640 1121 695 bacarum
1153 631 1374 687 Orionis
1403 626 1702 684 secundum
1733 626 1989 678 humeros
2018 622 2094 674 ait

436 699 479 823 Α
516 699 747 791 exoriri.
774 728 1060 796 Quocirca
1107 722 1557 778 constellationes
1609 717 1729 772 ista
1773 729 1984 778 omnes,
2035 719 2095 767 ut

522 825 616 879 ille
639 827 853 882 censet,
885 831 1009 872 eum
1032 813 1288 868 Geminis
1338 809 1536 880 partim
1582 807 1855 868 oriuntur,
1892 803 2094 873 partim

457 895 469 965 ⁵
519 931 593 973 ex
640 907 1177 970 adverso-occidunt.
1223 905 1294 958 At
1329 901 1588 956 Eudoxus
1621 912 1811 952 omnes
1849 895 2096 950 illas're—

419 1032 430 1045 -ι
521 1020 780 1069 censeris,
803 1017 934 1073 qua
953 1000 1067 1056 sub
1100 997 1315 1052 initium
1348 992 1650 1050 occidentis
1675 988 1876 1045 Cancri
1928 999 2096 1056 supra

456 1104 471 1158 ’τ’
523 1107 732 1154 terram
769 1094 1033 1155 eminent,
1059 1089 1141 1143 ait
1189 1097 1364 1142 totum
1411 1083 1780 1156 lngeniculum
1810 1094 1932 1136 esse
1964 1092 2098 1132 con-

524 1189 824 1260 spicuum‘:
856 1184 1125 1236 Coronam
1177 1191 1398 1248 quoque
1433 1173 1754 1239 dimidiam;
1802 1168 2099 1239 Arctophy-

527 1281 666 1337 lacis
686 1285 741 1332 et
762 1274 1030 1347 Ophiuchi
1047 1272 1268 1342 capita;
1301 1284 1410 1324 una
1435 1283 1558 1322 cum
1603 1265 1775 1319 cauda
1803 1260 2096 1332 serpentis,

531 1374 813 1446 quimanu
841 1374 1107 1437 gestetur.
1137 1363 1275 1418 Tum
1299 1363 1367 1417 ad
1400 1369 1645 1416 austrum
1671 1357 1927 1412 Orionem
1957 1355 2099 1408 inte-

532 1478 710 1536 grum,
739 1468 795 1516 et
811 1456 1156 1514 -de--australi
1192 1454 1352 1512 Pisce
1379 1451 1527 1524 quod
1553 1456 1639 1507 est
1676 1446 1977 1505 secundum
2005 1458 2099 1498 ca-

572 1563 650 1611 ut.

572 1571 650 1611 ut.

535 1571 568 1626 Ρ
604 1651 682 1702 Ac
711 1636 801 1700 'de'
829 1643 1043 1699 Corona
1077 1637 1308 1710 quidem
1357 1639 1724 1690 consentanea
1762 1627 1976 1685 veritati
2015 1631 2101 1680 est

536 1739 685 1796 Arati
709 1737 1009 1797 sententia,
1041 1729 1310 1801 siquidem
1359 1726 1416 1781 in
1458 1723 1680 1779 Graeciae
1724 1727 1904 1775 tractu
1951 1716 2100 1772 occi-

2193 526 2305 597 ἔχει
2326 528 2355 580 6
2397 524 2698 596 Ὀφιοῦχος,
2730 522 2836 584 ἓως
2868 521 2962 574 τοῦ
3007 517 3261 590 αὐχένοςο
3298 513 3391 569 τοῦ
3431 513 3488 567 δὲ
3537 513 3759 582 Ἀρκτο-

2193 619 2431 690 φύλακος
2481 617 2642 670 πλέον
2694 614 2860 686 μέρος
2903 611 2937 683 ἢ
2983 610 3042 664 τὸ
3089 611 3281 680 ἥμισυ.
3323 604 3655 660 ’Δνατέλλειν
3700 601 3762 656 δέ

2193 729 2326 784 φησι
2350 709 2444 763 τοῦ
2482 707 2732 779 Ὠρίωνος
2761 705 2858 776 τὴν
2903 701 3080 772 ζώνην
3115 700 3253 754 κατά
3279 699 3408 760 τοὺς
3433 695 3638 769 ὤμους.
3676 693 3762 747 Τά

2194 782 2456 873 εἰρημένα
2483 797 2665 851 τοίνυν
2701 795 2879 864 ἄστρα
2914 795 3028 855 τοῖς
3063 789 3312 860 Διδύμοις
3342 787 3462 841 κατ’
3495 784 3656 838 αὑτὸν
3675 823 3691 848 ,
3723 782 3765 837 ἃ.

2197 893 2296 965 μὲν
2326 889 2722 953 συνανατέλλει,
2745 886 2781 940 ἃ.
2801 886 2858 939 δὲ
2888 882 3318 938 ἀντικαταδύνει.
3343 881 3402 932 '0
3425 877 3481 930 δὲ
3513 873 3760 938 Εὔδοξος,

2195 982 2655 1056 ἐξαριθμούμενος
2704 980 2805 1032 ὅσα
2839 977 2990 1031 ἐστὶν
3018 973 3159 1045 ὑπὲρ
3187 973 3310 1042 γῆς,
3343 969 3437 1024 τοῦ
3486 966 3768 1038 Καρκίνου

2196 1055 2494 1144 ἀρχομένου
2541 1068 2884 1132 ἀνατέλλειν,
2917 1065 3050 1136 φησὶ
3103 1063 3193 1118 τὸν
3246 1063 3332 1114 Ἐν
3379 1060 3602 1129 γόνασιν
3642 1055 3762 1110 ὅλον

2197 1161 2335 1218 εἶναι
2362 1163 2622 1234 φανερόν·
2658 1159 2750 1214 τοῦ
2775 1161 2832 1214 δὲ
2879 1157 3148 1226 Στεφάνου
3177 1155 3238 1208 τὸ
3283 1155 3450 1224 ἣμισυ
3471 1168 3484 1181 ο
3531 1151 3626 1204 καὶ
3663 1147 3766 1219 τὴν

2196 1255 2291 1311 τοῦ
2326 1252 2762 1326 Ἀρκτοφύλακος
2787 1248 3054 1319 κεφαλήν·
3091 1246 3184 1299 καὶ
3215 1243 3311 1315 τὴν
3342 1241 3435 1296 τοῦ
3478 1239 3761 1309 Ὀφιούχου

2198 1345 2467 1416 κεφαλήν·
2504 1343 2600 1396 καὶ
2627 1341 2724 1412 τὴν
2767 1339 2933 1411 οὐρὰν
2966 1335 3061 1390 τοῦ
3101 1334 3356 1406 ἐχομένου
3395 1333 3640 1399 Ὄφεως·
3671 1328 3766 1382 τὸν

2197 1439 2255 1494 δὲ
2284 1438 2421 1510 πρὸς
2446 1436 2597 1490 νότον
2648 1433 2877 1504 Ὠρίωνα
2904 1430 3050 1484 ὃλον’
3087 1428 3182 1482 καὶ
3214 1424 3308 1479 τοῦ
3343 1424 3518 1479 νοτίου
3561 1420 3764 1492 Ἰχθύος

2199 1530 2258 1586 τὸ
2291 1529 2429 1600 πρὸς
2459 1527 2557 1598 τὴν
2589 1523 2853 1595 κεφαλήν.

2279 1623 2340 1675 'O
2375 1621 2473 1691 μὲν
2497 1614 2589 1673 οὖν
2622 1616 2891 1684 Στέφανος
2929 1612 3070 1666 κατά
3120 1611 3212 1666 τὸν
3260 1609 3492 1679 Ἀρατον
3543 1605 3768 1674 ἔγγιστα

2203 1713 2515 1784 συμφωνεῖ·
2563 1711 2622 1762 ὲν
2669 1707 2780 1778 γάρ
2829 1708 2942 1768 τοῖς
3003 1703 3133 1774 περὶ
3175 1701 3274 1772 τὴν
3307 1699 3531 1753 Ἑλλάδα
3583 1697 3771 1760 τόποις

536 1779 685 1796 ...αν
725 1779 1009 1797 ,υ...ν....-,
1043 1779 1310 1801 --Ίηηηγ

531 1831 668 1887 dere
685 1827 878 1897 incipit
908 1820 1208 1880 oriente23
1232 1826 1385 1890 parte
1409 1815 1798 1878 Geminorum;
1828 1819 1943 1865 tota
1968 1823 2098 1864 vero

2208 1779 2424 1878 Ξργεται
2458 1803 2555 1874 μὲν
2583 1800 2758 1854 δύνειν
2802 1795 3194 1865 ἀνατελλούσης
3220 1799 3270 1862 γ’
3297 1792 3392 1846 καὶ
3429 1797 3475 1842 κ’
3512 1790 3619 1861 μοί.
3660 1789 3768 1842 τῶν

528 1919 819 1979 descendit
846 1917 1054 1972 oriente
1073 1919 1277 1984 quarta
1305 1908 1502 1964 Cancri
1535 1911 1724 1976 iparte.
1757 1903 1863 1958 Sed
1889 1900 2100 1956 Eudoxi

538 2012 680 2070 ratio
710 2009 1020 2082 ,perspiCue
1071 2004 1351 2073 discrepat
1391 2019 1404 2055 :
1444 1999 1598 2069 121
1659 1994 2100 2067 quandoquidem

539 2106 752 2160 initium
798 2103 865 2156 ab
893 2116 959 2155 eo
990 2096 1186 2153 Cancri
1236 2095 1294 2149 in
1341 2093 1523 2148 medio
1553 2089 1904 2145 Geminorum
1947 2086 2102 2156 signo

533 2198 788 2270 ponitur.
808 2192 964 2260 Quod
1005 2199 1066 2244 ut
1101 2187 1325 2244 assidue
1356 2185 1513 2240 nobis
1541 2193 1987 2238 commemorare»
2007 2191 2104 2233 ne-

540 2305 696 2346 cesse
741 2303 851 2342 non
897 2285 990 2348 sit,
1035 2282 1169 2337 illud
1216 2280 1470 2335 universe
1515 2273 1809 2332 tenendum
1846 2280 1950 2337 est,
1979 2285 2103 2326 cum

541 2396 654 2436 non
685 2377 894 2433 eodem
939 2383 1170 2443 uterque
1217 2370 1380 2425 modo
1433 2369 1588 2437 signa
1638 2363 1948 2427 describat,
1993 2374 2106 2415 non

543 2481 704 2538 posse
731 2479 857 2518 cum
881 2461 1146 2516 ambobus
1173 2458 1546 2529 apparentium
1574 2454 1948 2526 experimenta
1975 2465 2108 2506 con-

543 2573 760 2631 gruere.
791 2556 928 2611 Illud
961 2555 1185 2625 insuper
1217 2552 1519 2607 habendum
1550 2559 1652 2611 est,
1683 2562 1803 2618 qua:
1845 2547 1911 2601 ad
1953 2553 2108 2600 ortus

545 2649 838 2720 pertinent,
861 2645 1052 2716 paucis
1078 2642 1342 2714 exceptis,
1373 2641 1561 2696 eodem
1593 2640 1662 2693 ab
1691 2646 1924 2708 utroque
1946 2636 2109 2692 modo

547 2739 835 2812 perscribi.
882 2737 1081 2791 Aratus
1130 2736 1273 2791 enim
1319 2733 1531 2788 Eudoxi
1579 2731 1822 2802 vestigiis
1861 2729 2106 2784 inhaeret.

549 2831 752 2888 Verum
777 2829 845 2885 ad
865 2828 1117 2884 Arateam
1144 2825 1354 2881 zodiaci
1380 2825 1724 2894 partitionem
1749 2821 1921 2892 magis
1947 2834 2110 2891 quam

539 2923 618 2978 ad
644 2922 979 2985 Eudoxeam,
1010 2925 1298 2974 coortuum
1339 2915 1410 2970 ab
1460 2915 1568 2970 illis
1611 2912 1935 2968 traditarum
1970 2912 2112 2966 ratio

541 3013 804 3068 convenit
842 3031 854 3066 :
891 3009 1036 3081 quod
1065 3023 1132 3064 ex
1165 3008 1234 3062 iis
1271 3005 1363 3062 (iet
1413 3003 1676 3074 apertius,
1710 3015 1832 3073 qua
1875 2999 1944 3056 de
1992 2999 2114 3056 istis

540 3105 872 3176 singillatim
898 3100 1314 3173 explicabimus.

624 3258 930 3316 Australem
971 3272 1136 3327 porro
1158 3254 1370 3312 Piscem
1407 3252 1616 3322 majore
1647 3250 1732 3307 sui
1759 3259 1914 3320 parte
1945 3261 2114 3318 supra

539 3361 756 3408 terram
803 3357 1021 3421 oportet
1061 3357 1297 3412 exstare,
1328 3362 1438 3402 non
1481 3360 1545 3401 ea
1585 3340 1960 3397 tantummodo
1996 3355 2116 3410 quae

550 3454 686 3500 sunt
709 3443 890 3499 vicina
913 3440 1102 3512 capiti,
1128 3447 1188 3491 ut
1221 3435 1330 3490 illis
1360 3435 1583 3505 placuit.
1613 3431 1826 3487 Etenim
1863 3428 2117 3484 occidere

547 3537 748 3606 incipit
780 3536 869 3590 ille
901 3531 1251 3588 Geminorum
1288 3527 1501 3583 oriente
1539 3524 1576 3579 4
1604 3533 1806 3597 parte;
1840 3529 2116 3593 postremo

556 3627 699 3682 idem
729 3622 930 3678 occidit
949 3623 1158 3678 oriente
1187 3619 1385 3675 Cancri
1419 3618 1507 3673 18.

626 3715 928 3789 lngeniculi
982 3729 1113 3771 vero
1181 3713 1360 3769 solum
1409 3711 1524 3782 jam
1573 3715 1736 3779 caput
1781 3707 2003 3770 occidit,
2064 3713 2120 3760 et

557 3811 747 3866 dexter
801 3809 1060 3862 humerus
1114 3820 1240 3860 cum
1297 3819 1509 3868 manu;
1555 3802 1780 3858 sinister
1833 3801 2117 3862 humerus,

560 3901 936 3971 reliquumque
963 3912 1162 3967 corpus
1205 3909 1368 3966 supra
1413 3905 1612 3949 terram
1657 3891 1835 3947 adhuc
1883 3890 2119 3946 exsistit.

558 3992 694 4047 Nam
738 3990 1022 4048 occidente
1068 3989 1258 4045 dextro
1290 3989 1538 4051 humero,
1569 3985 1640 4039 27
1692 4001 1819 4056 pars
1863 3983 2121 4039 Gemino-

562 4099 682 4138 rum
735 4083 963 4148 oritur;
1007 4081 1248 4138 sinistro
1305 4093 1435 4134 vero
1493 4077 1876 4142 descendente,
1946 4075 2123 4127 oritur

549 4184 752 4232 octava
799 4189 928 4247 pars
977 4173 1215 4238 Cancri,
1279 4179 1334 4227 et
1397 4185 1519 4240 quae
1575 4177 1706 4224 sunt
1755 4169 1811 4222 in
1860 4166 2124 4221 lateribus

551 4273 687 4338 post
735 4265 986 4321 dextrum
1047 4263 1333 4317 humerum
1389 4260 1568 4315 adhuc
1633 4259 1904 4313 oriuntur.
1963 4254 2125 4310 Falso

562 4360 746 4427 itaque
769 4357 906 4411 dixit
936 4355 1139 4409 Aratus
1173 4354 1284 4424 jam
1329 4353 1478 4408 illius
1505 4359 1716 4424 partem
1743 4365 1775 4404 a
1801 4357 1992 4405 ventre
2026 4364 2124 4403 ca-

555 4450 674 4520 pite
701 4456 863 4503 tenus
891 4445 1181 4502 occidisse.

636 4542 711 4597 De
739 4537 1024 4611 Ophiucho
1065 4546 1211 4594 recte
1242 4537 1485 4594 sentiunt
1511 4536 1713 4592 Aratus
1750 4544 1805 4591 et
1840 4533 2122 4589 Eudoxus.

563 4632 774 4704 Quippe
811 4632 1024 4687 humeri
1053 4647 1121 4686 ex
1145 4631 1376 4686 adverso
1423 4629 1772 4684 Geminorum
1824 4627 2125 4690 occidunt;

563 4739 685 4795 quae
714 4739 846 4778 vero
873 4730 957 4778 est
1003 4722 1062 4777 in
1093 4723 1290 4793 capite,
1334 4723 1533 4779 occidit
1579 4721 1790 4776 oriente
1844 4717 2127 4773 undecima

560 4813 761 4869 Gancri
788 4822 970 4884 parte.
1838 4818 1841 4822 ‘

643 4991 953 5062 Serpentis,
997 5005 1157 5064 quem
1207 4998 1353 5046 tenet
1397 4987 1748 5061 Ophiuchus,
1799 4989 1915 5044 sola
1964 5003 2132 5058 supra

566 5090 771 5137 terram
814 5082 1008 5147 cauda,
1062 5092 1123 5136 ut
1151 5082 1316 5137 sentit
1347 5079 1627 5146 Eudoxus,
1659 5095 1790 5142 non,
1831 5086 1892 5132 ut
1915 5078 2132 5144 Aratus,

569 5179 736 5243 caput
762 5173 994 5228 exsistit.
1031 5171 1240 5228 Etenim
1283 5181 1446 5242 caput
1481 5173 1652 5242 ipsius
1686 5169 1886 5226 occidit
1937 5170 2130 5225 mediis

571 5264 686 5320 fere
721 5263 967 5320 Geminis
1011 5265 1313 5321 orientibus
1366 5285 1380 5319 :
1433 5280 1554 5335 qua:
1602 5271 1782 5318 autem
1825 5270 1908 5319 est
1947 5263 2004 5318 in
2034 5279 2134 5319 ex-

572 5365 745 5413 trema
775 5357 971 5424 cauda,
998 5357 1200 5412 occidit
1226 5357 1434 5413 oriente
1462 5364 1614 5427 parte
1643 5355 1840 5412 Cancri
1874 5355 1928 5410 9.

644 5537 733 5592 Vl.
755 5537 828 5594 De
850 5538 1239 5612 Arctophylace
1264 5555 1492 5612 prorsus
1513 5541 1941 5597 hallucinantur.
1969 5540 2135 5598 Asse-

685 5715 795 5789 "'{.
825 5719 990 5794 ἥπερ.

2197 1898 2446 1968 Διδύμων
2467 1913 2481 1925 ⁸
2512 1894 2631 1957 ὅλος
2657 1893 2716 1946 δὲ
2741 1890 2886 1945 δύνει
2913 1887 3306 1956 ἀνατελλούσης
3337 1886 3434 1956 τῆς
3457 1883 3498 1936 δ’
3534 1882 3644 1953 μοί.
3673 1880 3772 1934 τοῦ

2199 1989 2501 2060 Καρκίνου.
2551 1982 2709 2039 Κατὰ
2762 1981 3014 2052 μέντοιγε
3062 1979 3154 2032 τὸν
3192 1976 3418 2043 Εῠδοξον
3459 1974 3641 2046 δῆλον,
3687 1973 3772 2026 ὅτε

2199 2079 2485 2148 διαφωνεῖ·
2519 2074 2753 2143 ἐπείπερ
2789 2074 2821 2142 ἡ
2862 2070 3002 2142 ἀρχὴ
3029 2067 3122 2123 τοῦ
3157 2067 3431 2140 Καρκίνου
3461 2068 3580 2120 κατ’
3609 2065 3771 2119 αὑτὸν

2202 2170 2342 2225 κατά
2361 2169 2429 2240 μέ
2437 2185 2527 2222 σον
2548 2166 2662 2220 ἐστὶ
2679 2162 2772 2218 τοῦ
2787 2162 2893 2216 τῶν
2905 2161 3147 2232 Διδύμων
3162 2159 3432 2228 δωδεκατη
3440 2157 3777 2230 μορίου.”Ινα

2203 2258 2259 2312 δὲ
2287 2256 2361 2329 μὴ
2391 2255 2683 2316 διαπαντὸς
2710 2249 3200 2323 ὲπισημαινώμεθα
3232 2249 3420 2314 τοῦτο,
3453 2248 3773 2319 διαληπτέον

2205 2349 2454 2414 καθόλου,
2475 2348 2610 2402 διότι
2646 2347 2722 2418 μὴ
2761 2345 2964 2416 ὁμοίως
3003 2341 3410 2412 ἀναγράφουσιν
3445 2339 3775 2410 ἀμφοτέροις

2204 2442 2266 2497 οὐ
2293 2439 2516 2494 δυνατὸν
2549 2439 2794 2509 ἑκατέρῳ
2817 2434 2997 2488 αὐτῶν
3019 2434 3330 2504 συμφωνεῖν
3351 2432 3411 2485 τὸ
3429 2430 3771 2501 φαινόμενον.

2205 2535 2297 2589 Δεῖ
2337 2533 2395 2587 δὲ
2427 2534 2648 2588 κάκεῖνο
2693 2529 3047 2600 διειληφέναι,
3075 2527 3208 2581 διότι
3254 2525 3433 2581 πάντα
3476 2523 3596 2595 μὲν,
3636 2521 3776 2593 πλὴν

2206 2626 2400 2696 ὀλίγων
2435 2625 2628 2690 τινῶν,
2690 2623 2889 2695 ὁμοίως
2948 2620 3247 2693 ἀμφότεροι
3292 2617 3666 2689 ἀναγράφουσι
3707 2613 3779 2668 τά

2209 2721 2339 2793 περὶ
2367 2719 2466 2783 τὰς
2499 2717 2780 2780 ἀνατολάς.
2835 2718 2892 2770 '0
2945 2715 3054 2786 γὰρ
3092 2716 3326 2786 Ἄρατος
3372 2715 3486 2776 τοῖς
3535 2710 3640 2764 ὑπὸ
3682 2707 3780 2762 τοῦ

2209 2807 2437 2873 Εὐδόξου
2460 2807 2770 2878 λεγομένοις
2796 2803 3151 2876 ἠκολούθηκε.
3183 2799 3536 2873 Συμφωνοῦσι
3567 2798 3779 2870 μέντοι·

2211 2918 2275 2972 γε
2319 2903 2374 2955 ai
2424 2902 2514 2955 ὑπ’
2563 2899 2742 2955 αὐτῶν
2775 2895 3259 2969 ἀναγεγραμμέναι
3315 2890 3667 2947 συνανατολαὶ
3709 2891 3778 2961 τῇ

2213 2993 2353 3048 κατὰ
2393 2993 2488 3046 τὸν
2523 2994 2758 3064 Ἄρατον
2797 2990 2995 3063 μᾶλλον
3035 2988 3130 3044 τοῦ
3179 2985 3446 3052 ζωδιακοῦ
3497 2981 3779 3053 διαιρέσει,

2141 3113 2185 3172 c
2214 3085 2372 3156 εἴπερ
2390 3086 2436 3118 ⁷⁸
2473 3084 2614 3139 κατὰ
2667 3084 2757 3140 τὸν
2785 3081 3039 3149 Εῦδοξονο
3073 3080 3222 3133 ἔσται
3263 3079 3320 3132 δὲ
3363 3076 3519 3131 τοῦτο
3549 3071 3784 3144 φανερὸν

2214 3177 2279 3230 ἐκ
2307 3175 2415 3231 τῶν
2440 3176 2581 3230 κατὰ
2615 3176 2780 3248 μέρος
2811 3174 2939 3246 περὶ
2965 3171 3144 3228 αὐτῶν
3184 3168 3591 3243 ῥηθησομένων.

2282 3268 2387 3321 Τοῦ
2427 3267 2484 3320 δὲ
2509 3267 2684 3321 νοτίου
2717 3265 2917 3336 Ἰχθύος
2947 3264 3009 3318 τὸ
3049 3259 3298 3318 πλεῖστον
3335 3261 3500 3332 μέρος
3529 3257 3610 3310 δεῖ
3642 3255 3784 3326 ὑπὲρ

2212 3361 2314 3432 γῆν
2341 3356 2498 3424 εἶναι,
2525 3361 2620 3414 καὶ
2646 3359 2764 3429 οὐχ)⁸
2786 3359 2848 3411 τὸ
2874 3357 3010 3429 πρὸς
3032 3358 3098 3427 τῇ
3129 3353 3335 3424 κεφαλῇ
3367 3350 3546 3422 μόνον,
3577 3348 3652 3412 ὥς
3682 3365 3784 3418 φα-

2215 3471 2318 3507 σιν.
2354 3453 2612 3524 Ἀρχεται
2653 3451 2751 3521 μὲν
2782 3449 2894 3522 γὰρ
2925 3448 3122 3512 δύνειν,
3169 3446 3568 3515 ἀνατελλούσης
3597 3444 3637 3496 δ’
3672 3442 3784 3514 μοί.

2214 3543 2493 3615 Διδύμωνο
2542 3543 2767 3613 ἔσχατον
2809 3540 2868 3594 δὲ
2911 3539 3076 3604 δύνει,
3122 3533 3519 3607 ἀνατελλούσης
3565 3535 3664 3606 τῆς
3719 3533 3788 3605 ιη’

2221 3636 2331 3708 μοί.
2363 3634 2456 3688 τοῦ
2487 3633 2787 3706 Καρκίνου.

2287 3728 2394 3782 Τοῦ
2420 3728 2465 3782 δ’
2505 3729 2593 3780 Ἐν
2617 3726 2838 3795 γόνασιν
2871 3727 2905 3797 ἠ
2949 3723 3157 3794 κεφαλὴ
3195 3723 3351 3793 μόνον
3393 3720 3600 3784 δέδυκε,
3633 3718 3729 3772 καὶ
3761 3718 3793 3770 6

2215 3819 2384 3887 δεξιὸς
2409 3812 2558 3889 ὦμος
2589 3819 2686 3871 σὺν
2709 3821 2776 3889 τῇ
2808 3816 2981 3887 χειρί·
3026 3818 3054 3868 ό
3099 3814 3143 3866 δ’
3177 3811 3462 3884 ἀριστερὸς
3500 3806 3649 3880 ὦμος
3691 3811 3788 3863 καὶ

2211 3911 2277 3962 ’τὸ
2300 3909 2482 3962 λοιπὸν
2510 3907 2668 3978 σῶμα
2696 3906 2775 3959 ἔτι
2815 3906 2962 3959 ἐστὶν
2985 3905 3123 3975 ὑπὲρ
3151 3905 3274 3974 γῆν.
3304 3902 3410 3955 Τοῦ
3437 3903 3534 3973 μὲν
3563 3901 3672 3973 γὰρ
3703 3901 3791 3953 δε-

2220 4001 2331 4068 ξιοῦ
2383 3998 2532 4070 ὤμου
2585 3997 2831 4060 δύνοντος
2869 3995 3205 4066 ἀνατέλλειὴ
3234 3992 3277 4060 ζ’
3311 3995 3406 4048 καὶ
3455 4000 3504 4048 κ’
3547 3995 3657 4065 μοῖ.
3684 3992 3791 4045 τῶν

2221 4091 2464 4162 Διδύμων
2484 4107 2497 4120 ·
2535 4088 2631 4142 τοῦ
2665 4088 2721 4141 δὲ
2752 4085 3044 4159 ἀριστεροῦ
3083 4085 3234 4157 ὤμου
3269 4085 3537 4148 δύνοντος,
3570 4081 3791 4139 ἀνατέλ-

2221 4182 2300 4236 λει
2332 4185 2366 4254 ἡ
2404 4188 2453 4253 η’
2482 4183 2591 4252 μοῖ.
2624 4179 2718 4234 τοῦ
2742 4179 3019 4251 Καρκίνου
3039 4195 3052 4208 ·
3100 4175 3193 4231 τοῦ
3231 4177 3287 4231 δὲ
3315 4175 3486 4244 δεξιοῦ
3515 4175 3664 4246 ὤμου
3712 4173 3792 4226 ἔτι

2225 4274 2445 4343 ὕστερον
2477 4271 2723 4325 δύνουσιν
2768 4270 2819 4322 οἱ
2851 4270 2910 4322 ὲν
2938 4271 3060 4333 ταῖς
3105 4269 3388 4339 πλευραῖς.
3433 4267 3548 4321 Οὐκ
3577 4267 3687 4336 ἄρα
3733 4263 3796 4318 τὸ

2225 4363 2335 4418 ἀπὸ
2359 4363 2457 4434 τῆς
2490 4361 2727 4433 γαστρὸς
2758 4361 2920 4433 μέρος
2955 4361 3119 4414 αὐτοῦ
3149 4361 3254 4425 ἕως
3281 4361 3381 4430 τῆς
3425 4358 3667 4430 κεφαλῆς
3705 4357 3793 4412 δέ·

2153 4456 2198 4511 D
2225 4455 2402 4518 δυκεν,
2437 4454 2512 4516 ὼς
2541 4453 2777 4525 ’Ἄρατός
2802 4469 2956 4522 φησι.

2296 4545 2376 4599 Τὰ
2420 4545 2477 4598 δὲ
2515 4544 2646 4616 περὶ
2680 4545 2771 4598 τὸν
2813 4544 3090 4616 Ὀφιοῦχον
3132 4543 3437 4615 συμφώνως
3487 4541 3798 4596 ἀποδιδόασι

2226 4633 2304 4705 τῷ
2335 4633 2642 4705 φαινομένῳ
2671 4635 2700 4687 ὅ
2743 4651 2804 4686 τε
2849 4636 3083 4704 ’Ἄρατος
3110 4635 3204 4687 καὶ
3231 4638 3260 4687 6
3293 4629 3540 4697 Εὖδοξος.
3587 4633 3651 4684 Οἱ
3697 4631 3794 4701 μὲν

2225 4725 2334 4796 γὰρ
2367 4717 2506 4794 ὦμοι
2545 4726 2658 4788 τοῖς
2697 4725 2947 4796 Διδύμοις
2983 4723 3528 4778 ἀντικαταδύνουσιν·
3567 4724 3596 4775 6
3637 4722 3694 4774 δὲ
3740 4722 3798 4774 ὲν

2227 4817 2293 4886 τῇ
2327 4814 2532 4887 κεφαλῇ
2560 4815 2727 4882 δύνει,
2754 4815 3146 4886 ἀνατελλούσης
3177 4815 3276 4885 τῆς
3307 4821 3373 4868 ια’
3397 4813 3506 4884 μοί.
3535 4811 3630 4864 τοῦ
3657 4813 3798 4883 Καρ-

2229 4907 2402 4963 κίνου.

2301 4999 2407 5053 Τοῦ
2434 4999 2490 5052 δὲ
2520 5000 2755 5068 Ὄφεως,
2782 4998 2842 5052 ὃν
2869 4997 2982 5068 ἔχει
3016 4999 3046 5051 6
3088 4997 3387 5066 Ὀφιοῦχος,
3416 4995 3451 5065 ἡ
3472 4992 3609 5064 οὐρὰ
3640 4992 3801 5062 μόνον

2233 5091 2372 5162 ὑπὲρ
2401 5092 2502 5162 γῆς
2536 5093 2704 5156 ἐστιν,
2739 5090 2814 5155 ὡς
2854 5092 2882 5144 6
2926 5089 3154 5156 Εῦδοξός
3194 5105 3347 5159 φησι,
3381 5086 3476 5140 καὶ
3501 5086 3601 5156 οὐχ
3639 5087 3675 5156 η
3705 5103 3801 5139 κε-

2233 5183 2397 5254 φαλὴ,
2423 5182 2498 5246 ὼς
2529 5184 2558 5234 6
2592 5184 2847 5254 ¹Ἄρατος.
2889 5180 2955 5235 Ἦ
2991 5181 3088 5251 μὲν
3120 5180 3227 5251 γὰρ
3253 5176 3463 5248 κεφαλὴ
3499 5174 3664 5230 αὐτοῦ
3706 5175 3802 5229 δύ-

2233 5293 2334 5339 νει,
2371 5273 2766 5328 ἀνατελλόντων
2812 5273 2991 5344 μέσων
3025 5271 3260 5344 μάλιστα
3301 5267 3410 5322 τῶν
3454 5266 3700 5338 Διδύμων
3724 5281 3741 5298 ·
3777 5267 3806 5319 6

2233 5365 2288 5418 δὲ
2321 5369 2378 5418 ὲν
2419 5364 2564 5438 ἄκρᾳ
2591 5367 2658 5438 τῇ
2687 5364 2824 5438 οὐρᾷ
2853 5365 3018 5430 δύνει,
3053 5360 3446 5431 ἀνατελλούσης
3480 5359 3581 5430 τῆς
3611 5357 3656 5411 θ’
3689 5354 3802 5428 μοί.

2233 5454 2326 5510 τοῦ
2358 5455 2655 5528 Καρκίνου.

2307 5554 2396 5619 (Γ.
2425 5551 2560 5622 Περὶ
2583 5549 2637 5603 δὲ
2659 5549 2753 5602 τοῦ
2797 5547 3231 5621 Ἀρκτοφύλακος
3258 5545 3558 5617 ὁλοσχερῶς
3588 5539 3806 5597 δοκοῦσί
