4130 6410
602 482 741 540 ηπ

606 634 664 666 ε,
695 636 710 651 .
741 596 808 649 At
834 595 918 648 hic
938 609 1057 648 cum
1082 580 1205 666 Hoc
1227 601 1457 648 saltatus
1491 575 1714 666 fuerit,“
1881 594 2090 666 [bentis.

614 665 830 735 Vespere
873 668 998 719 item
1037 665 1266 718 continet
1310 680 1329 718 :
1368 666 1487 732 plus
1531 664 1750 719 dimidio
1802 664 1968 719 noctis
2013 666 2095 717 la-

671 778 808 832 Cum
847 777 992 832 enim
1037 775 1288 831 occidere
1321 792 1447 832 cum
1475 777 1659 832 Chelis
1706 778 1918 846 incipit,
1948 777 2065 832 sole
2094 777 2167 832 ibi

602 878 877 934 versante,
930 884 1040 939 quo
1080 877 1322 939 tempore
1371 869 1500 924 facit
1545 885 1823 933 occasum,
1879 881 2068 927 noctes
2112 871 2168 925 in

603 965 840 1018 Arcturo
886 962 1182 1028 dicuntur;
1223 962 1442 1032 quando
1497 974 1549 1018 et
1595 977 1759 1032 supra
1804 972 2004 1018 terram
2055 972 2167 1018 tota

601 1055 690 1111 die
723 1055 934 1118 fcrtur;
989 1055 1246 1124 quoniam
1295 1055 1475 1110 oritur
1517 1071 1640 1109 cum
1686 1054 1929 1126 Virgine,
1977 1064 2033 1111 et
2074 1071 2169 1110 oc-

541 1142 560 1180 δ
601 1146 834 1202 cidendo
876 1147 998 1216 plus
1033 1146 1261 1200 dimidia
1298 1156 1457 1202 nocte
1488 1147 1786 1210 consumit,
1825 1145 2168 1216 quandoqui-

599 1237 722 1294 dem
761 1251 883 1290 cum
920 1239 1092 1308 signis
1131 1246 1365 1308 quatuor
1401 1238 1620 1292 occidit.
1654 1235 1810 1304 Quod
1849 1244 2028 1292 autem
2059 1252 2167 1291 una

599 1346 726 1384 cum
771 1329 995 1401 Virgine
1035 1330 1370 1386 conscendat
1412 1347 1477 1384 ex
1522 1331 1674 1384 Arati
1717 1331 2006 1394 sententia,
2054 1329 2168 1388 btec

599 1421 774 1490 ipsius
793 1423 958 1478 verba
981 1422 1289 1480 declarant:

605 1532 717 1588 Nec
744 1535 1033 1587 exorientes
1061 1532 1255 1595 Chelm,
1297 1550 1358 1587 ac
1384 1537 1606 1587 tenuiter
1637 1535 1863 1588 lucentes

605 1604 808 1674 Ignota:
840 1605 1185 1673 praeterierint
1211 1622 1230 1669 ;
1253 1606 1499 1672 quoniam
1528 1607 1704 1674 ingens
1731 1606 1877 1658 sidus
1907 1604 2094 1658 Bootes

648 1674 882 1742 aufertus
919 1677 1110 1736 oritur,
1141 1676 1501 1728 interstinctus
1524 1677 1769 1728 Arcturo.

677 1787 786 1842 Vll.
821 1788 899 1843 Ac
938 1805 1045 1844 non
1087 1792 1284 1844 Aratus
1317 1789 1617 1852 duntaxat,
1648 1800 1702 1845 et
1751 1790 2028 1855 Eudoxus,
2071 1789 2166 1846 sed

1594 484 1684 539 AD
1721 482 1987 541 susse"
2025 479 2433 540 CllRONlCON'
2461 461 2828 546 APPEme-Q

3695 485 3829 544 107‘

2194 595 2240 651 Α
2271 632 2288 648 .
2324 635 2338 648 .
2373 636 2386 649 .
2426 636 2442 650 .
2491 597 2552 668 'Q
2573 598 2648 663 δ’,
2676 599 2835 667 ἐπὴν
2868 597 3052 668 φάεος
3081 599 3414 668 κορέσηται,

2271 667 2562 734 Βουλυτῷ
2592 669 2814 738 ἐπέχει,
2843 667 3056 723 πλεῖον
3086 667 3225 740 δίχα
3249 671 3466 736 νυκτὸς
3498 670 3721 739 ἰούσης.

2341 779 2508 844 Ὅταν
2531 779 2639 850 γὰρ
2661 783 2775 844 ταῖς
2801 779 3004 850 Χηλαὶς
3025 779 3259 851 ἀρχηται
3288 780 3827 850 συγκαταδύνειν,τοῦ

2267 871 2419 941 ἡλίου
2444 873 2500 924 ὲν
2533 873 2723 934 αὑταῖς
2750 872 2918 936 ὄντος,
2949 875 3006 925 ὲν
3049 866 3093 939 ᾧ
3124 871 3404 926 καταδύνει
3437 871 3630 943 καιρῷ,
3659 873 3717 925 αἱ
3743 873 3829 926 νύ-

2268 979 2395 1024 κτες
2437 964 2524 1015 ἐπ’
2569 963 2879 1034 Ἀρκτούρῳ
2905 963 3147 1031 λέγονται
3167 981 3180 994 ο
3212 965 3299 1017 ὅτε
3329 964 3455 1034 ὅλην
3485 981 3545 1016 τε
3573 965 3666 1034 τὴν
3692 966 3827 1035 ἡμέ-

2276 1072 2377 1126 ραν
2411 1056 2550 1127 ὑπὲρ
2595 1057 2699 1126 γῆς
2731 1056 2970 1125 φέρεται,
3004 1055 3092 1109 διὰ
3143 1057 3205 1108 τὸ
3251 1059 3315 1127 τῇ
3365 1056 3623 1128 Παρθένῳ
3669 1058 3830 1110 αὐτὸν

2269 1148 2715 1213 συνανατέλλειν,
2753 1150 2847 1202 καὶ
2867 1148 3011 1201 δύνει
3040 1149 3259 1203 πλείονα
3289 1149 3534 1219 χρόνονῆ
3567 1149 3628 1202 τὸ
3659 1151 3830 1219 ἥμισυ

2268 1240 2368 1312 τῆς
2395 1241 2608 1304 νυκτὸς,
2637 1241 2729 1293 ἐπὶ
2753 1240 2798 1271 ⁷⁸
2827 1243 2939 1304 τοῖς
2971 1240 3229 1313 τέσσαρσι
3253 1240 3462 1305 ζωδίοις
3501 1241 3830 1310 συγκαταδύε

2266 1351 2364 1389 νει.
2402 1334 2523 1388 Ὀτι
2564 1333 2621 1386 δὲ
2669 1337 2737 1405 τῇ
2775 1333 3033 1412 Παρθένῳ
3066 1335 3185 1386 κατ’
3233 1333 3390 1388 αὐτὸν
3437 1335 3826 1400 συνανατέλλει,

2267 1425 2496 1496 φανερὸν
2527 1424 2670 1476 ποιεῖ
2700 1426 2758 1477 ὲν
2787 1423 3022 1486 τούτοις·

2268 1537 2406 1593 Οὐδ’
2436 1538 2512 1592 ἂν
2537 1539 2924 1606 ἐπερχόμεναι
2956 1537 3168 1604 Χηλαὶ,
3210 1537 3306 1592 καὶ
3335 1537 3524 1590 λεπτὰ
3545 1537 3836 1606 φάουσαι,

2271 1613 2585 1679 Ἀφραστοι
2614 1609 2880 1676 amplcti-2r
2899 1625 2911 1637 °
2941 1608 3068 1660 ἐπεὶ
3091 1609 3242 1679 μέγα
3268 1607 3430 1676 σῆμα
3457 1608 3690 1674 Βοώτης

2279 1677 2504 1748 Ἁθρόος
2543 1679 2815 1732 ἀντέλλει
2843 1677 3247 1747 βεϐολημένος
3285 1679 3692 1746 ⁵Αρκτούροιο.¹

2334 1792 2406 1844 Z'.
2441 1791 2516 1843 Οὐ
2549 1789 2708 1861 μόνον
2739 1789 2795 1842 δὲ
2819 1789 2847 1841 6
2873 1789 3102 1860 Ἀρατος
3130 1789 3222 1841 καὶ
3245 1788 3274 1839 6
3299 1787 3542 1854 Εΰδοξος,
3575 1787 3714 1841 ἀλλὰ
3739 1789 3834 1842 καὶ

601 1880 766 1934 etiam
799 1880 991 1950 reliqui
1035 1895 1225 1936 omnes
1272 1880 1383 1936 fere
1429 1883 1817 1945 mathematici,
1858 1883 2160 1951 quicunque

2265 1885 2314 1936 oi
2343 1882 2518 1936 λοιποὶ
2561 1882 2930 1952 μαθηματικοὶ
2957 1881 3155 1944 πάντες
3188 1879 3390 1949 σχεδὸν,
3419 1881 3533 1933 ὅσοι
3577 1882 3702 1950 περὶ
3736 1880 3830 1934 τοῦ

602 1971 671 2025 de
720 1971 888 2026 Boote
935 1971 1305 2042 disputarunt,
1369 1973 1422 2025 in
1469 1973 1660 2027 eodem
1703 1981 1829 2029 sunt
1876 1989 2000 2027 cum
2057 1973 2160 2027 illis

2267 1972 2491 2026 Βοώτεω
2533 1971 2688 2040 λόγον
2736 1972 3078 2041 πεποίηνται,
3123 1971 3321 2041 ὁμοίως
3371 1971 3578 2033 τούτοις
3621 1973 3832 2024 6mm-

601 2077 790 2116 errore
841 2063 1064 2128 versati,
1133 2063 1464 2117 arbitrantes
1528 2070 1763 2133 quatuor
1823 2063 1974 2117 illum
2040 2078 2165 2117 cum

602 2154 775 2224 signis
817 2155 1083 2210 occidere.
1137 2156 1348 2210 Attalus
1380 2170 1512 2210 vero
1554 2170 1785 2210 occasus
1831 2156 1916 2210 sui
1963 2153 2168 2224 princi-

602 2245 790 2315 pium,
828 2260 936 2300 non
979 2260 1102 2300 cum
1155 2245 1414 2314 Scorpio,
1465 2253 1524 2299 ut
1560 2246 2014 2307 ostendebamus,
2070 2245 2165 2300 sed

601 2351 728 2391 cum
755 2336 939 2392 Chelis
969 2336 1146 2392 facere
1173 2347 1491 2393 constanter
1522 2345 1803 2394 asseverat
1830 2339 1917 2393 his
1944 2339 2161 2392 verbis:

608 2447 630 2480 ε
666 2427 894 2494 Quidam
936 2428 1078 2482 enim
1124 2444 1300 2498 neque
1335 2430 1710 2499 apparentiurn
1757 2430 1983 2483 scientia
2025 2444 2162 2500 pra:-

601 2520 722 2584 d'iti,
757 2534 932 2590 neque
978 2528 1150 2589 poetae
1187 2530 1418 2575 mentem
1466 2522 1726 2586 assecuti,
1775 2521 1922 2575 varie
1965 2521 2032 2574 de
2072 2520 2164 2574 illo

601 2611 1043 2682 pronuntiarunt.
1077 2612 1156 2667 Ac
1193 2619 1323 2668 sunt
1360 2613 1628 2680 nonnulli,
1670 2613 1764 2682 qui
1793 2627 1916 2667 cum
1943 2611 2164 2682 Virgine

599 2701 838 2769 primum
872 2700 1120 2756 occidere
1162 2701 1316 2756 illum
1350 2703 1593 2756 sentiunt
1625 2720 1638 2766 ;
1675 2701 1872 2756 deinde
1912 2716 2035 2756 cum
2067 2701 2164 2756 tri-

598 2788 704 2845 bus
735 2791 1149 2860 insequentibus
1205 2792 1424 2863 signis;
1476 2791 1568 2844 alii
1623 2791 1838 2845 initium
1879 2791 2164 2846 occidendi

599 2885 670 2940 ab
709 2883 938 2954 Scorpio
971 2884 1168 2948 facere,
1207 2896 1262 2938 et
1306 2885 1360 2947 in
1390 2882 1688 2953 Aquarium
1728 2883 1976 2938 desinere
2011 2903 2024 2937 :
2056 2897 2162 2953 qua

599 2976 793 3031 imbuti
827 2976 1081 3045 opinione
1112 2977 1492 3045 aliqui.coram
1514 2982 1567 3030 te
1591 2975 1825 3030 convicti
1850 2991 1880 3030 a
1903 2975 2080 3040 nobis,
2099 2990 2163 3030 ac

597 3067 811 3124 dedocti
841 3068 910 3124 de
945 3069 1216 3124 sententia
1264 3068 1656 3123 discesserunt.
1705 3067 1901 3138 Atque,
1950 3075 2008 3122 ut
2053 3081 2163 3121 uno

597 3161 766 3217 verbo
813 3160 1012 3224 dicam,
1043 3176 1166 3215 cum
1207 3168 1260 3216 et
1289 3176 1356 3216 ex
1395 3161 1784 3231 apparentibus
1831 3161 1886 3215 id
1926 3169 2159 3226 constet,

2267 2063 2586 2134 πλάνηνται,
2610 2064 2916 2134 νομίζοντες
2945 2061 3200 2132 τέσσαρσι
3224 2061 3430 2124 ζῳδίοις
3450 2061 3612 2113 αὑτὸν
3635 2078 3834 2128 συγκα-

2263 2155 2530 2208 ταδύνειν.
2565 2152 2824 2217 ’Ἄτταλος
2865 2153 2923 2205 δὲ
2961 2153 3053 2206 καὶ
3095 2153 3220 2222 περὶ
3257 2151 3347 2204 τοῦ
3388 2150 3484 2222 τὴν
3526 2151 3699 2222 ἀρχὴν
3732 2151 3834 2220 τῆς

2264 2247 2468 2311 δύσεως
2515 2247 2676 2300 αὑτὸν
2710 2246 2997 2309 ποιεῖσθαι,
3031 2247 3104 2318 μὴ
3145 2246 3222 2317 τῷ
3262 2245 3512 2317 Σκορπίῳ
3557 2260 3833 2311 συγκαταο

2265 2337 2584 2407 φερόμενον,
2621 2336 2696 2399 ὡς
2739 2338 2898 2407 ἡμεῖς
2929 2335 3260 2406 ἐδείκνυμεν,
3295 2333 3429 2388 ἀλλά
3455 2336 3571 2397 ταῖς
3601 2333 3829 2403 Χηλαῖς,

2268 2427 2468 2490 ἱκανῶς
2515 2427 2936 2490 διαϐεϐαιοῦται,
2989 2427 3158 2495 λέγων
3219 2428 3308 2481 τὸν
3358 2427 3556 2497 τρόπον
3611 2425 3828 2477 τοῦτον·

2271 2536 2288 2567 t
2326 2517 2496 2570 Ἔνιοι
2531 2517 2638 2587 γὰρ
2680 2516 2801 2570 οὔτε
2841 2521 2951 2579 τοῖς
2985 2516 3329 2586 φαινομένοις
3366 2513 3833 2586 παρακολουθοῦν

2263 2625 2378 2672 τες,
2431 2607 2552 2663 οὔτε
2601 2608 2667 2663 τὰ
2711 2608 2814 2661 ὑπὸ
2844 2608 2937 2661 τοῦ
2972 2607 3192 2678 ποιητοῦ
3241 2607 3505 2677 λεγόμενα
3544 2606 3832 2676 δυνάμενοι

2266 2704 2528 2764 συνεῖναι,
2557 2701 2847 2772 διαφόρους
2875 2700 3174 2768 ἀποφάσεις
3215 2699 3536 2769 πεποίηνται
3569 2697 3698 2769 περὶ
3734 2697 3831 2749 αὐ-

2262 2795 2376 2847 τοῦ.
2409 2793 2516 2847 Καί
2547 2795 2686 2858 τινές
2728 2810 2858 2862 φασι
2890 2793 2988 2863 μὲν
3031 2792 3192 2845 αὺτὸν
3231 2794 3296 2862 τῇ
3327 2790 3585 2861 Παρθένῳ
3611 2788 3831 2860 πρῶτον

2264 2886 2526 2956 ἄρχεσθαι
2555 2885 2974 2954 συγκαταδύνειν
2997 2901 3009 2914 ·
3053 2880 3172 2936 εἷτα
3207 2885 3265 2936 ὲν
3301 2885 3411 2944 τοῖς
3441 2881 3638 2951 ἐφεξῆς
3683 2880 3832 2951 τρισὶ

2264 2977 2472 3042 ζωδίοις
2497 2995 2511 3009 ·
2549 2976 2676 3030 ἔνιοι
2709 2977 2764 3030 δὲ
2806 2975 3067 3047 ἄρχεσθαι
3116 2975 3212 3045 μὲν
3251 2974 3360 3028 ἀπὸ
3398 2972 3491 3024 τοῦ
3536 2971 3830 3041 Σκορπίου,

2263 3070 2447 3139 λήγειν
2471 3069 2528 3122 δὲ
2555 3070 2646 3122 ἐπὶ
2666 3068 2757 3120 τὸν
2793 3068 3090 3140 Ὑδροχόον,
3125 3061 3199 3121 ὧν
3230 3083 3338 3119 τισι
3367 3065 3460 3118 καὶ
3487 3065 3550 3117 σὺ
3587 3065 3832 3135 παρατὲ-

2261 3178 2456 3232 τευχας
2497 3160 2866 3230 ἐλεγχομένοις
2907 3161 2993 3229 ὑφ’
3033 3159 3208 3231 ἡμῶν,
3242 3158 3336 3212 καὶ
3369 3157 3832 3228 μετατιθεμένοιςι

596 3259 651 3307 et
691 3261 850 3323 poeta
887 3252 1092 3322 liquido
1121 3258 1371 3316 testetur,
1403 3261 1578 3306 totum
1623 3252 1912 3318 occidisse,
1947 3267 2072 3307 cum
2105 3253 2160 3306 in

2263 3252 2506 3306 Καθόλου
2544 3251 2600 3305 δὲ
2645 3252 2739 3305 καὶ
2778 3250 2869 3304 τοῦ
2911 3251 3233 3322 φαινομένου
3261 3251 3418 3304 τοῦτο
3452 3249 3833 3312 συνιστῶντος,

595 3344 806 3399 oriente
833 3343 970 3399 situs
995 3351 1078 3398 est
1097 3341 1225 3406 Leo,
1253 3357 1510 3399 occasum
1539 3350 1719 3397 autem
1746 3342 2006 3411 incipere,
2038 3357 2163 3397 cum

597 3435 760 3490 Tauri
810 3437 974 3491 instat
1009 3445 1264 3502 exortus;
1311 3435 1529 3505 quando
1559 3442 1614 3489 et
1653 3435 1935 3505 oppositus
1977 3434 2052 3487 illi
2097 3449 2162 3488 ex

597 3529 827 3584 adverso
870 3527 1130 3598 Scorpius
1175 3529 1232 3582 in
1277 3541 1478 3582 occasu
1505 3527 1718 3597 positus
1744 3534 1827 3580 est
1861 3543 1874 3590 ;
1906 3534 1960 3579 et
1984 3525 2164 3579 Chelas

593 3637 788 3683 recens
820 3622 1160 3684 occiderunt,
1208 3620 1408 3689 quibus
1447 3635 1573 3674 cum
1607 3617 1936 3674 descendere
1972 3615 2162 3686 incipit

594 3712 959 3783 Arctophylax
986 3729 1001 3777 ;
1039 3710 1384 3766 manifestum
1406 3725 1528 3766 esse
1561 3710 1797 3765 arbitror
1825 3723 1920 3763 eos
1951 3722 2160 3773 omnes,

596 3804 690 3874 qui
716 3803 784 3857 de
808 3803 909 3857 hac
929 3818 990 3858 re
1016 3802 1346 3857 dissentiunt
1373 3816 1404 3854 a
1431 3801 1615 3866 nobis,
1635 3801 2012 3870 apparentium
2042 3813 2162 3854 esse

596 3896 844 3960 funditus
874 3897 1113 3966 ignaros.
1152 3915 1171 3946 ι

659 4167 827 4238 Atqui
884 4166 1098 4222 beasset
1144 4179 1267 4229 nos,
1298 4164 1344 4220 si
1376 4179 1484 4220 non
1525 4163 1718 4224 solam,
1758 4163 1895 4218 citra
1936 4160 2162 4217 demon-

591 4260 910 4317 stratlonem
956 4256 1278 4312 sententiam
1326 4255 1508 4311 dicere
1553 4264 1848 4310 contentus
1889 4262 2161 4311 assereret

587 4349 872 4406 convictos
905 4364 934 4402 a
969 4363 1028 4403 se
1073 4348 1168 4417 qui
1214 4353 1405 4401 contra
1445 4347 1709 4401 sentirent
1743 4347 2000 4416 opinione
2035 4361 2158 4400 ces-

587 4441 755 4502 sisse,
813 4439 908 4495 sed
948 4438 1077 4493 dicti
1107 4452 1324 4508 quoque
1360 4437 1446 4492 sui
1483 4435 1859 4506 probationem
1902 4435 2157 4490 mandas-

589 4538 675 4586 set
733 4529 965 4595 litteris;
1022 4537 1082 4581 ut
1133 4534 1188 4582 et
1238 4527 1452 4582 caeteris
1507 4527 1576 4580 ab
1636 4540 1702 4580 eo
1763 4524 2154 4580 dissidentibus

2265 3343 2476 3397 καὶτοῦ
2505 3343 2728 3416 ποιητοῦ
2761 3343 2943 3412 σαφῶς
2974 3344 3240 3413 λέγοντος,
3268 3345 3350 3396 ὅτι
3384 3344 3504 3406 ὅλος
3551 3342 3650 3413 μὲν
3683 3341 3838 3394 δεδυ-

2264 3434 2373 3498 κὼς
2402 3435 2629 3503 γίνεται,
2662 3433 2887 3497 Λέοντος
2916 3433 3051 3504 πρὸς
3088 3433 3349 3495 ἀνατολὰς
3384 3431 3534 3495 ὄντος
3555 3450 3566 3462 ·
3604 3431 3835 3502 ἄρχεται

2261 3527 2318 3580 δὲ
2349 3527 2588 3591 δύεσθαι,
2623 3528 2701 3580 ὅτ’
2731 3527 2797 3581 ἂν
2825 3528 2854 3579 6
2879 3526 3090 3598 Ταῦρος
3121 3526 3285 3597 μέλλῃ
3316 3524 3619 3580 ἀνατέλλειν
3637 3542 3650 3554 ·
3683 3524 3743 3576 τὺ
3776 3523 3835 3576 δὲ

2263 3619 2402 3673 κατά
2444 3619 2732 3691 διάμετρον
2774 3619 2937 3672 αὐτοῦ
2971 3620 3219 3689 κείμενον
3267 3618 3455 3682 ξώδιον
3497 3619 3527 3670 ὁ
3563 3617 3836 3688 Σκορπίος

2263 3711 2397 3782 πρὸς
2421 3715 2488 3782 τῇ
2521 3712 2670 3765 δύσει
2699 3712 2986 3783 ὑπάρχων·
3020 3713 3076 3765 αι
3111 3711 3167 3764 δὲ
3206 3711 3381 3782 Χηλαὶ
3411 3709 3611 3781 ἀρτίως
3638 3725 3837 3762 κατεν-

2261 3804 2556 3875 ηνεγμέναι
2598 3797 2750 3866 ὦσιν,
2797 3797 2884 3866 αἷς
2920 3803 3035 3873 ἅμα
3063 3799 3569 3872 συγκαταφέρεσθαι
3603 3799 3834 3870 ἄρχεται

2261 3898 2290 3949 6
2324 3896 2712 3967 Ἀρκτοφύλαξ,
2746 3895 2976 3967 φανερὸν
3007 3891 3142 3948 εἶναι
3167 3894 3390 3965 νομίζω,
3417 3893 3550 3945 διότι
3586 3893 3715 3954 τοὺς
3740 3892 3838 3944 ἀνι-

2260 3987 2597 4054 τιδοξοῦντας
2625 3990 2756 4058 ἡμῖν
2790 3988 2918 4059 περὶ⁵
2947 3986 3134 4039 τούτου
3165 3983 3443 4047 παντελῶς
3464 3983 3727 4054 ἀπείρους
3751 3977 3836 4035 εῖ-

2261 4095 2349 4133 ναι
2379 4078 2486 4133 τῶν
2512 4079 2850 4148 φαινομένων
2883 4077 3247 4148 συμὸέόηκεν.
3296 4095 3314 4127 ι

2261 4185 2300 4234 οι
2329 4170 2523 4233 Καλῶς
2569 4171 2669 4241 μὲν
2705 4167 2798 4224 οὖν
2831 4165 2995 4240 εἶχεν⁴
3038 4171 3086 4221 εἰ
3128 4167 3204 4238 μὴ
3233 4167 3411 4238 μόνον,
3456 4165 3835 4236 ἀναποδείκτῳ

2261 4263 2423 4331 φάσει
2448 4261 2746 4333 χρώμενος,
2773 4259 2924 4330 ἔλεγε
2949 4262 3073 4324 τοὺς
3107 4257 3508 4322 ἀντιδοξοῦντας
3534 4258 3834 4329 ἐλεγχομέν-

2261 4373 2383 4419 νους
2400 4356 2491 4409 ὑπ’
2518 4353 2682 4410 αὐτοῦ
2711 4352 3111 4426 μετατίθεσθαι,
3129 4351 3262 4406 ἀλλὰ
3283 4351 3376 4405 καὶ
3397 4351 3489 4407 νῦν
3517 4351 3836 4422 ἔγγραπτον

2261 4449 2427 4502 ἐτίθει
2457 4448 2554 4520 τὴν
2587 4447 2888 4513 ἀπόδειξιν⁸
2928 4447 3015 4499 ἵνα
3057 4447 3150 4499 καὶ
3186 4447 3236 4498 οἱ
3267 4445 3439 4500 λοιποὶ
3467 4444 3575 4496 τῶν
3620 4444 3836 4498 ἀντιδο-

2261 4540 2494 4608 ξούντων
2519 4537 2832 4601 πεισθῶσιν,
2865 4537 2946 4590 ὅτι
2985 4539 3105 4598 ταῖς
3145 4535 3350 4604 Χηλαῖς
3373 4534 3596 4605 ἄρχεται
3627 4550 3836 4601 συγκα-

586 4622 909 4698 persuaderi
953 4627 1156 4691 posset,
1207 4634 1331 4674 cum
1366 4617 1572 4684 Chelis,
1602 4633 1712 4673 non
1759 4632 1883 4672 cum
1929 4614 2157 4685 Scorpio

2263 4632 2522 4694 ταδύνειν,
2553 4631 2645 4683 καὶ
2671 4630 2731 4682 οὐ
2754 4629 2830 4699 τῷ
2857 4627 3107 4697 Σκορπίῳ
3126 4641 3138 4653 ·
3170 4626 3308 4697 πλὴν
3333 4626 3452 4678 ἐπεὶ
3479 4619 3632 4686 οὗτος
3659 4640 3838 4692 παραν-

585 4718 741 4772 illum
780 4713 1060 4770 occidendi
1097 4711 1449 4783 primordium
1486 4710 1705 4765 habere.
1749 4708 2014 4774 Quoniam
2055 4706 2154 4777 igi-

585 4817 677 4864 tur
710 4809 814 4862 hoc
845 4806 913 4860 ab
941 4819 1006 4859 eo
1037 4804 1464 4875 praetermissum
1494 4812 1595 4867 est,
1632 4816 1740 4856 non
1783 4801 1973 4855 inutile
2011 4799 2154 4853 lutu-

584 4915 710 4955 rum
761 4898 998 4951 arbitror
1051 4895 1242 4965 paucis
1303 4894 1633 4958 admonere,
1689 4895 1888 4964 quibus
1945 4893 2152 4947 inducti

586 4989 896 5046 rationibus
965 4986 1329 5048 arbitremur,
1401 4999 1524 5037 cum
1613 4983 1843 5053 Scorpio
1915 4983 2151 5052 primum

587 5079 837 5135 occidere
875 5076 1117 5131 Bootem.
1150 5073 1285 5127 Nam
1327 5073 1688 5142 copiosiorem
1722 5073 1826 5128 hac
1859 5074 1927 5128 de
1955 5089 2015 5128 re
2047 5088 2155 5129 ser-

585 5185 805 5226 monem
848 5175 1049 5221 nostrae
1081 5165 1158 5218 illi
1189 5165 1255 5219 de
1291 5164 1570 5219 coortibus
1606 5164 1960 5238 disputationi
1996 5179 2154 5234 sepo-

587 5263 818 5318 animus.
838 5257 1134 5329 Fingamus
1161 5257 1344 5326 itaque
1370 5255 1532 5310 modo
1547 5255 1602 5309 in
1619 5256 1900 5310 horizonte
1922 5255 2152 5312 occiduo

588 5353 1041 5416 australissimam
1073 5349 1285 5405 stellam
1319 5364 1530 5411 earum,
1565 5364 1683 5419 quae
1703 5356 1829 5403 sunt
1851 5349 1905 5402 in
1929 5349 2152 5403 sinistro

510 5428 520 5448 ⁷
587 5443 725 5514 pede
769 5438 1201 5510 ArctOphylacis.
1235 5435 1328 5492 Est
1371 5451 1435 5491 ea
1482 5435 1752 5490 borealior
1789 5435 2148 5504 aequinoctiali

588 5535 798 5590 circulo
825 5532 1072 5602 partibus
1091 5530 1182 5598 27,
1210 5544 1272 5583 ac
1298 5529 1498 5584 triente
1527 5545 1541 5594 ;
1576 5527 1884 5594 cujusrnodi
1911 5528 2152 5582 circulus

591 5638 688 5695 per
717 5623 871 5691 polos
894 5622 1167 5676 transiens
1196 5627 1411 5674 constat
1438 5619 1561 5673 360.
1590 5619 1671 5673 Ob
1709 5618 1762 5672 id
1799 5620 2152 5689 aaquidistans

591 5714 957 5783 wquinoctiali
1000 5715 1239 5770 circulus
1287 5730 1381 5784 per
1424 5715 1569 5769 illam
1621 5716 1830 5771 stellam
1879 5717 2151 5772 transiens

664 5864 707 5902 “
735 5866 776 5938 ί.
810 5866 950 5926 ἐπεί,

2261 4724 2523 4784 λέλοιπεν,
2548 4721 2649 4773 οῦκ
2678 4721 2944 4791 ἄχρηστον
2976 4717 3041 4770 ἂν
3076 4717 3158 4785 εἴη
3189 4717 3277 4769 διὰ
3306 4715 3550 4786 βραχέων
3576 4715 3838 4784 ὑπομνῆ-

2263 4835 2372 4881 σαι,
2403 4815 2468 4868 δι’
2512 4807 2588 4866 ὧν
2618 4811 2926 4882 πειθόμεθα
2959 4809 3036 4879 τῷ
3083 4808 3332 4880 Σκορπίῳ
3382 4805 3613 4877 πρώτως
3663 4805 3836 4858 αὐτὸν

2262 4887 2700 4976 συγκαταδύνειν.
2737 4903 2841 4956 Τὸν
2883 4901 2979 4972 μὲν
3005 4900 3111 4968 γὰρ
3157 4900 3248 4951 ἐπὶ
3278 4897 3458 4950 πλεῖον
3500 4897 3628 4967 περὶ
3659 4895 3836 4950 αὐτοῦ

2259 5001 2411 5070 λόγον
2436 5001 2491 5052 ἐν
2517 5001 2582 5068 τῇ
2605 4996 2711 5050 τῶν
2750 4991 3116 5048 συνανατολῶν
3138 4990 3486 5060 πραγματείᾳ
3511 5005 3839 5059 κατακεχω-

2261 5091 2523 5161 ρίκαμεν·
2555 5084 2778 5139 νοείσθω
2819 5083 2875 5135 δὲ
2911 5081 3006 5134 νῦν
3040 5081 3131 5133 ἐπὶ
3156 5078 3250 5132 τοῦ
3290 5077 3559 5150 ὁρίζοντος
3586 5078 3730 5148 πρὸς
3765 5081 3835 5148 τῇ

2257 5182 2405 5236 δύσει
2433 5178 2680 5248 κείμενος
2721 5177 2749 5227 6
2791 5172 3106 5234 νοτιώτατος
3133 5170 3308 5239 ἀστὴρ
3348 5169 3454 5220 τῶν
3498 5171 3555 5220 ὲν
3594 5167 3672 5236 τῷ
3703 5169 3839 5239 ἀρι-

2261 5271 2436 5344 στερῷ
2469 5270 2588 5323 ποδὶ
2627 5267 2722 5321 τοῦ
2755 5265 3227 5337 Ἀρκτοφύλακοςυ
3252 5261 3390 5313 Ἀλλ’
3419 5260 3566 5313 ἔστιν
3599 5254 3762 5323 οὗτος
3809 5263 3845 5313 ὁ

2259 5365 2436 5435 ἀστὴρ
2479 5361 2814 5433 βορειότερος
2853 5357 2944 5411 τοῦ
2983 5353 3294 5427 ίσημερινοῦ
3338 5352 3537 5406 κύκλου
3589 5352 3703 5421 μοί.
3753 5351 3843 5416 κζ’

2259 5457 2354 5510 καὶ
2377 5462 2424 5523 γ’
2455 5455 2612 5525 μέρει
2641 5452 2854 5522 μοίρας,
2882 5450 3005 5502 οἵων
3031 5448 3176 5500 ἐστὶν
3206 5447 3234 5498 6
3259 5444 3345 5498 διὰ
3386 5445 3494 5496 τῶν
3525 5444 3706 5496 πόλων
3739 5445 3846 5497 κύ-

2260 5547 2384 5608 κλος
2420 5561 2528 5614 μοι.
2562 5541 2656 5606 τξν.
2685 5540 2784 5593 Διά
2817 5539 2880 5608 δὴ
2909 5536 3068 5590 τοῦτο
3107 5538 3134 5589 6
3172 5535 3511 5605 γραφόμενος
3551 5532 3846 5603 παράλλη-

2260 5639 2346 5701 λος
2371 5636 2448 5707 τῷ
2479 5634 2771 5706 ἰσημερινῷ
2797 5631 2990 5692 κύκλος
3016 5629 3102 5681 διὰ
3123 5627 3218 5680 τοῦ
3244 5626 3650 5708 προειρημένου
3669 5625 3847 5686 ἀστέέ-

2263 5749 2353 5804 ρος
2382 5729 2479 5800 τὴν
2505 5727 2646 5805 ὑπὲρ
2675 5726 2775 5796 γῆς
2798 5723 3143 5796 περιφέρειαν
3176 5719 3280 5789 ἔχει
3322 5717 3572 5772 τοιούτων
3607 5717 3848 5789 τμημάτ-
