4166 6408
379 440 515 498 I077

1354 435 1722 494 HIPPARCIII
1753 435 1845 492 AD
1874 431 2323 492 ΡΗΛΕΝΟΜΕΝΛ
2358 433 2485 490 LIB.
2529 434 2591 489 II.

3175 505 3199 541 ’
3474 435 3614 491 I078

375 577 483 614 των
506 564 567 613 ιε’
608 557 897 614 λείπουσαν
920 564 969 613 κ’
999 560 1152 632 μέρει
1184 557 1261 624 ὡς
1284 558 1528 629 ἔγγιστα,
1568 559 1697 613 οἴων
1727 559 1874 612 ἔστὶν
1911 559 1940 611 6

2046 571 2230 611 arcum
2291 570 2458 627 supra
2504 563 2707 611 terram
2749 554 2913 611 habet
2961 546 3190 612 totidem
3233 555 3469 626 partium
3519 555 3609 622 15,

375 650 464 706 διά
490 649 599 703 τῶν
629 650 804 703 πόλων
836 651 1033 714 κύκλος
1069 651 1370 723 τμημάτων
1401 650 1499 704 κδ’.
1525 650 1602 704 Τὸ
1636 651 1806 721 ἣμισυ
1835 649 1944 720 ἀρα

375 741 474 812 τῆς
493 740 786 814 εἰρημένης
820 740 1189 813 περιφερείας,
1221 741 1283 795 τὸ
1302 741 1412 795 ἀπὸ
1437 739 1529 796 τοῦ
1572 738 1942 813 μεσημϐρινοῦ

375 829 481 895 ἕως
521 830 746 898 δύσεως,
766 830 875 885 τῶν
917 829 1096 885 αὐτῶν
1133 831 1436 903 τμημάτων
1473 831 1590 885 ἐστὶ
1628 830 1696 896 ζ’,
1734 831 1830 883 καὶ
1869 830 1945 893 ὡς

376 922 603 992 ἔγγιστα
623 923 873 994 ἡμίσους.
911 923 1050 977 Ἀλλ’
1070 925 1098 978 6
1123 923 1409 995 εἰρημένος
1438 924 1613 994 ἀστὴρ
1639 926 1834 987 κεῖται,
1868 923 1945 986 ὡς

376 1012 518 1067 κατὰ
548 1014 891 1086 παράλληλον
932 1014 1149 1081 κύκλον,
1185 1016 1311 1087 περί
1344 1013 1393 1069 α’
1441 1017 1547 1086 μυί.
1580 1015 1690 1068 τῶν
1727 1014 1940 1085 Χηλῶν.

374 1103 631 1169 Δύνοντος
662 1105 771 1176 ἀρα
801 1105 985 1171 αὐτοῦ,
1023 1106 1105 1159 δεῖ
1142 1110 1513 1178 μεπυρανείν,
1541 1107 1615 1171 ὡς
1636 1106 1777 1161 κατά
1804 1124 1946 1181 παρ-

375 1195 603 1268 άλληλον
630 1196 853 1262 κύκλον,
882 1198 980 1269 τὴν
1010 1204 1097 1251 κα¹
1120 1196 1161 1250 δ’
1197 1201 1305 1269 μοῖ.
1335 1197 1429 1251 τοῦ
1462 1199 1741 1271 Αἰγόκερω
1764 1216 1780 1231 °
1810 1199 1943 1253 ταύ-

374 1305 476 1360 της
503 1288 561 1342 δὲ
604 1288 698 1341 ἐπὶ
742 1288 837 1343 τοῦ
873 1288 1214 1361 παραλλήλου
1265 1290 1720 1362 μεσουρανούοης,
1762 1291 1843 1345 δεῖ
1886 1295 1944 1346 έν

373 1379 455 1450 τῷ
484 1377 732 1451 ζωδιακῷ
766 1384 1116 1453 μεσουρανεῖν
1138 1381 1237 1452 τὴν
1261 1382 1540 1452 δευτέραν,
1568 1382 1662 1436 καὶ
1694 1384 1945 1455 εἰκοστὴν

378 1474 572 1545 μοῖραν
601 1472 696 1526 τοῦ
741 1473 1042 1543 Αἰγόκερω.
1081 1473 1217 1527 Ἀλλ’
1264 1476 1322 1528 ὲν
1367 1474 1445 1545 τῷ
1486 1475 1732 1547 ζωδιακῷ
1772 1476 1871 1548 τῆς
1900 1475 1945 1546 β’

376 1563 472 1618 καὶ
499 1564 747 1636 εἰκοστῆς
793 1564 887 1618 τοῦ
928 1566 1208 1639 Δίγόκερω
1249 1567 1441 1638 μοίρας
1487 1567 1943 1640 μεσουρανούσης,

376 1654 436 1708 ὲν
454 1653 533 1726 τῷ
558 1655 902 1727 ὑποκειμένῳ
928 1656 1163 1727 ὁρίζοντι
1192 1656 1273 1711 δεῖ
1293 1657 1599 1711 ἀνατέλλειν
1620 1658 1717 1729 τὴν
1751 1666 1803 1723 ς’
1841 1660 1945 1730 μά-

375 1746 535 1802 λιστα
569 1749 677 1820 μοῖ.
702 1746 798 1801 τοῦ
823 1747 1067 1819 Ταύρου·
1107 1749 1335 1803 ἕκαστον
1358 1749 1468 1822 γὰρ
1506 1749 1616 1803 τῶν
1645 1751 1946 1822 εἰρημένων

375 1838 760 1895 ἀποδείκνυται
783 1839 871 1894 διὰ
894 1841 1301 1914 τῶνγραμμῶν
1335 1844 1393 1897 έν
1414 1845 1532 1907 ταῖς
1563 1842 1787 1897 καθόλου
1819 1845 1947 1917 περὶ

376 1931 486 1987 τῶν
524 1932 779 1987 τοιούτων
828 1935 960 2004 ἡμῖν
1012 1934 1467 2006 συντεταγμέναις
1521 1937 1943 2007 πραγματείαις.

389 2022 449 2078 '0
477 2021 586 2094 ἄρα
619 2023 904 2096 ἀριστερὸς
929 2023 1064 2086 ποῦς
1091 2024 1187 2078 τοῦ
1216 2024 1427 2079 Βοώτου
1450 2027 1857 2083 ἀντικαταδύνει
1878 2031 1945 2101 τῇ

379 2114 437 2181 ς’
468 2116 579 2187 μοί.
607 2114 703 2169 τοῦ
734 2115 969 2187 Ταύρου.
1002 2118 1123 2171 Ὀτι
1155 2118 1213 2171 δὲ
1244 2118 1337 2171 καί
1366 2119 1579 2190 πρῶτος
1610 2123 1638 2175 6
1665 2121 1948 2193 ἀριστερὸς

378 2202 516 2268 ποῦς
542 2202 636 2258 τοῦ
682 2203 892 2259 Βοώτου
938 2204 1103 2270 δύνει,
1138 2207 1307 2278 χωρὶς
1336 2207 1525 2263 τούτου
1570 2210 1947 2265 ἀποδέδεικται

378 2296 437 2355 δν
458 2295 537 2369 τῷ
564 2296 881 2370 περὶαύτοῦ
910 2298 1073 2370 λόγῳ.
1095 2300 1330 2372 Φανερὸν
1361 2301 1405 2354 δ’
1437 2301 1503 2355 ἂν
1535 2301 1619 2372 εἰη
1643 2303 1738 2356 καὶ
1764 2301 1823 2367 ἐξ
1847 2303 1946 2355 αύ-

377 2388 478 2459 τῆς
505 2388 605 2461 τῆς
639 2389 838 2455 θέσεως
868 2391 960 2445 τοῦ
998 2390 1230 2445 Βοὼτου.
1268 2392 1453 2465 Ὀρθὺς
1488 2393 1599 2464 γὰρ
1636 2393 1880 2466 βεϐηκὼς
1919 2397 1948 2449 6

380 2478 616 2552 Βοώτης,
643 2480 877 2549 ὲγκλίνει
901 2484 968 2553 τῇ
993 2481 1140 2535 θέσει
1162 2480 1354 2546 οὓτως,
1388 2482 1528 2536 ὥστε
1550 2483 1639 2535 τὸν
1662 2484 1946 2556 ἀριστερὸν

385 2569 516 2624 πόδα
557 2571 736 2643 πολλῷ
768 2572 1082 2644 νοτιώτερον
1108 2572 1237 2626 ὄντα
1263 2572 1363 2642 τῆς
1394 2574 1651 2645 κεφαλῆς,
1692 2579 1948 2647 προηγεῖ-

384 2662 507 2719 σθαι
540 2664 634 2718 τοῦ
676 2665 767 2719 διὰ
809 2665 918 2719 τῶν
959 2666 1159 2730 πόλων,
1208 2665 1303 2723 καὶ
1346 2668 1444 2738 τῆς
1496 2668 1733 2739 κεφαλῆς
1780 2669 1944 2723 αὐτοῦ

383 2754 726 2827 γραφομένου
765 2755 965 2811 κύκλου
1014 2757 1195 2817 πλεῖον
1221 2757 1390 2828 ἥμισυ
1433 2759 1528 2811 καὶ
1565 2758 1817 2831 τέταρτον
1848 2761 1946 2832 μέ-

381 2863 476 2920 ρος
508 2847 719 2914 ζωδίου.
754 2848 890 2922 Περί
920 2848 978 2902 δὲ
1000 2848 1094 2903 τοῦ
1133 2848 1380 2920 Ὠρίωνος
1409 2852 1689 2920 συμφωνεῖ
1717 2852 1746 2904 6
1772 2852 1944 2923 Ἀρα-

384 2956 493 3006 τος,
526 2937 923 3011 ὑπολαμϐάνων
953 2937 1113 3001 αὑτὸν
1139 2938 1257 2993 ὅλον
1294 2941 1407 3005 τοῖς
1436 2939 1686 3011 Διδύμοις
1719 2958 1948 3010 συνανα-

384 3031 604 3088 τέλλειν.

450 3125 536 3181 Η¹.
568 3123 674 3178 Τοῦ
703 3122 760 3178 δὲ
801 3123 1024 3190 Λέοντος
1065 3126 1364 3198 ἀρχομένου
1414 3128 1739 3196 ἀνατέλλειν,
1771 3129 1800 3183 6
1849 3130 1947 3202 μὲν

385 3213 617 3285 ΙἌρατός
647 3229 777 3283 φησι
807 3214 879 3267 τά
906 3230 966 3267 τε
999 3215 1094 3269 σὺν
1117 3216 1193 3287 τῷ
1221 3216 1477 3289 Καρκίνῳ
1511 3218 1785 3274 δεδυκέναι
1809 3237 1823 3251 ⁸
1851 3220 1943 3275 τοῦ

378 3301 424 3355 δ’
466 3302 552 3356 Ἐν
582 3302 802 3370 γόνασιν
827 3303 907 3359 ἔτι
925 3305 1015 3358 τὸν
1035 3305 1316 3378 ἀριστερὸν
1339 3308 1490 3373 πόδα,
1520 3309 1614 3362 καὶ
1649 3310 1777 3378 γόνυ
1810 3311 1944 3372 ἀποτ

378 3389 657 3445 λείπεσθαι
676 3408 690 3422 ·
720 3391 788 3445 τὰ
820 3393 878 3448 δὲ
905 3393 1065 3453 λοιπὰ
1092 3394 1367 3448 δεδυκέναι
1384 3412 1397 3426 ·
1428 3396 1737 3451 ἀνατέλλειν
1762 3397 1818 3452 δὲ
1845 3399 1944 3470 τὴν

377 3481 618 3554 κεφαλὴν
641 3482 734 3537 τοῦ
766 3484 988 3555 Ὗδρου,
1015 3486 1109 3539 καὶ
1144 3486 1234 3539 τὸν
1267 3487 1509 3556 Δαγωὸν,
1545 3489 1638 3542 καὶ
1679 3489 1768 3545 τὸν
1806 3490 1946 3561 Πρό·

379 3591 535 3640 κυνα,
570 3575 667 3637 καὶ
694 3576 820 3637 τοὺς
845 3577 1206 3648 ἐμπροσθίους
1230 3577 1396 3643 πόδας
1427 3579 1521 3633 τοῦ
1556 3581 1753 3645 Κυνός.
1779 3580 1870 3653 Τῷ
1886 3582 1945 3635 δὲ

389 3663 601 3737 ’Δράτῳ
625 3665 825 3735 ὁμοίως
856 3669 951 3722 καὶ
978 3667 1009 3721 6
1052 3667 1278 3736 Εὔδοξος
1320 3670 1698 3741 ἀποφαίνεται.
1734 3672 1816 3727 re
1854 3670 1947 3733 οὖν

377 3755 640 3833 εἰρημένα
663 3755 838 3829 ἄστρα
860 3757 1020 3828 δῆλον
1057 3759 1140 3813 δτι
1169 3758 1248 3830 τῷ
1274 3760 1534 3833 Καρκίνῳ
1558 3762 1677 3816 κατ’
1697 3762 1891 3827 αὐτοὺς
1910 3762 1948 3829 ἀ

380 3848 481 3919 μὲν
519 3848 915 3917 συνανατέλλει,
943 3849 980 3905 ἃ
1021 3849 1079 3905 δὲ
1107 3851 1534 3909 ἀντικαταδύνει.
1566 3854 1677 3908 Καὶ
1704 3856 1800 3910 ἐπὶ
1839 3854 1949 3910 τῶν

377 3938 553 3993 ἄλλων
584 3937 789 4002 ζωδίων
820 3941 881 3995 τὸ
918 3941 1050 3995 αὐτὸ
1088 3942 1556 4014 διαλαμϐανέσθω.
1602 3946 1690 4000 Ἐν
1725 3946 1825 4017 μὲν
1854 3942 1948 4001 οὖν

375 4033 490 4097 τοῖς
518 4032 724 4097 λοιποῖς
752 4033 1099 4104 συμφωνοῦσι
1123 4037 1235 4100 τοῖς
1260 4037 1629 4108 φαινομένοις·
1659 4037 1754 4092 τοῦ
1778 4038 1823 4093 δ’
1859 4040 1947 4092 Ἐν

375 4123 598 4191 γόνασιν
628 4125 689 4179 οὐ
735 4125 893 4197 μόνον
920 4125 982 4179 τὸ
1022 4125 1310 4197 ἀριστερὸν
1338 4127 1467 4196 γόνυ
1503 4130 1597 4183 καὶ
1641 4131 1671 4184 6
1704 4131 1840 4196 ποῦς
1868 4131 1947 4187 ἔτι

376 4213 518 4286 ὑπὲρ
544 4214 648 4286 γῆς
684 4216 851 4281 ἐστιν,
885 4214 1021 4269 ἀλλά
1043 4217 1137 4269 καὶ
1165 4215 1228 4270 τὸ
1265 4216 1436 4284 δεξιὸν
1468 4218 1617 4287 γόνυ.
1653 4220 1807 4275 Δύνει
1840 4221 1948 4294 γὰρ

376 4305 533 4361 c0610
557 4306 949 4378 ἀνατελλούσης
987 4307 1087 4377 τῆς
1123 4307 1219 4362 τοῦ
1249 4309 1472 4374 Λέοντος
1519 4312 1626 4382 μοί.
1664 4321 1760 4378 ις’.
1800 4314 1858 4368 '0
1889 4315 1948 4368 δὲ

377 4397 605 4466 Λαγωὸς
623 4397 684 4451 06
713 4397 871 4468 μόνον
890 4397 969 4468 τῷ
989 4399 1248 4471 Καρκίνῳ
1272 4402 1667 4469 συνανατέλλει,
1688 4404 1764 4469 ὡς
1788 4406 1950 4478 "Apta.

376 4503 468 4551 τος
494 4487 881 4558 ὑπολαμϐάνει,
909 4487 1043 4542 ἀλλά
1080 4490 1174 4543 καὶ
1210 4493 1323 4555 τοῖς
1360 4491 1631 4563 Διδύμοις.
1679 4497 1940 4567 Ἀρχεται

2043 650 2229 704 minus
2284 656 2438 718 parte
2498 647 2759 703 vicesima
2818 646 3059 715 circiter,
3113 654 3248 717 quot
3309 662 3408 717 per
3454 648 3610 718 polos
3680 644 3689 649 ’

2043 739 2355 809 descriptus
2418 739 2658 795 circulus
2711 738 2876 795 habet
2937 738 3029 797 24.
3088 737 3268 805 Quare
3323 739 3607 794 dimidium

2043 831 2498 887 circumferentia:
2539 830 2705 896 illius,
2749 830 2895 901 quod
2935 845 2967 884 a
3005 829 3311 886 meridiano
3347 828 3414 884 ad
3447 843 3611 885 occa-

2044 938 2165 979 sum
2208 923 2463 994 pertinet,
2500 922 2815 980 earumdem
2861 921 2977 978 fere
3012 922 3247 992 partium
3290 929 3376 978 est
3421 922 3452 974 7
3480 921 3607 992 1/2.

2042 1015 2208 1086 Atqui
2253 1015 2444 1070 eadem
2490 1016 2579 1070 illa
2629 1015 2808 1079 stella,
2839 1012 3138 1068 secundum
3178 1011 3609 1083 tequidistantem

2044 1107 2334 1171 circulum,
2359 1106 2462 1162 sita
2493 1112 2578 1161 est
2608 1106 2661 1160 in
2686 1113 2840 1175 parte
2861 1104 3149 1162 Cbelarnm
3173 1104 3391 1158 circiter
3409 1103 3606 1172 prima.

2044 1200 2122 1254 Ea
2154 1200 2316 1269 igitur
2346 1197 2629 1252 occidente
2650 1236 2666 1261 ,
2701 1196 3002 1252 culminare
3034 1201 3243 1265 oportet
3268 1194 3324 1248 in
3353 1194 3611 1264 parallelo

2044 1290 2252 1346 circulo
2304 1289 2396 1354 2i,
2446 1289 2526 1344 15'
2575 1296 2783 1358 partem
2846 1286 3213 1357 Capricorni;
3260 1300 3371 1356 qua
3415 1300 3611 1340 rursus

2045 1380 2395 1443 culminante,
2444 1393 2673 1434 necesse
2713 1384 2796 1439 est
2836 1378 2893 1431 in
2933 1376 3158 1432 zodiaca
3201 1377 3505 1431 culminare
3540 1376 3612 1430 22

2044 1471 2389 1543 Capricorni.
2418 1469 2591 1526 Porro
2614 1485 2735 1525 cum
2762 1470 2816 1524 in
2845 1470 3069 1527 zodiaco
3090 1470 3347 1526 vicesima
3370 1470 3613 1526 secunda

2046 1581 2176 1636 pars
2205 1566 2527 1637 Capricorni
2558 1565 2843 1628 culminat,
2885 1565 2941 1618 in
2986 1579 3073 1622 eo.
3103 1580 3264 1635 quem
3298 1566 3609 1631 statuimus,

2048 1654 2332 1710 horizonte
2382 1661 2537 1711 sexta
2569 1653 2683 1709 fere
2727 1670 2856 1724 pars
2893 1653 3058 1708 Tauri
3102 1654 3261 1709 debet
3301 1670 3608 1726 assurgere.

2047 1745 2175 1802 Haec
2222 1745 2367 1801 enim
2415 1746 2602 1809 omnia
2648 1745 2961 1816 singillatim
3019 1760 3115 1816 per
3166 1746 3344 1803 lineas
3389 1746 3613 1801 demon-

2049 1846 2294 1894 strantur
2322 1839 2376 1893 in
2401 1853 2565 1909 opere
2606 1838 2698 1895 illo
2732 1852 2839 1908 quo
2864 1838 3166 1907 generalem
3201 1838 3267 1893 de
3300 1838 3422 1893 istis
3447 1840 3611 1894 rebus

2049 1930 2430 1987 tractationem
2472 1930 2831 1985 instituimus.
2881 1928 3244 1995 Quamobrem
3286 1930 3469 1985 Bootae
3514 1945 3609 1999 pes

2050 2020 2273 2077 sinister
2317 2020 2517 2077 occidit
2560 2022 2770 2076 oriente
2827 2028 2980 2076 sexta
3031 2029 3185 2090 parte
3232 2019 3416 2076 Tauri.
3474 2021 3610 2075 Nam

2048 2115 2335 2179 sinistrum
2369 2114 2554 2170 Bootae
2594 2115 2784 2185 pedem
2823 2115 3059 2185 primum
3090 2113 3344 2170 occidere
3383 2112 3613 2169 demon-

2048 2217 2281 2267 stratum
2324 2213 2410 2264 est
2454 2208 2680 2277 insuper
2726 2207 2783 2261 in
2819 2206 3081 2278 peculiari
3111 2204 3181 2261 de
3224 2206 3319 2260 illo
3360 2205 3610 2276 disputa-

2046 2301 2197 2358 tione
2235 2320 2249 2355 :
2285 2301 2431 2372 quod
2456 2308 2511 2356 et
2536 2316 2604 2356 ex
2645 2301 2766 2370 ipso
2804 2300 2951 2355 illius
2979 2299 3162 2370 positu
3201 2298 3430 2369 intelligi
3463 2298 3612 2353 nullo

2046 2395 2265 2465 negotio
2291 2400 2491 2463 potest.
2524 2390 2659 2448 Cum
2699 2392 2843 2448 enim
2872 2400 3057 2447 rectus
3094 2393 3358 2446 consistat
3391 2390 3609 2456 Bootes,

2044 2486 2122 2540 ita
2154 2493 2334 2540 tamen
2362 2493 2446 2540 est
2490 2485 2769 2556 paululum
2808 2484 3070 2538 inclinato
3100 2483 3232 2548 situ,
3261 2498 3357 2552 pes
3388 2490 3449 2536 ut
3490 2483 3611 2551 ejus

2046 2577 2271 2634 sinister
2291 2577 2453 2648 longe
2477 2576 2774 2632 australior
2796 2574 2997 2645 capite,
3020 2574 3284 2633 circulum
3310 2589 3407 2644 per
3434 2574 3610 2643 polos,

2045 2679 2100 2724 et
2131 2668 2307 2739 ipsius
2340 2676 2505 2739 caput
2530 2666 2861 2737 descriptum
2900 2666 3136 2735 amplius
3172 2664 3439 2720 dodrante
3471 2665 3610 2735 signi

2046 2758 2213 2814 unius
2242 2759 2548 2815 antecedat.
2587 2756 2705 2812 Jam
2737 2758 2804 2812 de
2834 2756 3034 2811 Orione
3070 2771 3194 2811 cum
3227 2757 3613 2826 apparentibus

2045 2852 2215 2908 Arato
2237 2853 2511 2917 convenit,
2542 2859 2811 2921 quatenus
2841 2856 3017 2910 totum
3044 2849 3195 2905 illum
3220 2862 3346 2904 cum
3367 2846 3612 2904 Geminis

2046 2944 2178 3002 oriri
2202 2944 2419 3003 asserit.

2121 3114 2255 3179 VIII.
2288 3124 2359 3179 At
2387 3122 2567 3181 Leone
2592 3124 2823 3194 primum
2847 3122 3151 3187 exoriente,
3171 3122 3371 3177 Aratus
3390 3121 3468 3176 ait
3494 3135 3616 3192 qutn

2050 3222 2179 3271 sunt
2219 3229 2345 3270 cum
2372 3214 2606 3278 Cancro,
2648 3213 2760 3280 jam
2807 3212 3116 3279 occidisse;
3146 3210 3445 3282 Ingeniculi
3483 3224 3615 3266 vero

2048 3307 2335 3363 sinistrum
2367 3306 2547 3362 adhuc
2575 3304 2729 3376 123
2759 3304 2974 3375 pedem,
3016 3318 3081 3359 ac
3106 3319 3247 3375 genu
3289 3317 3610 3373 superem;

2045 3400 2257 3456 caeteris
2289 3398 2402 3468 jam
2449 3398 2506 3453 in
2549 3412 2806 3452 occasum
2839 3395 3159 3467 depressis:
3191 3395 3325 3451 oriri
3350 3400 3614 3466 praeterea

2046 3496 2212 3561 caput
2237 3488 2429 3561 Hydri,
2468 3487 2752 3558 Leporem,
2785 3486 3107 3558 Procynem,
3137 3494 3192 3543 et
3229 3485 3613 3543 antecedentes

2044 3580 2212 3636 Canis
2253 3580 2437 3651 pedes.
2476 3578 2679 3635 Eadem
2724 3594 2851 3633 cum
2885 3578 3051 3633 Arato
3094 3578 3287 3640 sctibit
3328 3576 3608 3633 Eudoxus.

2046 3671 2313 3739 Quocirca
2338 3671 2519 3728 sidera
2545 3670 2660 3726 haec
2679 3670 2864 3724 omnia
2893 3670 3112 3740 planum
3134 3675 3221 3726 est
3244 3683 3368 3723 cum
3398 3668 3612 3725 Cancro

2045 3777 2115 3817 ex
2139 3762 2354 3817 illorum
2394 3761 2651 3831 opinione
2688 3761 2885 3832 partim
2930 3757 3088 3824 oriri,
3124 3759 3321 3829 partim
3348 3774 3413 3814 ex
3437 3774 3611 3831 Oppo-

2048 3856 2154 3910 sito
2186 3854 2538 3916 descendere.
2570 3851 2714 3908 Idem
2744 3853 2813 3909 de
2840 3852 3053 3908 caeteris
3087 3867 3307 3923 quoque
3328 3851 3502 3923 signis
3523 3852 3614 3921 ju-

2046 3948 2257 4002 dicium
2276 3962 2400 4002 esse
2426 3947 2573 4002 volo.
2612 3946 2779 4016 Atqui
2816 3952 2878 3999 ut
2907 3946 2959 3999 in
2988 3945 3215 4015 reliquis
3247 3944 3318 3998 ab
3341 3959 3613 4015 apparen-

2046 4042 2183 4096 tium
2204 4039 2589 4110 experimentis
2610 4039 2833 4094 minime
2852 4037 3168 4108 discrepant
3185 4054 3201 4103 ;
3220 4037 3301 4093 sic
3317 4035 3613 4107 Ingeniculi

2047 4147 2158 4189 non
2194 4132 2479 4189 sinistrum
2517 4131 2681 4187 modo
2722 4145 2884 4202 genu,
2939 4145 3145 4201 pesque
3195 4145 3360 4201 supra
3408 4138 3612 4186 terram

2048 4223 2228 4279 adhuc
2253 4222 2476 4288 eminet,
2508 4223 2604 4278 sed
2627 4221 2790 4276 etiam
2833 4221 3082 4276 dextrum
3113 4236 3275 4293 genu.
3323 4219 3439 4276 Hoc
3465 4221 3613 4276 enim

2048 4315 2248 4371 occidit
2268 4314 2478 4371 oriente
2493 4313 2691 4368 Leonis
2716 4320 2869 4383 parte
2891 4312 2978 4368 I6.
3005 4312 3074 4366 At
3094 4310 3273 4383 Lepus
3299 4328 3408 4368 non
3436 4313 3612 4368 solum

2048 4422 2174 4463 cum
2199 4405 2412 4462 Cancro
2445 4405 2641 4469 oritur,
2686 4404 2765 4457 uti
2789 4404 2966 4458 visum
2992 4410 3077 4458 est
3105 4401 3296 4469 Arato,
3330 4403 3425 4458 sed
3446 4402 3614 4457 etiam

2047 4513 2170 4553 cum
2205 4496 2472 4555 Geminis.
2515 4495 2657 4551 Oriri
2695 4494 2897 4567 quippe
2926 4495 3116 4564 incipit
3150 4509 3274 4549 cum
3318 4503 3473 4566 parte
3509 4492 3617 4548 Ge-

380 4576 479 4649 μὲν
511 4577 622 4650 γάρ
652 4579 979 4645 ἀνατέλλειν,
1008 4581 1106 4652 τῆς
1137 4579 1182 4645 ζ’
1207 4582 1300 4635 καὶ
1328 4589 1376 4636 κ’
1420 4584 1530 4654 μοί.
1561 4586 1670 4639 τῶν
1699 4588 1945 4659 Διδύμων

2053 4588 2326 4642 minorum
2387 4584 2616 4657 septima
2676 4593 2731 4640 et
2790 4585 3044 4639 vicesima
3106 4602 3119 4637 :
3170 4582 3372 4638 desinit
3434 4591 3613 4636 autem

375 4669 788 4741 ἀναφερομένης
807 4688 821 4702 ο
851 4669 1006 4741 λήγει
1029 4671 1086 4724 δὲ
1111 4673 1434 4739 ἀνατέλλων,
1460 4676 1947 4748 συνανατελλούσης

377 4759 526 4831 αὐτῷ
553 4760 825 4833 Καρκίνου
854 4763 963 4831 μοί.
995 4761 1059 4833 ιβ’
1086 4761 1173 4818 S".
1202 4763 1260 4816 Ὀ
1285 4765 1341 4818 δὲ
1367 4764 1528 4818 Κύων
1558 4766 1677 4829 ὅλος
1702 4766 1778 4837 τῷ
1805 4769 1948 4838 Καρ-

376 4851 512 4923 κίνῳ
552 4851 945 4917 συνανατέλλει,
972 4853 1111 4926 πλὴν
1141 4854 1253 4909 τῶν
1283 4856 1341 4909 ἐν
1381 4858 1447 4926 τῇ
1490 4857 1625 4927 οὐρᾷ
1644 4874 1657 4889 ο
1703 4859 1796 4911 καί
1823 4859 1943 4929 οὐχ,

377 4942 454 5006 ὡς
477 4942 506 4994 6
531 4943 785 5015 Ἀρατος,
816 4945 865 4996 οἰ
900 4945 1221 5017 ὲμπρόσθιοι
1252 4946 1413 5017 μόνον
1445 4949 1609 5002 αὐτοῦ
1642 4950 1803 5015 πόδες
1828 4968 1948 5017 συν-

376 5033 726 5088 ανατέλλουσι
758 5033 836 5106 τῷ
867 5036 1147 5108 Καρκίνῳ.

445 5148 522 5203 Θν.
551 5148 662 5221 Τῆς
687 5148 746 5203 δὲ
774 5147 1050 5223 Παρθένου
1084 5152 1395 5226 ἀρχομένης
1426 5155 1781 5225 ἀνατέλλειν,.

521 5286 689 5359 ΛύρηΔ
719 5288 873 5359 τότε,
904 5288 1057 5358 φησὶ,
1082 5290 1430 5359 Κυλληναιη

376 5356 486 5431 Ιξᾳί
513 5356 730 5431 Agth
762 5356 1169 5431 6vrovdt,_xal
1199 5356 1514 5431 εὐποίητος
1552 5362 1800 5431 ’oz'aqu.

512 5424 637 5507 τοῖς
668 5427 933 5507 ’φρειθος
960 5426 1159 5507 πρῶτα
1186 5432 1369 5507 πτερὰ
1393 5424 1581 5507 mese;
1605 5434 1741 5501 παρ’
1751 5424 1945 5506 αὐτὴν

379 5494 598 5567 Οὺρὴν,
628 5496 727 5567 καὶ
755 5494 1046 5565 Ππαμοῖο
1071 5494 1752 5567 παρηορίαίσκιὸωντᾶι.

373 5565 553 5643 ξύνει
570 5564 630 5643 δ’Δ
662 5566 893 5643 ’Ῑεῃξεζῃ
913 5564 1374 5643 κεφαλῇ’·βῦνει
1400 5569 1477 5643 δέΔ
1501 5571 1600 5625 καί
1634 5575 1855 5643 αὐχήν.

385 5632 689 5715 ςᾼντέλλλει
702 5634 760 5715 δ’
774 5632 958 5715 itam
974 5632 1431 5715 [Itégéazijrﬁor
1440 5639 1581 5715 ᾅχρι
1596 5632 1750 5715 παρτ
1760 5632 1946 5701 ἀύτὸν

371 5705 668 5775 Κρητῆρα.
710 5705 1013 5778 Φθάμενοζ
1045 5705 1113 5760 δὲ
1141 5708 1313 5763 Κύων
1350 5705 1533 5777 πόδὰξ
1564 5705 1799 5768 αἵνῦται
1834 5717 1941 5771 ἄλ-

376 5834 616 5898 Ἕλκων
647 5844 923 5912 ἐξόπιθεν
954 5850 1230 5920 πρύμναν
1251 5852 1627 5922 πολυτειρέος
1673 5784 1938 5926 Ἀιξιγξὲἓῖ

2049 4676 2378 4732 ascendente
2397 4690 2521 4730 cum
2548 4676 2666 4744 ipso
2684 4673 2881 4729 Cancri
2910 4674 2978 4727 I2
3002 4675 3023 4726 I
3033 4672 3128 4744 /2.
3148 4673 3315 4728 Canis
3335 4688 3466 4728 vero
3488 4688 3612 4727 cum

2052 4769 2264 4823 Cancro
2293 4775 2442 4823 totus
2469 4766 2664 4831 oritur,
2686 4766 2752 4821 iis
2767 4781 2889 4836 quae
2911 4767 2964 4820 in
2983 4764 3156 4820 cauda
3181 4773 3309 4819 sunt
3335 4766 3610 4835 exceptis;

2050 4875 2246 4932 neque,
2278 4868 2339 4915 ut
2363 4859 2534 4915 Arato
2562 4860 2761 4931 placet,
2790 4859 3097 4915 anteriores
3129 4873 3257 4913 cum
3277 4857 3490 4913 Cancro
3527 4875 3617 4929 pe-

2046 4953 2144 5009 des
2172 4953 2437 5008 duntaxat
2465 4952 2733 5007 oriuntur.

2118 5156 2209 5211 IX.
2250 5154 2424 5211 Porro
2448 5155 2729 5210 exoriente
2756 5150 2997 5223 Virgine,

2121 5337 2136 5352 .
2157 5336 2189 5376 ﬁ.
2222 5336 2244 5376 ..
2274 5294 2417 5376 Lyra
2449 5301 2592 5376 tunc.
2626 5289 3019 5376 εἱμρνίίεηςα,

2045 5366 2116 5421 Et
2151 5354 2367 5434 Delphin
2406 5364 2667 5434 occidunt,
2696 5374 2741 5415 et
2774 5354 3069 5428 fabrefacta
3103 5354 3332 5426 Sagitta.

2046 5437 2180 5491 Cum
2208 5426 2394 5506 quibus
2427 5433 2594 5506 Cygni
2621 5426 2877 5506 primores
2906 5426 3086 5498 perime
3116 5443 3278 5506 usque
3309 5426 3377 5480 ad
3411 5427 3577 5493 ipsum

2047 5499 2314 5567 Caudam,
2344 5512 2391 5557 et
2421 5499 2568 5573 ﬂuuii
2598 5499 2953 5554 extremitates
2979 5499 3331 5573 occultantur.

2049 5575 2256 5631 Occidit
2291 5570 2463 5645 autent
2494 5572 2630 5645 Equi
2657 5580 2843 5645 caput;
2873 5570 3064 5624 occidit
3091 5578 3143 5645 et
3174 5570 3372 5645 pernix.

2051 5648 2236 5702 Oritur
2262 5661 2378 5700 vero
2412 5638 2600 5715 Hydra
2626 5638 2853 5710 amplius
2876 5656 3043 5715 itaque
3073 5639 3149 5715 αα¹
3172 5638 3341 5715 ipsimi

2050 5717 2347 5779 Craterem;
2374 5706 2687 5786 praEveniens
2714 5706 2830 5767 uero
2862 5706 3022 5765 cum;
3054 5706 3204 5778 pedes
3229 5709 3417 5779 arripit
3457 5706 3615 5773 alios,

2054 5854 2283 5910 Trahens
2315 5871 2345 5908 α
2378 5862 2518 5923 tergo
2542 5850 2752 5920 puppim
2778 5826 3223 5918 stellattc‘Argus.
