4166 6408
415 439 547 501 Μ81

1395 437 1765 498 ΗῙΡΡΑΒΟΗΊ
1797 439 1888 494 AD
1925 438 2371 542 PHIENOM'ENA
2408 445 2537 501 LIB.
2568 445 2635 502 II.

3507 447 3532 500 l
3541 447 3648 503 032

411 562 510 634 τῆς
539 559 830 633 ἀριστερᾶς
868 537 1068 631 χειρὸς,
1104 557 1186 612 ἔτι
1225 559 1330 614 ὑπὸ
1357 560 1458 631 γῆν
1487 555 1646 626 εἶναι,
1677 560 1770 616 τοῦ
1803 563 1972 634 Σκορ-

2077 537 2318 631 manum,
2354 567 2532 621 adhuc
2559 580 2682 623 esse
2719 565 2820 622 sub
2848 573 3014 622 terra.
3045 560 3265 634 quando
3289 560 3548 631 Scorpius
3591 563 3648 616 in

412 652 538 706 πίου
591 652 723 724 πρὸς
776 653 842 723 τῇ
907 651 1136 723 ἀνατολῇ
1180 651 1330 716 ὄντος
1355 667 1370 681 ⁶
1436 653 1533 725 τὴν
1583 655 1638 707 δὲ
1681 653 1972 726 ἀριστερὰν

411 747 569 817 χεῖρα
600 745 694 796 καὶ
720 743 818 814 τὴν
841 742 1080 814 κεφαλὴν
1115 743 1386 815 μετέωρον
1414 743 1716 812 φαίνεσθαι,
1756 743 1848 796 τοῦ
1873 743 1916 794 Τ
1919 760 1975 796 0-

413 835 564 903 ξότου
598 834 991 898 ἀνατέλλοντος.
1039 835 1373 888 Ἀνατέλλειν
1412 835 1468 889 δέ
1502 853 1662 906 φησιν
1707 835 1822 906 ἆμα
1857 839 1976 900 ταῖς

411 928 616 998 Χηλαῖς
639 928 732 982 καὶ
753 929 811 982 τὸ
832 929 1001 999 ἥμισυ
1027 927 1120 982 τοῦ
1147 927 1436 998 Στεφάνου,
1463 929 1556 981 καὶ
1576 929 1673 1000 τὴν
1696 927 1861 1000 οὐρὰν
1881 928 1974 982 τοῦ

411 1020 723 1092 Κενταύρου
749 1038 763 1052 ·
793 1021 966 1074 δύνειν
993 1021 1049 1074 δὲ
1089 1023 1248 1074 πάλιν
1281 1022 1341 1074 τό
1365 1037 1423 1090 τε
1455 1020 1613 1090 σῶμα
1649 1019 1743 1072 τοῦ
1779 1021 1973 1072 Ἵππου

410 1111 550 1176 ὅλον,
589 1113 682 1165 καὶ
705 1113 803 1184 τὴν
848 1113 1010 1183 ούράν
1040 1113 1130 1164 τοῦ
1167 1112 1432 1183 Ὄρνιθος,
1460 1113 1554 1166 καὶ
1596 1112 1696 1182 τὴν
1732 1112 1976 1182 κεφαλὴν

409 1203 509 1272 τῆς
548 1203 918 1275 Ἀνδρομέδας,
950 1204 1043 1256 καὶ
1076 1204 1169 1256 τοῦ
1207 1205 1418 1274 Κήτους
1455 1204 1516 1256 τὸ
1553 1203 1658 1256 ἀπὸ
1685 1204 1782 1274 τῆς
1810 1204 1976 1274 οὐρᾶς

411 1293 515 1357 ἕως
562 1297 660 1366 τῆς
697 1293 918 1363 λοφιας⁸
967 1295 1059 1347 τοῦ
1105 1295 1163 1348 δὲ
1204 1296 1436 1364 Κηφέως
1481 1295 1721 1365 κεφαλήν
1766 1311 1845 1356 τε,
1883 1295 1974 1347 καὶ

411 1387 586 1454 χεῖρα,
622 1384 718 1438 καὶ
751 1383 953 1456 ὤμους,
984 1387 1077 1439 καὶ
1105 1385 1164 1438 τὸ
1205 1386 1452 1438 πλεῖστον
1484 1385 1648 1456 μέρος
1682 1385 1776 1437 τοῦ
1803 1386 1975 1437 Ποτα-

416 1478 516 1548 μοῦ
540 1495 553 1508 ·
577 1479 774 1549 ὁμοίως
806 1479 864 1532 δὲ
898 1481 955 1532 ὲν
975 1479 1180 1542 τούτοις
1204 1481 1298 1532 καὶ
1320 1481 1348 1532 6
1379 1481 1610 1550 Ἀρατος
1643 1479 1839 1550 τρόπον
1855 1477 1977 1530 τινά

411 1570 835 1642 παραγέγραφεν
866 1570 936 1624 τά
966 1571 1059 1624 τοῦ
1092 1571 1340 1636 Εὐδόξου.

480 1709 560 1762 Τά
584 1709 682 1778 μὲν
715 1703 806 1763 οὖν
837 1707 998 1762 λοιπά
1030 1708 1120 1762 ὑπ’
1152 1707 1328 1761 αὐτῶν
1367 1706 1533 1776 ύγιῶς
1563 1706 1800 1778 εἴρηται·
1848 1705 1976 1776 περὶ

409 1803 466 1856 δὲ
495 1802 588 1856 τοῦ
630 1801 941 1875 Κενταύρου
972 1801 1269 1872 ὁλοσχερῶς
1299 1801 1651 1870 ἠγνοήκασιν.
1685 1799 1820 1852 Οὔτε
1866 1798 1974 1868 γὰρ

2075 660 2284 715 oriente
2318 667 2568 716 versatur
2599 678 2612 713 :
2645 658 2923 714 sinistram
2952 672 3116 726 porro
3144 669 3363 708 manum
3399 668 3521 707 cum
3551 668 3646 706 ca-

2075 755 2187 825 pite
2235 756 2522 811 sublimem
2561 754 2732 808 videri
2780 753 2991 807 oriente
3033 748 3342 820 Sagittario.
3379 747 3646 802 Caeterum

2075 863 2184 901 una
2205 862 2326 901 cum
2353 846 2534 901 Chelis
2566 845 2698 900 oriri
2728 843 2996 898 Coronam
3028 839 3307 895 dimidiam
3338 840 3553 901 asserit,
3583 852 3648 889 ac

2075 933 2332 988 Centauri
2373 933 2640 1000 caudam;
2683 931 2981 999 eodemque
3019 937 3262 998 tempore
3294 941 3360 980 ex
3399 926 3648 994 opposito

2074 1025 2405 1080 descendere
2430 1025 2698 1095 integrum
2723 1039 2923 1092 corpus
2945 1020 3084 1091 Equi
3110 1029 3163 1075 et
3189 1017 3418 1073 caudam
3443 1015 3652 1087 Cygni;

2075 1125 2239 1186 caput
2279 1116 2658 1181 Andromedae,
2698 1114 2888 1169 Cetum
2928 1128 2959 1166 a
3003 1111 3178 1166 cauda
3209 1109 3421 1164 cervice
3451 1114 3645 1172 tenus;

2075 1208 2274 1280 Cephei
2325 1217 2488 1280 caput
2544 1216 2598 1262 et
2637 1222 2859 1262 manum
2901 1220 3028 1260 cum
3075 1202 3341 1266 humeris,
3392 1215 3455 1254 ac
3498 1197 3652 1252 ﬂuvii

2074 1305 2364 1356 maximam
2411 1309 2638 1371 partem.
2679 1298 2739 1354 In
2783 1299 2986 1370 quibus
3025 1296 3276 1352 similiter
3311 1293 3511 1347 Aratus
3537 1289 3651 1344 Eu-

2073 1387 2200 1442 doxi
2253 1389 2449 1453 locum,
2495 1388 2844 1442 commutatis
2895 1385 3098 1452 verbis,
3147 1385 3203 1440 in
3251 1383 3449 1438 librum
3486 1395 3646 1437 suum

2076 1481 2373 1535 transtulit.

2142 1681 2221 1737 Ac
2265 1689 2461 1736 cmtera
2496 1678 2714 1750 quidem
2742 1677 2810 1732 ab
2849 1676 3114 1732 ambobus
3148 1682 3276 1730 sunt
3304 1672 3448 1727 dicta
3483 1672 3657 1728 veris:

2075 1778 2212 1832 sime
2239 1793 2253 1842 ;
2290 1776 2345 1830 in
2375 1775 2649 1830 Centauro
2678 1773 2836 1842 plane
2868 1770 3078 1838 decepti
3113 1775 3260 1822 sunt.
3290 1765 3424 1820 Nam
3467 1779 3647 1834 neque

410 1896 444 1965 ἠ
468 1894 603 1966 ούρά
630 1895 815 1958 αὐτοῦ,
850 1864 978 1946 οὔτε
1019 1864 1240 1946 καθόλου
1282 1864 1358 1945 τάἰ
1383 1864 1602 1945 ὀπέσθια
1641 1893 1816 1945 πάντα
1841 1864 1972 1942 ἀναί-

2076 1869 2248 1924 cauda
2287 1868 2478 1937 ipsius,
2526 1881 2703 1936 neque
2750 1864 3082 1933 posteriores
3113 1875 3303 1914 omnes
3342 1865 3542 1927 partes,
3587 1864 3646 1909 ut

409 1948 602 2051 τέλλει,
649 1948 835 2040 and};
867 1985 1151 2058 ἀριστερὸς
1179 1979 1356 2055 ὤμος’
1399 1983 1576 2053 πολλῷ
1600 1984 1704 2054 γάρ
1738 1985 1853 2035 ἐστι
1890 1981 1973 2050 βο-

2076 1964 2328 2018 universe
2373 1963 2588 2031 loquar,
2617 1965 2866 2014 exortum
2898 1956 3131 2022 faciunt;
3163 1952 3260 2008 sed
3289 1951 3512 2006 sinister
3544 1948 3645 2002 hu-

413 2079 713 2151 ρειότερος⁸
742 2078 865 2132 οὔτε
899 2081 965 2149 τῇ
996 2077 1255 2149 Παρθένῳ
1293 2078 1515 2148 ἄρχεται
1548 2076 1970 2139 συνανατέλλειν,

408 2170 485 2235 ὥς
508 2187 692 2242 φησιν,
719 2169 855 2224 ἀλλά
876 2172 994 2233 ταῖς
1014 2169 1236 2238 Χηλαῖς.
1281 2169 1337 2221 Ὀ
1368 2168 1476 2238 γὰρ
1520 2168 1803 2238 ἀριστερὸς
1824 2161 1972 2236 ὦμος

407 2263 572 2318 αὐτοῦ
619 2262 994 2317 συνανατέλλει
1033 2264 1097 2332 τῇ
1134 2268 1200 2314 ια’
1235 2260 1346 2330 μοί.
1377 2259 1486 2312 τῶν
1521 2259 1734 2331 Χηλῶν.
1776 2260 1884 2328 Τῆς
1917 2258 1972 2310 δὲ

420 2353 774 2424 Ἀνδρομέδας
796 2354 855 2406 ού
885 2353 1042 2423 μόνον
1084 2355 1117 2422 ἡ
1151 2351 1360 2422 κεφαλὴ
1385 2351 1589 2414 δέδυκε,
1633 2350 1740 2402 τῶν
1779 2349 1974 2420 Χηλῶν

407 2448 545 2520 πρὸς
576 2450 641 2518 τῇ
665 2447 893 2518 ἀνατολῇ
933 2447 1128 2511 ούσῶν,
1162 2445 1297 2499 ἀλλά
1327 2445 1421 2499 καὶ
1445 2446 1498 2498 αἱ
1527 2447 1704 2516 χεῖρες
1739 2443 1973 2513 ἀμφότε-

410 2555 523 2608 ραι.
551 2535 626 2590 Τὸ
661 2537 717 2590 δὲ
744 2537 921 2606 Κῆτος
951 2535 1010 2587 ού
1041 2538 1108 2606 τῇ
1135 2533 1395 2606 Παρθένῳ
1421 2533 1648 2606 ἄρχεται
1685 2534 1964 2585 ἀντικατα-

406 2630 602 2694 δύνειν,
627 2629 702 2693 ὡς
729 2621 873 2682 οὗτοί
902 2626 1085 2696 φασιν,
1119 2627 1252 2681 ἀλλά
1295 2626 1372 2697 τῷ
1401 2627 1606 2680 Λέοντι.
1634 2625 1754 2678 Τῶν
1780 2626 1888 2696 γὰρ
1916 2626 1978 2677 ὲν

405 2727 473 2795 τῇ
496 2723 632 2794 οὐρᾷ
655 2721 818 2776 αὐτοῦ
851 2722 892 2792 β’
928 2720 1192 2792 λαμπρῶν
1220 2722 1248 2772 6
1278 2720 1374 2789 μὲν
1405 2717 1719 2789 νοτιώτερος
1756 2719 1974 2770 ἀντικα-

406 2813 620 2868 ταδύνει
652 2813 788 2885 μέσῃ
815 2815 882 2883 τῇ
919 2810 963 2875 ζ’
1003 2813 1096 2865 καὶ
1128 2811 1176 2864 κ’
1207 2811 1316 2881 μοι.
1346 2810 1438 2864 τοῦ
1470 2810 1722 2871 Λέοντος·
1755 2809 1827 2886 τὸ⁹
1847 2807 1974 2878 μένα

406 2923 555 2976 τοιγε
589 2905 773 2960 λοιπὸν
810 2905 965 2976 σῶμα
994 2904 1086 2958 τοῦ
1124 2905 1339 2974 Κήτους
1366 2903 1462 2972 οὐχ
1487 2901 1604 2955 ὅλον
1625 2902 1690 2970 τῇ
1714 2899 1974 2971 Παρθένῳ

407 2997 832 3060 ἀντικαταδύνει,
871 2996 986 3049 ἀλλ’
1019 2996 1122 3071 ἕως
1166 2995 1265 3065 τῆς
1312 2992 1520 3062 λοφίας,
1567 2991 1642 3053 ὡς
1683 2992 1711 3042 6
1741 2989 1974 3060 ’Ἄρατός

408 3107 592 3161 φησιν.
627 3089 732 3142 Τοῦ
765 3089 824 3143 δὲ
860 3088 1094 3156 Κηφέως
1126 3088 1160 3157 ή
1189 3085 1397 3156 κεφαλὴ
1432 3083 1587 3154 μόνον
1627 3081 1802 3135 δύνειο
1836 3081 1886 3133 οἱ
1916 3079 1973 3132 δὲ

407 3175 548 3254 ὦμοι
570 3181 733 3236 αὐτοῦ
753 3183 810 3234 ὲν
836 3180 914 3251 τῷ
937 3180 1182 3249 ἀειφανεῖ
1200 3179 1445 3249 τμήματι
1470 3179 1696 3239 κεῖνται,
1724 3172 1974 3244 καθάπερ

2072 2072 2278 2121 merus,
2303 2055 2396 2126 qui
2427 2056 2598 2110 multo
2626 2053 2898 2108 bon-alior
2923 2060 3027 2114 est,
3052 2066 3227 2120 neque
3247 2064 3369 2102 cum
3401 2045 3651 2117 Virgine,

2074 2156 2134 2203 ut
2172 2149 2262 2203 ille
2310 2148 2464 2209 dicit,
2495 2145 2592 2202 sed
2621 2161 2745 2200 cum
2780 2144 2962 2200 Chelis
2992 2143 3126 2197 oriri
3157 2142 3366 2210 incipit.
3398 2138 3534 2193 Nam
3570 2137 3646 2192 si-

2073 2241 2245 2296 nister
2289 2241 2550 2294 humerus
2601 2239 2775 2308 ipsius
2813 2238 2988 2292 oritur
3017 2251 3140 2291 cum
3174 2243 3328 2305 parte
3351 2233 3652 2288 Chelarum

2072 2329 2378 2385 undecima.
2418 2330 2488 2383 At
2527 2327 2884 2384 Andromeda:
2923 2343 3032 2382 non
3078 2328 3255 2382 solum
3288 2333 3454 2395 caput
3485 2340 3652 2380 occa-

2073 2435 2193 2476 sum
2221 2419 2332 2488 jam
2369 2418 2517 2483 fecit,
2549 2419 2770 2489 quando
2800 2418 2979 2473 Chela:
3015 2427 3143 2472 sunt
3173 2417 3229 2470 in
3273 2415 3506 2478 oriente,
3550 2415 3647 2471 sed

2071 2513 2232 2568 etiam
2265 2527 2459 2566 manus
2484 2518 2733 2581 utraque.
2765 2511 2929 2564 Cetus
2956 2524 3171 2578 quoque
3200 2522 3329 2574 non,
3363 2515 3422 2562 ut
3444 2507 3520 2561 illi
3551 2523 3641 2560 ar-

2072 2601 2366 2664 bitrantur,
2423 2601 2634 2654 oriente
2672 2597 2894 2668 Virgine
2939 2612 3006 2652 ex
3049 2596 3280 2652 adverso
3315 2596 3656 2652 descendere

2071 2694 2281 2763 incipit,
2317 2692 2412 2749 sed
2445 2691 2644 2746 Leone.
2669 2690 2804 2745 Nam
2836 2705 2866 2744 e
2896 2688 3094 2744 lucidis
3117 2688 3351 2752 duabus,
3384 2703 3521 2757 quas
3546 2687 3646 2740 ha-

2070 2786 2161 2842 bet
2190 2787 2247 2840 in
2280 2786 2474 2848 cauda,
2507 2785 2799 2840 australior
2825 2783 3018 2839 media:
3046 2781 3246 2838 Leonis
3278 2781 3346 2835 27
3375 2782 3518 2850 parti
3547 2780 3645 2834 ad-

2070 2893 2229 2933 versa
2273 2877 2502 2946 occidit;
2547 2877 2814 2947 reliquum
2843 2875 2962 2931 Ceti
3000 2889 3200 2944 corpus
3233 2888 3341 2928 non
3377 2873 3651 2942 integrum

2071 2971 2351 3028 descendit
2394 2972 2676 3028 exoriente
2701 2971 2944 3040 Virgine,
2989 2969 3084 3024 sed
3126 2967 3338 3023 cervice
3377 2974 3556 3028 tenus,
3587 2972 3649 3018 ut

2070 3067 2271 3122 Aratus
2299 3067 2511 3123 scribit.
2541 3065 2612 3118 At
2637 3063 2835 3134 Cephei
2868 3062 3045 3118 solum
3079 3067 3244 3132 caput
3275 3057 3504 3125 occidit;
3538 3059 3646 3112 hu-

2071 3160 2209 3215 meri
2253 3160 2422 3230 ipsius
2466 3159 2522 3212 in
2570 3170 2786 3226 semper
2824 3161 3118 3225 apparente
3162 3160 3440 3222 segmento
3483 3150 3649 3220 positi

407 3245 832 3348 προειρήκαμεν.
860 3245 934 3326 ὀύ
963 3245 1120 3342 μόνον
1136 3272 1191 3325 δὲ
1215 3245 1332 3324 atat”
1348 3270 1477 3324 αὐτὸ
1501 3268 1805 3337 ἀγνοοῦσιν,
1837 3264 1973 3320 ἀλλά

2075 3261 2223 3319 sunt,
2269 3263 2330 3307 ut
2369 3253 2480 3323 jam
2523 3252 2781 3306 diximus.
2818 3249 3005 3320 Neque
3035 3262 3162 3303 vero
3192 3254 3401 3300 tantum
3442 3247 3495 3298 in
3543 3245 3648 3298 hoc

407 3367 530 3423 καθ’
563 3369 592 3422 ὃ
620 3383 749 3436 φασι
779 3369 846 3436 τῇ
901 3365 1160 3436 Παρθένῳ
1208 3361 1646 3418 ἀντικαταδύνειν
1676 3359 1775 3431 τὴν
1807 3375 1975 3427 κεφα-

406 3465 504 3538 λὴν
535 3464 722 3519 αὑτοῦ.
770 3464 843 3516 Ού
882 3463 988 3535 γὰρ
1015 3465 1082 3533 τῇ
1113 3461 1393 3532 Παρθένῳ,
1441 3457 1574 3513 ἀλλά
1620 3459 1739 3537 ταῖς
1766 3455 1974 3526 Χηλαῖς

405 3530 632 3629 ἄρχεται
663 3530 1122 3610 ἀντικαταδύνειν,
1267 3552 1373 3624 γὰρ
1417 3530 1734 3622 νοτιώτερος
1778 3548 1886 3601 τῶν
1917 3548 1974 3600 ὲν

403 3653 473 3722 τῇ
517 3649 726 3720 κεφαλῇ
773 3647 938 3713 δύνει,
973 3644 1367 3716 ἀνατελλούσης
1405 3643 1514 3697 τῶν
1560 3641 1754 3712 Χηλῶν
1784 3639 1974 3712 ὀγδόης

409 3741 519 3813 μοι·
544 3740 644 3811 τῆς
669 3739 862 3812 μέσης.

476 3940 577 3994 IA'.
605 3937 710 3992 Τοῦ
726 3938 782 3992 δὲ
798 3936 1063 4009 Σκορπίου
1086 3934 1385 4006 ἀρχομένου
1403 3930 1729 3994 ἀνατέλλειν,
1750 3929 1876 3983 θάτε
1885 3929 1977 4000 ρός

407 4047 540 4103 φησι
572 4029 747 4103 δύνειν
779 4030 875 4100 μὲν
905 4029 976 4082 τά
1001 4044 1062 4081 τε
1089 4027 1251 4080 λοι.πά
1286 4025 1426 4098 μέρη
1453 4024 1548 4076 τοῦ
1579 4021 1852 4093 Ποταμοῦ,
1879 4022 1974 4075 καὶ

316 4107 320 4110 ’
405 4101 478 4177 τά
514 4101 676 4174 λοιᾶτά
726 4121 864 4191 μέρη
907 4118 1005 4190 τῆς
1046 4116 1417 4188 ’Δνδρομέδας,
1452 4116 1545 4168 καὶ
1589 4112 1682 4168 τοῦ
1735 4113 1970 4182 Κήτους,

407 4213 500 4267 καὶ
525 4211 618 4266 τοῦ
647 4182 882 4283 Κηφέως
905 4182 1095 4264 τδάπδ
1117 4182 1416 4279 τῶννῶμων
1445 4207 1604 4278 μέχρι
1632 4207 1730 4276 τῆς
1758 4205 1934 4275 ζώνης
1955 4182 1986 4234 ⁸.

405 4308 501 4360 καὶ
531 4305 630 4377 τὴν
659 4303 1029 4359 Κασσιέπειαν
1059 4302 1208 4372 ὅλην,
1240 4300 1378 4371 πλὴν
1421 4300 1483 4352 τὸ
1510 4298 1619 4352 ἀπὸ
1643 4297 1752 4350 τῶν
1797 4296 1974 4350 ποδῶν

405 4401 510 4464 ἕως
542 4399 649 4453 τῶν
676 4399 934 4467 γονάτων.
980 4395 1314 4450 Ἀνατέλλειν
1338 4393 1399 4446 τέ
1425 4409 1589 4462 φησιν
1616 4392 1676 4444 τό
1703 4408 1762 4443 τε
1789 4389 1974 4443 λοιπὸν

404 4493 500 4546 τοῦ
545 4492 839 4560 Στεφάνου,
871 4490 964 4543 καὶ
1009 4489 1108 4559 τὴν
1141 4487 1308 4559 ούράν
1349 4485 1442 4538 τοῦ
1479 4485 1700 4555 ’⁷Υδρου,
1739 4484 1833 4536 καὶ
1878 4478 1972 4536 τοῦ

405 4586 716 4658 Κενταύρου
743 4585 805 4638 τὸ
843 4584 1030 4638 λοιπὸν
1070 4583 1250 4654 σῶμα,
1292 4581 1431 4652 πλὴν
1479 4580 1586 4631 τῶν
1634 4574 1977 4648 ἐμπροσθίων
2006 4595 2050 4649 ι)
2077 4569 2318 4639 exceptis
2376 4587 2391 4623 :

404 4681 581 4735 ποδῶν
603 4696 616 4709 ·
667 4677 978 4734 ἀνατέλλειν
1017 4676 1074 4730 δέ
1105 4692 1236 4746 φησι
1269 4674 1362 4728 m‘t
1392 4673 1453 4726 τὸ
1485 4671 1702 4742 Θηρίον,
1732 4670 1760 4722 ὃ
1807 4669 1918 4739 ἔχει
1945 4669 1973 4720 6

403 4773 712 4843 Κένταυρος
733 4789 748 4803 ο
778 4771 874 4825 καὶ
903 4768 997 4823 τοῦ
1043 4767 1324 4838 Ὀφιούχου
1364 4766 1464 4836 τὴν
1489 4761 1730 4834 κεφαλὴν
1756 4761 1849 4814 καὶ¹
1873 4759 1972 4822 τὰς

403 4867 609 4936 χεῖρας·
639 4860 850 4917 καὶτοῦ
871 4863 1104 4930 Ὄφεως,
1135 4859 1194 4913 ὃν
1218 4857 1330 4928 ἔχει
1359 4859 1388 4910 6
1427 4855 1724 4926 Ὀφιοῦχος,
1755 4852 1854 4924 τὴν
1881 4869 1971 4905 κε-

402 4955 578 5026 φαλὴν
603 4952 708 5016 ἓως
735 4953 834 5022 τῆς
864 4949 1083 5022 πρώτης
1113 4950 1373 5022 σπείρας·
1403 4949 1498 5002 καὶ
1529 4945 1622 4999 τοῦ
1667 4946 1753 4998 Ἐν
1782 4943 1970 5012 γόνασι

400 5045 471 5100 τά
498 5044 679 5108 λοιπὰ,
709 5044 846 5116 πλὴν
869 5045 966 5115 τῆς
993 5042 1236 5112 κεφαλῆς
1273 5042 1369 5095 καὶ
1396 5041 1496 5111 τῆς
1534 5036 1827 5110 ἀριστερᾶς
1854 5051 1969 5106 χει-

405 5139 516 5210 ρός.
562 5138 622 5192 '0
646 5137 702 5191 δὲ
734 5135 961 5204 Εὔδοξος
986 5134 1057 5188 τά
1093 5134 1191 5206 μὲν
1213 5133 1374 5186 λοιπὰ
1397 5132 1594 5204 ὁμοίως
1623 5128 1929 5200 ἀναγράφει
1953 5144 1965 5156 ’

401 5227 500 5300 τὴν
529 5227 587 5281 δὲ
620 5225 858 5297 κεφαλὴν
889 5224 983 5277 τοῦ
1024 5221 1306 5293 Ὀφιούχου
1335 5221 1533 5291 γράφει
1553 5215 1968 5277 ἀνατέλλουσαν,

402 5321 498 5374 καὶ
530 5320 630 5391 τὴν
658 5315 951 5390 ἀριστεράν
981 5316 1140 5386 μόνον
1163 5317 1344 5386 χεῖρα·
1377 5313 1474 5384 τὴν
1496 5311 1554 5364 δὲ
1584 5310 1768 5380 ἀλλην,
1793 5308 1970 5362 καὶτὸ

399 5407 618 5479 Θηρίον,
644 5407 704 5460 ού
743 5405 838 5460 τοῦ
875 5406 1164 5478 Σκορπίου,
1195 5402 1331 5457 ἀλλά
1357 5401 1450 5455 τοῦ
1480 5399 1706 5466 Τοξὸτου
1740 5398 1968 5454 ἀνατέλ-

397 5498 602 5564 λοντος,
637 5497 779 5570 ὑπὲρ
823 5497 925 5568 γῆν
955 5498 1048 5551 καὶ
1097 5495 1400 5566 φαίνεσθαι.
1435 5494 1546 5548 Καὶ
1586 5492 1656 5547 τά
1706 5493 1805 5564 μὲν
1835 5492 1971 5547 ἄλλα

400 5589 704 5660 συμφώνως
735 5590 1151 5661 παραγράφουσι
1183 5591 1293 5652 τοῖς
1327 5586 1669 5657 φαινομένοις
1703 5587 1748 5618 ⁷⁸
1769 5603 1782 5615 ·
1818 5585 1880 5638 τὸ
1913 5585 1970 5638 δὲ

398 5681 619 5753 Θηρίον,
652 5681 775 5735 οὕτε
805 5684 924 5746 ταῖς
956 5682 1176 5754 Χηλαῖς.
1209 5682 1281 5735 Τὸ
1303 5682 1358 5735 δὲ
1383 5680 1564 5735 λοιπὸν
1596 5680 1674 5751 τῷ
1703 5678 1967 5750 Σκορπξου

471 5881 515 5914 ⁷⁸
557 5881 688 5936 Ηιινε
741 5882 987 5936 mendosa
1028 5894 1166 5937 sunt.

2074 3343 2393 3399 hallucinati
2433 3351 2590 3410 sunt;
2635 3342 2730 3398 sed
2765 3342 2820 3395 in
2855 3355 2921 3395 eo
2947 3353 3160 3409 quoque
3195 3337 3338 3407 quod
3383 3335 3526 3391 illius
3557 3350 3652 3389 ca-

2074 3444 2172 3509 put
2225 3452 2293 3491 ex
2351 3435 2582 3490 adverso
2626 3433 2866 3504 Virginis
2917 3432 3071 3485 aiunt
3129 3427 3478 3484 descendere.
3526 3424 3652 3479 Non

2074 3529 2220 3585 enim
2247 3527 2482 3599 Virgini,
2516 3526 2610 3582 sed
2635 3525 2817 3581 Chelis
2844 3524 3153 3594 oppositum
3181 3520 3361 3575 facere
3391 3532 3650 3574 occasum

2074 3622 2282 3692 incipit.
2313 3620 2523 3692 Quippe
2551 3620 2832 3676 stellarum
2864 3631 2986 3688 qua:
3013 3617 3068 3670 in
3099 3613 3272 3684 ipsius
3300 3611 3476 3680 capite
3497 3616 3649 3673 sunt,
3737 3621 3751 3638 ι

2074 3717 2366 3772 australior
2393 3713 2596 3770 occidit
2639 3714 2851 3768 oriente
2888 3709 3068 3765 media
3105 3713 3296 3761 octava
3329 3709 3482 3774 parte
3510 3699 3654 3756 Che-

2074 3811 2268 3864 larum.

2141 3922 2238 3979 XI.
2259 3923 2396 3978 Cum
2428 3921 2562 3977 oriri
2589 3918 2849 3989 Scorpius
2880 3915 3092 3987 incipit,
3108 3913 3392 3969 amborum
3425 3909 3651 3980 scripto-

2073 4031 2194 4070 rum
2228 4017 2406 4086 placet
2427 4013 2606 4080 alteri,
2628 4012 2869 4082 reliquas
2892 4007 3043 4062 ﬂuvii
3059 4014 3241 4077 partes
3260 4001 3530 4065 occidere,
3548 4015 3654 4055 nec

2073 4123 2182 4164 non
2212 4106 2569 4162 Andromedae
2597 4120 2661 4160 ac
2681 4102 2836 4170 Ceti;
2867 4110 2921 4155 et
2949 4099 3149 4169 Cephei
3175 4093 3439 4167 quidquid
3469 4106 3554 4148 εει
3583 4091 3655 4145 ah

2073 4201 2316 4256 humeris
2354 4201 2420 4254 ad
2457 4197 2734 4268 cingulum
2765 4214 2779 4250 :
2813 4195 2941 4249 item
2977 4191 3320 4261 Cassiepeam
3361 4186 3647 4256 integram,

2072 4303 2434 4364 praeterquam
2470 4305 2534 4346 ea
2563 4304 2684 4360 quae
2713 4301 2746 4341 a
2777 4285 3008 4358 pedibus
3034 4283 3102 4338 ad
3141 4295 3314 4353 genua
3353 4278 3648 4348 pertinent.

2073 4387 2237 4442 Addit
2263 4386 2368 4450 his,
2389 4383 2522 4439 oriri
2551 4381 2781 4438 Coronae
2808 4377 3101 4447 reliquum,
3123 4380 3176 4428 et
3199 4369 3370 4442 Hydri
3396 4366 3649 4430 caudam,

2074 4495 2140 4534 ac
2166 4477 2427 4533 Centauri
2456 4473 2726 4544 reliquum
2763 4485 2985 4540 corpus,
3023 4465 3388 4521 anterioribus
3420 4461 3654 4533 pedibus

2451 4567 2521 4622 ad
2582 4565 2698 4620 haec
2747 4560 3018 4634 Ophiuchi
3076 4564 3259 4628 caput,
3317 4564 3372 4611 et
3421 4568 3652 4619 manus;

2077 4671 2132 4718 et
2184 4660 2472 4732 serpentis,
2528 4673 2690 4730 quem
2743 4661 2920 4727 gestat
2974 4650 3314 4723 Ophiuchus,
3366 4652 3529 4716 caput
3582 4645 3652 4698 ad

2077 4756 2312 4826 priorem
2350 4767 2526 4823 usque
2560 4752 2792 4822 spiram;
2831 4747 3037 4816 reliqua
3066 4746 3289 4814 insuper
3331 4738 3650 4812 lngeniculi,

2077 4854 2305 4917 excepto
2337 4846 2515 4915 capite
2542 4859 2605 4898 ac
2636 4841 2859 4898 sinistra
2890 4854 3080 4894 manu.
3136 4836 3204 4889 At
3239 4833 3495 4888 Eudoxus
3526 4844 3652 4884 cum

2078 4940 2134 4993 in
2162 4937 2374 4992 caeteris
2402 4934 2726 4998 consentiat,
2759 4928 3029 5001 Ophiuchi
3058 4936 3241 4996 caput,
3279 4941 3342 4978 ac
3375 4924 3652 4979 sinistram

2078 5030 2341 5085 duntaxat
2374 5041 2593 5082 manum
2629 5023 2833 5079 exoriri
2874 5022 3100 5085 asserit;
3142 5020 3368 5072 alteram
3411 5029 3652 5077 manum,

2077 5131 2138 5178 ut
2176 5131 2230 5178 et
2273 5122 2463 5184 feram,
2502 5133 2610 5174 non
2647 5117 2861 5172 oriente
2899 5111 3151 5184 Scorpio,
3194 5109 3286 5164 scd
3335 5107 3651 5178 Sagittario,
3696 5156 3702 5164 ,

2079 5231 2242 5286 supra
2293 5225 2493 5271 terram
2539 5220 2774 5268 exstare.
2821 5209 2998 5278 Atque
3044 5207 3102 5261 in
3149 5206 3378 5259 aliorum
3434 5202 3654 5271 quidem

2077 5308 2448 5378 descriptione
2489 5320 2612 5360 cum
2665 5299 3054 5373 apparentibus
3085 5296 3246 5352 ambo
3297 5291 3654 5349 conveniunt.

2080 5401 2186 5457 Sed
2213 5399 2358 5470 quod
2390 5398 2458 5453 ad
2491 5397 2661 5452 feram
2692 5393 2902 5448 attinet.
2969 5433 2982 5447 .
3063 5432 3078 5446 .
3159 5430 3174 5444 .
3255 5428 3269 5442 .
3351 5425 3365 5438 .
3444 5425 3459 5438 .
3539 5423 3554 5438 .
3637 5423 3652 5436 .

2078 5681 2317 5752 Apparet
2372 5691 2500 5747 ergo
2552 5688 2674 5730 cum
2718 5671 2902 5727 Chelis
2942 5677 3147 5739 partem
3181 5663 3353 5735 ipsius
3413 5660 3653 5731 aliquam
