4130 6410
503 447 644 506 1083

1493 450 1579 506 an
1618 431 2300 506 EUSEBIICIIRONICON
2337 447 2695 504 APPENDIX.

3597 455 3738 513 1⁵084

495 549 794 634 oportere,
839 565 984 637 quod
1042 565 1116 621 'et
1149 563 1410 620 'Eudoxo
1465 565 1686 636 placet,
1756 566 2060 621 ascendere.

2177 563 2387 634 σώματι
2417 565 2536 626 ταῖς
2563 563 2768 634 Χηλαῖς
2803 552 3354 637 συναναφέρεται,’ὡς
3371 553 3482 620 gat
3509 565 3735 635 Εὔδοξός

499 673 668 725 φησι·
701 657 879 729 δῆλον,
915 658 996 711 ὅτι
1040 657 1134 711 καὶ
1161 660 1279 722 ταῖς
1303 657 1509 729 Χηλαῖς
1537 661 1701 736 μέρος
1729 677 1780 712 τι
1809 659 1970 713 αὑτοῦ
1997 659 2078 712 δεῖ
2103 656 2240 710 κατά
2267 655 2358 708 τὸν
2391 653 2614 718 Εὔδοξον
2650 657 3071 711 συνανατέλλειν.

569 768 771 825 Verum
823 771 876 824 in
937 769 1222 842 Ophiucho
1269 777 1529 840 praeterea
1586 771 1793 826 fallitur
1838 772 2060 828 Aratus.

498 858 709 929 Quippe
745 858 966 913 sinistra
1003 865 1213 912 tantum
1271 858 1442 927 ipsius
1485 873 1677 913 manus
1709 873 1830 912 cum
1882 857 2064 914 Chelis

497 951 706 1016 oritur;
734 955 918 1018 caput,
949 957 1004 1003 et
1041 962 1236 1003 manus
1267 947 1454 1002 dextra
1485 963 1607 1002 eum
1643 946 1887 1018 Scorpio.

571 1122 678 1178 Xll.
715 1123 1059 1180 Ascendcnta
1109 1122 1422 1194 Sagittario,
1446 1133 1598 1195 putat
1623 1124 1819 1177 Aratus
1853 1121 2066 1194 Ingeni-

495 1215 600 1272 culi
613 1223 773 1285 caput
791 1231 852 1269 ac
868 1216 1138 1270 sinistram
1155 1231 1372 1270 manum
1389 1225 1627 1270 exortam
1647 1216 1815 1271 fuisse
1831 1235 1842 1270 :
1858 1231 2066 1270 necnon

497 1304 769 1374 Ophiuchi
805 1321 1025 1374 corpus,
1052 1305 1388 1376 caudamque
1421 1309 1708 1376 serpentis,
1739 1323 1898 1377 quem
1923 1315 2068 1363 tenet

495 1395 817 1467 Ophiuchus
841 1415 855 1463 ;
877 1397 1175 1451 Fidiculam
1205 1413 1450 1466 quoque;
1485 1412 1694 1451 necnon
1721 1397 1920 1466 Cephei
1945 1411 2066 1466 quae

493 1503 524 1541 a
563 1489 740 1558 capite
786 1488 854 1544 ad
906 1497 1094 1557 pectus
1138 1489 1429 1558 pertinent.
1478 1488 1739 1544 Occidere
1772 1505 1932 1559 porro
1959 1490 2064 1542 Ca-

494 1595 618 1634 nem
667 1581 976 1650 integrum,
1013 1579 1292 1642 Orionem,
1320 1578 1617 1650 Leporem;
1655 1579 1989 1636 Heniochnm
2030 1596 2060 1635 a

492 1669 725 1740 pedibus
759 1671 823 1725 ad
860 1687 1051 1726 zonam
1085 1688 1291 1741 usque;
1324 1673 1553 1740 Capram
1583 1687 1744 1734 vero,
1782 1687 1903 1726 cum
1933 1671 2061 1726 Πω-

491 1763 615 1828 ι1ἰ8;
644 1778 674 1818 e
703 1763 903 1832 quibus
938 1763 1028 1815 illa
1061 1763 1113 1816 in
1140 1763 1369 1816 humero
1400 1769 1482 1816 est
1506 1760 1765 1815 Heniochi
1797 1763 2058 1816 sinistro:

2249 767 2308 821 '0
2341 768 2398 821 δὲ
2433 770 2667 840 Ἀρατος
2697 771 2877 838 ἀγνοεῖ
2915 772 2972 824 ὲν
3001 773 3114 835 τοῖς
3152 773 3276 844 περὶ
3305 773 3394 826 τὸν
3430 773 3730 845 Ὀφιοῦχον.
3775 845 3778 848 γ

2179 857 2244 912 Ἦ
2277 859 2386 930 γὰρ
2405 861 2663 932 ἀριστερά
2701 861 2822 933 χεὶρ
2850 861 3010 916 αὑτοῦ
3045 863 3202 933 μόνον
3229 867 3347 928 ταῖς
3377 865 3577 935 Χηλαίς
3613 883 3735 917 συν-

2167 950 2447 1004 ανατέλλει
2471 969 2484 981 ·
2521 953 2555 1023 ἡ
2584 952 2638 1004 δὲ
2673 951 2880 1023 κεφαλὴ
2913 954 3006 1005 καὶ
3038 954 3070 1024 ἡ
3103 953 3250 1020 δεξιά
3300 957 3420 1026 χεὶρ
3454 955 3532 1025 τῷ
3568 955 3736 1024 Σκορ-

2168 1041 2296 1113 πίῳ.

2240 1134 2338 1186 ΙΒ’.
2375 1131 2481 1187 Τοῦ
2501 1135 2557 1188 δὲ
2583 1136 2809 1200 Τοξότου
2844 1135 3126 1206 μέλλοντος
3157 1137 3480 1201 ἀνατέλλειν,
3505 1139 3533 1190 6
3565 1139 3735 1208 Ἀρα-

2167 1225 2258 1288 τός
2289 1243 2421 1296 φησι
2470 1227 2568 1298 τὴν
2599 1227 2838 1298 κεφαλὴν
2871 1227 2964 1280 τοῦ
3008 1229 3094 1282 Ἐν
3139 1229 3326 1296 γόνασι
3353 1230 3445 1282 καὶ
3472 1228 3566 1298 τὴν
3609 1231 3731 1300 ἀρι-

2168 1317 2364 1389 στερὰν
2386 1320 2544 1390 χεῖρα
2573 1319 3008 1386 ἀνατεταλκέναι,
3034 1320 3196 1373 καὶτὸ
3213 1319 3372 1390 σῶμα
3396 1320 3485 1372 τοῦ
3522 1321 3731 1388 Ὀφιού-

2166 1425 2285 1476 χου,
2318 1408 2410 1461 καὶ
2438 1409 2536 1480 τὴν
2561 1409 2727 1484 οὐρὰν
2759 1409 2851 1464 τοῦ
2882 1412 3116 1478 Ὄφεως,
3143 1409 3200 1462 ὃν
3225 1410 3336 1480 ἔχει
3361 1413 3389 1463 6
3431 1410 3731 1481 Ὀφιοῦχος,

2167 1498 2260 1550 καὶ
2293 1497 2390 1567 τὴν
2416 1498 2619 1568 Λύραν,
2639 1499 2732 1551 καὶ
2755 1498 2846 1552 τοῦ
2880 1500 3111 1567 Κηφέως
3134 1499 3202 1551 τά
3226 1499 3332 1552 ἀπὸ
3359 1499 3458 1569 τῆς
3493 1501 3734 1572 κεφαλῆς

2166 1585 2270 1648 ἕως
2301 1586 2394 1638 τοῦ
2428 1587 2674 1657 στήθους.
2723 1587 2906 1641 Δύνειν
2935 1588 2992 1641 δέ
3025 1606 3155 1659 φησι
3190 1589 3276 1641 τόν
3308 1605 3363 1640 τε
3408 1589 3557 1642 Κύνα
3587 1589 3728 1656 ὅλον,

2167 1677 2378 1730 καὶτὸν
2421 1679 2667 1749 Ὠρίωνα,
2703 1680 2906 1733 καὶτὸν
2949 1679 3190 1748 Λαγωδν,
3220 1681 3311 1732 καὶ
3348 1679 3440 1732 τοῦ
3488 1681 3728 1750 Ἦνιόχου

2164 1769 2232 1823 τὰ
2259 1771 2366 1824 ἀπὸ
2391 1770 2500 1823 τῶν
2530 1771 2704 1824 ποδῶν
2731 1773 2834 1837 ἕως
2853 1773 2952 1843 τῆς
2976 1771 3150 1845 ζώνης
3181 1774 3319 1844 μέρη
3343 1791 3356 1804 ·
3386 1774 3482 1844 τὴν
3509 1775 3562 1827 δὲ
3591 1773 3732 1843 Αἷγά

490 1854 546 1908 hi
579 1855 630 1907 in
672 1870 834 1908 manu
883 1855 1143 1920 sinistra;
1185 1862 1300 1908 tum
1331 1861 1513 1924 caput,
1555 1869 1618 1908 ac
1648 1853 1891 1908 dextram
1944 1869 2058 1906 ma-

2167 1880 2298 1932 φησι
2328 1864 2422 1915 καὶ
2447 1867 2572 1926 τοὺς
2599 1865 2870 1937 Ἐρίφους,
2899 1859 2974 1918 ὧν
2994 1867 3140 1918 ἐστιν
3175 1869 3207 1936 ἡ
3244 1866 3340 1935 μὲν
3369 1867 3459 1918 ἐπὶ
3485 1866 3577 1918 τοῦ
3604 1869 3730 1937 ἀρι-

492 1961 647 2010 num,
672 1947 881 2002 oriente
908 1945 1202 2016 Sagittario
1243 1947 1595 2010 descendere,
1647 1963 1767 2016 qua)
1799 1947 1864 2000 ad
1894 1947 2062 2016 pedes-

493 2042 642 2100 sunt,
673 2038 886 2092 oriente
915 2037 1163 2106 Scorpio.
1195 2037 1358 2091 Addit
1404 2038 1652 2092 occidere
1688 2054 1902 2107 quoque
1929 2037 2059 2091 Per-

492 2143 671 2191 seum,
696 2137 922 2198 excepto
949 2145 1088 2198 genu
1117 2129 1327 2190 dextro,
1361 2145 1422 2183 ac
1455 2130 1590 2199 pede
1614 2169 1628 2189 ,
1677 2139 2062 2199 postremoque

491 2221 716 2290 puppim
747 2223 944 2290 Argus.
980 2221 1037 2276 In
1065 2222 1150 2276 his
1179 2231 1370 2277 caetera
1398 2223 1614 2292 quidem
1645 2238 1766 2276 cum
1797 2238 2059 2291 apparen-

489 2312 641 2368 tibus
690 2314 1045 2369 concordant.
1105 2313 1302 2369 Verum
1341 2316 1561 2370 sinistra
1597 2332 1791 2369 manus
1844 2315 2058 2380 Ingeni-

492 2404 602 2458 culi
633 2421 754 2460 cum
782 2407 963 2461 Chelis
1007 2407 1218 2470 oritur,
1265 2424 1371 2460 non
1407 2424 1529 2461 cum
1566 2409 1807 2477 Scorpio.
1846 2407 2055 2461 Etenim

494 2495 720 2550 sinister
754 2497 870 2567 ipse
901 2498 1047 2553 illius
1091 2499 1373 2562 humerus,
1407 2500 1563 2569 longe
1593 2501 1833 2553 anterior
1861 2514 2054 2560 manu,

491 2592 751 2657 tanquam
795 2590 949 2643 ulnas
993 2601 1338 2660 exporrectas
1391 2591 1605 2655 habeat,
1656 2591 1797 2660 quod
1859 2593 2057 2644 Aratus

492 2678 656 2731 etiam
689 2679 899 2745 scribit,
929 2697 1051 2736 eum
1085 2685 1242 2737 tertia
1281 2694 1435 2752 parte
1470 2681 1678 2752 Scorpii
1712 2683 1904 2736 oritur.
1935 2681 2052 2735 Non

491 2782 622 2839 ergo
653 2784 776 2824 cum
818 2769 1045 2843 Scorpio
1075 2775 1250 2829 solum
1285 2783 1447 2845 caput
1471 2776 1737 2832 ascendit.

2167 1954 2355 2024 στεροῦ
2391 1954 2562 2025 ὤμου,
2587 1956 2634 2008 οἱ
2670 1957 2714 2009 δ’
2742 1959 2798 2009 ὲν
2826 1960 2890 2027 τῇ
2926 1959 3186 2029 ἀριστερᾷ
3217 1961 3377 2030 χειρὶ,
3408 1959 3486 2012 ἔτι
3528 1959 3584 2012 δὲ
3630 1963 3730 2032 τὴν

2166 2043 2406 2114 κεφαλὴν
2430 2047 2523 2097 καὶ
2549 2045 2645 2116 τὴν
2679 2046 2857 2112 δεξιὰν
2903 2051 3060 2119 χεῖρα
3091 2048 3167 2118 τῷ
3199 2049 3398 2120 Τοξότῃ
3445 2051 3730 2104 ἀντικατα-

2163 2134 2370 2186 δύνειν·
2407 2135 2472 2188 τά
2515 2135 2570 2188 δὲ
2605 2137 2741 2207 πρὸς
2771 2139 2897 2201 τοὺς
2927 2139 3089 2202 πόδας
3136 2139 3210 2208 τῷ
3239 2141 3508 2210 Σκορπίῳ.
3543 2143 3730 2194 Δύνειν

2164 2224 2220 2281 δέ
2254 2242 2386 2296 φησι
2416 2228 2508 2280 καί
2531 2229 2620 2280 τὸν
2647 2229 2858 2299 Περσέα
2887 2232 3052 2301 χωρὶς
3075 2231 3165 2284 τοῦ
3193 2231 3363 2296 δεξιοῦ
3393 2235 3612 2303 γόνατος
3635 2238 3731 2290 καὶ

2163 2315 2257 2368 τοῦ
2303 2317 2462 2380 ποδός
2488 2335 2501 2350 ·
2537 2322 2630 2371 καὶ
2673 2321 2770 2390 τῆς
2815 2322 3039 2392 Ἀργοῦς
3084 2324 3181 2394 τὴν
3229 2327 3501 2396 πρύμναν.
3556 2329 3641 2379 Ἐν
3671 2327 3729 2380 δὲ

2162 2408 2368 2472 τούτοις
2409 2409 2476 2462 τά
2513 2411 2610 2480 μὲν
2655 2412 2786 2466 ἀλλα
2815 2419 3095 2485 συμφωνεῖ
3133 2420 3245 2480 τοῖς
3290 2420 3657 2488 φαινομένοις·
3694 2423 3727 2490 ἡ

2163 2501 2218 2553 δὲ
2251 2502 2512 2573 ἀριστερά
2546 2505 2665 2576 χεὶρ
2704 2506 2795 2558 τοῦ
2840 2509 2927 2562 Ἐν
2971 2509 3157 2577 γόνασι
3213 2515 3332 2574 ταῖς
3362 2513 3566 2583 Χηλαῖς
3606 2531 3729 2566 συν-

2161 2593 2456 2660 ανατέλλει,
2488 2599 2581 2650 καὶ
2607 2598 2667 2649 ού
2692 2597 2767 2669 τῷ
2796 2600 3064 2671 Σκορπέῳ.
3089 2603 3197 2656 Καὶ
3227 2603 3334 2674 γὰρ
3356 2604 3513 2668 αὐτὸς
3541 2606 3570 2656 6
3603 2607 3736 2675 ἀρι-

2163 2685 2351 2754 στερὸς
2379 2681 2528 2757 ὦμος
2572 2690 2734 2743 αὐτοῦ
2779 2692 2908 2746 πολὺ
2945 2694 3350 2764 προηγούμενος
3381 2696 3480 2765 τῆς
3524 2697 3723 2767 χειρὸς,

2159 2777 2361 2832 ὡσανεὶ
2392 2780 2831 2854 διωργυιωμένου
2877 2787 3061 2849 αὐτοῦ,
3097 2789 3346 2861 καθάπερ
3385 2792 3478 2843 καὶ
3509 2791 3536 2842 6
3564 2791 3728 2854 αὐτὸς

493 2860 734 2933 Ἀρατός-
759 2879 942 2935 φησιν,
965 2867 1103 2938 τῇγ¹
1147 2867 1259 2939 μοί.
1293 2867 1386 2921 τοῦ
1411 2869 1679 2942 Σκορπίου
1727 2867 2124 2923 συνανατέλλει.
2164 2871 2275 2942 Ούχ
2325 2874 2360 2944 ἡ
2414 2875 2620 2946 κεφαλὴ
2654 2872 2747 2931 οὖν
2799 2878 2958 2947 μόνον
3007 2879 3084 2950 τῷ
3133 2860 3383 2952 Σκορπῖῳ
3428 2883 3726 2951 συναναφέ-

491 2973 664 3027 ρεται.

560 3065 852 3137 Propterea
881 3070 947 3126 de
977 3083 1099 3128 ortu
1135 3073 1346 3147 Scorpii
1381 3077 1433 3132 in
1463 3079 1910 3141 antecedentibus
1935 3076 2057 3132 hal-

488 3158 766 3215 lucinatur
795 3165 867 3217 ita
900 3167 1146 3224 scribens
1175 3188 1187 3224 :

599 3333 640 3370 ._
693 3335 706 3349 .
770 3337 796 3370 _.
875 3339 890 3355 .
929 3300 1153 3370 Capita,
1184 3316 1231 3360 et
1266 3309 1436 3362 altera
1467 3327 1655 3367 manus

597 3365 730 3421 Cum
756 3365 1048 3441 Sagittario
1075 3365 1448 3436 conscendunt.

490 3475 550 3532 ln
573 3493 683 3546 quo
709 3482 956 3548 sequitur
984 3483 1287 3542 Eudoxum.

565 3591 720 3662 125
763 3591 882 3648 Non
921 3596 1103 3652 minus
1138 3600 1207 3655 ab
1247 3605 1582 3672 apparentiis
1621 3606 1674 3661 in
1701 3607 1916 3679 Cepheo
1943 3611 2059 3667 dis-

405 3747 412 3756 .
492 3694 749 3753 crepant:
772 3685 908 3742 Nam
956 3690 1132 3744 solum
1173 3702 1338 3763 caput
1377 3695 1551 3766 ipsius
1581 3701 1815 3766 occidit,
1847 3710 1900 3758 et
1950 3705 2060 3759 ori-

491 3781 613 3843 tur;
661 3777 873 3836 bumeri
921 3796 985 3837 ac
1013 3791 1206 3854 pectus
1234 3786 1287 3840 in
1335 3802 1551 3860 semper
1598 3807 1890 3864 apparente
1941 3813 2063 3868 seg-

493 3874 678 3958 mento
719 3868 986 3928 feruntur.
1039 3873 1307 3933 Praeterea
1342 3881 1657 3948 stellarum,
1701 3901 1822 3955 qua:
1854 3887 1907 3941 in
1941 3889 2060 3958 ejus

495 3956 675 4026 capite
726 3967 874 4026 sunt,
924 3965 1238 4032 praecedens
1281 3983 1404 4022 cum
1461 3968 1673 4042 Scorpii
1724 3982 1877 4044 parte
1907 3956 2062 4041 ,υἱοθ-

495 4047 637 4104 sima
693 4061 883 4108 octava
924 4055 1136 4125 oritur;
1181 4075 1302 4130 quae
1334 4069 1512 4118 autem
1549 4075 1820 4134 postrema
1851 4071 2058 4136 oritur,

495 4147 552 4193 et
579 4141 633 4195 in
670 4144 846 4213 capite
885 4144 1114 4202 sitarum
1145 4153 1440 4208 anstralior
1481 4163 1587 4220 est,
1626 4173 1748 4212 cum
1783 4159 2060 4231 Sagittarii

495 4238 650 4285 sexta
672 4241 824 4302 parte
855 4237 1030 4292 media
1070 4241 1264 4307 oritur,
1295 4251 1353 4296 ut
1397 4260 1501 4298 non
1537 4249 1712 4301 solum
1739 4265 1861 4304 cum
1895 4249 2060 4309 Scor-

493 4320 610 4390 pio,
653 4323 746 4378 sed
780 4327 941 4380 etiam
971 4342 1095 4383 cum
1134 4329 1427 4402 Sagittario
1455 4337 1653 4406 Cephei
1687 4355 1880 4398 manus
1919 4345 2064 4398 oria-

493 4419 604 4467 tur.
634 4413 702 4468 At
736 4414 969 4474 Perseus
1009 4435 1131 4475 cum
1163 4421 1390 4494 Scorpio
1424 4434 1571 4483 totus
1592 4445 1654 4483 cx
1687 4431 1920 4489 adverso
1961 4435 2058 4491 de-

2235 3073 2326 3125 Διὸ
2355 3074 2448 3127 καὶ
2493 3075 2549 3127 ὲν
2582 3079 2693 3140 τοῖς
2743 3077 3003 3150 πρότερον
3034 3081 3160 3152 περὶ
3195 3081 3295 3152 τὴν
3335 3081 3426 3135 τοῦ
3461 3083 3740 3154 Σκορπίου.

2081 3148 2126 3206 C
2157 3163 2421 3238 ἀνατολὴν
2451 3167 2636 3237 ἀγνοεῖ
2663 3170 2833 3240 λέγων
2858 3191 2872 3204 ·

2849 3327 2899 3379 δ’
2924 3327 3129 3397 ἑτέρης
3160 3329 3308 3400 μετὰ
3337 3331 3529 3399 χειρὸς

2445 3396 2602 3460 Τόξῳ
2633 3397 3006 3464 ἀνέρχονται.

2159 3506 2646 3578 Κατηκολούθηκεν
2668 3509 2724 3561 δὲ
2751 3511 2844 3563 καὶ
2870 3511 3009 3564 κατά
3032 3511 3190 3566 τοῦτο
3210 3513 3287 3584 τῷ
3318 3514 3564 3585 Εὐδόξῳ.-

2230 3621 2564 3689 Διαφωνοῦσι
2593 3621 2650 3675 δὲ
2677 3623 2811 3694 πρὸς
2835 3623 2895 3677 τὸ
2921 3625 3240 3696 φαινόμενον
3265 3627 3358 3680 καὶ
3383 3629 3439 3679 ὲν
3460 3631 3572 3692 τοῖς
3603 3629 3740 3701 περὶ-

2158 3708 2252 3762 τοῦ
2282 3710 2534 3780 Κηφέως.
2568 3713 2642 3767 ’Ἠ
2683 3730 2741 3765 τε
2784 3713 2892 3784 γάρ
2924 3716 3132 3788 κεφαλὴ
3165 3717 3328 3771 αὑτοῦ
3365 3718 3521 3789 μόνον
3551 3717 3738 3781 δύνειλ

2161 3801 2255 3854 καὶ
2287 3801 2594 3856 ἀνατέλλει·
2636 3805 2684 3857 οῑ
2714 3805 2771 3858 δὲ
2811 3799 2948 3877 ὦμοι
2985 3808 3080 3860 καὶ
3111 3807 3170 3862 τὸ
3213 3809 3405 3880 στῆθος
3437 3813 3494 3864 ὲν
3523 3809 3602 3880 τῷ
3638 3810 3728 3864 ἀεὶ

2161 3892 2380 3964 φανερῷ
2403 3896 2649 3965 τμήματι
2678 3895 2951 3969 φέρονται.
2984 3899 3167 3972 Χωρίς
3207 3918 3266 3954 τε
3301 3900 3503 3960 τούτων
3532 3902 3638 3955 τῶν
3668 3904 3730 3956 ὲν

2159 3985 2226 4054 τῇ
2257 3985 2462 4056 κεφαλῇ
2501 3986 2664 4039 αὐτοῦ
2691 3988 2935 4060 ἀστέρων
2961 3992 2991 4044 6
3021 3991 3119 4061 μὲν
3151 3992 3551 4064 προηγούμενος
3578 3995 3644 4064 τῇ
3678 4000 3736 4064 η’»

2161 4073 2256 4126 καὶ
2305 4082 2352 4128 κ’
2384 4075 2494 4146 μοι.
2524 4076 2619 4136 τοῦ
2657 4079 2924 4151 Σκορπίου
2961 4083 3338 4142 συνανατέλλει
3365 4098 3379 4115 ’
3413 4083 3442 4136 6
3480 4084 3536 4138 δὲ
3567 4083 3728 4155 ἔσχα-

2160 4183 2250 4229 τος
2274 4167 2704 4241 ἀναφερόμενος,
2735 4173 2832 4226 atat
2863 4173 3177 4246 νοτιὼτερος
3209 4174 3283 4229 ὢν
3314 4176 3420 4230 τῶν
3453 4177 3509 4229 ἐν
3541 4178 3605 4248 τῇ
3639 4194 3730 4230 κε·-

2161 4256 2303 4328 φαλῇ
2347 4259 2720 4320 συνανατέλλει
2761 4261 2839 4333 τῷ
2880 4263 3082 4336 Τοξότῃ
3121 4271 3172 4329 ς’
3207 4266 3315 4336 μοι.
3358 4266 3497 4336 μέσῃ
3522 4282 3536 4296 ο
3587 4266 3727 4320 ὥστε

2165 4348 2238 4419 μὴ
2281 4349 2440 4420 μόνον
2487 4349 2564 4421 τῷ
2613 4353 2868 4424 Σκορπίῳ
2915 4356 3015 4426 τὴν
3067 4356 3304 4427 κεφαλὴν
3350 4355 3444 4408 τοῦ
3495 4355 3729 4425 Κηφέως

2164 4439 2588 4507 συνανατέλλειν,
2624 4441 2756 4498 ἀλλὰ
2797 4444 2891 4497 καὶ
2923 4444 2999 4516 τῷ
3038 4444 3260 4518 Τοξότῃ.
3305 4448 3360 4500 Ὁ
3398 4447 3454 4498 δὲ
3488 4449 3730 4518 Περσεὺς

496 4507 710 4561 scendit
741 4527 752 4562 :
792 4526 920 4577 non,
952 4520 1010 4566 ut
1033 4513 1139 4568 illis
1164 4516 1401 4581 videtur,
1435 4519 1626 4575 dexter
1655 4537 1752 4592 pes
1781 4524 2056 4581 dextrum-

2164 4531 2278 4596 ὅλος
2322 4533 2400 4604 τῷ
2459 4536 2709 4608 Σκορπίῳ
2755 4503 3292 4596 συναντιλιαταδύνέι·
3349 4540 3441 4594 καὶ
3479 4503 3606 4609 οἰχι,
3654 4540 3730 4603 ὡς

495 4613 601 4668 que
631 4615 768 4670 genu
799 4605 1008 4660 oriente
1032 4604 1324 4677 Sagittario
1359 4611 1630 4668 conditur.

568 4777 771 4836 Praeter
808 4783 925 4838 lucc
960 4783 1012 4840 in
1046 4785 1191 4858 Argo
1228 4788 1366 4860 fugit
1397 4790 1519 4846 illos
1558 4792 1718 4849 ratio.
1754 4791 1880 4852 Haec
1917 4797 2062 4852 enim

493 4887 563 4926 ex
601 4873 849 4942 opposita
882 4885 1033 4941 parte
1064 4879 1262 4936 cadere
1296 4882 1506 4952 incipit,
1532 4884 1854 4941 'orientibus
1881 4886 2063 4944 Chelis

497 4963 711 5028 mediis,
757 4981 865 5020 non
925 4966 1173 5040 Scorpio.
1221 4971 1516 5043 Oportebat
1557 4990 1686 5046 ergo
1715 4978 2061 5033 commodum

495 5055 710 5112 oriente
747 5057 997 5130 Scorpio,
1037 5063 1146 5131 jam
1178 5063 1357 5135 Argus
1408 5067 1630 5138 puppim
1678 5071 1948 5128 occidisse
1975 5071 2060 5127 di-

495 5161 642 5210 cere,
670 5164 776 5204 non
808 5153 1136 5210 ascendente
1165 5157 1479 5228 Sagittario.

566 5237 702 5295 Xlll.
724 5239 936 5300 Rursus
966 5245 1299 5317 Capricorno
1325 5251 1379 5305 in
1408 5253 1618 5309 oriente
1647 5256 1845 5324 posito,
1871 5257 2063 5313 adver-

495 5348 612 5388 sam
645 5337 894 5393 occidere
938 5337 1231 5409 Sagittario
1264 5345 1453 5401 dicunt
1485 5349 1632 5419 Argo
1677 5349 1976 5420 integram,
2009 5361 2065 5406 et

496 5421 826 5495 Procynem;
849 5428 979 5483 oriri
1002 5439 1181 5488 autem
1201 5435 1409 5504 pariter
1431 5435 1696 5509 Cygnum,
1715 5449 1769 5494 et
1786 5441 2059 5511 Aquilam,

496 5511 762 5584 Sagittam
790 5535 854 5574 ac
876 5521 1278 5582 IThuribulum.
1340 5527 1418 5583 Ex
1468 5530 1555 5585 his
1592 5539 1789 5587 caetera
1841 5533 2061 5604 quidem

497 5611 885 5674 apparentibus
913 5624 1279 5674 consentanea
1305 5620 1584 5678 dicuntur.
1603 5623 1679 5679 De
1711 5622 1898 5693 Cygno
1937 5641 2060 5679 cum

498 5704 729 5767 uterque
760 5702 1126 5765 hallucinatus
1156 5718 1262 5776 est,
1329 5720 1440 5766 tum
1480 5713 1653 5767 multo
1674 5715 1897 5784 gravius
1926 5713 2064 5768 Ara-

495 5793 609 5846 tus.
656 5789 789 5847 Nam
834 5793 1093 5855 Eudoxus
1127 5801 1374 5859 dextram
1411 5804 1550 5860 alam
1583 5805 1753 5876 Cygni
1795 5807 2058 5863 orientem

2162 4613 2310 4675 οὗτοι
2342 4639 2527 4692 φασιν,
2554 4627 2582 4678 6
2610 4625 2779 4692 δεξιὸς
2807 4627 2941 4692 ποῦς
2967 4628 3056 4681 καὶ
3083 4629 3142 4682 τὸ
3170 4628 3337 4696 δεξιὸν
3363 4630 3488 4698 γόνυ
3516 4629 3594 4700 τῷ
3627 4632 3731 4683 To-

2165 4708 2293 4781 ξότῃ
2321 4712 2830 4786 ἀντικαταφέρεται.

2247 4802 2572 4874 Ἠγνοήκασι
2611 4804 2666 4856 δὲ
2694 4807 2787 4863 καὶ
2830 4806 2900 4859 τὰ
2939 4807 3066 4878 περὶ
3099 4807 3194 4879 τὴν
3239 4807 3433 4879 ’Δργὼ.
3471 4809 3740 4878 Ἀρχεταιι,

2163 4892 2272 4964 γάρ
2324 4895 2760 4950 ἀντικαταδύνειν
2817 4899 2877 4952 ού
2918 4899 2996 4969 τῷ
3038 4899 3308 4970 Σκορπίῳ,
3355 4899 3489 4952 ἀλλά
3539 4899 3733 4969 μέσαις

2164 4985 2281 5046 ταῖς
2310 4984 2534 5056 Χηλαῖς.
2556 4986 2698 5042 Ἔδει
2726 4983 2840 5052 οὖν,
2869 4989 3169 5060 ἀρχομένου
3194 4989 3284 5042 τοῦ
3311 4988 3575 5061 Σκορπίου
3602 4989 3734 5041 ἀνα-

2163 5076 2390 5140 τέλλειν,
2425 5077 2602 5146 λέγειν
2635 5079 2731 5150 τὴν
2765 5080 2866 5150 τῆς
2903 5081 3129 5152 ’Δργοῦς
3157 5081 3408 5152 πρύμναν
3431 5081 3731 5147 δέδυκεναι..

2164 5168 2256 5220 καὶ
2291 5168 2365 5240 μὴ
2397 5168 2490 5221 τοῦ
2519 5169 2746 5234 Τοξότου
2779 5172 3204 5243 ἀναφερομένου.

2234 5260 2334 5318 ΙΓ’.
2361 5259 2529 5312 Πάλιν
2555 5261 2612 5314 δὲ
2643 5261 2736 5314 τοῦ
2765 5263 3044 5334 Αῐγόκερω
3067 5263 3202 5334 πρὸς
3229 5265 3294 5335 τῇ
3312 5264 3540 5334 ἀνατολῇ
3556 5264 3731 5330 ὄντος,

2163 5350 2241 5421 τῷ
2277 5351 2482 5424 Τοξότῃ
2513 5353 2674 5421 φασὶν
2707 5354 3141 5408 ἀντικαταδύνειν
3172 5356 3271 5426 τήν
3300 5373 3359 5408 τε
3403 5355 3578 5426 Ἀργὼ
3604 5356 3735 5424 ὃλην

2165 5441 2258 5492 καὶ
2283 5440 2373 5494 τὸν
2397 5441 2646 5510 Πρόκυνα
2673 5459 2684 5470 ·
2723 5443 3130 5496 συνανατέλλειν
3161 5444 3218 5496 δὲ
3264 5444 3355 5497 τόν
3386 5460 3444 5495 τε
3479 5443 3731 5514 ὈρνιΘα,

2166 5531 2379 5584 καὶτὸν
2423 5533 2621 5595 Ἀετὸν,
2658 5535 2757 5587 καὶ
2794 5534 2884 5586 τὸν
2936 5535 3160 5601 Ὀῖστὺν,
3210 5535 3304 5588 καὶ
3347 5535 3407 5589 τὸ
3449 5534 3732 5604 Θυμιατή-

2167 5641 2301 5694 ριον.
2331 5623 2410 5680 Τά
2451 5625 2546 5695 μὲν
2574 5621 2666 5678 οὖν
2705 5626 2838 5680 ἄλλα
2867 5625 3169 5696 συμφώνως
3197 5628 3286 5679 ὑπ’
3311 5625 3488 5680 αὐτῶν
3515 5625 3731 5692 λέγεται

2165 5718 2274 5780 τοῖς
2310 5717 2649 5787 φαινομένοις
2672 5735 2684 5748 ·
2718 5717 2786 5771 τὰ
2814 5719 2868 5771 δὲ
2907 5719 3048 5772 κατὰ
3082 5719 3172 5772 τὸν
3206 5718 3432 5790 Ὀρνιθα
3468 5718 3731 5788 ἠγνόηται

2171 5806 2266 5876 μὲν
2299 5807 2389 5860 ὑπ’
2424 5809 2767 5880 ἀμφοτέρων,
2807 5809 3003 5880 μᾶλλον
3035 5810 3089 5864 δὲ
3121 5810 3225 5865 ὑπὸ
3252 5810 3344 5866 τοῦ
3380 5809 3627 5881 Ἀράτου.
3672 5808 3732 5860 'U

3758 5671 3774 5731 l
