4130 6410
454 438 592 500 1085
1425 434 1792 491 ΗΙΡΡΑΒΕΗΙ
1820 433 1912 488 AD
1949 433 2019 488 Pl:

2117 434 2393 508 NOMENA
2427 438 2557 496 LIB.
2585 438 2654 498 ιι.
3543 443 3680 504 tces

456 556 554 626 μὲν
600 551 710 621 γὰρ
749 547 974 614 Εὔδοξος
1015 547 1095 619 τῷ
1138 547 1388 620 Σκορπίῳ
1429 549 1592 618 φησὶν
1621 547 2019 602 συνανατέλλειν

2127 549 2260 605 facit
2307 565 2430 606 cum
2463 551 2694 623 Scorpio
2726 569 2740 604 :
2771 566 2894 607 cum
2932 551 3224 624 Sagittario
3257 555 3525 626 reliquum
3559 575 3683 614 cor-

453 646 552 715 τὴν
579 642 756 709 δεξιὰν
785 641 1029 712 πτέρυγα
1070 639 1165 692 τοῦ
1206 639 1454 710 Ὄρνιθος
1477 656 1492 669 ·
1526 638 1603 710 τῷ
1634 639 1690 692 δὲ
1718 639 1922 710 Τοξότῃ
1960 637 2022 690 τὸ

451 734 634 788 λοιπὸν
661 731 826 786 αὐτοῦ
851 731 1009 801 σῶμα
1031 748 1045 761 ο
1074 731 1134 795 ἐξ
1161 723 1236 784 ὧν
1264 730 1443 800 δῆλον,
1468 730 1550 782 ὅτι
1571 729 1668 798 τὴν
1692 729 1867 792 δεξιὰν
1894 729 2022 782 πτέ-

455 844 595 900 ρυγα
623 827 716 886 τοῦ
751 826 998 899 Ὄρνιθος
1029 823 1171 878 κατά
1208 824 1299 876 τὸν
1331 822 1556 889 Εὔδοξον
1593 823 1673 875 δεῖ
1720 825 1831 886 τοῖς
1861 822 2021 892 ἐσχά-

450 937 564 982 τοις
615 917 806 988 μέρεσι
859 914 953 969 τοῦ
1020 913 1284 984 Σκορπίου
1345 911 1799 982 συναναφέρεσθαι
1825 928 1839 940 ·
1892 913 1920 964 6
1964 911 2020 963 δὲ

457 1005 690 1076 ’Ἄρατός
715 1021 846 1074 φησι
874 1003 950 1074 τῷ
982 1003 1182 1073 Τοξότῃ
1219 1003 1374 1073 μόνον
1409 1000 1810 1054 συνανατέλλειν
1837 1000 2017 1056 αὐτόν.

453 1098 534 1168 Τῇ
561 1097 618 1158 δὲ
645 1095 872 1166 ἀληθείᾳ
903 1097 950 1147 oi
993 1095 1092 1164 μὲν
1121 1095 1178 1147 ὲν
1212 1095 1356 1164 ἄκρα
1390 1095 1455 1162 τῇ
1489 1090 1637 1161 δεξιᾷ
1665 1090 1892 1161 πτέρυγι
1924 1088 2018 1140 τοῦ

459 1187 710 1260 Ὄρνιθος
751 1190 861 1250 τοῖς
893 1187 1140 1256 ἐσχάτοις
1181 1184 1372 1256 μέρεσι
1416 1183 1523 1236 τῶν
1565 1181 1758 1251 Χηλῶν
1792 1196 2019 1232 συνανα-

454 1279 727 1339 τέλλουσιν
751 1295 764 1307 ’
793 1280 820 1331 6
858 1277 914 1330 δὲ
952 1279 1009 1329 ὲν
1032 1277 1177 1347 ἄκρᾳ
1203 1279 1267 1345 τῇ
1299 1275 1560 1345 ἀριστερᾷ
1593 1271 1838 1341 πτέρυγι,
1867 1269 1925 1331 ὃς
1954 1267 2016 1339 δὴ

455 1370 550 1423 καὶ
578 1369 802 1440 ἔσχατος
826 1368 1127 1431 ἀνατέλλει,
1157 1369 1220 1438 τῇ
1258 1366 1300 1436 β’
1325 1366 1418 1418 καὶ
1452 1371 1497 1418 κ’
1532 1365 1640 1434 μοί.
1667 1361 1760 1415 τοῦ
1791 1361 2016 1426 Τοξότου

455 1460 902 1530 συναναφέρεται.

525 1553 624 1610 ΙΔ’,
663 1549 768 1602 Τοῦ
799 1550 854 1602 δὲ
896 1548 1174 1620 ’Υδροχόου
1220 1545 1518 1618 ἀρχομένου
1549 1542 1852 1596 ἀνατέλλειν
1884 1541 2018 1612 φησὶ

454 1640 971 1701 συνανατεταλκέναι
1002 1640 1078 1709 τῷ
1118 1637 1395 1709 Αἰγόκερῳ
1427 1634 1520 1688 τοῦ
1564 1635 1759 1686 Ἵππου
1790 1630 1886 1702 τὴν
1929 1647 2018 1684 κε-

454 1731 628 1803 φαλὴν
656 1732 750 1786 καὶ
776 1731 900 1794 τοὺς
932 1730 1122 1792 πόδας·
1152 1728 1326 1781 δύνειν
1355 1727 1409 1778 δὲ
1444 1726 1510 1782 τὰ
1535 1723 1752 1777 ὀπίσθια
1770 1722 1863 1775 τοῦ
1889 1723 2020 1774 Κεν-

2120 654 2222 710 pus
2254 641 2428 709 ipsius
2460 656 2474 692 :
2519 642 2663 696 unde
2712 641 2881 712 liquet
2911 643 3050 695 alam
3086 642 3256 714 Cygni
3307 645 3552 699 dextram
3595 663 3681 702 se-

2119 733 2356 786 cundum
2382 731 2665 787 Eudoxum
2695 741 2946 804 Oportere
2981 749 3103 788 cum
3136 737 3428 804 postremis
3469 735 3680 806 Scorpii

2119 823 2366 894 partibus
2402 824 2713 878 ascendere.
2765 822 2969 879 Aratus
3031 840 3163 879 vero
3207 840 3331 883 cum
3392 824 3680 897 Sagittario

2119 915 2385 970 duntaxat
2428 916 2682 969 occidere
2725 915 2902 984 ipsum
2939 917 3160 972 asserit.
3190 915 3298 972 Res
3326 932 3491 987 porro
3519 919 3591 972 ita
3621 935 3680 973 se

2116 1006 2312 1060 habet:
2345 1022 2465 1075 quae
2497 1007 2552 1060 in
2583 1016 2823 1062 extrema
2851 1015 2980 1061 sunt
3012 1008 3096 1060 ala
3121 1007 3310 1062 dextra
3333 1007 3523 1078 Cygni,
3553 1024 3680 1064 cum

2117 1097 2378 1150 extremis
2408 1095 2696 1150 Chelarum
2732 1096 2978 1166 partibus
3004 1096 3292 1152 oriuntur:
3331 1112 3450 1165 qua:
3492 1097 3548 1148 in
3585 1112 3682 1150 ex-

2116 1189 2392 1243 tremitate
2441 1189 2540 1242 alte
2592 1189 2824 1242 smistrae
2876 1197 2987 1250 est,
3045 1196 3098 1241 et
3153 1196 3423 1256 postrema
3480 1187 3674 1250 oritur;

2116 1294 2240 1333 cum
2285 1281 2544 1336 vicesima
2593 1277 2832 1334 secunda
2888 1276 3168 1349 Sagittarii
3214 1284 3367 1348 parte
3410 1291 3677 1332 conscen-

2115 1369 2215 1425 dit.

2185 1551 2323 1608 XIV.
2340 1553 2450 1608 Sub
2472 1554 2683 1608 initium
2701 1560 2923 1609 exortus
2942 1553 3186 1623 Aquarii,
3203 1561 3446 1607 exortum
3466 1553 3541 1606 ait
3555 1567 3678 1608 esse

2114 1659 2238 1698 cum
2291 1645 2624 1714 Capricorno
2679 1644 2816 1715 Equi
2872 1654 3037 1715 caput
3093 1661 3156 1698 ac
3187 1645 3385 1715 pedes;
3427 1643 3678 1698 occidere

2115 1752 2244 1792 vero
2299 1740 2598 1809 posteriora
2632 1739 2909 1804 Centauri,
2964 1755 3027 1794 ac
3080 1740 3148 1794 de
3196 1739 3378 1810 Hydro
3411 1739 3677 1808 quidquid

448 1821 672 1892 ταύρου,
710 1822 801 1874 καὶ
828 1818 918 1873 τοῦ
947 1819 1140 1889 ’Ύδρου
1168 1818 1227 1869 τὸ
1256 1817 1359 1868 ἀπὸ
1385 1818 1482 1887 τῆς
1511 1814 1749 1883 κεφαλῆς
1780 1812 1884 1875 ἓως
1915 1811 2016 1881 τῆς

2117 1844 2146 1882 a
2176 1829 2351 1896 capite
2397 1837 2480 1883 est
2512 1829 2578 1883 ad
2608 1829 2838 1900 primam
2866 1830 3092 1899 spiram.
3143 1829 3210 1882 At
3250 1829 3511 1884 Eudoxus
3539 1830 3675 1884 Cas-

448 1911 671 1983 πρώτης
719 1911 964 1982 σπείρας.
1004 1912 1061 1962 Ὀ
1092 1910 1146 1961 δὲ
1187 1908 1408 1974 Εὔδοξός
1444 1925 1573 1978 φησι
1607 1907 1699 1960 καὶ
1733 1906 1830 1976 τὴν
1861 1907 2010 1957 Κασ-

450 2004 694 2056 σιέπειαν
744 2002 1050 2056 ἀνατέλλειν
1096 2001 1188 2054 καὶ
1233 1999 1320 2052 τὸν
1373 2000 1618 2067 Δελφίνα.
1662 1999 1728 2049 Ἃ
1777 1997 1873 2066 μὲν
1922 1991 2014 2048 οὖν

449 2096 599 2164 κοινῇ
640 2094 892 2164 εἰρήκασι
912 2133 926 2156 ,
955 2092 1135 2162 σχεδὸν
1168 2094 1445 2161 συμφωνεῖ
1476 2092 1587 2152 τοῖς
1629 2088 1970 2158 φαινομένοις
1997 2104 2009 2120 ·

2117 1921 2354 1989 siepeam
2405 1922 2628 1991 insuper
2668 1922 2822 1987 oriri,
2871 1937 2934 1975 ac
2978 1921 3298 1990 Delphinum
3338 1923 3556 1976 asserit.
3619 1921 3678 1975 In

2114 2012 2200 2066 his
2247 2027 2375 2065 vero
2427 2027 2548 2081 quae
2589 2013 2658 2066 ab
2687 2012 2950 2066 ambobus
2990 2011 3354 2065 communiter
3398 2011 3676 2074 dicuntur,

2113 2100 2500 2170 propemodum
2553 2101 2925 2170 apparentium
2988 2100 3109 2154 ﬁdei
3159 2100 3524 2170 respondent;
3567 2101 3678 2155 nisi

447 2183 588 2256 πλὴν
623 2184 702 2236 ὅτι
731 2185 763 2254 ἡ
801 2183 1009 2254 κεφαλὴ
1050 2183 1140 2236 τοῦ
1166 2183 1363 2254 Ὕδρου
1401 2185 1511 2243 τοῖς
1544 2180 1791 2250 ἐσχάτοις
1827 2179 2013 2248 μέρεσι

2117 2191 2258 2261 quod
2311 2190 2477 2262 Hydri
2527 2200 2688 2262 caput
2735 2194 3039 2249 orientibus
3088 2193 3348 2248 extremis
3402 2193 3679 2264 Sagittarii

448 2272 541 2326 τοῦ
573 2271 796 2338 Τοξότου
831 2274 1054 2345 ἄρχεται
1082 2271 1542 2335 ἀντικαταδύνειν,
1577 2271 1669 2325 καὶ
1710 2270 1769 2322 οὐ
1800 2268 1892 2338 ’τῷ
1923 2269 2015 2320 Αί-

448 2365 679 2436 γόκερῳ.
729 2365 834 2417 Τοῦ
880 2364 935 2416 δὲ
963 2365 1156 2417 Ἵππου
1195 2363 1256 2416 οὐ
1310 2363 1466 2432 μόνον
1509 2364 1542 2432 ἡ
1589 2359 1796 2430 κεφαλὴ
1837 2361 1927 2412 καὶ
1965 2359 2013 2412 οἱ

448 2439 605 2519 πόδες
629 2454 1072 2518 ἀνατετάλκασιν,
1099 2453 1231 2506 ἀλλά
1256 2454 1349 2506 καὶ
1370 2454 1418 2505 οἱ
1440 2446 1579 2522 ὦμοι
1603 2450 1777 2503 καὶτὸ
1801 2449 2011 2520 στῆθος.

517 2545 753 2617 Παρέχει
801 2545 857 2597 δέ
907 2562 1048 2598 τισιν
1095 2545 1374 2597 ἐπίστασιν
1409 2543 1524 2606 πῶς
1565 2542 1656 2595 ἐπὶ
1702 2541 1809 2593 τῶν
1842 2540 2015 2593 ἄλλων

449 2639 652 2704 ζωδίων
674 2642 702 2693 6
738 2641 972 2711 ’Ἄρατος
998 2639 1094 2702 τὰς
1123 2638 1295 2710 ἀρχὰς
1339 2639 1432 2690 ἐπὶ
1461 2640 1557 2707 τῆς
1592 2636 1849 2705 ἀνατολῆς
1882 2637 2015 2687 ὑπο-

448 2730 744 2800 τιθέμενος,
777 2731 870 2784 καὶ
902 2729 1072 2792 οὕτως
1092 2729 1189 2791 τὰς
1222 2727 1330 2780 τῶν
1363 2728 1534 2782 ἄλλων
1577 2728 1787 2796 ἄστρων
1827 2726 2016 2784 ἀνατο-

450 2821 548 2886 λάς
579 2822 673 2874 καὶ
714 2822 892 2885 δύσεις
922 2820 1221 2890 διασαφῶν,
1251 2820 1342 2872 τὸν
1383 2819 1662 2892 ’Υδροχόον
1691 2818 1853 2889 μέσον
1890 2818 2018 2870 ἀνα-

449 2912 654 2978 τέλλειν
691 2913 1024 2978 ὑποτίθεται,
1059 2912 1231 2981 λέγων
1264 2910 1433 2979 οὕτως
1454 2927 1468 2940 ·

521 3115 728 3182 Ἵππος
758 3115 811 3168 6“
850 3115 1189 3183 ’Υδροχόοιο
1218 3113 1411 3182 μέσον
1434 3109 1968 3181 περιτελλομένοιο,

521 3187 719 3240 Ποσσί
751 3203 814 3238 τε
841 3187 939 3241 καὶ
966 3183 1200 3254 κεφαλῇ
1225 3185 1627 3238 ἀνελίσσεται.

450 3296 624 3353 Τοῦτο
641 3297 686 3349 δ’
716 3296 934 3366 ἀπορῶν
961 3298 988 3349 6
1021 3295 1299 3362 Ἄτταλος,
1331 3295 1490 3365 φησὶν
1513 3294 1814 3365 ἁμάρτημα
1841 3287 1977 3344 εἶναι
1999 3307 2012 3320 ο

453 3386 562 3451 δεῖν
592 3387 650 3441 δὲ
672 3389 902 3458 γράφειν
935 3386 1106 3451 οὕτως
1131 3402 1146 3416 ο

523 3501 730 3566 Ἵππος
753 3499 804 3553 δ’
855 3499 1191 3567 ’Υδροχόοιο
1228 3496 1372 3550 νέον
1410 3493 1945 3566 περιτελλομένοιο.

447 3633 715 3692 Δανθάνει
759 3633 815 3686 δὲ
859 3631 950 3684 τόν
1003 3647 1062 3683 τε
1094 3628 1376 3693 Ἄτταλον,
1417 3627 1512 3680 καὶ
1557 3628 1682 3689 τοὺς
1723 3625 1917 3690 ἄλλους
1957 3624 2018 3678 τὸ

455 3727 700 3798 βούλημα
744 3724 838 3777 τοῦ
891 3721 1112 3794 ποιητοῦ
1138 3738 1152 3752 ⁸
1193 3722 1331 3791 τάχα
1369 3720 1425 3773 δὲ
1459 3719 1553 3773 καὶ
1584 3719 1644 3771 τὸ
1675 3717 2014 3787 φαινόμενον.

464 3813 522 3866 ’0
547 3813 656 3884 γὰρ
682 3811 982 3882 ’Υδροχόος,
1001 3813 1067 3881 τῇ
1097 3810 1242 3863 θέσει
1266 3809 1514 3879 κείμενος
1538 3807 1646 3861 ἀπὸ
1676 3803 2019 3878 μεσημϐρίας

449 3905 590 3976 πρὸς
625 3905 887 3976 ἄρκτους,
923 3903 991 3956 τὰ
1021 3904 1119 3972 μὲν
1165 3902 1304 3956 κατὰ
1341 3901 1403 3954 τὸ
1441 3899 1637 3971 στῆθος
1673 3900 1766 3953 καὶ
1805 3899 1904 3970 τὴν
1930 3915 2020 3952 κε-

453 3995 628 4066 φαλὴν
662 3995 805 4065 μέρη
839 3994 972 4047 πολὺ
1003 3993 1334 4047 ἐκπίπτοντα
1371 3991 1467 4044 τοῦ
1511 3989 1774 4055 ζωδιακοῦ
1821 3989 2018 4044 κύκλου

451 4089 533 4152 είς
566 4087 628 4140 τὸ
671 4087 806 4157 πρὸς
841 4087 1074 4158 ἄρκτους
1124 4084 1289 4155 μέρος
1332 4082 1472 4154 ἔχει,
1520 4083 1590 4136 τὰ
1632 4082 1689 4136 δὲ
1727 4080 1869 4136 κατὰ
1898 4082 2020 4147 τοὺς

453 4178 622 4241 πόδας
654 4175 944 4246 νοτιὼτερα
966 4175 1059 4228 τοῦ
1101 4174 1362 4239 ζωδιακοῦ
1393 4172 1593 4228 κύκλου
1614 4191 1627 4204 ⁸
1653 4175 1712 4226 ὲν
1732 4173 1790 4227 δὲ
1813 4171 1892 4243 τῷ
1913 4172 2021 4248 Cm:

450 4269 624 4341 διακῷ
656 4270 724 4323 τὰ
759 4269 898 4340 μέσα
937 4267 1100 4322 αὑτοῦ
1144 4270 1339 4322 κεῖται.
1382 4267 1536 4320 Ἐπεὶ
1561 4261 1654 4320 οὖν
1689 4265 1758 4319 τὰ
1784 4265 2019 4341 δωδεκα-

451 4337 690 4436 τημόρια
732 4337 824 4417 τοῦ
863 4362 1126 4427 ζωδιακοῦ
1171 4361 1369 4423 κύκλου
1410 4359 1717 4418 ὑποτίθεται
1755 4337 2019 4428 ἀναῷερό-

456 4469 627 4523 μενα,
657 4452 745 4506 διά
794 4451 950 4505 τοῦτο
997 4452 1024 4503 ὁ
1069 4453 1302 4523 ’Ἄρατος
1333 4450 1477 4518 λέγει
1505 4467 1518 4480 ·
1556 4448 1666 4503 Τοῦ
1699 4447 2020 4517 ’Υδροχόου

2114 2284 2382 2354 partibus,
2403 2299 2511 2339 non
2535 2285 2890 2355 Capricorno,
2919 2286 3248 2341 descendere
3273 2286 3462 2356 incipit
3492 2301 3556 2339 ex
3589 2285 3682 2339 ad-

2113 2391 2291 2432 verso.
2324 2375 2660 2446 Equiautem
2691 2392 2800 2432 non
2826 2379 3000 2433 solum
3026 2385 3190 2447 caput
3217 2393 3278 2431 ac
3304 2378 3466 2447 pedes
3505 2376 3679 2432 exorti

2114 2477 2282 2537 sunt;
2317 2471 2410 2525 sed
2444 2471 2654 2524 humeri
2682 2470 2843 2524 etiam
2879 2485 2941 2524 ac
2973 2478 3182 2539 pectus.

2183 2563 2260 2616 Ac
2302 2562 2580 2616 nonnullis
2611 2561 3047 2617 consideratione
3096 2559 3260 2630 digna
3299 2574 3389 2614 res
3445 2558 3678 2624 videtur,

2114 2669 2214 2710 cur
2264 2667 2387 2706 cum
2444 2651 2644 2707 Aratus
2695 2658 3012 2706 caeterorum
3067 2651 3222 2704 initia
3277 2651 3554 2720 signorum
3622 2652 3678 2705 in

2115 2747 2326 2802 oriente
2371 2744 2644 2809 statuerit,
2689 2753 2853 2814 atque
2889 2745 2962 2796 ita
3022 2743 3496 2798 constellationum
3530 2741 3674 2794 aliam

2116 2854 2238 2892 rum
2285 2845 2437 2892 ortus
2486 2843 2542 2891 et
2596 2850 2827 2890 occasus
2864 2835 3188 2904 explicarit,
3242 2833 3480 2889 medium
3531 2834 3676 2888 dun-

2007 2955 2012 2960 -
2117 2936 2266 2982 taxat
2313 2928 2612 2998 Aquarium
2671 2927 3002 2982 exorientem
3073 2926 3304 2990 fecerit,
3359 2926 3444 2981 his
3505 2926 3682 2982 versi-

2115 3023 2219 3080 bus
2254 3042 2266 3077 :

2186 3113 2368 3183 Equus
2397 3130 2514 3168 vero
2543 3112 2774 3182 Aquario
2809 3111 2976 3164 medio
3019 3113 3214 3165 oriente

2041 3217 2085 3276 C
2188 3183 2416 3238 Pedibus
2443 3193 2492 3238 et
2519 3185 2686 3250 capite
2708 3183 3005 3238 revolvitur.

2117 3296 2244 3355 Haec
2273 3312 2397 3351 cum
2441 3297 2726 3366 quaesisset
2769 3296 3002 3357 Attalus,
3031 3310 3271 3351 errorem
3316 3309 3440 3351 esse
3462 3309 3686 3368 respon.
3742 3271 3748 3282 ’

2117 3391 2226 3454 dit,
2268 3391 2449 3458 itaque
2478 3388 2825 3444 scribendum
2857 3387 3028 3442 videri
3057 3405 3070 3441 :

2190 3501 2369 3572 Equus
2407 3517 2522 3556 vero
2556 3501 2789 3571 Aquario
2824 3517 2999 3556 recens
3029 3500 3244 3559 oriente.

2190 3631 2295 3689 Sed
2351 3647 2526 3702 neque
2570 3633 2814 3696 Attalus,
2868 3649 3044 3704 neque
3089 3635 3269 3690 caeteri
3315 3643 3488 3707 poetae
3528 3651 3652 3692 men

2118 3731 2227 3778 tem
2289 3722 2789 3780 animadverterunt
2837 3741 2850 3777 :
2901 3724 3011 3777 imo
3062 3739 3130 3779 ne
3186 3727 3358 3795 ipsam
3419 3726 3680 3797 quidem,

2124 3821 2186 3868 ut
2216 3813 2430 3885 opinor,
2476 3815 2868 3884 apparentiam.
2923 3813 3136 3869 Etenim
3164 3813 3439 3886 Aquarius
3477 3832 3541 3872 eo
3570 3818 3680 3875 situ

2120 3907 2444 3973 collocatus,
2479 3913 2538 3960 ut
2585 3921 2614 3959 a
2644 3907 2879 3975 meridie
2917 3907 2982 3963 ad
3025 3908 3425 3980 septentriones
3451 3915 3635 3980 vergat
3666 3928 3683 3976 ;

2120 3997 2190 4053 iis
2245 3998 2492 4069 partibus
2537 4013 2658 4068 qua:
2701 4007 2827 4055 sunt
2855 4000 2922 4054 ad
2971 4010 3162 4073 pectus
3202 4009 3492 4072 caputque,
3543 4002 3686 4059 mul-

2119 4098 2236 4147 tum
2260 4105 2289 4146 a
2318 4091 2541 4146 zodiaco
2564 4091 2802 4147 declinat
2823 4092 2890 4148 ad
2913 4094 3245 4163 aquilonem;
3269 4109 3389 4164 quae
3409 4093 3474 4148 ad
3499 4092 3684 4164 pedes.

2121 4183 2474 4239 australiores
2487 4190 2615 4239 sunt
2636 4184 2858 4239 zodiaco
2879 4185 3109 4251 circulo;
3131 4183 3308 4240 media
3325 4184 3497 4256 ipsius
3525 4185 3578 4239 in
3601 4199 3687 4239 zo-

2121 4275 2282 4330 diaco
2307 4276 2676 4332 collocantur.
2709 4275 3071 4342 Quamobrem
3100 4293 3222 4332 cum
3253 4276 3456 4352 Aratus
3477 4277 3688 4334 zodiaci

2120 4367 2560 4423 dodecatemoria
2588 4368 2643 4422 in
2682 4367 2802 4439 ipso
2839 4369 3232 4440 contempletur
3261 4383 3510 4432 ascensu,
3543 4368 3684 4432 ideo,

2122 4474 2244 4514 cum
2298 4459 2572 4528 Aquarius
2630 4460 2808 4514 medio
2858 4474 3087 4530 corpore
3127 4460 3321 4527 oritur,
3355 4457 3558 4530 Equus,
3588 4459 3686 4523 ait,

453 4545 604 4598 κατὰ
625 4544 820 4614 μέσον
853 4544 958 4598 τοῦ
989 4543 1260 4612 σώματος
1284 4541 1742 4606 ἀνατέλλοντος,
1763 4542 1796 4593 ό
1819 4540 2019 4604 Ἵππος

2128 4551 2447 4621 pedibusque
2487 4559 2537 4604 et
2589 4551 2760 4620 capite
2795 4551 3116 4606 revolvitur:
3169 4567 3279 4608 non
3327 4557 3508 4605 autem
3560 4563 3686 4603 cum

454 4636 604 4690 ποσί
633 4652 697 4688 τε
722 4635 820 4689 καὶ
862 4633 1096 4703 κεφαλῇ’
1127 4633 1546 4691 ἀνελίσσεται·
1578 4631 1670 4684 καὶ
1693 4630 1814 4700 οὐχὶ
1835 4629 1894 4682 τὺ
1930 4629 2026 4700 μέ-

457 4747 549 4786 σον
577 4728 671 4782 τοῦ
699 4729 757 4780 ἐν
791 4727 870 4798 τῷ
912 4725 1360 4797 δωδεκατημορίῳ
1395 4726 1618 4796 μήκους,
1649 4724 1723 4788 ὼς
1758 4723 1812 4776 οἳ
1832 4741 1893 4776 τε
1926 4739 2028 4776 πα-

454 4821 596 4873 λαιοὶ
628 4821 720 4872 καὶ
752 4822 780 4872 6
816 4819 1076 4881 ¹Ἄτταλος
1101 4819 1397 4888 ἐκδέχεται.
1433 4817 1749 4885 Ἀναγκαῖον
1773 4811 1865 4868 οῦν
1890 4812 2027 4868 εἶναι

453 4912 601 4965 δοκεῖ
633 4929 720 4981 μοι
757 4909 832 4982 μὴ
879 4909 1220 4979 μετατιθέναι
1251 4909 1341 4962 τὶν
1373 4908 1570 4977 στίχον,
1606 4907 1680 4969 ὡς
1706 4908 1734 4959 6
1769 4905 2028 4967 Ἄτταλος

456 5003 831 5068 ὑποδεικνύει,
865 5004 923 5058 ὲν
949 5002 1082 5063 πᾶσί
1112 5019 1174 5070 γε
1217 5000 1280 5071 δὴ
1321 5003 1432 5063 τοῖς
1470 4998 1821 5069 ἀντιγράφοις
1855 4997 2027 5060 οὕτως

453 5096 622 5151 αὑτοῦ
652 5074 1020 5167 γραφομένου.

537 5189 598 5240 Ὅ
634 5187 692 5240 δὲ
738 5185 965 5250 Εὔδοξος
1015 5185 1200 5252 ἀγνοεῖ
1249 5185 1374 5254 περί
1413 5201 1472 5236 τε
1515 5183 1615 5252 τῆς
1661 5183 2026 5247 Κασσιεπείας

455 5278 551 5330 καὶ
584 5276 677 5329 τοῦ
715 5258 986 5344 Δελφῖνος.
1017 5276 1092 5326 Οὺ
1133 5274 1241 5344 γὰρ
1277 5273 1354 5344 τῷ
1395 5274 1674 5346 Αἱγόκερῳ
1715 5275 2028 5328 συνανατέλ-

456 5366 538 5418 λει
559 5382 571 5395 °
601 5365 714 5419 ἀλλ’
747 5367 780 5435 ἡ
819 5365 915 5434 μὲν
945 5364 1282 5422 Κασσιέπεια
1319 5367 1430 5426 τοῖς
1462 5364 1598 5427 δυσὶ,
1623 5364 1699 5434 τῷ
1730 5382 1790 5418 τε
1825 5366 2024 5438 Τοξότῃ

459 5457 554 5510 καὶ
587 5455 665 5527 τῷ
702 5455 999 5526 Αἰγὸκερῳ.
1041 5456 1300 5527 Ἀρχεται
1348 5457 1444 5526 μὲν
1478 5455 1584 5526 γὰρ
1627 5457 2026 5511 συνανατέλλειν

457 5549 524 5619 τῇ
564 5555 610 5602 α’
637 5549 730 5602 καὶ
773 5555 820 5600 κ’
852 5548 958 5618 μοί.
985 5547 1079 5600 τοῦ
1111 5547 1338 5612 Τοξότου
1369 5564 1381 5576 ’
1427 5546 1647 5617 ἔσχατον
1690 5549 1746 5601 δὲ
1793 5566 2024 5603 συνανα-

457 5639 632 5692 τέλλει
664 5642 730 5710 τῇ
774 5639 837 5708 ιβ’
877 5639 986 5709 μοί.
1023 5639 1116 5692 τοῦ
1151 5640 1451 5712 Αίγόκερω.
1497 5640 1554 5693 '0
1585 5639 1640 5692 δὲ
1669 5639 1861 5710 Δελφὶς
1908 5641 2026 5705 ὅλος

458 5730 537 5800 τῷ
570 5730 770 5803 Τοξότῃ
801 5731 1170 5786 συνανατέλλει
1203 5734 1309 5786 ἀπὸ
1348 5734 1445 5803 τῆς
1495 5739 1540 5786 κ’
1583 5732 1745 5786 αὑτοῦ
1779 5733 1887 5805 μοί.
1925 5735 2026 5798 ἕως

458 5821 560 5896 τῆς
587 5821 684 5878 κδ’.

2128 4643 2484 4714 longitudinis
2535 4643 2590 4696 in
2627 4643 2852 4696 zodiaco
2889 4644 3126 4698 medium
3182 4644 3376 4707 oritur,
3426 4641 3686 4711 quemad~

2126 4735 2348 4790 modum
2385 4741 2496 4786 tam
2529 4733 2765 4800 Attalus,
2811 4749 2972 4804 quam
3021 4740 3233 4789 veteres
3281 4733 3684 4788 intellexerunt.

2127 4824 2287 4880 Nullo
2331 4824 2515 4894 itaque
2567 4824 2730 4878 modo
2795 4823 3242 4879 commutandum
3290 4838 3412 4880 esse
3467 4838 3686 4878 versum

2127 4919 2280 4972 illum
2313 4918 2552 4972 arbitror
2575 4957 2591 4980 ,
2637 4925 2696 4970 ut
2728 4914 2915 4970 Attalo
2953 4916 3165 4986 placet;
3215 4931 3340 4971 cum
3386 4931 3497 4970 non
3532 4916 3690 4970 aliter

2127 5009 2185 5063 in
2214 5008 2620 5078 exemplaribus
2665 5006 2920 5061 omnibus
2946 5006 3175 5076 legatur.

2199 5183 2317 5237 Jam
2350 5183 2406 5237 in
2435 5180 2726 5251 Cassiepea
2769 5188 2824 5236 et
2873 5177 3138 5250 Delphino
3167 5178 3338 5236 falsus
3379 5186 3464 5233 est
3511 5177 3690 5232 Eudo.

2129 5294 2253 5334 xus.
2288 5275 2408 5331 Non
2454 5277 2596 5332 enim
2630 5291 2752 5329 cum
2786 5275 3122 5346 Capricorno
3147 5273 3521 5328 conscendunt
3553 5290 3564 5324 :
3593 5271 3688 5325 sed

2125 5367 2417 5437 Cassiepea
2447 5383 2571 5421 cum
2606 5367 2842 5429 duobus,
2881 5365 3172 5436 Sagittario
3211 5363 3462 5417 videlicet
3505 5370 3558 5415 et
3586 5362 3689 5414 C'i-

2126 5460 2406 5530 pricorno.
2434 5457 2645 5513 Etenim
2687 5459 2820 5512 oriri
2849 5457 3040 5526 incipit
3069 5471 3192 5511 cum
3221 5453 3481 5508 vicesima
3513 5454 3688 5521 prima

2125 5558 2278 5622 parte
2317 5548 2626 5619 Sagittarii;
2679 5559 2954 5619 postremo
3004 5562 3135 5602 vero
3187 5561 3309 5600 cum
3365 5544 3688 5613 Capricorni

2126 5640 2448 5696 duodecima
2472 5640 2668 5694 oritur.
2700 5640 2769 5693 At
2793 5638 3092 5709 Delphinus
3127 5653 3250 5692 cum
3285 5634 3577 5706 Sagittario
3611 5641 3690 5687 to~

2128 5743 2216 5788 tus
2261 5733 2504 5787 exoritur
2536 5747 2564 5785 a
2601 5740 2754 5802 parte
2799 5731 2973 5802 ipsius
3003 5729 3282 5793 vicesima,
3329 5726 3397 5782 ad
3436 5733 3691 5797 quartam

2128 5833 2181 5887 et
2206 5825 2540 5881 vicesimam.
