4132 6410
408 311 548 369 1089

1392 298 1764 372 HlPPAltCHI
1803 301 1895 359 AD
1933 297 2386 361 PHENOMENA
2424 303 2552 358 LIB.
2590 298 2653 358 ιι.

3512 305 3654 362 1090

407 424 470 479 τὸ
499 421 751 493 ἀγνόημα
764 437 789 478 ,ο
826 419 921 474 καὶ
957 417 1040 472 δεῖ
1075 433 1157 473 τοι
1189 416 1225 490 ἢ
1257 417 1332 482 ὡς
1372 418 1578 483 ἐκεῖνός
1609 435 1742 492 φησι
1770 419 1966 491 γράφε-

2081 419 2255 474 ciunt.
2282 416 2417 472 Hinc
2445 417 2660 472 Attalus
2681 424 2834 471 recte
2870 415 2972 470 hoc
3008 414 3226 486 quidem
3259 417 3654 482 animadvertit

412 517 538 572 σθαι
566 531 582 546 ⁶

413 672 484 729 Ἦ
509 672 664 742 Κριῷ
691 671 919 727 ἀνιόντι
947 669 1273 741 φαείνεται,
1301 668 1342 740 ἦ
1375 667 1474 723 ἐπὶ
1514 669 1742 738 Ταύρῳ·
1806 723 1814 731 ,
1874 718 1883 726 .

409 765 444 836 ἢ
471 765 536 836 νὴ
569 764 667 818 Δία
697 763 868 826 οὕτως
888 779 902 792 ⁸

411 857 481 912 Ἦ
505 855 658 925 Κριῷ
681 854 960 924 λήγουσα
985 853 1288 924 φαείνεται
1315 870 1328 884 ·

409 943 550 997 ὥστε
577 943 659 1010 τὺ,
682 941 977 1012 λήγουσα,
1011 942 1101 994 ἐπὶ
1127 942 1226 1014 τὴν
1259 940 1434 1014 ζώνην
1459 938 1843 1012 ἀναφέρεσθαι.
1878 941 1980 995 Λέ-

409 1035 539 1107 ληθε
573 1035 818 1106 μέντοιγε
860 1033 1021 1088 αὐτὸν
1051 1034 1114 1088 τὸ
1143 1033 1390 1104 βούλημα
1425 1032 1519 1086 τοῦ
1550 1031 1774 1104 ποιητοῦ
1797 1032 1889 1086 καὶ
1921 1033 1978 1085 ὲν

408 1123 642 1188 τούτοις.
676 1123 841 1192 Λέγει
877 1123 986 1195 γὰρ
1016 1123 1216 1188 οὕτως*
1260 1122 1448 1194 Ἡμεῖς
1486 1122 1692 1193 μέντοι
1739 1122 1839 1175 καὶ
1881 1122 1980 1176 ἐπὶ

410 1218 601 1282 τούτῳ
629 1215 709 1282 τῷ
727 1233 791 1271 τε
816 1215 1031 1285 ποιητῇ
1054 1215 1388 1285 συμφώνως
1413 1215 1509 1268 καὶ
1547 1214 1672 1281 τοῖς
1703 1214 1980 1284 φαινομέ-

408 1325 538 1375 νοις
571 1309 913 1374 ἀκολούθως
937 1308 1175 1378 οὶόμεθα
1197 1305 1324 1361 δεῖν
1352 1304 1681 1376 γράφεσθαι
1710 1305 1779 1359 τὸ
1807 1305 1978 1374 ποίη-

403 1414 490 1466 μα
513 1397 623 1452 τὸν
652 1399 874 1466 τρόπον
898 1395 1143 1452 τοῦτον·

407 1511 570 1582 Αὐτὴ
598 1511 666 1566 δὲ
689 1510 858 1579 ζώνη,
885 1513 986 1566 και
1023 1514 1076 1565 κ’
1099 1510 1442 1581 ἀμφήριστα
1471 1509 1730 1582 πέλοιτο,

410 1577 478 1636 Ἦ
506 1577 660 1652 Κριῷ
683 1577 912 1637 ἀνιόντι
939 1577 1276 1652 φαείνὲτὶιιξ
1295 1582 1333 1650 ἢ
1366 1582 1463 1634 ἐπὶ
1501 1577 1717 1650 Ταύρῳ.

407 1652 534 1706 Σὺν
568 1651 648 1717 τῷ
682 1651 993 1721 πασσυδίῃ
1023 1652 1429 1707 ἀνελίσσεται.

2077 518 2339 566 erratum.
2386 509 2462 564 'Et
2486 510 2710 565 omnino
2737 508 2844 574 vel,
2893 516 2954 562 ut
2978 509 3056 563 illi
3083 510 3283 578 placet,
3326 510 3400 566 ita
3429 510 3651 566 confor-

1956 613 1972 628 ⁴
2078 601 2310 656 mandus
2337 609 2422 656 est
2450 601 2542 655 ille
2569 616 2761 656 versus
2795 619 2807 654 :

2081 692 2159 746 An
2191 693 2285 747 sub
2312 694 2490 747 Ariete
2519 694 2822 747 ascendente
2858 701 3131 761 appareat,
3165 691 3243 746 vel
3271 692 3364 748 sub
3394 689 3591 758 Tauro,

2077 783 2163 837 vel
2188 782 2240 836 in
2280 782 2426 836 hunc
2463 790 2612 837 certe
2642 781 2894 835 modum:

2077 871 2160 925 An
2189 871 2284 926 sub
2320 872 2497 926 Ariete
2527 872 2766 925 desinens
2808 882 3083 941 appareat,

2079 972 2139 1019 ut
2185 966 2528 1035 participium
2586 965 2825 1019 desinens
2895 963 2963 1018 ad
3019 965 3295 1035 cingulum
3356 965 3644 1034 pertineat.

2077 1057 2445 1113 Nihilominus
2472 1067 2655 1112 tamen
2687 1073 2715 1110 a
2747 1065 2919 1128 poetae
2956 1058 3227 1112 sententia
3259 1057 3420 1111 etiam
3455 1057 3510 1110 in
3559 1058 3648 1112 his

2078 1148 2315 1205 aberrat.
2340 1150 2417 1203 lta
2445 1149 2645 1219 quippe
2676 1148 2869 1204 scribit
2927 1166 2940 1201 :
2981 1146 3094 1202 Nos
3125 1158 3301 1202 autem
3343 1149 3397 1202 in
3428 1165 3487 1203 eo
3518 1165 3647 1202 con-

2077 1253 2317 1295 sentanee
2359 1258 2475 1294 cum
2507 1250 2682 1310 poeta,
2717 1249 2765 1294 et
2815 1241 3181 1309 apparentium
3227 1240 3333 1310 ﬁde
3387 1241 3647 1295 credimus

2077 1331 2156 1383 ita
2179 1347 2353 1385 versus
2382 1331 2503 1384 illos
2527 1347 2638 1385 esse
2662 1331 2959 1386 scribendos
2982 1346 3000 1384 :

2080 1505 2272 1582 Ipsum
2295 1517 2470 1582 autem
2499 1509 2766 1582 cingulum
2794 1510 2954 1562 etiam
2979 1512 3284 1582 ambiguum
3310 1516 3475 1582 fuerit

2080 1579 2160 1630 An
2189 1577 2282 1630 sub
2313 1579 2488 1632 Ariete
2514 1577 2822 1633 ascendente
2850 1577 3222 1648 appareatfan
3253 1577 3347 1636 sub
3375 1584 3574 1640 Tauro.

2080 1647 2212 1701 Cum
2241 1665 2342 1718 quo
2370 1649 2679 1701 cumulatim
2709 1649 3012 1705 revolvitur.

420 1759 581 1813 Ἐπεὶ
624 1759 767 1830 γὰρ,
788 1759 1124 1829 μέλλοντος
1160 1758 1264 1814 τοῦ
1303 1758 1486 1828 Κριοῦ
1524 1757 1910 1824 ἀνατέλλειν,
1943 1761 1966 1813 (Ξ

2149 1759 2282 1814 Cum
2307 1762 2445 1815 enim
2474 1762 2704 1816 instante
2722 1765 2915 1819 Arietis
2938 1775 3080 1830 ortu,
3109 1766 3328 1822 Perseus
3359 1770 3496 1824 citra
3521 1787 3646 1825 con-

403 1851 672 1920 Περσεὺς
699 1852 1184 1922 ὁμολογουμένως
1212 1851 1388 1922 μέχρι
1431 1851 1550 1905 τῶν
1591 1851 1764 1921 ὤμων
1789 1853 1974 1921 ἐκερα-

403 1943 520 2014 νὴς
563 1944 806 2014 γίνεταιο
847 1945 967 2014 ἅμα
1007 1943 1075 1997 δὲ
1119 1942 1200 2009 τῷ
1244 1943 1538 2012 ἄρξασθαι
1577 1943 1975 2013 ἀναφέρεσθαι

401 2035 511 2089 τὸν
544 2035 748 2104 Κριὸν,
779 2036 996 2102 εὐθέως
1020 2035 1278 2104 ἔκδηλος
1316 2038 1355 2105 ή
1390 2036 1494 2090 τοῦ
1523 2037 1797 2105 Περσέως
1827 2033 1974 2105 ζώνη

401 2129 653 2198 γίνεται,
686 2127 784 2183 διὰ
820 2129 887 2183 τὸ
919 2128 1120 2198 ,ϐραχὺ
1157 2127 1467 2194 παντελῶς
1511 2128 1976 2198 παραλλάσσειν

401 2217 512 2289 τῆς
540 2220 648 2274 τοῦ
673 2221 853 2288 Κριοῦ
882 2221 1075 2292 ἀρχῆς
1104 2221 1218 2291 τὴν
1249 2221 1438 2291 φάσιν
1463 2221 1654 2290 αὐτῆς
1673 2240 1686 2252 ·
1717 2220 1973 2282 διστάζει

313 2352 323 2363 .
402 2309 656 2378 πότερον
683 2311 835 2365 κατὰ
861 2311 974 2380 τὴν
1004 2311 1110 2366 τοῦ
1146 2311 1326 2382 Κριοῦ
1349 2310 1686 2381 μέλλοντος
1725 2311 1974 2365 ἀνατέλ-

399 2404 534 2455 λειν
573 2401 774 2472 ἀρχὴν
805 2405 1098 2472 ὑπόθηται
1131 2404 1360 2473 φανερά
1382 2403 1425 2435 ⁸⁸
1463 2402 1582 2472 ἤδη
1616 2403 1905 2474 γίνεσθαιο
1930 2401 1970 2472 ἢ

400 2491 498 2544 ἐπὶ
540 2492 605 2545 τὸ
633 2492 875 2563 μᾶλλον
904 2496 1393 2566 ,ὁμολογούμενον
1419 2496 1568 2564 ἔλθῃ
1589 2513 1602 2525 ·
1632 2494 1781 2548 διότι
1805 2535 1820 2561 ,
1866 2493 1972 2548 τοῦ

406 2583 630 2650 Ταύρου
667 2583 1004 2652 μέλλοντος
1051 2587 1485 2657 ἀναφέρεσθαι,
1523 2587 1791 2656 ἐκφανής
1838 2590 1971 2640 ἐστι

400 2670 507 2725 τοῦ
532 2674 804 2744 Περσέως
836 2678 874 2745 ἡ
917 2675 1062 2747 ζώνη
1089 2679 1242 2748 μετά
1274 2679 1380 2734 τοῦ
1422 2679 1638 2734 λοιποῦ
1675 2678 1967 2749 σώματος.

399 2765 510 2819 Kal
531 2765 744 2821 τοῦτον
782 2768 890 2822 τὸν
915 2771 1138 2837 τρόπον
1175 2771 1549 2842 γραφομένου
1575 2771 1682 2826 τοῦ
1721 2770 1972 2840 ποιήμασ-

2080 1851 2386 1904 troversiam
2425 1853 2652 1905 humeris
2694 1862 2842 1907 tenus
2865 1865 3150 1921 appareat;
3181 1859 3499 1928 simulatque
3527 1878 3644 1916 vero

2078 1941 2229 2008 cmpit
2288 1940 2441 1994 Aries
2496 1939 2793 2006 ascendere,
2835 1945 3014 1996 statim
3062 1947 3344 2015 conspicua
3387 1949 3458 2002 sit
3509 1969 3646 2006 zona

2079 2031 2282 2099 Persei,
2340 2048 2435 2100 pro
2476 2050 2536 2087 eo
2588 2034 2726 2104 quod
2758 2037 3102 2106 perpusillum
3152 2037 3216 2091 ab
3263 2040 3457 2096 Arietis
3490 2043 3644 2098 initio

2078 2123 2238 2178 distet
2269 2124 2414 2178 illius
2440 2126 2736 2193 apparitio;
2757 2127 2977 2198 ambigit
3005 2140 3178 2199 poeta,
3209 2149 3334 2184 num
3370 2133 3465 2187 sub
3487 2136 3644 2190 Arie-

2081 2217 2145 2270 tis
2181 2219 2324 2270 ortui
2350 2218 2814 2287 appropinquantis
2847 2221 3056 2274 initium
3077 2238 3326 2289 apparere
3352 2225 3470 2294 jam
3493 2226 3646 2281 illam

2079 2319 2302 2373 asserat,
2344 2326 2412 2362 an
2453 2308 2507 2362 id
2552 2321 2763 2378 usurpet
2799 2313 2994 2379 potius,
3043 2316 3181 2383 quod
3210 2317 3262 2368 in
3294 2317 3531 2386 confesso
3567 2328 3646 2374 est

2079 2400 2325 2464 maxime,
2399 2402 2628 2454 instante
2677 2401 2844 2455 Tauri
2885 2415 3110 2468 exortu,
3161 2423 3414 2476 apparere
3463 2409 3646 2466 Persei

2080 2490 2344 2559 cingulum
2372 2507 2479 2544 una
2505 2509 2621 2545 cum
2649 2494 2846 2564 reliquo
2881 2511 3114 2564 corpore.
3150 2499 3319 2569 Atque
3346 2500 3442 2555 hoc
3489 2503 3644 2557 modo

2077 2582 2334 2650 conceptis
2377 2584 2738 2649 carminibus,
2783 2601 2899 2637 cum
2948 2587 3013 2640 iis
3064 2588 3340 2658 integritas
3373 2609 3472 2646 sua
3520 2611 3646 2648 con-

2077 2672 2256 2736 stabit,
2291 2684 2400 2726 tum
2429 2673 2494 2728 de
2515 2675 2724 2746 cingulo
2754 2686 2909 2745 poeta
2947 2695 3050 2732 non
3083 2679 3256 2734 solum
3281 2683 3525 2750 scienter,
3551 2685 3643 2740 sed

2076 2767 2236 2819 etiam
2275 2775 2459 2820 exacte
2497 2771 2775 2836 scripsisse
2802 2770 3083 2826 videbitur.

400 2876 523 2927 τος,
566 2860 640 2914 τά
685 2879 748 2916 τε
787 2864 1126 2934 γραφόμενα
1175 2866 1545 2937 σωθήσεται,
1593 2867 1694 2921 καὶ
1746 2868 1820 2920 τὰ
1857 2863 1991 2934 περὶ
2045 2860 2178 2930 τῆςι
2212 2858 2394 2930 ζώνης
2425 2863 2458 2915 ό
2490 2862 2743 2932 ποιητὴς
2783 2867 2855 2919 οὐ
2894 2868 3088 2935 μόνον
3126 2867 3447 2939 ἐμπείρως,
3481 2873 3643 2929 ἀλλὰ

399 2949 500 3006 καὶ
527 2951 776 3051 ἀκριϐῶς
798 2954 1196 3025 ἐξηγούμενος
1223 2956 1300 3012 ἂν
1325 2960 1614 3028 φαίνοιτο.

469 3063 570 3119 lZ'.
611 3065 832 3138 Πρῶτον
868 3068 965 3139 μὲν
997 3064 1090 3123 οὖν
1119 3070 1208 3125 διὰ
1235 3071 1438 3127 τούτων
1467 3076 1496 3127 6
1533 3073 1790 3138 ’Ἄτταλος
1831 3075 1966 3128 ἀπο-

2142 3061 2302 3118 XVII.
2321 3059 2427 3116 Sed
2456 3061 2709 3130 inprimis
2724 3061 2888 3116 Attali
2908 3063 3178 3120 haesitatio
3207 3065 3296 3120 illa
3320 3082 3388 3122 ex
3416 3082 3481 3123 eo
3512 3083 3642 3138 pro-

405 3159 488 3228 ρετ
512 3158 580 3224 ⁸³,
611 3157 847 3230 νομίζων
893 3160 986 3213 ἐπὶ
1019 3162 1269 3216 τοσοῦτον
1317 3163 1414 3235 τὴν
1452 3165 1735 3236 ἀκρίϐειαν
1772 3168 1830 3220 ὲν
1858 3169 1968 3230 τοῖς

401 3250 742 3320 φαινομένοις
773 3252 877 3305 ὑπὸ
921 3254 1147 3326 Ἀράτου
1181 3254 1482 3326 διειλῆφθαι
1508 3298 1522 3322 ,
1549 3255 1689 3310 ὥστε
1715 3257 1842 3328 περὶ
1869 3258 1968 3310 αὺ-

397 3341 506 3394 τῶν
536 3343 642 3396 τῶν
671 3344 729 3396 ὲν
765 3346 830 3415 τῇ
857 3342 1000 3418 ζώνῃ
1027 3345 1120 3398 τοῦ
1152 3347 1407 3418 Περσέως
1445 3348 1690 3420 ἀστέρων
1730 3348 1966 3413 διστάζει

395 3433 457 3486 τὸ
487 3433 713 3506 πότερον
754 3435 855 3505 τῆς
890 3437 1065 3507 ἀρχῆς
1106 3437 1198 3491 τοῦ
1247 3437 1418 3509 Κριοῦ
1457 3441 1542 3492 ἐπ’
1584 3440 1848 3511 ἀνατολῆς
1879 3439 1969 3493 οὔ·

398 3540 497 3594 σης
519 3564 534 3589 ,
563 3525 658 3579 καὶ
685 3526 822 3597 αὑτὴ
851 3527 952 3600 ἤδη
983 3531 1192 3601 φανερά
1224 3532 1370 3584 ἐστιν
1406 3533 1504 3584 σὺν
1533 3535 1642 3596 τοῖς
1672 3531 1843 3603 ὢμοις
1873 3536 1968 3588 καὶ

394 3616 460 3686 τῇ
487 3616 716 3686 κεφαλῇ,
756 3616 788 3688 ἢ
820 3618 936 3688 μετ’
963 3618 1160 3688 ὀλίγον.
1194 3619 1377 3692 Χωρὶς
1407 3620 1516 3692 γὰρ
1546 3621 1640 3674 τοῦ
1668 3622 1968 3695 ὁλοσχερῶς

399 3706 474 3778 μὴ
505 3709 662 3779 μόνον
688 3710 777 3765 τὸν
813 3713 1066 3784 Ἄρατον,
1101 3714 1239 3768 ἀλλὰ
1277 3716 1370 3769 καὶ
1400 3717 1492 3770 τὸν
1519 3716 1746 3783 Εὔδοξον
1773 3720 1830 3771 ὲν
1855 3721 1966 3783 τοῖς

395 3797 742 3867 φαινομένοις
773 3799 1227 3873 ἀναστρέφεσθαι,
1257 3803 1510 3876 καθάπερ
1537 3806 1960 3878 ἐπιδεδείχαμεν,

393 3887 474 3941 ἔτι
499 3889 591 3941 καὶ
616 3891 674 3944 οὐ
702 3891 858 3962 μόνον
883 3895 972 3948 ἐπὶ
1003 3898 1102 3966 τῆς
1135 3895 1228 3948 τοῦ
1250 3898 1506 3969 Περσέως
1529 3896 1704 3970 ζώνης
1733 3900 1876 3953 τοῦτ’
1896 3901 1964 3955 ἂν

397 3980 548 4050 παρά
578 3980 656 4051 τῷ
707 3983 918 4056 Ἀράτῳ
944 3985 1266 4053 διστάζοιτο,
1300 3989 1436 4042 ἀλλὰ
1467 3990 1562 4043 καὶ
1604 3992 1696 4044 ἐπὶ
1747 3992 1964 4046 πάντων

397 4069 441 4140 β’
467 4070 499 4141 ἢ
533 4071 626 4124 καὶ
657 4073 866 4128 πλείοσι
895 4075 1100 4141 ζωδίοις
1130 4080 1626 4135 συνανατελλόντων
1651 4083 1720 4136 ⁸³.
1753 4084 1964 4150 Τελέως

395 4160 441 4214 δ’
473 4162 520 4193 ⁸³
547 4165 760 4233 ἀγνοεῖν
791 4165 992 4231 δόξειεν
1037 4169 1066 4221 6
1113 4170 1373 4236 Ἀτταλος
1419 4173 1512 4226 καὶ
1545 4174 1612 4226 τά
1643 4176 1960 4246 φαινόμενα,

396 4251 791 4324 ὑπολαμϐάνων
837 4257 976 4311 κατά
1023 4259 1278 4331 ἀλήθειαν
1323 4261 1498 4327 οὕτως
1543 4259 1682 4318 εἶναι
1720 4265 1963 4332 δισταζό-

395 4360 530 4415 μενα
562 4347 691 4419 περὶ
720 4347 818 4419 τὴν
847 4336 1022 4421 ζώνην
1057 4351 1152 4405 τοῦ
1183 4353 1456 4425 Περσέως,
1490 4355 1742 4428 καθάπερ
1779 4357 1962 4430 προει-

395 4452 578 4507 ρηκεν.
616 4438 690 4490 Οὐ
722 4437 830 4511 γὰρ
872 4441 1007 4513 μόνη
1053 4444 1088 4514 ἡ
1133 4442 1276 4516 ζώνη
1309 4445 1401 4498 τοῦ
1432 4447 1683 4520 Περσέως
1711 4449 1957 4518 φαίνεται

392 4529 531 4600 ὑπὲρ
562 4530 685 4601 γῆν,
717 4532 810 4585 τοῦ
833 4532 1004 4602 Κριοῦ
1025 4535 1324 4607 ἀρχομένου
1349 4539 1677 4606 ἀνατέλλειν,
1706 4541 1841 4596 ἀλλά
1863 4545 1958 4597 καὶ

389 4620 508 4685 ὅλος
537 4622 721 4692 σχεδὸν
764 4627 792 4678 6
842 4627 1105 4698 Περσεὺς,
1137 4629 1277 4700 πλὴν
1311 4630 1405 4684 τοῦ
1456 4633 1748 4706 ἀριστεροῦ
1798 4635 1958 4701 ποδὸς

390 4713 484 4768 καὶ
531 4713 623 4766 τοῦ
663 4716 904 4783 γόνατος.
961 4718 1018 4770 Ὁ
1074 4718 1174 4788 μὲν
1227 4719 1335 4792 γὰρ
1383 4721 1552 4786 δεξιὸς
1602 4725 1768 4778 αὐτοῦ
1822 4726 1957 4791 ποῦς

360 4807 768 4864 ,συνανατέλλει
801 4811 866 4879 τῇ
916 4816 964 4879 η’
1013 4811 1124 4880 μοι.
1161 4811 1269 4864 τῶν
1321 4813 1557 4883 Ἰχθύων,
1600 4816 1629 4868 6
1672 4815 1730 4868 δὲ
1779 4818 1838 4871 ὲν
1878 4818 1957 4889 τῷ

387 4898 545 4969 δεξιῷ
566 4899 750 4968 γόνατι
773 4903 839 4971 τῇ
864 4900 907 4964 ζ’
933 4903 1097 4973 μοίρᾳ
1115 4905 1175 4956 ’ό
1203 4903 1259 4956 δὲ
1289 4905 1347 4958 ὲν
1373 4905 1450 4974 τῷ
1475 4905 1744 4979 Γοργονίῳ
1775 4911 1871 4963 καὶ
1887 4913 1953 4982 τῇ

387 4993 650 5064 ἀριστερᾷ
696 4994 838 5064 χειρὶ
863 4995 1112 5065 κείμενος
1138 4995 1386 5068 λαμπρὸς
1422 5001 1618 5072 ἀστὴρ,
1658 5000 1717 5064 ὃς
1761 5002 1956 5073 μικρὸν

387 5086 706 5155 προηγεῖται
742 5084 833 5137 τοῦ
877 5086 1167 5157 ἀριστεροῦ
1221 5090 1422 5161 μηροῦ,
1476 5095 1542 5162 τῇ
1598 5100 1664 5161 ιγ’
1703 5094 1810 5164 μοί.
1847 5095 1956 5148 τῶν

355 5196 358 5198 ν
399 5176 618 5246 ’ἰχθύων
653 5178 1115 5249 συναναφέρεται·
1166 5179 1300 5250 μόνη
1343 5181 1401 5234 δὲ
1433 5183 1598 5236 αὐτοῦ
1629 5187 1660 5256 ή
1692 5186 1955 5257 ἀριστερά

385 5268 569 5338 κνήμη
594 5267 672 5338 τῷ
702 5266 858 5340 Κριῷ
889 5269 1285 5324 συνανατέλλει.
1315 5273 1482 5343 Δῆλον
1506 5271 1620 5335 οὖν,
1650 5277 1729 5328 ὅτι
1774 5278 1956 5346 ἀγνοεῖ

384 5355 558 5425 λέγων
599 5358 667 5411 τά
701 5374 761 5410 τε
796 5359 1097 5431 φαινόμενα
1142 5361 1500 5432 σωθήσεσθαι,
1531 5365 1623 5417 καὶ
1660 5365 1751 5417 τὸν
1784 5366 1952 5437 Ἀρα-

381 5465 473 5500 τον
500 5450 776 5522 ἐμπείρως
804 5451 897 5504 καὶ
937 5451 1183 5522 ἀκριϐῶς
1209 5453 1277 5506 τά
1299 5455 1426 5524 περὶ
1449 5454 1548 5525 τῆς
1573 5454 1666 5509 τοῦ
1700 5456 1954 5528 Περσέως

385 5539 560 5613 ζώνης
595 5543 874 5612 φανεῖσθαι
904 5543 1287 5615 ἐξηγούμενον.

451 5700 496 5734 οι
525 5702 782 5772 φανεράν,
854 5703 900 5736 ﬂ
1011 5705 1215 5773 ἀγνοεῖ.
1287 5703 1334 5736 ⁸³
1368 5723 1456 5774 π).
1492 5704 1640 5771 τέλος
1661 5706 1736 5762 δέ.

2074 3154 2353 3217 ﬁciscitur,
2387 3153 2534 3223 quod
2569 3161 2677 3207 tam
2710 3163 2958 3208 exactum
3007 3158 3060 3210 in
3107 3158 3477 3227 phamomenis
3521 3176 3644 3231 per-

2070 3245 2375 3304 scribendis
2399 3248 2625 3301 Aratum
2667 3245 2837 3302 fuisse
2866 3258 3074 3314 censet,
3113 3259 3171 3303 ut
3195 3252 3261 3306 de
3295 3253 3492 3318 stellis,
3521 3270 3643 3324 quas

2069 3347 2197 3392 sunt
2217 3337 2271 3390 in
2291 3337 2472 3392 Persei
2501 3337 2700 3402 balteo,
2725 3337 2959 3404 dubitet,
2985 3347 3165 3392 utrum
3184 3340 3386 3396 Arietis
3405 3342 3560 3397 initio
3585 3347 3642 3398 in

2069 3424 2280 3479 oriente
2309 3425 2632 3488 constituto,
2657 3426 2988 3495 conspicuus
3015 3427 3103 3482 ille
3125 3429 3340 3482 sitcum
3369 3431 3638 3499 humeris,

2067 3522 2121 3570 et
2159 3515 2357 3585 capite,
2400 3532 2470 3568 an
2516 3515 2682 3586 paulo
2714 3524 2839 3586 post
2868 3526 3144 3587 appareat.
3183 3518 3386 3574 Verum
3425 3533 3484 3576 ut
3524 3523 3641 3578 haec

2066 3607 2333 3673 omittam,
2375 3622 2484 3662 non
2523 3607 2747 3661 Aratum
2780 3608 2980 3672 solum,
3037 3610 3130 3664 sed
3161 3609 3445 3666 Eudoxum
3475 3615 3638 3670 etiam

2068 3699 2268 3768 ipsum,
2313 3699 2370 3753 in
2408 3699 2791 3769 apparentium
2823 3701 3144 3770 explicanda
3179 3704 3397 3759 ratione
3428 3707 3638 3776 pingui,

2067 3793 2210 3861 quod
2232 3792 2405 3856 aiunt,
2433 3792 2673 3847 Minerva
2704 3807 2836 3848 usos
2865 3808 3018 3860 esse;
3051 3808 3162 3848 non
3185 3795 3242 3848 in
3272 3797 3428 3866 127
3451 3795 3638 3854 Persei

2067 3892 2276 3940 tantum
2300 3885 2500 3950 balteo,
2533 3885 2677 3956 apud
2699 3885 2928 3940 Aratum
2954 3887 3061 3941 isto
3076 3887 3239 3942 modo
3256 3888 3594 3944 dubitabitur
3621 3909 3634 3955 ;

2065 3979 2160 4034 sed
2199 3979 2254 4033 in
2290 3979 2359 4036 iis
2398 3979 2655 4036 omnibus
2695 3979 3060 4050 imaginibus.
3100 3995 3221 4050 qum
3257 3996 3382 4036 cum
3421 3983 3638 4038 duobus

2064 4073 2382 4144 pluribusve
2431 4073 2602 4143 signis
2667 4075 2938 4128 oriuntur.
3005 4073 3232 4129 Demum
3267 4090 3397 4129 vero
3434 4079 3634 4132 cccles-

2065 4167 2198 4221 tium
2223 4181 2408 4221 rerum
2447 4165 2694 4222 funditus
2716 4181 2914 4236 expers
2941 4165 3126 4220 haberi
3167 4168 3341 4237 possit
3377 4169 3592 4225 Attalus
3616 4213 3632 4236 ,

2063 4258 2154 4327 qui
2195 4258 2376 4328 reipsa
2399 4257 2587 4312 credat
2622 4259 2688 4310 ad
2721 4272 2868 4321 eum,
2908 4271 3071 4326 quem
3109 4257 3368 4320 diximus,
3409 4261 3632 4313 modum

2061 4350 2370 4421 ambiguam
2415 4364 2539 4404 esse
2589 4347 2858 4402 rationem
2896 4349 3124 4403 orientis
3163 4348 3366 4418 Cinguli
3424 4349 3629 4407 Persei.

1990 4430 2033 4484 Ι)
2059 4437 2177 4492 Non
2217 4440 2362 4494 enim
2415 4440 2564 4495 solus
2604 4439 2694 4494 ille
2748 4438 2933 4494 Persei
2973 4438 3187 4494 balteus
3226 4455 3390 4508 supra
3430 4448 3632 4495 terram

2058 4528 2289 4594 exsistit,
2329 4528 2548 4598 quando
2587 4527 2743 4584 Aries
2781 4528 2914 4582 oriri
2938 4527 3164 4598 incipit,
3207 4528 3301 4583 sed
3333 4535 3482 4586 totus
3511 4530 3633 4600 ipse

2057 4621 2448 4691 propemodum
2507 4618 2758 4684 Perseus,
2817 4629 3048 4690 excepto
3085 4621 3224 4690 pede
3283 4621 3513 4679 sinistro
3564 4639 3629 4678 ac

2057 4728 2218 4782 genu.
2260 4711 2470 4783 Quippe
2510 4713 2702 4768 dexter
2747 4713 2893 4768 illius
2928 4729 3024 4783 pes
3053 4730 3176 4768 cum
3207 4721 3403 4768 octava
3444 4715 3630 4771 oritur

2057 4802 2294 4860 Piscium
2343 4813 2517 4874 parte,
2559 4820 2680 4875 qua:
2720 4814 2899 4860 autem
2955 4806 3098 4861 inest
3138 4807 3194 4860 in
3251 4807 3445 4863 dextro
3482 4823 3627 4877 genu

2057 4898 2234 4962 stella,
2262 4912 2388 4951 eum
2428 4897 2696 4967 septima:
2721 4897 2901 4951 lucida
2933 4913 3098 4967 porro
3147 4914 3269 4968 qua:
3294 4910 3380 4954 est
3409 4900 3465 4954 in
3495 4899 3631 4955 θοι·-

2057 4991 2239 5058 gonio,
2269 4998 2323 5045 et
2354 4991 2576 5046 sinistra
2605 5006 2794 5056 manu,
2824 5006 2945 5060 qua:
2973 4991 3258 5046 sinistrum
3290 4991 3472 5046 femur
3492 5008 3628 5062 pau-

2056 5080 2226 5134 lulum
2263 5081 2540 5150 praecedit,
2581 5095 2704 5135 cum
2736 5089 2890 5151 parte
2919 5081 3129 5136 decima
3162 5082 3318 5138 tertia
3361 5097 3628 5138 conscen-

2055 5171 2174 5236 dit;
2207 5171 2383 5225 solum
2419 5187 2545 5226 crus
2580 5172 2867 5227 sinistrum
2909 5172 3086 5226 oritur
3113 5187 3238 5226 cum
3265 5170 3466 5228 Ariete.
3500 5172 3628 5227 Fal-

2055 5279 2152 5319 sus
2198 5271 2283 5320 est
2327 5263 2544 5334 itaque,
2603 5279 2726 5318 cum
2781 5271 2835 5319 et
2876 5265 3267 5334 apparentibus
3333 5280 3488 5321 suam
3531 5265 3628 5320 illo

2055 5355 2218 5409 modo
2249 5363 2502 5410 constare
2545 5354 2728 5420 ﬁdem,
2766 5363 2820 5411 et
2857 5357 3087 5411 Aratum
3118 5356 3291 5428 perite
3327 5367 3629 5427 exacteque

2053 5462 2176 5518 quae
2203 5447 2269 5502 ad
2309 5448 2586 5520 cingulum
2625 5449 2858 5507 attinent
2893 5447 3078 5506 Persei
3119 5449 3450 5505 traditurum
3501 5465 3628 5506 esse

2053 5539 2314 5597 defendit.
