4132 6410
515 331 643 399 1υυί

1532 324 1619 388 Al)
1661 323 1924 389 EUSEBII
1963 317 2358 385 CllRONlCON
2401 325 2758 378 arumnis.

3609 308 3747 368 W92

475 453 485 541 ι
586 455 694 524 Ego
747 469 874 508 vero
929 463 1038 506 n0n
1071 441 1176 505 alia
1206 459 1274 506 ex
1330 461 1500 504 causa
1530 448 1926 503 dubitationem
1972 446 2084 499 illic

2255 444 2411 495 Δοκεῖ
2432 440 2488 493 δέ
2521 457 2607 509 μοι
2641 433 3001 507 διηπορῆσθαι
3026 437 3054 487 6
3082 423 3311 538 ’Ἄρατος
3351 430 3500 500 παρά
3528 430 3750 533 τὴναὺ-

512 539 774 618 injectam
804 547 994 600 Attalo
1042 543 1214 599 fuisse
1260 544 1536 614 suspicor,
1567 556 1732 611 quam
1763 539 1906 594 unde
1933 540 2087 608 prius

516 632 742 686 Eudoxo
773 641 891 686 erat
925 631 1151 696 oborta;
1183 645 1344 698 quem
1379 634 1660 692 auctorem
1692 625 1893 678 Aratus
1931 622 2087 675 adhi-

517 723 657 776 buit.
691 721 953 775 Eudoxus
979 721 1126 774 enim
1161 720 1213 772 in
1248 717 1644 772 commentario
1672 715 1738 769 de
1765 711 2088 783 Apparenti-

517 817 621 870 bus
637 815 825 869 scribit
847 815 1068 867 dextras
1091 811 1275 866 Persei
1301 819 1482 881 partes
1509 825 1632 862 cum
1657 807 1908 861 Piscibus
1927 805 2083 859 oriri.

517 904 596 958 Ex
624 919 732 973 quo
760 918 1102 972 consequens
1136 909 1242 964 est,
1269 900 1469 954 Arietis
1504 898 1774 968 principio
1798 898 1852 950 in
1880 895 2088 950 oriente

514 996 715 1063 posito,
758 994 979 1047 dextras
1033 991 1412 1045 tantummodo
1462 988 1645 1043 Persei
1705 996 1888 1058 partes
1922 1002 2087 1056 supra

514 1091 721 1136 "terram
775 1081 1060 1135 exsistere.
1091 1081 1159 1132 At
1198 1080 1253 1134 in
1299 1081 1471 1132 altero
1500 1078 1660 1142 libro,
1692 1078 1784 1147 qui
1835 1077 2087 1131 inscribi-

517 1178 608 1223 tur
642 1169 944 1238 Speculum,
993 1185 1118 1224 cum
1171 1168 1426 1223 Piscibus
1471 1175 1645 1222 totum
1698 1168 1897 1221 asserit
1928 1167 2089 1236 paqu

512 1262 700 1317 minus
729 1264 863 1316 oriri
898 1260 1568 1326 Perseum.Quamobrem
1599 1275 1721 1314 cum
1762 1260 1816 1312 in
1834 1260 2090 1314 omnibus

517 1353 654 1414 fere.
685 1369 806 1421 quae
831 1352 897 1405 ad
921 1361 1075 1406 ortus
1111 1353 1354 1405 siderum
1388 1358 1662 1419 spectant,
1692 1351 1801 1403 duo
1830 1349 1906 1402 illi
1939 1364 2090 1403 com-

518 1446 775 1502 mentarii
834 1445 1068 1499 invicem
1117 1442 1482 1503 concordent,
1536 1442 1590 1495 in
1639 1441 1824 1495 Persei
1881 1441 2092 1508 descri-

517 1537 710 1608 ptione
737 1534 1072 1600 dissideant;
1104 1534 1229 1603 jure
1261 1534 1316 1586 in
1345 1534 1601 1602 ambiguo
1630 1533 1843 1602 positus
1865 1533 2087 1593 Aratus,

517 1643 696 1699 neque
724 1634 1144 1696 utrampartem
1169 1633 1491 1696 sequeretur
1505 1625 1837 1694 expediens;
1865 1639 2087 1693 anceps,

517 1729 574 1776 et
605 1723 880 1775 incertum
914 1735 1035 1775 esse
1068 1719 1235 1782 dicit,
1267 1735 1337 1772 an
1391 1727 1445 1774 et
1490 1718 1674 1773 Persei
1708 1717 1917 1772 balteus
1965 1732 2089 1771 cum

2187 534 2284 600 τὴν
2309 531 2509 592 αἰτίαν,
2547 528 2675 598 παρ’
2695 529 2776 596 ’ἣν
2816 526 2908 578 καὶ
2935 527 2963 577 6
2997 522 3242 588 Εὔδοξος,
3349 517 3752 590 κατηκολούθηι

2187 641 2280 676 κεν
2310 623 2338 674 6
2370 622 2618 690 Ἀρατος.
2661 619 2748 670 Ἐν
2789 617 2886 687 μὲν
2916 615 3024 685 γὰρ
3044 631 3121 684 τῳ
3155 613 3490 682 συντάγματι
3518 611 3596 681 τῷ
3624 611 3753 682 περὶ

2185 715 2292 767 τῶν
2327 713 2662 782 φαινομένων
2713 709 2934 781 γράφει,
2971 706 3051 758 ὅτι
3103 708 3212 768 τοῖς
3275 704 3472 773 Ἰχθύσι
3527 715 3754 756 συνανα-

2186 806 2360 859 τέλλει
2393 804 2460 857 τὰ
2488 803 2636 869 δεξιά
2669 801 2762 854 τοῦ
2803 801 3088 871 Περσέως·
3121 798 3282 860 ὥστε,
3317 796 3417 864 τῆς
3451 795 3622 865 ἀρχῆς
3658 792 3753 845 τοῦ

2186 895 2358 967 Κριοῦ
2401 895 2534 966 πρὸς
2564 898 2630 964 τῇ
2675 894 2904 964 ἀνατολῇ
2935 884 3119 963 οὔσης,
3146 891 3213 942 τὰ
3243 881 3392 955 δεξιὰ
3423 888 3580 958 μόνον
3613 886 3754 955 μέρη

2187 988 2280 1042 τοῦ
2320 988 2572 1058 Περσέως
2623 988 2740 1040 κατ’
2769 987 2927 1040 αὑτὸν
2984 986 3121 1055 ὑπὲρ
3169 981 3273 1052 γῆν
3331 977 3648 1050 φαίνεσθαιδ
3697 979 3755 1029 ὲν

2187 1080 2243 1132 δὲ
2274 1078 2350 1149 τῷ
2381 1071 2547 1149 ἑτέρῳ
2578 1078 2932 1147 συντάγματι,
2967 1076 2994 1128 ὂ
3022 1073 3377 1145 ἐπιγράφεται
3408 1071 3753 1136 Ἕνοπτρον,

2187 1172 2297 1231 τοῖς
2339 1167 2537 1238 Ἰχθύσι
2566 1169 2728 1236 φησὶν
2760 1164 2918 1219 αὑτὸν
2951 1165 3090 1227 ὅλον,
3132 1165 3266 1234 πλὴν
3296 1163 3495 1228 ὀλίγου,
3529 1175 3757 1211 συνανα-

2189 1257 2410 1310 τέλλειν.
2455 1257 2542 1310 Ἐν
2587 1259 2752 1310 πᾶσιν
2797 1251 2888 1308 οῦν
2922 1255 3104 1324 σχεδὸν
3131 1257 3242 1316 τοῖς
3283 1252 3408 1322 περὶ
3437 1248 3534 1312 τὰς
3569 1251 3758 1301 ἀνατο-

2189 1349 2286 1412 λάς
2330 1347 2438 1402 τῶν
2489 1348 2701 1419 ἄστρων
2752 1345 3184 1417 συμφωνούντων
3231 1343 3480 1413 ἀλλήλοις
3511 1341 3618 1393 τῶν
3664 1340 3756 1393 δύο

2191 1441 2582 1512 συνταγμάτων
2606 1483 2620 1505 ,
2664 1441 2793 1512 περὶ
2835 1439 2892 1491 δὲ
2940 1438 3034 1491 τοῦ
3075 1437 3324 1506 Περσέως
3356 1435 3610 1504 διαφόρου
3657 1432 3757 1502 τῆς

2190 1533 2512 1604 ἀναγραφῆς
2566 1523 2763 1603 οὔσης·
2817 1531 3052 1601 εὐλόγως
3099 1533 3127 1584 6
3175 1532 3428 1601 Ἄρατος,
3481 1523 3755 1596 διαπορῶν

2191 1622 2322 1694 ποία
2351 1639 2434 1685 τις
2463 1623 2922 1694 κατακολουθήσει
2950 1622 3240 1692 ἀποφάσει,
3273 1618 3611 1690 ἀμφήριστόν
3651 1634 3756 1686 φη-

2194 1731 2277 1767 σιν
2316 1709 2472 1779 εἶναι,
2531 1715 2624 1767 καὶ
2670 1714 3077 1785 δισταζόμενον,
3141 1713 3366 1783 πότερον
3409 1710 3501 1763 καὶ
3550 1710 3583 1778 ὴ
3613 1707 3757 1778 ζώνη

523 1811 772 1865 humeris
817 1807 874 1864 et
922 1809 1122 1878 capite,
1152 1808 1337 1863 Ariete
1393 1809 1797 1864 conscendcnte
1841 1807 2090 1862 sublimis

2195 1807 2285 1861 τοῦ
2339 1801 2592 1879 Περσέως
2646 1808 2781 1878 μετὰ
2829 1807 2937 1860 τῶν
2996 1806 3161 1878 ὤμων
3215 1805 3308 1858 καὶ
3355 1805 3456 1874 τῆς
3497 1800 3754 1871 κεφαλῆς,

521 1914 808 1972 appareat,
853 1915 922 1953 an
975 1899 1306 1955 ascendente
1357 1901 1542 1969 potius
1597 1897 1817 1952 Tauro:
1850 1899 1993 1968 quod
2036 1899 2092 1952 in

521 1991 699 2044 altero
741 1987 954 2044 Eudoxi
996 2003 1164 2059 opere
1205 1989 1541 2042 continetur.
1576 1987 1694 2042 Non
1735 1987 1904 2058 igitur
1933 2003 2000 2040 ex
2027 2002 2094 2040 eo

520 2080 672 2152 quod
713 2087 936 2150 propter
973 2078 1315 2134 discriminis
1363 2079 1713 2148 exiguitatem
1766 2077 1982 2131 dillicile
2039 2077 2094 2130 id

522 2186 690 2226 sensu
708 2170 881 2240 possit
904 2169 1190 2232 mstimari,
1215 2177 1276 2222 ut
1299 2176 1456 2238 putat
1481 2169 1719 2235 Attalus,
1763 2168 1991 2222 dubium
2020 2168 2096 2220 ait

522 2276 667 2326 esse,
701 2275 833 2314 num
867 2259 1050 2315 Persei
1077 2267 1192 2312 tum
1225 2259 1439 2313 balteus
1472 2266 1751 2328 appareat,
1791 2272 1915 2312 cum
1944 2256 2096 2311 Arie-

523 2353 599 2406 tis
625 2352 840 2406 initium
865 2352 1210 2406 horizontem
1247 2358 1396 2405 tenet
1430 2365 1443 2401 :
1472 2366 1541 2404 an
1562 2358 1695 2404 tunc
1726 2351 1908 2420 potius
1928 2364 2098 2404 emer-

523 2455 638 2515 gat,
675 2461 798 2499 cum
829 2443 998 2499 Tauri
1033 2455 1199 2516 caput
1228 2446 1363 2500 oriri
1391 2446 1602 2514 incipit.
1655 2443 1761 2500 Sed
1800 2445 1924 2500 ideo
1951 2446 2097 2516 quod

527 2543 778 2590 neutram
809 2535 865 2588 in
901 2547 1112 2605 partem
1158 2544 1400 2592 statuere
1435 2539 1631 2607 possit,
1677 2551 1801 2591 cum
1834 2553 1903 2592 ex
1932 2552 2090 2608 aequo

535 2629 677 2683 tradi
707 2637 1002 2698 utrumque
1023 2639 1293 2684 cerneret.

607 2803 879 2859 Creterum
907 2820 1030 2858 cum
1060 2804 1257 2875 duplex
1292 2807 1556 2862 habeatur
1584 2809 1689 2863 loci
1723 2809 1866 2864 illius
1893 2809 2054 2863 lectio
2082 2824 2096 2860 :

527 2897 804 2967 siquidem
853 2897 910 2950 in
955 2898 1078 2953 aliis
1109 2899 1389 2954 codicibus
1435 2901 1528 2952 καί
1563 2902 1612 2953 κ’
1647 2903 1967 2972 ἀμφήριστα
2005 2901 2101 2952 πέ-

531 2985 685 3039 λοντο
708 3003 720 3016 ·
751 2987 805 3041 in
836 2988 958 3043 aliis
988 2989 1037 3041 κ’
1069 2989 1389 3061 ἀμφήριστα
1415 2991 1898 3061 πέλονται,Ιεεὶιυι·
1931 2991 2104 3046 :scri-

531 3078 767 3133 hendum
823 3089 910 3134 est
961 3079 1197 3143 πέλοιτο,
1243 3097 1351 3134 non
1396 3090 1457 3135 ut
1511 3093 1665 3152 putat
1723 3083 1960 3147 Attalus,
2006 3080 2104 3133 πέ-

2193 1897 2286 1951 τοῦ
2320 1897 2491 1968 Κριοῦ
2525 1897 2925 1961 ἀνατέλλοντος,
2964 1895 3236 1967 μετέωρος
3285 1894 3550 1962 φαίνεται,
3581 1891 3615 1961 ἦ
3663 1890 3757 1944 τοῦ

2194 1989 2408 2062 Ταύρου
2461 1988 2868 2060 ἀναφερομένου
2891 2029 2908 2054 ,
2953 1988 3027 2051 ὼς
3055 1981 3116 2040 τὸ
3150 1988 3334 2057 ἕτερον
3380 1985 3488 2037 τῶν
3517 1983 3612 2037 τοῦ
3657 1983 3760 2035 Εὑ-

2193 2075 2343 2148 δόξου
2389 2081 2781 2150 συνταγμάτων
2812 2079 3070 2148 περιέχει.
3107 2078 3181 2132 Ού
3209 2077 3358 2148 παρά
3387 2077 3446 2130 τὸ
3475 2079 3540 2148 τῇ
3571 2075 3760 2148 αἰσθή-

2198 2190 2280 2226 σει
2307 2170 2398 2226 οὖν
2426 2171 2710 2241 δύσκριτον
2741 2168 2878 2223 εἶναι
2906 2169 2994 2223 διά
3021 2170 3320 2240 μικρότητα
3355 2166 3452 2239 τῆς
3478 2169 3758 2240 διαφορᾶς,

2195 2262 2270 2326 ὡς
2290 2265 2318 2315 6
2335 2261 2595 2325 Ἄτταλος
2623 2261 2910 2324 ὑπέλαϐεν,
2933 2260 3272 2332 ἀμφήριστόν
3291 2277 3451 2329 φησιν
3480 2257 3636 2323 εἶναι,
3665 2259 3761 2312 πό-

2195 2372 2352 2426 τερον
2393 2356 2426 2425 ἡ
2459 2353 2600 2424 ζώνη
2639 2354 2730 2407 τοῦ
2768 2354 3018 2424 Περσέως
3051 2353 3190 2425 ὑπὲρ
3219 2353 3321 2423 γῆν
3360 2353 3460 2424 ἤδη
3491 2354 3758 2420 φαίνεται,
3825 2357 3830 2364 ’

2197 2447 2296 2516 τῆς
2345 2447 2519 2517 ἀρχῆς
2573 2445 2666 2498 τοῦ
2712 2444 2884 2516 Κριοῦ
2917 2443 3051 2516 πρὸς
3077 2444 3156 2514 τῷ
3204 2442 3436 2514 ὁρίζοντι
3485 2441 3680 2513 οὓσης’
3726 2444 3760 2513 ἢ

2197 2537 2499 2608 ἀρχομένου
2547 2537 2647 2608 ἤδη
2701 2536 3007 2590 ἀνατέλλειν
3050 2535 3144 2588 τοῦ
3201 2535 3448 2606 Ταύρου,
3499 2535 3616 2587 τότε
3669 2531 3764 2587 καὶ

2198 2628 2337 2698 αὑτὴ
2378 2629 2735 2699 ἀναφέρεταιδ
2773 2627 2908 2681 ἀλλά
2953 2627 3014 2681 τὸ
3059 2627 3134 2700 μὴ
3183 2626 3324 2696 ἔχειν
3356 2628 3546 2693 εἰπεῖν,
3581 2625 3668 2679 διὰ
3703 2626 3764 2678 τὸ

2200 2720 2473 2791 ἑκατέρως
2505 2719 2918 2791 παραδεδόσθαι.

2271 2812 2444 2882 Διχῶς
2475 2813 2530 2865 δὲ
2563 2795 2930 2884 γραφομένου,
2969 2812 3028 2863 ὲν
3060 2811 3158 2880 μέν
3194 2827 3331 2864 τισιν
3371 2811 3722 2881 ἀντιγράφοις
3743 2827 3761 2838 ⁸

2202 2904 2301 2958 καί
2337 2901 2404 2936 ⁸³⁸
2439 2906 2777 2973 καμφίσατο
2800 2945 2814 2969 ,
2848 2905 2904 2956 έν
2947 2904 3003 2956 δέ
3033 2919 3175 2956 τισι·
3216 2904 3316 2956 καί
3344 2903 3396 2956 κ’
3425 2903 3766 2974 ἀμφήριστοι

2203 2993 2487 3046 πέλονται
2509 3010 2522 3024 ·
2553 2993 2632 3046 δεῖ
2657 2995 2888 3064 γράφειν
2916 2992 3155 3046 πέλοιτο
3173 3010 3185 3022 ·
3227 2991 3322 3046 καὶ
3345 2993 3462 3062 οὐχ,
3485 2993 3559 3056 ὡς
3585 2996 3613 3045 6
3640 2995 3766 3046 Ἀτ-

2203 3090 2381 3148 ταλος,
2411 3084 2712 3138 πέλονται.
2737 3086 2825 3156 Τῷ
2853 3084 2960 3155 γὰρ
2983 3084 3263 3154 συνδέσμῳ
3286 3085 3347 3137 τὸ
3373 3087 3612 3139 πέλοιτο
3637 3103 3767 3139 κατ-

531 3169 731 3224 λονται.
766 3169 904 3225 Nam
961 3187 1086 3225 cum
1144 3173 1416 3242 particula
1451 3173 1761 3243 copulativa
1813 3182 1962 3228 recte
2005 3173 2095 3225 πέ-

2203 3173 2444 3242 αλλήλως
2485 3173 2724 3242 λέγεται,
2765 3173 2886 3228 οὐδὲ
2923 3173 3029 3246 γὰρ
3060 3173 3429 3244 περισπᾶσθαι
3466 3175 3564 3240 δεῖ,
3593 3175 3680 3230 διὰ
3705 3175 3769 3227 τὸ

532 3264 674 3318 λοιτο
706 3263 1076 3333 conjungitur.
1110 3262 1228 3317 Non
1277 3267 1423 3318 enim
1452 3265 1637 3319 diduci
1679 3273 1967 3334 propterea
2003 3278 2101 3318 ne-

535 3372 691 3412 cesse
713 3366 817 3421 est,
848 3355 993 3424 quod
1041 3371 1236 3409 nomen
1282 3357 1601 3427 ἀμφήριστα
1647 3357 1841 3426 plurali
1876 3367 2104 3410 numero

535 3449 780 3520 ponitur,
811 3463 934 3501 cum
975 3449 1236 3501 tralatitia
1269 3449 1342 3503 sit
1378 3449 1491 3502 haec
1512 3449 1771 3518 loquendi
1809 3449 1970 3502 ratio.

613 3538 806 3592 XVIII.
845 3536 1068 3592 Oriente
1108 3536 1274 3591 Tauri
1313 3539 1585 3608 principio
1625 3539 1874 3593 scribunt
1903 3538 2102 3594 Aratus

534 3640 592 3685 et
615 3629 898 3694 Eudoxus,
918 3637 1092 3683 totum
1121 3644 1288 3699 supra
1316 3638 1516 3684 terram
1545 3630 1788 3684 eminere
1804 3629 2060 3685 Perseum
2088 3650 2102 3686 :

537 3729 593 3775 et
621 3721 837 3790 Auriga:
861 3719 1143 3774 sinistram
1169 3732 1409 3784 manum,
1431 3721 1489 3773 in
1519 3735 1627 3789 qua
1649 3720 1739 3774 siti
1763 3727 1892 3774 sunt
1913 3719 2103 3787 Hoedi;

540 3825 643 3864 nec
689 3825 800 3863 non
849 3811 1138 3864 sinistrum
1189 3810 1435 3878 ejusdem
1482 3809 1706 3879 pedem;
1734 3811 1802 3865 ad
1836 3811 1951 3865 haec
1989 3811 2105 3865 Ceti

539 3898 807 3968 quidquid
837 3905 921 3953 est
955 3914 984 3951 a
1014 3899 1188 3952 cauda
1221 3900 1437 3954 cervice
1463 3908 1658 3966 tenus;
1689 3916 1755 3954 ex
1797 3909 1950 3970 parte
1979 3916 2108 3956 vero

541 3990 766 4045 Bootem
814 3989 1086 4044 occidere.
1121 3989 1178 4043 In
1221 4007 1330 4059 quo
1373 3991 1514 4061 lapsi
1564 4000 1692 4046 sunt
1743 4007 1948 4060 errore,
1983 4008 2108 4047 cum

540 4088 735 4150 putant
765 4081 1018 4138 sinistras
1070 4090 1281 4135 tantum
1325 4080 1588 4138 Heniochi
1619 4093 1804 4152 partes
1861 4099 1986 4138 cum
2016 4085 2109 4139 illo

2207 3265 2581 3336 πληθυντικῶς
2607 3264 2929 3334 ἐκφέρεσθαι
2953 3265 3013 3318 τὸ
3032 3265 3350 3337 ἀμφήριστα
3370 3283 3382 3296 ο
3413 3266 3637 3337 σύνηθες
3660 3267 3768 3337 γάρ

2203 3359 2319 3411 ἐστι
2345 3357 2405 3411 τὸ
2432 3357 2615 3427 σχῆμα
2647 3357 2802 3410 τοῦτο
2830 3357 2927 3426 τῆς
2953 3357 3208 3425 ἐκφορᾶς.

2281 3536 2386 3588 IH'.
2424 3533 2534 3604 τῆς
2560 3533 2615 3586 δὲ
2651 3534 2823 3605 ἀρχῆς
2850 3534 2942 3586 τοῦ
2971 3534 3185 3604 Ταύρου
3223 3535 3636 3606 ἀνατελλούσης,
3667 3553 3773 3607 φη-

2207 3627 2290 3680 σὶν
2319 3627 2348 3678 ὁ
2380 3626 2613 3696 ’Ἄρατός
2637 3643 2695 3677 τε
2731 3627 2824 3678 καὶ
2880 3623 3103 3688 Εὔδοξος
3126 3625 3216 3677 τὸν
3248 3627 3458 3696 Περσέα
3486 3627 3604 3679 ὅλον
3649 3627 3773 3696 φαίά

2205 3717 2391 3771 νεσθαι
2429 3718 2568 3788 ὑπὲρ
2613 3718 2736 3788 γῆν,
2783 3716 2993 3770 καὶτοῦ
3041 3717 3284 3787 Ἡνιόχου
3335 3717 3433 3788 τὴν
3479 3719 3771 3790 ἀριστερὰν

2207 3812 2388 3879 χεῖρα,
2449 3810 2507 3861 ἐν
2606 3809 2652 3860 οἱ
2691 3808 2901 3877 Ἔριφοι
2939 3811 3163 3870 κεῖνται,
3213 3809 3306 3861 καὶ
3351 3809 3442 3861 τὸν
3490 3809 3772 3880 ἀριστερὸν

2208 3901 2378 3953 πόδαο
2417 3898 2631 3952 καὶτοῦ
2664 3900 2876 3968 Κήτους
2920 3900 2982 3952 τὸ
3034 3901 3142 3954 ἀπὸ
3181 3901 3278 3970 τῆς
3323 3902 3490 3972 οὐρᾶς
3537 3903 3642 3964 ἓως
3673 3902 3772 3971 τῆς

2208 3987 2425 4056 λοφίας·
2475 3988 2746 4041 δεδυκέναι
2802 3989 2858 4042 δέ
2906 4006 3038 4059 φησι
3085 3990 3178 4042 τοῦ
3234 3991 3444 4044 Βοώτου
3483 4009 3535 4044 τι
3587 3993 3773 4063 μέρος⁶

2221 4074 2526 4144 Ἀγνοοῦσιν
2565 4072 2677 4140 οῦν,
2704 4075 2772 4128 τά
2797 4077 3059 4148 ἀριστερά
3114 4079 3270 4148 μόνον
3309 4079 3772 4150 ὑπολαμϐάνοντες

542 4174 750 4245 pariter
774 4182 1020 4228 exortum
1054 4171 1255 4227 facere.
1287 4171 1495 4227 Etenim
1514 4173 1705 4228 dexter
1727 4173 1897 4243 ipsius
1923 4173 2095 4228 liume

2207 4167 2302 4220 τοῦ
2349 4167 2588 4236 Ἠνιόχου
2627 4167 2703 4238 τῷ
2750 4168 2903 4239 Κριῷ
2955 4171 3382 4226 συνανατέλλειν.
3445 4173 3502 4225 '0
3537 4174 3633 4242 μὲν
3665 4173 3774 4244 γὰρ

543 4280 640 4320 rus
688 4263 938 4320 ascendit
987 4279 1114 4318 cum
1149 4263 1352 4319 Arietis
1400 4271 1555 4334 parte
1601 4265 1863 4329 secunda,
1887 4273 1940 4320 et
1968 4266 2095 4320 vice-

2208 4260 2380 4325 δεξιὸς
2403 4254 2550 4330 ὦμος
2579 4259 2742 4313 αὑτοῦ
2759 4264 2824 4332 τῇ
2843 4262 2885 4331 β’
2909 4264 3002 4315 καὶ
3030 4271 3074 4315 κ’
3103 4265 3211 4334 μοί.
3240 4263 3334 4317 τοῦ
3351 4264 3521 4334 Κριοῦ
3550 4277 3776 4320 συναναά

543 4358 705 4413 sima.
734 4358 1046 4412 Australior
1069 4366 1251 4412 autem
1273 4373 1483 4424 earum,
1509 4374 1630 4428 quae
1660 4367 1789 4414 sunt
1821 4359 1876 4412 in
1908 4359 2095 4428 capite,

2210 4354 2460 4425 φέρεται·
2512 4355 2540 4406 6
2585 4354 2642 4407 δὲ
2690 4353 3007 4426 νοτιώτερος
3054 4356 3163 4408 τῶν
3212 4357 3269 4409 ὲν
3318 4360 3382 4428 τῇ
3433 4357 3638 4428 κεφαλῇ
3688 4357 3770 4412 ἔτι

543 4449 699 4521 prius
721 4449 888 4504 etiam
921 4465 1046 4504 cum
1080 4447 1334 4504 Piscibus
1365 4449 1609 4503 exoritur
1649 4465 1662 4500 :
1695 4453 1831 4505 adeo
1865 4459 1925 4503 ut
1956 4451 2010 4503 in
2045 4464 2095 4504 et

2215 4446 2476 4516 πρότερον
2506 4449 2616 4509 τοῖς
2655 4446 2854 4516 Ἰχθύσι
2885 4448 3290 4502 συνανατέλλει·
3324 4449 3464 4502 ὥστε
3490 4450 3583 4502 καὶ
3621 4449 3778 4504 τοῦτο

541 4557 763 4611 quoque
816 4550 1065 4611 peccent,
1123 4551 1417 4612 quatenus,
1479 4543 1739 4611 inquam,
1787 4542 2095 4596 existimant

2216 4513 2426 4607 ἀχνοείν
2459 4513 2881 4609 αὐτούς’-λέγω
2923 4542 2980 4594 δὲ
3023 4542 3145 4595 καθ’
3188 4544 3309 4596 ὅσον
3341 4545 3778 4615 ὑπολαμϐάνουσι

541 4634 680 4687 oriri
706 4646 831 4686 cum
865 4632 1049 4687 Ariete
1081 4634 1320 4702 primum
1357 4631 1717 4687 chiochum.
1759 4631 2022 4687 Similiter
2057 4634 2095 4687 ii

2213 4627 2442 4698 πρώτως
2493 4628 2570 4699 τῷ
2625 4628 2778 4698 Κριῷ
2841 4630 2930 4683 τὸν
2993 4630 3234 4700 Ἦνίοχον
3294 4630 3775 4702 συναναφέρεσθαι.

546 4721 832 4776 Ileniocho
879 4721 1080 4792 duplex
1112 4723 1180 4776 ab
1212 4723 1405 4778 iisdem
1439 4723 1770 4778 commissus
1819 4736 1976 4776 error
2005 4730 2089 4777 est

2225 4719 2454 4790 Ὁμοίως
2483 4720 2540 4772 δὲ
2567 4720 2704 4773 κατά
2740 4721 2832 4773 δύο
2860 4722 3091 4791 τρόπους
3116 4723 3294 4775 καὶτὰ
3328 4724 3454 4792 περί
3480 4723 3572 4775 τοῦ
3610 4723 3786 4775 Ἡνιό-

545 4809 680 4865 Nam
715 4827 892 4880 neque
925 4826 1050 4864 cum
1079 4812 1262 4866 Ariete
1290 4811 1425 4866 oriri
1474 4812 1689 4881 incipit,
1732 4821 1790 4865 ut
1817 4811 1928 4865 illis
1963 4811 2095 4866 vide-

2213 4829 2309 4881 χου
2339 4812 2691 4882 ἠγνοήκασιν.
2723 4811 2859 4864 Οὔτε
2884 4812 2992 4882 γὰρ
3019 4811 3098 4882 τῷ
3121 4812 3276 4882 Κριῷ
3299 4814 3520 4883 ἄρχεται
3553 4830 3780 4867 συνανα-

547 4914 660 4968 tur,
713 4903 810 4958 sed
839 4918 964 4956 cum
1018 4902 1308 4968 Piscibus;
1357 4919 1534 4972 neque
1584 4903 1798 4957 cervice
1848 4904 2088 4957 duntaxa

2211 4901 2438 4965 τέλλειν,
2474 4901 2550 4965 ὥς
2582 4919 2765 4970 φασιν,
2797 4903 2932 4956 ἀλλά
2974 4907 3087 4966 τοῖς
3126 4902 3373 4972 Ἰχθύσιν,
3402 4902 3524 4955 οὗτε
3552 4903 3654 4967 ἕως
3683 4904 3784 4974 τῆς

547 5002 709 5048 tenus
738 4993 984 5048 ascendit
1007 5009 1130 5047 cum
1154 4994 1356 5058 Ariete,
1399 4995 1494 5049 sed
1521 5003 1669 5048 totus
1697 4995 2086 5064 propemodum

2214 4993 2406 5062 λοφίας
2445 4995 2604 5064 μόνον
2629 4995 2960 5067 ἀναφέρεται
2995 4997 3090 5048 σὺν
3134 4995 3210 5066 τῷ
3243 4995 3418 5066 Κριῷ,
3453 4995 3566 5048 ἀλλ’
3593 4995 3711 5060 ὅλος
3738 4997 3786 5028 ⁸⁵

545 5085 790 5154 exceptis
820 5085 912 5149 iis,
946 5100 1070 5154 qua:
1095 5085 1151 5139 in
1176 5086 1358 5156 capite
1389 5089 1452 5109 '“
1478 5101 1600 5156 quae
1631 5087 1686 5138 in
1715 5095 1958 5140 extrema
1993 5101 2095 5140 sca-

2216 5085 2419 5155 σχεδὸν,
2449 5086 2588 5157 πλὴν
2613 5087 2719 5139 τῶν
2743 5089 2799 5140 ὲν
2827 5089 2894 5158 τῇ
2924 5087 3131 5157 κεφαλῇ
3159 5089 3206 5140 οἱ
3235 5089 3292 5138 ὲν
3321 5088 3474 5158 ἄκρῳ
3504 5087 3580 5157 τῷ
3614 5087 3785 5158 χελω-

553 5174 681 5245 pula
713 5175 927 5229 lucidas.
974 5173 1112 5227 Nam
1157 5174 1304 5244 quod
1352 5191 1422 5229 ne
1464 5175 1663 5229 Bootes
1715 5175 1934 5243 quidem
1989 5189 2095 5228 cun

2215 5177 2372 5247 νίῳ⁸⁸
2406 5178 2668 5248 λαμπροί.
2697 5181 2817 5232 Ὀτι
2839 5197 2901 5248 γε
2935 5180 3041 5252 μὴν
3065 5179 3185 5232 οὕτε
3227 5182 3254 5232 6
3287 5179 3499 5250 Βοώτης
3526 5179 3604 5249 τῷ
3632 5179 3789 5249 Κριῷ

550 5267 736 5322 Ariete
772 5267 996 5338 incipiat
1036 5268 1263 5330 exoriri,
1306 5268 1453 5337 quod
1497 5269 1573 5322 illi
1607 5268 1818 5332 volunt,
1850 5268 1943 5323 sed
1986 5282 2095 5322 cun

2218 5270 2443 5339 ἄρχεται
2473 5271 2954 5341 συναναφέρεσθαι,
2979 5270 3052 5334 ὥς
3081 5289 3264 5340 φασιν,
3295 5271 3429 5325 ἀλλά
3459 5270 3536 5341 τῷ
3565 5271 3785 5341 Ταύρῳ,

551 5357 757 5421 Tauro,
801 5360 1054 5428 superius
1085 5359 1344 5414 diximus.

2221 5360 2630 5430 προειρήκαμεν
2657 5361 2930 5432 ἀνωτέρω.

623 5449 868 5505 Geminis
899 5451 1031 5504 oriri
1064 5451 1476 5522 incipientibus,
1509 5451 1709 5506 Aratus
1742 5453 1816 5506 ait
1863 5451 2095 5505 occideri

2293 5451 2413 5502 Τῶν
2438 5451 2494 5504 δὲ
2517 5451 2765 5524 Διδύμων
2793 5453 3110 5523 ἀρχομένων
3143 5453 3472 5516 ἀνατέλλειν,
3499 5455 3526 5506 6
3554 5454 3789 5522 Ἀρατος

553 5537 719 5614 pedes
771 5536 1041 5607 Opliiucbi
1085 5556 1262 5611 usque
1317 5541 1386 5594 ad
1439 5557 1650 5613 genua;
1679 5540 1883 5612 ;Cetum
1931 5550 2095 5597 auten

2224 5539 2401 5595 δύνειν
2441 5542 2540 5612 μέν
2595 5555 2726 5614 φησι
2772 5545 2899 5608 τοὺς
2953 5543 3120 5608 πόδας
3180 5543 3276 5598 τοῦ
3359 5541 3640 5613 Ὀφιούχου
3693 5540 3791 5610 μέ-

620 5688 692 5721 ⁸³⁶
721 5688 842 5746 Cor.
879 5693 971 5745 καί
1005 5695 1056 5746 κ’
1082 5696 1400 5766 ἀμφήριστα
1428 5695 1666 5750 πέλοντο.
1745 5696 1792 5728 ⁸⁸
1815 5713 1906 5764 rp.
1936 5697 2075 5751 ὅλον.
2149 5696 2196 5729 ⁸³
2228 5713 2317 5767 ῃο.
2347 5696 2592 5768 χελυνίῳ.
