  <div class='ocr_page' id='page_1' title='image "/cluster/home/n/w/nwhite01/storage/ocr_20150623/19/nnc1.0037127454/568.png"; bbox 0 0 4132 6410; ppageno 0'>
   <div class='ocr_carea' id='block_1_1' title="bbox 398 364 534 419">
    <p class='ocr_par' dir='ltr' id='par_1_1' title="bbox 398 364 534 419">
     <span class='ocr_line' id='line_1_1' title="bbox 398 364 534 419; baseline 0.022 -3"><span class='ocrx_word' id='word_1_1' title='bbox 398 364 534 419; x_wconf 75' lang='grc'><strong>1095</strong></span> 
     </span>
    </p>
   </div>
   <div class='ocr_carea' id='block_1_2' title="bbox 1386 364 2632 430">
    <p class='ocr_par' dir='ltr' id='par_1_2' title="bbox 1386 364 2632 430">
     <span class='ocr_line' id='line_1_2' title="bbox 1386 364 2632 430; baseline 0.005 -8"><span class='ocrx_word' id='word_1_2' title='bbox 1386 364 1750 426; x_wconf 80' lang='lat' dir='ltr'><strong>HIPPARCHI</strong></span> <span class='ocrx_word' id='word_1_3' title='bbox 1787 369 1878 426; x_wconf 78' lang='lat' dir='ltr'><strong>AD</strong></span> <span class='ocrx_word' id='word_1_4' title='bbox 1916 371 2363 428; x_wconf 69' lang='grc' dir='ltr'><strong>ΡΗᾹΣΝΟΜΕΝΑ</strong></span> <span class='ocrx_word' id='word_1_5' title='bbox 2400 373 2527 429; x_wconf 89' lang='lat' dir='ltr'><strong>LIB.</strong></span> <span class='ocrx_word' id='word_1_6' title='bbox 2571 373 2632 430; x_wconf 84' lang='lat' dir='ltr'><strong>ll.</strong></span> 
     </span>
    </p>
   </div>
   <div class='ocr_carea' id='block_1_3' title="bbox 3489 370 3628 436">
    <p class='ocr_par' dir='ltr' id='par_1_3' title="bbox 3489 370 3628 436">
     <span class='ocr_line' id='line_1_3' title="bbox 3489 370 3628 436; baseline 0.022 -3"><span class='ocrx_word' id='word_1_7' title='bbox 3489 370 3628 436; x_wconf 55' lang='lat' dir='ltr'><strong>109i</strong></span> 
     </span>
    </p>
   </div>
   <div class='ocr_carea' id='block_1_4' title="bbox 397 478 1949 560">
    <p class='ocr_par' dir='ltr' id='par_1_4' title="bbox 397 478 1949 554">
     <span class='ocr_line' id='line_1_4' title="bbox 397 478 1949 554; baseline 0.003 -22"><span class='ocrx_word' id='word_1_8' title='bbox 397 496 492 547; x_wconf 84' lang='grc' dir='ltr'><strong>σφι</strong></span> <span class='ocrx_word' id='word_1_9' title='bbox 532 479 710 533; x_wconf 72' lang='grc' dir='ltr'><strong>αὐτῶν</strong></span> <span class='ocrx_word' id='word_1_10' title='bbox 737 479 784 511; x_wconf 78' lang='grc'><strong>⁸⁸</strong></span> <span class='ocrx_word' id='word_1_11' title='bbox 823 478 1060 548; x_wconf 83' lang='grc' dir='ltr'><strong>γονάτων</strong></span> <span class='ocrx_word' id='word_1_12' title='bbox 1079 497 1094 510; x_wconf 76' lang='grc' dir='ltr'><strong>ο</strong></span> <span class='ocrx_word' id='word_1_13' title='bbox 1122 479 1428 533; x_wconf 72' lang='grc' dir='ltr'><strong>ἀνατέλλειν</strong></span> <span class='ocrx_word' id='word_1_14' title='bbox 1464 480 1521 534; x_wconf 87' lang='grc' dir='ltr'><strong>δέ</strong></span> <span class='ocrx_word' id='word_1_15' title='bbox 1569 482 1630 533; x_wconf 87' lang='grc' dir='ltr'><strong>τὸ</strong></span> <span class='ocrx_word' id='word_1_16' title='bbox 1661 484 1839 554; x_wconf 83' lang='grc' dir='ltr'><strong>Κῆτος</strong></span> <span class='ocrx_word' id='word_1_17' title='bbox 1873 485 1949 537; x_wconf 58' lang='grc' dir='ltr'><strong>κατ</strong></span> 
     </span>
    </p>
   </div>
   <div class='ocr_carea' id='block_1_5' title="bbox 2049 478 3630 560">
    <p class='ocr_par' dir='ltr' id='par_1_5' title="bbox 2064 482 3630 560">
     <span class='ocr_line' id='line_1_5' title="bbox 2064 482 3630 560; baseline 0.004 -21"><span class='ocrx_word' id='word_1_18' title='bbox 2064 485 2296 552; x_wconf 83' lang='lat' dir='ltr'><strong>exoriri;</strong></span> <span class='ocrx_word' id='word_1_19' title='bbox 2354 487 2697 556; x_wconf 88' lang='lat' dir='ltr'><strong>primumque</strong></span> <span class='ocrx_word' id='word_1_20' title='bbox 2728 482 2992 542; x_wconf 88' lang='lat' dir='ltr'><strong>Fluminis</strong></span> <span class='ocrx_word' id='word_1_21' title='bbox 3049 495 3282 556; x_wconf 88' lang='lat' dir='ltr'><strong>partem.</strong></span> <span class='ocrx_word' id='word_1_22' title='bbox 3327 488 3458 555; x_wconf 62' lang='lat' dir='ltr'><strong>Quas</strong></span> <span class='ocrx_word' id='word_1_23' title='bbox 3504 493 3630 560; x_wconf 81' lang='lat' dir='ltr'><strong>qui-</strong></span> 
     </span>
    </p>
   </div>
   <div class='ocr_carea' id='block_1_6' title="bbox 394 569 1962 643">
    <p class='ocr_par' dir='ltr' id='par_1_6' title="bbox 394 569 1962 643">
     <span class='ocr_line' id='line_1_6' title="bbox 394 569 1962 643; baseline 0.003 -20"><span class='ocrx_word' id='word_1_24' title='bbox 394 570 491 624; x_wconf 85' lang='grc' dir='ltr'><strong>τοῦ</strong></span> <span class='ocrx_word' id='word_1_25' title='bbox 524 569 779 642; x_wconf 90' lang='grc' dir='ltr'><strong>Ποταμοῦ</strong></span> <span class='ocrx_word' id='word_1_26' title='bbox 818 571 889 624; x_wconf 86' lang='grc' dir='ltr'><strong>τὰ</strong></span> <span class='ocrx_word' id='word_1_27' title='bbox 918 570 1133 643; x_wconf 86' lang='grc' dir='ltr'><strong>πρῶτα.</strong></span> <span class='ocrx_word' id='word_1_28' title='bbox 1182 571 1369 626; x_wconf 89' lang='grc' dir='ltr'><strong>Ταῦτα</strong></span> <span class='ocrx_word' id='word_1_29' title='bbox 1409 571 1466 625; x_wconf 88' lang='grc' dir='ltr'><strong>δὲ</strong></span> <span class='ocrx_word' id='word_1_30' title='bbox 1508 572 1816 643; x_wconf 83' lang='grc' dir='ltr'><strong>συμφώνως</strong></span> <span class='ocrx_word' id='word_1_31' title='bbox 1849 577 1962 638; x_wconf 83' lang='grc' dir='ltr'><strong>τοῖς</strong></span> 
     </span>
    </p>
   </div>
   <div class='ocr_carea' id='block_1_7' title="bbox 396 663 1330 735">
    <p class='ocr_par' dir='ltr' id='par_1_7' title="bbox 396 663 1330 735">
     <span class='ocr_line' id='line_1_7' title="bbox 396 663 1330 735; baseline 0.002 -18"><span class='ocrx_word' id='word_1_32' title='bbox 396 664 739 734; x_wconf 82' lang='grc' dir='ltr'><strong>φαινομένοις</strong></span> <span class='ocrx_word' id='word_1_33' title='bbox 767 664 857 717; x_wconf 83' lang='grc' dir='ltr'><strong>ὑπ’</strong></span> <span class='ocrx_word' id='word_1_34' title='bbox 889 664 1068 717; x_wconf 83' lang='grc' dir='ltr'><strong>αὐτῶν</strong></span> <span class='ocrx_word' id='word_1_35' title='bbox 1097 663 1330 735; x_wconf 76' lang='grc' dir='ltr'><strong>εἴρηται.</strong></span> 
     </span>
    </p>
   </div>
   <div class='ocr_carea' id='block_1_8' title="bbox 471 749 1962 826">
    <p class='ocr_par' dir='ltr' id='par_1_8' title="bbox 471 749 1962 826">
     <span class='ocr_line' id='line_1_8' title="bbox 471 749 1962 826; baseline 0 -20"><span class='ocrx_word' id='word_1_36' title='bbox 471 749 541 806; x_wconf 79' lang='grc' dir='ltr'><strong>’Ἃ</strong></span> <span class='ocrx_word' id='word_1_37' title='bbox 591 755 690 825; x_wconf 82' lang='grc' dir='ltr'><strong>μὲν</strong></span> <span class='ocrx_word' id='word_1_38' title='bbox 735 749 826 808; x_wconf 80' lang='grc' dir='ltr'><strong>οὖν</strong></span> <span class='ocrx_word' id='word_1_39' title='bbox 876 754 1048 807; x_wconf 89' lang='grc' dir='ltr'><strong>ἐδόκει</strong></span> <span class='ocrx_word' id='word_1_40' title='bbox 1084 772 1172 825; x_wconf 90' lang='grc' dir='ltr'><strong>μοι</strong></span> <span class='ocrx_word' id='word_1_41' title='bbox 1223 756 1466 826; x_wconf 90' lang='grc' dir='ltr'><strong>χρήσιμα</strong></span> <span class='ocrx_word' id='word_1_42' title='bbox 1512 749 1652 808; x_wconf 74' lang='grc' dir='ltr'><strong>εἶναι</strong></span> <span class='ocrx_word' id='word_1_43' title='bbox 1694 753 1802 808; x_wconf 83' lang='grc' dir='ltr'><strong>τῶν</strong></span> <span class='ocrx_word' id='word_1_44' title='bbox 1854 753 1962 807; x_wconf 86' lang='grc' dir='ltr'><strong>ὑπὸ</strong></span> 
     </span>
    </p>
   </div>
   <div class='ocr_carea' id='block_1_9' title="bbox 409 839 1961 916">
    <p class='ocr_par' dir='ltr' id='par_1_9' title="bbox 409 839 1961 916">
     <span class='ocr_line' id='line_1_9' title="bbox 409 839 1961 916; baseline -0.003 -20"><span class='ocrx_word' id='word_1_45' title='bbox 409 841 637 916; x_wconf 79' lang='grc' dir='ltr'><strong>Ἀράτου</strong></span> <span class='ocrx_word' id='word_1_46' title='bbox 668 844 761 898; x_wconf 75' lang='grc' dir='ltr'><strong>καὶ</strong></span> <span class='ocrx_word' id='word_1_47' title='bbox 789 843 1016 909; x_wconf 76' lang='grc' dir='ltr'>Εὐδόξου</span> <span class='ocrx_word' id='word_1_48' title='bbox 1054 842 1360 913; x_wconf 83' lang='grc' dir='ltr'><strong>λεγομένων</strong></span> <span class='ocrx_word' id='word_1_49' title='bbox 1392 843 1450 894; x_wconf 81' lang='grc' dir='ltr'><strong>ὲν</strong></span> <span class='ocrx_word' id='word_1_50' title='bbox 1475 843 1585 903; x_wconf 73' lang='grc' dir='ltr'><strong>τοῖς</strong></span> <span class='ocrx_word' id='word_1_51' title='bbox 1623 839 1961 911; x_wconf 76' lang='grc' dir='ltr'><strong>φαινομένοις</strong></span> 
     </span>
    </p>
   </div>
   <div class='ocr_carea' id='block_1_10' title="bbox 397 930 1962 1004">
    <p class='ocr_par' dir='ltr' id='par_1_10' title="bbox 397 930 1962 1004">
     <span class='ocr_line' id='line_1_10' title="bbox 397 930 1962 1004; baseline -0.004 -15"><span class='ocrx_word' id='word_1_52' title='bbox 397 936 792 1004; x_wconf 73' lang='grc' dir='ltr'><strong>ἐπισκέψασθαι</strong></span> <span class='ocrx_word' id='word_1_53' title='bbox 831 952 912 1002; x_wconf 90' lang='grc' dir='ltr'><strong>τε,</strong></span> <span class='ocrx_word' id='word_1_54' title='bbox 944 934 1036 988; x_wconf 75' lang='grc' dir='ltr'><strong>καὶ</strong></span> <span class='ocrx_word' id='word_1_55' title='bbox 1065 933 1397 1004; x_wconf 77' lang='grc' dir='ltr'><strong>ὑπογράψαι,</strong></span> <span class='ocrx_word' id='word_1_56' title='bbox 1420 931 1594 986; x_wconf 85' lang='grc' dir='ltr'><strong>ταῦτά</strong></span> <span class='ocrx_word' id='word_1_57' title='bbox 1625 933 1770 984; x_wconf 84' lang='grc' dir='ltr'><strong>ἐστιν</strong></span> <span class='ocrx_word' id='word_1_58' title='bbox 1790 947 1803 962; x_wconf 88' lang='grc'><strong>·</strong></span> <span class='ocrx_word' id='word_1_59' title='bbox 1835 930 1962 1000; x_wconf 78' lang='grc' dir='ltr'><strong>ἑξῆς</strong></span> 
     </span>
    </p>
   </div>
   <div class='ocr_carea' id='block_1_11' title="bbox 382 1023 1961 1099">
    <p class='ocr_par' dir='ltr' id='par_1_11' title="bbox 382 1023 1961 1099">
     <span class='ocr_line' id='line_1_11' title="bbox 382 1023 1961 1099; baseline -0.004 -17"><span class='ocrx_word' id='word_1_60' title='bbox 382 1030 453 1083; x_wconf 82' lang='grc' dir='ltr'><strong>’δὲ</strong></span> <span class='ocrx_word' id='word_1_61' title='bbox 481 1029 732 1093; x_wconf 79' lang='grc' dir='ltr'><strong>ύποτάξω</strong></span> <span class='ocrx_word' id='word_1_62' title='bbox 759 1029 885 1099; x_wconf 78' lang='grc' dir='ltr'><strong>περὶ</strong></span> <span class='ocrx_word' id='word_1_63' title='bbox 925 1027 1153 1080; x_wconf 76' lang='grc' dir='ltr'><strong>ἑκάστου</strong></span> <span class='ocrx_word' id='word_1_64' title='bbox 1181 1025 1288 1078; x_wconf 85' lang='grc' dir='ltr'><strong>τῶν</strong></span> <span class='ocrx_word' id='word_1_65' title='bbox 1315 1024 1568 1078; x_wconf 84' lang='grc' dir='ltr'><strong>ἀπλανῶν</strong></span> <span class='ocrx_word' id='word_1_66' title='bbox 1595 1023 1838 1094; x_wconf 82' lang='grc' dir='ltr'><strong>ἀστέρων</strong></span> <span class='ocrx_word' id='word_1_67' title='bbox 1869 1023 1961 1076; x_wconf 78' lang='grc' dir='ltr'><strong>ἐπὶ</strong></span> 
     </span>
    </p>
   </div>
   <div class='ocr_carea' id='block_1_12' title="bbox 396 1115 1960 1194">
    <p class='ocr_par' dir='ltr' id='par_1_12' title="bbox 396 1115 1960 1194">
     <span class='ocr_line' id='line_1_12' title="bbox 396 1115 1960 1194; baseline -0.006 -16"><span class='ocrx_word' id='word_1_68' title='bbox 396 1124 710 1194; x_wconf 79' lang='grc' dir='ltr'><strong>κεφαλαίου,</strong></span> <span class='ocrx_word' id='word_1_69' title='bbox 744 1123 849 1177; x_wconf 90' lang='grc' dir='ltr'><strong>τίνι</strong></span> <span class='ocrx_word' id='word_1_70' title='bbox 876 1140 934 1175; x_wconf 92' lang='grc' dir='ltr'><strong>τε</strong></span> <span class='ocrx_word' id='word_1_71' title='bbox 957 1123 1065 1174; x_wconf 86' lang='grc' dir='ltr'><strong>τῶν</strong></span> <span class='ocrx_word' id='word_1_72' title='bbox 1097 1120 1163 1190; x_wconf 81' lang='grc' dir='ltr'><strong>ιβ’</strong></span> <span class='ocrx_word' id='word_1_73' title='bbox 1195 1120 1398 1184; x_wconf 84' lang='grc' dir='ltr'><strong>ζωδίων</strong></span> <span class='ocrx_word' id='word_1_74' title='bbox 1440 1117 1835 1181; x_wconf 84' lang='grc' dir='ltr'><strong>συνανατέλλει,</strong></span> <span class='ocrx_word' id='word_1_75' title='bbox 1867 1115 1960 1168; x_wconf 80' lang='grc' dir='ltr'><strong>καὶ</strong></span> 
     </span>
    </p>
   </div>
   <div class='ocr_carea' id='block_1_13' title="bbox 397 1207 1957 1283">
    <p class='ocr_par' dir='ltr' id='par_1_13' title="bbox 397 1207 1957 1283">
     <span class='ocr_line' id='line_1_13' title="bbox 397 1207 1957 1283; baseline -0.005 -15"><span class='ocrx_word' id='word_1_76' title='bbox 397 1214 820 1283; x_wconf 88' lang='grc' dir='ltr'><strong>συγκαταδύνει·</strong></span> <span class='ocrx_word' id='word_1_77' title='bbox 866 1214 960 1267; x_wconf 79' lang='grc' dir='ltr'><strong>καὶ</strong></span> <span class='ocrx_word' id='word_1_78' title='bbox 1003 1212 1110 1265; x_wconf 79' lang='grc' dir='ltr'><strong>ἀπὸ</strong></span> <span class='ocrx_word' id='word_1_79' title='bbox 1139 1212 1338 1282; x_wconf 89' lang='grc' dir='ltr'><strong>πόστης</strong></span> <span class='ocrx_word' id='word_1_80' title='bbox 1388 1211 1580 1281; x_wconf 86' lang='grc' dir='ltr'><strong>μοίρας</strong></span> <span class='ocrx_word' id='word_1_81' title='bbox 1623 1207 1715 1262; x_wconf 87' lang='grc' dir='ltr'><strong>τοῦ</strong></span> <span class='ocrx_word' id='word_1_82' title='bbox 1767 1207 1957 1272; x_wconf 89' lang='grc' dir='ltr'><strong>ζωδίου</strong></span> 
     </span>
    </p>
   </div>
   <div class='ocr_carea' id='block_1_14' title="bbox 395 1300 1959 1379">
    <p class='ocr_par' dir='ltr' id='par_1_14' title="bbox 395 1300 1959 1379">
     <span class='ocr_line' id='line_1_14' title="bbox 395 1300 1959 1379; baseline -0.006 -18"><span class='ocrx_word' id='word_1_83' title='bbox 395 1307 716 1379; x_wconf 83' lang='grc' dir='ltr'><strong>ἀρξάμενος,</strong></span> <span class='ocrx_word' id='word_1_84' title='bbox 751 1306 855 1366; x_wconf 72' lang='grc' dir='ltr'><strong>ἕως</strong></span> <span class='ocrx_word' id='word_1_85' title='bbox 898 1304 1100 1374; x_wconf 86' lang='grc' dir='ltr'><strong>πόστης</strong></span> <span class='ocrx_word' id='word_1_86' title='bbox 1127 1303 1187 1356; x_wconf 86' lang='grc' dir='ltr'><strong>τὸ</strong></span> <span class='ocrx_word' id='word_1_87' title='bbox 1209 1303 1431 1373; x_wconf 77' lang='grc' dir='ltr'><strong>ἔσχατον</strong></span> <span class='ocrx_word' id='word_1_88' title='bbox 1451 1301 1745 1365; x_wconf 80' lang='grc' dir='ltr'><strong>ἀνατέλλει,</strong></span> <span class='ocrx_word' id='word_1_89' title='bbox 1773 1300 1807 1372; x_wconf 83' lang='grc' dir='ltr'>ἢ</span> <span class='ocrx_word' id='word_1_90' title='bbox 1836 1317 1959 1369; x_wconf 91' lang='grc' dir='ltr'><strong>συγ-</strong></span> 
     </span>
    </p>
   </div>
   <div class='ocr_carea' id='block_1_15' title="bbox 395 1387 1960 1464">
    <p class='ocr_par' dir='ltr' id='par_1_15' title="bbox 395 1387 1960 1464">
     <span class='ocr_line' id='line_1_15' title="bbox 395 1387 1960 1464; baseline -0.006 -14"><span class='ocrx_word' id='word_1_91' title='bbox 395 1397 679 1450; x_wconf 83' lang='grc' dir='ltr'><strong>καταδύνει</strong></span> <span class='ocrx_word' id='word_1_92' title='bbox 711 1397 770 1449; x_wconf 80' lang='grc' dir='ltr'><strong>ἐν</strong></span> <span class='ocrx_word' id='word_1_93' title='bbox 793 1398 904 1459; x_wconf 84' lang='grc' dir='ltr'><strong>τοῖς</strong></span> <span class='ocrx_word' id='word_1_94' title='bbox 926 1394 1052 1464; x_wconf 76' lang='grc' dir='ltr'><strong>περὶ</strong></span> <span class='ocrx_word' id='word_1_95' title='bbox 1075 1391 1170 1464; x_wconf 83' lang='grc' dir='ltr'><strong>τὴν</strong></span> <span class='ocrx_word' id='word_1_96' title='bbox 1217 1391 1439 1445; x_wconf 81' lang='grc' dir='ltr'><strong>Ἐλλάδα</strong></span> <span class='ocrx_word' id='word_1_97' title='bbox 1465 1390 1647 1453; x_wconf 86' lang='grc' dir='ltr'><strong>τόποις</strong></span> <span class='ocrx_word' id='word_1_98' title='bbox 1666 1407 1679 1418; x_wconf 93' lang='grc'><strong>·</strong></span> <span class='ocrx_word' id='word_1_99' title='bbox 1707 1389 1799 1444; x_wconf 74' lang='grc' dir='ltr'><strong>καὶ</strong></span> <span class='ocrx_word' id='word_1_100' title='bbox 1828 1387 1960 1441; x_wconf 88' lang='grc' dir='ltr'><strong>καθ-</strong></span> 
     </span>
    </p>
   </div>
   <div class='ocr_carea' id='block_1_16' title="bbox 393 1479 1958 1558">
    <p class='ocr_par' dir='ltr' id='par_1_16' title="bbox 393 1479 1958 1558">
     <span class='ocr_line' id='line_1_16' title="bbox 393 1479 1958 1558; baseline -0.006 -16"><span class='ocrx_word' id='word_1_101' title='bbox 393 1489 516 1542; x_wconf 83' lang='grc' dir='ltr'><strong>όλου</strong></span> <span class='ocrx_word' id='word_1_102' title='bbox 555 1489 690 1542; x_wconf 82' lang='grc' dir='ltr'><strong>ὅπου</strong></span> <span class='ocrx_word' id='word_1_103' title='bbox 733 1487 877 1540; x_wconf 74' lang='grc' dir='ltr'><strong>ἐστὶν</strong></span> <span class='ocrx_word' id='word_1_104' title='bbox 905 1488 937 1558; x_wconf 86' lang='grc' dir='ltr'><strong>ή</strong></span> <span class='ocrx_word' id='word_1_105' title='bbox 975 1486 1202 1557; x_wconf 82' lang='grc' dir='ltr'><strong>μεγίστη</strong></span> <span class='ocrx_word' id='word_1_106' title='bbox 1230 1483 1416 1555; x_wconf 88' lang='grc' dir='ltr'><strong>ήμέρα</strong></span> <span class='ocrx_word' id='word_1_107' title='bbox 1448 1481 1603 1553; x_wconf 83' lang='grc' dir='ltr'><strong>ὡρῶν</strong></span> <span class='ocrx_word' id='word_1_108' title='bbox 1628 1479 1958 1552; x_wconf 80' lang='grc' dir='ltr'><strong>ἰσημερινῶν</strong></span> 
     </span>
    </p>
   </div>
   <div class='ocr_carea' id='block_1_17' title="bbox 394 1571 1959 1651">
    <p class='ocr_par' dir='ltr' id='par_1_17' title="bbox 394 1571 1959 1651">
     <span class='ocr_line' id='line_1_17' title="bbox 394 1571 1959 1651; baseline -0.005 -18"><span class='ocrx_word' id='word_1_109' title='bbox 394 1578 458 1633; x_wconf 82' lang='grc' dir='ltr'><strong>ιδ’</strong></span> <span class='ocrx_word' id='word_1_110' title='bbox 486 1580 579 1634; x_wconf 71' lang='grc' dir='ltr'><strong>καὶ</strong></span> <span class='ocrx_word' id='word_1_111' title='bbox 618 1579 905 1651; x_wconf 90' lang='grc' dir='ltr'><strong>ήμιωρίου.</strong></span> <span class='ocrx_word' id='word_1_112' title='bbox 951 1577 1061 1641; x_wconf 89' lang='grc' dir='ltr'><strong>Τάς</strong></span> <span class='ocrx_word' id='word_1_113' title='bbox 1101 1576 1159 1629; x_wconf 83' lang='grc' dir='ltr'><strong>δὲ</strong></span> <span class='ocrx_word' id='word_1_114' title='bbox 1203 1576 1343 1630; x_wconf 86' lang='grc' dir='ltr'><strong>κατά</strong></span> <span class='ocrx_word' id='word_1_115' title='bbox 1389 1575 1556 1645; x_wconf 84' lang='grc' dir='ltr'><strong>μέρος</strong></span> <span class='ocrx_word' id='word_1_116' title='bbox 1599 1571 1779 1627; x_wconf 80' lang='grc' dir='ltr'><strong>αὐτῶν</strong></span> <span class='ocrx_word' id='word_1_117' title='bbox 1823 1573 1959 1626; x_wconf 89' lang='grc' dir='ltr'><strong>ἀπο-</strong></span> 
     </span>
    </p>
   </div>
   <div class='ocr_carea' id='block_1_18' title="bbox 393 1665 1957 1740">
    <p class='ocr_par' dir='ltr' id='par_1_18' title="bbox 393 1665 1957 1740">
     <span class='ocr_line' id='line_1_18' title="bbox 393 1665 1957 1740; baseline -0.005 -14"><span class='ocrx_word' id='word_1_118' title='bbox 393 1673 586 1739; x_wconf 78' lang='grc' dir='ltr'><strong>δείξεις</strong></span> <span class='ocrx_word' id='word_1_119' title='bbox 608 1676 664 1727; x_wconf 90' lang='grc' dir='ltr'><strong>ἐν</strong></span> <span class='ocrx_word' id='word_1_120' title='bbox 691 1672 869 1735; x_wconf 77' lang='grc' dir='ltr'><strong>ἄλλοις</strong></span> <span class='ocrx_word' id='word_1_121' title='bbox 901 1669 1301 1740; x_wconf 84' lang='grc' dir='ltr'><strong>συντετάχαμεν</strong></span> <span class='ocrx_word' id='word_1_122' title='bbox 1328 1667 1518 1731; x_wconf 74' lang='grc' dir='ltr'><strong>οὕτως,</strong></span> <span class='ocrx_word' id='word_1_123' title='bbox 1546 1666 1686 1719; x_wconf 84' lang='grc' dir='ltr'><strong>ὥστε</strong></span> <span class='ocrx_word' id='word_1_124' title='bbox 1713 1667 1771 1719; x_wconf 89' lang='grc' dir='ltr'><strong>ἐν</strong></span> <span class='ocrx_word' id='word_1_125' title='bbox 1797 1665 1957 1718; x_wconf 84' lang='grc' dir='ltr'><strong>παντὶ</strong></span> 
     </span>
    </p>
   </div>
   <div class='ocr_carea' id='block_1_19' title="bbox 391 1754 1958 1834">
    <p class='ocr_par' dir='ltr' id='par_1_19' title="bbox 391 1754 1958 1834">
     <span class='ocr_line' id='line_1_19' title="bbox 391 1754 1958 1834; baseline -0.007 -17"><span class='ocrx_word' id='word_1_126' title='bbox 391 1763 543 1834; x_wconf 75' lang='grc' dir='ltr'><strong>’τόπῳ</strong></span> <span class='ocrx_word' id='word_1_127' title='bbox 588 1761 768 1833; x_wconf 80' lang='grc' dir='ltr'><strong>σχεδὸν</strong></span> <span class='ocrx_word' id='word_1_128' title='bbox 820 1759 922 1830; x_wconf 82' lang='grc' dir='ltr'><strong>τῆς</strong></span> <span class='ocrx_word' id='word_1_129' title='bbox 968 1757 1288 1830; x_wconf 77' lang='grc' dir='ltr'><strong>οἰκουμένης</strong></span> <span class='ocrx_word' id='word_1_130' title='bbox 1325 1757 1580 1810; x_wconf 90' lang='grc' dir='ltr'><strong>δύνασθαι</strong></span> <span class='ocrx_word' id='word_1_131' title='bbox 1625 1754 1958 1826; x_wconf 83' lang='grc' dir='ltr'><strong>παρακολου-</strong></span> 
     </span>
    </p>
   </div>
   <div class='ocr_carea' id='block_1_20' title="bbox 2063 576 3624 649">
    <p class='ocr_par' dir='ltr' id='par_1_20' title="bbox 2063 576 3624 649">
     <span class='ocr_line' id='line_1_20' title="bbox 2063 576 3624 649; baseline 0.006 -20"><span class='ocrx_word' id='word_1_132' title='bbox 2063 576 2187 630; x_wconf 88' lang='lat' dir='ltr'><strong>dem</strong></span> <span class='ocrx_word' id='word_1_133' title='bbox 2231 593 2358 632; x_wconf 91' lang='lat' dir='ltr'><strong>cum</strong></span> <span class='ocrx_word' id='word_1_134' title='bbox 2391 577 2782 648; x_wconf 76' lang='lat' dir='ltr'><strong>apparentibus</strong></span> <span class='ocrx_word' id='word_1_135' title='bbox 2820 589 3186 649; x_wconf 74' lang='lat' dir='ltr'><strong>congruenter</strong></span> <span class='ocrx_word' id='word_1_136' title='bbox 3229 580 3300 636; x_wconf 92' lang='lat' dir='ltr'><strong>ab</strong></span> <span class='ocrx_word' id='word_1_137' title='bbox 3330 581 3440 638; x_wconf 85' lang='lat' dir='ltr'><strong>illis</strong></span> <span class='ocrx_word' id='word_1_138' title='bbox 3477 581 3624 638; x_wconf 89' lang='lat' dir='ltr'><strong>dicta</strong></span> 
     </span>
    </p>
   </div>
   <div class='ocr_carea' id='block_1_21' title="bbox 2062 674 2209 723">
    <p class='ocr_par' dir='ltr' id='par_1_21' title="bbox 2062 674 2209 723">
     <span class='ocr_line' id='line_1_21' title="bbox 2062 674 2209 723; baseline -0.02 0"><span class='ocrx_word' id='word_1_139' title='bbox 2062 674 2209 723; x_wconf 86' lang='lat' dir='ltr'><strong>sunt.</strong></span> 
     </span>
    </p>
   </div>
   <div class='ocr_carea' id='block_1_22' title="bbox 2130 759 3626 839">
    <p class='ocr_par' dir='ltr' id='par_1_22' title="bbox 2130 759 3626 839">
     <span class='ocr_line' id='line_1_22' title="bbox 2130 759 3626 839; baseline 0.007 -26"><span class='ocrx_word' id='word_1_140' title='bbox 2130 759 2301 829; x_wconf 87' lang='lat' dir='ltr'><strong>Igitur</strong></span> <span class='ocrx_word' id='word_1_141' title='bbox 2331 775 2453 830; x_wconf 69' lang='lat' dir='ltr'><strong>qua:</strong></span> <span class='ocrx_word' id='word_1_142' title='bbox 2504 776 2570 815; x_wconf 81' lang='lat' dir='ltr'><strong>ex</strong></span> <span class='ocrx_word' id='word_1_143' title='bbox 2612 761 2767 816; x_wconf 80' lang='lat' dir='ltr'><strong>Arati</strong></span> <span class='ocrx_word' id='word_1_144' title='bbox 2799 763 3120 834; x_wconf 81' lang='lat' dir='ltr'><strong>Eudoxique</strong></span> <span class='ocrx_word' id='word_1_145' title='bbox 3171 764 3410 822; x_wconf 81' lang='lat' dir='ltr'><strong>decretis</strong></span> <span class='ocrx_word' id='word_1_146' title='bbox 3459 783 3626 839; x_wconf 86' lang='lat' dir='ltr'><strong>super</strong></span> 
     </span>
    </p>
   </div>
   <div class='ocr_carea' id='block_1_23' title="bbox 2061 851 3627 924">
    <p class='ocr_par' dir='ltr' id='par_1_23' title="bbox 2061 851 3627 924">
     <span class='ocr_line' id='line_1_23' title="bbox 2061 851 3627 924; baseline 0.009 -23"><span class='ocrx_word' id='word_1_147' title='bbox 2061 851 2434 918; x_wconf 89' lang='lat' dir='ltr'><strong>apparentium</strong></span> <span class='ocrx_word' id='word_1_148' title='bbox 2497 851 2710 907; x_wconf 84' lang='lat' dir='ltr'><strong>ratione</strong></span> <span class='ocrx_word' id='word_1_149' title='bbox 2768 852 2932 924; x_wconf 89' lang='lat' dir='ltr'><strong>digna</strong></span> <span class='ocrx_word' id='word_1_150' title='bbox 2993 855 3128 909; x_wconf 91' lang='lat' dir='ltr'><strong>mihi</strong></span> <span class='ocrx_word' id='word_1_151' title='bbox 3177 858 3627 915; x_wconf 86' lang='lat' dir='ltr'><strong>consideratione</strong></span> 
     </span>
    </p>
   </div>
   <div class='ocr_carea' id='block_1_24' title="bbox 2059 937 3625 1016">
    <p class='ocr_par' dir='ltr' id='par_1_24' title="bbox 2059 937 3625 1016">
     <span class='ocr_line' id='line_1_24' title="bbox 2059 937 3625 1016; baseline 0.006 -22"><span class='ocrx_word' id='word_1_152' title='bbox 2059 937 2550 1011; x_wconf 89' lang='lat' dir='ltr'><strong>observationeque</strong></span> <span class='ocrx_word' id='word_1_153' title='bbox 2581 942 2700 997; x_wconf 91' lang='lat' dir='ltr'><strong>visa</strong></span> <span class='ocrx_word' id='word_1_154' title='bbox 2731 952 2882 1007; x_wconf 92' lang='lat' dir='ltr'><strong>sunt,</strong></span> <span class='ocrx_word' id='word_1_155' title='bbox 2916 944 3034 999; x_wconf 66' lang='lat' dir='ltr'><strong>haec</strong></span> <span class='ocrx_word' id='word_1_156' title='bbox 3082 949 3474 1016; x_wconf 85' lang='lat' dir='ltr'><strong>propemodum</strong></span> <span class='ocrx_word' id='word_1_157' title='bbox 3508 949 3625 1003; x_wconf 70' lang='lat' dir='ltr'><strong>fue-</strong></span> 
     </span>
    </p>
   </div>
   <div class='ocr_carea' id='block_1_25' title="bbox 2058 1028 3624 1105">
    <p class='ocr_par' dir='ltr' id='par_1_25' title="bbox 2058 1028 3624 1105">
     <span class='ocr_line' id='line_1_25' title="bbox 2058 1028 3624 1105; baseline 0.006 -22"><span class='ocrx_word' id='word_1_158' title='bbox 2058 1039 2209 1083; x_wconf 89' lang='lat' dir='ltr'><strong>runt.</strong></span> <span class='ocrx_word' id='word_1_159' title='bbox 2236 1028 2508 1100; x_wconf 89' lang='lat' dir='ltr'><strong>Deinceps</strong></span> <span class='ocrx_word' id='word_1_160' title='bbox 2544 1046 2672 1086; x_wconf 90' lang='lat' dir='ltr'><strong>vero</strong></span> <span class='ocrx_word' id='word_1_161' title='bbox 2703 1035 2771 1086; x_wconf 90' lang='lat' dir='ltr'><strong>de</strong></span> <span class='ocrx_word' id='word_1_162' title='bbox 2805 1048 3132 1105; x_wconf 84' lang='lat' dir='ltr'><strong>unaquaque</strong></span> <span class='ocrx_word' id='word_1_163' title='bbox 3161 1037 3444 1091; x_wconf 88' lang='lat' dir='ltr'><strong>stellarum</strong></span> <span class='ocrx_word' id='word_1_164' title='bbox 3476 1039 3624 1094; x_wconf 88' lang='lat' dir='ltr'><strong>iner-</strong></span> 
     </span>
    </p>
   </div>
   <div class='ocr_carea' id='block_1_26' title="bbox 2058 1121 3625 1199">
    <p class='ocr_par' dir='ltr' id='par_1_26' title="bbox 2058 1121 3625 1199">
     <span class='ocr_line' id='line_1_26' title="bbox 2058 1121 3625 1199; baseline 0.007 -24"><span class='ocrx_word' id='word_1_165' title='bbox 2058 1121 2298 1175; x_wconf 88' lang='lat' dir='ltr'><strong>rantium</strong></span> <span class='ocrx_word' id='word_1_166' title='bbox 2331 1123 2644 1176; x_wconf 88' lang='lat' dir='ltr'><strong>summatim</strong></span> <span class='ocrx_word' id='word_1_167' title='bbox 2693 1123 3002 1180; x_wconf 86' lang='lat' dir='ltr'><strong>disseram:</strong></span> <span class='ocrx_word' id='word_1_168' title='bbox 3031 1142 3140 1197; x_wconf 93' lang='lat' dir='ltr'><strong>quo</strong></span> <span class='ocrx_word' id='word_1_169' title='bbox 3189 1142 3312 1181; x_wconf 88' lang='lat' dir='ltr'><strong>cum</strong></span> <span class='ocrx_word' id='word_1_170' title='bbox 3344 1128 3502 1199; x_wconf 91' lang='lat' dir='ltr'><strong>signo</strong></span> <span class='ocrx_word' id='word_1_171' title='bbox 3555 1131 3625 1186; x_wconf 87' lang='lat' dir='ltr'><strong>de</strong></span> 
     </span>
    </p>
   </div>
   <div class='ocr_carea' id='block_1_27' title="bbox 2059 1210 3622 1288">
    <p class='ocr_par' dir='ltr' id='par_1_27' title="bbox 2059 1210 3622 1288">
     <span class='ocr_line' id='line_1_27' title="bbox 2059 1210 3622 1288; baseline 0.008 -23"><span class='ocrx_word' id='word_1_172' title='bbox 2059 1210 2348 1266; x_wconf 89' lang='lat' dir='ltr'><strong>duodecim</strong></span> <span class='ocrx_word' id='word_1_173' title='bbox 2379 1213 2591 1266; x_wconf 87' lang='lat' dir='ltr'><strong>oriatur</strong></span> <span class='ocrx_word' id='word_1_174' title='bbox 2647 1221 2741 1267; x_wconf 90' lang='lat' dir='ltr'><strong>aut</strong></span> <span class='ocrx_word' id='word_1_175' title='bbox 2792 1216 3044 1284; x_wconf 89' lang='lat' dir='ltr'><strong>occidat;</strong></span> <span class='ocrx_word' id='word_1_176' title='bbox 3077 1227 3244 1288; x_wconf 89' lang='lat' dir='ltr'><strong>quota</strong></span> <span class='ocrx_word' id='word_1_177' title='bbox 3299 1221 3368 1275; x_wconf 93' lang='lat' dir='ltr'><strong>ab</strong></span> <span class='ocrx_word' id='word_1_178' title='bbox 3411 1223 3622 1279; x_wconf 77' lang='lat' dir='ltr'><strong>zodiaci</strong></span> 
     </span>
    </p>
   </div>
   <div class='ocr_carea' id='block_1_28' title="bbox 2058 1306 3622 1378">
    <p class='ocr_par' dir='ltr' id='par_1_28' title="bbox 2058 1306 3622 1378">
     <span class='ocr_line' id='line_1_28' title="bbox 2058 1306 3622 1378; baseline 0.009 -19"><span class='ocrx_word' id='word_1_179' title='bbox 2058 1313 2214 1376; x_wconf 89' lang='lat' dir='ltr'><strong>parte</strong></span> <span class='ocrx_word' id='word_1_180' title='bbox 2243 1306 2532 1375; x_wconf 87' lang='lat' dir='ltr'><strong>incipiens,</strong></span> <span class='ocrx_word' id='word_1_181' title='bbox 2563 1308 2618 1361; x_wconf 91' lang='lat' dir='ltr'><strong>in</strong></span> <span class='ocrx_word' id='word_1_182' title='bbox 2653 1317 2819 1378; x_wconf 91' lang='lat' dir='ltr'><strong>quota</strong></span> <span class='ocrx_word' id='word_1_183' title='bbox 2849 1312 2980 1365; x_wconf 86' lang='lat' dir='ltr'><strong>oriri</strong></span> <span class='ocrx_word' id='word_1_184' title='bbox 3006 1314 3090 1367; x_wconf 90' lang='lat' dir='ltr'><strong>vel</strong></span> <span class='ocrx_word' id='word_1_185' title='bbox 3123 1314 3374 1370; x_wconf 90' lang='lat' dir='ltr'><strong>occidere</strong></span> <span class='ocrx_word' id='word_1_186' title='bbox 3402 1317 3622 1373; x_wconf 83' lang='lat' dir='ltr'><strong>desinat</strong></span> 
     </span>
    </p>
   </div>
   <div class='ocr_carea' id='block_1_29' title="bbox 2059 1391 3622 1472">
    <p class='ocr_par' dir='ltr' id='par_1_29' title="bbox 2059 1391 3622 1472">
     <span class='ocr_line' id='line_1_29' title="bbox 2059 1391 3622 1472; baseline 0.011 -25"><span class='ocrx_word' id='word_1_187' title='bbox 2059 1393 2206 1448; x_wconf 89' lang='lat' dir='ltr'><strong>circa</strong></span> <span class='ocrx_word' id='word_1_188' title='bbox 2231 1391 2453 1448; x_wconf 68' lang='lat' dir='ltr'><strong>Graeciaa</strong></span> <span class='ocrx_word' id='word_1_189' title='bbox 2481 1403 2740 1462; x_wconf 87' lang='lat' dir='ltr'><strong>tractum,</strong></span> <span class='ocrx_word' id='word_1_190' title='bbox 2772 1407 2866 1452; x_wconf 90' lang='lat' dir='ltr'><strong>aut</strong></span> <span class='ocrx_word' id='word_1_191' title='bbox 2902 1400 3209 1472; x_wconf 88' lang='lat' dir='ltr'><strong>ubicunque</strong></span> <span class='ocrx_word' id='word_1_192' title='bbox 3241 1405 3476 1458; x_wconf 80' lang='lat' dir='ltr'><strong>maxima</strong></span> <span class='ocrx_word' id='word_1_193' title='bbox 3503 1407 3622 1464; x_wconf 78' lang='lat' dir='ltr'><strong>dies</strong></span> 
     </span>
    </p>
   </div>
   <div class='ocr_carea' id='block_1_30' title="bbox 2058 1484 3620 1562">
    <p class='ocr_par' dir='ltr' id='par_1_30' title="bbox 2058 1484 3620 1562">
     <span class='ocr_line' id='line_1_30' title="bbox 2058 1484 3620 1562; baseline 0.008 -22"><span class='ocrx_word' id='word_1_194' title='bbox 2058 1491 2142 1540; x_wconf 90' lang='lat' dir='ltr'><strong>est</strong></span> <span class='ocrx_word' id='word_1_195' title='bbox 2199 1484 2456 1540; x_wconf 88' lang='lat' dir='ltr'><strong>horarum</strong></span> <span class='ocrx_word' id='word_1_196' title='bbox 2513 1486 2973 1558; x_wconf 66' lang='lat' dir='ltr'><strong>aequinoctialium</strong></span> <span class='ocrx_word' id='word_1_197' title='bbox 3027 1495 3442 1562; x_wconf 87' lang='lat' dir='ltr'><strong>quatuordecim</strong></span> <span class='ocrx_word' id='word_1_198' title='bbox 3492 1512 3620 1554; x_wconf 90' lang='lat' dir='ltr'><strong>cum</strong></span> 
     </span>
    </p>
   </div>
   <div class='ocr_carea' id='block_1_31' title="bbox 2057 1576 3621 1655">
    <p class='ocr_par' dir='ltr' id='par_1_31' title="bbox 2057 1576 3621 1655">
     <span class='ocr_line' id='line_1_31' title="bbox 2057 1576 3621 1655; baseline 0.01 -24"><span class='ocrx_word' id='word_1_199' title='bbox 2057 1576 2302 1634; x_wconf 88' lang='lat' dir='ltr'><strong>dimidia.</strong></span> <span class='ocrx_word' id='word_1_200' title='bbox 2326 1579 2568 1646; x_wconf 86' lang='lat' dir='ltr'><strong>Quorum</strong></span> <span class='ocrx_word' id='word_1_201' title='bbox 2613 1583 2860 1638; x_wconf 92' lang='lat' dir='ltr'><strong>omnium</strong></span> <span class='ocrx_word' id='word_1_202' title='bbox 2920 1587 3242 1655; x_wconf 80' lang='lat' dir='ltr'><strong>singillatim</strong></span> <span class='ocrx_word' id='word_1_203' title='bbox 3277 1589 3621 1647; x_wconf 84' lang='lat' dir='ltr'><strong>demonstra-</strong></span> 
     </span>
    </p>
   </div>
   <div class='ocr_carea' id='block_1_32' title="bbox 2059 1668 3620 1749">
    <p class='ocr_par' dir='ltr' id='par_1_32' title="bbox 2059 1668 3620 1749">
     <span class='ocr_line' id='line_1_32' title="bbox 2059 1668 3620 1749; baseline 0.012 -28"><span class='ocrx_word' id='word_1_204' title='bbox 2059 1668 2259 1724; x_wconf 87' lang='lat' dir='ltr'><strong>tionem</strong></span> <span class='ocrx_word' id='word_1_205' title='bbox 2283 1671 2357 1724; x_wconf 92' lang='lat' dir='ltr'><strong>ita</strong></span> <span class='ocrx_word' id='word_1_206' title='bbox 2390 1671 2447 1726; x_wconf 90' lang='lat' dir='ltr'><strong>in</strong></span> <span class='ocrx_word' id='word_1_207' title='bbox 2477 1672 2598 1728; x_wconf 91' lang='lat' dir='ltr'><strong>aliis</strong></span> <span class='ocrx_word' id='word_1_208' title='bbox 2622 1675 3033 1732; x_wconf 89' lang='lat' dir='ltr'><strong>commentariis</strong></span> <span class='ocrx_word' id='word_1_209' title='bbox 3066 1681 3441 1749; x_wconf 77' lang='lat' dir='ltr'><strong>exposuimus,</strong></span> <span class='ocrx_word' id='word_1_210' title='bbox 3472 1691 3532 1738; x_wconf 91' lang='lat' dir='ltr'><strong>ut</strong></span> <span class='ocrx_word' id='word_1_211' title='bbox 3560 1684 3620 1740; x_wconf 91' lang='lat' dir='ltr'><strong>in</strong></span> 
     </span>
    </p>
   </div>
   <div class='ocr_carea' id='block_1_33' title="bbox 2057 1760 3620 1838">
    <p class='ocr_par' dir='ltr' id='par_1_33' title="bbox 2057 1760 3620 1838">
     <span class='ocr_line' id='line_1_33' title="bbox 2057 1760 3620 1838; baseline 0.012 -25"><span class='ocrx_word' id='word_1_212' title='bbox 2057 1763 2207 1815; x_wconf 91' lang='lat' dir='ltr'><strong>omni</strong></span> <span class='ocrx_word' id='word_1_213' title='bbox 2250 1760 2363 1817; x_wconf 82' lang='lat' dir='ltr'><strong>fere</strong></span> <span class='ocrx_word' id='word_1_214' title='bbox 2391 1772 2660 1819; x_wconf 89' lang='lat' dir='ltr'><strong>terrarum</strong></span> <span class='ocrx_word' id='word_1_215' title='bbox 2693 1767 2842 1821; x_wconf 85' lang='lat' dir='ltr'><strong>orbis</strong></span> <span class='ocrx_word' id='word_1_216' title='bbox 2878 1769 2995 1823; x_wconf 93' lang='lat' dir='ltr'><strong>loco</strong></span> <span class='ocrx_word' id='word_1_217' title='bbox 3029 1779 3348 1838; x_wconf 89' lang='lat' dir='ltr'><strong>coortuum,</strong></span> <span class='ocrx_word' id='word_1_218' title='bbox 3375 1783 3428 1829; x_wconf 90' lang='lat' dir='ltr'><strong>et</strong></span> <span class='ocrx_word' id='word_1_219' title='bbox 3453 1789 3620 1831; x_wconf 88' lang='lat' dir='ltr'><strong>eooe-</strong></span> 
     </span>
    </p>
   </div>
   <div class='ocr_carea' id='block_1_34' title="bbox 382 1829 1949 1940">
    <p class='ocr_par' dir='ltr' id='par_1_34' title="bbox 382 1829 1949 1923">
     <span class='ocr_line' id='line_1_34' title="bbox 382 1829 1949 1923; baseline -0.006 -16"><span class='ocrx_word' id='word_1_220' title='bbox 382 1854 510 1907; x_wconf 83' lang='grc' dir='ltr'><strong>’θεῖν</strong></span> <span class='ocrx_word' id='word_1_221' title='bbox 549 1856 668 1916; x_wconf 76' lang='grc' dir='ltr'><strong>ταῖς</strong></span> <span class='ocrx_word' id='word_1_222' title='bbox 709 1851 991 1923; x_wconf 82' lang='grc' dir='ltr'><strong>διαφοραῖς</strong></span> <span class='ocrx_word' id='word_1_223' title='bbox 1038 1829 1148 1903; x_wconf 86' lang='grc' dir='ltr'><strong>τῶν</strong></span> <span class='ocrx_word' id='word_1_224' title='bbox 1197 1847 1564 1902; x_wconf 86' lang='grc' dir='ltr'><strong>συνανατολῶν</strong></span> <span class='ocrx_word' id='word_1_225' title='bbox 1609 1846 1704 1900; x_wconf 73' lang='grc' dir='ltr'><strong>καὶ</strong></span> <span class='ocrx_word' id='word_1_226' title='bbox 1750 1857 1949 1914; x_wconf 87' lang='grc' dir='ltr'><strong>συγκα-</strong></span> 
     </span>
    </p>
   </div>
   <div class='ocr_carea' id='block_1_35' title="bbox 2049 1829 3560 1940">
    <p class='ocr_par' dir='ltr' id='par_1_35' title="bbox 2055 1855 3560 1940">
     <span class='ocr_line' id='line_1_35' title="bbox 2055 1855 3560 1940; baseline 0.011 -34"><span class='ocrx_word' id='word_1_227' title='bbox 2055 1866 2285 1908; x_wconf 90' lang='lat' dir='ltr'><strong>casuum</strong></span> <span class='ocrx_word' id='word_1_228' title='bbox 2316 1855 2636 1911; x_wconf 86' lang='lat' dir='ltr'><strong>discrimina</strong></span> <span class='ocrx_word' id='word_1_229' title='bbox 2659 1865 2809 1913; x_wconf 88' lang='lat' dir='ltr'><strong>certa</strong></span> <span class='ocrx_word' id='word_1_230' title='bbox 2834 1861 3014 1930; x_wconf 88' lang='lat' dir='ltr'><strong>possis</strong></span> <span class='ocrx_word' id='word_1_231' title='bbox 3034 1863 3246 1920; x_wconf 87' lang='lat' dir='ltr'><strong>ratione</strong></span> <span class='ocrx_word' id='word_1_232' title='bbox 3273 1870 3560 1940; x_wconf 86' lang='lat' dir='ltr'><strong>consequi.</strong></span> 
     </span>
    </p>
   </div>
   <div class='ocr_carea' id='block_1_36' title="bbox 391 1946 687 2000">
    <p class='ocr_par' dir='ltr' id='par_1_36' title="bbox 391 1946 687 2000">
     <span class='ocr_line' id='line_1_36' title="bbox 391 1946 687 2000; baseline 0 -1"><span class='ocrx_word' id='word_1_233' title='bbox 391 1946 687 2000; x_wconf 89' lang='grc' dir='ltr'><strong>ταδύσεων.</strong></span> 
     </span>
    </p>
   </div>
   <div class='ocr_carea' id='block_1_37' title="bbox 461 2023 1955 2107">
    <p class='ocr_par' dir='ltr' id='par_1_37' title="bbox 461 2023 1955 2107">
     <span class='ocr_line' id='line_1_37' title="bbox 461 2023 1955 2107; baseline -0.006 -17"><span class='ocrx_word' id='word_1_234' title='bbox 461 2037 564 2090; x_wconf 75' lang='grc' dir='ltr'><strong>ιθι.</strong></span> <span class='ocrx_word' id='word_1_235' title='bbox 613 2034 836 2107; x_wconf 82' lang='grc' dir='ltr'><strong>Πρῶτον</strong></span> <span class='ocrx_word' id='word_1_236' title='bbox 878 2030 976 2104; x_wconf 83' lang='grc' dir='ltr'><strong>μὲν</strong></span> <span class='ocrx_word' id='word_1_237' title='bbox 1023 2027 1116 2086; x_wconf 80' lang='grc' dir='ltr'><strong>οῦν</strong></span> <span class='ocrx_word' id='word_1_238' title='bbox 1166 2030 1508 2102; x_wconf 72' lang='grc' dir='ltr'><strong>ἐκθησόμεθα</strong></span> <span class='ocrx_word' id='word_1_239' title='bbox 1549 2028 1656 2093; x_wconf 78' lang='grc' dir='ltr'><strong>τὰς</strong></span> <span class='ocrx_word' id='word_1_240' title='bbox 1700 2028 1810 2082; x_wconf 87' lang='grc' dir='ltr'><strong>τῶν</strong></span> <span class='ocrx_word' id='word_1_241' title='bbox 1860 2023 1955 2098; x_wconf 85' lang='grc' dir='ltr'><strong>βο-</strong></span> 
     </span>
    </p>
   </div>
   <div class='ocr_carea' id='block_1_38' title="bbox 383 2118 1957 2199">
    <p class='ocr_par' dir='ltr' id='par_1_38' title="bbox 383 2118 1957 2199">
     <span class='ocr_line' id='line_1_38' title="bbox 383 2118 1957 2199; baseline -0.006 -20"><span class='ocrx_word' id='word_1_242' title='bbox 383 2127 682 2199; x_wconf 83' lang='grc' dir='ltr'><strong>.ρειοτέρων</strong></span> <span class='ocrx_word' id='word_1_243' title='bbox 723 2127 936 2196; x_wconf 79' lang='grc' dir='ltr'><strong>ἄστρων</strong></span> <span class='ocrx_word' id='word_1_244' title='bbox 983 2121 1076 2176; x_wconf 91' lang='grc' dir='ltr'><strong>τοῦ</strong></span> <span class='ocrx_word' id='word_1_245' title='bbox 1138 2119 1400 2185; x_wconf 86' lang='grc' dir='ltr'><strong>ζωδιακοῦ</strong></span> <span class='ocrx_word' id='word_1_246' title='bbox 1430 2118 1630 2172; x_wconf 81' lang='grc' dir='ltr'><strong>κύκλου</strong></span> <span class='ocrx_word' id='word_1_247' title='bbox 1668 2133 1957 2172; x_wconf 84' lang='grc' dir='ltr'><strong>συνανατο-</strong></span> 
     </span>
    </p>
   </div>
   <div class='ocr_carea' id='block_1_39' title="bbox 379 2209 1952 2286">
    <p class='ocr_par' dir='ltr' id='par_1_39' title="bbox 379 2209 1952 2286">
     <span class='ocr_line' id='line_1_39' title="bbox 379 2209 1952 2286; baseline -0.006 -14"><span class='ocrx_word' id='word_1_248' title='bbox 379 2218 492 2282; x_wconf 87' lang='grc' dir='ltr'><strong>-λάς</strong></span> <span class='ocrx_word' id='word_1_249' title='bbox 534 2235 592 2272; x_wconf 90' lang='grc' dir='ltr'><strong>τε</strong></span> <span class='ocrx_word' id='word_1_250' title='bbox 636 2218 729 2271; x_wconf 76' lang='grc' dir='ltr'><strong>καὶ</strong></span> <span class='ocrx_word' id='word_1_251' title='bbox 767 2213 1188 2286; x_wconf 89' lang='grc' dir='ltr'><strong>συγκαταδύσεις</strong></span> <span class='ocrx_word' id='word_1_252' title='bbox 1211 2230 1224 2244; x_wconf 73' lang='grc' dir='ltr'><strong>ο</strong></span> <span class='ocrx_word' id='word_1_253' title='bbox 1280 2212 1470 2266; x_wconf 75' lang='grc' dir='ltr'><strong>ἔπειτα</strong></span> <span class='ocrx_word' id='word_1_254' title='bbox 1506 2213 1562 2266; x_wconf 84' lang='grc' dir='ltr'><strong>δὲ</strong></span> <span class='ocrx_word' id='word_1_255' title='bbox 1593 2210 1692 2275; x_wconf 87' lang='grc' dir='ltr'><strong>τὰς</strong></span> <span class='ocrx_word' id='word_1_256' title='bbox 1723 2209 1830 2264; x_wconf 87' lang='grc' dir='ltr'><strong>τῶν</strong></span> <span class='ocrx_word' id='word_1_257' title='bbox 1863 2226 1952 2263; x_wconf 92' lang='grc' dir='ltr'><strong>νο-</strong></span> 
     </span>
    </p>
   </div>
   <div class='ocr_carea' id='block_1_40' title="bbox 390 2301 1955 2382">
    <p class='ocr_par' dir='ltr' id='par_1_40' title="bbox 390 2301 1955 2382">
     <span class='ocr_line' id='line_1_40' title="bbox 390 2301 1955 2382; baseline -0.005 -18"><span class='ocrx_word' id='word_1_258' title='bbox 390 2310 698 2382; x_wconf 82' lang='grc' dir='ltr'><strong>τιωτέρων’</strong></span> <span class='ocrx_word' id='word_1_259' title='bbox 737 2309 830 2362; x_wconf 73' lang='grc' dir='ltr'><strong>ἐπὶ</strong></span> <span class='ocrx_word' id='word_1_260' title='bbox 867 2310 998 2363; x_wconf 84' lang='grc' dir='ltr'><strong>πᾶσι</strong></span> <span class='ocrx_word' id='word_1_261' title='bbox 1030 2307 1089 2360; x_wconf 78' lang='grc' dir='ltr'><strong>δὲ</strong></span> <span class='ocrx_word' id='word_1_262' title='bbox 1134 2306 1232 2370; x_wconf 88' lang='grc' dir='ltr'><strong>τάς</strong></span> <span class='ocrx_word' id='word_1_263' title='bbox 1259 2304 1366 2359; x_wconf 85' lang='grc' dir='ltr'><strong>τῶν</strong></span> <span class='ocrx_word' id='word_1_264' title='bbox 1413 2304 1478 2375; x_wconf 83' lang='grc' dir='ltr'><strong>ιβ’</strong></span> <span class='ocrx_word' id='word_1_265' title='bbox 1530 2301 1753 2367; x_wconf 87' lang='grc' dir='ltr'><strong>ζωδίων.</strong></span> <span class='ocrx_word' id='word_1_266' title='bbox 1796 2301 1955 2371; x_wconf 82' lang='grc' dir='ltr'><strong>Λέγω</strong></span> 
     </span>
    </p>
   </div>
   <div class='ocr_carea' id='block_1_41' title="bbox 377 2393 1953 2473">
    <p class='ocr_par' dir='ltr' id='par_1_41' title="bbox 377 2393 1953 2473">
     <span class='ocr_line' id='line_1_41' title="bbox 377 2393 1953 2473; baseline -0.008 -15"><span class='ocrx_word' id='word_1_267' title='bbox 377 2405 449 2458; x_wconf 65' lang='grc' dir='ltr'><strong>’δέ</strong></span> <span class='ocrx_word' id='word_1_268' title='bbox 488 2405 594 2456; x_wconf 82' lang='grc' dir='ltr'><strong>τῶν</strong></span> <span class='ocrx_word' id='word_1_269' title='bbox 620 2399 1025 2473; x_wconf 77' lang='grc' dir='ltr'><strong>ήστερισμένων</strong></span> <span class='ocrx_word' id='word_1_270' title='bbox 1045 2417 1059 2430; x_wconf 78' lang='grc' dir='ltr'><strong>ο</strong></span> <span class='ocrx_word' id='word_1_271' title='bbox 1091 2399 1388 2469; x_wconf 79' lang='grc' dir='ltr'><strong>ἐπειδήπερ</strong></span> <span class='ocrx_word' id='word_1_272' title='bbox 1411 2396 1446 2450; x_wconf 79' lang='grc' dir='ltr'><strong>ἀ</strong></span> <span class='ocrx_word' id='word_1_273' title='bbox 1482 2395 1579 2467; x_wconf 81' lang='grc' dir='ltr'><strong>μὲν</strong></span> <span class='ocrx_word' id='word_1_274' title='bbox 1612 2393 1832 2465; x_wconf 89' lang='grc' dir='ltr'><strong>μείζονα</strong></span> <span class='ocrx_word' id='word_1_275' title='bbox 1861 2393 1953 2446; x_wconf 83' lang='grc' dir='ltr'><strong>τό·-</strong></span> 
     </span>
    </p>
   </div>
   <div class='ocr_carea' id='block_1_42' title="bbox 392 2484 1954 2564">
    <p class='ocr_par' dir='ltr' id='par_1_42' title="bbox 392 2484 1954 2564">
     <span class='ocr_line' id='line_1_42' title="bbox 392 2484 1954 2564; baseline -0.006 -16"><span class='ocrx_word' id='word_1_276' title='bbox 392 2512 493 2549; x_wconf 86' lang='grc' dir='ltr'><strong>πον</strong></span> <span class='ocrx_word' id='word_1_277' title='bbox 521 2496 705 2564; x_wconf 87' lang='grc' dir='ltr'><strong>ἐπέχει</strong></span> <span class='ocrx_word' id='word_1_278' title='bbox 732 2491 825 2546; x_wconf 91' lang='grc' dir='ltr'><strong>τοῦ</strong></span> <span class='ocrx_word' id='word_1_279' title='bbox 853 2491 1342 2563; x_wconf 84' lang='grc' dir='ltr'><strong>δωδεκατημορίου,</strong></span> <span class='ocrx_word' id='word_1_280' title='bbox 1373 2486 1409 2543; x_wconf 78' lang='grc' dir='ltr'><strong>ἀ</strong></span> <span class='ocrx_word' id='word_1_281' title='bbox 1436 2486 1492 2542; x_wconf 85' lang='grc' dir='ltr'><strong>δὲ</strong></span> <span class='ocrx_word' id='word_1_282' title='bbox 1520 2484 1800 2541; x_wconf 77' lang='grc' dir='ltr'><strong>ἐλάσσονα.</strong></span> <span class='ocrx_word' id='word_1_283' title='bbox 1833 2486 1954 2538; x_wconf 88' lang='grc' dir='ltr'><strong>Ἔτι</strong></span> 
     </span>
    </p>
   </div>
   <div class='ocr_carea' id='block_1_43' title="bbox 391 2575 1955 2655">
    <p class='ocr_par' dir='ltr' id='par_1_43' title="bbox 391 2575 1955 2655">
     <span class='ocr_line' id='line_1_43' title="bbox 391 2575 1955 2655; baseline -0.007 -16"><span class='ocrx_word' id='word_1_284' title='bbox 391 2587 450 2641; x_wconf 84' lang='grc' dir='ltr'><strong>δὲ</strong></span> <span class='ocrx_word' id='word_1_285' title='bbox 478 2586 569 2640; x_wconf 72' lang='grc' dir='ltr'><strong>καὶ</strong></span> <span class='ocrx_word' id='word_1_286' title='bbox 608 2584 785 2655; x_wconf 81' lang='grc' dir='ltr'><strong>πολλῷ</strong></span> <span class='ocrx_word' id='word_1_287' title='bbox 825 2584 946 2637; x_wconf 83' lang='grc' dir='ltr'><strong>τινὰ</strong></span> <span class='ocrx_word' id='word_1_288' title='bbox 1001 2584 1099 2653; x_wconf 86' lang='grc' dir='ltr'><strong>μὲν</strong></span> <span class='ocrx_word' id='word_1_289' title='bbox 1146 2582 1474 2654; x_wconf 85' lang='grc' dir='ltr'><strong>βορειότερα,</strong></span> <span class='ocrx_word' id='word_1_290' title='bbox 1513 2578 1635 2631; x_wconf 82' lang='grc' dir='ltr'><strong>τινὰ</strong></span> <span class='ocrx_word' id='word_1_291' title='bbox 1681 2577 1739 2632; x_wconf 85' lang='grc' dir='ltr'><strong>δὲ</strong></span> <span class='ocrx_word' id='word_1_292' title='bbox 1769 2575 1955 2631; x_wconf 85' lang='grc' dir='ltr'><strong>νοτιώ-</strong></span> 
     </span>
    </p>
   </div>
   <div class='ocr_carea' id='block_1_44' title="bbox 381 2668 1955 2749">
    <p class='ocr_par' dir='ltr' id='par_1_44' title="bbox 381 2668 1955 2749">
     <span class='ocr_line' id='line_1_44' title="bbox 381 2668 1955 2749; baseline -0.007 -19"><span class='ocrx_word' id='word_1_293' title='bbox 381 2687 523 2749; x_wconf 77' lang='grc' dir='ltr'><strong>’τερα</strong></span> <span class='ocrx_word' id='word_1_294' title='bbox 554 2677 682 2730; x_wconf 72' lang='grc' dir='ltr'><strong>ὄντα</strong></span> <span class='ocrx_word' id='word_1_295' title='bbox 716 2674 810 2728; x_wconf 88' lang='grc' dir='ltr'><strong>τοῦ</strong></span> <span class='ocrx_word' id='word_1_296' title='bbox 852 2673 1136 2738; x_wconf 79' lang='grc' dir='ltr'><strong>ζωδιακοῦ,</strong></span> <span class='ocrx_word' id='word_1_297' title='bbox 1176 2672 1308 2726; x_wconf 85' lang='grc' dir='ltr'><strong>πολὺ</strong></span> <span class='ocrx_word' id='word_1_298' title='bbox 1339 2672 1590 2741; x_wconf 82' lang='grc' dir='ltr'><strong>προτερεῖ</strong></span> <span class='ocrx_word' id='word_1_299' title='bbox 1609 2669 1702 2723; x_wconf 78' lang='grc' dir='ltr'><strong>καὶ</strong></span> <span class='ocrx_word' id='word_1_300' title='bbox 1737 2668 1955 2738; x_wconf 83' lang='grc' dir='ltr'><strong>ὑστερεῖ</strong></span> 
     </span>
    </p>
   </div>
   <div class='ocr_carea' id='block_1_45' title="bbox 391 2759 1952 2833">
    <p class='ocr_par' dir='ltr' id='par_1_45' title="bbox 391 2759 1952 2833">
     <span class='ocr_line' id='line_1_45' title="bbox 391 2759 1952 2833; baseline -0.006 -11"><span class='ocrx_word' id='word_1_301' title='bbox 391 2772 452 2822; x_wconf 88' lang='grc' dir='ltr'><strong>ἐν</strong></span> <span class='ocrx_word' id='word_1_302' title='bbox 481 2771 600 2833; x_wconf 88' lang='grc' dir='ltr'><strong>ταῖς</strong></span> <span class='ocrx_word' id='word_1_303' title='bbox 633 2767 915 2829; x_wconf 85' lang='grc' dir='ltr'><strong>ἀνατολαῖς</strong></span> <span class='ocrx_word' id='word_1_304' title='bbox 947 2766 1041 2820; x_wconf 77' lang='grc' dir='ltr'><strong>καὶ</strong></span> <span class='ocrx_word' id='word_1_305' title='bbox 1097 2767 1280 2819; x_wconf 87' lang='grc' dir='ltr'><strong>δύσεσι</strong></span> <span class='ocrx_word' id='word_1_306' title='bbox 1313 2763 1420 2816; x_wconf 84' lang='grc' dir='ltr'><strong>τῶν</strong></span> <span class='ocrx_word' id='word_1_307' title='bbox 1460 2763 1579 2815; x_wconf 83' lang='grc' dir='ltr'><strong>κατ’</strong></span> <span class='ocrx_word' id='word_1_308' title='bbox 1606 2760 1746 2816; x_wconf 84' lang='grc' dir='ltr'><strong>αὺτά</strong></span> <span class='ocrx_word' id='word_1_309' title='bbox 1789 2759 1952 2813; x_wconf 90' lang='grc' dir='ltr'><strong>δωδε-</strong></span> 
     </span>
    </p>
   </div>
   <div class='ocr_carea' id='block_1_46' title="bbox 382 2851 1952 2933">
    <p class='ocr_par' dir='ltr' id='par_1_46' title="bbox 382 2851 1952 2933">
     <span class='ocr_line' id='line_1_46' title="bbox 382 2851 1952 2933; baseline -0.008 -18"><span class='ocrx_word' id='word_1_310' title='bbox 382 2861 759 2933; x_wconf 80' lang='grc' dir='ltr'><strong>κατημορίων.</strong></span> <span class='ocrx_word' id='word_1_311' title='bbox 791 2859 1340 2931; x_wconf 86' lang='grc' dir='ltr'><strong>Προσδιασαφήσομεν</strong></span> <span class='ocrx_word' id='word_1_312' title='bbox 1385 2856 1441 2908; x_wconf 87' lang='grc' dir='ltr'><strong>δέ</strong></span> <span class='ocrx_word' id='word_1_313' title='bbox 1478 2857 1564 2924; x_wconf 84' lang='grc' dir='ltr'><strong>ἐφ’</strong></span> <span class='ocrx_word' id='word_1_314' title='bbox 1598 2855 1824 2909; x_wconf 80' lang='grc' dir='ltr'><strong>ἑκάστου</strong></span> <span class='ocrx_word' id='word_1_315' title='bbox 1857 2851 1952 2906; x_wconf 79' lang='grc' dir='ltr'><strong>καὶ</strong></span> 
     </span>
    </p>
   </div>
   <div class='ocr_carea' id='block_1_47' title="bbox 389 2945 1952 3023">
    <p class='ocr_par' dir='ltr' id='par_1_47' title="bbox 389 2945 1952 3023">
     <span class='ocr_line' id='line_1_47' title="bbox 389 2945 1952 3023; baseline -0.005 -17"><span class='ocrx_word' id='word_1_316' title='bbox 389 2954 452 3007; x_wconf 87' lang='grc' dir='ltr'><strong>τό</strong></span> <span class='ocrx_word' id='word_1_317' title='bbox 477 2970 536 3006; x_wconf 91' lang='grc' dir='ltr'><strong>τε</strong></span> <span class='ocrx_word' id='word_1_318' title='bbox 569 2951 930 3023; x_wconf 81' lang='grc' dir='ltr'><strong>μεσουρανοῦν</strong></span> <span class='ocrx_word' id='word_1_319' title='bbox 960 2953 1016 3004; x_wconf 88' lang='grc' dir='ltr'><strong>ἐν</strong></span> <span class='ocrx_word' id='word_1_320' title='bbox 1053 2948 1131 3020; x_wconf 83' lang='grc' dir='ltr'><strong>τῷ</strong></span> <span class='ocrx_word' id='word_1_321' title='bbox 1163 2947 1410 3018; x_wconf 86' lang='grc' dir='ltr'><strong>ζωδιακῷ</strong></span> <span class='ocrx_word' id='word_1_322' title='bbox 1440 2946 1622 3017; x_wconf 86' lang='grc' dir='ltr'><strong>κύκλῳ</strong></span> <span class='ocrx_word' id='word_1_323' title='bbox 1646 2945 1834 3010; x_wconf 86' lang='grc' dir='ltr'><strong>ζώδιον</strong></span> <span class='ocrx_word' id='word_1_324' title='bbox 1858 2946 1952 2998; x_wconf 74' lang='grc' dir='ltr'><strong>καὶ</strong></span> 
     </span>
    </p>
   </div>
   <div class='ocr_carea' id='block_1_48' title="bbox 376 3039 1950 3115">
    <p class='ocr_par' dir='ltr' id='par_1_48' title="bbox 376 3039 1950 3115">
     <span class='ocr_line' id='line_1_48' title="bbox 376 3039 1950 3115; baseline -0.005 -17"><span class='ocrx_word' id='word_1_325' title='bbox 376 3044 489 3115; x_wconf 83' lang='grc' dir='ltr'><strong>’τὴν</strong></span> <span class='ocrx_word' id='word_1_326' title='bbox 526 3046 718 3114; x_wconf 84' lang='grc' dir='ltr'><strong>μοῖραν</strong></span> <span class='ocrx_word' id='word_1_327' title='bbox 755 3041 951 3096; x_wconf 84' lang='grc' dir='ltr'><strong>αὐτοῦ·</strong></span> <span class='ocrx_word' id='word_1_328' title='bbox 989 3041 1124 3112; x_wconf 80' lang='grc' dir='ltr'><strong>πρὸς</strong></span> <span class='ocrx_word' id='word_1_329' title='bbox 1167 3040 1223 3093; x_wconf 86' lang='grc' dir='ltr'><strong>δὲ</strong></span> <span class='ocrx_word' id='word_1_330' title='bbox 1271 3039 1479 3103; x_wconf 88' lang='grc' dir='ltr'><strong>τούτοις</strong></span> <span class='ocrx_word' id='word_1_331' title='bbox 1524 3039 1651 3102; x_wconf 83' lang='grc' dir='ltr'><strong>τοὺς</strong></span> <span class='ocrx_word' id='word_1_332' title='bbox 1685 3052 1950 3108; x_wconf 87' lang='grc' dir='ltr'><strong>μεσουρα-</strong></span> 
     </span>
    </p>
   </div>
   <div class='ocr_carea' id='block_1_49' title="bbox 389 3128 1950 3204">
    <p class='ocr_par' dir='ltr' id='par_1_49' title="bbox 389 3128 1950 3204">
     <span class='ocr_line' id='line_1_49' title="bbox 389 3128 1950 3204; baseline -0.007 -13"><span class='ocrx_word' id='word_1_333' title='bbox 389 3136 612 3200; x_wconf 88' lang='grc' dir='ltr'><strong>νοῦντας</strong></span> <span class='ocrx_word' id='word_1_334' title='bbox 643 3135 897 3196; x_wconf 81' lang='grc' dir='ltr'><strong>ἀπλανεῖς</strong></span> <span class='ocrx_word' id='word_1_335' title='bbox 927 3133 1160 3204; x_wconf 88' lang='grc' dir='ltr'><strong>ἀστέρας</strong></span> <span class='ocrx_word' id='word_1_336' title='bbox 1194 3135 1250 3184; x_wconf 89' lang='grc' dir='ltr'><strong>ἐν</strong></span> <span class='ocrx_word' id='word_1_337' title='bbox 1283 3134 1399 3194; x_wconf 82' lang='grc' dir='ltr'><strong>ταῖς</strong></span> <span class='ocrx_word' id='word_1_338' title='bbox 1431 3132 1623 3202; x_wconf 84' lang='grc' dir='ltr'><strong>ἀρχαῖς</strong></span> <span class='ocrx_word' id='word_1_339' title='bbox 1648 3131 1741 3182; x_wconf 73' lang='grc' dir='ltr'><strong>καὶ</strong></span> <span class='ocrx_word' id='word_1_340' title='bbox 1767 3128 1950 3180; x_wconf 89' lang='grc' dir='ltr'><strong>τελευ-</strong></span> 
     </span>
    </p>
   </div>
   <div class='ocr_carea' id='block_1_50' title="bbox 2127 2025 3649 2105">
    <p class='ocr_par' dir='ltr' id='par_1_50' title="bbox 2127 2025 3649 2105">
     <span class='ocr_line' id='line_1_50' title="bbox 2127 2025 3649 2105; baseline 0.012 -22"><span class='ocrx_word' id='word_1_341' title='bbox 2127 2025 2269 2088; x_wconf 80' lang='lat' dir='ltr'><strong>XIX.</strong></span> <span class='ocrx_word' id='word_1_342' title='bbox 2300 2029 2542 2088; x_wconf 91' lang='lat' dir='ltr'><strong>Primum</strong></span> <span class='ocrx_word' id='word_1_343' title='bbox 2572 2034 2738 2105; x_wconf 80' lang='lat' dir='ltr'><strong>igitur</strong></span> <span class='ocrx_word' id='word_1_344' title='bbox 2766 2036 3067 2094; x_wconf 87' lang='lat' dir='ltr'><strong>borealium</strong></span> <span class='ocrx_word' id='word_1_345' title='bbox 3109 2041 3348 2098; x_wconf 86' lang='lat' dir='ltr'><strong>siderum</strong></span> <span class='ocrx_word' id='word_1_346' title='bbox 3379 2053 3534 2101; x_wconf 90' lang='lat' dir='ltr'><strong>ortus</strong></span> <span class='ocrx_word' id='word_1_347' title='bbox 3563 2055 3618 2101; x_wconf 89' lang='lat' dir='ltr'><strong>et</strong></span> <span class='ocrx_word' id='word_1_348' title='bbox 3647 2082 3649 2084; x_wconf 89' lang='lat'>-</span> 
     </span>
    </p>
   </div>
   <div class='ocr_carea' id='block_1_51' title="bbox 2053 2125 3612 2200">
    <p class='ocr_par' dir='ltr' id='par_1_51' title="bbox 2053 2125 3612 2200">
     <span class='ocr_line' id='line_1_51' title="bbox 2053 2125 3612 2200; baseline 0.012 -25"><span class='ocrx_word' id='word_1_349' title='bbox 2053 2134 2285 2178; x_wconf 86' lang='lat' dir='ltr'><strong>occasus</strong></span> <span class='ocrx_word' id='word_1_350' title='bbox 2304 2125 2729 2194; x_wconf 84' lang='lat' dir='ltr'><strong>explicabimus,</strong></span> <span class='ocrx_word' id='word_1_351' title='bbox 2761 2145 2901 2200; x_wconf 90' lang='lat' dir='ltr'><strong>quos</strong></span> <span class='ocrx_word' id='word_1_352' title='bbox 2925 2145 3049 2184; x_wconf 91' lang='lat' dir='ltr'><strong>cum</strong></span> <span class='ocrx_word' id='word_1_353' title='bbox 3097 2132 3322 2194; x_wconf 90' lang='lat' dir='ltr'><strong>zodiaco</strong></span> <span class='ocrx_word' id='word_1_354' title='bbox 3350 2135 3562 2191; x_wconf 86' lang='lat' dir='ltr'><strong>faciunt</strong></span> <span class='ocrx_word' id='word_1_355' title='bbox 3595 2155 3612 2194; x_wconf 90' lang='lat'><strong>:</strong></span> 
     </span>
    </p>
   </div>
   <div class='ocr_carea' id='block_1_52' title="bbox 2051 2219 3616 2296">
    <p class='ocr_par' dir='ltr' id='par_1_52' title="bbox 2051 2219 3616 2296">
     <span class='ocr_line' id='line_1_52' title="bbox 2051 2219 3616 2296; baseline 0.012 -28"><span class='ocrx_word' id='word_1_356' title='bbox 2051 2222 2167 2269; x_wconf 90' lang='lat' dir='ltr'><strong>tum</strong></span> <span class='ocrx_word' id='word_1_357' title='bbox 2201 2219 2522 2272; x_wconf 90' lang='lat' dir='ltr'><strong>au&#39;stralium</strong></span> <span class='ocrx_word' id='word_1_358' title='bbox 2559 2236 2572 2272; x_wconf 92' lang='lat'>:</span> <span class='ocrx_word' id='word_1_359' title='bbox 2605 2229 2880 2292; x_wconf 89' lang='lat' dir='ltr'><strong>postremo</strong></span> <span class='ocrx_word' id='word_1_360' title='bbox 2907 2224 3184 2294; x_wconf 84' lang='lat' dir='ltr'><strong>signorum</strong></span> <span class='ocrx_word' id='word_1_361' title='bbox 3206 2227 3452 2296; x_wconf 91' lang='lat' dir='ltr'><strong>ipsorum</strong></span> <span class='ocrx_word' id='word_1_362' title='bbox 3477 2231 3616 2285; x_wconf 92' lang='lat' dir='ltr'><strong>duo-</strong></span> 
     </span>
    </p>
   </div>
   <div class='ocr_carea' id='block_1_53' title="bbox 2053 2304 3616 2390">
    <p class='ocr_par' dir='ltr' id='par_1_53' title="bbox 2053 2304 3616 2390">
     <span class='ocr_line' id='line_1_53' title="bbox 2053 2304 3616 2390; baseline 0.011 -31"><span class='ocrx_word' id='word_1_363' title='bbox 2053 2304 2248 2361; x_wconf 90' lang='lat' dir='ltr'><strong>decim.</strong></span> <span class='ocrx_word' id='word_1_364' title='bbox 2273 2305 2348 2361; x_wconf 90' lang='lat' dir='ltr'><strong>De</strong></span> <span class='ocrx_word' id='word_1_365' title='bbox 2374 2309 2603 2366; x_wconf 85' lang='lat' dir='ltr'><strong>stellatis</strong></span> <span class='ocrx_word' id='word_1_366' title='bbox 2629 2312 2790 2382; x_wconf 76' lang='lat'><strong>128</strong></span> <span class='ocrx_word' id='word_1_367' title='bbox 2814 2321 2991 2368; x_wconf 90' lang='lat' dir='ltr'><strong>autem</strong></span> <span class='ocrx_word' id='word_1_368' title='bbox 3026 2316 3320 2386; x_wconf 89' lang='lat' dir='ltr'><strong>loquimur,</strong></span> <span class='ocrx_word' id='word_1_369' title='bbox 3356 2321 3616 2390; x_wconf 90' lang='lat' dir='ltr'><strong>quoniam</strong></span> 
     </span>
    </p>
   </div>
   <div class='ocr_carea' id='block_1_54' title="bbox 2052 2397 3617 2481">
    <p class='ocr_par' dir='ltr' id='par_1_54' title="bbox 2052 2397 3617 2481">
     <span class='ocr_line' id='line_1_54' title="bbox 2052 2397 3617 2481; baseline 0.01 -30"><span class='ocrx_word' id='word_1_370' title='bbox 2052 2397 2313 2452; x_wconf 88' lang='lat' dir='ltr'><strong>nonnulla</strong></span> <span class='ocrx_word' id='word_1_371' title='bbox 2361 2406 2510 2467; x_wconf 90' lang='lat' dir='ltr'><strong>sunt,</strong></span> <span class='ocrx_word' id='word_1_372' title='bbox 2544 2417 2666 2471; x_wconf 76' lang='lat' dir='ltr'><strong>quae</strong></span> <span class='ocrx_word' id='word_1_373' title='bbox 2714 2405 3034 2473; x_wconf 86' lang='lat' dir='ltr'><strong>ampliorem</strong></span> <span class='ocrx_word' id='word_1_374' title='bbox 3083 2407 3409 2464; x_wconf 91' lang='lat' dir='ltr'><strong>duodecima</strong></span> <span class='ocrx_word' id='word_1_375' title='bbox 3461 2421 3617 2481; x_wconf 87' lang='lat' dir='ltr'><strong>parte</strong></span> 
     </span>
    </p>
   </div>
   <div class='ocr_carea' id='block_1_55' title="bbox 2051 2488 3615 2562">
    <p class='ocr_par' dir='ltr' id='par_1_55' title="bbox 2051 2488 3615 2562">
     <span class='ocr_line' id='line_1_55' title="bbox 2051 2488 3615 2562; baseline 0.01 -20"><span class='ocrx_word' id='word_1_376' title='bbox 2051 2488 2233 2542; x_wconf 89' lang='lat' dir='ltr'><strong>locum</strong></span> <span class='ocrx_word' id='word_1_377' title='bbox 2289 2498 2579 2560; x_wconf 87' lang='lat' dir='ltr'><strong>occupant,</strong></span> <span class='ocrx_word' id='word_1_378' title='bbox 2610 2494 2860 2562; x_wconf 64' lang='lat' dir='ltr'><strong>quaedam</strong></span> <span class='ocrx_word' id='word_1_379' title='bbox 2920 2498 3207 2554; x_wconf 88' lang='lat' dir='ltr'><strong>minorem.</strong></span> <span class='ocrx_word' id='word_1_380' title='bbox 3252 2497 3459 2556; x_wconf 90' lang='lat' dir='ltr'><strong>Deinde</strong></span> <span class='ocrx_word' id='word_1_381' title='bbox 3507 2503 3615 2558; x_wconf 90' lang='lat' dir='ltr'><strong>alia</strong></span> 
     </span>
    </p>
   </div>
   <div class='ocr_carea' id='block_1_56' title="bbox 2052 2577 3615 2661">
    <p class='ocr_par' dir='ltr' id='par_1_56' title="bbox 2052 2577 3615 2661">
     <span class='ocr_line' id='line_1_56' title="bbox 2052 2577 3615 2661; baseline 0.01 -31"><span class='ocrx_word' id='word_1_382' title='bbox 2052 2577 2212 2648; x_wconf 83' lang='lat' dir='ltr'><strong>longe</strong></span> <span class='ocrx_word' id='word_1_383' title='bbox 2256 2579 2431 2646; x_wconf 83' lang='lat' dir='ltr'><strong>magis</strong></span> <span class='ocrx_word' id='word_1_384' title='bbox 2479 2581 2547 2636; x_wconf 92' lang='lat' dir='ltr'><strong>ad</strong></span> <span class='ocrx_word' id='word_1_385' title='bbox 2594 2585 2996 2654; x_wconf 83' lang='lat' dir='ltr'><strong>septentriones</strong></span> <span class='ocrx_word' id='word_1_386' title='bbox 3021 2625 3036 2651; x_wconf 93' lang='lat'><strong>,</strong></span> <span class='ocrx_word' id='word_1_387' title='bbox 3072 2594 3413 2654; x_wconf 88' lang='lat' dir='ltr'><strong>austrumve,</strong></span> <span class='ocrx_word' id='word_1_388' title='bbox 3450 2607 3615 2661; x_wconf 90' lang='lat' dir='ltr'><strong>quam</strong></span> 
     </span>
    </p>
   </div>
   <div class='ocr_carea' id='block_1_57' title="bbox 2052 2670 3616 2749">
    <p class='ocr_par' dir='ltr' id='par_1_57' title="bbox 2052 2670 3616 2749">
     <span class='ocr_line' id='line_1_57' title="bbox 2052 2670 3616 2749; baseline 0.01 -27"><span class='ocrx_word' id='word_1_389' title='bbox 2052 2670 2330 2735; x_wconf 84' lang='lat' dir='ltr'><strong>zodiacus,</strong></span> <span class='ocrx_word' id='word_1_390' title='bbox 2352 2674 2653 2742; x_wconf 80' lang='lat' dir='ltr'><strong>vergentia,</strong></span> <span class='ocrx_word' id='word_1_391' title='bbox 2685 2675 2849 2746; x_wconf 91' lang='lat' dir='ltr'><strong>longo</strong></span> <span class='ocrx_word' id='word_1_392' title='bbox 2880 2677 3068 2732; x_wconf 90' lang='lat' dir='ltr'><strong>itidem</strong></span> <span class='ocrx_word' id='word_1_393' title='bbox 3113 2680 3291 2749; x_wconf 86' lang='lat' dir='ltr'><strong>spatio</strong></span> <span class='ocrx_word' id='word_1_394' title='bbox 3319 2681 3616 2738; x_wconf 84' lang='lat' dir='ltr'><strong>dodecate—</strong></span> 
     </span>
    </p>
   </div>
   <div class='ocr_carea' id='block_1_58' title="bbox 2051 2762 3614 2838">
    <p class='ocr_par' dir='ltr' id='par_1_58' title="bbox 2051 2762 3614 2838">
     <span class='ocr_line' id='line_1_58' title="bbox 2051 2762 3614 2838; baseline 0.01 -25"><span class='ocrx_word' id='word_1_395' title='bbox 2051 2762 2225 2814; x_wconf 90' lang='lat' dir='ltr'><strong>moria</strong></span> <span class='ocrx_word' id='word_1_396' title='bbox 2259 2777 2358 2817; x_wconf 91' lang='lat' dir='ltr'><strong>sua</strong></span> <span class='ocrx_word' id='word_1_397' title='bbox 2390 2774 2740 2833; x_wconf 70' lang='lat' dir='ltr'><strong>praevertunt,</strong></span> <span class='ocrx_word' id='word_1_398' title='bbox 2770 2776 2865 2821; x_wconf 91' lang='lat' dir='ltr'><strong>aut</strong></span> <span class='ocrx_word' id='word_1_399' title='bbox 2898 2778 3221 2838; x_wconf 90' lang='lat' dir='ltr'><strong>sequuntur.</strong></span> <span class='ocrx_word' id='word_1_400' title='bbox 3260 2769 3526 2827; x_wconf 67' lang='lat' dir='ltr'><strong>Praeterea</strong></span> <span class='ocrx_word' id='word_1_401' title='bbox 3555 2774 3614 2829; x_wconf 89' lang='lat' dir='ltr'><strong>in</strong></span> 
     </span>
    </p>
   </div>
   <div class='ocr_carea' id='block_1_59' title="bbox 2052 2853 3614 2930">
    <p class='ocr_par' dir='ltr' id='par_1_59' title="bbox 2052 2853 3614 2930">
     <span class='ocr_line' id='line_1_59' title="bbox 2052 2853 3614 2930; baseline 0.008 -22"><span class='ocrx_word' id='word_1_402' title='bbox 2052 2853 2282 2923; x_wconf 85' lang='lat' dir='ltr'><strong>singulis</strong></span> <span class='ocrx_word' id='word_1_403' title='bbox 2309 2871 2640 2925; x_wconf 84' lang='lat' dir='ltr'><strong>exponemus</strong></span> <span class='ocrx_word' id='word_1_404' title='bbox 2656 2859 2798 2928; x_wconf 91' lang='lat' dir='ltr'><strong>quod</strong></span> <span class='ocrx_word' id='word_1_405' title='bbox 2826 2860 3038 2930; x_wconf 89' lang='lat' dir='ltr'><strong>signum</strong></span> <span class='ocrx_word' id='word_1_406' title='bbox 3067 2862 3119 2915; x_wconf 90' lang='lat' dir='ltr'><strong>in</strong></span> <span class='ocrx_word' id='word_1_407' title='bbox 3150 2864 3373 2918; x_wconf 90' lang='lat' dir='ltr'><strong>zodiaco</strong></span> <span class='ocrx_word' id='word_1_408' title='bbox 3401 2865 3614 2921; x_wconf 88' lang='lat' dir='ltr'><strong>circulo</strong></span> 
     </span>
    </p>
   </div>
   <div class='ocr_carea' id='block_1_60' title="bbox 2049 2949 3612 3024">
    <p class='ocr_par' dir='ltr' id='par_1_60' title="bbox 2049 2949 3612 3024">
     <span class='ocr_line' id='line_1_60' title="bbox 2049 2949 3612 3024; baseline 0.008 -24"><span class='ocrx_word' id='word_1_409' title='bbox 2049 2949 2286 3002; x_wconf 86' lang='lat' dir='ltr'><strong>medium</strong></span> <span class='ocrx_word' id='word_1_410' title='bbox 2326 2950 2452 3003; x_wconf 77' lang='lat' dir='ltr'><strong>cmli</strong></span> <span class='ocrx_word' id='word_1_411' title='bbox 2484 2958 2685 3017; x_wconf 87' lang='lat' dir='ltr'><strong>teneat,</strong></span> <span class='ocrx_word' id='word_1_412' title='bbox 2720 2960 2773 3006; x_wconf 90' lang='lat' dir='ltr'><strong>et</strong></span> <span class='ocrx_word' id='word_1_413' title='bbox 2816 2969 3063 3022; x_wconf 68' lang='lat' dir='ltr'><strong>quaenam</strong></span> <span class='ocrx_word' id='word_1_414' title='bbox 3095 2971 3220 3024; x_wconf 89' lang='lat' dir='ltr'><strong>pars</strong></span> <span class='ocrx_word' id='word_1_415' title='bbox 3259 2956 3426 3012; x_wconf 91' lang='lat' dir='ltr'><strong>illius.</strong></span> <span class='ocrx_word' id='word_1_416' title='bbox 3477 2958 3612 3013; x_wconf 89' lang='lat' dir='ltr'><strong>ltem</strong></span> 
     </span>
    </p>
   </div>
   <div class='ocr_carea' id='block_1_61' title="bbox 2050 3042 3614 3110">
    <p class='ocr_par' dir='ltr' id='par_1_61' title="bbox 2050 3042 3614 3110">
     <span class='ocr_line' id='line_1_61' title="bbox 2050 3042 3614 3110; baseline 0.009 -19"><span class='ocrx_word' id='word_1_417' title='bbox 2050 3055 2296 3110; x_wconf 79' lang='lat' dir='ltr'><strong>quamam</strong></span> <span class='ocrx_word' id='word_1_418' title='bbox 2324 3042 2552 3097; x_wconf 76' lang='lat' dir='ltr'><strong>lixarum</strong></span> <span class='ocrx_word' id='word_1_419' title='bbox 2573 3045 2855 3099; x_wconf 88' lang='lat' dir='ltr'><strong>stellarum</strong></span> <span class='ocrx_word' id='word_1_420' title='bbox 2889 3047 3191 3102; x_wconf 90' lang='lat' dir='ltr'><strong>culminent</strong></span> <span class='ocrx_word' id='word_1_421' title='bbox 3230 3050 3283 3102; x_wconf 90' lang='lat' dir='ltr'><strong>in</strong></span> <span class='ocrx_word' id='word_1_422' title='bbox 3319 3057 3539 3104; x_wconf 89' lang='lat' dir='ltr'><strong>ortuum</strong></span> <span class='ocrx_word' id='word_1_423' title='bbox 3559 3059 3614 3105; x_wconf 92' lang='lat' dir='ltr'><strong>et</strong></span> 
     </span>
    </p>
   </div>
   <div class='ocr_carea' id='block_1_62' title="bbox 2050 3135 3608 3209">
    <p class='ocr_par' dir='ltr' id='par_1_62' title="bbox 2050 3135 3608 3209">
     <span class='ocr_line' id='line_1_62' title="bbox 2050 3135 3608 3209; baseline 0.007 -24"><span class='ocrx_word' id='word_1_424' title='bbox 2050 3147 2344 3187; x_wconf 89' lang='lat' dir='ltr'><strong>occasuum</strong></span> <span class='ocrx_word' id='word_1_425' title='bbox 2369 3135 2562 3199; x_wconf 92' lang='lat' dir='ltr'><strong>initiis,</strong></span> <span class='ocrx_word' id='word_1_426' title='bbox 2589 3151 2652 3190; x_wconf 93' lang='lat' dir='ltr'><strong>ac</strong></span> <span class='ocrx_word' id='word_1_427' title='bbox 2680 3137 2879 3192; x_wconf 82' lang='lat' dir='ltr'><strong>ﬁnibus</strong></span> <span class='ocrx_word' id='word_1_428' title='bbox 2909 3138 3107 3194; x_wconf 87' lang='lat' dir='ltr'><strong>sideris</strong></span> <span class='ocrx_word' id='word_1_429' title='bbox 3141 3141 3467 3209; x_wconf 83' lang='lat' dir='ltr'><strong>cujuslibet;</strong></span> <span class='ocrx_word' id='word_1_430' title='bbox 3488 3149 3608 3195; x_wconf 90' lang='lat' dir='ltr'><strong>tum</strong></span> 
     </span>
    </p>
   </div>
   <div class='ocr_carea' id='block_1_63' title="bbox 389 3201 1949 3304">
    <p class='ocr_par' dir='ltr' id='par_1_63' title="bbox 389 3221 1946 3292">
     <span class='ocr_line' id='line_1_63' title="bbox 389 3221 1946 3292; baseline -0.006 -12"><span class='ocrx_word' id='word_1_431' title='bbox 389 3231 508 3290; x_wconf 85' lang='grc' dir='ltr'><strong>ταῖς</strong></span> <span class='ocrx_word' id='word_1_432' title='bbox 559 3225 667 3280; x_wconf 85' lang='grc' dir='ltr'><strong>τῶν</strong></span> <span class='ocrx_word' id='word_1_433' title='bbox 702 3225 974 3279; x_wconf 86' lang='grc' dir='ltr'><strong>ἀνατολῶν</strong></span> <span class='ocrx_word' id='word_1_434' title='bbox 1014 3225 1108 3276; x_wconf 68' lang='grc' dir='ltr'><strong>καὶ</strong></span> <span class='ocrx_word' id='word_1_435' title='bbox 1135 3223 1338 3277; x_wconf 85' lang='grc' dir='ltr'><strong>δύσεων</strong></span> <span class='ocrx_word' id='word_1_436' title='bbox 1373 3222 1684 3292; x_wconf 84' lang='grc' dir='ltr'><strong>οἱουδήποτε</strong></span> <span class='ocrx_word' id='word_1_437' title='bbox 1711 3221 1911 3291; x_wconf 78' lang='grc' dir='ltr'><strong>ἄστρου</strong></span> <span class='ocrx_word' id='word_1_438' title='bbox 1931 3236 1946 3250; x_wconf 77' lang='grc' dir='ltr'><strong>ο</strong></span> 
     </span>
    </p>
   </div>
   <div class='ocr_carea' id='block_1_64' title="bbox 2049 3201 3614 3304">
    <p class='ocr_par' dir='ltr' id='par_1_64' title="bbox 2052 3201 3614 3304">
     <span class='ocr_line' id='line_1_64' title="bbox 2052 3201 3614 3304; baseline 0.008 -27"><span class='ocrx_word' id='word_1_439' title='bbox 2052 3232 2183 3293; x_wconf 91' lang='lat' dir='ltr'><strong>quot</strong></span> <span class='ocrx_word' id='word_1_440' title='bbox 2213 3225 2474 3281; x_wconf 87' lang='lat' dir='ltr'><strong>horarum</strong></span> <span class='ocrx_word' id='word_1_441' title='bbox 2497 3229 2844 3298; x_wconf 68' lang='lat' dir='ltr'><strong>:equabilium</strong></span> <span class='ocrx_word' id='word_1_442' title='bbox 2884 3231 3062 3300; x_wconf 89' lang='lat' dir='ltr'><strong>spatio</strong></span> <span class='ocrx_word' id='word_1_443' title='bbox 3083 3201 3508 3304; x_wconf 77' lang='lat' dir='ltr'><strong>unumquodque</strong></span> <span class='ocrx_word' id='word_1_444' title='bbox 3538 3235 3614 3288; x_wconf 86' lang='lat' dir='ltr'><strong>si-</strong></span> 
     </span>
    </p>
   </div>
   <div class='ocr_carea' id='block_1_65' title="bbox 381 3310 1949 3388">
    <p class='ocr_par' dir='ltr' id='par_1_65' title="bbox 381 3310 1949 3388">
     <span class='ocr_line' id='line_1_65' title="bbox 381 3310 1949 3388; baseline -0.006 -16"><span class='ocrx_word' id='word_1_445' title='bbox 381 3319 484 3372; x_wconf 74' lang='grc' dir='ltr'><strong>’καὶ</strong></span> <span class='ocrx_word' id='word_1_446' title='bbox 528 3317 606 3372; x_wconf 77' lang='grc' dir='ltr'><strong>ἔτι</strong></span> <span class='ocrx_word' id='word_1_447' title='bbox 653 3319 710 3371; x_wconf 92' lang='grc' dir='ltr'><strong>ἐν</strong></span> <span class='ocrx_word' id='word_1_448' title='bbox 748 3317 943 3380; x_wconf 89' lang='grc' dir='ltr'><strong>πόσαις</strong></span> <span class='ocrx_word' id='word_1_449' title='bbox 972 3315 1141 3388; x_wconf 83' lang='grc' dir='ltr'><strong>ὥραις</strong></span> <span class='ocrx_word' id='word_1_450' title='bbox 1183 3316 1520 3386; x_wconf 81' lang='grc' dir='ltr'><strong>ίσημεριναῖς</strong></span> <span class='ocrx_word' id='word_1_451' title='bbox 1573 3313 1798 3365; x_wconf 76' lang='grc' dir='ltr'><strong>ἕκαστον</strong></span> <span class='ocrx_word' id='word_1_452' title='bbox 1841 3310 1949 3364; x_wconf 86' lang='grc' dir='ltr'><strong>τῶν</strong></span> 
     </span>
    </p>
   </div>
   <div class='ocr_carea' id='block_1_66' title="bbox 388 3402 1950 3482">
    <p class='ocr_par' dir='ltr' id='par_1_66' title="bbox 388 3402 1950 3482">
     <span class='ocr_line' id='line_1_66' title="bbox 388 3402 1950 3482; baseline -0.006 -18"><span class='ocrx_word' id='word_1_453' title='bbox 388 3411 603 3482; x_wconf 82' lang='grc' dir='ltr'><strong>ἄστρων</strong></span> <span class='ocrx_word' id='word_1_454' title='bbox 645 3409 678 3480; x_wconf 79' lang='grc' dir='ltr'><strong>ἢ</strong></span> <span class='ocrx_word' id='word_1_455' title='bbox 717 3409 881 3473; x_wconf 89' lang='grc' dir='ltr'><strong>δύνει,</strong></span> <span class='ocrx_word' id='word_1_456' title='bbox 934 3409 967 3480; x_wconf 81' lang='grc' dir='ltr'><strong>ἢ</strong></span> <span class='ocrx_word' id='word_1_457' title='bbox 1014 3406 1306 3462; x_wconf 86' lang='grc' dir='ltr'><strong>ἀνατέλλει.</strong></span> <span class='ocrx_word' id='word_1_458' title='bbox 1345 3407 1610 3459; x_wconf 85' lang='grc' dir='ltr'><strong>’Ἐκαστον</strong></span> <span class='ocrx_word' id='word_1_459' title='bbox 1655 3404 1711 3456; x_wconf 85' lang='grc' dir='ltr'><strong>δὲ</strong></span> <span class='ocrx_word' id='word_1_460' title='bbox 1748 3402 1950 3456; x_wconf 90' lang='grc' dir='ltr'><strong>τούτων</strong></span> 
     </span>
    </p>
   </div>
   <div class='ocr_carea' id='block_1_67' title="bbox 381 3497 1950 3575">
    <p class='ocr_par' dir='ltr' id='par_1_67' title="bbox 381 3497 1950 3575">
     <span class='ocr_line' id='line_1_67' title="bbox 381 3497 1950 3575; baseline -0.006 -18"><span class='ocrx_word' id='word_1_461' title='bbox 381 3498 790 3575; x_wconf 51' lang='grc' dir='ltr'><strong>’διασαφήσομεν</strong></span> <span class='ocrx_word' id='word_1_462' title='bbox 805 3500 944 3555; x_wconf 82' lang='grc' dir='ltr'><strong>κατὰ</strong></span> <span class='ocrx_word' id='word_1_463' title='bbox 981 3499 1339 3570; x_wconf 88' lang='grc' dir='ltr'><strong>συνεγγισμὸν</strong></span> <span class='ocrx_word' id='word_1_464' title='bbox 1365 3497 1470 3562; x_wconf 81' lang='grc' dir='ltr'><strong>ἓως</strong></span> <span class='ocrx_word' id='word_1_465' title='bbox 1502 3497 1790 3568; x_wconf 82' lang='grc' dir='ltr'><strong>ἀδιαφόρου</strong></span> <span class='ocrx_word' id='word_1_466' title='bbox 1817 3512 1950 3566; x_wconf 87' lang='grc' dir='ltr'><strong>παρ-</strong></span> 
     </span>
    </p>
   </div>
   <div class='ocr_carea' id='block_1_68' title="bbox 387 3586 1948 3664">
    <p class='ocr_par' dir='ltr' id='par_1_68' title="bbox 387 3586 1948 3664">
     <span class='ocr_line' id='line_1_68' title="bbox 387 3586 1948 3664; baseline -0.004 -18"><span class='ocrx_word' id='word_1_467' title='bbox 387 3592 645 3664; x_wconf 80' lang='grc' dir='ltr'><strong>αλλαγῆς.</strong></span> <span class='ocrx_word' id='word_1_468' title='bbox 681 3592 825 3644; x_wconf 87' lang='grc' dir='ltr'><strong>Διότι</strong></span> <span class='ocrx_word' id='word_1_469' title='bbox 870 3590 977 3662; x_wconf 81' lang='grc' dir='ltr'><strong>γὰρ</strong></span> <span class='ocrx_word' id='word_1_470' title='bbox 1015 3591 1048 3661; x_wconf 85' lang='grc' dir='ltr'><strong>ἡ</strong></span> <span class='ocrx_word' id='word_1_471' title='bbox 1096 3589 1318 3660; x_wconf 86' lang='grc' dir='ltr'><strong>τοιαύτη</strong></span> <span class='ocrx_word' id='word_1_472' title='bbox 1365 3587 1717 3660; x_wconf 81' lang='grc' dir='ltr'><strong>πραγματεία</strong></span> <span class='ocrx_word' id='word_1_473' title='bbox 1770 3586 1948 3658; x_wconf 87' lang='grc' dir='ltr'><strong>πολλῷ</strong></span> 
     </span>
    </p>
   </div>
   <div class='ocr_carea' id='block_1_69' title="bbox 377 3680 1946 3755">
    <p class='ocr_par' dir='ltr' id='par_1_69' title="bbox 377 3680 1946 3755">
     <span class='ocr_line' id='line_1_69' title="bbox 377 3680 1946 3755; baseline -0.003 -17"><span class='ocrx_word' id='word_1_474' title='bbox 377 3696 446 3739; x_wconf 75' lang='grc' dir='ltr'><strong>“τε</strong></span> <span class='ocrx_word' id='word_1_475' title='bbox 477 3685 585 3738; x_wconf 88' lang='grc' dir='ltr'><strong>τῶν</strong></span> <span class='ocrx_word' id='word_1_476' title='bbox 624 3685 728 3738; x_wconf 84' lang='grc' dir='ltr'><strong>ὑπὸ</strong></span> <span class='ocrx_word' id='word_1_477' title='bbox 773 3683 880 3738; x_wconf 85' lang='grc' dir='ltr'><strong>τῶν</strong></span> <span class='ocrx_word' id='word_1_478' title='bbox 918 3682 1158 3755; x_wconf 90' lang='grc' dir='ltr'><strong>ἀρχαίων</strong></span> <span class='ocrx_word' id='word_1_479' title='bbox 1191 3681 1631 3751; x_wconf 86' lang='grc' dir='ltr'><strong>συντεταγμένων</strong></span> <span class='ocrx_word' id='word_1_480' title='bbox 1669 3680 1815 3733; x_wconf 73' lang='grc' dir='ltr'><strong>ἐστὶν</strong></span> <span class='ocrx_word' id='word_1_481' title='bbox 1854 3680 1946 3734; x_wconf 80' lang='grc' dir='ltr'><strong>εὑ-</strong></span> 
     </span>
    </p>
   </div>
   <div class='ocr_carea' id='block_1_70' title="bbox 386 3772 1947 3850">
    <p class='ocr_par' dir='ltr' id='par_1_70' title="bbox 386 3772 1947 3850">
     <span class='ocr_line' id='line_1_70' title="bbox 386 3772 1947 3850; baseline -0.004 -18"><span class='ocrx_word' id='word_1_482' title='bbox 386 3777 740 3848; x_wconf 88' lang='grc' dir='ltr'><strong>χρηστοτέρα,</strong></span> <span class='ocrx_word' id='word_1_483' title='bbox 789 3777 882 3831; x_wconf 77' lang='grc' dir='ltr'><strong>καὶ</strong></span> <span class='ocrx_word' id='word_1_484' title='bbox 939 3776 1072 3850; x_wconf 80' lang='grc' dir='ltr'><strong>πρὸς</strong></span> <span class='ocrx_word' id='word_1_485' title='bbox 1131 3775 1299 3829; x_wconf 87' lang='grc' dir='ltr'><strong>πολλά</strong></span> <span class='ocrx_word' id='word_1_486' title='bbox 1343 3775 1600 3828; x_wconf 81' lang='grc' dir='ltr'><strong>συντείνει</strong></span> <span class='ocrx_word' id='word_1_487' title='bbox 1655 3773 1761 3826; x_wconf 85' lang='grc' dir='ltr'><strong>τῶν</strong></span> <span class='ocrx_word' id='word_1_488' title='bbox 1805 3772 1947 3827; x_wconf 84' lang='grc' dir='ltr'><strong>κατὰ</strong></span> 
     </span>
    </p>
   </div>
   <div class='ocr_carea' id='block_1_71' title="bbox 379 3858 1944 3939">
    <p class='ocr_par' dir='ltr' id='par_1_71' title="bbox 379 3858 1944 3939">
     <span class='ocr_line' id='line_1_71' title="bbox 379 3858 1944 3939; baseline -0.004 -18"><span class='ocrx_word' id='word_1_489' title='bbox 379 3867 737 3939; x_wconf 72' lang='grc' dir='ltr'><strong>’ἀστρολογίαν</strong></span> <span class='ocrx_word' id='word_1_490' title='bbox 784 3866 1152 3938; x_wconf 87' lang='grc' dir='ltr'><strong>θεωρημάτων</strong></span> <span class='ocrx_word' id='word_1_491' title='bbox 1171 3905 1186 3931; x_wconf 92' lang='grc'><strong>,</strong></span> <span class='ocrx_word' id='word_1_492' title='bbox 1238 3865 1632 3934; x_wconf 82' lang='grc' dir='ltr'><strong>εὐκατανόητον</strong></span> <span class='ocrx_word' id='word_1_493' title='bbox 1683 3858 1819 3916; x_wconf 83' lang='grc' dir='ltr'><strong>εἶναί</strong></span> <span class='ocrx_word' id='word_1_494' title='bbox 1862 3878 1944 3914; x_wconf 91' lang='grc' dir='ltr'><strong>σοι</strong></span> 
     </span>
    </p>
   </div>
   <div class='ocr_carea' id='block_1_72' title="bbox 383 3960 609 4031">
    <p class='ocr_par' dir='ltr' id='par_1_72' title="bbox 383 3960 609 4031">
     <span class='ocr_line' id='line_1_72' title="bbox 383 3960 609 4031; baseline -0.004 -18"><span class='ocrx_word' id='word_1_495' title='bbox 383 3960 609 4031; x_wconf 81' lang='grc' dir='ltr'><strong>νομίζω.</strong></span> 
     </span>
    </p>
   </div>
   <div class='ocr_carea' id='block_1_73' title="bbox 467 4069 1943 4148">
    <p class='ocr_par' dir='ltr' id='par_1_73' title="bbox 467 4069 1943 4148">
     <span class='ocr_line' id='line_1_73' title="bbox 467 4069 1943 4148; baseline -0.007 -17"><span class='ocrx_word' id='word_1_496' title='bbox 467 4077 523 4130; x_wconf 81' lang='grc' dir='ltr'>Ὀ</span> <span class='ocrx_word' id='word_1_497' title='bbox 554 4076 650 4148; x_wconf 78' lang='grc' dir='ltr'><strong>μὲν</strong></span> <span class='ocrx_word' id='word_1_498' title='bbox 672 4069 763 4130; x_wconf 82' lang='grc' dir='ltr'><strong>οῦν</strong></span> <span class='ocrx_word' id='word_1_499' title='bbox 801 4073 1016 4146; x_wconf 85' lang='grc' dir='ltr'><strong>Βοώτης</strong></span> <span class='ocrx_word' id='word_1_500' title='bbox 1046 4071 1423 4126; x_wconf 87' lang='grc' dir='ltr'><strong>συνανατέλλει</strong></span> <span class='ocrx_word' id='word_1_501' title='bbox 1457 4069 1534 4142; x_wconf 82' lang='grc' dir='ltr'><strong>τῷ</strong></span> <span class='ocrx_word' id='word_1_502' title='bbox 1560 4069 1804 4140; x_wconf 88' lang='grc' dir='ltr'><strong>ζωδιακῷ</strong></span> <span class='ocrx_word' id='word_1_503' title='bbox 1836 4069 1943 4122; x_wconf 86' lang='grc' dir='ltr'><strong>ἀπὸ</strong></span> 
     </span>
    </p>
   </div>
   <div class='ocr_carea' id='block_1_74' title="bbox 372 4161 1942 4242">
    <p class='ocr_par' dir='ltr' id='par_1_74' title="bbox 372 4161 1942 4242">
     <span class='ocr_line' id='line_1_74' title="bbox 372 4161 1942 4242; baseline -0.005 -20"><span class='ocrx_word' id='word_1_504' title='bbox 372 4171 482 4242; x_wconf 81' lang='grc' dir='ltr'><strong>’τῆς</strong></span> <span class='ocrx_word' id='word_1_505' title='bbox 511 4169 686 4240; x_wconf 77' lang='grc' dir='ltr'><strong>ἀρχῆς</strong></span> <span class='ocrx_word' id='word_1_506' title='bbox 730 4168 830 4238; x_wconf 83' lang='grc' dir='ltr'><strong>τῆς</strong></span> <span class='ocrx_word' id='word_1_507' title='bbox 877 4165 1153 4238; x_wconf 84' lang='grc' dir='ltr'><strong>Παρθένου</strong></span> <span class='ocrx_word' id='word_1_508' title='bbox 1205 4164 1309 4226; x_wconf 79' lang='grc' dir='ltr'><strong>ἓως</strong></span> <span class='ocrx_word' id='word_1_509' title='bbox 1363 4164 1406 4226; x_wconf 81' lang='grc' dir='ltr'><strong>ζ’</strong></span> <span class='ocrx_word' id='word_1_510' title='bbox 1456 4162 1545 4215; x_wconf 77' lang='grc' dir='ltr'><strong>καὶ</strong></span> <span class='ocrx_word' id='word_1_511' title='bbox 1592 4168 1639 4214; x_wconf 84' lang='grc' dir='ltr'><strong>κ’</strong></span> <span class='ocrx_word' id='word_1_512' title='bbox 1677 4161 1785 4232; x_wconf 92' lang='grc' dir='ltr'><strong>μοί.</strong></span> <span class='ocrx_word' id='word_1_513' title='bbox 1840 4161 1942 4231; x_wconf 82' lang='grc' dir='ltr'><strong>τῆς</strong></span> 
     </span>
    </p>
   </div>
   <div class='ocr_carea' id='block_1_75' title="bbox 377 4251 1940 4332">
    <p class='ocr_par' dir='ltr' id='par_1_75' title="bbox 377 4251 1940 4332">
     <span class='ocr_line' id='line_1_75' title="bbox 377 4251 1940 4332; baseline -0.007 -17"><span class='ocrx_word' id='word_1_514' title='bbox 377 4260 690 4332; x_wconf 85' lang='grc' dir='ltr'><strong>Παρθένου·</strong></span> <span class='ocrx_word' id='word_1_515' title='bbox 740 4259 1057 4330; x_wconf 82' lang='grc' dir='ltr'><strong>μεσουρανεῖ</strong></span> <span class='ocrx_word' id='word_1_516' title='bbox 1108 4256 1152 4309; x_wconf 84' lang='grc' dir='ltr'><strong>δ’</strong></span> <span class='ocrx_word' id='word_1_517' title='bbox 1210 4254 1584 4316; x_wconf 89' lang='grc' dir='ltr'><strong>ἀνατέλλοντος</strong></span> <span class='ocrx_word' id='word_1_518' title='bbox 1624 4252 1788 4307; x_wconf 83' lang='grc' dir='ltr'><strong>αὐτοῦ</strong></span> <span class='ocrx_word' id='word_1_519' title='bbox 1846 4251 1940 4305; x_wconf 86' lang='grc' dir='ltr'><strong>τοῦ</strong></span> 
     </span>
    </p>
   </div>
   <div class='ocr_carea' id='block_1_76' title="bbox 381 4339 1941 4419">
    <p class='ocr_par' dir='ltr' id='par_1_76' title="bbox 381 4339 1941 4419">
     <span class='ocr_line' id='line_1_76' title="bbox 381 4339 1941 4419; baseline -0.008 -16"><span class='ocrx_word' id='word_1_520' title='bbox 381 4348 642 4416; x_wconf 81' lang='grc' dir='ltr'><strong>ζωδιακοῦ</strong></span> <span class='ocrx_word' id='word_1_521' title='bbox 671 4351 952 4419; x_wconf 87' lang='grc' dir='ltr'><strong>τμήματος</strong></span> <span class='ocrx_word' id='word_1_522' title='bbox 983 4345 1091 4400; x_wconf 85' lang='grc' dir='ltr'><strong>ἀπὸ</strong></span> <span class='ocrx_word' id='word_1_523' title='bbox 1115 4342 1324 4417; x_wconf 87' lang='grc' dir='ltr'><strong>Ταύρου</strong></span> <span class='ocrx_word' id='word_1_524' title='bbox 1352 4344 1395 4407; x_wconf 88' lang='grc' dir='ltr'><strong>ζ’</strong></span> <span class='ocrx_word' id='word_1_525' title='bbox 1424 4343 1520 4396; x_wconf 69' lang='grc' dir='ltr'><strong>καὶ</strong></span> <span class='ocrx_word' id='word_1_526' title='bbox 1547 4347 1594 4395; x_wconf 86' lang='grc' dir='ltr'><strong>κ’</strong></span> <span class='ocrx_word' id='word_1_527' title='bbox 1627 4340 1735 4412; x_wconf 90' lang='grc' dir='ltr'><strong>μοί.</strong></span> <span class='ocrx_word' id='word_1_528' title='bbox 1771 4339 1941 4409; x_wconf 86' lang='grc' dir='ltr'><strong>μέσης</strong></span> 
     </span>
    </p>
   </div>
   <div class='ocr_carea' id='block_1_77' title="bbox 366 4428 1938 4510">
    <p class='ocr_par' dir='ltr' id='par_1_77' title="bbox 366 4428 1938 4510">
     <span class='ocr_line' id='line_1_77' title="bbox 366 4428 1938 4510; baseline -0.008 -16"><span class='ocrx_word' id='word_1_529' title='bbox 366 4435 484 4504; x_wconf 71' lang='grc' dir='ltr'><strong>’ἕως</strong></span> <span class='ocrx_word' id='word_1_530' title='bbox 513 4439 756 4510; x_wconf 86' lang='grc' dir='ltr'><strong>Διδύμων</strong></span> <span class='ocrx_word' id='word_1_531' title='bbox 804 4436 884 4501; x_wconf 83' lang='grc' dir='ltr'><strong>κζ’</strong></span> <span class='ocrx_word' id='word_1_532' title='bbox 914 4437 1021 4508; x_wconf 91' lang='grc' dir='ltr'><strong>μοί.</strong></span> <span class='ocrx_word' id='word_1_533' title='bbox 1065 4438 1175 4490; x_wconf 77' lang='grc' dir='ltr'><strong>Καὶ</strong></span> <span class='ocrx_word' id='word_1_534' title='bbox 1221 4435 1436 4507; x_wconf 84' lang='grc' dir='ltr'><strong>πρῶτος</strong></span> <span class='ocrx_word' id='word_1_535' title='bbox 1483 4432 1582 4504; x_wconf 88' lang='grc' dir='ltr'><strong>μὲν</strong></span> <span class='ocrx_word' id='word_1_536' title='bbox 1634 4430 1806 4502; x_wconf 86' lang='grc' dir='ltr'><strong>ἀστὴρ</strong></span> <span class='ocrx_word' id='word_1_537' title='bbox 1846 4428 1938 4482; x_wconf 91' lang='grc' dir='ltr'><strong>τοῦ</strong></span> 
     </span>
    </p>
   </div>
   <div class='ocr_carea' id='block_1_78' title="bbox 2051 3316 3610 3386">
    <p class='ocr_par' dir='ltr' id='par_1_78' title="bbox 2051 3316 3610 3386">
     <span class='ocr_line' id='line_1_78' title="bbox 2051 3316 3610 3386; baseline 0.008 -17"><span class='ocrx_word' id='word_1_538' title='bbox 2051 3316 2153 3371; x_wconf 94' lang='lat' dir='ltr'><strong>dus</strong></span> <span class='ocrx_word' id='word_1_539' title='bbox 2186 3317 2414 3385; x_wconf 88' lang='lat' dir='ltr'><strong>oriatur,</strong></span> <span class='ocrx_word' id='word_1_540' title='bbox 2437 3326 2530 3372; x_wconf 91' lang='lat' dir='ltr'><strong>aut</strong></span> <span class='ocrx_word' id='word_1_541' title='bbox 2551 3318 2782 3373; x_wconf 88' lang='lat' dir='ltr'><strong>occidat.</strong></span> <span class='ocrx_word' id='word_1_542' title='bbox 2815 3319 3057 3386; x_wconf 87' lang='lat' dir='ltr'><strong>Quorum</strong></span> <span class='ocrx_word' id='word_1_543' title='bbox 3100 3325 3342 3378; x_wconf 92' lang='lat' dir='ltr'><strong>omnium</strong></span> <span class='ocrx_word' id='word_1_544' title='bbox 3370 3327 3610 3381; x_wconf 90' lang='lat' dir='ltr'><strong>rationes</strong></span> 
     </span>
    </p>
   </div>
   <div class='ocr_carea' id='block_1_79' title="bbox 2049 3410 3612 3481">
    <p class='ocr_par' dir='ltr' id='par_1_79' title="bbox 2049 3410 3612 3481">
     <span class='ocr_line' id='line_1_79' title="bbox 2049 3410 3612 3481; baseline 0.006 -21"><span class='ocrx_word' id='word_1_545' title='bbox 2049 3422 2213 3477; x_wconf 92' lang='lat' dir='ltr'><strong>quam</strong></span> <span class='ocrx_word' id='word_1_546' title='bbox 2253 3410 2497 3478; x_wconf 83' lang='lat' dir='ltr'><strong>proxime</strong></span> <span class='ocrx_word' id='word_1_547' title='bbox 2530 3410 2644 3465; x_wconf 81' lang='lat' dir='ltr'><strong>ﬁeri</strong></span> <span class='ocrx_word' id='word_1_548' title='bbox 2691 3413 2892 3480; x_wconf 90' lang='lat' dir='ltr'><strong>poterit</strong></span> <span class='ocrx_word' id='word_1_549' title='bbox 2924 3413 3204 3481; x_wconf 89' lang='lat' dir='ltr'><strong>inibimus,</strong></span> <span class='ocrx_word' id='word_1_550' title='bbox 3237 3416 3385 3468; x_wconf 91' lang='lat' dir='ltr'><strong>nulla</strong></span> <span class='ocrx_word' id='word_1_551' title='bbox 3421 3424 3479 3469; x_wconf 93' lang='lat' dir='ltr'><strong>ut</strong></span> <span class='ocrx_word' id='word_1_552' title='bbox 3503 3417 3612 3472; x_wconf 81' lang='lat' dir='ltr'><strong>dif-</strong></span> 
     </span>
    </p>
   </div>
   <div class='ocr_carea' id='block_1_80' title="bbox 2048 3501 3607 3573">
    <p class='ocr_par' dir='ltr' id='par_1_80' title="bbox 2048 3501 3607 3573">
     <span class='ocr_line' id='line_1_80' title="bbox 2048 3501 3607 3573; baseline 0.004 -17"><span class='ocrx_word' id='word_1_553' title='bbox 2048 3501 2277 3557; x_wconf 83' lang='lat' dir='ltr'><strong>ferentia</strong></span> <span class='ocrx_word' id='word_1_554' title='bbox 2333 3505 2506 3572; x_wconf 88' lang='lat' dir='ltr'><strong>possit</strong></span> <span class='ocrx_word' id='word_1_555' title='bbox 2553 3504 2793 3573; x_wconf 86' lang='lat' dir='ltr'><strong>agnosci.</strong></span> <span class='ocrx_word' id='word_1_556' title='bbox 2843 3503 2996 3559; x_wconf 89' lang='lat' dir='ltr'><strong>Hanc</strong></span> <span class='ocrx_word' id='word_1_557' title='bbox 3044 3521 3172 3561; x_wconf 91' lang='lat' dir='ltr'><strong>vero</strong></span> <span class='ocrx_word' id='word_1_558' title='bbox 3227 3508 3607 3563; x_wconf 79' lang='lat' dir='ltr'><strong>tractationem</strong></span> 
     </span>
    </p>
   </div>
   <div class='ocr_carea' id='block_1_81' title="bbox 2048 3596 3608 3667">
    <p class='ocr_par' dir='ltr' id='par_1_81' title="bbox 2048 3596 3608 3667">
     <span class='ocr_line' id='line_1_81' title="bbox 2048 3596 3608 3667; baseline 0.003 -19"><span class='ocrx_word' id='word_1_559' title='bbox 2048 3609 2171 3649; x_wconf 91' lang='lat' dir='ltr'><strong>cum</strong></span> <span class='ocrx_word' id='word_1_560' title='bbox 2210 3596 2464 3651; x_wconf 91' lang='lat' dir='ltr'><strong>omnibus</strong></span> <span class='ocrx_word' id='word_1_561' title='bbox 2518 3596 2585 3651; x_wconf 92' lang='lat' dir='ltr'><strong>iis</strong></span> <span class='ocrx_word' id='word_1_562' title='bbox 2619 3611 2738 3666; x_wconf 75' lang='lat' dir='ltr'><strong>quae</strong></span> <span class='ocrx_word' id='word_1_563' title='bbox 2788 3596 2858 3651; x_wconf 88' lang='lat' dir='ltr'><strong>ab</strong></span> <span class='ocrx_word' id='word_1_564' title='bbox 2891 3597 3131 3667; x_wconf 88' lang='lat' dir='ltr'><strong>antiquis</strong></span> <span class='ocrx_word' id='word_1_565' title='bbox 3160 3599 3440 3654; x_wconf 89' lang='lat' dir='ltr'><strong>elaborata</strong></span> <span class='ocrx_word' id='word_1_566' title='bbox 3477 3607 3608 3656; x_wconf 91' lang='lat' dir='ltr'><strong>sunt</strong></span> 
     </span>
    </p>
   </div>
   <div class='ocr_carea' id='block_1_82' title="bbox 2047 3688 3607 3762">
    <p class='ocr_par' dir='ltr' id='par_1_82' title="bbox 2047 3688 3607 3762">
     <span class='ocr_line' id='line_1_82' title="bbox 2047 3688 3607 3762; baseline 0.003 -21"><span class='ocrx_word' id='word_1_567' title='bbox 2047 3689 2333 3752; x_wconf 87' lang='lat' dir='ltr'><strong>hactenus,</strong></span> <span class='ocrx_word' id='word_1_568' title='bbox 2365 3689 2432 3742; x_wconf 89' lang='lat' dir='ltr'><strong>ad</strong></span> <span class='ocrx_word' id='word_1_569' title='bbox 2481 3704 2640 3743; x_wconf 92' lang='lat' dir='ltr'><strong>usum</strong></span> <span class='ocrx_word' id='word_1_570' title='bbox 2679 3688 2980 3744; x_wconf 87' lang='lat' dir='ltr'><strong>faciliorem</strong></span> <span class='ocrx_word' id='word_1_571' title='bbox 3016 3706 3159 3756; x_wconf 90' lang='lat' dir='ltr'><strong>esse,</strong></span> <span class='ocrx_word' id='word_1_572' title='bbox 3194 3699 3309 3746; x_wconf 91' lang='lat' dir='ltr'><strong>tum</strong></span> <span class='ocrx_word' id='word_1_573' title='bbox 3345 3691 3412 3746; x_wconf 86' lang='lat' dir='ltr'><strong>ad</strong></span> <span class='ocrx_word' id='word_1_574' title='bbox 3442 3708 3607 3762; x_wconf 85' lang='lat' dir='ltr'><strong>quam</strong></span> 
     </span>
    </p>
   </div>
   <div class='ocr_carea' id='block_1_83' title="bbox 2047 3781 3609 3853">
    <p class='ocr_par' dir='ltr' id='par_1_83' title="bbox 2047 3781 3609 3853">
     <span class='ocr_line' id='line_1_83' title="bbox 2047 3781 3609 3853; baseline 0.004 -20"><span class='ocrx_word' id='word_1_575' title='bbox 2047 3781 2283 3851; x_wconf 88' lang='lat' dir='ltr'><strong>plurima</strong></span> <span class='ocrx_word' id='word_1_576' title='bbox 2326 3782 2376 3834; x_wconf 90' lang='lat' dir='ltr'><strong>in</strong></span> <span class='ocrx_word' id='word_1_577' title='bbox 2411 3781 2706 3850; x_wconf 86' lang='lat' dir='ltr'><strong>astrologia</strong></span> <span class='ocrx_word' id='word_1_578' title='bbox 2746 3782 3081 3836; x_wconf 85' lang='lat' dir='ltr'><strong>theoremata</strong></span> <span class='ocrx_word' id='word_1_579' title='bbox 3122 3784 3412 3853; x_wconf 88' lang='lat' dir='ltr'><strong>pertinere,</strong></span> <span class='ocrx_word' id='word_1_580' title='bbox 3446 3783 3609 3840; x_wconf 83' lang='lat' dir='ltr'><strong>facile</strong></span> 
     </span>
    </p>
   </div>
   <div class='ocr_carea' id='block_1_84' title="bbox 2045 3874 3555 3944">
    <p class='ocr_par' dir='ltr' id='par_1_84' title="bbox 2045 3874 3555 3944">
     <span class='ocr_line' id='line_1_84' title="bbox 2045 3874 3555 3944; baseline -0.001 -14"><span class='ocrx_word' id='word_1_581' title='bbox 2045 3877 2143 3930; x_wconf 89' lang='lat' dir='ltr'><strong>abs</strong></span> <span class='ocrx_word' id='word_1_582' title='bbox 2169 3884 2221 3930; x_wconf 89' lang='lat' dir='ltr'><strong>te</strong></span> <span class='ocrx_word' id='word_1_583' title='bbox 2255 3874 2608 3929; x_wconf 84' lang='lat' dir='ltr'><strong>animadverti</strong></span> <span class='ocrx_word' id='word_1_584' title='bbox 2637 3874 2846 3944; x_wconf 85' lang='lat' dir='ltr'><strong>judico.</strong></span> <span class='ocrx_word' id='word_1_585' title='bbox 3553 3879 3555 3881; x_wconf 80' lang='grc'><strong>’</strong></span> 
     </span>
    </p>
   </div>
   <div class='ocr_carea' id='block_1_85' title="bbox 2113 4071 3606 4145">
    <p class='ocr_par' dir='ltr' id='par_1_85' title="bbox 2113 4071 3606 4145">
     <span class='ocr_line' id='line_1_85' title="bbox 2113 4071 3606 4145; baseline -0.003 -15"><span class='ocrx_word' id='word_1_586' title='bbox 2113 4075 2298 4145; x_wconf 86' lang='lat' dir='ltr'><strong>Itaque</strong></span> <span class='ocrx_word' id='word_1_587' title='bbox 2324 4074 2520 4129; x_wconf 88' lang='lat' dir='ltr'><strong>Bootes</strong></span> <span class='ocrx_word' id='word_1_588' title='bbox 2551 4074 2727 4127; x_wconf 89' lang='lat' dir='ltr'><strong>oritur</strong></span> <span class='ocrx_word' id='word_1_589' title='bbox 2756 4088 2878 4128; x_wconf 90' lang='lat' dir='ltr'><strong>cum</strong></span> <span class='ocrx_word' id='word_1_590' title='bbox 2909 4071 3116 4127; x_wconf 86' lang='lat' dir='ltr'><strong>zodiaci</strong></span> <span class='ocrx_word' id='word_1_591' title='bbox 3149 4079 3302 4143; x_wconf 86' lang='lat' dir='ltr'><strong>parte</strong></span> <span class='ocrx_word' id='word_1_592' title='bbox 3334 4071 3448 4132; x_wconf 90' lang='lat' dir='ltr'><strong>illa,</strong></span> <span class='ocrx_word' id='word_1_593' title='bbox 3483 4087 3606 4141; x_wconf 62' lang='grc' dir='ltr'><strong>ηυδε</strong></span> 
     </span>
    </p>
   </div>
   <div class='ocr_carea' id='block_1_86' title="bbox 2043 4163 3600 4237">
    <p class='ocr_par' dir='ltr' id='par_1_86' title="bbox 2043 4163 3600 4237">
     <span class='ocr_line' id='line_1_86' title="bbox 2043 4163 3600 4237; baseline -0.006 -13"><span class='ocrx_word' id='word_1_594' title='bbox 2043 4170 2110 4224; x_wconf 91' lang='lat' dir='ltr'><strong>ab</strong></span> <span class='ocrx_word' id='word_1_595' title='bbox 2133 4169 2288 4224; x_wconf 87' lang='lat' dir='ltr'><strong>initio</strong></span> <span class='ocrx_word' id='word_1_596' title='bbox 2319 4167 2561 4237; x_wconf 80' lang='lat' dir='ltr'><strong>Virginis</strong></span> <span class='ocrx_word' id='word_1_597' title='bbox 2587 4167 2798 4236; x_wconf 88' lang='lat' dir='ltr'><strong>incipit,</strong></span> <span class='ocrx_word' id='word_1_598' title='bbox 2831 4180 3004 4234; x_wconf 91' lang='lat' dir='ltr'><strong>usque</strong></span> <span class='ocrx_word' id='word_1_599' title='bbox 3029 4165 3095 4217; x_wconf 88' lang='lat' dir='ltr'><strong>ad</strong></span> <span class='ocrx_word' id='word_1_600' title='bbox 3122 4165 3242 4232; x_wconf 91' lang='lat' dir='ltr'><strong>ejus</strong></span> <span class='ocrx_word' id='word_1_601' title='bbox 3275 4171 3483 4232; x_wconf 87' lang='lat' dir='ltr'><strong>partem</strong></span> <span class='ocrx_word' id='word_1_602' title='bbox 3512 4163 3600 4217; x_wconf 79' lang='grc'><strong>27.</strong></span> 
     </span>
    </p>
   </div>
   <div class='ocr_carea' id='block_1_87' title="bbox 2040 4255 3601 4324">
    <p class='ocr_par' dir='ltr' id='par_1_87' title="bbox 2040 4255 3601 4324">
     <span class='ocr_line' id='line_1_87' title="bbox 2040 4255 3601 4324; baseline -0.007 -8"><span class='ocrx_word' id='word_1_603' title='bbox 2040 4261 2313 4317; x_wconf 86' lang='lat' dir='ltr'><strong>Culminat</strong></span> <span class='ocrx_word' id='word_1_604' title='bbox 2343 4269 2522 4313; x_wconf 88' lang='lat' dir='ltr'><strong>autem</strong></span> <span class='ocrx_word' id='word_1_605' title='bbox 2572 4259 2784 4313; x_wconf 90' lang='lat' dir='ltr'><strong>oriente</strong></span> <span class='ocrx_word' id='word_1_606' title='bbox 2831 4257 2926 4310; x_wconf 93' lang='lat' dir='ltr'><strong>illo</strong></span> <span class='ocrx_word' id='word_1_607' title='bbox 2973 4255 3183 4310; x_wconf 84' lang='lat' dir='ltr'><strong>zodiaci</strong></span> <span class='ocrx_word' id='word_1_608' title='bbox 3239 4261 3601 4324; x_wconf 90' lang='lat' dir='ltr'><strong>segmentum,</strong></span> 
     </span>
    </p>
   </div>
   <div class='ocr_carea' id='block_1_88' title="bbox 2038 4343 3601 4421">
    <p class='ocr_par' dir='ltr' id='par_1_88' title="bbox 2038 4343 3601 4421">
     <span class='ocr_line' id='line_1_88' title="bbox 2038 4343 3601 4421; baseline -0.007 -16"><span class='ocrx_word' id='word_1_609' title='bbox 2038 4351 2293 4421; x_wconf 70' lang='lat' dir='ltr'><strong>quodest</strong></span> <span class='ocrx_word' id='word_1_610' title='bbox 2341 4365 2373 4402; x_wconf 89' lang='lat' dir='ltr'><strong>a</strong></span> <span class='ocrx_word' id='word_1_611' title='bbox 2424 4348 2587 4402; x_wconf 90' lang='lat' dir='ltr'><strong>Tauri</strong></span> <span class='ocrx_word' id='word_1_612' title='bbox 2620 4347 2878 4401; x_wconf 90' lang='lat' dir='ltr'><strong>vicesima</strong></span> <span class='ocrx_word' id='word_1_613' title='bbox 2924 4345 3153 4414; x_wconf 87' lang='lat' dir='ltr'><strong>septima</strong></span> <span class='ocrx_word' id='word_1_614' title='bbox 3198 4350 3353 4413; x_wconf 90' lang='lat' dir='ltr'><strong>parte</strong></span> <span class='ocrx_word' id='word_1_615' title='bbox 3398 4343 3601 4408; x_wconf 86' lang='lat' dir='ltr'><strong>media,</strong></span> 
     </span>
    </p>
   </div>
   <div class='ocr_carea' id='block_1_89' title="bbox 2039 4434 3605 4513">
    <p class='ocr_par' dir='ltr' id='par_1_89' title="bbox 2039 4434 3605 4513">
     <span class='ocr_line' id='line_1_89' title="bbox 2039 4434 3605 4513; baseline -0.008 -15"><span class='ocrx_word' id='word_1_616' title='bbox 2039 4458 2214 4513; x_wconf 86' lang='lat' dir='ltr'><strong>usque</strong></span> <span class='ocrx_word' id='word_1_617' title='bbox 2250 4442 2317 4496; x_wconf 91' lang='lat' dir='ltr'><strong>ad</strong></span> <span class='ocrx_word' id='word_1_618' title='bbox 2351 4440 2700 4496; x_wconf 89' lang='lat' dir='ltr'><strong>Geminorum</strong></span> <span class='ocrx_word' id='word_1_619' title='bbox 2726 4438 2815 4491; x_wconf 73' lang='lat'><strong>27.</strong></span> <span class='ocrx_word' id='word_1_620' title='bbox 2845 4436 3026 4490; x_wconf 90' lang='lat' dir='ltr'><strong>Prima</strong></span> <span class='ocrx_word' id='word_1_621' title='bbox 3062 4435 3219 4490; x_wconf 89' lang='lat' dir='ltr'><strong>stella</strong></span> <span class='ocrx_word' id='word_1_622' title='bbox 3268 4434 3451 4488; x_wconf 81' lang='lat' dir='ltr'><strong>Bootae</strong></span> <span class='ocrx_word' id='word_1_623' title='bbox 3493 4435 3605 4487; x_wconf 39' lang='lat' dir='ltr'><strong>ori:</strong></span> 
     </span>
    </p>
   </div>
   <div class='ocr_carea' id='block_1_90' title="bbox 372 4523 1949 4603">
    <p class='ocr_par' dir='ltr' id='par_1_90' title="bbox 372 4523 1940 4598">
     <span class='ocr_line' id='line_1_90' title="bbox 372 4523 1940 4598; baseline -0.008 -13"><span class='ocrx_word' id='word_1_624' title='bbox 372 4527 590 4585; x_wconf 76' lang='grc' dir='ltr'><strong>Ἐοώτου</strong></span> <span class='ocrx_word' id='word_1_625' title='bbox 639 4529 913 4584; x_wconf 85' lang='grc' dir='ltr'><strong>ἀνατέλλει</strong></span> <span class='ocrx_word' id='word_1_626' title='bbox 954 4530 982 4582; x_wconf 85' lang='grc' dir='ltr'>ὁ</span> <span class='ocrx_word' id='word_1_627' title='bbox 1030 4529 1086 4581; x_wconf 92' lang='grc' dir='ltr'><strong>ἐν</strong></span> <span class='ocrx_word' id='word_1_628' title='bbox 1130 4530 1193 4598; x_wconf 78' lang='grc' dir='ltr'><strong>τῇ</strong></span> <span class='ocrx_word' id='word_1_629' title='bbox 1226 4527 1457 4598; x_wconf 85' lang='grc' dir='ltr'><strong>κεφαλῇ,</strong></span> <span class='ocrx_word' id='word_1_630' title='bbox 1487 4527 1709 4595; x_wconf 80' lang='grc' dir='ltr'><strong>ἔσχατος</strong></span> <span class='ocrx_word' id='word_1_631' title='bbox 1739 4524 1794 4576; x_wconf 85' lang='grc' dir='ltr'><strong>δὲ</strong></span> <span class='ocrx_word' id='word_1_632' title='bbox 1825 4523 1852 4574; x_wconf 87' lang='grc' dir='ltr'>ὁ</span> <span class='ocrx_word' id='word_1_633' title='bbox 1882 4523 1940 4573; x_wconf 87' lang='grc' dir='ltr'><strong>ἐν</strong></span> 
     </span>
    </p>
   </div>
   <div class='ocr_carea' id='block_1_91' title="bbox 2049 4523 3604 4603">
    <p class='ocr_par' dir='ltr' id='par_1_91' title="bbox 2049 4524 3604 4603">
     <span class='ocr_line' id='line_1_91' title="bbox 2049 4524 3604 4603; baseline -0.006 -16"><span class='ocrx_word' id='word_1_634' title='bbox 2049 4543 2131 4589; x_wconf 87' lang='lat' dir='ltr'><strong>tur</strong></span> <span class='ocrx_word' id='word_1_635' title='bbox 2168 4550 2252 4597; x_wconf 90' lang='lat' dir='ltr'><strong>ea,</strong></span> <span class='ocrx_word' id='word_1_636' title='bbox 2285 4548 2405 4603; x_wconf 64' lang='lat' dir='ltr'><strong>quae</strong></span> <span class='ocrx_word' id='word_1_637' title='bbox 2428 4539 2511 4587; x_wconf 91' lang='lat' dir='ltr'><strong>est</strong></span> <span class='ocrx_word' id='word_1_638' title='bbox 2539 4531 2596 4584; x_wconf 94' lang='lat' dir='ltr'><strong>in</strong></span> <span class='ocrx_word' id='word_1_639' title='bbox 2616 4530 2824 4599; x_wconf 87' lang='lat' dir='ltr'><strong>capite;</strong></span> <span class='ocrx_word' id='word_1_640' title='bbox 2851 4527 3039 4581; x_wconf 91' lang='lat' dir='ltr'><strong>ultima</strong></span> <span class='ocrx_word' id='word_1_641' title='bbox 3062 4541 3181 4595; x_wconf 64' lang='lat' dir='ltr'><strong>qua:</strong></span> <span class='ocrx_word' id='word_1_642' title='bbox 3208 4533 3292 4580; x_wconf 91' lang='lat' dir='ltr'><strong>est</strong></span> <span class='ocrx_word' id='word_1_643' title='bbox 3320 4525 3376 4579; x_wconf 92' lang='lat' dir='ltr'><strong>in</strong></span> <span class='ocrx_word' id='word_1_644' title='bbox 3410 4524 3604 4578; x_wconf 69' lang='lat' dir='ltr'><strong>dextro</strong></span> 
     </span>
    </p>
   </div>
   <div class='ocr_carea' id='block_1_92' title="bbox 377 4578 1949 4698">
    <p class='ocr_par' dir='ltr' id='par_1_92' title="bbox 377 4578 1934 4694">
     <span class='ocr_line' id='line_1_92' title="bbox 377 4578 1934 4694; baseline -0.006 -18"><span class='ocrx_word' id='word_1_645' title='bbox 377 4622 455 4694; x_wconf 79' lang='grc' dir='ltr'><strong>τῷ</strong></span> <span class='ocrx_word' id='word_1_646' title='bbox 491 4622 648 4694; x_wconf 83' lang='grc' dir='ltr'><strong>δεξιῷ</strong></span> <span class='ocrx_word' id='word_1_647' title='bbox 693 4622 832 4676; x_wconf 84' lang='grc' dir='ltr'><strong>ποδί.</strong></span> <span class='ocrx_word' id='word_1_648' title='bbox 876 4578 1281 4692; x_wconf 58' lang='grc' dir='ltr'><strong>Μεσουρανδῦσι</strong></span> <span class='ocrx_word' id='word_1_649' title='bbox 1305 4578 1380 4672; x_wconf 73' lang='grc' dir='ltr'><strong>’δὲ</strong></span> <span class='ocrx_word' id='word_1_650' title='bbox 1408 4578 1520 4672; x_wconf 56' lang='lat' dir='ltr'><strong>12&#39;s.</strong></span> <span class='ocrx_word' id='word_1_651' title='bbox 1549 4578 1724 4672; x_wconf 59' lang='grc' dir='ltr'><strong>ἓλλωῖι</strong></span> <span class='ocrx_word' id='word_1_652' title='bbox 1777 4615 1934 4669; x_wconf 86' lang='grc' dir='ltr'><strong>ἀστέ-</strong></span> 
     </span>
    </p>
   </div>
   <div class='ocr_carea' id='block_1_93' title="bbox 2049 4578 3606 4698">
    <p class='ocr_par' dir='ltr' id='par_1_93' title="bbox 2049 4578 3606 4698">
     <span class='ocr_line' id='line_1_93' title="bbox 2049 4578 3373 4603; baseline -0.009 -12"><span class='ocrx_word' id='word_1_653' title='bbox 2049 4578 2122 4589; x_wconf 82' lang='grc'><strong>....</strong></span> <span class='ocrx_word' id='word_1_654' title='bbox 2169 4578 2252 4597; x_wconf 66' lang='grc' dir='ltr'><strong>ν...</strong></span> <span class='ocrx_word' id='word_1_655' title='bbox 2286 4578 2405 4603; x_wconf 59' lang='grc' dir='ltr'><strong>η-..</strong></span> <span class='ocrx_word' id='word_1_656' title='bbox 2431 4578 2511 4587; x_wconf 63' lang='grc' dir='ltr'><strong>ν--</strong></span> <span class='ocrx_word' id='word_1_657' title='bbox 2621 4578 2824 4599; x_wconf 54' lang='lat'><strong>-_-,---,</strong></span> <span class='ocrx_word' id='word_1_658' title='bbox 3071 4578 3174 4595; x_wconf 19' lang='grc' dir='ltr'><strong>τι-</strong></span> <span class='ocrx_word' id='word_1_659' title='bbox 3219 4578 3260 4580; x_wconf 45' lang='grc' dir='ltr'>η</span> <span class='ocrx_word' id='word_1_660' title='bbox 3344 4578 3373 4579; x_wconf 42' lang='grc' dir='ltr'>η</span> 
     </span>
     <span class='ocr_line' id='line_1_94' title="bbox 2049 4615 3606 4698; baseline -0.01 -15"><span class='ocrx_word' id='word_1_661' title='bbox 2049 4628 2195 4698; x_wconf 90' lang='lat' dir='ltr'><strong>pede.</strong></span> <span class='ocrx_word' id='word_1_662' title='bbox 2226 4626 2468 4679; x_wconf 88' lang='lat' dir='ltr'><strong>Aliorum</strong></span> <span class='ocrx_word' id='word_1_663' title='bbox 2505 4623 2767 4685; x_wconf 89' lang='lat' dir='ltr'><strong>siderum,</strong></span> <span class='ocrx_word' id='word_1_664' title='bbox 2797 4629 2978 4675; x_wconf 87' lang='lat' dir='ltr'><strong>ortum</strong></span> <span class='ocrx_word' id='word_1_665' title='bbox 3013 4619 3233 4672; x_wconf 90' lang='lat' dir='ltr'><strong>ineunte</strong></span> <span class='ocrx_word' id='word_1_666' title='bbox 3265 4615 3452 4682; x_wconf 87' lang='lat' dir='ltr'><strong>Boote,</strong></span> <span class='ocrx_word' id='word_1_667' title='bbox 3486 4617 3606 4670; x_wconf 91' lang='lat' dir='ltr'><strong>cul-</strong></span> 
     </span>
    </p>
   </div>
   <div class='ocr_carea' id='block_1_94' title="bbox 371 4705 1936 4786">
    <p class='ocr_par' dir='ltr' id='par_1_94' title="bbox 371 4705 1936 4786">
     <span class='ocr_line' id='line_1_95' title="bbox 371 4705 1936 4786; baseline -0.004 -22"><span class='ocrx_word' id='word_1_668' title='bbox 371 4731 512 4786; x_wconf 73' lang='grc' dir='ltr'><strong>ιρων,</strong></span> <span class='ocrx_word' id='word_1_669' title='bbox 564 4711 863 4784; x_wconf 85' lang='grc' dir='ltr'><strong>ἀρχομένου</strong></span> <span class='ocrx_word' id='word_1_670' title='bbox 909 4711 1005 4781; x_wconf 86' lang='grc' dir='ltr'><strong>μὲν</strong></span> <span class='ocrx_word' id='word_1_671' title='bbox 1051 4709 1357 4763; x_wconf 88' lang='grc' dir='ltr'><strong>ἀνατέλλειν</strong></span> <span class='ocrx_word' id='word_1_672' title='bbox 1399 4706 1494 4760; x_wconf 91' lang='grc' dir='ltr'><strong>τοῦ</strong></span> <span class='ocrx_word' id='word_1_673' title='bbox 1544 4705 1774 4770; x_wconf 83' lang='grc' dir='ltr'><strong>Βοώτου,</strong></span> <span class='ocrx_word' id='word_1_674' title='bbox 1814 4705 1843 4758; x_wconf 84' lang='grc' dir='ltr'>ὅ</span> <span class='ocrx_word' id='word_1_675' title='bbox 1876 4721 1936 4757; x_wconf 89' lang='grc' dir='ltr'><strong>τε</strong></span> 
     </span>
    </p>
   </div>
   <div class='ocr_carea' id='block_1_95' title="bbox 377 4794 1934 4876">
    <p class='ocr_par' dir='ltr' id='par_1_95' title="bbox 377 4794 1934 4876">
     <span class='ocr_line' id='line_1_96' title="bbox 377 4794 1934 4876; baseline -0.006 -18"><span class='ocrx_word' id='word_1_676' title='bbox 377 4803 658 4876; x_wconf 79' lang='grc' dir='ltr'><strong>ἀριστερὸς</strong></span> <span class='ocrx_word' id='word_1_677' title='bbox 687 4797 834 4874; x_wconf 83' lang='grc' dir='ltr'><strong>ὧμος</strong></span> <span class='ocrx_word' id='word_1_678' title='bbox 871 4801 963 4855; x_wconf 91' lang='grc' dir='ltr'><strong>τοῦ</strong></span> <span class='ocrx_word' id='word_1_679' title='bbox 1005 4801 1255 4871; x_wconf 87' lang='grc' dir='ltr'><strong>Ὠρίωνος</strong></span> <span class='ocrx_word' id='word_1_680' title='bbox 1281 4799 1376 4852; x_wconf 72' lang='grc' dir='ltr'><strong>καὶ</strong></span> <span class='ocrx_word' id='word_1_681' title='bbox 1407 4800 1435 4851; x_wconf 85' lang='grc' dir='ltr'>ὁ</span> <span class='ocrx_word' id='word_1_682' title='bbox 1463 4797 1748 4869; x_wconf 83' lang='grc' dir='ltr'><strong>ἀριστερὸς</strong></span> <span class='ocrx_word' id='word_1_683' title='bbox 1778 4794 1934 4860; x_wconf 86' lang='grc' dir='ltr'><strong>ποῦς,</strong></span> 
     </span>
    </p>
   </div>
   <div class='ocr_carea' id='block_1_96' title="bbox 368 4886 1940 4966">
    <p class='ocr_par' dir='ltr' id='par_1_96' title="bbox 368 4886 1940 4966">
     <span class='ocr_line' id='line_1_97' title="bbox 368 4886 1940 4966; baseline -0.005 -19"><span class='ocrx_word' id='word_1_684' title='bbox 368 4894 451 4958; x_wconf 81' lang='grc' dir='ltr'><strong>ὡς</strong></span> <span class='ocrx_word' id='word_1_685' title='bbox 494 4895 792 4966; x_wconf 86' lang='grc' dir='ltr'><strong>ήμιπήχιον</strong></span> <span class='ocrx_word' id='word_1_686' title='bbox 830 4890 1239 4965; x_wconf 80' lang='grc' dir='ltr'><strong>προηγούμενος</strong></span> <span class='ocrx_word' id='word_1_687' title='bbox 1279 4888 1372 4942; x_wconf 88' lang='grc' dir='ltr'><strong>τοῦ</strong></span> <span class='ocrx_word' id='word_1_688' title='bbox 1410 4886 1813 4960; x_wconf 71' lang='grc' dir='ltr'><strong>μεσημϐρινοῶ</strong></span> <span class='ocrx_word' id='word_1_689' title='bbox 1845 4887 1940 4958; x_wconf 90' lang='grc' dir='ltr'><strong>λή-</strong></span> 
     </span>
    </p>
   </div>
   <div class='ocr_carea' id='block_1_97' title="bbox 370 4979 1938 5056">
    <p class='ocr_par' dir='ltr' id='par_1_97' title="bbox 370 4979 1938 5056">
     <span class='ocr_line' id='line_1_98' title="bbox 370 4979 1938 5056; baseline -0.006 -16"><span class='ocrx_word' id='word_1_690' title='bbox 370 5001 564 5056; x_wconf 84' lang='grc' dir='ltr'><strong>γοντος</strong></span> <span class='ocrx_word' id='word_1_691' title='bbox 603 4986 660 5039; x_wconf 85' lang='grc' dir='ltr'><strong>δὲ</strong></span> <span class='ocrx_word' id='word_1_692' title='bbox 705 4984 892 5047; x_wconf 82' lang='grc' dir='ltr'><strong>αὑτοῦ,</strong></span> <span class='ocrx_word' id='word_1_693' title='bbox 927 4985 1244 5054; x_wconf 86' lang='grc' dir='ltr'><strong>μεσουρανεῖ</strong></span> <span class='ocrx_word' id='word_1_694' title='bbox 1291 4979 1385 5034; x_wconf 88' lang='grc' dir='ltr'><strong>τοῦ</strong></span> <span class='ocrx_word' id='word_1_695' title='bbox 1432 4981 1608 5044; x_wconf 84' lang='grc' dir='ltr'><strong>Κυνὸς</strong></span> <span class='ocrx_word' id='word_1_696' title='bbox 1649 4982 1678 5033; x_wconf 86' lang='grc' dir='ltr'>ὁ</span> <span class='ocrx_word' id='word_1_697' title='bbox 1711 4979 1938 5033; x_wconf 78' lang='grc' dir='ltr'><strong>ἐπὶτῶν</strong></span> 
     </span>
    </p>
   </div>
   <div class='ocr_carea' id='block_1_98' title="bbox 380 5073 1940 5150">
    <p class='ocr_par' dir='ltr' id='par_1_98' title="bbox 380 5073 1940 5150">
     <span class='ocr_line' id='line_1_99' title="bbox 380 5073 1940 5150; baseline -0.004 -18"><span class='ocrx_word' id='word_1_698' title='bbox 380 5081 564 5150; x_wconf 71' lang='grc' dir='ltr'><strong>ἰσχίων</strong></span> <span class='ocrx_word' id='word_1_699' title='bbox 607 5079 875 5150; x_wconf 85' lang='grc' dir='ltr'><strong>λαμπρός.</strong></span> <span class='ocrx_word' id='word_1_700' title='bbox 938 5076 1236 5132; x_wconf 83' lang='grc' dir='ltr'><strong>Ἀνατέλλει</strong></span> <span class='ocrx_word' id='word_1_701' title='bbox 1280 5076 1337 5129; x_wconf 83' lang='grc' dir='ltr'><strong>δὲ</strong></span> <span class='ocrx_word' id='word_1_702' title='bbox 1384 5074 1504 5138; x_wconf 81' lang='grc' dir='ltr'><strong>ὅλος</strong></span> <span class='ocrx_word' id='word_1_703' title='bbox 1547 5075 1576 5126; x_wconf 84' lang='grc' dir='ltr'><strong>ό</strong></span> <span class='ocrx_word' id='word_1_704' title='bbox 1619 5073 1835 5145; x_wconf 80' lang='grc' dir='ltr'><strong>Βοώτης</strong></span> <span class='ocrx_word' id='word_1_705' title='bbox 1880 5073 1940 5126; x_wconf 88' lang='grc' dir='ltr'><strong>ἐν</strong></span> 
     </span>
    </p>
   </div>
   <div class='ocr_carea' id='block_1_99' title="bbox 371 5169 1472 5243">
    <p class='ocr_par' dir='ltr' id='par_1_99' title="bbox 371 5169 1472 5243">
     <span class='ocr_line' id='line_1_100' title="bbox 371 5169 1472 5243; baseline 0 -19"><span class='ocrx_word' id='word_1_706' title='bbox 371 5171 540 5243; x_wconf 83' lang='grc' dir='ltr'><strong>ὥραις</strong></span> <span class='ocrx_word' id='word_1_707' title='bbox 571 5174 909 5242; x_wconf 80' lang='grc' dir='ltr'><strong>ίσημεριναῖς</strong></span> <span class='ocrx_word' id='word_1_708' title='bbox 937 5170 1084 5224; x_wconf 72' lang='grc' dir='ltr'><strong>δυσὶν</strong></span> <span class='ocrx_word' id='word_1_709' title='bbox 1116 5170 1192 5234; x_wconf 82' lang='grc' dir='ltr'><strong>ὡς</strong></span> <span class='ocrx_word' id='word_1_710' title='bbox 1225 5169 1472 5238; x_wconf 73' lang='grc' dir='ltr'><strong>ἔγγιστα.</strong></span> 
     </span>
    </p>
   </div>
   <div class='ocr_carea' id='block_1_100' title="bbox 443 5280 1934 5352">
    <p class='ocr_par' dir='ltr' id='par_1_100' title="bbox 443 5280 1934 5352">
     <span class='ocr_line' id='line_1_101' title="bbox 443 5280 1934 5352; baseline 0.001 -18"><span class='ocrx_word' id='word_1_711' title='bbox 443 5281 550 5335; x_wconf 90' lang='grc' dir='ltr'><strong>Τοῦ</strong></span> <span class='ocrx_word' id='word_1_712' title='bbox 588 5283 643 5335; x_wconf 83' lang='grc' dir='ltr'><strong>δὲ</strong></span> <span class='ocrx_word' id='word_1_713' title='bbox 673 5281 942 5351; x_wconf 84' lang='grc' dir='ltr'><strong>Στεφάνου</strong></span> <span class='ocrx_word' id='word_1_714' title='bbox 985 5281 1383 5347; x_wconf 87' lang='grc' dir='ltr'><strong>ἀνατέλλοντος,</strong></span> <span class='ocrx_word' id='word_1_715' title='bbox 1420 5280 1794 5336; x_wconf 85' lang='grc' dir='ltr'><strong>συνανατέλλει</strong></span> <span class='ocrx_word' id='word_1_716' title='bbox 1834 5281 1934 5352; x_wconf 86' lang='grc' dir='ltr'><strong>μὲν</strong></span> 
     </span>
    </p>
   </div>
   <div class='ocr_carea' id='block_1_101' title="bbox 370 5372 1934 5444">
    <p class='ocr_par' dir='ltr' id='par_1_101' title="bbox 370 5372 1934 5444">
     <span class='ocr_line' id='line_1_102' title="bbox 370 5372 1934 5444; baseline -0.001 -18"><span class='ocrx_word' id='word_1_717' title='bbox 370 5373 521 5444; x_wconf 82' lang='grc' dir='ltr'><strong>αὐτῷ</strong></span> <span class='ocrx_word' id='word_1_718' title='bbox 551 5374 644 5426; x_wconf 89' lang='grc' dir='ltr'><strong>τοῦ</strong></span> <span class='ocrx_word' id='word_1_719' title='bbox 690 5373 953 5439; x_wconf 78' lang='grc' dir='ltr'><strong>ζωδιακοῦ</strong></span> <span class='ocrx_word' id='word_1_720' title='bbox 985 5374 1271 5444; x_wconf 87' lang='grc' dir='ltr'><strong>τμήματος</strong></span> <span class='ocrx_word' id='word_1_721' title='bbox 1309 5374 1417 5427; x_wconf 85' lang='grc' dir='ltr'><strong>ἀπὸ</strong></span> <span class='ocrx_word' id='word_1_722' title='bbox 1448 5373 1723 5444; x_wconf 87' lang='grc' dir='ltr'><strong>Παρθένου</strong></span> <span class='ocrx_word' id='word_1_723' title='bbox 1765 5372 1808 5438; x_wconf 84' lang='grc' dir='ltr'><strong>ζ’</strong></span> <span class='ocrx_word' id='word_1_724' title='bbox 1840 5373 1934 5428; x_wconf 76' lang='grc' dir='ltr'><strong>καὶ</strong></span> 
     </span>
    </p>
   </div>
   <div class='ocr_carea' id='block_1_102' title="bbox 371 5465 1932 5538">
    <p class='ocr_par' dir='ltr' id='par_1_102' title="bbox 371 5465 1932 5538">
     <span class='ocr_line' id='line_1_103' title="bbox 371 5465 1932 5538; baseline -0.001 -18"><span class='ocrx_word' id='word_1_725' title='bbox 371 5473 419 5520; x_wconf 88' lang='grc' dir='ltr'><strong>κ’</strong></span> <span class='ocrx_word' id='word_1_726' title='bbox 456 5466 564 5536; x_wconf 91' lang='grc' dir='ltr'><strong>μοί.</strong></span> <span class='ocrx_word' id='word_1_727' title='bbox 609 5465 713 5530; x_wconf 73' lang='grc' dir='ltr'><strong>ἕως</strong></span> <span class='ocrx_word' id='word_1_728' title='bbox 748 5466 942 5538; x_wconf 85' lang='grc' dir='ltr'><strong>Χηλῶν</strong></span> <span class='ocrx_word' id='word_1_729' title='bbox 988 5473 1028 5518; x_wconf 85' lang='grc' dir='ltr'><strong>ε’</strong></span> <span class='ocrx_word' id='word_1_730' title='bbox 1084 5465 1192 5537; x_wconf 88' lang='grc' dir='ltr'><strong>μοί.</strong></span> <span class='ocrx_word' id='word_1_731' title='bbox 1247 5466 1453 5538; x_wconf 82' lang='grc' dir='ltr'><strong>μέσης·</strong></span> <span class='ocrx_word' id='word_1_732' title='bbox 1498 5466 1824 5537; x_wconf 86' lang='grc' dir='ltr'><strong>μεσουρανεί</strong></span> <span class='ocrx_word' id='word_1_733' title='bbox 1874 5465 1932 5518; x_wconf 82' lang='grc' dir='ltr'><strong>δὲ</strong></span> 
     </span>
    </p>
   </div>
   <div class='ocr_carea' id='block_1_103' title="bbox 369 5555 1931 5629">
    <p class='ocr_par' dir='ltr' id='par_1_103' title="bbox 369 5555 1931 5629">
     <span class='ocr_line' id='line_1_104' title="bbox 369 5555 1931 5629; baseline 0.002 -22"><span class='ocrx_word' id='word_1_734' title='bbox 369 5557 478 5609; x_wconf 75' lang='grc' dir='ltr'><strong>ἀπὸ</strong></span> <span class='ocrx_word' id='word_1_735' title='bbox 535 5557 782 5628; x_wconf 87' lang='grc' dir='ltr'><strong>Διδύμων</strong></span> <span class='ocrx_word' id='word_1_736' title='bbox 828 5563 880 5622; x_wconf 82' lang='grc' dir='ltr'><strong>ς’</strong></span> <span class='ocrx_word' id='word_1_737' title='bbox 925 5557 1017 5611; x_wconf 73' lang='grc' dir='ltr'><strong>καὶ</strong></span> <span class='ocrx_word' id='word_1_738' title='bbox 1068 5565 1116 5612; x_wconf 89' lang='grc' dir='ltr'><strong>κ’</strong></span> <span class='ocrx_word' id='word_1_739' title='bbox 1152 5555 1260 5629; x_wconf 88' lang='grc' dir='ltr'><strong>μοί.</strong></span> <span class='ocrx_word' id='word_1_740' title='bbox 1318 5559 1488 5628; x_wconf 85' lang='grc' dir='ltr'><strong>μέσης</strong></span> <span class='ocrx_word' id='word_1_741' title='bbox 1524 5557 1628 5620; x_wconf 80' lang='grc' dir='ltr'><strong>ἓως</strong></span> <span class='ocrx_word' id='word_1_742' title='bbox 1656 5557 1931 5628; x_wconf 84' lang='grc' dir='ltr'><strong>Καρκίνου</strong></span> 
     </span>
    </p>
   </div>
   <div class='ocr_carea' id='block_1_104' title="bbox 372 5644 1929 5720">
    <p class='ocr_par' dir='ltr' id='par_1_104' title="bbox 372 5644 1929 5720">
     <span class='ocr_line' id='line_1_105' title="bbox 372 5644 1929 5720; baseline 0.004 -24"><span class='ocrx_word' id='word_1_743' title='bbox 372 5644 482 5711; x_wconf 82' lang='grc' dir='ltr'><strong>μοί.</strong></span> <span class='ocrx_word' id='word_1_744' title='bbox 518 5652 558 5697; x_wconf 85' lang='grc' dir='ltr'><strong>ε’</strong></span> <span class='ocrx_word' id='word_1_745' title='bbox 594 5647 783 5717; x_wconf 87' lang='grc' dir='ltr'><strong>μέσης.</strong></span> <span class='ocrx_word' id='word_1_746' title='bbox 815 5647 925 5700; x_wconf 75' lang='grc' dir='ltr'><strong>Καὶ</strong></span> <span class='ocrx_word' id='word_1_747' title='bbox 957 5646 1170 5719; x_wconf 84' lang='grc' dir='ltr'><strong>πρῶτος</strong></span> <span class='ocrx_word' id='word_1_748' title='bbox 1199 5648 1296 5719; x_wconf 83' lang='grc' dir='ltr'><strong>μὲν</strong></span> <span class='ocrx_word' id='word_1_749' title='bbox 1327 5648 1502 5720; x_wconf 81' lang='grc' dir='ltr'><strong>ἀστὴρ</strong></span> <span class='ocrx_word' id='word_1_750' title='bbox 1531 5647 1805 5703; x_wconf 88' lang='grc' dir='ltr'><strong>ἀνατέλλει</strong></span> <span class='ocrx_word' id='word_1_751' title='bbox 1833 5646 1929 5702; x_wconf 91' lang='grc' dir='ltr'><strong>τοῦ</strong></span> 
     </span>
    </p>
   </div>
   <div class='ocr_carea' id='block_1_105' title="bbox 339 5799 966 5872">
    <p class='ocr_par' dir='ltr' id='par_1_105' title="bbox 339 5799 966 5872">
     <span class='ocr_line' id='line_1_106' title="bbox 339 5799 966 5872; baseline 0.003 -17"><span class='ocrx_word' id='word_1_752' title='bbox 339 5821 343 5831; x_wconf 70' lang='grc' dir='ltr'>ε</span> <span class='ocrx_word' id='word_1_753' title='bbox 451 5799 499 5831; x_wconf 82' lang='grc'><strong>⁸⁸</strong></span> <span class='ocrx_word' id='word_1_754' title='bbox 526 5817 612 5870; x_wconf 67' lang='grc' dir='ltr'><strong>πο.</strong></span> <span class='ocrx_word' id='word_1_755' title='bbox 653 5801 812 5872; x_wconf 85' lang='grc' dir='ltr'><strong>μέχρι</strong></span> <span class='ocrx_word' id='word_1_756' title='bbox 841 5799 966 5858; x_wconf 70' lang='grc' dir='ltr'><strong>τῶν</strong></span> 
     </span>
    </p>
   </div>
   <div class='ocr_carea' id='block_1_106' title="bbox 2038 4707 3600 4775">
    <p class='ocr_par' dir='ltr' id='par_1_106' title="bbox 2038 4707 3600 4775">
     <span class='ocr_line' id='line_1_107' title="bbox 2038 4707 3600 4775; baseline -0.008 -4"><span class='ocrx_word' id='word_1_757' title='bbox 2038 4716 2212 4771; x_wconf 83' lang='lat' dir='ltr'><strong>minat</strong></span> <span class='ocrx_word' id='word_1_758' title='bbox 2260 4713 2482 4769; x_wconf 88' lang='lat' dir='ltr'><strong>sinister</strong></span> <span class='ocrx_word' id='word_1_759' title='bbox 2538 4712 2801 4766; x_wconf 90' lang='lat' dir='ltr'><strong>humerus</strong></span> <span class='ocrx_word' id='word_1_760' title='bbox 2841 4709 3082 4771; x_wconf 87' lang='lat' dir='ltr'><strong>Orionis,</strong></span> <span class='ocrx_word' id='word_1_761' title='bbox 3115 4715 3168 4762; x_wconf 93' lang='lat' dir='ltr'><strong>et</strong></span> <span class='ocrx_word' id='word_1_762' title='bbox 3219 4707 3442 4762; x_wconf 90' lang='lat' dir='ltr'><strong>sinister</strong></span> <span class='ocrx_word' id='word_1_763' title='bbox 3482 4721 3600 4775; x_wconf 91' lang='lat' dir='ltr'><strong>pes,</strong></span> 
     </span>
    </p>
   </div>
   <div class='ocr_carea' id='block_1_107' title="bbox 2038 4798 3602 4878">
    <p class='ocr_par' dir='ltr' id='par_1_107' title="bbox 2038 4798 3602 4878">
     <span class='ocr_line' id='line_1_108' title="bbox 2038 4798 3602 4878; baseline -0.007 -17"><span class='ocrx_word' id='word_1_764' title='bbox 2038 4807 2134 4878; x_wconf 91' lang='lat' dir='ltr'><strong>qui</strong></span> <span class='ocrx_word' id='word_1_765' title='bbox 2166 4805 2529 4862; x_wconf 89' lang='lat' dir='ltr'><strong>semicubitali</strong></span> <span class='ocrx_word' id='word_1_766' title='bbox 2571 4803 2858 4858; x_wconf 88' lang='lat' dir='ltr'><strong>intervallo</strong></span> <span class='ocrx_word' id='word_1_767' title='bbox 2890 4799 3250 4856; x_wconf 86' lang='lat' dir='ltr'><strong>meridianum</strong></span> <span class='ocrx_word' id='word_1_768' title='bbox 3297 4798 3602 4861; x_wconf 88' lang='lat' dir='ltr'><strong>antecedit;</strong></span> 
     </span>
    </p>
   </div>
   <div class='ocr_carea' id='block_1_108' title="bbox 2040 4890 3604 4963">
    <p class='ocr_par' dir='ltr' id='par_1_108' title="bbox 2040 4890 3604 4963">
     <span class='ocr_line' id='line_1_109' title="bbox 2040 4890 3604 4963; baseline -0.007 -6"><span class='ocrx_word' id='word_1_769' title='bbox 2040 4900 2146 4957; x_wconf 91' lang='lat' dir='ltr'><strong>sub</strong></span> <span class='ocrx_word' id='word_1_770' title='bbox 2192 4907 2348 4954; x_wconf 89' lang='lat' dir='ltr'><strong>ortus</strong></span> <span class='ocrx_word' id='word_1_771' title='bbox 2380 4898 2541 4953; x_wconf 85' lang='lat' dir='ltr'><strong>ﬁnem</strong></span> <span class='ocrx_word' id='word_1_772' title='bbox 2571 4894 3051 4957; x_wconf 89' lang='lat' dir='ltr'><strong>culminatlucida,</strong></span> <span class='ocrx_word' id='word_1_773' title='bbox 3075 4898 3299 4963; x_wconf 75' lang='lat' dir='ltr'><strong>quaeest</strong></span> <span class='ocrx_word' id='word_1_774' title='bbox 3321 4891 3374 4945; x_wconf 92' lang='lat' dir='ltr'><strong>in</strong></span> <span class='ocrx_word' id='word_1_775' title='bbox 3400 4890 3604 4946; x_wconf 79' lang='lat' dir='ltr'><strong>femore</strong></span> 
     </span>
    </p>
   </div>
   <div class='ocr_carea' id='block_1_109' title="bbox 2036 4984 3605 5055">
    <p class='ocr_par' dir='ltr' id='par_1_109' title="bbox 2036 4984 3605 5055">
     <span class='ocr_line' id='line_1_110' title="bbox 2036 4984 3605 5055; baseline -0.008 -8"><span class='ocrx_word' id='word_1_776' title='bbox 2036 4991 2219 5047; x_wconf 90' lang='lat' dir='ltr'><strong>Canis.</strong></span> <span class='ocrx_word' id='word_1_777' title='bbox 2249 4990 2418 5046; x_wconf 88' lang='lat' dir='ltr'><strong>Totus</strong></span> <span class='ocrx_word' id='word_1_778' title='bbox 2437 4989 2616 5045; x_wconf 89' lang='lat' dir='ltr'><strong>oritur</strong></span> <span class='ocrx_word' id='word_1_779' title='bbox 2648 4987 2852 5042; x_wconf 89' lang='lat' dir='ltr'><strong>Bootes</strong></span> <span class='ocrx_word' id='word_1_780' title='bbox 2875 4987 3026 5041; x_wconf 90' lang='lat' dir='ltr'><strong>horis</strong></span> <span class='ocrx_word' id='word_1_781' title='bbox 3058 4987 3170 5041; x_wconf 80' lang='lat' dir='ltr'><strong>fere</strong></span> <span class='ocrx_word' id='word_1_782' title='bbox 3189 4984 3402 5039; x_wconf 91' lang='lat' dir='ltr'><strong>duabus</strong></span> <span class='ocrx_word' id='word_1_783' title='bbox 3421 4997 3605 5055; x_wconf 71' lang='lat' dir='ltr'><strong>mqua-</strong></span> 
     </span>
    </p>
   </div>
   <div class='ocr_carea' id='block_1_110' title="bbox 2038 5085 2204 5141">
    <p class='ocr_par' dir='ltr' id='par_1_110' title="bbox 2038 5085 2204 5141">
     <span class='ocr_line' id='line_1_111' title="bbox 2038 5085 2204 5141; baseline -0.006 -2"><span class='ocrx_word' id='word_1_784' title='bbox 2038 5085 2204 5141; x_wconf 90' lang='lat' dir='ltr'><strong>libus.</strong></span> 
     </span>
    </p>
   </div>
   <div class='ocr_carea' id='block_1_111' title="bbox 2108 5268 3602 5346">
    <p class='ocr_par' dir='ltr' id='par_1_111' title="bbox 2108 5268 3602 5346">
     <span class='ocr_line' id='line_1_112' title="bbox 2108 5268 3602 5346; baseline -0.013 -6"><span class='ocrx_word' id='word_1_785' title='bbox 2108 5285 2322 5339; x_wconf 82' lang='lat' dir='ltr'><strong>Corona</strong></span> <span class='ocrx_word' id='word_1_786' title='bbox 2376 5282 2608 5346; x_wconf 86' lang='lat' dir='ltr'><strong>oriente,</strong></span> <span class='ocrx_word' id='word_1_787' title='bbox 2657 5277 2865 5332; x_wconf 88' lang='lat' dir='ltr'><strong>zodiaci</strong></span> <span class='ocrx_word' id='word_1_788' title='bbox 2919 5291 3080 5330; x_wconf 85' lang='lat' dir='ltr'><strong>arcus</strong></span> <span class='ocrx_word' id='word_1_789' title='bbox 3121 5273 3300 5328; x_wconf 90' lang='lat' dir='ltr'><strong>oritur</strong></span> <span class='ocrx_word' id='word_1_790' title='bbox 3349 5286 3378 5324; x_wconf 91' lang='lat' dir='ltr'><strong>a</strong></span> <span class='ocrx_word' id='word_1_791' title='bbox 3432 5268 3602 5340; x_wconf 86' lang='lat' dir='ltr'><strong>gradu</strong></span> 
     </span>
    </p>
   </div>
   <div class='ocr_carea' id='block_1_112' title="bbox 2036 5360 3603 5446">
    <p class='ocr_par' dir='ltr' id='par_1_112' title="bbox 2036 5360 3603 5446">
     <span class='ocr_line' id='line_1_113' title="bbox 2036 5360 3603 5446; baseline -0.011 -16"><span class='ocrx_word' id='word_1_792' title='bbox 2036 5374 2276 5446; x_wconf 81' lang='lat' dir='ltr'><strong>Virginis</strong></span> <span class='ocrx_word' id='word_1_793' title='bbox 2317 5373 2384 5426; x_wconf 73' lang='lat'><strong>27</strong></span> <span class='ocrx_word' id='word_1_794' title='bbox 2443 5385 2615 5441; x_wconf 83' lang='lat' dir='ltr'><strong>usque</strong></span> <span class='ocrx_word' id='word_1_795' title='bbox 2659 5368 2726 5422; x_wconf 91' lang='lat' dir='ltr'><strong>ad</strong></span> <span class='ocrx_word' id='word_1_796' title='bbox 2762 5367 3001 5422; x_wconf 90' lang='lat' dir='ltr'><strong>medium</strong></span> <span class='ocrx_word' id='word_1_797' title='bbox 3046 5366 3079 5420; x_wconf 85' lang='lat'><strong>5</strong></span> <span class='ocrx_word' id='word_1_798' title='bbox 3117 5365 3444 5424; x_wconf 88' lang='lat' dir='ltr'><strong>Chelarum;</strong></span> <span class='ocrx_word' id='word_1_799' title='bbox 3485 5360 3603 5413; x_wconf 89' lang='lat' dir='ltr'><strong>cul-</strong></span> 
     </span>
    </p>
   </div>
   <div class='ocr_carea' id='block_1_113' title="bbox 2041 5448 3603 5524">
    <p class='ocr_par' dir='ltr' id='par_1_113' title="bbox 2041 5448 3603 5524">
     <span class='ocr_line' id='line_1_114' title="bbox 2041 5448 3603 5524; baseline -0.012 -4"><span class='ocrx_word' id='word_1_800' title='bbox 2041 5465 2212 5520; x_wconf 89' lang='lat' dir='ltr'><strong>minat</strong></span> <span class='ocrx_word' id='word_1_801' title='bbox 2243 5479 2274 5518; x_wconf 89' lang='lat' dir='ltr'><strong>a</strong></span> <span class='ocrx_word' id='word_1_802' title='bbox 2313 5461 2492 5518; x_wconf 90' lang='lat' dir='ltr'><strong>medio</strong></span> <span class='ocrx_word' id='word_1_803' title='bbox 2522 5460 2592 5514; x_wconf 74' lang='lat'><strong>27</strong></span> <span class='ocrx_word' id='word_1_804' title='bbox 2621 5459 2974 5515; x_wconf 87' lang='lat' dir='ltr'><strong>Geminorum</strong></span> <span class='ocrx_word' id='word_1_805' title='bbox 2996 5496 3012 5519; x_wconf 94' lang='lat'><strong>,</strong></span> <span class='ocrx_word' id='word_1_806' title='bbox 3059 5469 3236 5524; x_wconf 90' lang='lat' dir='ltr'><strong>usque</strong></span> <span class='ocrx_word' id='word_1_807' title='bbox 3283 5451 3350 5505; x_wconf 88' lang='lat' dir='ltr'><strong>ad</strong></span> <span class='ocrx_word' id='word_1_808' title='bbox 3403 5448 3603 5504; x_wconf 76' lang='lat' dir='ltr'><strong>Cancri</strong></span> 
     </span>
    </p>
   </div>
   <div class='ocr_carea' id='block_1_114' title="bbox 2037 5544 3610 5611">
    <p class='ocr_par' dir='ltr' id='par_1_114' title="bbox 2037 5544 3610 5611">
     <span class='ocr_line' id='line_1_115' title="bbox 2037 5544 3610 5611; baseline -0.01 0"><span class='ocrx_word' id='word_1_809' title='bbox 2037 5555 2278 5611; x_wconf 89' lang='lat' dir='ltr'><strong>medium</strong></span> <span class='ocrx_word' id='word_1_810' title='bbox 2331 5553 2385 5608; x_wconf 86' lang='lat'><strong>5.</strong></span> <span class='ocrx_word' id='word_1_811' title='bbox 2446 5551 2628 5605; x_wconf 87' lang='lat' dir='ltr'><strong>Prima</strong></span> <span class='ocrx_word' id='word_1_812' title='bbox 2678 5549 2904 5604; x_wconf 72' lang='lat' dir='ltr'><strong>Corona:</strong></span> <span class='ocrx_word' id='word_1_813' title='bbox 2948 5546 3107 5601; x_wconf 88' lang='lat' dir='ltr'><strong>stella</strong></span> <span class='ocrx_word' id='word_1_814' title='bbox 3155 5544 3332 5598; x_wconf 91' lang='lat' dir='ltr'><strong>oritur</strong></span> <span class='ocrx_word' id='word_1_815' title='bbox 3381 5557 3444 5597; x_wconf 77' lang='lat' dir='ltr'><strong>ea</strong></span> <span class='ocrx_word' id='word_1_816' title='bbox 3485 5555 3610 5610; x_wconf 72' lang='lat' dir='ltr'><strong>quae</strong></span> 
     </span>
    </p>
   </div>
   <div class='ocr_carea' id='block_1_115' title="bbox 2037 5634 3609 5720">
    <p class='ocr_par' dir='ltr' id='par_1_115' title="bbox 2037 5634 3609 5720">
     <span class='ocr_line' id='line_1_116' title="bbox 2037 5634 3609 5720; baseline -0.011 -15"><span class='ocrx_word' id='word_1_817' title='bbox 2037 5645 2535 5720; x_wconf 88' lang='lat' dir='ltr'><strong>splendidissimam</strong></span> <span class='ocrx_word' id='word_1_818' title='bbox 2582 5639 2873 5716; x_wconf 71' lang='lat' dir='ltr'><strong>praecedit,</strong></span> <span class='ocrx_word' id='word_1_819' title='bbox 2903 5639 3095 5696; x_wconf 90' lang='lat' dir='ltr'><strong>ultima</strong></span> <span class='ocrx_word' id='word_1_820' title='bbox 3139 5652 3292 5703; x_wconf 87' lang='lat' dir='ltr'><strong>vero,</strong></span> <span class='ocrx_word' id='word_1_821' title='bbox 3331 5634 3609 5692; x_wconf 88' lang='lat' dir='ltr'><strong>borealior</strong></span> 
     </span>
    </p>
   </div>
  </div>
