4130 6410
455 953 482 979 -’
543 949 654 1005 εὺυε
684 950 916 1020 pedibus
949 951 1069 1005 sitae
1096 960 1259 1018 sunt;
1293 953 1541 1023 proxime
1586 953 1780 1008 deinde
1812 954 2115 1019 stellarum,

455 1109 461 1114 ε
548 1057 671 1112 qua:
719 1045 866 1095 circa
922 1043 1178 1098 nebulam
1217 1042 1418 1099 Cancri
1476 1051 1627 1109 sunt,
1661 1044 1729 1100 ad
1779 1045 2116 1099 occidentem

551 380 690 437 1095
1530 377 1622 430 AD
1660 372 1926 431 EUSEB'II
1961 373 2356 432 CHRONICON
2394 373 2752 432 APPENDIX.
3647 375 3786 431 1096

543 512 738 557 earum
778 513 898 569 qua
937 512 966 551 a
1008 495 1449 568 splendidissima
1503 496 1772 552 orientem
1825 509 2020 551 versus
2064 501 2120 548 et

2223 495 2491 564 Drecpdvou
2516 495 2546 547 6
2579 494 2986 567 προηγούμενος
3012 489 3104 544 τοῦ
3131 488 3533 562 λαμπροτᾶτου,
3559 487 3786 559 ἔσχατος

547 587 724 643 'llrsas
758 587 1038 642 ret-edunt.
1068 586 1182 642 Sub
1198 588 1586 643 ortusinitium
1607 589 1882 643 culminat
1912 604 1974 642 ea
1997 603 2118 657 qua:

2223 588 2272 640 δὲ
2294 589 2323 640 6
2348 587 2680 658 βορειότερος
2709 588 2817 640 τῶν
2837 587 2913 649 ὼς
2942 586 3077 656 πρὸς
3105 584 3367 648 ἀνατολὰς
3396 583 3491 636 καὶ
3517 585 3786 653 Ἀρκτους

540 688 634 736 est
662 682 720 733 in
761 679 967 733 femore
995 679 1196 745 Canis;
1243 689 1516 750 postrema
1552 695 1705 742 vero,
1755 678 1954 743 lucida,
1997 693 2118 748 quae

2223 679 2485 748 κειμένων
2535 677 2630 730 τοῦ
2677 678 3076 750 λαμπροτάτου.
3132 677 3467 746 Μεσουρανεί
3506 675 3564 728 δὲ
3609 675 3786 746 ἀστὴρ

545 769 720 843 ιΗῩάτί
747 779 905 840 caput
931 771 1188 839 prmccdit
1221 788 1232 822 :
1269 786 1388 840 quae
1417 771 1636 841 quidem
1653 771 1850 824 Cancri
1879 782 1935 826 et
1967 770 2118 825 Ursa:

2223 769 2274 820 ἔν
2312 768 2410 837 μὲν
2445 769 2510 837 τῇ
2541 768 2679 837 ἀρχῇ
2713 767 2811 836 τῆς
2841 766 3099 835 ἀνατολῆς
3137 763 3230 816 τοῦ
3263 762 3436 825 Κυνὸς
3479 762 3509 813 6
3552 761 3646 814 ἐπὶ
3675 760 3785 813 τῶν

548 860 824 915 borealior
855 871 937 914 est
965 861 1196 914 duarum
1229 863 1534 927 stellarum,
1569 877 1690 931 qua:
1736 862 1789 915 in
1824 863 2116 916 anteriori-

2223 859 2426 930 ἰσχίων,
2473 858 2698 925 ἔσχατος
2735 858 2792 911 δὲ
2821 859 2850 910 6
2883 855 3288 928 προηγούμενος
3315 855 3413 925 τῆς
3450 853 3544 906 τοῦ
3582 852 3782 923 ’Υδρου

2217 951 2474 1022 κεφαλῆς,
2505 953 2534 1004 6
2565 952 2825 1021 ἐκφανὴς,
2865 952 2924 1013 ὃς
2969 952 3083 1002 ἐστι
3117 948 3209 1002 τοῦ
3256 946 3531 1025 Καρκίνου
3562 944 3657 998 καὶ
3687 944 3786 1014 τῆς

2221 1043 2456 1114 Ἀρκτου
2487 1045 2516 1096 6
2551 1041 2882 1112 βορειότερος
2909 1040 3018 1093 τῶν
3052 1043 3110 1093 ὲν
3136 1041 3248 1102 τοῖς
3276 1035 3626 1108 ἐμπροσθίοις
3657 1035 3787 1087 ποσὶ

542 1133 759 1202 positae.
821 1132 1012 1188 Oritur
1077 1133 1294 1190 Corona
1366 1137 1619 1208 partibus
1680 1137 1894 1192 duabus
1957 1136 2118 1192 unius

2223 1135 2310 1189 δύο
2337 1135 2580 1206 ἀστέρων
2609 1135 2653 1167 ⁸⁷
2673 1153 2684 1164 ·
2720 1133 2943 1203 ἔγγιστα
2985 1133 3042 1186 δὲ
3091 1132 3186 1186 καὶ
3228 1132 3335 1184 τῶν
3375 1131 3502 1201 περὶ
3533 1129 3593 1181 τὸ
3625 1127 3785 1197 νεφέ-

550 1225 720 1280 horae.
2217 1226 2328 1280 λιον
2350 1228 2444 1280 τοῦ
2470 1226 2743 1297 Καρκίνου
2772 1225 3036 1295 κειμένων
3062 1226 3110 1278 οί
3135 1223 3271 1294 πρὸς
3294 1222 3465 1275 δύσιν.
3485 1219 3786 1273 ’Δνατέλλει

2215 1318 2274 1372 δὲ
2300 1319 2328 1370 6
2363 1318 2630 1387 Στέφανος
2662 1318 2719 1370 ὲν
2751 1317 2870 1368 δυσὶ
2902 1316 3090 1386 μέρεσι
3128 1321 3175 1366 α’
3207 1313 3373 1384 ῶρας.

620 1424 842 1479 Oriente
859 1424 1172 1496 lngeniculo
1186 1425 1364 1478 oritur
1387 1441 1510 1480 cum
1539 1441 1605 1482 eo
1628 1427 1836 1481 zodiaci
1869 1443 2114 1492 segmen-

2289 1431 2395 1485 Τοῦ
2444 1431 2500 1484 δὲ
2551 1431 2637 1484 Ἐν
2681 1431 2898 1500 γόνασιν
2943 1425 3342 1489 ἀνατέλλοντος,
3408 1422 3784 1477 συνανατέλλει

541 1525 665 1571 tum
695 1517 842 1587 quod
876 1529 961 1571 est
1013 1533 1046 1572 a
1093 1527 1246 1588 parte
1292 1517 1360 1571 12
1414 1517 1656 1590 Virginis
1708 1518 1774 1572 ad
1828 1519 2119 1574 mediam8

2223 1524 2318 1594 μὲν
2349 1525 2378 1576 6
2408 1523 2668 1586 ζωδιακὸς
2699 1522 2806 1577 ἀπὸ
2836 1521 3107 1593 Παρθένου
3140 1520 3248 1590 μοί.
3283 1519 3349 1588 ιβ’
3377 1518 3480 1580 ἔως
3517 1515 3783 1587 Σκορπίου
3842 1562 3847 1567 .

545 1608 786 1678 Scorpii.
822 1609 1100 1664 Culminat
1143 1617 1324 1664 autem
1370 1624 1400 1662 a
1451 1611 1629 1664 media
1682 1610 1716 1665 8
1764 1608 2118 1665 Geminorum

2223 1616 2331 1686 μοί.
2371 1622 2420 1686 η’
2468 1598 2669 1686 μέσης·
2715 1616 3036 1684 μεσουρανεί
3077 1613 3134 1665 δὲ
3174 1612 3280 1664 ἀπὸ
3312 1610 3556 1680 Διδύμων
3602 1615 3652 1679 η’
3689 1608 3786 1678 μέ-

552 1719 724 1773 usque
753 1701 820 1755 ad
852 1700 1052 1756 Leonis
1083 1701 1313 1772 gradum
1346 1701 1414 1757 14
1444 1703 1632 1773 primae
1679 1702 1934 1756 oriuntur
1978 1711 2120 1758 aste-

2223 1727 2321 1782 σης
2367 1710 2472 1773 ἔως
2518 1709 2742 1772 Λέοντος
2795 1706 2854 1761 ιδ’
2891 1707 3000 1779 μοί.
3038 1706 3146 1759 Καὶ
3177 1705 3383 1791 πρῶτοι
3426 1703 3525 1772 μὲν
3554 1702 3784 1772 ἀστέρες

550 1795 705 1850 rismi
751 1794 916 1864 hujus
965 1794 1159 1858 ambae,
1190 1809 1424 1863 quarum
1479 1794 1650 1848 altera
1698 1805 1782 1849 est
1821 1793 1876 1848 in
1928 1794 2120 1848 dextro

2223 1801 2310 1854 τοῦ
2363 1802 2448 1854 Ἐν
2497 1800 2752 1869 γούνασιν
2803 1797 3204 1859 ἀνατέλλουσιν,
3253 1797 3282 1849 ὅ
3317 1813 3376 1848 τε
3413 1796 3470 1847 ὲν
3500 1793 3576 1864 τῷ
3624 1791 3785 1862 δεξιῷ

552 1885 708 1957 pede,
761 1887 930 1941 altera
966 1886 1020 1939 in
1063 1885 1257 1940 dextro
1287 1901 1462 1956 genu,
1512 1886 1730 1950 ultima,
1753 1902 1874 1956 quae
1923 1887 1976 1940 in
2021 1901 2118 1941 ex-

549 1990 723 2034 trema
741 1994 902 2033 manu
926 1979 1172 2035 sinistra.
1191 1977 1470 2033 Culminat
1485 1994 1548 2034 ex
1568 1979 1693 2035 aliis
1715 1979 1885 2034 stellis
1913 1979 2122 2034 oriente

550 2072 886 2142 lngeniculo,
919 2086 981 2128 ea
1033 2073 1270 2142 primum
1323 2087 1443 2142 quae
1479 2087 1546 2126 ex
1596 2081 1832 2141 quatuor
1859 2071 1924 2127 ad
1957 2073 2120 2142 pedes

541 2162 905 2218 Geminorum
947 2164 1070 2218 sitis
1103 2161 1346 2218 secunda
1378 2171 1464 2218 est
1494 2163 1563 2216 ab
1597 2163 1910 2229 occidente;
1938 2164 2122 2220 novis-

551 2256 692 2310 sima
723 2256 1015 2310 australior
1036 2255 1318 2310 ambarum
1343 2255 1396 2308 in
1427 2254 1632 2317 Leone,
1659 2271 1783 2325 quae
1805 2258 1950 2309 circa
1977 2257 2120 2310 lum-

551 2348 744 2403 borum
779 2347 1116 2418 splendidam
1150 2349 1340 2416 posita:
1373 2355 1522 2402 sunt.
1555 2346 1739 2400 Oritur
1772 2347 2120 2417 lngeniculus

549 2441 730 2509 spatio
760 2440 1019 2494 horarum
1054 2439 1109 2507 4,
1141 2439 1222 2493 36'
1245 2438 1378 2494 fere.

620 2638 734 2694 XX.
769 2637 906 2694 Cum
938 2637 1258 2708 Ophiuchus
1316 2637 1515 2699 oritur,
1561 2637 1767 2691 zodiaci
1818 2652 1979 2692 arcus
2029 2638 2121 2694 ille

551 2733 715 2788 simul
743 2731 1007 2795 ascendit,
1039 2731 1133 2800 qui
1162 2738 1246 2785 est
1274 2745 1302 2783 a
1336 2730 1406 2783 29
1436 2730 1728 2785 Chelarum
1760 2731 1824 2784 ad
1857 2731 1927 2784 25
1959 2731 2121 2784 Scor-

548 2824 647 2894 .pii.
673 2821 950 2876 Culminat
980 2836 1010 2874 a
1047 2820 1246 2876 Leonis
1275 2822 1307 2874 5
1329 2822 1499 2890 gradu
1538 2820 1605 2874 ad
1637 2820 1878 2892 Virginis
1908 2821 1974 2887 '5;
2008 2821 2120 2892 pri-

552 2930 654 2969 ma
670 2917 924 2968 oriuntur
943 2913 1090 2969 illius
1111 2913 1301 2976 stellae,
1321 2928 1443 2982 qua:
1461 2914 1515 2966 in
1537 2913 1760 2968 sinistra
1782 2928 1943 2966 manu
1962 2921 2116 2968 sunt:

547 3015 669 3059 tum
717 3021 838 3075 quae
892 3005 946 3059 in
1002 3005 1295 3074 Serpente;
1351 3013 1625 3074 postrema
1665 3006 1840 3059 oritur
1883 3006 2121 3061 secunda

553 3113 751 3153 versus
785 3112 1046 3153 occasum
1105 3112 1171 3152 ex
1203 3105 1460 3166 quatuor,
1505 3111 1628 3166 quae
1669 3103 1798 3152 sunt
1848 3097 1904 3151 in
1949 3099 2120 3168 ipsius

2222 1893 2342 1946 ποδὶ
2370 1892 2463 1946 καὶ
2488 1892 2516 1943 6
2549 1893 2605 1944 ὲν
2636 1889 2712 1960 τῷ
2733 1888 2888 1958 δεξιῷ
2921 1889 3126 1957 γόνατι,
3167 1887 3388 1956 ἔσχατος
3417 1884 3472 1936 δὲ
3501 1887 3529 1937 6
3559 1887 3617 1936 ὲν
3637 1883 3786 1954 ἄκρᾳ

2219 1988 2285 2057 τῇ
2314 1985 2577 2058 ἀριστερᾷ
2608 1983 2767 2054 χειρί.
2813 1982 3150 2052 Μεσουρανεῖ
3186 1979 3242 2031 δὲ
3279 1978 3385 2032 τῶν
3425 1975 3594 2030 ἄλλων
3628 1973 3787 2028 ἀστέ-

2222 2095 2354 2150 ρων,
2407 2077 2784 2138 ἀνατέλλοντος
2836 2073 2929 2127 τοῦ
2971 2074 3060 2126 Ἐν
3111 2070 3368 2140 γούνασι,
3420 2068 3633 2139 πρῶτος
3685 2066 3787 2137 μὲν

2218 2168 2326 2222 τῶν
2358 2169 2414 2222 ὲν
2440 2169 2550 2230 τοῖς
2577 2166 2700 2218 ποσὶ
2731 2163 2837 2216 τῶν
2863 2162 3107 2232 Διδύμων
3143 2161 3204 2225 6',
3231 2158 3522 2230 ὀδεύτερος
3557 2157 3664 2210 ἀπὸ
3689 2155 3784 2211 δύο

2220 2277 2376 2322 σεως,
2413 2259 2636 2330 ἔσχατος
2687 2257 2742 2310 δὲ
2787 2253 2881 2308 τοῦ
2928 2255 3151 2316 Λέοντος
3181 2255 3210 2307 6
3253 2250 3564 2320 νοτιὼτερος
3595 2248 3704 2302 τῶν
3739 2248 3784 2318 β’

2217 2351 2326 2402 τῶν
2359 2350 2485 2420 περὶ
2512 2348 2601 2401 τὸν
2627 2347 2877 2418 λαμπρὸν
2903 2346 2994 2398 τὸν
3020 2346 3111 2398 ἐπὶ
3149 2344 3246 2413 τῆς
3277 2340 3474 2410 ὀσφύος
3511 2339 3782 2409 κείμενον.

2233 2441 2529 2493 Ἀνατέλλει
2558 2439 2614 2492 δὲ
2650 2441 2679 2492 6
2719 2439 2808 2490 ‘Ev
2840 2438 3090 2506 γούνασιν
3145 2437 3202 2487 έν
3229 2433 3400 2505 ὥραις
3435 2433 3477 2486 δ’
3519 2432 3612 2485 καὶ
3634 2432 3786 2502 τρισὶ

2221 2550 2443 2604 πεμπτη
2452 2533 2658 2604 μορίοις
2688 2531 2763 2594 ὡς
2792 2531 3037 2599 ἔγγιστα.

2291 2649 2374 2702 Κ’.
2417 2647 2522 2700 Τοῦ
2574 2646 2631 2700 δὲ
2664 2644 2945 2715 ὀφιούχου
2979 2643 3374 2707 ἀνατέλλοντος,
3413 2639 3786 2694 συνανατέλλει

2227 2742 2328 2812 μὲν
2365 2743 2393 2792 6
2420 2737 2682 2802 ζωδιακὸς
2709 2735 2816 2790 ἀπὸ
2848 2735 3039 2806 Χηλῶν
3084 2735 3127 2788 θ’
3152 2735 3245 2787 καὶ
3272 2741 3319 2786 κ’
3345 2732 3451 2803 μοί.
3480 2731 3584 2791 ἔως
3616 2731 3787 2800 Σκορ-

2230 2832 2354 2882 πίου
2393 2828 2500 2899 μοί.
2533 2835 2650 2896 xy"
2707 2827 3027 2897 μεσουρανεί
3068 2823 3124 2877 δὲ
3172 2823 3278 2876 ἀπὸ
3319 2823 3543 2884 Λέοντος
3587 2826 3636 2889 γ’
3673 2821 3786 2890 μοί.

2221 2924 2324 2987 ἕως
2357 2921 2630 2992 Παρθένου
2671 2919 2736 2973 λ’.
2788 2920 2897 2971 Καὶ
2929 2917 3135 2989 πρῶτοι
3173 2917 3271 2988 μὲν
3303 2915 3528 2986 ἀστέρες
3559 2912 3788 2966 ἀνατέλ-

2221 3015 2366 3068 λουσα
2393 3012 2487 3065 τοῦ
2528 3010 2812 3082 Ὀφιούχου
2843 3011 2892 3062 οἱ
2939 3012 2995 3063 ἔν
3025 3012 3091 3080 τῇ
3136 3007 3401 3079 ἀριστερᾷ
3443 3005 3616 3076 χειρί·
3649 3002 3790 3056 ἀλλὰ

2227 3105 2331 3177 μὴν
2360 3105 2452 3158 καὶ
2479 3104 2528 3156 ol
2565 3103 2623 3156 ὲν
2655 3102 2732 3173 τῷ
2763 3105 2920 3171 Ὀφει
2955 3101 3192 3172 κείμενοι
3212 3118 3225 3132 ο
3255 3100 3478 3169 ἔσχατος
3514 3097 3570 3150 δὲ
3595 3097 3705 3149 τῶν
3728 3099 3789 3149 έν

543 3191 746 3246 dextro
779 3190 943 3260 pede;
971 3190 1237 3244 culminat
1261 3191 1410 3259 prior
1439 3189 1619 3243 lucida
1641 3205 1827 3244 earum
1853 3207 1973 3260 qua:
1994 3199 2120 3246 sunt

2223 3199 2297 3269 τῷ
2321 3195 2477 3266 δεξιῷ
2512 3195 2632 3248 ποδὶ
2673 3194 2836 3250 αὐτοῦ
2865 3195 2906 3248 6'
2943 3197 2972 3248 6
3003 3195 3046 3264 β’
3076 3195 3183 3247 ἀπὸ
3222 3193 3444 3254 δύσεως.
3503 3192 3790 3260 Μεσουρα-

553 3283 608 3336 in
642 3283 804 3345 collo,
847 3288 901 3334 et
929 3291 1151 3350 pectore
1171 3278 1391 3345 Leonis,
1423 3295 1544 3350 qua:
1574 3286 1660 3334 est
1689 3279 1757 3334 ad
1789 3282 2122 3350 septentrio-

553 3388 676 3427 nem
709 3370 970 3435 secunda,
1029 3369 1326 3439 novissima
1378 3385 1529 3434 vero,
1580 3387 1700 3440 quae
1730 3373 1785 3427 in
1817 3373 1994 3443 capite
2035 3381 2120 3430 est

544 3465 736 3519 Corvi.
765 3462 950 3518 Oritur
981 3461 1312 3532 Ophiuchus
1351 3461 1502 3516 horis
1532 3462 1764 3518 duabus.

623 3660 760 3715 Cum
798 3669 1072 3730 serpente,
1099 3677 1258 3731 quem
1281 3660 1612 3732 Ophiuchus
1634 3672 1802 3730 tenet,
1832 3667 2009 3721 oritur
2032 3684 2119 3723 ar-

554 3770 654 3808 cus
686 3754 893 3808 zodiaci
916 3754 984 3808 ab
1011 3754 1044 3808 8
1073 3763 1225 3823 parte
1252 3757 1542 3812 Chelarum
1567 3774 1738 3829 usque
1767 3762 1830 3812 ad
1855 3771 2062 3831 partem
2090 3765 2115 3818 1

552 3845 792 3898 mediam
845 3845 1143 3916 Sagittarii.
1173 3846 1452 3904 Culminat
1497 3851 1568 3905 ab
1609 3851 1643 3904 8
1693 3853 1868 3907 media
1923 3855 2121 3911 Cancri

552 3937 624 3988 ad
669 3936 907 4006 Virginis
953 3938 1040 3991 Η.
1075 3937 1258 3991 Prima
1290 3943 1570 4012 consurgit
1613 3945 1766 3998 stella
1811 3947 2121 4014 praeceden-

553 4029 693 4080 tium
720 4027 1010 4093 borealior,
1043 4044 1164 4098 qua:
1197 4031 1251 4084 in
1284 4031 1456 4101 ipsius
1488 4035 1665 4103 capite
1700 4046 1860 4101 sunt;
1907 4039 2117 4104 ultima,

551 4136 678 4190 qua-3
704 4129 786 4175 est
839 4121 894 4174 in
943 4130 1183 4176 extrema
1235 4123 1428 4178 cauda.
1463 4124 1739 4181 Culminat
1778 4130 1929 4200 prior
1967 4131 2122 4184 stella

555 4213 762 4275 lucida,
799 4228 920 4281 quae
962 4222 1044 4268 est
1073 4214 1128 4268 in
1155 4215 1496 4271 extremitate
1525 4217 1724 4290 Argus,
1760 4222 2121 4276 semicubitali

555 4306 738 4373 spatio
771 4305 995 4359 circi-ter
1021 4305 1236 4360 distans
1263 4322 1295 4360 a
1327 4309 1650 4376 meridiano,
1673 4321 1982 4381 postremus
2007 4315 2123 4368 cul-

557 4396 730 4449 minat
762 4394 1158 4461 Vindemiator,
1197 4404 1252 4451 et
1284 4398 1556 4454 borealior
1582 4401 1842 4458 humerus
1861 4403 2119 4474 Virginis,

557 4495 790 4556 utraque
836 4489 992 4543 stella
1043 4490 1352 4543 setuicubiti
1394 4489 1508 4544 fere
1563 4493 1848 4548 interval!o
1889 4494 2057 4550 distat
2091 4511 2152 4560 a3

553 4579 882 4632 meridiano.
914 4579 1102 4634 Oritur
1141 4596 1368 4650 serpens
1390 4580 1541 4636 horis
1558 4584 1592 4637 4
1619 4585 1740 4654 1/2.

621 4885 844 4939 Oriente
877 4883 1041 4955 Lyra,
1082 4899 1210 4938 cum
1264 4899 1328 4937 ea
1369 4884 1575 4938 zodiaci
1626 4901 1788 4941 arcus
1821 4887 2066 4942 ascendit
2093 4905 2122 4941 a
2197 4925 2204 4933 ι

556 4977 730 5046 gradu
765 4991 908 5028 nono
936 4975 1112 5028 medio
1149 4973 1359 5044 Scorpii
1410 4991 1585 5045 usque
1615 4978 1678 5030 ad
1727 4977 1826 5043 18;
1863 4979 2125 5033 culminat

558 5083 587 5121 a
648 5065 826 5120 medio
879 5066 945 5120 15
1003 5065 1200 5121 Leonis
1251 5083 1425 5135 usque
1470 5067 1537 5120 ad
1586 5067 1676 5122 26.
1714 5067 1893 5121 Prima
1952 5074 2123 5124 oriatur

555 5157 714 5227 Lyrae
736 5156 913 5218 stella,
944 5171 1066 5226 quae
1113 5171 1143 5209 a
1186 5157 1557 5225 septentrione
1603 5157 1815 5226 adjacet
1851 5159 2125 5215 lucidissi-

563 5267 689 5317 maa;
726 5251 916 5305 ultima
944 5265 1095 5312 vero,
1129 5250 1195 5304 de
1233 5251 1448 5305 duabus
1491 5251 1710 5315 lucidis,
1747 5267 1869 5320 quae
1904 5252 1960 5304 in
2001 5253 2123 5321 ejus

553 5344 687 5413 jugo
718 5353 874 5406 sunt,
909 5358 1030 5412 qua:
1058 5350 1142 5397 est
1195 5341 1262 5395 ad
1316 5342 1602 5397 orientem.
1651 5340 1811 5397 Prior
1860 5344 2126 5399 culminat

559 5433 820 5487 australis
856 5431 1263 5503 splendidarum
1313 5431 1543 5486 duarum
1602 5432 1656 5486 in
1687 5433 1874 5487 lumbo
1901 5432 2120 5499 Leonis,

553 5525 773 5584 ultima,
797 5540 918 5594 qum
940 5525 993 5578 in
1019 5523 1192 5578 cauda
1229 5522 1426 5578 Leonis
1447 5531 1532 5579 est
1583 5524 1764 5579 lucida
1792 5544 1806 5580 :
1833 5533 1887 5579 et
1920 5542 2041 5596 quae
2066 5527 2120 5582 in

554 5624 803 5669 extrema
853 5616 1078 5670 sinistra
1117 5614 1357 5686 Virginis
1387 5615 1472 5670 ala
1520 5618 1896 5675 semicubitale
1954 5621 2124 5676 inter-

628 5793 767 5862 "Tp.
797 5794 1145 5866 ἐμπροσθίοις
1178 5794 1326 5848 δυσὶν
1363 5793 1623 5864 ἀστρασιν

2223 3294 2305 3346 νεῖ
2334 3291 2390 3344 δὲ
2413 3291 2589 3362 ἀστὴρ
2623 3295 2669 3343 α’
2703 3288 2800 3357 μὲν
2841 3289 2870 3340 6
2903 3286 3011 3340 τῶν
3044 3288 3102 3341 ὲν
3135 3285 3214 3356 τῷ
3239 3283 3490 3355 τραχήλῳ
3528 3283 3622 3335 καὶ
3653 3283 3787 3352 στή-

2221 3383 2304 3436 θει
2330 3383 2422 3436 τοῦ
2450 3383 2672 3445 Λέοντος
2716 3379 2964 3450 λαμπρὸς
2995 3379 3024 3430 6
3052 3378 3095 3448 β’
3140 3378 3233 3431 ἀπ’
3266 3379 3520 3448 Ἄρκτου,
3557 3375 3786 3445 ἔσχατος

2219 3473 2277 3527 δὲ
2324 3475 2353 3525 6
2407 3475 2464 3525 ὲν
2505 3475 2569 3542 τῇ
2601 3469 2808 3541 κεφαλῇ
2857 3469 2951 3522 τοῦ
2991 3470 3261 3540 Κόρακος.
3302 3467 3603 3520 Ἀνατέλλει
3653 3467 3711 3519 δὲ
3757 3469 3789 3520 6

2233 3564 2511 3635 Ὀφιοῦχος
2531 3566 2590 3616 ὲν
2619 3563 2790 3634 ὥραις
2813 3562 2840 3617 6
2862 3561 2952 3614 ισί.

2291 3677 2398 3731 Τοῦ
2427 3677 2486 3730 δὲ
2520 3678 2751 3746 Ὄφεως,
2785 3674 2843 3728 ὃν
2872 3675 2983 3745 ἔχει
3002 3677 3030 3728 6
3057 3673 3354 3744 Ὀφιοῦχος,
3384 3671 3786 3736 ἀνατέλλοντος,

2224 3768 2599 3823 συνανατέλλει
2648 3768 2744 3839 μὲν
2777 3768 2924 3838 αὐτῷ
2955 3771 2982 3821 6
3009 3766 3268 3830 ζωδιακὸς
3297 3765 3408 3819 ἀπὸ
3446 3764 3639 3834 Χηλῶν
3672 3764 3784 3834 μοί.

2221 3869 2269 3933 η’
2293 3862 2397 3924 ἔως
2429 3859 2657 3924 Τοξότου
2691 3862 2798 3930 μοί.
2835 3867 2882 3912 α’
2918 3859 3088 3930 μέσης
3116 3875 3128 3884 ·
3163 3860 3488 3928 μεσουρανεῖ
3521 3858 3577 3910 δὲ
3614 3858 3643 3909 6
3674 3856 3788 3910 ἀπὸ

2222 3949 2496 4022 Καρκίνου
2539 3955 2587 4018 η’
2634 3949 2808 4018 μέσης
2855 3948 2958 4010 ἔως
3003 3946 3280 4017 Παρθένου
3331 3945 3408 3996 ιδ’.
3452 3944 3560 3996 Καὶ
3603 3950 3649 3994 α’
3688 3944 3789 4012 μὲν

2223 4041 2395 4111 ἀστὴρ
2426 4039 2702 4092 ἀνατέλλει
2731 4039 2835 4092 τῶν
2863 4043 2919 4091 ἐν
2943 4042 3008 4109 τῇ
3040 4038 3245 4107 κεφαλῇ
3275 4038 3434 4090 αὑτοῦ
3463 4039 3490 4090 6
3520 4036 3790 4106 βορκότε-

2225 4143 2316 4201 ρος
2348 4130 2453 4182 τῶν
2489 4129 2824 4200 ἡγουμένων.
2859 4129 3080 4199 ἔσχατος
3108 4129 3162 4180 δὲ
3205 4131 3231 4181 ὀ
3263 4130 3322 4179 ἐν
3362 4129 3504 4198 ἄκρᾳ
3537 4130 3601 4196 τῇ
3625 4127 3786 4198 οὐρᾷ.

2223 4224 2560 4294 Μεσουρανεί
2587 4223 2656 4292 ιδὲ
2701 4224 2874 4293 ἀστὴρ
2907 4229 2952 4274 a'
2996 4223 3093 4292 μὲν
3128 4223 3183 4273 ἐν
3217 4221 3293 4290 τῷ
3322 4220 3653 4290 ἀκροστολίῳ
3681 4220 3788 4289 τῆς

2235 4314 2461 4385 Ἀργοῦς
2517 4313 2795 4385 λαμπρὸς,
2855 4313 2928 4376 ὡς
2994 4313 3292 4383 ήμιπήχιον
3355 4311 3789 4380 ἀπολειπόμενος

2223 4405 2318 4457 τοῦ
2361 4404 2750 4476 μεσημϐρινοῦ,
2771 4405 2990 4474 ἔσχατος
3021 4403 3076 4456 δὲ
3106 4405 3133 4455 6
3164 4420 3221 4455 τε
3251 4403 3659 4474 Προτρυγητὴρ,
3692 4403 3789 4456 καὶ

2222 4499 2251 4549 6
2289 4495 2618 4567 βορειότερος
2642 4489 2787 4565 ὦμος
2812 4495 2911 4562 τῆς
2936 4493 3230 4564 Παρθένου,
3262 4493 3335 4555 ὡς
3373 4495 3636 4562 πηχυαῖον
3672 4491 3790 4545 διὰ-

2226 4607 2404 4660 στημα
2451 4588 2544 4641 τοῦ
2594 4585 2961 4658 μεσημϐρινοῦ
3019 4584 3472 4654 ὑπολελειμμένος
3527 4583 3789 4652 ἔκάτερος

2221 4682 2421 4734 αὐτῶν.
2474 4680 2773 4733 Ἀνατέλλει
2807 4679 2862 4730 δὲ
2913 4679 2941 4729 6
2981 4679 3138 4744 Ὄφις
3197 4677 3253 4727 ἐν
3296 4676 3464 4746 ὥραις
3497 4676 3536 4728 δ’
3590 4677 3684 4729 καὶ
3724 4678 3791 4747 ὴν

2226 4772 2455 4842 μιωρίῳ.

2294 4884 2402 4954 Τῆς
2449 4883 2505 4936 δὲ
2556 4883 2738 4953 Δύρας
2785 4883 3210 4952 ἀνατελλούσης,
3263 4881 3636 4936 συνανατέλλει
3684 4881 3790 4951 μὲν

2223 4977 2359 5046 αὐτῇ
2401 4977 2430 5026 6
2462 4975 2722 5040 ζωδιακὸς
2765 4973 2874 5028 ἀπὸ
2915 4976 3178 5046 Σκορπίου
3224 4976 3330 5044 μοί.
3380 4975 3421 5026 θ’
3467 4974 3638 5042 μέσης
3681 4972 3792 5036 ἔως

2225 5068 2491 5139 Σκορπίου
2528 5066 2629 5138 ιη’·
2680 5070 2997 5137 μεσουρανεί
3035 5067 3094 5121 δὲ
3121 5067 3231 5120 ἀπὸ
3278 5067 3504 5127 Λέοντος
3558 5065 3670 5135 μοί.
3726 5072 3791 5133 ιγ’

2227 5158 2398 5228 μέσης
2426 5159 2530 5220 ἕως
2555 5159 2782 5221 Λέοντος
2829 5158 2936 5228 μοί.
2971 5164 3020 5221 ς’
3061 5157 3153 5210 καὶ
3182 5164 3249 5209 κ’.
3282 5157 3390 5208 Καὶ
3431 5155 3644 5225 πρῶτος
3690 5158 3793 5225 μὲν

2225 5247 2398 5318 ἀστὴρ
2436 5248 2712 5300 ἀνατέλλει
2744 5249 2842 5318 τῆς
2871 5247 3052 5318 Δύρας
3081 5247 3108 5298 6
3144 5247 3236 5299 ἀπ’
3270 5245 3485 5318 ἄρκτων
3526 5245 3797 5315 παρακεί-

2229 5357 2385 5410 μενος
2419 5339 2494 5410 τῷ
2523 5341 2904 5411 λαμπροτάτῳ,
2935 5341 3157 5409 ἔσχατος
3189 5338 3246 5391 δὲ
3279 5341 3306 5390 6
3340 5338 3475 5408 πρὸς
3521 5335 3819 5398 ἀνατολὰς·

2223 5432 2330 5486 τῶν
2373 5435 2429 5485 ὲν
2469 5431 2546 5503 τῷ
2580 5432 2864 5503 ζυγώματι
2901 5431 3068 5501 αὐτῆς
3104 5429 3147 5501 β’
3175 5429 3462 5501 λαμπρῶν.
3507 5430 3798 5498 Μεσουρα-

2225 5529 2306 5580 νεῖ
2338 5525 2395 5578 δὲ
2425 5525 2602 5596 ἀστὴρ
2647 5531 2692 5576 α’
2739 5523 2835 5594 μὲν
2870 5521 2962 5576 τοῦ
2990 5522 3215 5583 Λέοντος
3245 5522 3275 5574 6
3322 5519 3637 5590 νοτιὼτερος
3683 5517 3796 5571 τῶν

2228 5620 2271 5689 β’
2319 5619 2427 5673 τῶν
2475 5620 2568 5672 ἐπὶ
2611 5619 2710 5689 τῆς
2757 5615 2953 5686 ὀσφύος
2996 5613 3284 5686 λαμπρῶν,
3315 5613 3541 5684 ἔσχατος
3567 5611 3624 5665 δὲ
3657 5612 3687 5664 6
3739 5613 3800 5663 ὲν
