4130 6410
343 436 474 487 109Ἱ

1297 421 1663 479 lllPPARCHl
1700 421 1791 477 AD
1823 420 2265 478 PIIENOMENA
2301 421 2428 478 LIB.
2454 420 2518 477 ll.

3429 423 3568 481 109-8

338 547 484 616 ᾶκρᾴ
515 545 581 614 τῇ
627 541 764 613 οὐρᾷ
802 542 895 596 τοῦ
925 541 1150 608 Λέοντος
1193 543 1463 616 λαμπρὸς,
1498 545 1592 597 καὶ
1619 546 1648 598 6
1677 547 1734 598 6v
1765 544 1908 617 ἄκρα

2019 544 2218 598 stitium
2280 542 2486 598 habens
2535 557 2565 595 a
2616 540 2935 599 meridiano.
2976 539 3167 597 Oritur
3207 539 3352 615 Lyra
3391 553 3572 614 spatio

338 638 404 706 τῇ
434 635 699 707 ἀριστερᾷ
727 633 961 705 πτέρυγι
1004 635 1102 706 τῆς
1147 635 1447 708 Παρθένου,
1490 636 1566 698 ὡς
1611 637 1907 708 ἡμιπηχιον

338 725 764 795 ὑπολειπόμενος
813 724 906 779 τοῦ
965 726 1356 798 μεσημϐρινοῦ.
1426 726 1728 780 Ἀνατέλλει
1773 727 1830 780 δὲ
1875 729 1910 799 ἡ

337 816 492 888 Λύρα
521 817 578 868 6v
605 814 646 867 δ’
678 817 1118 888 πεμπτημορίοις
1147 823 1195 869 α’
1225 816 1394 890 ὥρας.

411 903 516 959 Τοῦ
565 905 625 958 δὲ
674 905 923 976 Ὄρνιθος
964 906 1361 973 ἀνατέλλοντος,
1398 907 1772 962 συνανατέλλει
1813 909 1910 978 μὲν

338 997 370 1049 6
406 993 666 1059 ζωδιακὸς
703 994 811 1048 ἀπὸ
858 995 1052 1067 Χηλῶν
1102 996 1146 1061 ζ’
1194 997 1288 1051 καὶ
1336 1004 1383 1051 κ’
1415 998 1524 1068 μοί.
1585 999 1754 1070 μέσης
1806 999 1909 1062 ἕως

339 1087 435 1141 τοῦ
470 1087 698 1154 Τοξότου
734 1089 777 1158 β’
800 1090 894 1143 καὶ
925 1089 994 1142 κ”
1029 1093 1352 1161 μεσουρανεί
1377 1091 1433 1144 66
1471 1091 1578 1144 ἀπὸ
1607 1092 1703 1162 τῆς
1734 1091 1908 1162 ἀρχῆς

341 1177 434 1232 τοῦ
467 1179 692 1243 Λέοντος
719 1179 824 1242 ἕως
861 1179 1054 1250 Χηλῶν
1105 1187 1134 1233 ι’
1187 1181 1296 1251 μοί.
1352 1179 1541 1252 μέσης.
1577 1181 1686 1232 Καὶ
1726 1186 1775 1234 α’
1810 1181 1908 1251 μὲν

337 1270 514 1342 ἀστὴρ
547 1271 824 1325 ἀνατέλλει
866 1273 895 1324 6
923 1271 1259 1342 βορειότατος
1283 1272 1391 1325 τῶν
1421 1273 1478 1325 6v
1510 1274 1576 1342 τῇ
1603 1271 1751 1342 δεξιᾷ
1779 1272 1908 1324 πτέ-

340 1377 466 1432 ρυγι
494 1362 560 1416 ⁸³.
595 1363 937 1432 Μεσουρανεῖ
967 1361 1024 1414 δὲ
1052 1363 1227 1433 ἀστὴρ
1263 1369 1312 1417 α’
1349 1363 1447 1434 μὲν
1471 1363 1500 1414 6
1531 1364 1587 1416 6v
1613 1365 1679 1434 τῇ
1713 1363 1908 1433 καρδίᾳ

338 1454 433 1508 τοῦ
463 1455 688 1518 Λέοντος
719 1453 989 1526 λαμπρός,
1033 1453 1258 1524 ἔσχατος
1282 1453 1338 1506 δὲ
1399 1451 1494 1507 τοῦ
1537 1453 1848 1524 Κενταύρου
1879 1454 1908 1506 6

338 1545 652 1616 νοτιώτερος
680 1545 786 1598 τῶν
817 1545 922 1597 ὑπὸ
948 1545 1040 1598 τὸν
1071 1543 1242 1609 δεξιὸν
1270 1538 1440 1614 ὦμον,
1464 1546 1558 1598 καὶ
1583 1545 1614 1596 6
1662 1543 1910 1616 Ἀρκτοῦ-

2012 639 2158 693 hora:
2186 639 2242 704 0,
2269 637 2373 693 48'.

2081 903 2216 958 Cum
2249 902 2434 974 Cygno
2465 900 2720 957 zodiacus
2746 901 2923 957 oritur
2948 918 2979 957 a
3005 910 3158 973 parte
3181 902 3472 960 Chelarum
3500 903 3572 959 27

2013 997 2210 1060 media,
2258 1009 2432 1064 usque
2461 992 2528 1047 ad
2573 992 2851 1062 Sagittarii
2882 993 2991 1062 22;
3023 995 3287 1050 culminat
3323 995 3392 1050 ab
3417 995 3574 1052 initio

2014 1087 2230 1150 Leonis,
2260 1086 2327 1140 ad
2351 1085 2581 1140 mediam
2614 1085 2681 1140 10
2706 1084 3015 1143 Chelarum.
3051 1085 3238 1144 Oritur
3262 1089 3573 1158 prima,bo-

2011 1181 2210 1236 realior
2246 1177 2404 1248 129
2439 1193 2646 1241 earum,
2670 1194 2792 1248 quas
2836 1187 2964 1235 sunt
2994 1179 3050 1234 in
3079 1179 3164 1233 ala
3193 1179 3405 1237 dextra.
3439 1179 3573 1236 Cul-

2013 1261 2184 1324 minat
2226 1271 2377 1340 prior
2409 1267 2558 1321 clara
2616 1268 2670 1321 in
2697 1267 2863 1323 corde
2893 1268 3121 1336 Leonis;
3149 1277 3423 1340 postrema
3445 1286 3575 1327 vero

2012 1361 2304 1416 australior
2347 1375 2576 1424 earum,
2628 1375 2748 1430 quae
2795 1361 2898 1417 sub
2947 1360 3141 1416 dextro
3189 1371 3320 1417 sunt
3346 1361 3576 1417 humero

2013 1452 2304 1518 Centauri;
2352 1468 2453 1507 nec
2485 1467 2592 1506 non
2637 1453 2905 1508 Arcturus
2945 1451 3275 1508 semicubito
3301 1453 3516 1510 distans
3543 1469 3576 1508 a

2015 1544 2336 1600 meridiano.
2367 1542 2556 1598 Oritur
2583 1544 2800 1614 Cygnus
2828 1544 2977 1599 horis
3007 1545 3064 1608 4,
3083 1543 3184 1599 24'.

342 1654 452 1707 ρος,
498 1607 573 1700 ὡς
626 1607 925 1706 ⁴ίιμιπήχιον
999 1607 1424 1706 ὑπολειπόμενος
1461 1634 1556 1688 τοῦ
1607 1607 2002 1706 μεσημϐρινοῦ.
2050 1631 2352 1687 Ἀνατέλλει
2419 1632 2477 1686 δὲ
2513 1633 2572 1686 6v
2628 1607 2807 1704 'épat;
2847 1633 2888 1686 6'
2916 1633 3012 1688 καὶ
3051 1607 3190 1688 δυσὶ
3251 1607 3586 1708 πεμπτημοέ

341 1733 497 1803 ρίοις.

409 1826 538 1878 KA'.
571 1822 677 1877 Τοῦ
705 1823 763 1876 δὲ
785 1823 1017 1894 Κηφέως
1043 1823 1178 1895 μόνα
1201 1823 1270 1876 τά
1291 1822 1426 1893 πρὸς
1445 1824 1510 1892 τῇ
1534 1820 1744 1891 κεφαλῇ
1769 1819 1910 1890 μέρη

2081 1813 2220 1867 XXI.
2250 1813 2453 1884 Cephei
2485 1823 2669 1884 partes
2709 1812 2963 1868 oriuntur
2994 1828 3071 1868 ea;
3099 1814 3275 1870 solum
3295 1831 3417 1886 quae
3448 1826 3578 1874 sunt

339 1915 643 1972 ἀνατέλλει.
694 1915 1079 1970 Συνανατέλλει
1117 1915 1175 1968 δὲ
1219 1915 1368 1986 αύτῷ
1413 1916 1443 1967 6
1489 1912 1751 1978 ζωδιακὸς
1801 1910 1913 1965 ἀπὸ

342 2006 610 2079 Σκορπίου
648 2006 757 2078 μοί.
808 2004 852 2072 ζ’
891 2006 984 2060 καὶ
1025 2013 1072 2059 κ’
1105 2005 1275 2077 μέσης
1310 2005 1414 2069 ’ἐως
1451 2003 1545 2057 τοῦ
1590 2002 1818 2068 Τοξότου
1859 2007 1912 2065 ς’

347 2099 550 2170 μέσης·
599 2100 919 2169 μεσουρανεί
956 2096 1012 2150 δὲ
1060 2096 1167 2150 ἀπὸ
1203 2095 1480 2167 Παρθένου
1522 2093 1631 2165 μοί.
1671 2093 1714 2146 θ’
1747 2091 1916 2162 μέσης

340 2189 447 2251 ἕως
478 2187 758 2258 Παρθένου
783 2193 834 2239 α’
858 2187 952 2240 καὶ
976 2193 1044 2240 κ’.
1082 2187 1138 2237 A'
1171 2185 1228 2237 66
1264 2185 1440 2256 ἀστὴρ
1469 2185 1791 2254 μεσουρανεῖ
1820 2180 1914 2234 τοῦ

341 2281 592 2351 Κόρακος
622 2280 652 2331 6
691 2281 749 2332 6v
773 2281 838 2350 τῇ
887 2279 1023 2349 ούρᾷ
1047 2277 1316 2350 λαμπρὸς,
1351 2277 1425 2340 ὠς
1463 2277 1758 2347 ήμιπήχιον
1785 2276 1916 2328 ὑπο-

342 2368 663 2438 λειπόμενος
694 2367 788 2420 τοῦ
814 2366 1210 2438 μεσημϐρινοῦ,
1237 2366 1466 2436 ἔσχατος
1494 2365 1551 2419 δὲ
1574 2367 1602 2418 6
1632 2365 1917 2436 ἀριστερὸς

345 2460 530 2529 ἀγκὼν
562 2461 662 2532 τῆς
692 2462 969 2532 Παρθένου
997 2503 1013 2527 ,
1057 2462 1133 2526 ὠς
1173 2463 1471 2532 ήμιπήχιον
1512 2460 1916 2532 προηγούμενος

344 2554 438 2608 τοῦ
472 2553 863 2626 μεσημϐρινοῦ.
913 2553 1214 2608 Ἀνατέλλει
1244 2553 1302 2606 66
1329 2553 1358 2604 6
1386 2553 1607 2623 Κηφεὺς
1646 2552 1705 2606 ὲν
1745 2557 1793 2619 γ’
1827 2549 1918 2619 ἐγ-

344 2661 507 2714 γιστα
539 2647 974 2717 πεμπτημορίοις
999 2645 1149 2716 ὥρας
1175 2651 1245 2698 α’.

414 2737 530 2806 Τῆς
561 2736 619 2790 66
665 2735 1034 2799 Κασσιεπείας
1077 2734 1493 2805 ἀνατελλούσης,
1539 2733 1916 2789 συνανατέλλει

347 2827 445 2899 μὲν
460 2829 488 2880 6
505 2825 768 2892 ζωδιακὸς
798 2827 906 2882 ἀπὸ
927 2827 1021 2880 τοῦ
1038 2826 1264 2893 Τοξότου
1299 2825 1344 2896 β’
1367 2827 1462 2880 καὶ
1485 2832 1532 2880 κ’
1562 2826 1674 2897 μοί.
1701 2825 1807 2889 ἓως
1826 2825 1918 2879 Αι-

343 2917 656 2990 γόκερω.ιβ’
677 2937 691 2952 ·
731 2922 1056 2991 μεσουρανεῖ
1084 2919 1140 2972 δὲ
1182 2920 1288 2972 ἀπὸ
1321 2918 1513 2991 Χηλῶν
1563 2919 1672 2990 μοί.
1713 2926 1780 2972 ια’
1811 2919 1917 2982 ἕως

345 3009 616 3080 Σκορπίου
639 3017 688 3078 γ’
718 3011 908 3081 μέσης.
937 3011 1044 3064 Καὶ
1081 3017 1128 3064 α’
1162 3011 1260 3080 μὲν
1293 3011 1468 3082 ἀστὴρ
1496 3010 1775 3065 ἀνατέλλει
1803 3012 1831 3063 6
1857 3011 1916 3064 6v

343 3101 423 3172 τῷ
457 3102 630 3175 θρόνῳ
653 3104 824 3174 αὐτῆς
851 3103 1120 3175 λαμπρὸς,
1147 3103 1370 3175 ἔσχατος
1388 3103 1444 3157 δὲ
1463 3106 1491 3158 6
1509 3105 1567 3157 6v
1588 3106 1653 3174 τῇ
1683 3103 1911 3174 κεφαλῇ.

2015 1907 2084 1963 ad
2103 1915 2285 1978 caput.
2307 1904 2561 1960 Cooritur
2590 1905 2847 1960 zodiacus
2866 1919 2896 1958 a
2923 1904 2995 1959 27
3021 1905 3199 1961 media
3229 1915 3384 1978 parte
3412 1907 3578 1964 Scor-

2015 2003 2088 2074 pii
2120 2002 2186 2056 ad
2215 2001 2447 2055 mediam
2472 1998 2505 2054 6
2527 1997 2838 2070 Sagittarii;
2861 1999 3124 2056 culminat
3149 2015 3180 2055 a
3207 2001 3383 2058 media
3409 2001 3443 2058 9
3466 2002 3581 2058 Vir-

2017 2092 2162 2164 ginis
2192 2092 2259 2145 ad
2289 2090 2536 2160 ejusdem
2565 2089 2657 2145 2t.
2694 2089 2852 2144 Prior
2879 2097 3061 2146 autem
3093 2092 3357 2148 culminat
3377 2109 3498 2164 qua:
3520 2096 3580 2152 in

2015 2183 2190 2238 cauda
2219 2191 2304 2238 est
2331 2182 2494 2237 Corvi
2520 2182 2722 2250 lucida,
2754 2185 2911 2253 quasi
2947 2185 3273 2240 semirubito
3299 2185 3512 2244 distans
3547 2203 3582 2244 a

2016 2275 2360 2338 meridiano;
2389 2275 2600 2338 ultima,
2634 2275 2854 2330 sinister
2883 2274 3122 2345 Virginis
3169 2277 3390 2333 cubitus
3412 2317 3428 2343 ,
3457 2286 3582 2334 tan-

2016 2363 2256 2420 tumdem
2301 2364 2664 2419 meridianum
2718 2365 3064 2422 antecedens.
3100 2364 3288 2422 Oritur
3331 2367 3581 2440 Cepheus

2017 2451 2151 2508 hora
2185 2455 2576 2526 propemodum
2600 2455 2654 2520 0,
2685 2454 2788 2509 56'.

2085 2710 2429 2766 Ascendente
2471 2710 2763 2782 Cassiepea
2811 2709 3069 2768 zodiacus
3114 2711 3291 2766 oritur
3333 2727 3364 2767 α
3409 2715 3582 2787 gradu

2014 2802 2087 2858 22
2135 2802 2414 2874 Sagittarii
2453 2803 2519 2857 ad
2561 2804 2881 2874 Capricorni
2925 2805 3027 2872 t2;
3059 2805 3322 2860 culminat
3363 2821 3394 2860 a
3427 2816 3582 2877 parte

2016 2894 2307 2957 Chelarum
2343 2895 2404 2948 ll
2437 2896 2505 2949 ad
2527 2895 2562 2949 5
2593 2895 2823 2950 mediam
2851 2893 3082 2966 Scorpii.
3111 2893 3267 2952 Prior
3290 2897 3465 2954 oritur
3492 2899 3580 2954 lu-

2017 2986 2141 3041 eida
2181 2987 2236 3042 in
2293 2986 2439 3042 illius
2470 2987 2706 3053 throno;
2736 2988 2946 3053 ultima,
2995 3004 3116 3060 qua:
3159 3000 3244 3047 est
3290 2991 3346 3046 in
3381 2992 3580 3062 capite.

2016 3077 2201 3134 Prima
2249 3079 2514 3134 culminat
2557 3081 2849 3136 australior
2892 3097 3116 3150 earum,
3151 3097 3273 3155 quae
3305 3091 3433 3140 sunt
3479 3084 3583 3140 sub

335 3169 682 3266 Μεσοῦρανεῖ
712 3169 977 3267 δὲ’ἀστηρ
1002 3169 1048 3248 α’
1080 3195 1178 3266 μὲν
1204 3169 1297 3249 τοῦ
1328 3169 1653 3266 Κενταύρού-
1670 3197 1698 3248 6
1725 3169 1912 3248 νοτιῶ-

2019 3169 2210 3224 dextro
2269 3169 2498 3225 humero
2529 3170 2821 3237 Centauri,
2866 3187 2991 3228 cum
3044 3173 3312 3242 Arcturo;
3367 3173 3582 3238 ultima,

345 3294 504 3356 τερος
538 3285 644 3340 τῶν
684 3287 788 3340 ὑπὸ
819 3285 910 3338 τὸν
947 3286 1118 3352 δεξιὸν
1155 3281 1325 3357 ὦμον,
1364 3288 1457 3340 καὶ
1493 3289 1522 3340 6
1566 3286 1911 3358 Ἀρκτοῦρος,

346 3376 571 3446 ἔσχατος
595 3377 654 3430 δὲ
685 3378 714 3429 6
737 3377 900 3447 μέσος
926 3378 1034 3430 τῶν
1059 3379 1116 3431 ὲν
1143 3378 1220 3448 τῷ
1252 3379 1490 3449 μετώπῳ
1507 3377 1600 3430 τοῦ
1623 3378 1912 3449 Σκορπίου,

345 3467 442 3519 καὶ
477 3467 571 3522 τοῦ
599 3468 870 3538 Στεφάνου
911 3471 940 3521 6
971 3466 1270 3540 ἡγούμενος
1301 3467 1394 3520 τοῦ
1437 3465 1710 3538 λαμπροῦ.
1760 3469 1914 3521 Ἀνα-

293 3623 297 3626 _
343 3559 520 3613 τέλλει
548 3559 604 3614 δὲ
631 3562 664 3630 ἡ
701 3560 1040 3617 Κασσιέπεια
1066 3563 1124 3615 6v
1148 3559 1267 3632 ὥρᾳ
1296 3566 1342 3612 α’
1373 3559 1467 3612 καὶ
1489 3566 1536 3628 γ’
1563 3559 1737 3631 μέρει.

417 3651 531 3719 Τῆς
568 3651 624 3704 δὲ
680 3650 1034 3724 Ἀνδρομέδας
1074 3650 1488 3722 ἀνατελλούσης,
1537 3649 1916 3705 συνανατέλλει

336 3742 447 3811 ’μὲν
469 3743 603 3813 αὐτῇ
631 3745 660 3798 6
684 3743 941 3807 ζωδιακὸς
961 3743 1070 3796 ἀπὸ
1087 3743 1368 3813 Αίγόκερω
1390 3748 1449 3795 ιε’
1473 3741 1581 3812 μοί.
1605 3742 1707 3806 ἕως
1734 3741 1919 3813 Ὑδρο-

347 3832 472 3901 χόου
503 3831 610 3903 μοί.
638 3830 678 3884 δ’
699 3833 793 3886 καὶ⁵
815 3838 864 3886 κ’
888 3832 1075 3904 μέσης
1106 3833 1428 3903 μεσουρανεϊ
1448 3831 1504 3884 66
1523 3831 1630 3884 ἀπὸ
1651 3829 1917 3899 Σκορπίου

350 3931 404 3988 ς’
434 3927 603 3993 μέσης
631 3923 734 3988 ἕως
763 3925 989 3990 Τοξότου
1033 3924 1081 3993 η’
1113 3922 1304 3994 μέσης.
1342 3923 1450 3975 Καὶ
1478 3929 1524 3974 α’
1561 3923 1657 3992 μὲν
1685 3922 1714 3973 6
1741 3920 1918 3990 ἀστὴρ

349 4013 628 4066 ἀνατέλλει
663 4012 830 4082 αὐτῆς
859 4015 887 4066 6
917 4011 1232 4082 νοτιώτερος
1259 4010 1366 4064 τῶν
1398 4013 1456 4063 6v
1476 4012 1542 4080 τῇ
1572 4008 1720 4079 δεξιᾷ
1751 4007 1915 4077 χειρὶ,

347 4103 573 4172 ἔσχατος
603 4101 658 4154 δὲ
686 4102 714 4154 6
743 4103 802 4156 6v
829 4101 974 4173 ἄκρᾳ
1001 4103 1066 4172 τῇ
1103 4101 1367 4172 ἀριστερᾷ
1394 4101 1555 4170 χειρί.
1580 4100 1921 4170 Μεσουρανεῖ

347 4195 406 4248 66
423 4194 594 4265 ἀστὴρ
616 4201 663 4247 α’
678 4194 775 4264 μὲν
797 4195 888 4246 τοῦ
912 4193 1180 4261 Στεφάνου
1199 4195 1227 4246 6
1251 4191 1507 4262 ἐχόμενος
1521 4191 1615 4244 τοῦ
1639 4188 1916 4261 λαμπροῦ,

350 4284 576 4354 ἔσχατος
597 4284 654 4337 66
677 4286 706 4337 6
734 4284 1020 4354 ἀριστερὸς
1042 4280 1226 4350 ἀγκὼν
1247 4281 1342 4333 τοῦ
1378 4281 1466 4333 Ἐν
1486 4280 1725 4347 γόνασιν.
1767 4279 1921 4332 Ἀνα-

349 4375 524 4428 τέλλει
550 4375 607 4428 δὲ
641 4376 674 4445 ή
719 4374 1040 4444 Ἀνδρομέδα
1070 4375 1126 4426 6v
1154 4373 1323 4444 ὥραις
1356 4373 1402 4443 β’
1428 4373 1522 4426 καὶ
1547 4378 1596 4443 η’
1633 4372 1810 4442 μέρει.

422 4467 528 4520 Τοῦ
563 4467 620 4520 δὲ
648 4468 846 4520 Ἵππου
879 4465 1276 4529 ἀνατέλλοντος,
1309 4463 1685 4517 συνανατέλλει
1719 4462 1866 4533 αύτῷ
1890 4463 1918 4519 ὁ

2017 3276 2207 3316 earum
2234 3263 2410 3317 media
2435 3280 2555 3334 quae
2583 3271 2712 3319 sunt
2739 3265 2794 3318 in
2819 3263 2994 3320 fronte
3017 3264 3228 3336 Scorpii
3248 3306 3264 3332 ,
3295 3274 3349 3321 et
3377 3282 3584 3337 praece-

2018 3352 2152 3406 dens
2193 3351 2430 3407 lucidam
2475 3353 2723 3409 Coronae.
2771 3353 2961 3409 Oritur
3015 3354 3307 3427 Cassiepea
3355 3358 3489 3414 hora
3527 3358 3584 3424 1,

2016 3441 2120 3498 20’.

2088 3623 2226 3678 Cum
2270 3623 2618 3679 Andromeda
2669 3622 2847 3678 oritur
2902 3637 3063 3679 arcus
3094 3623 3302 3680 zodiaci
3335 3639 3366 3680 a
3393 3625 3586 3697 Capri-

2019 3716 2171 3772 corni
2202 3726 2356 3788 parte
2387 3717 2472 3783 l5,
2510 3717 2577 3771 ad
2602 3716 2825 3788 Aquarii
2856 3717 2927 3770 24
2959 3717 3224 3786 mediam;
3264 3718 3526 3773 culminat
3553 3733 3584 3774 a

2019 3807 2196 3862 media
2217 3807 2249 3862 6
2283 3807 2496 3878 Scorpii
2537 3808 2606 3862 ad
2636 3808 2870 3863 mediam
2890 3807 2922 3862 8
2956 3806 3452 3879 Sagittarii.Prima
3474 3810 3587 3864 ori-

2020 3909 2111 3955 tur
2157 3901 2451 3956 australior
2479 3916 2668 3956 earum
2718 3916 2839 3971 qua:
2881 3909 3010 3957 sunt
3055 3903 3109 3956 in
3144 3902 3334 3957 dextra
3383 3917 3582 3967 manu;

2020 3994 2230 4055 ultima,
2257 4009 2378 4064 quae
2400 3994 2454 4046 in
2492 3993 2834 4048 extremitate
2865 3993 3104 4049 sinistra:
3136 4009 3350 4049 manus.
3377 3993 3586 4049 Culmi-

2019 4093 2114 4140 nat
2147 4087 2343 4156 prima,
2376 4101 2496 4155 qua:
2538 4085 2734 4140 lucida:
2769 4085 2998 4141 Corona:
3046 4087 3293 4156 proxima
3333 4094 3452 4155 est;
3486 4101 3585 4157 po—

2020 4184 2260 4232 stremus
2305 4191 2435 4232 vero
2483 4177 2702 4231 cubitus
2751 4175 2974 4232 sinister
3025 4175 3346 4248 Ingeniculi.
3395 4174 3588 4234 Oritur

2020 4268 2364 4324 Andromeda
2383 4267 2534 4322 horis
2563 4267 2598 4321 2
2624 4266 2747 4339 1/8.

2093 4441 2230 4496 Cum
2268 4440 2456 4511 Equus
2486 4440 2684 4507 oritur,
2713 4438 2961 4494 ascendit
2992 4453 3115 4494 cum
3141 4452 3207 4493 eo
3232 4436 3492 4493 zodiacus
3518 4437 3588 4493 ab
3680 4428 3692 4438 ⁸

353 4557 616 4624 ζωδιακὸς
657 4556 766 4610 ἀπὸ
805 4557 904 4627 τῆς
945 4555 1119 4626 ἀρχῆς
1149 4554 1242 4607 τοῦ
1275 4554 1555 4624 Αῑγόκερω
1585 4552 1688 4616 ἓως
1735 4529 1915 4623 Ὑδρο-

2022 4536 2178 4590 initio
2193 4533 2508 4604 Capricorni
2537 4532 2604 4587 ad
2635 4531 2859 4602 Aquarii
2887 4540 3094 4601 partem
3128 4529 3216 4585 2i.
3257 4529 3533 4585 Culminat
3555 4545 3591 4587 ιι

353 4651 480 4722 χόου
516 4648 622 4720 μοί.
649 4655 696 4701 α’
731 4649 825 4701 καὶ
856 4653 924 4698 κ’·
953 4648 1272 4717 μεσουρανεῖ
1298 4645 1354 4698 δὲ
1383 4645 1490 4698 ἀπὸ
1523 4644 1717 4716 Χηλῶν
1746 4650 1792 4698 α’
1826 4643 1920 4696 καὶ

354 4747 402 4794 κ’
435 4740 607 4811 μέσης
635 4739 739 4801 ’έως
778 4737 1005 4803 Τοξότου
1040 4743 1090 4801 ς’
1123 4737 1314 4808 μέσης.
1361 4735 1471 4788 Καὶ
1517 4739 1566 4788 α’
1613 4735 1710 4805 μὲν
1753 4733 1918 4786 αὑτοῦ

350 4833 528 4902 ἀστὴρ
547 4829 823 4883 ἀνατέλλει
844 4830 872 4880 6
893 4827 1206 4898 νοτιώτερος
1226 4827 1333 4879 τῶν
1355 4825 1699 4897 ἐμπροσθίων
1719 4823 1918 4888 ποδῶν,

352 4925 580 4994 ἔσχατος
599 4922 656 4975 δὲ
679 4924 707 4975 6
730 4921 822 4974 ἐπὶ
851 4920 946 4992 τῆς
974 4918 1171 4988 ὀσφύος
1202 4917 1471 4988 λαμπρός.
1499 4916 1838 4985 Μεσουρανεῖ
1863 4914 1921 4968 δὲ

353 5016 530 5087 ἀστὴρ
561 5020 607 5067 α’
639 5015 736 5084 μὲν
769 5015 798 5066 6
831 5014 888 5064 6v
926 5011 1066 5081 μέσῃ
1100 5012 1167 5081 τῇ
1201 5010 1350 5080 νοτία
1393 5007 1544 5078 Χηλῇ
1564 5046 1578 5071 ,
1615 5006 1832 5076 ἔσχατοι
1863 5005 1920 5058 66

352 5109 448 5164 τοῦ
493 5107 772 5177 Ὀφιούχου
802 5106 849 5158 οἱ
877 5103 1026 5175 παρά
1050 5103 1140 5158 τὸν
1160 5102 1328 5168 δεξιὸν
1357 5097 1504 5172 ὦμον
1531 5105 1579 5168 γ’
1605 5099 1687 5151 ἐπ’
1709 5097 1921 5161 εὐθείας

354 5202 617 5271 κείμενοι,
647 5200 802 5263 ἐκτὸς
821 5199 972 5261 ὄντες
993 5195 1180 5261 αὑτοῦ,
1205 5197 1299 5250 καὶ
1319 5195 1412 5249 τοῦ
1454 5195 1540 5248 Ἐν
1564 5193 1782 5262 γόνασιν
1809 5194 1838 5245 6
1862 5193 1920 5244 6v

350 5293 433 5362 τῷ
461 5290 750 5362 ἀριστερῷ,
772 5289 931 5362 μηρῷ
963 5289 1232 5360 λαμπρὸς,
1275 5286 1469 5358 μικρὸν
1514 5283 1923 5356 προηγούμενος

353 5361 540 5438 αύτοῦ.
582 5361 882 5436 Ἀνατέλλέι
907 5381 963 5434 66
989 5383 1018 5435 6
1044 5381 1238 5443 Ἵππος
1270 5382 1327 5432 6v
1356 5379 1525 5450 ὥραις
1554 5383 1624 5445 γ’.

423 5475 531 5528 Τοῦ
554 5475 611 5527 δὲ
642 5473 851 5540 Ὀἲστοῦ
879 5472 1276 5535 ἀνατέλλοντος,
1306 5469 1682 5524 συνανατέλλει
1709 5468 1805 5538 μὲν
1829 5466 1925 5520 αύ-

351 5566 431 5638 τῷ
460 5568 490 5620 6
519 5566 781 5632 ζωδιακὸς
809 5565 919 5619 ἀπὸ
948 5564 1042 5617 τοῦ
1075 5563 1303 5630 Τοξότου
1341 5561 1453 5633 μοί.
1488 5567 1530 5614 ε’
1557 5560 1661 5624 ἕως
1695 5558 1923 5626 Τοξότου

352 5665 386 5714 ι’
414 5659 609 5731 μέσης
648 5658 970 5729 μεσουρανεῖ
1002 5656 1058 5709 δὲ
1093 5654 1200 5711 ἀπὸ
1228 5651 1507 5726 Παρθένου
1544 5652 1606 5708 ιθ⁹
1639 5651 1745 5715 ἕως
1777 5651 1927 5722 Παρ-

433 5815 480 5848 ⁸⁸
505 5817 656 5871 Deest
682 5813 870 5867 ultima
904 5811 1092 5864 oriens.

632 5907 899 5967 PATROL.
944 5902 1061 5962 Gn.
1097 5897 1272 5960 XIX.

2021 4627 2312 4682 Chelarum
2355 4635 2511 4695 parte
2539 4624 2602 4678 2t
2644 4623 2822 4678 media
2860 4623 2927 4677 ad
2955 4619 3236 4693 Sagittarii
3269 4622 3504 4677 mediam
3531 4621 3587 4677 6.

2021 4718 2203 4774 Prima
2231 4719 2352 4787 ejus
2375 4717 2549 4771 oritur
2578 4715 2757 4778 stella,
2775 4729 2897 4784 quae
2924 4721 3008 4769 est
3032 4714 3328 4768 australior
3351 4714 3590 4770 anterio-

2020 4827 2142 4868 rum
2177 4810 2408 4881 pedum;
2439 4807 2652 4871 ultima,
2683 4821 2804 4877 qua:
2830 4815 2915 4861 est
2941 4806 2997 4859 in
3038 4805 3202 4861 ilibus
3231 4806 3432 4861 lucida.
3460 4805 3592 4861 Cul-

2021 4904 2194 4958 minat
2232 4901 2382 4973 prior
2411 4900 2587 4956 media
2632 4901 2688 4953 in
2732 4897 2961 4952 australi
3005 4895 3204 4961 Chela,
3243 4897 3446 4951 ultima:
3471 4912 3592 4968 qua:

2023 4995 2089 5049 ad
2119 4995 2372 5050 dextrum
2423 4993 2718 5047 humerum
2751 4987 3026 5060 Ophiuchi
3058 4998 3170 5043 tres
3210 4987 3266 5042 in
3320 4987 3590 5044 directum

2022 5087 2236 5157 positaa,
2263 5093 2526 5156 extraque
2560 5085 2738 5153 ipsum
2771 5083 2909 5144 sitae,
2939 5095 3048 5134 una
3079 5095 3204 5134 cum
3236 5080 3437 5145 lucida,
3471 5096 3594 5151 qua:

2021 5190 2106 5236 est
2134 5182 2189 5234 in
2234 5179 2461 5234 sinistro
2489 5175 2693 5232 femore
2721 5173 3056 5244 Engonasin,
3093 5172 3253 5241 paulo
3283 5173 3464 5242 ipsum
3495 5187 3594 5226 an-

2022 5271 2298 5330 tecedens.
2330 5269 2520 5324 Oritur
2551 5267 2738 5337 Equus
2771 5265 2924 5320 horis
2955 5265 3009 5320 5.

2093 5463 2229 5517 Cum
2265 5461 2473 5532 Sagitta
2516 5457 2726 5513 zodiaci
2755 5470 2918 5512 arcus
2964 5455 3140 5510 oritur
3167 5467 3198 5507 a
3234 5460 3388 5524 parte
3427 5451 3461 5506 5
3487 5451 3591 5506 Sa-

2023 5554 2225 5627 gittarii
2247 5551 2314 5606 ad
2329 5550 2573 5621 ejusdem
2607 5548 2675 5602 10
2701 5547 2968 5610 mediam;
2997 5543 3264 5599 culminat
3296 5556 3325 5595 a
3354 5549 3508 5612 parte
3527 5541 3595 5596 19

2026 5645 2288 5719 Virginis,
2337 5643 2405 5700 ad
2431 5641 2523 5698 25.
2556 5638 2755 5697 Primae
2779 5638 3030 5695 oriuntur
3069 5649 3191 5707 quae
3224 5643 3354 5691 sunt
3389 5634 3446 5688 in
3478 5633 3596 5705 gly-

3285 5875 3364 5933 33
