4130 6410
488 400 685 465 ’1099

1527 401 1616 456 Al)
1649 399 1916 457 EUSEBII
1951 397 2351 457 CHRONICON
2393 398 2756 454 APPENDIX.

3644 395 3781 455 “00

548 525 730 597 phide,
755 523 808 578 id
838 529 921 578 est
947 535 1174 587 «crena;
1211 538 1234 569 ι
1278 518 1490 583 ultima,
1516 533 1637 588 qua:
1663 525 1748 574 est
1773 518 1834 573 in
1864 517 2107 587 cuspide.

2212 518 2362 571 θένου
2388 524 2428 570 ε’
2451 519 2545 572 καὶ
2573 524 2642 573 κ’.
2674 517 2785 570 Καὶ
2805 515 3012 588 πρῶτοι
3037 518 3135 588 μὲν
3157 517 3531 573 ἀνατέλλουσιν
3557 520 3606 572 οῑ
3632 521 3689 572 tv
3709 521 3778 588 τῇ

549 616 826 673 Culminat
862 615 1011 685 prior
1035 627 1156 683 qua:
1181 619 1266 667 est
1293 611 1347 664 in
1373 611 1597 665 sinistro
1629 610 1814 665 cubito
1849 609 2110 680 Virginis,

550 707 833 777 paululum
885 705 1022 758 citra
1078 701 1440 756 meridianum
1488 701 1626 768 sita;
1667 701 1880 764 ultima,
1930 701 2110 770 Spica,

547 801 826 870 paululum
858 795 1215 852 meridianum
1248 792 1610 859 antecedens;
1640 800 1695 847 et
1732 808 1852 862 qua:
1880 793 1981 848 sub
2013 792 2113 846 hu-

550 905 701 946 mero
718 889 910 943 dextro
935 884 1216 940 Centauri.
1247 882 1434 939 Oritur
1465 882 1671 954 Sagitta
1704 883 1838 938 hora
1860 882 1914 947 0,
1935 882 2039 937 20’.

616 1176 784 1233 XXII.
817 1173 1007 1229 Oritur
1030 1171 1224 1241 Aquila
1253 1184 1376 1224 cum
1409 1183 1539 1222 arcu
1571 1166 1782 1222 zodiaci
1808 1181 1838 1220 a
1870 1164 2113 1236 Sagitta-

548 1273 616 1326 rii
642 1269 814 1342 gradu
836 1268 891 1331 9,
917 1267 982 1320 ad
1026 1266 1265 1320 medium
1295 1264 1396 1330 I4;
1425 1262 1686 1318 culminat
1711 1275 1742 1312 a
1782 1257 2019 1329 Virginis
2043 1255 2114 1310 24

548 1366 615 1417 ad
643 1361 880 1416 medium
917 1358 1004 1412 50.
1042 1356 1224 1410 Prima
1253 1355 1536 1423 consurgit
1567 1350 1776 1421 Aquila:
1805 1349 1981 1410 stella,
2009 1347 2113 1402 bo-

546 1456 745 1512 realior
770 1466 1083 1523 parvarum,
1117 1464 1238 1519 qua:
1264 1458 1390 1503 sunt
1416 1448 1471 1501 in
1492 1445 1705 1499 duabus
1733 1443 1869 1508 alis;
1898 1439 2111 1504 ultima,

545 1563 666 1618 qua:
685 1555 767 1602 est
798 1543 1090 1600 australior
1111 1541 1272 1596 trium
1292 1540 1346 1594 in
1375 1551 1603 1608 corpore
1629 1534 1953 1590 lucidarum.
1985 1531 2114 1586 Cul-

545 1637 717 1690 minat
740 1635 888 1705 prior
913 1632 1096 1703 Spica,
1128 1630 1336 1692 ultima,
1368 1627 1639 1682 borealior
1669 1639 1856 1680 earum
1889 1637 2009 1693 qua:
2056 1621 2113 1675 in

545 1727 806 1786 Centauri
837 1726 1034 1796 capite.
1077 1722 1264 1780 Oritur
1292 1720 1491 1790 Aquila
1517 1719 1652 1774 hora
1682 1717 1736 1782 0,
1764 1716 1873 1770 24'.

617 1997 801 2055 Oritur
833 2008 958 2049 cum
974 1987 1233 2058 Delphine
1261 1983 1521 2039 zodiacus
1549 1993 1580 2032 a
1610 1974 1890 2047 Sagittarii
1928 1970 2100 2044 gradu

544 2092 616 2146 20
641 2087 821 2144 medio
851 2083 918 2138 ad
963 2079 1202 2136 medium
1233 2074 1304 2128 Ἡ
1329 2090 1343 2138 ;
1377 2069 1639 2126 culminat
1672 2066 1740 2120 ab
1767 2071 1962 2119 octavo
1990 2078 2108 2120 me-

546 2185 638 2239 dio
670 2179 850 2236 Chehe
881 2174 950 2228 ad
978 2173 1064 2228 1³5.
1079 2169 1272 2224 Primm
1291 2166 1542 2220 oriuntur
1559 2157 1944 2214 antecedentes
1967 2171 2107 2226 qua-

547 2287 675 2330 tuor
708 2274 762 2326 in
787 2268 1036 2331 rhombo,
1070 2268 1344 2335 postrema
1365 2269 1485 2328 quae
1511 2254 1564 2308 in
1588 2249 1762 2307 cauda
1799 2254 1882 2303 est
1898 2258 2111 2302 austra-

545 2370 674 2422 lior.
717 2361 996 2419 Culminat
1047 2359 1281 2428 primum
1327 2351 1549 2406 sinister
1581 2359 1676 2416 pes
1723 2339 2106 2407 Andromeda,

546 2466 823 2529 postremo
849 2447 1106 2506 Centauri
1141 2443 1374 2499 maxime
1400 2439 1636 2495 borealis
1665 2440 1721 2494 in
1747 2438 1969 2509 thyrso;
1994 2440 2111 2529 tum

547 2524 616 2603 ad
645 2561 786 2618 genu
809 2540 1045 2612 Virginis
1073 2537 1323 2592 dextrum
1355 2548 1384 2586 a
1415 2530 1780 2602 septentrione
1806 2529 1934 2618 sita,
1953 2524 2111 2618 quasi

548 2615 871 2697 semicubito
937 2633 1149 2687 distans
1198 2641 1230 2681 a
1277 2623 1599 2680 meridiano.
1653 2619 1842 2676 Oritur
1880 2615 2110 2686 Delphin

546 2734 680 2788 hora
708 2730 768 2795 0,
792 2729 894 2784 15'.

2212 609 2445 678 γλυφίδι,
2469 609 2694 679 ἔσχατος
2714 607 2770 661 δὲ
2789 611 2818 661 6
2835 610 2892 661 tv
2911 611 2976 679 τῇ
2998 608 3162 664 ἀκίδι.
3183 610 3520 682 Μεσουρανεῖ
3537 609 3594 662 δὲ
3608 609 3784 679 ἀστὴρ

2213 707 2260 755 α’
2287 701 2385 772 μὲν
2405 703 2434 754 6
2453 703 2511 755 tv
2532 701 2611 772 τῷ
2629 701 2900 773 ἀριστερῷ
2924 701 3132 770 ἀγκῶνι
3152 704 3250 774 τῆς
3267 703 3562 775 Παρθένου,
3585 703 3784 774 μικρὸν

2212 793 2635 864 ὑπολειπόμενος
2672 793 2765 847 τοῦ
2799 795 3192 867 μεσημϐρινοῦ,
3231 796 3455 867 ἔσχατος
3483 797 3540 850 δὲ
3579 799 3608 850 6
3646 795 3784 849 Στά-

2211 903 2332 956 χυς,
2387 887 2582 957 μικρὸν
2625 886 3030 958 προηγούμενος
3063 887 3157 942 τοῦ
3200 887 3589 959 μεσημϐρινοῦ,
3624 888 3719 941 καὶ
3752 889 3782 942 6

2213 978 2319 1032 ὑπὸ
2344 977 2436 1030 τὸν
2464 978 2751 1050 ἀριστερὸν
2783 972 2932 1050 ὦμον
2971 979 3066 1032 τοῦ
3102 980 3436 1052 Κενταύρου.
3481 978 3782 1034 Ἀνατέλλει

2213 1069 2270 1122 δὲ
2299 1070 2328 1121 6
2375 1070 2582 1133 Ὀῖστὸς
2612 1071 2670 1123 ὲν
2701 1078 2748 1140 γ’
2776 1072 2929 1142 μέρει
2961 1071 3127 1144 ὥρας.

2283 1161 2410 1216 KB'.
2429 1161 2536 1214 Τοῦ
2561 1162 2618 1214 δὲ
2653 1162 2836 1215 Ἀετοῦ
2865 1163 3260 1230 ἀνατέλλοντος,
3290 1163 3660 1218 συνανατέλλει
3678 1162 3782 1235 μὲν

2213 1251 2360 1322 αὐτῷ
2390 1253 2419 1305 6
2446 1252 2704 1316 ζωδιακὸς
2735 1253 2842 1306 ἀπὸ
2873 1253 3098 1320 Τοξότου
3129 1255 3237 1324 μοί.
3271 1254 3314 1308 θ’
3341 1254 3444 1318 ἔως
3466 1255 3691 1320 Τοξότου
3718 1255 3779 1307 ιδ

2217 1343 2410 1412 μέσηςθ
2459 1344 2780 1413 μεσουρανεί
2822 1343 2878 1396 δὲ
2925 1344 3030 1397 ἀπὸ
3070 1344 3348 1417 Παρθένου
3392 1344 3434 1397 δ’
3469 1345 3563 1399 καὶ
3594 1351 3642 1398 κ’
3673 1344 3781 1406 ἔως

2213 1430 2490 1500 Παρθένου
2518 1430 2558 1482 λ’
2583 1431 2775 1502 μέσης.
2803 1433 2913 1486 Καὶ
2948 1440 2997 1486 α’
3033 1434 3131 1505 μὲν
3164 1434 3338 1505 ἀστὴρ
3370 1434 3649 1488 ἀνατέλλει
3682 1434 3780 1488 τοῦ

2226 1518 2409 1572 Ἀετοῦ
2441 1522 2469 1573 6
2487 1519 2822 1592 βορειότερος
2852 1522 2961 1576 τῶν
2986 1524 3043 1576 tv
3067 1527 3189 1588 ταῖς
3218 1525 3439 1596 πτέρυξι
3470 1525 3514 1596 β’
3544 1525 3780 1598 μικρῶν,

2213 1609 2440 1682 ἔσχατος
2473 1612 2530 1665 δὲ
2570 1614 2600 1664 6
2628 1614 2946 1685 νπιὼτερος
2976 1615 3084 1671 τῶν
3115 1618 3173 1670 tv
3202 1616 3279 1688 τῷ
3308 1617 3521 1690 σώματι
3549 1625 3599 1688 γ’
3636 1618 3781 1690 λαμ-

2216 1705 2388 1777 πρῶν.
2419 1707 2761 1780 Μεσουρανεῖ
2781 1709 2837 1762 δὲ
2859 1709 3033 1782 ἀστὴρ
3057 1717 3106 1763 α’
3134 1712 3232 1782 μὲν
3254 1713 3282 1764 6
3304 1711 3532 1782 Στάχυς,
3555 1710 3785 1782 ἔσχατος

2213 1795 2270 1848 δὲ
2302 1795 2396 1850 τοῦ
2426 1797 2741 1870 Κενταύρου
2770 1803 2799 1853 6
2836 1799 3169 1874 βορειότερος
3206 1802 3312 1856 τῶν
3345 1804 3404 1857 tv
3440 1805 3506 1875 τῇ
3545 1804 3782 1875 κεφαλῇ.

2144 1877 2188 1932 Β
2225 1887 2526 1942 Ἀνατέλλει
2545 1889 2602 1943 δὲ
2620 1891 2650 1943 6
2682 1891 2861 1956 Ἀετὸς
2883 1895 2940 1946 tv
2969 1893 3012 1963 β’
3035 1912 3256 1967 πεμπτη
3265 1896 3471 1968 μορίοις
3491 1897 3588 1968 τῆς
3608 1895 3782 1967 ὥρας.

2285 1978 2391 2032 Τοῦ
2436 1979 2496 2032 δὲ
2537 1981 2791 2050 Δελφῖνος
2829 1985 3231 2053 ἀνατέλλοντος,
3272 1988 3648 2042 συνανατέλλει
3682 1990 3786 2060 μὲν

2214 2068 2362 2139 αὐτῷ
2391 2071 2420 2122 6
2449 2069 2706 2138 ζωδιακὸς
2741 2074 2848 2128 ἀπὸ
2869 2075 2962 2129 τοῦ
2994 2076 3219 2143 Τοξότου
3254 2080 3364 2149 μοι.
3394 2079 3443 2132 κ’
3478 2079 3648 2151 μέσης
3676 2080 3786 2143 ἔως

2216 2159 2444 2226 Τοξότου
2465 2160 2505 2214 δ’
2529 2164 2622 2216 καὶ
2644 2171 2691 2217 κ’
2721 2165 2911 2237 μέσης·
2949 2172 3272 2241 μεσουρανεϊ
3292 2170 3349 2223 δὲ
3379 2171 3488 2225 ἀπὸ
3510 2171 3704 2243 Χηλῶν
3729 2177 3784 2242 η’

2219 2251 2388 2322 μέσης
2420 2252 2524 2316 ἔως
2556 2254 2750 2326 Χηλῶν
2785 2265 2872 2326 ιγ’.
2900 2260 3009 2313 Kal.
3039 2260 3244 2331 πρῶτοι
3273 2261 3370 2332 μὲν
3397 2263 3625 2334 ἀστέρες
3651 2265 3786 2316 ἀνα-

2217 2341 2486 2395 τέλλουσιν
2510 2345 2559 2397 οἱ
2591 2344 2880 2417 ἡγούμενοι
2908 2350 3016 2403 τῶν
3043 2351 3102 2404 tv
3137 2349 3216 2420 τῷ
3246 2351 3433 2422 ῥόμϐῳ
3459 2353 3522 2414 δ’,
3557 2353 3787 2423 ἔσχατος

2217 2433 2273 2487 δὲ
2303 2434 2410 2488 τῶν
2431 2437 2487 2490 tv
2514 2440 2580 2509 τῇ
2603 2437 2742 2511 οὐρᾷ
2767 2443 2796 2494 6
2821 2442 3152 2516 νοτιὼτερος.
3175 2445 3511 2517 Μεσουρανεῖ
3528 2446 3584 2500 δὲ
3609 2455 3657 2500 α’
3685 2447 3787 2517 μὲν

2216 2525 2246 2578 6
2274 2526 2560 2599 ἀριστερὸς
2591 2529 2726 2594 ποῦς
2756 2532 2853 2602 τῆς
2905 2533 3280 2604 Ἀνδρομέδας,
3331 2536 3555 2606 ἔσχατος
3589 2536 3646 2588 δὲ
3686 2537 3787 2590 τοῦ

2218 2616 2532 2690 Κενταύρου
2571 2621 2600 2672 6
2626 2621 2964 2693 βορειότατος
2991 2623 3099 2678 τῶν
3131 2627 3188 2679 tv
3219 2625 3296 2697 τῷ
3333 2626 3534 2698 θύρσῳ,
3566 2629 3788 2700 καὶτῆς

2219 2711 2498 2783 Παρθένου
2523 2717 2552 2768 6
2582 2716 2676 2771 ἀπ’
2707 2718 2939 2790 ¹Ἄρκτου
2969 2721 3217 2790 κείμενος
3241 2722 3334 2776 τοῦ
3357 2722 3530 2789 δεξιοῦ
3559 2724 3787 2791 γόνατος

537 2828 638 2883 ,καὶ
688 2824 782 2879 τοῦ
822 2821 1012 2884 ποδὸς,
1061 2817 1136 2881 ὡς
1185 2814 1485 2887 ἡμιπήχιον
1535 2807 1944 2882 προηγούμενος
1993 2803 2086 2857 τοῦ
2149 2806 2541 2877 μεσημδρινοῦ.
2570 2811 3204 2885 ἈνατέλλειδὲόΔελφὶς
3224 2816 3342 2869 ὲνδ¹
3367 2817 3785 2891 μέρειαοῶρας,

618 2917 817 2973 Perseo
853 2913 1097 2968 cooritur
1121 2924 1282 2964 arcus
1305 2905 1514 2962 zodiaci
1545 2919 1576 2957 a
1602 2899 1925 2972 Capricorni
1954 2897 2026 2952 25
2043 2895 2112 2950 ad

544 3008 744 3065 Arietis
772 3005 839 3060 ιι
868 3003 1139 3066 medium;
1162 2999 1424 3056 culminat
1455 3011 1484 3050 a
1513 2994 1727 3065 Scorpii
1753 2991 1818 3047 I6
1846 2990 2022 3046 medio
2045 2989 2114 3044 ad

549 3101 582 3156 8
618 3097 858 3154 medium
900 3091 1254 3164 Capricorni.
1282 3088 1552 3160 Princeps
1585 3086 1762 3141 oritur
1805 3083 1961 3139 stella
1993 3096 2114 3151 qua:

545 3201 630 3248 est
661 3194 716 3246 in
741 3189 918 3260 Harpe
948 3187 1231 3248 nebulosa,
1257 3183 1478 3247 ultimm,
1495 3194 1616 3250 qua:
1647 3192 1813 3248 supra
1838 3174 2112 3230 Pleiadem

545 3286 601 3340 in
651 3283 877 3340 sinistro
908 3278 1064 3350 pede.
1099 3274 1375 3330 Culminat
1420 3271 1596 3341 primo
1631 3267 1812 3322 lucida
1857 3279 1977 3336 quae
2019 3272 2111 3318 est

546 3377 603 3430 in
631 3375 739 3428 Ara
792 3370 991 3434 media,
1042 3375 1098 3423 et
1146 3363 1464 3436 Engonasin
1514 3359 1848 3414 antecedens
1896 3354 2112 3410 humeri

545 3466 748 3531 dextri,
778 3479 898 3535 qua:
933 3470 1017 3519 est
1040 3462 1098 3516 in
1140 3457 1398 3523 brachio;
1434 3455 1627 3510 ultima
1655 3449 1980 3522 Capricorni
2017 3449 2114 3503 bo-

544 3562 744 3618 realior
793 3571 980 3614 earum
1007 3568 1128 3626 qua
1152 3558 1280 3607 sunt
1311 3551 1366 3604 in
1394 3547 1680 3618 geniculis.
1717 3543 1850 3600 Item
1874 3558 1904 3599 e
1926 3541 2114 3613 Cygno

537 3652 818 3709 borealior
849 3663 1060 3716 earum,
1098 3660 1219 3715 quaa
1258 3642 1315 3696 in
1358 3643 1444 3696 ala
1491 3640 1706 3702 dextra,
1751 3632 2128 3694 semicubitali'

546 3745 659 3800 fere
692 3741 984 3798 interstitio
1005 3738 1365 3794 meridianum
1388 3731 1736 3790 antecedens.
1771 3727 1959 3784 Oritur
1980 3724 2112 3781 Per-

547 3853 676 3893 seus
706 3836 857 3890 horis
879 3833 934 3898 '6,
965 3832 1067 3886 50'.

596 4097 750 4152 Cum
785 4100 986 4164 Auriga
1022 4091 1281 4146 zodiacus
1315 4088 1492 4144 oritur
1525 4103 1556 4143 a
1586 4085 1831 4143 Piscium
1863 4092 2019 4155 parte
2049 4083 2108 4137 I.

544 4189 744 4252 media,
770 4201 945 4257 usque
974 4183 1043 4239 ad
1063 4181 1232 4237 Tauri
1261 4181 1325 4236 16
1358 4179 1624 4246 mediam;
1655 4178 1922 4232 culminat
1951 4191 1981 4228 a
2012 4172 2114 4228 Sa-

544 4279 751 4350 gittarii
776 4277 847 4331 ‘20
891 4273 1063 4346 gradu
1087 4271 1154 4327 ad
1181 4270 1506 4343 Capricorni
1547 4268 1637 4323 29.
1679 4267 1878 4322 Prima:
1927 4275 2114 4320 ortum

543 4367 750 4422 faciunt
779 4365 969 4430 stellae,
1003 4379 1123 4434 quae
1157 4371 1282 4417 sunt
1307 4361 1360 4413 in
1399 4359 1612 4429 capite;
1639 4357 1851 4421 ultima,
1881 4371 2003 4426 quae
2031 4360 2114 4410 est

543 4453 598 4508 in
635 4453 827 4507 dextro
857 4451 1016 4521 pede.
1051 4447 1329 4503 Culminat
1365 4446 1544 4516 prima
1581 4443 1865 4516 Sagittarii
1910 4455 2114 4512 praece-

2289 2899 2394 2953 Τοῦ
2438 2901 2494 2954 δὲ
2537 2904 2791 2976 Περσέως
2830 2907 3239 2973 ἀνατέλλοντος,
3277 2911 3651 2964 συνανατέλλει
3685 2913 3790 2983 μὲν

2218 2990 2364 3062 αὐτῷ
2398 2994 2427 3046 6
2461 2993 2725 3059 ζωδιακὸς
2765 2996 2873 3050 ἀπὸ
2912 2999 3195 3070 Αἰγόκερω
3235 3006 3278 3052 ε’
3318 3001 3410 3053 καὶ¹
3449 3007 3496 3054 κ’
3523 3002 3634 3072 μοί.
3679 3003 3789 3066 ἔως

2218 3081 2390 3152 Κριοῦ
2418 3084 2477 3137 ιδ’
2509 3084 2699 3157 μέσης
2735 3092 3055 3158 μεσουρανεί
3077 3089 3133 3143 δὲ
3163 3089 3269 3144 ἀπὸ
3290 3090 3384 3145 τοῦ
3409 3091 3675 3164 Σκορπίου
3708 3100 3790 3158 ις’

2222 3174 2392 3246 μέσης
2416 3175 2519 3240 ἕως
2546 3177 2827 3250 Αἰγόκερω
2854 3186 2901 3250 η’
2927 3180 3118 3252 μέσης.
3145 3181 3254 3234 Καὶ
3273 3188 3322 3234 α’
3348 3182 3445 3252 μὲν
3464 3183 3639 3255 ἀστὴρ
3664 3185 3792 3237 ἀνα-

2215 3264 2387 3317 τέλλει
2412 3267 2440 3318 ό
2466 3267 2523 3321 tv
2556 3271 2623 3339 τῇ
2649 3269 2834 3343 Ἀρπῃ
2865 3272 3220 3345 νεφελοειδὴς,
3247 3273 3461 3345 ἔσχατοι
3487 3275 3543 3328 δὲ
3571 3278 3618 3329 οἱ
3647 3277 3791 3349 ὑπὲρ

2212 3354 2311 3424 τὴν
2337 3355 2569 3411 Πλειάδα
2595 3361 2652 3412 tv
2679 3359 2759 3430 τῷ
2778 3361 3049 3434 ἀριστερῷ
3074 3364 3195 3418 ποδὶ
3219 3365 3480 3436 κείμενοι.
3501 3367 3790 3439 Μεσουρα-

2214 3450 2294 3500 νεῖ
2318 3448 2374 3501 δὲ
2402 3449 2574 3522 ἀστὴρ
2590 3458 2636 3504 α’
2658 3453 2758 3523 μὲν
2779 3455 2807 3506 6
2822 3455 2880 3506 tv
2901 3455 3052 3525 μέσῳ
3074 3454 3150 3526 τῷ
3170 3456 3522 3529 Θυμιατηρίῳ
3536 3459 3793 3532 λαμπρὸς

2215 3539 2308 3592 καὶ
2336 3540 2430 3593 τοῦ
2473 3543 2560 3596 Ἐν
2587 3543 2806 3612 γόνασιν
2831 3548 2859 3599 6
2883 3547 3292 3619 προηγούμενος
3314 3548 3404 3602 τοῦ
3434 3550 3608 3615 δεξιοῦ
3633 3550 3792 3622 ὤμου

2214 3631 2274 3684 tv
2305 3631 2382 3702 τῷ
2405 3631 2668 3705 βραχίονι,
2700 3636 2924 3708 ἔσχατος
2951 3639 3007 3691 δὲ
3036 3638 3130 3692 τοῦ
3155 3640 3434 3714 ⁴Αἰγόκερω
3459 3644 3487 3695 6
3511 3641 3792 3715 βορειότε-

2217 3740 2309 3793 ρος
2330 3724 2439 3778 τῶν
2458 3728 2514 3779 tv
2528 3729 2640 3790 τοίς
2659 3729 2948 3795 γονατίοις,
2969 3731 3174 3785 καὶτοῦ
3199 3733 3444 3804 Ὄρνιθος
3470 3735 3498 3786 6
3520 3733 3794 3806 βορειότε-

2221 3833 2310 3887 ρος
2356 3817 2464 3871 τῶν
2504 3821 2562 3872 tv
2603 3822 2669 3891 τῇ
2702 3821 2851 3893 δεξιᾷ
2900 3823 3152 3894 πτέρυγι,
3203 3825 3278 3888 ὡς
3320 3827 3617 3898 ήμιπήχιον
3651 3845 3791 3898 προ-

2216 3905 2516 3978 ηγούμενος
2536 3909 2628 3962 τοῦ
2655 3910 3048 3983 μεσημϐρινοῦ.
3085 3913 3388 3967 ’Δνατέλλει
3407 3914 3465 3967 δὲ
3486 3915 3514 3967 6
3541 3915 3793 3988 Περσεὺς

2215 3997 2273 4050 tv
2304 3995 2476 4068 ὥραις
2504 4004 2552 4068 γ’
2583 3999 2681 4052 καὶ
2707 4000 2916 4070 ἡμίσει,
2947 4002 3038 4054 καὶ
3139 4002 3294 4074 μέρει
3328 4001 3496 4076 ὥρας.

2287 4090 2393 4143 Τοῦ
2418 4091 2475 4144 δὲ
2517 4091 2763 4164 Ἡνιόχου
2791 4093 3190 4160 ἀνατέλλοντος,
3218 4096 3596 4149 συνανατέλλει
3631 4098 3732 4168 μὲν
3760 4100 3792 4151 6

2215 4179 2474 4244 ζωδιακὸς
2503 4180 2610 4234 ἀπὸ
2651 4181 2868 4253 Ἰχθύων
2900 4183 3008 4254 μοί.
3035 4189 3101 4237 ια’
3130 4185 3300 4255 μέσης
3321 4185 3428 4249 ’ἐως
3452 4185 3546 4239 τοῦ
3569 4186 3793 4260 Ταύρου

2219 4279 2292 4336 ις’
2323 4271 2525 4343 μέσης-
2565 4277 2888 4345 μεσουρανεϊ
2926 4275 2984 4328 δὲ
3033 4275 3140 4329 ἀπὸ
3183 4276 3410 4342 Τοξότου
3445 4283 3492 4330 κ’
3526 4277 3639 4348 μοξ.
3683 4278 3793 4341 ἔως

2214 4363 2494 4435 Δίγόκερω
2522 4364 2566 4418 θ’
2594 4365 2686 4419 καὶ
2717 4373 2785 4420 κ’.
2813 4368 2923 4420 Καὶ
2951 4368 3157 4437 πρῶτοι
3181 4367 3279 4436 μὲν
3309 4367 3538 4438 ἀστέρες
3562 4369 3794 4422 ἀνατέλ-

2214 4454 2394 4508 λουσιν
2416 4457 2464 4508 οἰ
2486 4457 2544 4508 tv
2563 4459 2626 4527 τῇ
2652 4457 2882 4528 κεφαλῇ,
2910 4457 3134 4529 ἔσχατος
3159 4459 3215 4512 δὲ
3233 4461 3261 4512 6
3281 4461 3339 4512 tv
3357 4459 3436 4529 τῷ
3458 4458 3618 4529 δεξιῷ
3642 4459 3790 4514 ποδί.

540 4545 675 4601 dens
696 4560 884 4600 earum
912 4557 1033 4613 quae
1061 4550 1190 4597 sunt
1224 4541 1278 4594 in
1314 4554 1480 4609 sago;
1512 4545 1566 4593 et
1597 4552 1808 4602 earum,
1833 4550 1956 4606 quae
1981 4538 2110 4590 sunt

2214 4549 2552 4620 Μεσουρανεῖ
2580 4547 2634 4600 δὲ
2661 4555 2705 4602 α’
2736 4549 2834 4620 μὲν
2860 4550 3034 4620 ἀστὴρ
3060 4549 3155 4602 τοῦ
3178 4549 3404 4614 Τοξότου
3432 4552 3460 4602 6
3483 4549 3793 4621 ἡγούμενος

537 4639 593 4693 in
620 4639 806 4701 dorso,
836 4635 1188 4692 media.ltem
1222 4633 1449 4704 Anguis,
1483 4645 1645 4700 quem
1677 4628 1996 4700 Ophiuchus
2022 4634 2106 4681 te-

537 4739 651 4793 net,
689 4729 929 4785 secunda
965 4728 1033 4782 ab
1059 4735 1302 4782 extrema
1358 4724 1553 4780 cauda.
1600 4721 1803 4775 Ultima
1841 4717 2110 4775 culminat

537 4821 719 4876 lucida
765 4822 823 4874 in
858 4821 1002 4874 rictu
1031 4818 1204 4889 Equi,
1230 4825 1284 4873 et
1312 4817 1483 4887 Cygni
1509 4815 1856 4884 subsequens
1882 4813 1937 4867 in
1971 4810 2110 4866 sini-

536 4923 652 4968 stro
681 4911 850 4980 pede,
882 4925 985 4965 nec
1027 4925 1139 4964 non
1185 4910 1242 4962 in
1281 4906 1498 4976 Cepheo
1547 4905 1839 4960 australior
1888 4912 2110 4959 antece-

533 5004 780 5058 dentium
802 5003 958 5072 130
986 5000 1197 5055 humeri
1217 4999 1396 5054 dextri
1415 4997 1824 5054 solendidarum
1848 4995 2104 5050 duarum.

523 5098 722 5152 Oritur
741 5095 1052 5150 Heniochus
1074 5093 1224 5148 horis
1272 5087 1324 5143 3.

606 5264 790 5321 XXIII.
825 5266 949 5322 Haec
981 5269 1039 5322 in
1068 5267 1193 5322 cmli
1225 5268 1578 5322 inclinatione
1613 5267 1726 5332 illa,
1763 5282 1930 5337 quam
1961 5267 2108 5322 dixi-

531 5376 677 5426 mus,
703 5359 962 5414 accidunt
987 5360 1135 5414 circa
1166 5369 1321 5414 ortus
1345 5360 1610 5423 siderum,
1630 5374 1752 5430 quae
1785 5358 1852 5413 ad
1883 5367 2107 5430 septen-

529 5452 738 5504 triones
771 5459 902 5504 suut
938 5449 1149 5504 zodiaci
1186 5449 1402 5504 circuli.
1445 5449 1691 5505 Occasus
1732 5459 1916 5504 autem
1942 5449 2019 5502 ita
2048 5464 2106 5502 se

534 5540 760 5596 habent.

598 5650 765 5706 Boote
780 5654 1063 5709 occidente
1083 5655 1339 5709 zodiacus
1354 5670 1478 5710 cum
1499 5671 1563 5710 eo
1584 5656 1866 5712 descendit
1887 5673 1917 5711 a
1938 5656 2103 5712 Scor-

532 5736 605 5802 pii
638 5749 790 5804 parte
821 5741 855 5795 6
897 5742 963 5796 ad
997 5743 1320 5814 Capricorni
1354 5745 1419 5800 I9
1464 5747 1731 5812 mediam;
1764 5749 2030 5804 culminat
2059 5765 2090 5804 a

533 5823 853 5894 Capricorni
885 5831 956 5885 22
977 5834 1044 5890 ad
1077 5835 1278 5895 Arietis
1313 5837 1366 5893 4.
1399 5837 1556 5894 I’rior
1583 5839 1808 5906 occidit,
1841 5857 1962 5912 qua:
2001 5859 2102 5898 au-

2210 4639 2318 4692 τῶν
2351 4640 2407 4692 tv
2434 4643 2500 4710 τῇ
2533 4640 2806 4708 ὲφαπτίδι,
2854 4640 2948 4693 καὶ
2988 4641 3016 4692 6
3057 4641 3220 4711 μέσος
3258 4641 3365 4694 τῶν
3399 4643 3456 4694 tv
3492 4641 3569 4712 τῷ
3610 4642 3788 4713 νώτῳ,

2212 4733 2304 4785 καὶ
2330 4733 2422 4786 τοῦ
2451 4735 2685 4803 Ὄφεως,
2714 4732 2773 4784 ὃν
2799 4731 2908 4804 ἔχει
2939 4734 2966 4786 6
3015 4733 3313 4804 ὐφιοῦχος,
3347 4736 3376 4785 6
3404 4733 3448 4803 β’
3481 4734 3574 4787 ἀπ’
3609 4735 3791 4806 ἄκρας

2209 4820 2309 4890 τῆς
2334 4821 2500 4891 οὐρᾶς
2520 4818 2940 4892 ἀριθμούμενοςο
2976 4820 3201 4892 ἔσχατος
3228 4821 3285 4874 δὲ
3319 4825 3705 4893 μεσουρανεῖοό
3730 4827 3791 4877 tv

2209 4911 2286 4982 τῷ
2323 4911 2511 4983 ῥύγχει
2545 4914 2638 4968 τοῦ
2673 4917 2870 4970 Ἵππου
2899 4913 3168 4984 λαμπρὸς,
3208 4915 3301 4967 καλ¹
3332 4913 3423 4967 τοῦ
3470 4915 3723 4988 Ὄρνιθος
3761 4917 3790 4967 6

2211 5003 2474 5072 ἑπόμενος
2513 5004 2569 5055 tv
2606 5003 2683 5074 τῷ
2723 5002 2997 5074 ἀριστερῷ
3030 5002 3171 5065 ποδὶ,
3212 5002 3305 5055 καὶ
3337 5001 3433 5054 τοῦ
3481 5003 3722 5071 Κηφέως
3762 5007 3791 5056 6

2211 5092 2524 5163 νοτιὼτερος
2572 5094 2678 5146 τῶν
2725 5093 3149 5165 προηγουμένων
3197 5091 3290 5145 τοῦ
3331 5092 3506 5157 δεξιοῦ
3543 5093 3701 5163 ῶμου
3743 5095 3788 5164 β’

2209 5179 2478 5246 ὲκφανῶν.
2524 5181 2824 5235 Ἀνατέλλει
2849 5182 2905 5234 δὲ
2934 5183 2961 5234 ὁ
3005 5180 3242 5251 Ἡνίοχος
3268 5181 3326 5233 tv
3356 5181 3525 5252 ὥραις
3549 5189 3618 5250 γ’.

2279 5264 2407 5324 Kl".
2439 5271 2574 5343 Περὶ
2621 5272 2719 5341 μὲν
2751 5269 2844 5326 οὖν
2875 5272 2974 5335 τὰς
3004 5273 3265 5336 ἀνατολὰς
3297 5274 3404 5327 τῶν
3431 5273 3790 5346 βορειοτέρων

2208 5361 2421 5431 ἄστρων
2454 5362 2547 5415 τοῦ
2583 5363 2847 5427 ζωδιακοῦ
2877 5363 3074 5416 κύκλου
3104 5355 3591 5436 ταῦτοῖσυμϐαῑνει
3629 5369 3690 5418 tv
3719 5371 3786 5439 τῇ

2208 5453 2584 5524 προειρημένῃ
2612 5453 2704 5506 τοῦ
2731 5455 2936 5525 κόσμου
2965 5455 3224 5523 ὲγκλίσεισ
3251 5456 3379 5528 περὶ
3401 5456 3456 5510 δὲ
3485 5456 3587 5521 τὰς
3616 5474 3793 5511 κατα-

2205 5543 2388 5607 δύσεις
2418 5543 2486 5597 τὰ
2515 5544 2762 5598 τοιαῦτα.

2279 5656 2384 5710 Τοῦ
2419 5657 2628 5710 Βοώτου
2663 5657 2934 5723 δύνοντος,
2982 5659 3375 5729 συγκαταδύνει
3426 5661 3524 5732 μὲν
3571 5661 3725 5733 αὐτῷ
3757 5664 3790 5714 6

2209 5741 2471 5812 ζωδιακὸς
2504 5748 2610 5801 ἀπὸ
2640 5749 2906 5820 Σκορπίου
2932 5749 3038 5819 μοί.
3068 5757 3120 5815 ς’
3144 5751 3248 5813 ἕως
3268 5752 3464 5819 Αἰγοκὲ
3475 5768 3644 5822 ρωτος
3668 5753 3785 5819 μοι.

2213 5841 2275 5894 ιθ¹
2299 5842 2491 5912 μέσης·
2523 5844 2844 5914 μεσουρανεῖ
2868 5841 2923 5894 δὲ
2952 5841 3058 5896 ἀπὸ
3083 5842 3454 5914 Αἱγοκέρωτος
3480 5842 3589 5914 μοί.
3617 5841 3664 5915 β’
3688 5842 3788 5897 καὶ
