4132 6410
341 362 475 421 11θί

1323 349 1693 420 ΗὶΡΡΑιιεΗι
1729 361 1821 416 Αι)
1858 359 2310 418 PHENOMENA
2347 360 2475 416 LIB.
2513 361 2579 418 ιι.

3428 361 3571 420 1102

339 487 389 536 κ’
421 481 526 544 ἓως
552 477 726 552 Κριοῦ
748 480 810 535 δ’.
831 481 950 536 ,Καὶ
968 487 1017 536 α’
1045 481 1143 552 μὲν
1172 481 1349 553 ἀστὴρ
1373 482 1520 536 δύνει
1544 483 1574 534 6
1595 480 1905 544 νοτιώτατος

2013 479 2198 534 stralis
2223 487 2306 536 est
2329 480 2563 534 maxime
2589 491 2794 544 earum,
2817 493 2939 549 qua:
2965 478 3022 533 in
3046 477 3278 536 sinistro
3289 475 3470 549 pede;
3493 479 3577 531 ul-

340 571 450 626 τῶν
481 574 538 625 ὲν
564 571 642 643 τῷ
683 571 956 644 ἀριστερῷ
998 571 1140 634 ποδὶ,
1170 570 1392 642 ἔσχατος
1422 572 1478 624 δὲ
1515 574 1544 624 6
1579 570 1912 643 βορειότατος

339 662 448 716 τῶν
497 664 554 716 ὲν
603 663 680 734 τῷ
727 662 1050 734 κολλορόὸῳ.
1109 666 1456 734 Μεσουρανεῖ
1498 664 1557 717 δὲ
1602 664 1709 717 τῶν
1737 662 1911 717 ἀλλων

341 755 593 807 ἀπλανῶν
621 759 669 808 α’
694 755 792 826 μὲν
812 753 906 808 106
932 755 1210 834 Ὄρνιθος,
1228 757 1255 806 6
1275 757 1331 808 ἐν
1363 755 1504 829 μέσῃ
1530 758 1596 827 τῇ
1616 756 1750 827 οὐρᾷ
1775 755 1912 826 λαμ-

341 847 498 918 πρὸς,
531 847 624 899 καὶ
663 845 756 900 τοῦ
784 846 1066 917 Αίγόκερω
1102 847 1131 898 6
1153 846 1463 918 ἡγούμενος
1491 847 1601 900 τῶν
1628 847 1738 901 ἀπὸ
1758 848 1910 900 νότου

264 967 266 969 >
340 939 764 1008 παρακειμένων
787 940 900 1001 τοῖς
925 939 983 991 ὲν
1009 941 1074 1008 τῇ
1107 938 1263 1008 οὐρᾷ,
1301 937 1526 1008 ἔσχατος
1557 938 1613 991 δὲ
1646 938 1739 992 τοῦ
1772 942 1914 1011 Περ-

342 1029 481 1090 σέως
497 1031 526 1081 6
553 1031 608 1082 ὲν
634 1031 699 1099 τῇ
726 1030 909 1100 Ἀρπῃ
933 1029 1290 1101 νεφελοειδὴς,
1313 1029 1517 1083 καὶτοῦ
1541 1031 1710 1101 Κριοῦ
1733 1035 1761 1086 6
1787 1035 1914 1088 ἑπό-

345 1137 502 1190 μενος
521 1119 626 1172 τῶν
643 1123 699 1174 ὲν
714 1123 778 1192 τῇ
802 1121 1008 1192 κεφαλῇ
1025 1127 1093 1188 γ’,
1119 1121 1212 1174 καὶ
1233 1123 1261 1174 6
1284 1120 1584 1192 Σύνδεσμος
1599 1122 1706 1175 τῶν
1729 1122 1907 1181 λίνων.

340 1209 496 1261 Δύνει
530 1209 586 1261 δὲ
618 1209 646 1261 6
682 1208 898 1279 Βοώτης
931 1211 988 1264 ὲν
1029 1210 1199 1282 ὥραις
1230 1213 1568 1282 ίσημεριναῖς
1595 1211 1636 1264 δ’
1667 1213 1760 1264 καὶ
1791 1213 1911 1266 δυσὶ

345 1302 567 1371 μέρεσιν
602 1299 775 1373 ὥρας.

411 1393 516 1446 Τοῦ
545 1392 603 1445 δὲ
627 1393 896 1461 Στεφάνου
917 1393 1182 1459 δύνοντος,
1203 1397 1592 1464 συγκαταδύνει
1620 1399 1718 1470 μὲν
1745 1401 1773 1452 6
1802 1400 1909 1464 ζω-

339 1482 524 1546 διακὸς
549 1482 656 1536 ἀπὸ
677 1481 772 1535 τοῦ
804 1482 1030 1549 Τοξότου
1061 1484 1170 1554 μοί.
1206 1492 1255 1554 γ’
1291 1486 1385 1539 καὶ
1418 1494 1465 1540 κ’
1494 1487 1598 1552 ἕως
1630 1490 1911 1562 Αἱγόκερω

338 1575 380 1628 6'
411 1576 600 1646 μέσης·
630 1579 952 1646 μεσουρανεῖ
979 1577 1035 1630 δὲ
1062 1578 1169 1631 ἀπὸ
1199 1579 1299 1649 τῆς
1332 1581 1506 1652 ἀρχῆς
1538 1583 1644 1636 τῶν
1695 1584 1909 1654 ’ἰχθύων

340 1663 446 1728 ἓως
488 1664 707 1734 ’ἰχθύων
734 1667 844 1736 μοί.
888 1664 945 1718 ιδ’
977 1667 1170 1738 μέσης.
1203 1670 1314 1722 Kal.
1345 1676 1392 1722 α’
1430 1671 1529 1742 μὲν
1561 1672 1735 1744 ἀστὴρ
1763 1674 1908 1727 δύνει

339 1758 368 1809 6
406 1756 783 1828 λαμπρότατος
824 1758 934 1811 τῶν
977 1760 1036 1812 ὲν
1078 1759 1158 1830 τῷ
1198 1761 1475 1834 Στεφάνῳ,
1523 1764 1749 1835 ἔσχατος
1787 1767 1844 1820 δὲ
1869 1769 1910 1821 ’ὁ

339 1849 734 1920 ἀμαυρότερος,
765 1850 859 1903 καὶ
889 1850 1112 1921 ἔσχατος
1142 1851 1216 1905 ὣν
1246 1854 1347 1924 τῆς
1375 1855 1649 1928 ἑπομένης
1681 1876 1909 1930 περιφε-

342 1943 514 2013 ρείας.
549 1944 888 2014 Μεσουρανεί
917 1944 974 1998 δὲ
1006 1946 1114 2000 τῶν
1136 1946 1308 2001 ἄλλων
1332 1948 1576 2019 ἀστέρων
1601 1958 1648 2002 α’
1680 1952 1778 2022 μὲν
1801 1953 1910 2010 τῶν

353 2035 569 2106 ’ἰχθύων
592 2035 686 2088 τοῦ
716 2037 1031 2109 νοτιωτέρου
1060 2040 1089 2090 6
1119 2039 1176 2090 ὲν
1208 2038 1354 2112 ἄκρᾳ.
1377 2043 1442 2112 τῇ
1476 2042 1611 2112 οὐρᾷ
1635 2043 1907 2116 λαμπρὸς,

339 2126 433 2179 καὶ
459 2125 554 2180 106
582 2127 717 2198 πρὸς
748 2127 898 2183 νότον
931 2129 1096 2182 αὐτοῦ
1127 2131 1378 2201 κειμένου
1408 2133 1908 2208 παραλληλογράμ-

341 2237 442 2291 μου
469 2221 518 2273 oi
545 2219 858 2291 ἡγούμενοι,
898 2220 1114 2291 ἔσχατοι
1150 2222 1208 2276 δὲ
1244 2225 1273 2277 ὅ
1311 2241 1372 2277 τε
1405 2226 1464 2278 ὲν
1497 2226 1646 2298 μέσῳ
1685 2229 1762 2300 τῷ
1803 2228 1908 2282 σώ-

341 2329 472 2384 ματι
494 2313 593 2385 τῆς
611 2312 997 2378 Κασσιεπείας,
1023 2314 1116 2366 καὶ
1135 2315 1164 2368 6
1189 2317 1246 2368 ὲν
1272 2319 1337 2387 τῇ
1361 2317 1625 2390 ἀριστερᾷ
1644 2323 1786 2392 χειρὶ
1810 2322 1908 2392 τῆς

351 2402 722 2475 Ἀνδρομέδας.
760 2402 915 2456 Δύνει
942 2403 998 2456 δὲ
1023 2403 1052 2456 6
1081 2404 1351 2473 Στέφανος
1389 2408 1447 2460 ὲν
1482 2406 1600 2480 ὥρᾳ
1639 2416 1687 2462 α’
1713 2411 1788 2473 ὼς
1819 2409 1909 2478 ἔγ-

336 2508 517 2561 γιστα.

407 2583 514 2636 Τθῦ
555 2583 614 2638 δὲ
662 2584 750 2638 Ἐν
785 2584 972 2654 γόνασι
1013 2583 1278 2650 δύνοντος,
1321 2590 1713 2657 συγκαταδύνει
1748 2592 1847 2664 μὲν
1878 2595 1907 2647 6

337 2675 596 2740 ζωδιακὸς
624 2677 732 2730 ἀπὸ
759 2676 853 2729 τοῦ
878 2676 1103 2743 Τοξότου
1135 2678 1245 2748 μοί.
1277 2678 1332 2731 ιδ’
1353 2680 1459 2744 ἕως
1493 2682 1780 2754 ’Υδροχόου
1810 2692 1902 2750 ις’·

327 2767 660 2835 ¹μεσουρανείῖ
689 2765 747 2818 δὲ
787 2765 896 2819 ἀπὸ
931 2765 1024 2818 106
1063 2766 1345 2838 ’Υδροχόου
1379 2769 1488 2839 μοί.
1521 2777 1568 2840 γ’
1597 2773 1692 2825 καὶ
1729 2781 1776 2826 κ’
1803 2775 1907 2839 ἕως

334 2851 546 2920 Ταύρου
585 2851 691 2922 μοι.
724 2857 772 2922 η’
809 2852 1002 2923 μέσης.
1037 2855 1148 2906 Καὶ
1183 2861 1231 2906 α’
1269 2856 1367 2926 μὲν
1404 2860 1581 2932 ἀστὴρ
1618 2861 1764 2915 δύνει
1795 2866 1822 2917 6
1847 2866 1906 2918 ὲν

335 2941 481 3013 ἄκρᾳ
508 2944 573 3013 τῇ
602 2942 749 3014 δεξιᾷ
783 2944 944 3015 χειρὶ,
984 2943 1209 3015 ἔσχατος
1247 2947 1304 3000 δὲ
1349 2951 1377 3003 6
1417 2951 1478 3004 ὲν
1517 2952 1593 3022 τῷ
1631 2954 1904 3027 ἀριστερῷ

334 3034 474 3088 ποδί.
515 3036 852 3106 Μεσουρανεῖ
891 3035 948 3088 δὲ
979 3035 1086 3090 τῶν
1120 3037 1294 3092 ἄλλων
1321 3041 1567 3114 ἀστέρων
1591 3045 1685 3099 106
1719 3048 1816 3118 μὲν
1845 3051 1904 3102 έν

332 3125 410 3196 τῷ
443 3125 723 3246 Ὑδροχριρῐ
741 3127 930 3192 ὓδατος
966 3131 994 3246 Ξ
1021 3133 1274 3202 ἐχόμενος
1300 3133 1406 3189 τῶν
1435 3137 1491 3190 ὲν
1519 3140 1586 3209 τῇ
1615 3139 1654 3191 δ’
1677 3157 1903 3212 συστρο-
1927 3183 1974 3246 c

334 3219 406 3246 ,λα
460 3216 553 3246 ..ηπ
678 3218 700 3236 "
730 3236 871 3246 --.κη
914 3221 937 3246 Δ
1003 3224 1301 3246 ----ι-----
1337 3225 1441 3246 _:'-,_.
1490 3227 1539 3246 2,
1584 3245 1593 3246 κ
1618 3228 1642 3240 -ι
1739 3232 1749 3246 ρ

334 3219 431 3286 φῇ,
460 3216 554 3269 106
594 3217 650 3270 δὲ
668 3208 873 3272 ’Ἵππου
912 3221 939 3273 6
967 3220 1302 3294 βορειότερος
1334 3225 1441 3278 τῶν
1485 3227 1542 3281 ἐν
1575 3208 1653 3298 τῷ
1688 3208 1898 3300 σώματι

334 3308 593 3379 συνεχῶν,
621 3308 716 3362 τοῦ
744 3310 802 3364 δὲ
833 3313 1066 3384 Κηφέως
1105 3316 1134 3368 6
1172 3315 1457 3388 ἀριστερὸς
1502 3312 1652 3390 ὦμος
1692 3324 1902 3396 ὴμιπή-

332 3415 448 3469 χιον
493 3399 914 3472 ὑπολειπόμενος
956 3403 1050 3456 106
1103 3406 1496 3479 μεσημϐρινοῦ.
1548 3413 1814 3483 Ἔσχατος
1843 3415 1900 3468 δὲ

335 3494 660 3562 μεσουρανεί
685 3493 775 3545 τοῦ
802 3494 858 3547 ὲν
888 3493 966 3565 τῷ
986 3497 1154 3566 Κήτει
1186 3499 1587 3570 τετραπλεύρου
1612 3505 1641 3556 6
1661 3505 1902 3560 νοτιώτε-

333 3599 425 3653 ρος
454 3582 562 3636 τῶν
590 3584 866 3655 ἑπομένων
889 3585 1176 3660 λαμπρῶν,
1212 3592 1305 3643 καὶ
1335 3593 1364 3644 6
1395 3594 1530 3662 πρὸς
1552 3597 1900 3669 μεσημϐρίαν

331 3671 578 3742 κείμενος
619 3675 1057 3746 ἀκατονόμαστος
1107 3678 1372 3751 λαμπρός.
1423 3683 1576 3737 Δύνει
1629 3685 1685 3738 δὲ
1731 3689 1759 3739 6
1813 3689 1899 3741 Ἐν

329 3765 548 3832 γόνασιν
585 3767 642 3819 ἐν
679 3766 848 3839 ὥραις
873 3768 915 3822 δ’
945 3769 1040 3824 καὶ
1066 3773 1210 3842 τρισὶ
1246 3777 1682 3847 πεμπτημορίοις
1709 3779 1784 3842 ὥς
1809 3779 1898 3848 ἔγ-

330 3873 510 3925 γιστα.

398 3952 523 4007 KA'.
553 3947 658 4005 T06
685 3952 739 4006 δὲ
769 3954 1049 4026 Ὀφιούχου
1079 3955 1344 4025 δύνοντος,
1382 3963 1772 4030 συγκαταδύνει
1799 3965 1899 4036 μὲν

326 4043 356 4095 ὁ
382 4042 639 4109 ζωδιακὸς
671 4045 777 4099 ἀπὸ
802 4047 1068 4119 Σκορπίου
1101 4051 1211 4120 μοί.
1241 4059 1308 4105 ια’
1337 4053 1441 4118 ἓως
1469 4055 1751 4130 Αίγόκερω
1786 4058 1892 4128 μοί.

330 4131 374 4202 β’
394 4150 407 4163 ’
435 4141 754 4206 μεσουρανεῖ
775 4138 829 4192 δὲ
855 4139 961 4192 ἀπὸ
980 4141 1259 4215 Αίγόκερω
1281 4151 1320 4196 ε’
1348 4147 1440 4198 καὶ
1466 4155 1512 4200 κ’
1541 4148 1644 4214 ’έως
1682 4151 1898 4220 ’ἰχθύων

332 4234 400 4280 ια’
428 4228 618 4298 μέσης.
656 4231 765 4283 Καὶ
801 4237 848 4282 α’
875 4231 973 4300 μὲν
1007 4233 1179 4304 ἀστὴρ
1206 4235 1349 4289 δύνει
1381 4240 1409 4290 6
1434 4239 1491 4291 ἐν
1521 4241 1598 4311 τῷ
1627 4243 1898 4314 ἀριστερῷ

327 4320 468 4384 ποδὶ,
497 4321 723 4392 ἔσχατος
753 4322 809 4374 δὲ
833 4324 861 4374 6
895 4326 952 4376 ὲν
986 4327 1051 4394 τῇ
1078 4327 1310 4397 κεφαλῇ.
1337 4330 1677 4403 Μεσουρανεῖ
1706 4335 1763 4388 δὲ
1790 4336 1896 4391 τῶν

325 4412 499 4465 ἄλλων
535 4413 778 4498 ἀστέρων
816 4421 863 4467 α’
897 4416 993 4486 μὲν
1024 4416 1117 4469 106
1142 4419 1422 4491 Αίγόκερω
1452 4424 1481 4476 6
1502 4424 1760 4495 ἑπόμενος
1787 4428 1897 4481 τῶν

325 4504 384 4557 ἐν
409 4507 474 4597 τῇ
488 4504 665 4597 μούρᾷ,
708 4506 802 4559 καὶ
837 4507 931 4559 106
974 4509 1225 4580 Ὄρνιθος
1265 4512 1294 4563 6
1328 4511 1666 4583 βορειότατος
1697 4517 1806 4570 τῶν
1839 4520 1895 4572 ὲν
1929 4540 1973 4597 D

323 4598 393 4666 τῇ
422 4594 568 4666 δεξιᾷ
604 4597 870 4668 πτέρυγι·
905 4598 1131 4669 ἔσχατος
1162 4601 1218 4654 δὲ
1251 4606 1352 4667 τῆς
1389 4608 1757 4672 Κασσιεπείας
1788 4612 1816 4662 6
1839 4612 1896 4664 ὲν

322 4689 390 4757 τῇ
423 4687 653 4759 κεφαλῇ,
683 4689 776 4742 καὶ
799 4690 827 4742 6
857 4693 914 4744 ὲν
939 4691 1017 4763 τῷ
1042 4693 1216 4766 δίφρῳ
1248 4698 1441 4767 μικρός
1465 4716 1478 4729 ο
1507 4700 1602 4753 καὶ
1642 4702 1742 4772 τῆς
1785 4705 1898 4757 Ἀν-

322 4777 584 4850 δρομέδας
618 4783 647 4834 6
694 4781 1030 4854 βορειότατος
1057 4787 1164 4840 τῶν
1200 4789 1258 4841 ὲν
1298 4790 1376 4859 τῷ
1411 4792 1594 4863 στήθει
1616 4810 1630 4824 °
1668 4796 1763 4847 καὶ
1801 4796 1895 4849 τοῦ

320 4870 537 4943 Κήτους
561 4873 590 4925 6
613 4873 929 4948 νοτιώτερος
961 4877 1069 4932 τῶν
1099 4880 1156 4931 ὲν
1186 4883 1250 4952 τῇ
1278 4882 1432 4953 οὐρᾷ,
1463 4885 1654 4955 μικρὸν
1679 4887 1894 4940 ὐπολει-

320 4964 556 5034 πόμενος
596 4965 692 5018 106
736 4969 1129 5040 μεσημϐρινοῦ.
1160 4971 1313 5027 Δύνει
1347 4973 1402 5027 δὲ
1448 4977 1476 5028 6
1522 4977 1801 5048 Ὀφιοῦχος
1838 4981 1895 5032 ἐν

319 5053 488 5128 ὥραις
518 5065 564 5126 γ’
596 5057 671 5122 ὠς
701 5059 948 5128 ἔγγιστα.

392 5148 508 5198 ”Οτ’
550 5147 616 5201 ἂν
663 5149 718 5202 δὲ
761 5153 790 5203 6
831 5152 991 5220 Ὄφις
1031 5152 1209 5217 δύνει,
1260 5154 1318 5207 ὃν
1367 5154 1478 5226 ἔχει
1512 5159 1540 5210 6
1588 5157 1892 5230 Ὀφιοῦχος,

319 5239 712 5306 συγκαταδύνει
744 5242 843 5312 μὲν
871 5243 1016 5314 αὐτῷ
1055 5246 1083 5296 6
1108 5244 1369 5310 ζωδιακὸς
1400 5249 1507 5302 ἀπὸ
1537 5250 1807 5320 Σκορπίου
1839 5271 1893 5317 ς’

316 5329 412 5380 καὶ⁸
438 5335 485 5381 κ’
530 5331 702 5402 μέσης
731 5333 836 5402 μοί.
869 5335 972 5398 ἕως
1000 5335 1279 5406 Αίγόκερω
1312 5340 1419 5408 μοί.
1460 5340 1503 5392 θ’
1523 5357 1536 5371 ο
1572 5346 1896 5414 μεσουρανεῖ

315 5419 371 5472 δὲ
395 5422 502 5475 ἀπὸ
535 5423 819 5494 Ὑδροχόου
863 5427 970 5496 μοί.
1001 5434 1050 5499 η’
1080 5428 1185 5492 ἕως
1220 5429 1436 5500 ’ἰχθύων
1469 5439 1517 5483 κ’
1553 5433 1738 5503 μέσης.
1784 5437 1894 5489 Καὶ

315 5512 522 5580 πρῶτοι
561 5531 660 5583 μεν
690 5517 920 5587 ἀστέρες
949 5517 1192 5571 δύνουσιν
1230 5520 1279 5570 οἱ
1320 5521 1378 5572 ὲν
1406 5520 1483 5591 τῷ
1515 5521 1746 5592 σώματι,
1780 5543 1894 5578 κοι-

314 5602 396 5654 νοὶ
437 5602 589 5667 ὄντες
625 5606 718 5658 καί¹
763 5607 865 5676 τῆς
901 5609 1195 5679 ἀριστερᾶς
1235 5612 1416 5681 χειρὸς
1454 5611 1546 5665 106
1585 5615 1888 5684 Ὀφιούχου,

312 5692 539 5764 ἔσχατος
573 5698 630 5751 δὲ
672 5701 701 5752 6
743 5701 800 5752 ἐν
839 5700 985 5772 ἄκρᾳ
1016 5705 1082 5772 τῇ
1117 5703 1272 5774 οὐρᾷ.
1306 5705 1646 5776 Μεσουρανεῖ
1688 5707 1742 5760 δὲ
1781 5708 1890 5761 τῶν

308 5784 482 5840 ἄλλων
513 5789 758 5862 ἀστέρων
785 5797 832 5844 α’
868 5792 965 5862 μὲν
994 5793 1022 5844 ὁ
1065 5793 1123 5847 ἐν
1176 5793 1242 5865 τῷ
1280 5794 1438 5867 δεξιῷ
1483 5797 1606 5852 ποδὶ
1643 5799 1741 5870 τοῦ
1772 5801 1889 5873 Κη-

2010 569 2164 634 tima,
2194 585 2316 640 qua:
2346 576 2431 625 est
2462 569 2698 625 maxime
2741 569 2976 626 borealis
3005 569 3063 624 in
3108 569 3409 631 collorobo.
3443 567 3578 623 Cul-

2014 660 2188 714 minat
2233 675 2302 715 ex
2345 661 2468 716 aliis
2519 661 2889 716 inerrantibus
2931 661 3106 730 prima
3137 659 3360 731 quidem
3391 658 3578 714 lucida

2009 748 2204 820 Cygni,
2231 766 2352 820 quae
2380 759 2464 806 est
2487 750 2541 806 in
2575 751 2784 818 cauda;
2817 758 2871 806 et
2894 750 2951 804 in
2989 749 3324 820 Capricorno
3357 757 3579 803 antece-

2011 841 2146 899 dens
2168 857 2355 898 earum
2383 858 2502 912 qua:
2531 843 2600 898 ab
2622 849 2810 898 austro
2847 842 3100 912 adjacent
3121 840 3190 896 iis
3219 855 3339 910 qua:
3365 844 3494 894 sunt
3520 837 3578 892 in

2011 933 2216 993 cauda:
2258 936 2450 990 ultima
2485 950 2634 1001 vero,
2676 935 2833 990 stella
2865 933 3071 1000 Persei,
3107 947 3228 1003 quae.
3273 931 3330 984 in
3369 929 3572 1000 Harpe,

2011 1027 2294 1092 nebulosa,
2312 1037 2367 1083 et
2395 1027 2598 1083 Arietis
2624 1027 2924 1083 succedens
2953 1028 3118 1080 trium
3146 1027 3202 1080 in
3224 1026 3432 1096 capite:
3455 1029 3575 1077 tum

2009 1117 2198 1175 Nodus
2223 1120 2478 1174 linorum.
2503 1117 2716 1173 Occidit
2750 1118 2947 1175 Bootes
2979 1117 3130 1173 horis
3162 1114 3574 1186 acquabilibusl

2010 1218 2064 1266 et
2093 1211 2307 1268 duabus
2337 1214 2604 1282 partibus.

2079 1387 2373 1446 Occidente
2393 1390 2606 1446 Corona
2627 1390 2791 1447 simul
2820 1387 3018 1444 occidit
3046 1385 3300 1442 zodiacus
3331 1400 3359 1440 a
3391 1383 3574 1457 Sagit-
3655 1386 3658 1390 ’

2009 1484 2136 1538 tarii
2165 1492 2318 1552 parte
2341 1483 2412 1539 25
2437 1483 2501 1538 ad
2520 1481 2891 1553 CapricorniA
2918 1480 3186 1545 mediam;
3211 1478 3475 1533 culminat
3503 1477 3571 1531 ab

2009 1576 2168 1631 initio
2195 1575 2477 1642 'Piscium,
2507 1578 2573 1630 ad
2603 1575 2922 1631 eorumdem
2959 1573 3026 1628 14
3075 1573 3307 1628 mediam
3335 1577 3568 1640 partem.

2007 1662 2191 1719 Prima
2221 1666 2420 1720 occidit
2455 1665 2893 1736 splendidissima
2930 1663 3176 1726 Coronae,
3223 1661 3411 1714 ultima
3450 1673 3572 1731 quae

2009 1766 2094 1814 est
2121 1758 2495 1821 o‘bscurior,et
2523 1771 2797 1828 postrema
2827 1756 3172 1812 succedentis
3193 1751 3416 1810 circuli.
3441 1752 3573 1808 Cul-

1942 1819 1984 1878 Β
2013 1849 2185 1903 minat
2228 1864 2292 1903 ex
2343 1849 2466 1904 aliis
2500 1850 2673 1904 stellis
2706 1848 2858 1918 prior
2890 1848 3070 1902 lucida
3120 1848 3175 1902 in
3226 1847 3572 1902 extremitate

2010 1937 2185 1996 Piscis
2241 1939 2621 2006 australioris;
2653 1949 2706 1994 et
2754 1939 3123 2010 prmcedentes
3176 1939 3232 1992 in
3277 1938 3570 2010 parallelo-

2007 2046 2274 2102 9rammo,
2298 2032 2443 2102 quod
2473 2031 2576 2101 ipsi
2605 2031 2672 2086 ad
2699 2031 2982 2086 meridiem
3020 2031 3185 2086 situm
3211 2039 3326 2097 est;
3351 2035 3570 2100 postre-

2008 2140 2112 2180 mae
2157 2124 2480 2191 culminant,
2519 2140 2640 2194 quae
2670 2124 2726 2178 in
2765 2123 2946 2179 medio
2980 2138 3209 2194 corpore
3239 2122 3567 2193 Cassiepeae,

2008 2224 2063 2272 et
2089 2231 2210 2287 qum
2242 2217 2299 2270 in
2338 2217 2566 2272 sinistra
2596 2230 2760 2270 manu
2791 2215 3175 2270 Andromedae.
3204 2212 3419 2270 Occidit
3463 2212 3571 2268 Co-

2007 2323 2142 2364 rona
2169 2309 2562 2379 propemodum
2597 2308 2732 2362 hora
2753 2322 2884 2362 una.

2077 2569 2211 2627 Cum
2242 2567 2557 2640 lngeniculo
2585 2567 2785 2623 occidit
2818 2569 3076 2624 zodiacus
3122 2583 3153 2622 a
3182 2568 3353 2638 gradu
3387 2567 3568 2640 Sagit-

2006 2664 2130 2718 tarii
2155 2657 2220 2716 14
2250 2661 2317 2716 ad
2343 2659 2569 2730 Aquarii
2609 2658 2710 2726 i6;
2739 2659 3002 2715 culminat
3032 2659 3100 2713 ab
3129 2659 3352 2730 Aquarii
3375 2659 3467 2726 25,
3500 2660 3570 2715 ad

2006 2753 2248 2808 medium
2283 2751 2317 2806 8
2341 2749 2530 2805 Tauri.
2565 2748 2721 2804 Prior
2751 2750 2954 2805 occidit
2984 2765 3105 2820 quae
3127 2759 3211 2805 est
3233 2751 3289 2804 in
3313 2753 3570 2807 extremi—

2006 2853 2118 2900 tate
2169 2844 2374 2899 dextra:
2425 2856 2657 2909 manus;
2692 2841 2881 2896 ultima
2910 2857 3030 2912 quae
3060 2841 3115 2896 in
3161 2842 3384 2897 sinistro
3409 2843 3566 2912 pede.

2005 2936 2281 2994 Culminat
2307 2951 2374 2990 ex
2423 2934 2546 2990 aliis
2580 2933 2754 2989 stellis
2806 2933 3042 3004 primum
3085 2949 3204 3004 quae
3247 2934 3303 2988 in
3342 2935 3570 3006 Aquarii

2009 3042 2152 3098 aqua
2181 3025 2392 3095 adjacet
2423 3025 2490 3078 iis
2517 3040 2638 3094 quae
2670 3030 2797 3078 sunt
2826 3024 2881 3076 in
2914 3022 3386 3093 4'conglobatione
3418 3033 3569 3080 :tum

2009 3116 2067 3172 in
2095 3115 2247 3187 Equo
2273 3114 2544 3170 borealior
2568 3128 2778 3177 earum,
2807 3129 2927 3184 qua:
2953 3113 3004 3167 in
3040 3128 3268 3184 corpore
3297 3114 3572 3171 continuae

2007 3217 2164 3275 sunt;
2194 3209 2322 3262 item
2352 3206 2576 3262 sinister
2606 3205 2864 3260 humerus
2892 3203 3092 3276 Cephei
3131 3205 3226 3276 qui
3247 3206 3385 3262 citra
3407 3211 3572 3264 meri—

2006 3299 2150 3354 diem
2179 3306 2264 3354 est
2292 3298 2651 3353 semicubitali
2685 3297 2796 3353 fere
2828 3299 3024 3369 spatio.
3064 3296 3346 3354 Postrema
3375 3301 3572 3354 culmi-

2005 3402 2100 3446 nat
2125 3408 2192 3446 ex
2225 3390 2596 3461 quadrilatero
2625 3387 2742 3444 Ceti
2773 3405 2898 3460 quae
2924 3391 3222 3444 australior
3255 3402 3339 3447 est
3379 3407 3571 3446 succe-

2005 3483 2247 3538 dentium
2281 3482 2607 3546 lucidarum,
2650 3491 2704 3536 et
2732 3496 2853 3550 qua:
2897 3481 2965 3534 ad
3006 3480 3288 3537 meridiem
3338 3483 3442 3538 sita
3485 3493 3572 3539 est

2005 3574 2188 3630 lucida
2223 3589 2418 3629 carens
2449 3574 2687 3628 nomine.
2723 3572 2938 3628 Occidit
2963 3572 3313 3644 lngeuiculus
3339 3576 3489 3632 horis
3511 3577 3570 3643 4,

2005 3669 2086 3723 56'
2121 3668 2357 3722 circiter.

2075 3927 2264 3984 XXIV.
2282 3927 2580 4000 Anguifero
2604 3929 2907 3994 occidente,
2922 3930 3203 3986 descendit
3232 3947 3335 3986 una
3362 3933 3571 3989 zodiaci
3638 3975 3645 3981 .

2005 4038 2169 4078 arcus
2202 4040 2231 4076 a
2253 4021 2463 4092 Scorpii
2496 4020 2556 4075 ll
2581 4024 2751 4092 gradu
2780 4023 2846 4076 ad
2868 4022 3186 4093 Capricorni
3214 4024 3281 4089 2;
3307 4027 3571 4080 culminat

2006 4127 2036 4166 a
2067 4112 2388 4182 Capricorni
2415 4109 2487 4166 25
2508 4111 2572 4165 ad
2605 4111 2845 4166 Piscium
2888 4112 2946 4164 ll
2983 4111 3241 4166 medium.
3267 4112 3447 4167 Prima
3482 4129 3572 4168 oc-

2004 4205 2138 4259 cidit
2160 4204 2338 4269 stella,
2371 4220 2490 4274 quze
2528 4210 2613 4258 est
2640 4203 2696 4257 in
2737 4202 2962 4258 sinistro
2993 4202 3163 4272 pede;
3198 4204 3410 4268 ultima,
3447 4220 3570 4274 quae

2004 4301 2088 4348 est
2115 4295 2169 4347 in
2200 4294 2399 4362 capite.
2431 4291 2708 4346 Culminat
2739 4309 2806 4346 ex
2838 4293 2960 4347 aliis
2981 4293 3153 4347 stellis
3179 4293 3350 4361 prior,
3385 4292 3570 4362 Capri-

2003 4387 2157 4441 corni
2201 4385 2500 4442 succedens
2539 4385 2593 4438 in
2628 4384 2826 4450 cauda,
2882 4393 2935 4439 et
2971 4385 3142 4455 Cygni
3189 4385 3570 4440 borealissima

2003 4494 2070 4534 ex
2101 4479 2170 4532 iis
2201 4494 2322 4550 quae
2351 4484 2478 4534 sunt
2497 4477 2552 4530 in
2575 4477 2661 4531 ala
2690 4477 2878 4532 dextra
2901 4495 2912 4530 :
2935 4477 3123 4530 ultima
3151 4491 3300 4541 vero,
3334 4462 3455 4547 qtae
3483 4484 3569 4532 est

2001 4575 2058 4629 in
2089 4575 2267 4643 capite
2295 4574 2623 4644 Cassiepete,
2652 4581 2704 4628 et
2735 4588 2898 4643 parva
2917 4589 3036 4644 quae
3071 4574 3125 4628 in
3147 4575 3266 4643 ejus
3287 4582 3372 4630 est
3393 4574 3563 4630 solio:

1998 4675 2113 4721 tum
2150 4667 2388 4722 borealis
2432 4668 2668 4720 maxime
2699 4682 2764 4720 ex
2819 4667 2903 4721 his
2946 4681 3066 4736 quae
3095 4673 3224 4719 sunt
3263 4667 3316 4719 in
3349 4674 3567 4736 pectore

1998 4757 2358 4810 Andromedae
2391 4775 2404 4810 :
2438 4764 2494 4811 et
2524 4755 2926 4810 australissima
2967 4769 3155 4809 earum
3187 4771 3307 4824 qua:
3348 4764 3475 4809 sunt
3509 4757 3566 4809 in

1998 4847 2172 4900 cauda
2203 4845 2341 4910 Ceti,
2373 4845 2652 4915 paululum
2682 4846 2816 4898 citra
2839 4845 3200 4901 meridianum
3230 4846 3429 4916 posita.
3458 4845 3566 4901 Oc-

1998 4938 2132 4993 cidit
2155 4937 2478 5009 Ophiuchus
2517 4937 2666 4992 horis
2697 4935 2810 4991 fere
2838 4937 2891 4991 5.

2063 5161 2198 5215 Cum
2221 5161 2504 5231 Serpentc,
2527 5178 2685 5231 quem
2718 5171 2860 5218 tenet
2894 5163 3232 5235 Ophiuchus,
3253 5166 3454 5221 occidit
3479 5182 3568 5219 ar—

1997 5268 2095 5308 cus
2119 5253 2325 5306 zodiaci
2353 5269 2383 5306 a
2412 5252 2624 5323 Scorpii
2657 5261 2832 5325 parte
2857 5256 2928 5310 26
2950 5258 3128 5312 media
3179 5257 3246 5312 ad
3291 5269 3500 5328 partem
3531 5260 3564 5314 9

1995 5341 2347 5412 Capricorni;
2378 5344 2640 5398 culminat
2679 5347 2747 5400 ab
2787 5347 3013 5417 Aquarii
3047 5349 3080 5404 8
3117 5349 3186 5404 ad
3225 5352 3456 5405 mediam
3496 5351 3566 5406 20

1995 5432 2256 5488 Piscium.
2288 5433 2485 5490 Prinne
2513 5437 2682 5491 stella:
2709 5437 3048 5494 descendunt
3071 5457 3191 5511 qua!
3209 5450 3337 5496 sunt
3364 5445 3417 5497 in
3441 5459 3567 5498 cor-

1995 5541 2150 5596 pore,
2182 5540 2501 5584 communes
2533 5531 2769 5584 sinistrat
2794 5534 2978 5586 manui
3002 5533 3312 5604 Anguil'eri;
3347 5535 3561 5596 ultima.

1995 5632 2116 5686 quae
2147 5617 2303 5672 estin
2337 5629 2580 5674 extrema
2615 5619 2810 5677 cauda.
2843 5621 3118 5676 Culminat
3141 5639 3206 5677 ex
3237 5622 3360 5676 aliis
3393 5623 3566 5677 stellis

1994 5709 2166 5778 prior,
2199 5725 2318 5779 qua:
2365 5719 2447 5766 est
2483 5711 2538 5764 in
2589 5710 2783 5767 dextro
2813 5713 2949 5782 pede
2989 5712 3213 5786 Cephei,
3258 5723 3312 5770 et
3342 5730 3462 5785 quae
3503 5715 3564 5772 in

1993 5802 2172 5860 media
2205 5819 2342 5859 urna
2378 5805 2606 5874 Aquarii
2637 5807 2828 5862 ultima
2850 5822 3061 5875 earum,
3085 5808 3400 5873 australior,
3432 5822 3556 5872 quin
