4130 6410
530 364 668 426 ιιλοδ

1507 357 1598 420 An
1623 357 1889 421 EUSEBII
1926 355 2318 424 CHRONICON
2350 357 2714 423 APPENDIX.

3619 354 3752 423 εισι

526 490 654 539 sunt
691 482 744 537 in
767 481 937 540 cauda
970 474 1144 536 PiScis
1168 482 1460 548 anStralis;
1497 489 1551 536 et
1587 498 1709 553 qua:
1741 491 1824 538 est
1852 483 1905 538 in
1943 499 2082 555 genu

2207 486 2348 553 ρέως,
2377 485 2471 537 καὶ
2497 486 2526 537 6
2567 485 2622 536 ὲν
2655 483 2792 554 μέσῃ
2815 484 2880 552 τῇ
2915 481 3126 536 κάλπιδι
3152 482 3244 535 τοῦ
3275 473 3578 554 ’Υδροχόου,
3607 486 3741 556 ἔσχα

525 575 850 646 (Σαεείοροιο.
875 573 1084 630 Occidit
1107 572 1346 644 Serpens
1373 574 1533 644 ,boris
1562 574 1672 630 fere
1704 576 1754 629 3.

587 859 723 913 Cum
759 855 897 929 Lyra
935 853 1216 909 descendit
1264 869 1392 924 pars
1440 853 1687 918 zodiaci,
1731 868 1852 923 qua:
1896 863 1980 907 est
2018 851 2087 906 ab

527 949 745 1018 Aquarii
769 957 920 1018 parte
947 948 980 1000 4
1008 947 1076 1000 ad
1108 945 1210 1012 12;
1244 947 1506 1000 culminat
1535 946 1603 1000 ab
1627 945 1829 1002 Arietis
1859 945 1930 1000 25
1969 960 2085 1000 me-

527 1045 615 1098 dia
644 1043 709 1097 ad
740 1039 904 1095 Tauri
928 1041 982 1094 5.
1008 1039 1186 1093 Prima
1217 1039 1420 1094 occidit
1449 1039 1629 1103 stella,
1661 1038 1976 1110 praecedens
2006 1039 2089 1092 lu.

528 1135 796 1198 cidarum,
821 1147 942 1202 qua:
971 1139 1100 1188 sunt
1130 1130 1185 1186 in
1213 1131 1383 1202 jugo;
1416 1131 1628 1196 ultima,
1662 1146 1784 1201 qua:
1810 1147 1839 1184 a
1871 1137 2090 1201 septen-

527 1225 798 1281 trionibus
831 1225 1042 1295 adjacet
1071 1225 1280 1279 lucidce.
1311 1223 1587 1278 Culminat
1615 1237 1678 1277 ex
1725 1223 1846 1279 aliis
1892 1223 2088 1293 prima,

526 1317 706 1372 media
733 1317 969 1381 illarum,
994 1331 1112 1387 qua
1137 1317 1191 1370 in
1215 1315 1414 1370 Arietis
1430 1315 1635 1383 cauda;
1658 1315 1873 1392 ultima,
1902 1329 2091 1370 earum

528 1409 832 1474 stellarum,
856 1423 976 1478 qua:
1003 1395 1146 1462 inter
1171 1420 1438 1462 summam
1468 1391 1748 1479 cuspidem
1776 1393 2093 1460 Pleiadis‘ét

531 1501 874 1565 Sucularum,
910 1516 1031 1572 quae
1079 1508 1208 1556 sunt
1240 1499 1294 1554 in
1323 1497 1514 1553 dextra
1549 1498 1748 1561 fronte,
1783 1498 1900 1552 sitm
1942 1503 2091 1558 sunt,

529 1595 801 1649 borealior
842 1601 896 1648 et
938 1591 1294 1662 splendidior,
1325 1591 1484 1646 besse
1516 1591 1684 1646 cubiti
1721 1588 1835 1645 fere
1883 1589 2094 1642 distans

532 1700 562 1738 a
592 1683 914 1739 meridiano.
951 1683 1082 1739 item
1114 1684 1169 1738 in
1202 1683 1408 1754 majore
1440 1683 1648 1736 ambitu
1679 1679 1851 1736 Fluvii
1879 1680 2126 1736 Orionis'

533 1775 773 1830 secunda
802 1776 867 1830 ad
919 1773 1370 1846 septentrionem,
1399 1781 1453 1828 et
1481 1773 1682 1837 lucida,
1712 1788 1741 1826 a
1795 1757 2096 1826 meridiano

2193 594 2282 640 τος
2307 576 2362 630 δὲ
2393 576 2484 630 τοῦ
2515 593 2570 628 τε
2605 576 2778 628 νοτίου
2814 575 3014 645 Ἰχθύος
3052 577 3080 628 6
3105 575 3420 646 νοτιώτερος
3460 575 3568 629 τῶν
3598 579 3656 630 ὲν
3691 582 3756 648 τῇ

2192 669 2344 740 ούρᾷ,
2378 668 2473 720 καὶ
2499 668 2596 738 τῆς
2622 668 2995 731 Κασσιεπείας
3023 671 3051 720 6
3078 670 3135 721 ἐν
3167 668 3246 738 τῷ
3279 668 3484 736 γόνατι.
3519 669 3672 722 Δύνει
3704 670 3756 723 66
3783 673 3792 692 ⁷

2191 763 2219 814 6
2237 763 2398 828 Ὄφις
2425 760 2482 814 ὲν
2506 759 2672 830 ὥραις
2701 765 2749 827 γ’
2773 760 2846 821 ὡς
2872 760 3114 827 ἔγγιστα.

2241 855 2372 924 -Τῆς
2394 852 2450 904 δὲ
2476 853 2657 923 Δύρας
2681 851 2962 920 δυνούσης,
2987 851 3376 918 συγκαταδύνει
3405 851 3502 920 μὲν
3528 851 3557 902 6
3581 850 3760 914 ζωδια-

2193 946 2287 1009 κδς
2312 945 2420 998 61:6
2441 944 2532 997 :06
2566 943 2847 1014 ’Υδροχόου
2876 943 2984 1013 μοί.
3008 942 3046 994 6'
3073 943 3178 1005 ἕως
3213 942 3497 1013 ’Υδροχόου
3533 943 3640 1013 μοί.
3672 942 3760 1012 ιβ’·

2198 1039 2519 1108 μεσουρανεϊ
2557 1035 2612 1088 δὲ
2642 1035 2750 1088 61:6
2786 1034 2958 1105 Κριοῦ
2991 1042 3038 1102 γ’
3072 1036 3166 1088 καὶ
3197 1042 3243 1087 κ’
3282 1035 3452 1105 μέσης
3491 1036 3596 1099 ἕως
3623 1036 3762 1089 Ταύ-

2196 1143 2292 1199 ρου
2328 1133 2396 1195 γ’.
2442 1127 2552 1180 Καὶ
2582 1133 2629 1180 6'
2671 1125 2770 1196 μὲν
2798 1126 2974 1196 ἀστὴρ
3016 1125 3159 1178 δύνει
3185 1128 3213 1178 6
3246 1125 3546 1196 ἡγούμενος
3571 1126 3680 1179 τῶν
3710 1128 3765 1178 ὲν

2195 1218 2271 1288 τῷ
2299 1216 2614 1287 -ζυγώματιΔ
2642 1216 2932 1286 λαμπρῶν,
2976 1215 3200 1286 ἔσχατος
3247 1216 3292 1268 6.‘
3327 1217 3358 1268 6
3407 1217 3502 1268 61:‘
3551 1218 3766 1290 ἄρκτων

2195 1309 2597 1381 παρακείμενος
2624 1309 2701 1378 τῷ
2721 1309 2785 1360 λα
2794 1308 2975 1378 μπρῷ.
3018 1309 3357 1379 Μεσουρανεῖ
3376 1307 3432 1360 δὲ
3451 1307 3558 1361 τῶν
3592 1309 3768 1362 ἄλλων
3791 1347 3798 1354 -

2196 1410 2252 1455 α’·
2285 1397 2383 1472 μὲν
2426 1403 2455 1454 6
2484 1401 2646 1470 μέσος
2678 1400 2785 1454 τῶν
2823 1402 2879 1452 ὲν
2912 1403 2977 1470 τῇ
3009 1401 3146 1471 οὐρᾷ
3189 1399 3282 1453 τοῦ
3318 1400 3510 1472 Κριοῦ,
3545 1401 3768 1472 ἔσχατος

2196 1494 2250 1547 δὲ
2275 1494 2380 1547 τῶν
2411 1493 2612 1564 μεταξὺ
2647 1493 2739 1545 τοῦ
2769 1510 2828 1545 τε
2857 1492 3115 1558 ὀξυτάτου
3138 1493 3236 1562 τῆς
3262 1493 3515 1557 Πλειάδος
3543 1495 3636 1547 καὶ
3659 1475 3804 1547 τῶνἱ

2207 1585 2432 1650 Ὑάδων,
2466 1584 2692 1637 τῶν-ἐπὶ
2731 1584 2823 1637 τοῦ
2853 1584 3026 1649 δεξιοῦ
3063 1583 3342 1654 μετώπου,
3368 1588 3397 1638 6
3437 1585 3771 1658 βορειότερος

2198 1677 2374 1731 αὐτῶν
2410 1678 2497 1731 καὶ
2531 1677 2944 1748 ἐπιφανέστερος,
2974 1677 3401 1747 ὑπολειπόμενος
3432 1678 3526 1731 τοῦ
3558 1669 3766 1750 με’σημ-
3795 1681 3802 1699 ’·

2200 1767 2382 1837 ϐρινοῦ
2407 1767 2481 1830 ὡς
2520 1766 2564 1836 β’
2605 1768 2742 1838 μέρη
2787 1769 3037 1837 πήχεωςο
3075 1768 3169 1821 καὶ
3210 1767 3310 1838 τῆς
3345 1769 3584 1841 μεγάλης
3617 1769 3806 1842 περι-’

533 1867 743 1922 distans
771 1868 996 1922 semisse
1021 1865 1188 1921 cubiti
1213 1884 1226 1932 ;
1249 1866 1377 1920 item
1409 1879 1530 1934 quae
1556 1865 1697 1918 inter
1717 1863 2090 1933 praeelsionem

2207 1863 2417 1934 ρερείας
2447 1862 2552 1916 -τοῦ
2574 1863 2681 1916 61:6
2705 1862 2798 1916 :06
2840 1863 3090 1935 Ὠρίωνος
3121 1863 3374 1934 Ποταμοῦ
3413 1867 3441 1918 6
3465 1865 3509 1936 β’
3535 1867 3647 1919 τῶν
3676 1869 3806 1920 ἀπ”

535 1956 722 2025 Tauri,
754 1967 808 2012 et
835 1973 991 2021 eam,
1030 1973 1150 2027 qua:
1189 1965 1272 2012 est
1319 1956 1373 2010 in
1429 1956 1677 2026 scapula,
1723 1955 1882 2010 besse
1923 1953 2094 2008 cubiti

2207 1956 2398 2026 ἄρκτου
2430 1955 2523 2008 καὶ
2569 1955 2839 2026 λαμπρὸς,
2879 1955 3306 2027 ὑπολειπόμενος
3330 1957 3424 2011 τοῦ
3465 1959 3792 2032 μεσημϐριτ

535 2049 844 2118 praecedens
873 2047 1258 2104 meridianum.
1283 2045 1492 2102 Occidit
1521 2045 1663 2118 Lyra
1692 2046 1903 2101 duabus
1936 2046 2098 2100 unius

2207 2046 2288 2098 νοῦ
2327 2045 2402 2108 ὡς
2435 2047 2768 2116 ὴμιπήχιον·
2814 2048 2905 2100 καὶ
2948 2049 2976 2100 6
3026 2046 3230 2117 μεταξὺ
3262 2049 3361 2118 τῆς
3389 2066 3448 2102 τε
3495 2049 3777 2122 ἀποτομῆς

535 2154 682 2196 nam
709 2138 982 2210 partibus.

595 2422 781 2494 Cygno
810 2421 1174 2478 descendente
1233 2421 1494 2478 zodiacus
1538 2421 1741 2476 occidit
1773 2421 1842 2476 ab
1869 2418 2097 2489 Aquarii

539 2525 690 2586 parte
715 2515 894 2570 media
919 2515 951 2570 5
978 2515 1044 2570 ad
1093 2515 1330 2569 Piscium
1359 2515 1458 2579 M;
1495 2513 1760 2567 culminat
1798 2513 1866 2564 ab
1897 2513 2098 2586 Arietis

536 2607 605 2662 24
644 2607 821 2662 media
863 2605 931 2661 ad
971 2605 1322 2661 Geminorum
1354 2603 1438 2660 l2.
1477 2603 1660 2658 Prima
1694 2603 1895 2658 occidit
1919 2587 2096 2667 stella,
2129 2679 2132 2684 Ι

536 2718 658 2773 qnze
687 2710 771 2757 est
797 2701 851 2755 in
875 2701 1016 2755 rictu
1050 2699 1188 2770 Equi
1215 2718 1228 2765 ;
1271 2697 1484 2763 ultima,
1509 2697 1780 2751 borealior
1799 2713 1861 2751 ex
1889 2695 1957 2750 iis
1982 2711 2103 2765 qua:

538 2803 667 2850 sunt
698 2795 753 2848 in
774 2793 1118 2848 extremitate
1145 2793 1241 2845 alae
1274 2791 1500 2844 dextrae.
1536 2788 1614 2842 Ex
1641 2789 1763 2844 aliis
1788 2788 1959 2843 stellis
1983 2788 2100 2842 cul-

538 2887 711 2940 minat
740 2884 891 2955 prior
914 2882 1093 2938 lucida
1113 2883 1167 2936 in
1194 2881 1388 2936 dextro
1418 2881 1624 2936 femore
1644 2879 1826 2936 Persei
1851 2899 1864 2947 ;
1897 2889 1951 2934 et
1977 2894 2102 2935 suc-

539 2977 739 3033 cedens
775 2962 963 3032 earum
1003 2989 1124 3045 qua:
1166 2975 1220 3028 in
1250 2971 1424 3028 cauda
1455 2979 1584 3028 sunt
1625 2971 1870 3038 Arietis;
1908 2971 2103 3024 ultima

539 3085 690 3134 vero,
713 3083 837 3123 cum
889 3068 1048 3121 tertia
1081 3066 1148 3120 ab
1185 3080 1388 3120 occasu
1437 3079 1626 3118 earum
1649 3105 1664 3129 ,
1697 3079 1819 3134 quae
1868 3070 1995 3117 sunt
2045 3059 2130 3116 in'

540 3158 767 3228 pedibus
790 3155 1139 3211 Geminorum
1179 3170 1190 3204 :
1219 3161 1333 3206 tum
1361 3153 1688 3209 antecedens
1719 3155 1884 3208 trium
1915 3154 1970 3206 in
2008 3167 2100 3223 ge-

2201 2137 2292 2189 τοῦ
2321 2137 2533 2206 Ταύρου
2562 2139 2657 2190 καὶ
2691 2137 2786 2190 τοῦ
2818 2140 2874 2191 ὲν
2914 2141 2982 2210 τῇ
3011 2139 3333 2211 ὠμοπλάτη,
3366 2142 3779 2212 προηγούμενος

2199 2228 2293 2282 τοῦ
2335 2229 2707 2300 μεσημϐρινοῦ
2754 2230 2828 2293 ὡς
2878 2230 2920 2300 β’
2965 2232 3109 2302 μέρη
3156 2234 3394 2302 πήχεως.
3444 2233 3598 2286 Δύνει
3637 2233 3694 2286 δὲ
3742 2235 3778 2306 ἡ

2202 2318 2354 2391 Λύρα
2382 2321 2439 2372 ὲν
2465 2319 2586 2372 δυσὶ
2617 2320 2838 2391 μέρεσιν
2865 2319 3034 2390 ὧρας.

2269 2411 2375 2465 Τοῦ
2399 2411 2457 2465 δὲ
2491 2413 2742 2483 Ὄρνιθος
2772 2412 3020 2477 δύνοντος
3067 2413 3456 2482 συγκαταδύνει
3491 2414 3589 2484 μὲν
3628 2414 3781 2486 αύτῷ

2198 2507 2226 2558 6
2267 2501 2529 2567 ζωδιακὸς
2571 2505 2678 2557 61:6
2728 2503 2820 2557 :06
2873 2505 3159 2576 Ὑδροχόου
3211 2506 3320 2576 μοί.
3373 2513 3412 2558 ε’
3461 2507 3629 2577 μέσης
3675 2499 3808 2569 ἓω;-’

2213 2589 2430 2666 Ἰχθύων
2463 2583 2573 2666 μοί.
2608 2595 2671 2648 ιδ’
2693 2611 2708 2626 ο
2742 2597 3066 2667 μεσουρανεῖ
3096 2597 3152 2650 δὲ
3189 2595 3296 2650 61:6
3322 2597 3416 2650 :06
3453 2597 3623 2667 Κριοῦ
3665 2599 3777 2668 μοί.

2200 2687 2240 2740 δ’
2271 2690 2365 2742 καὶ
2407 2695 2453 2740 κ’
2486 2689 2658 2759 μέσης
2689 2688 2793 2752 ἕως
2825 2689 3070 2760 Διδύμων
3105 2689 3194 2760 ιβ’.
3238 2689 3349 2743 Καὶ
3395 2697 3441 2743 α’
3476 2691 3572 2761 μὲν
3604 2673 3806 2762 ἀστὴρῖ

2199 2780 2342 2834 δύνει
2357 2780 2385 2832 6
2401 2781 2458 2832 6v
2473 2779 2552 2850 τῷ
2568 2779 2756 2850 ῥύγχει
2770 2780 2880 2852 [τοῦ
2897 2780 3140 2853 Ἵππου],
3156 2781 3377 2853 ἔσχατος
3395 2782 3451 2835 δὲ
3467 2785 3494 2835 6
3511 2781 3782 2853 βορειότεε

2206 2889 2295 2944 ρος
2309 2872 2416 2925 τῶν
2429 2874 2486 2925 ὲν
2501 2873 2644 2943 ἄκρᾳ
2664 2875 2730 2943 τῇ
2751 2872 2898 2944 δεξιᾷ
2913 2873 3164 2944 πτέρυγι.
3183 2873 3356 2928 Μεσου
3365 2874 3581 2945 ρανοῦσι
3600 2875 3656 2927 66
3673 2875 3784 2928 τῶν

2201 2965 2373 3018 ἄλλων
2394 2959 2638 3038 ἀστέρων
2660 2965 2865 3036 πρῶτοι
2893 2965 2990 3034 μὲν
3016 2965 3109 3018 τοῦ
3127 2966 3379 3040 Περσέως
3401 2969 3430 3020 6
3458 2968 3513 3018 6v
3532 2966 3606 3037 τῷ
3623 2966 3784 3037 δεξιῷ
3804 2971 3810 2977 ’

2205 3052 2363 3124 μηρῷ
2388 3054 2661 3126 λαμπρὸς,
2701 3055 2794 3108 καὶ
2817 3053 2910 3107 τοῦ
2937 3054 3106 3126 Κριοῦ
3131 3057 3159 3108 6
3185 3055 3449 3126 ἑπόμενος
3478 3056 3583 3110 τῶν
3613 3058 3672 3109 ὲν
3711 3060 3779 3126 τῇ

2203 3148 2367 3217 ούρᾷο
2405 3147 2619 3216 ἔσχατοι
2648 3147 2703 3200 δὲ
2736 3147 2842 3200 τῶν
2870 3148 3114 3219 Διδύμων
3154 3150 3182 3203 ὃ
3227 3167 3288 3202 τε
3331 3151 3512 3222 τρίτος
3539 3151 3645 3203 61:6
3693 3151 3784 3204 δύ-

541 3247 737 3310 nibus;
771 3245 914 3298 ultra
945 3244 1224 3298 meridiem
1266 3242 1370 3296 sita
1405 3242 1556 3313 131
1593 3243 1958 3299 semicubitali
1991 3242 2102 3298 fere

2208 3255 2342 3301 σεως
2368 3238 2475 3290 τῶν
2502 3241 2558 3291 ἐν
2595 3243 2707 3302 τοῖς
2739 3242 2882 3305 ποσὶ,
2911 3242 3005 3293 καὶ
3030 3241 3057 3292 6
3099 3239 3403 3310 ἡγούμενος
3438 3241 3548 3295 τῶν
3584 3241 3642 3294 ὲν
3672 3242 3782 3303 τοῖς

544 3341 736 3410 spatio.
763 3337 976 3393 Occidit
1002 3335 1222 3408 Cygnus
1254 3339 1406 3393 horis
1437 3337 1657 3392 circiter
1696 3338 1749 3404 ὅ,
1788 3337 1888 3392 10'.

615 3603 778 3658 XXV.
823 3601 1025 3672 Cephei
1069 3605 1251 3668 partes
1294 3611 1371 3650 ea:
1419 3596 1594 3651 solum
1645 3594 1935 3658 occulunt,
1987 3610 2107 3664 qua:

544 3706 671 3754 sunt
701 3697 766 3750 ad
798 3702 978 3764 caput.
1004 3691 1139 3746 Cum
1169 3704 1233 3743 eo
1259 3687 1540 3744 descendit
1573 3687 1830 3742 zodiacus
1861 3687 1929 3741 ab
1954 3686 2110 3741 Arie-

543 3792 614 3844 tis
649 3789 680 3843 8
720 3796 868 3856 partc
916 3783 1091 3839 media
1128 3782 1193 3838 ad
1225 3782 1326 3847 ης
1361 3779 1624 3835 culminat
1649 3794 1678 3833 a
1727 3777 1921 3833 Cancri
1974 3779 2007 3832 9
2041 3779 2108 3833 ad

547 3880 632 3934 16.
685 3876 866 3932 Prima
912 3874 1069 3929 stella
1115 3872 1359 3926 occidit.
1396 3911 1407 3922 .
1445 3909 1458 3924 .
1494 3909 1507 3924 .
1540 3869 1816 3923 Culminat
1870 3885 1936 3924 ex
1984 3869 2106 3924 aliis

548 3969 718 4024 stellis
757 3968 948 4038 prima,
990 3963 1280 4018 australior
1306 3960 1498 4015 Cancri
1523 3976 1589 4014 ex
1620 3960 1706 4015 bis
1735 3976 1855 4030 qua:
1887 3961 1954 4014 ab
1984 3969 2106 4014 ortu

547 4061 693 4115 circa
717 4056 1046 4119 nubeculam
1095 4053 1214 4108 sita:
1247 4059 1395 4117 sunt,
1441 4050 1721 4119 paululum
1754 4049 1891 4104 citra
1942 4049 2110 4104 meri-

549 4155 689 4208 diem
735 4150 950 4222 posita:
979 4157 1090 4200 tum
1124 4143 1325 4207 lucida,
1357 4157 1476 4212 qua:
1524 4141 1578 4194 in
1627 4141 1970 4196 extremitate
2010 4141 2113 4194 Ar-

548 4263 648 4318 gus
696 4243 947 4298 :ultimze
1005 4237 1342 4301 culminant,
1395 4234 1578 4290 lucida
1635 4234 1690 4288 in
1743 4235 2112 4292 anterioribus

551 4339 702 4394 Ursa:
730 4335 976 4407 genibus,
1012 4330 1289 4400 paululum
1322 4330 1458 4383 citra
1484 4327 1844 4383 meridianum
1877 4327 2012 4393 sita;
2060 4336 2114 4383 et

549 4427 603 4479 in
633 4425 843 4479 Cancro
869 4419 1045 4474 media
1083 4417 1270 4480 trium,
1303 4433 1424 4488 qua:
1466 4424 1596 4471 sunt
1623 4416 1772 4470 circa
1815 4418 2112 4473 australem

2208 3331 2397 3398 γόνασι
2437 3337 2506 3398 γ’,
2538 3332 2948 3402 προηγούμενος
2986 3331 3079 3385 :06
3117 3331 3512 3404 μεσημϐρινοῦ,
3544 3333 3618 3396 ὡς
3662 3335 3787 3403 ἡμι-

2209 3420 2419 3489 πήχιον.
2471 3421 2628 3473 Δύνει
2680 3422 2736 3474 δὲ
2773 3424 2802 3474 6
2836 3425 3024 3495 Ὄρνις
3059 3425 3116 3476 ὲν
3155 3423 3327 3494 ὥραις
3373 3430 3421 3492 γ’
3459 3425 3553 3478 καὶ
3593 3431 3647 3490 ς’
3689 3425 3788 3496 μέ-

2211 3527 2313 3582 ρει.

2280 3605 2407 3658 KE'.
2433 3603 2536 3656 T06
2549 3604 2605 3657 66
2623 3605 2857 3674 Κηφέως
2877 3605 3022 3658 δύνει
3044 3606 3113 3659 τὰ
3129 3607 3361 3678 περὶτὴν
3377 3607 3617 3680 κεφαλὴν
3640 3609 3788 3681 μέρη

2212 3691 2391 3759 μόνον.
2421 3691 2528 3743 Καὶ
2563 3692 2950 3760 συγκαταδύνει
2988 3695 3085 3764 μὲν
3113 3695 3262 3767 αὐτῷ
3299 3699 3328 3749 6
3378 3696 3640 3763 ζωδιακὸς
3677 3701 3790 3753 61:6

2209 3783 2380 3854 Κριοῦ
2431 3784 2538 3854 μοί.
2585 3792 2632 3856 η’
2675 3786 2844 3856 μέσης
2889 3787 2994 3851 ἕως
3037 3789 3208 3861 Κριοῦ
3247 3791 3340 3844 t6"
3379 3797 3703 3865 μεσουρανεῖ
3727 3795 3788 3849 δὲ

2210 3875 2316 3927 61:6
2335 3876 2609 3946 Καρκίνου
2643 3879 2757 3948 μοί,
2783 3879 2826 3931 0'
2852 3879 2956 3943 ἕως
2985 3883 3258 3952 Καρκίνου
3279 3885 3389 3954 μοί.
3415 3893 3491 3950 ις’
3518 3887 3586 3941 ⁸⁸.
3605 3887 3714 3940 Καὶ
3737 3892 3790 3940 α’

2216 3967 2312 4036 μὲν
2352 3967 2529 4038 ἀστὴρ
2563 3967 2738 4021 δύνειο
2776 3974 3165 4042 μεσουρανοῦσι
3197 3975 3253 4028 δὲ
3286 3975 3393 4028 τῶν
3422 3975 3595 4030 ἄλλων
3626 3977 3788 4032 ἀστέ-

2216 4074 2320 4128 ρων
2350 4057 2395 4112 α’
2419 4059 2517 4129 μὲν
2536 4059 2630 4112 τοῦ
2656 4077 2715 4114 τε
2740 4063 3016 4134 Καρκίνου
3038 4066 3067 4118 6
3083 4065 3398 4137 νοτιὼτερος
3411 4065 3518 4121 τῶν
3539 4068 3633 4120 ἀπ’
3658 4069 3792 4122 ἀνα-

2212 4149 2368 4222 τολῆς
2422 4153 2549 4224 περὶ
2595 4152 2655 4206 :6
2699 4155 2941 4224 νεφέλιον
2985 4157 3272 4228 κειμένων,
3325 4160 3518 4232 μικρὸν
3567 4160 3790 4214 ὑπολει-

2215 4239 2444 4311 πόμενος
2481 4242 2572 4296 τοῦ
2606 4245 2999 4316 μεσημϐρινοῦ,
3025 4248 3118 4300 καὶ
3154 4249 3255 4318 τῆς
3297 4249 3525 4321 Ἀργοῦς
3565 4253 3593 4304 ὁ
3625 4253 3683 4304 ὲν
3707 4251 3791 4321 τῷ

2212 4327 2544 4400 ἀκροστολίῳ
2589 4330 2870 4402 λαμπρός·
2903 4334 3126 4404 ἔσχατος
3155 4337 3209 4389 δὲ
3248 4337 3349 4408 τῆς
3384 4341 3618 4410 ’Ἄρκτου
3662 4343 3690 4393 ό
3731 4342 3794 4393 ὲν

2211 4422 2323 4482 τοῖς
2353 4421 2705 4492 ἐμπροσθίοις
2738 4425 2927 4492 γόνασι
2962 4427 3232 4500 λαμπρὸς,
3267 4430 3463 4501 μικρὸν
3500 4429 3792 4483 ὑπολειπό-

547 4517 783 4580 Clielen;
825 4528 924 4566 nec
961 4527 1070 4564 non
1110 4508 1297 4580 llydri,
1331 4524 1452 4578 quae
1485 4509 1540 4561 in
1574 4507 1757 4562 radice
1784 4507 1945 4573 colli;
1991 4515 2105 4561 tum

2217 4527 2375 4580 μενος
2401 4512 2492 4565 τοῦ
2547 4516 2918 4587 μεσημϐρινοῦ
2941 4534 2953 4547 °
2987 4521 3080 4571 καὶ
3112 4519 3205 4571 τοῦ
3247 4521 3523 4590 Καρκίνου
3552 4522 3580 4573 6
3624 4523 3793 4589 μέσος

553 4609 727 4664 lucida
757 4608 812 4661 in
839 4605 1001 4660 Navis
1023 4605 1212 4667 latere,
1235 4600 1515 4672 paululum
1549 4601 1689 4655 citra
1719 4600 2100 4656 meridianum.

2209 4601 2314 4655 τῶν
2343 4601 2389 4671 Υ
2415 4603 2523 4657 τῶν
2549 4607 2675 4676 περὶ
2705 4606 2802 4678 τὴν
2832 4609 3010 4660 νοτίαν
3034 4609 3215 4682 Χηλήν
3236 4628 3248 4641 ο
3284 4615 3376 4664 καὶ
3411 4613 3503 4666 τοῦ
3535 4613 3732 4685 Ὕδρου
3763 4615 3794 4666 6

551 4703 644 4754 61:1
667 4704 765 4771 τῆς
793 4701 1069 4770 ἐκφύσεως
1098 4701 1189 4754 τοῦ
1223 4700 1519 4771 τραχήλου·
1551 4700 1644 4753 καὶ
1711 4699 1810 4769 τῆς
1851 4697 2078 4770 Ἀργοῦς
2117 4699 2146 4750 6
2212 4701 2269 4751 ὲν
2307 4700 2456 4772 μέσῳ
2502 4702 2578 4772 τῷ
2618 4703 2780 4775 τοίχῳ
2811 4705 3060 4776 λαμπρὸς
3119 4708 3312 4780 μικρὸν
3367 4707 3795 4778 ὑπολειπόμενος

550 4795 640 4848 τοῦ
673 4795 1068 4867 μεσημϐρινοῦ.

620 4929 914 4985 Occidente
939 4931 1223 4999 Cassiepca
1246 4930 1502 4984 zodiacus
1526 4945 1631 4983 una
1652 4929 1850 4984 occidit
1873 4930 1941 4985 ab
1961 4931 2114 4986 Arie-

550 5023 620 5075 tis
644 5022 705 5072 2|
753 5020 820 5073 ad
862 5018 1024 5073 Tauri
1073 5021 1302 5074 mediam
1349 5029 1556 5089 partem
1601 5021 1706 5086 ‘24;
1740 5022 2002 5075 culminat
2047 5023 2114 5076 ab

551 5113 749 5167 Cancri
787 5111 858 5165 ΞΕ
897 5111 964 5166 ad
996 5110 1234 5182 Virginis
1263 5112 1314 5165 5.
1344 5111 1504 5166 Prior
1532 5112 1732 5168 occidit
1765 5113 1923 5169 stella
1954 5115 2106 5184 capi-

553 5205 655 5270 tis;
684 5203 896 5266 ultima,
931 5218 1051 5272 quae
1094 5212 1178 5258 est
1209 5205 1266 5257 in
1308 5204 1556 5272 pedibus.
1596 5204 1904 5259 Culminant
1937 5205 2116 5275 primo

551 5293 751 5348 Leonis
781 5293 1022 5347 anterior
1047 5308 1176 5361 pes;
1208 5299 1260 5346 ct
1283 5309 1472 5347 carum
1506 5310 1626 5364 quae
1663 5304 1790 5350 sunt
1821 5295 1874 5349 in
1911 5295 2112 5366 capite,

553 5387 888 5441 lucidissima
935 5401 1079 5440 :nec
1125 5400 1232 5438 non
1272 5385 1438 5456 llydri
1494 5387 1959 5457 splendidissima.
2020 5388 2116 5443 Ul-

554 5479 706 5543 timo,
737 5476 1001 5530 Draconis
1036 5476 1273 5531 secunda
1304 5492 1492 5530 earum
1526 5493 1644 5547 quae
1678 5477 1746 5532 ab
1777 5478 1956 5538 cauda,
1987 5487 2116 5534 sunt

557 5568 766 5633 lucidae,
806 5578 859 5622 et
896 5583 1016 5638 qute
1046 5583 1101 5622 in
1143 5573 1322 5624 rostro
1357 5567 1548 5635 Corvi;
1593 5585 1692 5624 nec
1741 5585 1850 5626 non
1889 5586 2008 5642 quae
2061 5573 2116 5626 in

625 5723 669 5754 ⁸⁸
695 5721 817 5787 Req.
849 5723 926 5776 ιδ’.

2291 4931 2402 5002 Τῆς
2452 4933 2508 4987 δὲ
2557 4936 2924 5000 Κασσιεπείας
2957 4937 3234 5010 δυνούσης,
3275 4939 3664 5008 συγκαταδύνέι
3694 4943 3799 5012 μὲν

2223 5025 2358 5096 αὐτῇ
2393 5027 2420 5078 ὁ
2445 5025 2702 5090 ζωδιακὸς
2740 5029 2846 5081 61:6
2875 5029 3048 5099 Κριοῦ
3085 5031 3193 5100 μοί.
3221 5038 3269 5083 6'
3302 5035 3395 5085 καὶ
3421 5034 3468 5086 κ’
3502 5035 3603 5096 ἕως
3646 5035 3797 5088 Ταύ-

2224 5134 2318 5186 ρου
2365 5116 2404 5168 δ’
2437 5118 2532 5170 καὶ
2563 5124 2610 5171 κ’
2647 5120 2846 5189 μέσης·
2898 5127 3220 5193 μεσουρανεῖ
3257 5125 3313 5177 δὲ
3355 5126 3463 5178 ἀπὸ
3512 5127 3792 5196 Καρκίνου

2229 5209 2335 5277 μοί.
2368 5206 2407 5260 δ’
2439 5210 2530 5262 καὶ
2563 5217 2608 5262 κ’
2637 5211 2741 5274 ἕως
2769 5213 3042 5284 Παρθένου
3075 5222 3134 5268 ε’.
3166 5217 3274 5268 Καὶ
3299 5223 3345 5269 α’
3373 5216 3470 5287 μὲν
3495 5216 3670 5288 ἀστὴρ
3700 5218 3799 5271 δύ-

2222 5315 2300 5351 νει
2342 5302 2369 5352 6
2401 5301 2456 5354 ὲν
2488 5304 2551 5372 τῇ
2584 5304 2813 5374 κεφαλῇ,
2853 5304 3073 5375 ἔσχατος
3095 5307 3150 5359 δὲ
3179 5310 3208 5360 6
3236 5309 3291 5359 ὲν
3319 5310 3430 5370 τοῖς
3460 5309 3607 5361 ποσί.
3649 5310 3803 5363 Μεσ-

2223 5409 2282 5444 ου
2289 5392 2448 5462 ρανοῦ
2456 5410 2504 5446 σι
2520 5394 2575 5446 δὲ
2593 5395 2699 5449 τῶν
2715 5396 2884 5451 ἄλλων
2907 5399 3146 5468 ἀστέρων
3167 5398 3213 5452 α’
3232 5401 3330 5469 μὲν
3350 5399 3443 5452 τοῦ
3457 5401 3680 5463 Λέοντος
3695 5403 3725 5454 ὅ
3741 5419 3804 5456 τε

2225 5484 2552 5553 ὲμπρόσθιος
2584 5486 2736 5551 ποῦς,
2761 5489 2853 5540 καὶ
2880 5489 2986 5542 τῶν
3024 5492 3079 5542 ὲν
3104 5494 3168 5562 τῇ
3193 5493 3401 5565 κεφαλῇ
3425 5497 3453 5546 6
3483 5493 3804 5566 λαμπρότα-

2225 5591 2332 5641 τος,
2355 5577 2446 5629 καὶ
2473 5576 2564 5630 τοῦ
2582 5578 2782 5650 ’Ύδρου
2815 5582 2842 5634 ὁ
2869 5581 3262 5652 λαμπρότατοςο
3289 5584 3502 5655 ἔσχατοι
3527 5585 3583 5638 δὲ
3617 5583 3712 5640 τοῦ
3743 5603 3806 5641 τε
