4130 6410
314 488 333 497 ι·
351 465 375 519 Ι
393 465 489 520 Ιθῦ
1311 459 1680 517 llIPPARCHl
1718 460 1811 516 AD
1846 461 1934 516 PH

2041 460 2309 518 iOMENA'
2334 461 2461 515 LVD.
2506 461 2569 516 ιιι
3426 463 3580 521 στω

352 580 653 652 Δράκοντος
673 581 702 633 6
735 578 779 650 β’
813 579 923 633 τῶν
944 581 1053 634 ἀπὸ
1072 581 1169 651 τῆς
1198 582 1257 633 ού
1267 582 1364 652 ρᾶς
1385 579 1673 652 λαμπρῶν,
1716 580 1809 634 καὶ
1832 579 1927 634 τοῦ

2041 581 2152 651 ejus
2190 581 2385 651 capite.
2439 579 2653 639 Occidit
2682 576 2972 651 Cassiepea
3004 577 3155 636 boris
3182 562 3349 645 2,.et-
3373 578 3583 637 duabus

352 673 597 743 Κόρακος
617 672 646 725 ὃ
669 688 729 724 τε
755 672 814 724 έν
841 670 919 742 τῷ
953 671 1142 742 ῥύγχει
1172 673 1267 745 καὶ
1290 675 1319 726 6
1348 674 1406 726 ὲν
1431 676 1496 744 τῇ
1521 672 1749 743 κεφαλῇ.
1769 671 1922 726 Δύνει

2041 688 2175 728 morae
2207 672 2473 743 partibus.

320 750 323 753 6
348 764 406 817 δὲ
434 764 467 834 ἡ
499 763 837 827 Κασσιέπεια
866 764 925 817 έν
948 763 1118 834 ὥραις
1153 762 1197 834 β’
1228 765 1324 818 καὶ⁹
1350 764 1472 817 δυσὶ
1512 765 1733 835 μέρεσιν
1753 762 1921 835 ὥρας.

420 856 531 927 Τῆς
560 853 619 921 ἓ
672 854 1029 927 Ἀνδρομέδας
1076 854 1355 924 δυνούσης,
1392 854 1779 924 συγκαταδύνει
1826 854 1926 925 μὲν

320 949 488 1020 ,αὐτῇ
517 950 548 1002 6
588 946 851 1013 ζωδιακὸς
877 945 986 1009 ἀπὸ
1028 945 1244 1016 Ἰχθύων
1303 933 1362 1016 ﬂ"
1407 947 1503 1000 καὶ
1532 952 1576 999 κ’
1618 944 1726 1016 μοί.
1758 944 1926 1015 μέσης

352 1040 457 1103 ἕως
488 1037 658 1110 Κριοῦ
686 1044 735 1109 η’
774 1038 866 1092 καὶ
888 1036 936 1093 κ’
970 1039 1140 1110 μέσης
1159 1054 1173 1069 ·
1208 1038 1531 1109 μεσουρανεῖ
1555 1036 1612 1091 δὲ
1643 1035 1750 1089 ἀπὸ
1780 1035 1929 1089 Διδύ-

320 1177 333 1188 .
357 1148 474 1202 μων
522 1129 572 1185 α’
612 1131 706 1197 καὶ
759 1137 806 1184 κ’
861 1132 1034 1203 μέσης
1078 1131 1183 1194 ἓως
1228 1129 1455 1205 Λέοντος
1494 1126 1559 1199 β’.
1604 1129 1713 1183 Καὶ
1748 1133 1795 1181 α’
1831 1126 1929 1197 μὲν

322 1224 529 1295 ,ἀστὴρ
555 1222 702 1281 δύνει
722 1224 752 1276 6
777 1223 835 1278 ὲν
863 1226 931 1296 τῇ
956 1223 1189 1295 κεφαλῇ,
1215 1222 1439 1292 ἔσχατος
1461 1221 1518 1283 δὲ
1541 1222 1569 1274 6
1602 1220 1931 1293 βορειότερσς

2093 849 2230 905 Cum
2275 848 2620 915 Andromeda
2664 847 2945 905 descendit
2994 864 3157 906 arcus
3194 849 3407 909 zodiaci
3439 866 3471 907 a
3495 849 3586 906 Pi-

2028 944 2201 999 scium
2231 951 2386 1013 parte
2414 943 2485 997 22
2506 942 2683 1003 media
2712 943 2977 1013 usque.ad
2999 943 3199 1009 Arietis
3221 944 3292 999 28
3309 942 3582 1009 mediam;

2027 1031 2290 1087 culminat
2322 1046 2381 1086 .a
2429 1030 2801 1091 Geminorum.
2828 1033 2893 1087 2|
2954 1034 3130 1089 media
3169 1033 3239 1088 ad
3295 1032 3492 1091 Leonis
3528 1033 3583 1093 2.

2029 1122 2210 1178 Prima
2255 1124 2455 1179 occidit
2496 1140 2616 1194 quae
2647 1133 2731 1180 est
2775 1124 2830 1179 in
2877 1125 3088 1194 capite;
3136 1124 3348 1189 ultima,
3397 1140 3587 1180 earum

2028 1230 2151 1286 qua:
2178 1224 2305 1281 sunt
2344 1216 2400 1295 in
2440 1215 2632 1281 dextro
2661 1216 3479 1287 pale,_bqrealjor..(lulminant
3520 1234 3588 1274 ex

349 1311 459 1367 τῶν
510 1314 570 1366 έν
611 1312 697 1384 τῷ
738 1312 894 1384 δεξιῷ
927 1314 1068 1369 ποδί.
1109 1310 1519 1384 Μεσουρανοῦσι
1549 1311 1738 1375 δὲτῶν
1760 1310 1933 1364 ἄλλων

2041 1305 2155 1361 aliis
2186 1305 2383 1370 stellis,
2410 1307 2563 1361 initio
2589 1308 2829 1377 quidem,
2862 1324 2982 1379 qua:
3004 1317 3088 1366 est
3119 1311 3176 1365 in
3207 1310 3589 1381 rostmmajo-

327 1403 596 1477 ⁹ἀστέρων
626 1406 685 1467 ὲν
715 1406 875 1477 ἀρχῇν
901 1405 999 1477 μὲν
1020 1406 1059 1471 ᾖ
1082 1422 1140 1458 τε
1169 1406 1227 1469 έν
1249 1403 1328 1474 τῷ
1359 1402 1547 1475 ῥύγχει
1569 1402 1666 1475 τῆς
1695 1402 1933 1475 μεγάλης

2041 1398 2111 1452 ris
2142 1395 2325 1464 Ursae;
2372 1405 2425 1451 et
2453 1414 2574 1468 quae
2620 1399 2677 1454 in
2721 1400 2897 1470 capite
2946 1400 3299 1472 praecedentis
3324 1400 3585 1458 Gemini:

360 1496 617 1566 Ἄρκτου,
651 1497 746 1549 καὶ
771 1498 800 1550 6
822 1497 882 1551 ὲν
908 1500 976 1568 τῇ
1009 1496 1220 1567 κεφαλῇ
1246 1495 1338 1548 τοῦ
1366 1495 1689 1568 ἡγουμένου,
1724 1495 1819 1549 καὶ
1841 1492 1933 1547 τοῦ

2041 1498 2150 1545 tum
2198 1491 2434 1547 maxime
2470 1492 2707 1548 borcalls
2746 1496 2936 1548 cariim
2985 1494 3106 1566 quin
3152 1500 3281 1550 sunt
3308 1492 3365 1550 in
3412 1490 3592 1567 ca'pite

325 1586 532 1653 ιΚυνὸς
575 1588 604 1641 6
641 1587 979 1661 βορειότατος
1026 1588 1133 1657 τῶν
1165 1590 1224 1641 ὲν
1250 1590 1316 1658 τῇ
1361 1586 1589 1657 κεφαλῇ·
1631 1584 1853 1656 ἔσχατον
1881 1584 1937 1639 δὲ

2041 1586 2217 1643 Canis.
2247 1585 2534 1643 Postremo
2563 1588 2864 1644 culminant
2903 1604 2966 1644 ea
2994 1604 3117 1660 qua:
3155 1596 3239 1645 est
3263 1590 3319 1644 in
3351 1597 3592 1649 extrema

321 1722 338 1734 ,
359 1674 754 1746 μεσουρανοῦσι
787 1676 881 1730 τοῦ
920 1694 980 1729 τε
1016 1676 1317 1747 Δράκοντος
1365 1676 1394 1742 6
1438 1675 1495 1729 ὲν
1536 1673 1682 1746 ἄκρᾳ
1709 1677 1775 1746 τῇ
1804 1673 1939 1743 οὐρᾷ

2041 1677 2210 1734 cauda
2244 1676 2507 1734 Draconis
2526 1716 2543 1743 ,
2573 1686 2626 1735 et
2657 1679 2832 1737 media
2876 1681 3041 1737 trium
3072 1697 3192 1752 quae
3222 1682 3276 1737 in
3306 1682 3426 1753 ejus
3453 1683 3593 1738 collo

322 1766 452 1833 ,καὶ
475 1769 505 1821 6
532 1766 694 1838 μέσος
719 1767 825 1822 τῶν
848 1771 915 1822 κέν
942 1768 1020 1839 τῷ
1040 1767 1293 1840 τραχήλῳ
1319 1765 1483 1835 αύτοῦ
1509 1764 1556 1835 γ’
1582 1766 1666 1820 ἐπ’
1703 1765 1935 1829 εὐθείας,

2041 1772 2094 1825 in
2114 1770 2382 1827 directum
2414 1770 2531 1827 sitae
2560 1780 2706 1827 sunt.
2736 1770 2867 1828 ltem
2900 1774 2957 1828 in
2978 1772 3160 1829 Tauro
3188 1774 3347 1831 tertia
3369 1774 3437 1829 de
3457 1789 3593 1845 qua-

328 1912 335 1923 .
358 1857 451 1912 καὶ
477 1856 585 1919 τοῦ,
605 1858 818 1931 Ταύρου
846 1860 874 1912 6
903 1856 950 1929 γ’
977 1858 1083 1913 τῶν
1116 1858 1253 1931 μετὰ
1278 1859 1368 1921 τὸν
1396 1857 1648 1929 λαμπρὸν
1677 1855 1939 1919 ἀνατολάς

2043 1870 2187 1928 tuor,
2217 1878 2338 1933 qua:
2376 1863 2443 1919 ad
2473 1863 2738 1919 orientem
2784 1872 2913 1920 sunt
2939 1873 3065 1937 post
3095 1866 3353 1923 lucidam.
3383 1864 3601 1924 Occidit

326 1945 419 2019 ηδ’.
450 1948 603 2003 Δύνει
641 1949 698 2005 δὲ
743 1952 775 2020 ὴ
826 1950 1148 2023 Ἀνδρομέδα
1198 1952 1255 2005 ὲν
1296 1948 1467 2020 ὥραις
1506 1946 1553 2018 f
1574 1948 1649 2012 ὡς
1690 1946 1930 2018 ἔγγιστα.

2041 1952 2381 2009 Andromeda
2407 1953 2558 2009 boris
2587 1954 2833 2023 proxime
2857 1955 3052 2011 tribus.

332 2090 337 2093 .
429 2038 536 2093 T06
569 2039 626 2093 66
659 2040 854 2095 Ἵππου
883 2041 1149 2107 δύνοντος,
1180 2039 1571 2110 συγκαταδύνει
1601 2039 1698 2110 μὲν
1731 2039 1879 2109 αὐτῷ
1899 2039 1934 2107 ⁸ό

329 2129 619 2207 ⁸ζωδιακὸς
654 2132 762 2205 άπὸ
805 2131 1088 2204 Ὑδροχόου
1123 2132 1235 2204 μοί.
1262 2139 1327 2202 ιγ’
1371 2132 1540 2202 μέσης
1572 2130 1676 2193 ἕως
1717 2129 1935 2200 Ἰχθύων

362 2222 470 2293 μοί.
510 2221 598 2293 ιγ’·
620 2227 942 2296 μεσουρανεί
970 2224 1028 2278 δὲ
1056 2224 1162 2291 63:6
1192 2221 1406 2293 Ταύρου
1440 2220 1482 2276 δ’
1513 2222 1685 2292 μέσης
1714 2221 1818 2285 ἕως
1844 2222 1935 2275 Δι-

314 2314 542 2389 .,ὸύμων
591 2315 658 2371 ια’
715 2316 908 2388 μέσης.
952 2317 1064 2370 Καὶ
1103 2314 1150 2370 α’
1192 2315 1295 2387 μὲν
1335 2315 1509 2387 ἀστὴρ
1537 2313 1682 2368 δύνει
1708 2314 1736 2367 6
1773 2314 1830 2365 ὲν
1857 2311 1936 2387 τῷ

334 2464 339 2471 .
362 2406 589 2481 στόματι
615 2407 779 2462 αὐτοῦ
804 2407 1076 2479 λαμπρὸς,
1107 2406 1330 2477 ἔσχατος
1356 2405 1415 2459 δὲ
1437 2408 1465 2459 6
1494 2405 1587 2471 ἐπὶ
1620 2404 1716 2476 τῆς
1737 2394 1936 2472 ὀσφύος

363 2495 636 2570 λαμπρός.
672 2484 1014 2570 Μεσουρανεῖ
1040 2496 1098 2550 δὲ
1123 2497 1230 2550 τῶν
1261 2496 1435 2551 ἄλλων
1470 2493 1518 2550 α’
1551 2495 1649 2566 μὲν
1681 2495 1709 2548 ὅ
1753 2511 1813 2547 τε
1850 2494 1937 2563 βο-

339 2587 630 2665 ὶρειότερος
683 2585 791 2641 τῶν
846 2583 1046 2658 μεταξὺ
1096 2584 1191 2639 τοῦ
1230 2583 1399 2650 ὀξέως
1429 2582 1527 2654 τῆς
1560 2581 1816 2645 Πλειάδος
1844 2581 1937 2653 καὶ

336 2678 470 2754 ιτῶν
505 2679 712 2755 Ὑάδων
763 2676 871 2732 τῶν
905 2678 964 2731 έν
992 2676 1072 2749 τῷ
1100 2673 1373 2749 ἀριστερῷ
1426 2671 1681 2745 μετώπῳ,
1713 2672 1805 2724 καὶ
1842 2670 1935 2724 τοῦ

336 2768 576 2844 ,Ταύρου
600 2769 713 2823 δέν
738 2771 804 2842 τῇ
836 2768 1136 2841 ὠμοπλάτη
1168 2766 1361 2839 μικρὸν
1393 2764 1816 2835 ὑπολειπόμενος
1842 2763 1934 2819 τοῦ

366 2859 759 2937 μεσημϐρινοῦ·
798 2858 1015 2931 ἔσχατοι
1044 2858 1100 2913 δὲ
1130 2855 1523 2930 μεσουρανοῦσι
1551 2855 1659 2910 τῶν
1692 2856 1936 2927 Διδύμων

2018 2078 2025 2095 .
2110 2042 2264 2115 Equo
2308 2043 2675 2100 descendente
2716 2042 2916 2099 occidit
2959 2042 3236 2102 zodiacus
3265 2044 3333 2101 ab
3371 2045 3601 2115 Aquarii

2016 2142 2193 2206 parte
2213 2134 2282 2188 l3
2310 2134 2488 2192 media
2519 2134 2586 2190 ad
2620 2130 2857 2191 Piscium
2890 2135 2995 2203 1'5;
3029 2136 3290 2192 culminat
3314 2151 3344 2191 a
3379 2135 3542 2192 Tauri
3563 2136 3596 2191 4

2038 2225 2215 2282 media
2235 2226 2302 2281 ad
2318 2224 2664 2283 Geminorum
2684 2227 2745 2281 ll
2766 2220 3017 2285 mediam.
3038 2226 3195 2283 Prior
3208 2228 3408 2284 occidit
3421 2228 3597 2295 stella,

2038 2332 2161 2387 quae
2185 2316 2241 2370 in
2263 2316 2383 2386 ejus
2399 2323 2484 2371 est
2504 2332 2600 2372 ore
2622 2316 2835 2383 lucida;
2862 2318 3052 2373 ultima
3073 2333 3194 2389 quae
3219 2325 3304 2374 est
3328 2320 3386 2373 in
3415 2319 3601 2373 lumbo

2040 2405 2503 2485 lucidaJiedium
2542 2409 2665 2489 (εφιί
2686 2416 2845 2479 tenet
2873 2425 2941 2465 ex
2971 2410 3092 2466 aliis
3124 2411 3301 2481 primo
3333 2409 3600 2465 borealior

2040 2511 2228 2553 earum
2254 2513 2372 2568 quae
2389 2509 2517 2554 sunt
2539 2498 2681 2555 inter
2693 2515 2920 2559 acumen
2940 2501 3192 2566 Pleiadis,
3205 2510 3258 2558 et
3276 2501 3600 2557 Sucularum

2040 2604 2163 2659 qua:
2190 2587 2246 2644 in
2278 2590 2501 2645 sinistra
2527 2589 2727 2647 fronte.
2757 2591 2889 2648 Item
2917 2591 3105 2659 Tauri,
3131 2608 3251 2665 quae
3272 2601 3355 2648 est
3383 2592 3439 2647 in
3481 2606 3601 2647 εοε-

2034 2678 2171 2749 pula
2196 2680 2475 2749 paululum
2511 2682 2655 2736 citra
2672 2683 3030 2738 meridianum
3060 2702 3073 2739 :
3111 2684 3384 2755 postremo
3409 2682 3595 2737 culmi-

2041 2777 2194 2830 nant,
2222 2771 2416 2827 tertius
2443 2770 2791 2829 Geminorum
2824 2774 2891 2830 ab
2911 2773 3191 2830 occidente
3233 2789 3359 2846 pes;
3390 2780 3443 2829 et
3464 2786 3601 2845 prai-

2044 2859 2244 2917 cedens
2266 2863 2430 2917 trium
2455 2864 2512 2919 in
2536 2864 2785 2935 genibus.
2809 2864 3022 2921 Occidit
3043 2864 3228 2936 Equus
3251 2866 3398 2920 horis
3416 2864 3452 2917 2
3474 2863 3596 2935 1/2.

335 3012 341 3027 ε
366 2954 395 3008 6
416 2971 475 3009 τε
500 2953 807 3027 τρίτοςῠάπὸ
838 2954 1043 3019 δύσεως
1070 2952 1204 3018 ποῦς
1232 2953 1326 3007 καὶ
1347 2951 1376 3003 6
1400 2952 1700 3024 ἡγούμενος
1756 2951 1866 3005 τῶν
1905 2953 1961 3005 ἐν
1991 2957 2105 3020 τοῖς
2143 2958 2332 3025 γόνασι
2356 2958 2424 3029 γ’.
2490 2960 2644 3016 Δύνει
2681 2962 2737 3016 δὲ
2770 2964 2798 3016 6
2827 2963 3020 3027 Ἵππος
3052 2964 3110 3019 ὲν
3150 2961 3321 3034 ὥραις
3344 2959 3463 3015 δυσὶ
3508 2960 3601 3014 καὶ

365 3045 640 3188 Magia
672 3131 882 3189 Ὀῖστοῦ
912 3131 1180 3199 δύνοντος,
1213 3130 1604 3201 συγκαταδύνει
1652 3131 1751 3203 μὲν
1792 3129 1940 3200 αὐτῷ

2118 3130 2324 3203 Sagitta
2367 3147 2491 3188 cum
2537 3133 2763 3199 occidit,
2796 3133 3078 3191 descendit
3122 3150 3227 3190 una
3272 3136 3529 3193 zodiacus
3570 3154 3599 3192 a

366 3229 395 3281 6
431 3225 691 3290 ζωδιακὸς
723 3224 831 3279 ἀπὸ
858 3224 1140 3296 Αῑγόκερω
1169 3224 1277 3294 μοι.
1316 3221 1359 3288 ζ’
1395 3224 1488 3277 καὶ
1521 3229 1568 3275 κ’
1621 3222 1791 3294 μέσης
1836 3221 1939 3284 ἓως

2045 3222 2222 3279 media
2258 3234 2411 3295 parte
2452 3225 2523 3279 27
2561 3225 2876 3297 Capricorni
2900 3228 2967 3282 ad
3008 3226 3045 3279 2
3080 3227 3316 3282 mediam
3354 3227 3600 3299 Aquarii;

380 3317 660 3394 ’Υδροχὸου
716 3316 825 3389 μοι.
858 3313 901 3387 β’
937 3315 1109 3388 μέσης
1132 3333 1145 3346 ·
1181 3318 1505 3387 μεσουρανεῐ
1536 3314 1594 3367 δὲ
1627 3314 1734 3368 ἀπὸ
1774 3311 1945 3385 Κιριοῦ

372 3406 481 3481 μοι.
519 3408 577 3463 ιδ’
615 3410 722 3473 ἕως
750 3409 923 3481 Κριοῦ
961 3401 1069 3478 μοί.
1096 3405 1202 3462 κα’.
1230 3408 1340 3460 Kal
1372 3414 1419 3461 α’
1454 3406 1552 3479 μὲν
1588 3405 1815 3478 ἀστέρες
1856 3405 1947 3459 δύ-

369 3519 550 3565 νουσιν
588 3503 640 3556 οι
685 3505 742 3557 ἐν
771 3505 838 3574 τῇ
890 3500 1127 3571 γλυφίδι,
1174 3498 1400 3569 ἔσχατος
1431 3499 1487 3551 δὲ
1532 3500 1560 3552 6
1598 3498 1655 3552 ὲν
1682 3501 1749 3569 τῇ
1780 3497 1942 3552 ἀκίδι.

368 3593 776 3666 Μεσουρανοῦσι
805 3595 861 3647 δὲ
886 3592 994 3646 τῶν
1022 3592 1195 3649 ἀλλων
1228 3591 1470 3663 ἀστέρων
1492 3590 1541 3643 α’
1568 3590 1667 3661 μὲν
1689 3588 1781 3642 τοῦ
1807 3590 1948 3660 Περι

374 3684 513 3749 σέως
537 3687 564 3739 6
589 3687 646 3739 έν
667 3683 745 3756 τῷ
767 3683 925 3754 δεξιῷ
952 3682 1107 3759 ὤμῳ,
1136 3682 1231 3736 καὶ
1256 3681 1348 3735 τοῦ
1367 3681 1536 3758 Κριοῦ
1562 3682 1589 3733 6
1616 3679 1947 3752 βορειότερος

370 3758 478 3829 τιῖἱν
510 3776 651 3847 ὑπὲρ
682 3776 781 3848 τὴν
809 3760 975 3847 ούράν
1003 3758 1065 3844 γί
1087 3775 1173 3827 ἐπ’
1214 3773 1429 3837 εὐθείας
1495 3772 1947 3844 ἀκατονομάστων

373 3868 468 3922 καὶ
498 3869 527 3921 6
553 3869 611 3922 ὲν
633 3867 711 3940 τῷ
750 3867 904 3939 νώτῳ
941 3865 1126 3932 αὐτοῦ,
1157 3864 1563 3939 προηγούμενος
1594 3863 1688 3918 τοῦ
1734 3879 1946 3935 μεσημ-

373 3948 560 4029 ϐρινοῦ
605 3958 680 4023 ὡς
708 3959 1004 4031 ήμιπήχιον
1031 3973 1044 3989 ·
1114 3957 1209 4011 καὶ
1234 3955 1328 4010 τοῦ
1354 3958 1565 4028 Κήτους
1593 3957 1620 4008 6
1647 3955 1946 4026 ἡγούμενος

372 4050 481 4105 τῶν
514 4050 574 4104 ἐν
598 4052 666 4122 τῇ
695 4048 850 4121 νοτία
880 4048 1084 4118 σιαγόνι
1111 4046 1159 4117 γ’
1187 4046 1472 4119 λαμπρῶν·
1494 4045 1706 4116 ἔσχατοι
1730 4044 1787 4098 δὲ
1815 4060 1945 4116 μεσ-

371 4140 661 4213 ουρανοῦσι
713 4139 806 4194 τοῦ
837 4139 1093 4211 Περσέως
1138 4141 1168 4193 6
1210 4141 1265 4193 ὲν
1290 4138 1370 4209 τῷ
1400 4138 1549 4209 μέσῳ
1580 4135 1674 4189 τοῦ
1699 4134 1948 4206 σώματος

372 4230 642 4303 λαμπρὸς,
672 4230 866 4302 μικρὸν
894 4230 1302 4301 προηγούμενος
1326 4227 1420 4281 τοῦ
1448 4224 1836 4298 μεσημϐρινοῦ,
1854 4224 1947 4277 καὶ

370 4321 467 4375 τοῦ
499 4323 715 4393 Κήτους
742 4323 771 4375 6
799 4321 1061 4393 ἑπόμενος
1100 4319 1205 4373 τῶν
1240 4321 1297 4372 έν
1333 4320 1398 4390 τῇ
1429 4317 1578 4389 νοτία
1606 4316 1833 4385 σιαγόνι,
1859 4333 1946 4386 μι-

372 4414 505 4486 κρὸν
530 4414 950 4484 ὑπολειπόμενος
976 4411 1070 4466 τοῦ
1098 4408 1487 4484 μεσημϐρινοῦ.
1513 4408 1665 4461 Δύνει
1696 4407 1753 4461 δὲ
1776 4408 1805 4461 6
1837 4407 1944 4460 Ὀϊ-

375 4505 504 4569 στὸς
533 4506 591 4559 έν
618 4503 666 4574 γ’
702 4504 858 4577 μέρει
894 4503 1061 4575 ὥρας.

2046 3312 2311 3367 culminat
2352 3314 2419 3368 ab
2466 3314 2663 3371 Arietis
2699 3321 2852 3386 parte
2899 3315 2965 3371 14
3004 3320 3071 3371 ad
3103 3315 3194 3370 2i.
3230 3314 3426 3373 Prima
3455 3319 3602 3373 occi-

2045 3405 2182 3461 dunt
2214 3405 2404 3471 stellae,
2435 3421 2555 3476 quae
2582 3415 2710 3462 sunt
2752 3406 2805 3461 in
2833 3422 3017 3471 crena,
3044 3407 3251 3476 ultima,
3283 3423 3404 3479 qua:
3434 3418 3517 3466 est
3549 3411 3602 3464 iu

2044 3496 2289 3567 cuspide.
2325 3494 2640 3552 Culminant
2663 3513 2729 3553 ex
2753 3496 2875 3553 aliis
2898 3497 3070 3554 stellis
3096 3498 3270 3569 prima
3290 3500 3468 3555 dextri
3497 3501 3601 3555 bu-

2046 3588 2183 3642 meri
2208 3584 2433 3655 Persei,
2461 3597 2514 3643 et
2546 3588 2818 3645 borealior
2839 3589 3001 3644 trium
3028 3590 3388 3660 appellatione
3414 3606 3598 3648 caren-

2046 3680 2204 3747 tium,
2240 3695 2361 3752 quze
2404 3695 2568 3751 supra
2607 3680 2838 3736 caudam
2863 3680 3065 3737 Arietis
3109 3680 3167 3735 in
3211 3680 3477 3736 directum
3514 3697 3601 3752 po-

2047 3772 2165 3828 sita:
2207 3781 2355 3837 sunt,
2389 3781 2501 3827 tum
2550 3788 2670 3844 qua:
2714 3772 2770 3827 in
2819 3772 2967 3830 illius
3010 3773 3196 3839 dorso,
3242 3773 3603 3830 meridianum

2048 3864 2372 3920 semicubito
2403 3865 2627 3920 circiter
2658 3865 3004 3922 antecedens.
3036 3864 3164 3921 Item
3186 3866 3498 3938 praecedens
3521 3866 3603 3923 lu~

2046 3955 2292 4011 cidarum
2322 3957 2484 4015 trium
2515 3973 2637 4028 quae
2668 3957 2720 4013 in
2744 3958 2969 4016 australi
2997 3958 3311 4013 mandibula
3333 3958 3452 4014 Ceti
3474 3975 3488 4025 ;
3512 3974 3592 4029 po

2046 4054 2263 4104 stremas
2295 4050 2617 4115 culminant,
2654 4050 2831 4105 lucida
2861 4064 2981 4120 quae
3005 4058 3088 4106 est
3115 4051 3169 4105 in
3192 4049 3371 4107 medio
3397 4049 3602 4113 Persei.

2045 4140 2326 4211 paululum
2366 4141 2695 4197 antecedens
2742 4141 3135 4207 meridianum,
3179 4150 3232 4197 et
3270 4142 3611 4213 subsequens

2040 4247 2255 4299 earum,
2290 4247 2411 4303 qua:
2452 4232 2506 4287 in
2543 4233 2766 4288 australi
2812 4232 3127 4290 mandibula
3160 4232 3298 4300 Ceti,
3332 4236 3494 4305 paulo
3522 4233 3604 4289 ci-

2044 4329 2129 4376 tra
2159 4323 2539 4379 meridianum.
2571 4324 2783 4380 Occidit
2807 4323 3010 4397 Sagitta
3036 4325 3184 4381 horae
3215 4325 3434 4381 triente.

440 4596 585 4663 KC".
602 4596 707 4649 T06
724 4596 781 4649 66
795 4596 976 4649 Ἀετοῦ
994 4595 1258 4660 δύνοντος,
1280 4591 1665 4663 συγκαταδύνει
1681 4592 1778 4663 μὲν
1794 4589 1938 4660 αὐτῷ

2112 4592 2301 4657 XXV].
2342 4594 2478 4651 Cum
2503 4594 2697 4666 Aquila
2720 4595 3001 4652 descendit
3025 4610 3186 4650 arcus
3209 4593 3412 4649 zodiaci
3433 4607 3463 4647 a
3493 4608 3602 4648 me-

372 4689 400 4741 6
422 4685 684 4751 ζωδιακὸς
710 4687 820 4741 ἀπὸ
835 4687 1118 4757 Αἰγόκερω
1137 4686 1243 4758 μοι.
1266 4685 1329 4750 ιζ’
1349 4686 1519 4757 μέσης
1543 4684 1647 4747 ἕως
1663 4682 1941 4753 Δίγόκερω

372 4795 409 4847 γ
447 4779 541 4831 καὶ
565 4776 641 4832 κ’·
680 4780 1002 4849 μεσουρανεῖ
1028 4777 1084 4830 δὲ
1113 4776 1221 4830 ἀπὸ
1250 4776 1422 4847 Κριοῦ
1443 4776 1551 4846 μοί.
1577 4772 1622 4845 β’
1640 4775 1745 4837 ἕως
1767 4771 1939 4844 Κριοῦ

375 4872 488 4943 μοι.
523 4879 596 4942 η’.
627 4872 738 4925 Καὶ
764 4870 973 4943 πρῶτοι
1004 4871 1100 4940 μὲν
1131 4870 1357 4940 ἀστέρες
1381 4868 1694 4923 δύνουσινόῐ
1733 4868 1791 4920 έν
1822 4869 1943 4930 ταῖς

371 4964 599 5038 πτέρυξι
629 4963 673 5036 β’
703 4963 909 5036 μικροὶ,
940 4961 1165 5033 ἔσχατος
1194 4962 1251 5015 δὲ
1282 4962 1311 5014 6
1349 4961 1683 5033 βορειότερος
1732 4958 1840 5011 τῶν
1884 4961 1941 5011 ὲν

375 5074 454 5127 τῳ
490 5055 703 5128 σώματι
747 5054 790 5126 β’
835 5053 1121 5126 λαμπρῶν.
1157 5055 1493 5124 Μεσουρανεῖ
1531 5051 1588 5107 δὲ
1619 5050 1726 5106 τῶν
1768 5049 1941 5105 ἀλλων

376 5141 622 5213 ἀστέρων
677 5141 725 5196 α’
760 5142 859 5212 μὲν
892 5142 989 5213 τῆς
1020 5140 1370 5212 Ἀνδρομέδας
1404 5142 1432 5193 6
1479 5142 1536 5193 έν
1565 5140 1641 5211 τῷ
1673 5138 1944 5211 ἀριστερῷ

378 5232 521 5297 ποδὶ,
569 5234 664 5287 καὶ
697 5232 792 5287 τοῦ
825 5233 998 5307 Κριοῦ
1026 5234 1055 5285 6
1092 5233 1253 5306 μέσος
1274 5233 1381 5286 τῶν
1407 5234 1465 5285 ὲν
1494 5234 1561 5303 τῇ
1594 5232 1824 5303 κεφαλῇ,
1851 5232 1944 5285 καὶ

376 5319 471 5372 τοῦ
490 5320 700 5390 Κήτους
720 5322 749 5374 6
777 5320 1093 5393 νοτιὼτερος
1119 5320 1228 5373 τῶν
1258 5319 1536 5391 ἑπομένων
1569 5321 1626 5371 ὲν
1654 5320 1732 5391 τῷ
1752 5337 1944 5393 τετρα-

376 5409 595 5482 πλεύρῳ
612 5427 627 5441 ·
663 5411 888 5483 ἔσχατος
913 5413 969 5466 δὲ
1106 5390 1381 5483 Τριγώνου
1414 5412 1442 5463 6
1469 5411 1729 5481 ἑπόμενος
1757 5390 1863 5464 τῶν
1887 5413 1943 5464 έν

372 5503 441 5570 τῇ
491 5500 669 5572 βάσει,
713 5502 1121 5576 προηγούμενος
1172 5502 1279 5557 τῶν
1306 5504 1362 5559 ὲν
1392 5504 1456 5573 τῇ
1490 5501 1675 5573 βορείᾳ
1712 5501 1939 5570 σιαγόνι.

368 5592 533 5646 ’Δύνει
559 5593 615 5647 δὲ
642 5595 672 5647 6
714 5593 894 5659 Ἀετὸς
921 5596 978 5649 έν
1006 5592 1054 5663 γ’
1080 5594 1235 5666 μέρει
1271 5593 1438 5665 ὥρας.

445 5683 552 5737 Τοῦ
583 5685 640 5739 δὲ
666 5686 916 5757 Δελφῖνος
948 5686 1212 5752 δύνοντος,
1240 5684 1626 5755 συγκαταδύνει
1666 5685 1761 5756 μὲν
1792 5688 1818 5739 ό
1839 5684 1943 5751 ξωκ

376 5772 561 5840 διακὸς
589 5777 697 5831 ἀπὸ
727 5778 821 5831 τοῦ
859 5778 1139 5850 Ὑδροχόου
1169 5778 1277 5849 μοί.
1382 5778 1486 5843 ἕως
1522 5777 1802 5849 ’Υδροχόου
1832 5779 1938 5849 μοί.

379 5862 427 5937 η’
479 5866 677 5942 μέσης·
734 5873 1055 5943 μεσουρανεῖ
1100 5871 1155 5925 δὲ
1190 5871 1296 5926 61:6
1346 5871 1516 5940 Κριοῦ
1550 5870 1594 5924 κ’
1632 5871 1797 5936 ιιέσττς
1842 5871 1943 5934 ἕως

2046 4684 2135 4738 dia
2170 4692 2322 4753 parte
2355 4684 2423 4738 17
2449 4684 2767 4755 Capricorni
2797 4685 2864 4741 ad
2891 4685 2994 4753 23;
3038 4685 3302 4740 culminat
3333 4683 3401 4738 ab
3449 4682 3606 4738 Arie-

2048 4774 2117 4831 tis
2142 4776 2177 4829 2
2207 4775 2274 4830 ad
2302 4775 2356 4830 8.
2381 4774 2576 4831 Primae
2609 4777 2862 4832 occidunt
2910 4777 3077 4833 stellae
3103 4776 3223 4832 duae
3252 4790 3449 4846 parvae,
3489 4789 3606 4845 quae

2046 4868 2105 4922 in
2157 4867 2298 4935 alis;
2346 4876 2644 4939 postrema,
2695 4869 2965 4925 borealior
3003 4868 3305 4924 lucidarum
3352 4866 3604 4931 duarum,

2047 4974 2169 5028 qua
2188 4969 2317 5015 sunt
2346 4960 2401 5014 in
2427 4973 2677 5030 corpore.
2703 4961 2778 5013 Ex
2811 4960 2934 5015 aliis
2955 4957 3127 5016 stellis
3148 4957 3408 5013 culminat
3431 4954 3610 5027 primo

2049 5066 2170 5123 qua:
2196 5062 2276 5109 est
2306 5054 2359 5109 in
2394 5053 2751 5109 Andromedae
2777 5054 3003 5109 sinistro
3029 5051 3164 5122 pede
3188 5070 3203 5119 ;
3231 5057 3285 5106 et
3319 5050 3495 5104 media
3516 5063 3608 5103 ea-

2049 5160 2195 5209 rum,
2226 5160 2347 5215 quae
2382 5145 2438 5199 in
2460 5145 2663 5200 Arietis
2690 5145 2889 5215 capite.
2930 5143 3064 5199 Item
3093 5142 3386 5199 australior
3420 5155 3608 5197 succe-

2049 5236 2290 5292 dentium
2328 5237 2445 5292 Ceti
2503 5238 2559 5291 in
2588 5237 2995 5307 quadrilatero;
3029 5236 3219 5289 ultima
3271 5235 3609 5303 subsequens

2048 5343 2235 5384 earum
2262 5344 2383 5399 quae
2414 5336 2543 5384 sunt
2572 5329 2627 5383 in
2663 5329 2781 5384 basi
2826 5328 3113 5399 trianguli,
3143 5324 3452 5397 praecedens
3487 5324 3609 5378 illas

2049 5434 2170 5489 quae
2227 5429 2356 5476 sunt
2403 5421 2459 5474 in
2512 5421 2717 5476 borcali
2766 5418 3098 5475 mandibula.
3154 5416 3364 5473 Occidit
3415 5414 3607 5485 Aquila

2051 5511 2198 5567 horae
2223 5510 2440 5567 triente.

2120 5682 2413 5741 Occidente
2449 5683 2716 5755 Delphina
2762 5698 2884 5740 cum
2923 5698 2988 5739 eo
3030 5679 3311 5738 descendit
3353 5676 3611 5733 zodiacus

2049 5777 2118 5833 ab
2139 5777 2362 5848 Aquarii
2388 5783 2540 5847 parte
2561 5776 2597 5830 2
2629 5776 2696 5831 ad
2737 5775 2968 5831 mediam
2994 5774 3060 5839 8;
3087 5772 3351 5829 culminat
3368 5769 3435 5824 ab
3456 5766 3612 5821 Arie-

2050 5872 2124 5928 tis
2145 5870 2214 5929 20
2236 5869 2414 5928 media
2454 5868 2523 5925 ad
2563 5868 2652 5927 29.
2686 5867 2839 5925 Prior
2885 5865 3084 5923 occidit
3139 5861 3468 5921 antecedens
3513 5872 3608 5913 ea-
