4132 6410
541 444 679 502 1107

1522 440 1614 497 AD
1646 439 1918 496 EUSEBII
1959 439 2356 497 CHRONICON
2391 438 2773 495 APPENDIX.‘

3657 436 3802 489 “08

539 577 662 617 rum
692 575 816 632 qua:
857 566 984 615 sunt
1025 559 1080 614 in
1117 558 1329 628 cauda;
1377 567 1674 630 postrema,
1713 560 1984 617 borealior
2027 575 2111 616 ea-

2215 559 2387 632 Κριοῦ
2422 558 2466 612 θ’
2496 559 2590 611 καὶ
2621 556 2690 611 κ’.
2724 556 2835 611 Καὶ
2855 563 2903 609 α’
2941 555 3038 626 μὲν
3073 553 3246 626 ἀστὴρ
3273 552 3417 607 δύνει
3443 554 3472 606 6
3495 551 3802 624 ἡγούμενος

539 667 663 706 rum
701 665 824 722 qua:
865 651 920 705 in
971 650 1296 706 succedente
1327 650 1496 706 latere
1545 649 1800 706 Rhombi.
1855 649 1933 704 Ex
1985 651 2109 707 aliis

541 741 714 797 stellis
747 740 899 811 prius
930 740 1237 796 culminant
1264 739 1444 795 lucida
1479 740 1642 796 medii
1678 741 1926 812 corporis
1979 740 2105 796 Per-

541 834 644 898 sei,
693 833 975 904 paululum
1015 833 1347 888 antecedens
1400 833 1788 897 meridianum,
1833 840 1887 888 et
1921 848 2110 890 succe-

541 925 680 982 dens
717 940 905 980 carum
934 940 1056 996 quae
1097 933 1227 980 sunt
1257 925 1312 979 in
1352 925 1580 980 australi
1610 925 1925 980 mandibula
1957 925 2104 990 Ceti,

542 1017 704 1088 paulo
731 1017 869 1072 citra
899 1017 1262 1072 meridianum
1302 1018 1428 1072 sita.
1461 1016 1745 1074 Postremo
1776 1017 2104 1084 culminant,

540 1123 662 1180 qua
699 1109 754 1163 in
779 1107 914 1178 pede
938 1109 1165 1164 sinistro
1186 1107 1406 1174 Persei;
1439 1118 1492 1164 et
1523 1110 1796 1165 borealior
1816 1125 1944 1180 pars
1969 1125 2108 1180 prae-

542 1199 790 1258 cedentis
837 1201 1022 1258 lateris
1064 1201 1318 1261 Pleiadis.
1371 1199 1585 1256 Occidit
1624 1199 1925 1273 Delphinus
1973 1202 2108 1258 hora

541 1293 789 1348 dimidia.

612 1466 753 1522 Cum
781 1465 979 1523 Perseo
1017 1467 1300 1524 descendit
1332 1468 1589 1524 zodiacus
1620 1482 1650 1522 a
1689 1475 1841 1539 parte
1870 1465 2038 1523 Tauri
2071 1469 2108 1522 2

540 1559 609 1614 ad
638 1559 738 1626 29;
771 1560 1034 1616 culminat
1062 1576 1093 1614 a
1123 1559 1321 1616 Leonis
1354 1559 1534 1616 media
1570 1559 1602 1614 6
1625 1559 1692 1614 ad
1722 1559 1956 1615 mediam
1981 1559 2106 1616 Vir-

540 1653 684 1722 ginis
731 1653 818 1708 10.
849 1654 1005 1708 Prior
1038 1655 1192 1724 132
1240 1652 1444 1708 occidit
1486 1653 1756 1709 borealior
1777 1652 2107 1707 anteceden-

543 1744 676 1798 tium
721 1744 776 1798 in
802 1743 1109 1816 Gorgonio;
1138 1745 1328 1799 ultima
1356 1760 1486 1800 vero
1518 1761 1708 1801 earum
1740 1761 1859 1816 quae
1892 1753 2020 1800 sunt
2049 1746 2105 1800 in

541 1835 735 1891 dextro
775 1851 934 1907 genu.
968 1835 1281 1891 Culminant
1323 1853 1389 1892 ex
1417 1837 1540 1893 aliis
1587 1838 1759 1894 stellis
1793 1838 1950 1895 .nitlo
1983 1838 2107 1908 qui-

541 1926 664 1982 dem
694 1942 759 1982 ea
799 1943 921 1998 qua:
952 1936 1035 1984 est
1074 1928 1128 1982 in
1168 1935 1358 1983 ventre
1402 1927 1624 1994 Leonis,
1671 1929 1784 1985 sive
1819 1944 2108 2002 propemo-
2136 1909 2179 1965 Β

543 2018 673 2074 dum
705 2021 1027 2077 semicubito
1049 2021 1186 2075 citra
1215 2021 1570 2076 meridianum
1605 2023 1730 2077 sita.
1755 2021 1888 2077 ltem
1911 2030 2108 2093 quarta

544 2127 732 2167 earum
780 2129 901 2184 qua:
943 2122 1073 2168 sunt
1116 2125 1240 2184 post
1274 2115 1510 2169 lucidam
1551 2113 1743 2186 Hydri,
1783 2116 2108 2171 scmicubito

543 2201 659 2257 fere
696 2205 834 2259 citra
882 2206 1241 2260 meridianum
1291 2206 1490 2275 posita.
1523 2204 1654 2260 Item
1692 2206 1884 2260 ultima
1921 2221 2107 2262 earum

541 2305 664 2360 quae
688 2290 744 2346 in
771 2293 961 2348 carina
988 2301 1114 2348 sunt
1147 2293 1332 2350 Navis.
1374 2294 1673 2350 Postrema:
1705 2295 2010 2350 culminant
2044 2312 2109 2353 ea

542 2397 665 2452 quae
695 2392 779 2440 est
813 2385 870 2439 in
903 2387 1076 2441 cauda
1106 2385 1293 2454 Corvi,
1324 2395 1378 2442 et
1407 2403 1528 2458 quae
1557 2389 1611 2443 in
1643 2387 1815 2459 ipsius
1855 2389 2105 2458 pedibus.

542 2471 756 2531 Occidit
780 2475 1016 2534 Perseus
1045 2478 1198 2536 horis
1219 2479 1274 2544 2,
1305 2479 1408 2535 20’.

591 2652 746 2714 ,Cum
778 2652 984 2725 Auriga
1018 2653 1301 2710 descendit
1324 2657 1584 2714 zodiacus
1609 2673 1640 2712 a
1665 2656 1830 2712 Tauri
1861 2664 2016 2729 parte
2039 2657 2110 2713 25

541 2743 612 2798 ad
653 2743 850 2799 Cancri
898 2745 1130 2801 mediam
1176 2748 1244 2813 2;
1294 2750 1556 2804 culminat
1605 2765 1636 2804 a
1671 2749 1914 2822 Virginis
1959 2751 1996 2805 9.
2041 2751 2108 2805 ad

539 2835 833 2892 Chelarum
875 2837 965 2892 22.
998 2837 1156 2892 Prior
1195 2839 1399 2895 occidit
1443 2856 1565 2912 quae
1598 2849 1682 2899 est
1715 2842 1770 2896 in
1809 2843 1944 2912 pede
1975 2845 2111 2900 sini-

543 2931 663 2980 stro
686 2939 702 2988 ;
728 2931 1036 2994 postremae,
1065 2941 1185 2996 quae
1215 2927 1269 2985 in
1304 2929 1499 2999 capite.
1539 2930 1856 2987 Culminant
1890 2950 1920 2990 e
1947 2941 2111 2990 caete-

540 3016 623 3071 ris
669 3015 863 3080 stellis,
919 3015 1075 3072 initio
1122 3034 1243 3088 quae
1300 3029 1385 3076 est
1439 3023 1496 3076 in
1546 3025 1889 3080 extremitate
1925 3027 2111 3082 cauda:

541 3101 828 3172 Draconis,
860 3113 914 3161 et
941 3106 1322 3164 borealissima
1351 3110 1614 3179 Coronae;
1662 3121 1960 3184 postrema,
1991 3132 2111 3186 quae

2213 651 2320 704 τῶν
2359 653 2417 704 ὲν
2458 654 2523 722 τῇ
2564 650 2719 721 οὐρᾷ,
2753 649 2978 718 ἔσχατος
3002 646 3057 699 δὲ
3087 649 3115 700 6
3152 645 3486 718 βορειότερος
3511 643 3617 697 τῶν
3643 646 3698 697 ὲν
3728 645 3794 712 τῇ

2213 742 2452 814 ἑπομένῃ
2495 740 2701 811 πλευρᾷ
2728 739 2820 792 τοῦ
2867 737 3119 807 Ῥόμὸου.
3143 735 3555 808 Μεσουρανοῦσι
3598 735 3654 789 δὲ
3687 735 3797 788 τῶν

2211 833 2410 886 λοιπῶν
2437 833 2679 905 ἀστέρων
2717 829 2924 901 πρῶτοι
2954 829 3051 900 μὲν
3075 830 3103 882 6
3129 845 3188 881 τε
3214 829 3271 880 ὲν
3303 829 3452 899 μέσῳ
3475 826 3554 898 τῷ
3580 825 3794 897 σώματι

2210 927 2302 980 τοῦ
2358 925 2611 998 Περσέως
2655 923 2925 995 λαμπρὸς,
2980 922 3174 994 μικρὸν
3231 919 3643 993 προηγούμενος
3694 916 3792 970 τοῦ

2213 1015 2608 1090 μεσημϐρινοῦ,
2642 1015 2736 1069 καὶ
2779 1016 2809 1067 6
2851 1014 3114 1084 ἑπόμενος
3149 1012 3258 1065 τῶν
3298 1014 3355 1065 ὲν
3385 1014 3452 1082 τῇ
3491 1011 3641 1082 νοτία
3670 1027 3792 1062 σια-

2209 1111 2326 1179 γόνι
2355 1109 2446 1162 τοῦ
2477 1109 2710 1179 Κήτους,
2753 1105 2946 1178 μικρὸν
2989 1105 3417 1176 ὑπολειπόμενος
3449 1101 3542 1156 τοῦ
3578 1119 3792 1173 μεσημ-

2209 1200 2414 1273 ϐρινοῦο
2445 1200 2661 1270 ἔσχατοι
2689 1199 2745 1251 δὲ
2771 1199 2820 1251 οἱ
2850 1198 2908 1250 ἐν
2935 1196 3013 1268 τῷ
3035 1195 3309 1268 ἀριστερῷ
3327 1195 3514 1264 γόνατι
3535 1193 3628 1247 τοῦ
3651 1195 3792 1264 Περ-

2209 1293 2368 1356 σέως,
2402 1291 2625 1360 καὶτῆς
2672 1288 2926 1352 Πλειάδος
2981 1287 3040 1340 τὸ
3092 1287 3426 1359 βορειότερον
3485 1284 3650 1356 μέρος
3690 1284 3794 1353 τῆς

2207 1383 2514 1456 ἡγουμένης
2569 1381 2827 1454 πλευρᾶς.
2863 1380 3018 1433 Δύνει
3067 1379 3123 1433 δὲ
3153 1381 3182 1432 6
3217 1379 3410 1448 Δελφὶς
3435 1378 3493 1430 ὲν
3515 1376 3788 1446 ἡμιωρίῳ.

2283 1473 2389 1528 Τοῦ
2423 1473 2480 1526 δὲ
2515 1471 2768 1542 Περσέως
2799 1471 3064 1535 δύνοντος,
3095 1469 3488 1538 συγκαταδύνει
3517 1468 3616 1539 μὲν
3642 1466 3794 1537 αὐτῷ

2205 1567 2234 1619 6
2260 1565 2519 1630 ζωδιακὸς
2542 1564 2650 1617 ἀπὸ
2671 1564 2764 1617 τοῦ
2785 1563 2998 1634 Ταύρου
3037 1563 3145 1634 μοί.
3168 1562 3211 1632 β’
3242 1562 3345 1626 ἓως
3379 1561 3593 1633 Ταύρου
3613 1560 3722 1630 μοί.
3746 1559 3793 1611 0¹

2207 1656 2302 1708 κοιλ¹
2327 1654 2393 1708 κ”
2421 1673 2484 1726 με
2495 1657 2745 1726 σουρανεῖ
2758 1655 2814 1707 δὲ
2833 1655 2940 1708 ἀπὸ
2953 1655 3179 1717 Λέοντος
3202 1652 3254 1718 ς’
3275 1653 3445 1724 μέσης
3465 1653 3568 1716 ἓως
3588 1650 3795 1722 Παρθέ-

2205 1765 2295 1801 νου
2324 1747 2352 1800 ι¹
2374 1749 2566 1819 μέσης.
2594 1748 2703 1800 Καὶ
2731 1753 2780 1799 α’
2811 1747 2908 1817 μὲν
2931 1745 3104 1818 ἀστὴρ
3130 1745 3273 1799 δύνει
3295 1745 3402 1798 τῶν
3423 1744 3576 1816 ἐντῷ
3602 1745 3797 1816 Γοργο-

2207 1839 2304 1910 νίῳ
2325 1842 2353 1894 6
2398 1839 2634 1912 βορειότε
2644 1857 2733 1911 ρος
2771 1839 2878 1892 τῶν
2919 1838 3255 1910 ἡγουμένων,
3276 1837 3503 1908 ἔσχατος
3527 1836 3585 1889 δὲ
3606 1835 3713 1888 τῶν
3733 1837 3794 1889 ὲν

2206 1934 2284 2005 τῷ
2307 1934 2464 2003 δεξιῷ
2488 1932 2693 2001 γόνατι.
2712 1931 3121 2002 Μεσουρανοῦσι
3142 1931 3198 1984 δὲ
3215 1929 3323 1982 τῶν
3350 1931 3526 1984 ἄλλων
3547 1929 3794 2001 ἀστέρων

2207 2027 2265 2078 ὲν
2294 2027 2435 2097 ἀρχῇ
2474 2025 2572 2096 μὲν
2609 2025 2637 2076 ὃ
2672 2041 2730 2076 τε
2771 2026 2829 2077 ὲν
2861 2026 2927 2095 τῇ
2966 2023 3165 2095 γαστρὶ
3194 2023 3286 2076 τοῦ
3306 2024 3551 2086 Λέοντος,
3716 2021 3795 2085 ὡς

2205 2117 2508 2187 ἡμιπήχιον
2554 2115 2982 2186 ὑπολειπόμενος
3025 2113 3118 2169 τοῦ
3159 2113 3666 2185 μεσημϐρινοῦ,καὶ
3697 2111 3790 2165 τοῦ

2209 2206 2408 2279 ’Υδρου
2435 2206 2464 2258 ὁ
2490 2203 2748 2284 τέταρτος
2771 2204 2879 2257 τῶν
2903 2203 3040 2275 μετά
3067 2204 3156 2257 τὸν
3182 2203 3453 2274 λαμπρὸν,
3475 2203 3551 2265 ὡς
3581 2203 3794 2274 ἡμιπή-

2209 2313 2324 2367 χιον
2378 2295 2786 2368 προηγούμενος
2837 2294 2932 2348 τοῦ
2969 2295 3362 2366 μεσημϐρινοῦ,
3401 2295 3492 2348 καὶ
3526 2295 3622 2364 τῆς
3663 2296 3789 2367 Ἀρ-

2208 2387 2338 2456 γοῦς
2360 2390 2387 2441 6
2409 2387 2630 2458 ἔσχατος
2661 2386 2771 2440 τῶν
2797 2388 2854 2440 ὲν
2887 2389 2952 2458 τῇ
2978 2389 3175 2458 τροπῇ
3203 2386 3420 2456 ἔσχατοι
3445 2386 3501 2438 δὲ
3531 2403 3792 2457 μεσουρα-

2209 2477 2390 2531 νοῦσιν
2412 2479 2439 2530 6
2460 2496 2518 2530 τε
2537 2479 2592 2530 ἐν
2619 2481 2683 2549 τῇ
2704 2478 2840 2550 οὐρᾷ
2872 2477 2966 2530 τοῦ
2991 2478 3235 2549 Κόρακος
3257 2477 3351 2531 καὶ
3372 2481 3399 2531 ὁ
3419 2480 3476 2531 ὲν
3496 2481 3609 2541 τοῖς
3634 2479 3791 2531 ποσὶν

2208 2569 2394 2624 αὑτοῦ.
2430 2569 2586 2623 Δύνει
2627 2569 2683 2622 δὲ
2713 2571 2741 2621 ὁ
2778 2569 3020 2640 Περσεὺς
3046 2571 3102 2623 ὲν
3131 2567 3300 2640 ὥραις
3330 2567 3373 2638 β’
3405 2568 3499 2621 καὶ
3531 2566 3578 2637 γ’
3612 2568 3786 2640 μέρει.

2281 2659 2388 2713 Τοῦ
2427 2659 2482 2712 δὲ
2525 2659 2767 2730 ’Πνιὸχου
2803 2659 3069 2724 δύνοντος,
3097 2659 3485 2728 συγκαταδύνει
3523 2662 3619 2731 μὲν
3641 2659 3790 2732 αὐτῷ

2209 2752 2238 2803 6
2259 2749 2520 2814 ζωδιακὸς
2565 2751 2672 2804 ἀπὸ
2711 2750 2924 2821 Ταύρου
2969 2750 3076 2821 μοί.
3104 2747 3152 2819 γ’
3177 2750 3272 2804 καὶ
3307 2748 3352 2802 κ’
3387 2741 3494 2814 ἕως
3514 2751 3788 2822 Καρκίνου

2212 2840 2256 2912 β’
2282 2841 2452 2913 μέσης
2474 2859 2486 2872 ο
2527 2845 2848 2914 μεσουρανεῖ
2873 2841 2928 2895 δὲ
2963 2842 3068 2896 ἀπὸ
3094 2841 3370 2914 Παρθένου
3390 2840 3440 2912 β’·
3464 2842 3567 2905 ἕως
3595 2843 3790 2914 Χηλῶν

2212 2932 2256 3003 β’
2286 2935 2379 2989 καὶ
2411 2932 2480 2988 κ’.
2509 2935 2618 2987 Καὶ
2655 2932 2702 2988 α’
2741 2933 2840 3005 μὲν
2873 2933 3044 3006 ἀστὴρ
3073 2934 3222 2987 δύνει
3260 2935 3289 2986 6
3315 2935 3373 2986 ὲν
3409 2933 3486 3005 τῷ
3517 2935 3790 3010 ἀριστερῷ

2211 3025 2352 3090 ποδὶ,
2382 3024 2598 3096 ἔσχατοι
2627 3025 2684 3078 δὲ
2724 3026 2774 3078 οἱ
2809 3027 2868 3078 ὲν
2904 3029 2972 3097 τῇ
3013 3026 3243 3099 κεφαλῇ.
3287 3026 3696 3096 Μεσουρανοῦσι
3732 3028 3790 3080 δὲ

2210 3116 2318 3171 τῶν
2367 3116 2540 3171 ἄλλων
2569 3117 2810 3188 ἀστέρων
2841 3119 2899 3170 ὲν
2922 3119 3060 3190 ἀρχῇ
3097 3117 3193 3189 μὲν
3224 3118 3318 3171 τοῦ
3347 3119 3647 3191 Δράκοντος
3672 3121 3700 3172 6
3732 3121 3791 3174 ἐν

543 3196 604 3249 in
631 3197 810 3252 media
840 3206 926 3254 est
963 3201 1188 3256 australi
1233 3200 1420 3259 Chela.
1457 3203 1674 3260 Occidit
1703 3205 1904 3278 Auriga
1945 3209 2110 3278 paulo

2213 3209 2357 3280 ἄκρᾳ
2380 3212 2445 3280 τῇ
2475 3209 2630 3280 οὐρᾷ,
2657 3209 2752 3262 καὶ
2784 3207 2877 3262 τοῦ
2901 3209 3169 3278 Στεφάνου
3193 3211 3221 3263 6
3251 3209 3610 3280 βορειότατος,
3633 3211 3793 3282 ἔσχα-

541 3287 668 3360 plus
698 3289 850 3346 horis
879 3291 932 3347 3.

614 3468 888 3527 Hactenus
907 3471 974 3528 de
995 3474 1248 3531 omnibus
1264 3475 1474 3553 rod-iaci
1499 3478 1897 3536 borealioribus
1919 3482 2111 3553 imagi-

542 3561 725 3618 nibus.
759 3561 996 3618 Ceteras
1029 3565 1170 3620 libro
1198 3549 1460 3639 secuente
1484 3569 1797 3636 reddemus,
1834 3574 1888 3628 id
1923 3549 2113 3631 obser—

541 3661 756 3719 vantes,
790 3661 849 3710 ut
877 3671 946 3710 ne
965 3655 1174 3725 justum
1202 3659 1423 3714 modum
1457 3660 1562 3716 iste
1590 3662 1727 3718 liber
1753 3664 2002 3720 excedat.

547 3856 700 3912 Finis
761 3858 904 3937 libri
943 3862 1183 3937 secundi
1215 3861 1630 3937 Enarrqtionum
1691 3865 1985 3937 Hipparchi
2042 3871 2111 3922 ad

870 3930 1027 3985 Arati
1055 3941 1106 3986 et
1134 3933 1349 3987 Eudoxi
1385 3934 1763 3992 Phanomena.

2214 3315 2305 3362 τος
2325 3298 2380 3351 δὲ
2410 3300 2437 3351 6
2465 3301 2522 3352 ὲν
2557 3298 2698 3371 μέσῃ
2727 3301 2791 3370 τῇ
2830 3299 2979 3370 νοτίᾳ.
3007 3298 3181 3370 Χηλῇ.
3213 3298 3370 3352 Δύνει
3402 3298 3460 3353 δὲ
3487 3302 3516 3354 6
3548 3299 3791 3371 Ἡνίοχος

2221 3390 2398 3461 μικρῷ
2429 3390 2608 3445 πλεῖον
2642 3390 2674 3462 ἢ
2715 3389 2885 3463 ὥραις
2914 3398 2983 3460 γ’.

2286 3483 2582 3554 Εξρηκότες
2620 3484 2684 3555 δὴ
2729 3485 2858 3556 περὶ
2905 3485 3122 3539 πάντων
3168 3485 3275 3539 τῶν
3311 3485 3665 3558 βορειοτέρων
3695 3486 3791 3540 τοῦ

2218 3574 2480 3639 ζωδιακοῦ
2525 3577 2759 3648 ἄστρων,
2812 3577 2940 3648 περὶ
2987 3577 3095 3631 τῶν
3127 3577 3327 3633 λοιπῶν
3356 3581 3413 3632 ὲν
3445 3578 3522 3651 τῷ
3550 3579 3795 3652 ἐχομένῳ

2218 3668 2589 3740 ἀποδώσομεν,
2633 3669 3016 3742 στοχαζόμενοι
3049 3671 3150 3741 τῆς
3180 3670 3522 3744 συμμετρίας
3546 3671 3640 3726 τοῦ
3667 3688 3794 3726 συν·

2218 3758 2516 3830 τάγματος.

2224 3871 2402 3939 Τέλος
2448 3873 2777 3944 Ἱππάρχου
2804 3873 2924 3928 τῶν
2956 3875 3200 3944 Ἀράτου
3238 3877 3336 3931 καὶ
3364 3877 3635 3943 Εὐδόξου
3654 3881 3792 3937 Φαι-

2471 4017 2486 4036 ⁹
2539 3943 2808 4013 νομένων
2855 3943 3240 4016 Ἐξηγηξσεων
3265 3947 3370 4002 τοῦ
3398 3946 3481 4013 β’.

556 4077 3764 4119 _______.__________._______________________

1745 4209 2554 4327 ΙΠΠΑΡΧΟΥ

1168 4418 1326 4489 ,ΊΏΝ
1348 4421 1488 4478 ΑΡΑ
1499 4422 1642 4477 ΤΟΥ
1668 4422 1796 4476 ΚΑΙ
1820 4420 1960 4474 ΕΥΔ
1969 4418 2058 4472 ΟΞ
2063 4422 2104 4472 0
2117 4421 2162 4472 Υ
2194 4423 2682 4480 ΦᾼΙΝΟΜΕΝΩΝ
2715 4426 3149 4492 ΕΞΗΓΗΣΕΩΝ

1853 4559 2292 4648 ΒΙΒΛΙΟΝ
2362 4555 2471 4648 Γ’.

1777 4838 2557 4954 HlPPARCHI

1164 5058 1765 5118 ENARRATIONUM
1795 5062 1892 5117 AD
1931 5060 2156 5117 ΑΒΑΤΙ
2183 5059 2276 5116 ET
2306 5059 2599 5117 EUDOXI
2629 5058 3136 5119 PILENOMENA

1651 5213 2015 5301 LIBER
2107 5212 2665 5305 TERTIUS.

2148 5390 2216 5411 ..φ

608 5477 824 5551 1331.
842 5477 1136 5552 Superiore
1150 5480 1311 5546 libro,
1329 5480 1611 5548 Eschrio,
1632 5481 1700 5537 de
1713 5481 2111 5538 borealioribus

2290 5479 2368 5532 A'.
2408 5475 2824 5550 Προειρηκότες,
2855 5470 2901 5530 ῶ
2923 5479 3215 5549 Αἰσχρίων,
3256 5480 3314 5532 ὲν
3346 5477 3422 5550 τῷ
3453 5478 3560 5552 πρὸ
3598 5481 3790 5536 τούτου

535 5570 765 5625 zodiaco
796 5570 1006 5626 circulo
1041 5571 1372 5642 imaginibus
1403 5571 1642 5628 diximus
1665 5611 1682 5637 ,
1714 5588 1954 5642 quonam
1987 5588 2111 5628 cum

2215 5570 2555 5641 συντάγματι
2567 5568 2815 5640 περὶτῶν
2831 5568 3070 5640 βορειοτέ
3077 5587 3183 5640 ρων
3198 5569 3410 5642 ἄστρων
3421 5571 3514 5626 τοῦ
3530 5571 3791 5636 ζωδιακοῦ

535 5658 694 5726 signo
719 5658 789 5715 de
813 5658 1104 5717 duodecim
1134 5661 1386 5716 oriantur
1409 5669 1463 5716 et
1487 5661 1743 5719 occidant
1769 5679 1783 5727 ;
1819 5672 1932 5716 tum
1967 5662 2111 5734 quod

2212 5665 2413 5720 κύκλου
2437 5707 2450 5731 ,
2481 5664 2585 5717 τίνι
2613 5681 2673 5716 τε
2717 5663 2891 5733 ζωδίῳ
2931 5663 3042 5716 τῶν
3075 5663 3141 5734 ιβ’
3169 5663 3399 5718 ἕκαστον
3445 5665 3627 5719 αὐτῶν
3668 5683 3792 5720 συν-

535 5746 756 5815 signum
790 5748 1003 5806 oriente
1037 5751 1317 5821 qualibet,
1350 5750 1436 5806 vel
1473 5749 1876 5818 descendente,
1917 5754 2115 5808 culmi-

2213 5755 2490 5811 ανατέλλει
2529 5753 2624 5808 καὶ
2659 5753 3084 5822 συγκαταδύνει,
3119 5755 3212 5808 καὶ
3243 5755 3295 5808 τί
3324 5755 3532 5820 ζὼδιον,
3565 5756 3790 5810 ἀνατέλ-

535 5843 668 5906 net;
706 5854 956 5911 quaenam
994 5842 1115 5915 ipso
1153 5849 1346 5911 ortus,
1378 5843 1463 5901 vel
1501 5857 1733 5901 occasus
1785 5842 1978 5915 initio,
2019 5853 2111 5902 aut

2213 5846 2396 5911 λοντος
2421 5844 2586 5901 αὐτοῦ
2613 5844 2646 5914 ἢ
2675 5842 2924 5909 δύνοντος
2948 5849 3342 5917 ,ομεσουρανεί,
3379 5848 3473 5902 καὶ
3509 5847 3654 5911 τίνες
3684 5846 3790 5902 τῶν
