4130 6410
399 415 535 470 1109

1384 413 1756 470 IllPPARCHl
1795 414 1886 469 AD
1925 413 2370 470 ΡΗᾹΞΝΟΜΕΝΑ
2404 413 2531 467 LIB.
2574 413 2660 468 Ill.

3511 419 3662 476 111οσ

395 527 652 583 ἀπλανῶν
700 526 946 600 ἀστέρων
995 526 1086 580 ἐπὶ
1136 526 1230 581 τοῦ
1284 529 1657 601 μεσημϐρινοῦ
1712 531 1974 599 γίνονται,

2087 545 2274 584 rursus
2313 527 2631 592 occidente,
2680 526 3050 585 inerrantibus
3103 543 3134 584 e
3181 529 3356 586 stellis
3407 532 3660 600 medium,

394 621 700 693 ἀρχομένου
729 637 789 673 τε
832 617 996 674 αὐτοῦ
1029 619 1340 673 ἀνατέλλειν
1372 621 1405 692 ἦ
1445 621 1621 676 δύνειν
1641 663 1656 687 ,
1687 623 1782 676 καὶ
1812 621 1972 675 πάλιν

395 713 640 778 δύνοντος
665 729 678 743 ο
711 713 791 766 ἔτι
828 713 873 767 δ’
906 713 966 766 tv
1008 713 1202 775 πόσαις
1251 713 1592 784 ίσημεριναῖς
1632 713 1802 784 ὥραις
1840 713 1972 768 ἔκα-

397 822 520 868 στος
545 803 847 867 ἀνατέλλει,
880 805 913 875 ἢ
949 803 1126 856 δύνει·
1171 801 1268 856 νῦν
1307 805 1694 876 ὑπογράψομεν
1728 805 1796 858 τὰ
1835 805 1975 858 αὐτά

395 898 524 967 περὶ
550 897 778 951 ἑκάστου
810 895 915 948 τῶν
953 895 1286 968 νοτιωτέρων
1313 895 1406 950 τοῦ
1437 896 1702 962 ζωδιακοῦ
1733 897 1970 969 ἄστρων,

396 991 492 1044 καὶ
521 990 700 1044 αὐτῶν
727 989 837 1042 τῶν
870 987 936 1059 ιβ’
964 988 1190 1052 ζωδίων.

465 1081 586 1135 Τῶν
636 1081 733 1152 μὲν
784 1076 878 1134 οὖν
923 1079 1257 1151 νοτιωτέρων
1291 1077 1383 1132 τοῦ
1433 1078 1697 1142 ζωδιακοῦ
1745 1081 1970 1148 κύκλου,

395 1173 524 1228 ὅταν
560 1171 657 1242 μὲν
685 1174 714 1225 6
744 1171 944 1242 Ὕδρος
972 1169 1256 1242 ἀνατέλλῃ,
1289 1171 1662 1225 συνανατέλλει
1699 1173 1796 1244 μὲν
1825 1173 1974 1244 αὑτῷ

393 1265 426 1316 6
453 1260 715 1326 ζωδιακὸς
746 1261 854 1314 ἀπὸ
886 1245 1161 1332 Καρκίνου
1199 1260 1310 1332 μοί.
1356 1260 1418 1314 ιθ⁹
1450 1261 1622 1332 μέσης
1649 1261 1754 1326 ἔως
1780 1265 1974 1336 Χηλῶν

398 1365 474 1424 ις’
511 1358 715 1430 μὲσης’
753 1360 1075 1429 μεσουρανεῖ
1115 1357 1172 1410 6t
1211 1357 1319 1411 ἀπὸ
1363 1356 1532 1428 Κριοῦ
1575 1357 1682 1428 μοί.
1725 1363 1772 1425 γ’
1805 1357 1976 1428 μέσης

396 1449 502 1514 ἔως
529 1450 804 1521 Καρκίνου
839 1455 933 1519 ιη’.
967 1448 1078 1501 Καὶ
1109 1454 1156 1501 α’
1189 1447 1285 1518 μὲν
1324 1447 1498 1520 ἀστὴρ
1525 1446 1805 1500 ἀνατέλλει
1835 1449 1862 1499 6
1887 1445 1977 1516 βου

400 1543 675 1614 ρειότερος
704 1542 814 1595 τῶν
840 1543 897 1594 tv
925 1541 1001 1613 τῷ
1033 1541 1294 1612 χάσματι,
1329 1539 1556 1610 ἔσχατος
1588 1539 1645 1592 6t
1677 1541 1705 1592 6
1737 1541 1794 1592 tv
1830 1539 1977 1611 ἄκρᾳ.

397 1637 464 1707 τῇ
497 1636 653 1707 οὐρᾷ.
699 1636 1039 1706 Μεσουρανεί
1072 1633 1128 1687 δὲ
1166 1633 1342 1704 ἀστὴρ
1375 1638 1422 1685 a'
1452 1631 1550 1702 μὲν
1591 1629 1688 1685 τοῦ
1734 1648 1792 1684 τε
1833 1633 1976 1703 Περ-

402 1725 539 1790 σέως
557 1727 586 1780 6
613 1729 671 1780 tv
691 1729 758 1798 τῇ
785 1727 973 1800 Ἀρπῃ
993 1723 1355 1795 νεφελοειδὴς,
1383 1724 1478 1776 καὶ
1502 1725 1530 1776 6
1553 1721 1845 1793 σύνδεσμος
1869 1721 1978 1777 τῶν

412 1818 739 1890 Ἰχθύων,ὠς
768 1819 1067 1890 ἡμιπήχιον
1109 1817 1537 1887 ὑπολειπόμενος
1577 1815 1686 1869 τῶν
1715 1816 1772 1870 tv
1794 1817 1858 1886 τῇ
1883 1831 1977 1867 κε-

2075 620 2276 673 coelum
2312 624 2584 687 occupet:
2625 616 2692 670 ad
2724 615 2842 670 haec
2877 624 3010 686 quot
3043 619 3508 688 aequinoctialium
3544 611 3663 686 ho-‘,

2073 728 2261 767 rarum
2303 712 2481 782 spatio
2520 711 2747 782 singular:
2785 718 2939 766 ortus
2980 727 3110 768 suos
3165 728 3507 783 occasusque
3563 703 3666 783 ττι-ξ

2073 805 2245 858 ciant.
2283 802 2430 858 ldem
2464 818 2610 857 nunc
2660 802 2728 858 de
2777 803 3202 860 australioribus
3247 806 3473 859 zodiaco
3521 805 3646 859 coeli

2074 896 2623 959 constellationibus,
2686 910 2750 950 ac
2809 896 2877 950 de
2939 896 3075 966 ipsis
3127 897 3413 953 duodecim
3475 897 3650 967 signis

2075 988 2316 1044 scribere
2353 986 2725 1042 instituemus.
3673 993 3678 998 ’

2143 1079 2221 1132 Ex
2258 1080 2324 1134 iis
2357 1079 2523 1148 igitur
2566 1079 2913 1147 asterismis,
2959 1080 3052 1150 qui
3107 1081 3467 1139 australiorcs
3515 1089 3648 1138 sunt

2074 1172 2302 1226 zodiaco
2335 1171 2576 1235 circulo,
2611 1169 2797 1242 Hydro
2838 1180 3128 1242 surgente,
3164 1173 3420 1228 zodiacus
3452 1188 3648 1229 ascen—

2074 1265 2152 1318 dit
2183 1280 2213 1318 a
2245 1263 2447 1319 Cancri
2477 1264 2543 1320 19
2575 1265 2752 1318 media
2787 1272 2939 1333 parte
2959 1303 2976 1330 ,
3007 1266 3074 1320 ad
3111 1267 3344 1321 mediam
3393 1267 3460 1322 16
3505 1268 3648 1324 Che-

2075 1357 2286 1425 larum;
2315 1357 2579 1412 culminat
2611 1358 2679 1412 ab
2710 1358 2913 1414 Arietis
2949 1359 3126 1414 media
3160 1360 3200 1415 5'
3224 1359 3292 1413 ad
3327 1359 3524 1416 Cancri
3556 1361 3644 1415 18.

2074 1447 2258 1503 Prima
2295 1449 2472 1503 oritur
2503 1450 2661 1504 stella
2707 1449 2980 1506 borealior
3017 1466 3205 1506 earum
3245 1468 3367 1522 quae
3406 1453 3461 1506 in
3501 1454 3668 1510 rictu.

2077 1547 2206 1597 sunt
2231 1557 2246 1606 ;
2273 1541 2462 1594 ultima
2481 1583 2495 1607 ,
2528 1556 2648 1611 quas
2675 1541 2727 1594 in
2755 1542 3099 1596 extremitate
3129 1542 3336 1597 caudae.
3368 1543 3660 1598 Culminat.

2078 1634 2230 1704 prior
2277 1648 2398 1703 quae
2435 1631 2492 1687 in
2529 1633 2715 1714 Persei
2753 1641 2841 1689 est
2866 1631 3048 1704 Harpe
3075 1633 3288 1688 nebulae
3319 1634 3556 1700 similis;
3590 1642 3663 1689 et.

2077 1727 2257 1783 nodus
2301 1727 2577 1792 Piscium,
2620 1728 2945 1783 semicubito
2987 1728 3205 1782 circiter
3248 1727 3458 1783 distans
3500 1743 3531 1782 a
3563 1727 3648 1782 lu-

2079 1819 2219 1875 cidis
2247 1819 2420 1876 tribus
2443 1819 2639 1890 capitis
2662 1819 2894 1887 Cancri;
2922 1819 3248 1875 semicubito
3272 1833 3490 1890 quoque
3513 1819 3646 1873 citra

400 1909 543 1982 φαλῇ
572 1909 666 1964 τοῦ
695 1910 971 1982 Καρκίνου
1004 1910 1272 1981 λαμπρῶν
1302 1915 1374 1979 γ’,
1408 1907 1484 1971 ὡς
1509 1907 1809 1979 ἡμιπήχιον
1849 1906 1980 1958 ὑπο-

2087 1911 2442 1967 meridianum
2494 1914 2689 1982 posita.
2745 1910 2947 1966 Ultima
2994 1912 3294 1977 culminat,
3352 1911 3652 1967 australicr

400 1999 719 2072 λειπόμενος
747 1999 841 2053 τοῦ
877 1998 1251 2072 μεσημϐρινοῦ
1281 2017 1295 2029 ο
1324 1998 1552 2070 ἔσχατος
1574 1998 1630 2052 6t
1661 1999 1982 2069 μεσουρανεῖ

400 2091 495 2146 τοῦ
531 2109 592 2145 τε
629 2091 856 2154 Λέοντος
901 2093 930 2146 6
969 2089 1287 2164 νοτιώτερος
1325 2090 1434 2144 τῶν
1465 2089 1785 2161 ἡγουμένων
1813 2090 1872 2142 tv
1911 2090 1980 2160 τῇ

401 2183 609 2255 κεφαλῇ
637 2222 652 2246 ,
682 2183 776 2236 καὶ
808 2182 909 2252 τῆς
945 2182 1174 2255 Ἀργοῦς
1197 2183 1226 2235 6
1252 2180 1568 2252 νοτιὼτερος
1594 2179 1703 2234 τῶν
1733 2180 1790 2233 tv
1833 2177 1983 2250 μέσῳ

398 2275 479 2347 τῷ
519 2273 671 2347 ἱστῷ.
710 2274 1013 2329 Ἀνατέλλει
1058 2275 1117 2329 δὲ
1158 2277 1186 2328 6
1206 2274 1404 2347 ’Ύδρος
1441 2274 1498 2328 tv
1526 2272 1696 2343 ὥραις
1725 2264 1768 2337 ζ’
1796 2271 1891 2324 καὶ
1922 2285 1982 2322 ιε’

404 2366 585 2440 μέρει.
1615 2415 1626 2427 ,

477 2460 646 2512 Ὀταν
691 2457 747 2512 δὲ
779 2457 808 2510 6
841 2456 1071 2530 Κρατὴρ
1115 2455 1382 2528 ἀνατέλλῃ
1406 2497 1420 2520 ,
1453 2455 1830 2510 συνανατέλλει
1884 2455 1983 2526 μὲν

400 2549 551 2621 αὑτῷ
591 2552 619 2603 6
651 2549 914 2615 ζωδιακὸς
961 2548 1069 2602 ἀπὸ
1108 2549 1334 2612 Λέοντος
1378 2549 1488 2620 μοί.
1527 2549 1570 2613 ζ’
1605 2551 1698 2603 καὶ
1730 2555 1776 2603 κ’
1810 2548 1984 2620 μέσης

401 2643 508 2706 ἔως
548 2643 827 2716 Παρθένου
879 2643 988 2714 μοί.
1044 2649 1110 2696 ια’
1162 2641 1364 2715 μέσης·
1409 2644 1735 2714 μεσουρανεί
1775 2641 1832 2696 δὲ
1876 2641 1985 2695 ἀπὸ

402 2734 619 2808 Ταύρου
650 2742 699 2790 α’
729 2737 824 2789 καὶ
851 2742 900 2790 κ’
947 2735 1118 2807 μέσης
1139 2735 1244 2799 ἓως
1275 2735 1521 2806 Διδύμων
1553 2735 1746 2805 μέσης.
1792 2734 1903 2787 Καὶ
1936 2739 1985 2786 α’

408 2828 507 2899 μὲν
541 2827 716 2900 ἀστὴρ
749 2828 1030 2883 ἀνατέλλει
1064 2831 1092 2880 6
1123 2826 1462 2916 βορειότερος
1493 2826 1603 2880 τῶν
1636 2827 1694 2879 tv
1727 2828 1794 2897 τῇ
1831 2825 1986 2896 βάσει

402 2921 466 2984 δ’,
503 2920 728 2992 ἔσχατος
759 2921 816 2975 δὲ
841 2925 871 2976 6
894 2921 1214 2985 νοτιώτατος
1242 2920 1349 2974 τῶν
1375 2921 1432 2974 tv
1452 2919 1530 2991 τῷ
1551 2921 1721 2992 Κήτει
1747 2925 1799 2984 ς’
1828 2917 1987 2972 ἀστέ-

409 3033 539 3086 ρων.
575 3015 986 3087 Μεσουρανοῦσι
1015 3015 1072 3069 δὲ
1099 3015 1306 3089 πρῶτοι
1338 3015 1434 3086 μὲν
1476 3013 1702 3087 ἀστέρες
1740 3015 1791 3067 οἱ
1828 3014 1886 3066 tv
1917 3015 1984 3085 τῇ

405 3107 617 3179 κεφαλῇ
645 3106 740 3161 τοῦ
775 3108 1019 3179 Ἦνιόχου
1054 3109 1192 3162 κατὰ
1233 3107 1295 3162 τὸ
1327 3108 1488 3179 μέσον
1515 3107 1645 3160 αὐτὸ
1667 3108 1734 3172 ⁸ο,
1769 3105 1984 3177 ἔσχατοι

405 3199 464 3253 δὲ
495 3200 604 3253 τῶν
625 3217 685 3254 τε
709 3201 955 3272 Διδύμων
983 3203 1011 3255 6
1056 3202 1099 3255 6'
1131 3201 1238 3255 ἀπὸ
1267 3201 1470 3264 δύσεως
1501 3199 1612 3254 τῶν
1648 3201 1706 3254 ὲν
1724 3201 1836 3263 τοῖς
1860 3199 1988 3252 ποσὶ

2080 2003 2506 2074 praecedentium
2554 2003 2610 2058 in
2663 2004 2838 2074 capite
2883 2002 3122 2058 Leonis:
3175 2004 3468 2059 australior
3519 2004 3647 2058 iten‘

2080 2109 2272 2149 earum
2307 2110 2431 2166 quae
2467 2097 2522 2149 in
2564 2095 2708 2151 malo
2734 2095 2916 2150 medio
2946 2102 3074 2151 sunt
3105 2094 3287 2151 Navis.
3321 2095 3506 2151 Oritur
3536 2093 3650 2167 Hy-

2081 2185 2215 2242 drus
2247 2186 2400 2244 horis
2432 2194 2638 2259 septem
2659 2227 2674 2253 ,
2710 2194 2763 2243 et
2795 2196 2950 2260 parte
2984 2187 3136 2244 horae
3167 2190 3254 2244 15.

2155 2448 2376 2506 Oriente
2399 2450 2623 2508 Cratere
2649 2452 2908 2510 zodiacus
2937 2453 3172 2525 assurgit
3195 2467 3226 2508 a
3251 2451 3452 2508 Leonis
3476 2450 3657 2506 media

2083 2552 2238 2614 parte
2269 2544 2340 2597 27
2373 2560 2550 2615 usque
2585 2546 2654 2601 ad
2693 2545 2934 2618 Virginis
2973 2547 3209 2602 mediam
3249 2548 3352 2614 11;
3393 2545 3666 2601 culmina:~

2085 2647 2117 2686 a
2141 2640 2298 2703 parte
2321 2632 2488 2688 Tauri
2516 2633 2693 2690 media
2718 2635 2784 2689 21
2815 2634 2885 2689 ad
2911 2635 3146 2690 mediam
3174 2676 3188 2689 .
3212 2674 3225 2688 .
3247 2633 3654 2692 .Geminorum.

2084 2721 2244 2778 Prior
2276 2724 2452 2779 oritur
2480 2725 2754 2782 borealior
2785 2725 2854 2782 de
2886 2733 3122 2798 quatuor
3150 2727 3208 2800 in
3237 2725 3396 2792 basi;
3431 2725 3620 2778 ultima
3639 2763 3656 2790 ,

2085 2831 2208 2887 quae
2244 2823 2328 2872 est
2369 2817 2629 2872 australis
2668 2816 2906 2872 maxime
2944 2831 3042 2872 sex
3077 2815 3134 2870 in
3171 2812 3310 2871 Ceto
3348 2815 3653 2870 stellarum.

2087 2906 2410 2964 Culminant
2448 2908 2660 2979 priores
2697 2924 2777 2965 ea:
2812 2907 3014 2977 stellae,
3057 2921 3178 2978 quae
3217 2913 3348 2962 sunt
3384 2907 3442 2960 in
3480 2905 3659 2975 capite

2085 3002 2333 3074 Aurigae,
2366 3003 2513 3059 circa
2542 3005 2782 3062 medium
2814 3006 2993 3077 ipsum
3027 3022 3040 3059 :
3080 3001 3420 3066 novissimae,
3458 3005 3659 3071 quarta

2088 3094 2158 3149 ab
2189 3109 2391 3150 occasu
2420 3095 2490 3151 de
2518 3105 2752 3168 quatuor
2784 3112 2907 3168 quae
2943 3103 3072 3153 sunt
3111 3095 3171 3150 in
3209 3093 3441 3166 pedibus
3475 3091 3659 3146 Gemi-

2090 3213 2290 3254 norum
2309 3239 2324 3265 ,
2356 3206 2410 3254 et
2435 3195 2619 3252 lucida
2648 3206 2848 3246 carens
2874 3189 3097 3246 nomine
3115 3228 3130 3254 ,
3161 3185 3360 3258 Lepori
3389 3182 3655 3255 subjecta.

405 3291 468 3357 6',
497 3295 592 3347 καὶ
614 3295 643 3347 6
673 3293 779 3346 ὑπὸ
808 3293 898 3347 τὸν
927 3293 1122 3362 Λαγὼν
1155 3293 1405 3365 λαμπρὸς
1440 3293 1614 3365 ἀστὴρ
1643 3291 1983 3362 ἀκατονόμα-

2088 3289 2275 3348 Oritur
2301 3290 2490 3346 Crater
2514 3287 2649 3343 hora
2677 3285 2704 3340 1
2727 3323 2743 3351 ,
2780 3280 2882 3339 15⁷.

407 3401 551 3448 στος.
593 3385 895 3440 Ἀνατέλλει
927 3385 985 3438 δὲ
1016 3388 1045 3440 6
1073 3385 1302 3458 Κρατὴρ
1327 3387 1385 3439 tv
1412 3384 1532 3455 ὥρᾳ
1553 3390 1598 3438 α’
1618 3384 1712 3438 καὶ
1734 3383 1774 3437 6'
1805 3382 1980 3455 μέρει.
2097 3383 2109 3390 ‘

477 3477 552 3530 B'.
601 3479 769 3532 Ὅταν
796 3477 854 3532 δὲ
881 3481 909 3532 6
934 3477 1121 3549 Κόραξ
1151 3477 1416 3551 ἀνατέλλῃ
1438 3516 1451 3543 ,
1479 3477 1854 3532 συνανατέλλει
1886 3475 1985 3548 μὲν

407 3568 558 3640 αύτῷ
588 3572 617 3624 6
648 3569 912 3634 ζωδιακὸς
937 3570 1044 3624 ἀπὸ
1068 3569 1342 3642 Παρθένου
1379 3569 1490 3640 μοί.
1534 3575 1610 3634 ις’
1633 3569 1738 3632 ἔως
1778 3567 1988 3639 Παρθέ-

408 3678 499 3715 νου
533 3661 641 3731 μοί.
671 3669 720 3731 γ’
762 3661 859 3715 καὶ
887 3668 934 3715 κ’
961 3676 977 3691 ⁸
1015 3663 1340 3732 μεσουρανεῐ
1369 3661 1425 3714 δὲ
1455 3661 1562 3714 ἀπὸ
1600 3660 1846 3731 Διδύμων
1875 3659 1987 3730 μοί.

411 3754 476 3807 ιδ’
500 3753 604 3817 ἕως
628 3753 876 3824 Διδύμων
905 3753 1012 3824 μοί.
1038 3753 1084 3824 β’
1103 3753 1198 3806 κα)⁸
1220 3760 1287 3806 κ’.
1321 3753 1430 3807 Καὶ
1451 3753 1668 3824 πρῶτος
1693 3754 1790 3824 μὲν
1816 3753 1989 3825 ἀστὴρ

409 3843 689 3898 ἀνατέλλει
741 3845 770 3898 6
816 3845 908 3898 ἐπὶ
938 3844 1040 3916 τῆς
1083 3843 1282 3915 ὀσφύος
1307 3884 1322 3909 ,
1355 3843 1578 3914 ἔσχατος
1615 3844 1672 3898 6t
1717 3846 1744 3897 6
1777 3847 1834 3896 tv
1878 3847 1991 3909 τοῖς

407 3935 557 3990 ποσί.
593 3937 934 4008 Μεσουρανεῖ
971 3936 1029 3990 δὲ
1061 3944 1110 3990 α’
1151 3936 1250 4008 μὲν
1282 3938 1311 3989 6
1343 3938 1402 3990 tv
1433 3939 1499 4008 τῇ
1532 3935 1809 4007 ἡγουμένῃ
1844 3935 1990 4008 χειρὶ

409 4029 504 4082 τοῦ
529 4028 836 4101 ἡγουμένου
863 4027 1118 4100 Διδύμου,
1159 4028 1254 4082 καὶ
1291 4029 1319 4080 6
1355 4025 1528 4093 δεξιὸς
1562 4026 1699 4087 ποῦς
1735 4025 1829 4079 τοῦ
1871 4027 1994 4078 ἔπο-

413 4119 580 4192 μένου
609 4119 863 4191 Διδύμου,
893 4119 1114 4192 ἔσχατοι
1157 4119 1215 4174 δὲ
1239 4118 1348 4173 τῶν
1377 4135 1438 4171 τε
1467 4116 1712 4188 Διδύμων
1745 4117 1774 4170 6
1805 4122 1853 4186 γ’
1883 4115 1993 4170 ἀπὸ

409 4209 616 4275 δύσεως
642 4211 753 4266 τῶν
782 4212 844 4265 tv
885 4213 998 4274 τοῖς
1040 4207 1234 4281 ὤμοις,
1282 4208 1376 4262 καὶ
1422 4206 1518 4260 τοῦ
1558 4205 1735 4269 Κυνὸς
1759 4208 1788 4260 6
1829 4206 1887 4258 tv
1923 4207 1991 4276 τῇ

412 4305 640 4375 ἑκφύσει
704 4304 814 4358 τῶν
846 4301 1195 4375 ἐμπροσθίων
1245 4298 1448 4372 μερῶν,
1499 4299 1692 4371 μικρὸν
1741 4295 2172 4369 ὑπολειπόμενος
2210 4300 2305 4354 τοῦ
2363 4298 2762 4372 μεσημϐρινοῦ.

410 4401 558 4473 τρισὶ
587 4399 1024 4473 πεμπτημορίοις
1049 4405 1094 4452 α’
1125 4397 1293 4470 ὥρας.

489 4497 656 4549 Ὅταν
685 4494 743 4548 6t
765 4496 794 4546 6
826 4494 1137 4564 Κένταυρος
1164 4491 1449 4563 ἀνατέλλῃ,
1482 4488 1862 4544 συνανατέλλει
1901 4489 1998 4559 μὲν

2161 3472 2226 3527 ll.
2267 3471 2490 3528 Oriente
2517 3469 2726 3532 Corvo,
2757 3464 2966 3521 zodiaci
3001 3478 3164 3518 arcus
3188 3459 3455 3516 attollitur
3483 3472 3512 3512 a
3540 3455 3665 3512 Vir-

2091 3566 2234 3638 ginis
2265 3564 2333 3619 16
2375 3564 2441 3618 ad
2474 3562 2574 3627 23;
2605 3559 2870 3616 culminat
2899 3573 2929 3611 a
2960 3555 3311 3612 Geminorum
3353 3552 3421 3606 14
3466 3551 3535 3606 ad
3570 3549 3663 3604 22.
3751 3539 3758 3546 “

2094 3656 2253 3712 Prior
2280 3656 2456 3710 oritur
2482 3654 2640 3710 stella
2658 3693 2673 3717 ,
2701 3666 2822 3723 quae
2845 3657 2930 3706 est
2956 3651 3011 3704 in
3033 3647 3230 3703 lumbis
3249 3688 3266 3714 ,
3291 3645 3482 3700 ultima
3503 3682 3520 3706 ,
3547 3657 3667 3712 quae

2096 3756 2181 3805 est
2215 3749 2270 3802 in
2305 3747 2557 3818 pedibus.
2592 3745 2872 3800 Culminat
2903 3742 3080 3814 prima
3110 3753 3231 3810 qua:
3260 3747 3344 3794 est
3376 3737 3433 3795 in
3465 3749 3671 3807 praece-

2095 3842 2258 3897 dente
2305 3856 2468 3896 manu
2527 3837 2886 3911 praecedentis
2937 3833 3194 3900 Gemini;
3249 3840 3304 3886 et
3342 3846 3438 3904 pes
3475 3830 3668 3884 dexter

2095 3931 2443 3990 succedentis
2471 3949 2486 3998 ;
2513 3938 2801 4001 postremae
2819 3973 2832 3997 ,
2858 3927 3019 3984 tertia
3045 3925 3112 3980 ab
3134 3939 3334 3980 occasu
3358 3939 3422 3978 ex
3453 3921 3520 3976 iis
3549 3934 3670 3990 quae

2096 4032 2226 4082 sunt
2255 4024 2312 4080 in
2337 4023 2689 4079 Geminorum
2739 4021 3006 4085 humeris,
3038 4027 3092 4074 et
3116 4032 3237 4089 quae
3270 4017 3326 4070 in
3355 4014 3538 4071 radice
3571 4027 3672 4066 an-

2095 4117 2360 4173 teriorum
2406 4117 2644 4187 partium
2682 4114 2849 4171 Canis
2871 4153 2887 4178 ,
2927 4112 3208 4183 paululum
3239 4110 3380 4165 citra
3406 4104 3668 4162 meridia-

2095 4225 2228 4264 num
2262 4209 2462 4280 posita.
2495 4207 2686 4264 Oritur
2714 4206 2925 4263 Corvus
2955 4205 3091 4260 hora
3121 4203 3190 4270 0,
3224 4201 3327 4257 ὅθ’.

2844 4295 3146 4351 Ἀνατέλλει
3201 4293 3258 4347 δὲ
3295 4295 3324 4346 6
3364 4287 3550 4362 Κόραξ
3615 4288 3689 4341 tv.

2180 4484 2317 4540 Cum
2365 4483 2640 4539 Centauro
2691 4481 2949 4536 zodiacus
2998 4478 3176 4534 oritur
3222 4492 3252 4531 a
3298 4483 3453 4546 parte
3481 4475 3676 4531 Chela-

413 4587 562 4659 αὐτῷ
612 4588 642 4640 6
686 4585 950 4650 ζωδιακὸς
997 4562 1105 4638 ἀπὸ
1153 4582 1347 4654 Χηλῶν
1389 4562 1500 4652 μοί.
1533 4587 1561 4633 ι’
1613 4580 1717 4644 ἓως
1767 4577 1991 4644 Τοξότου

2099 4593 2223 4632 rum
2254 4577 2321 4630 10
2347 4575 2416 4630 ad
2445 4574 2721 4646 Sagittarii
2753 4574 2819 4640 4;
2843 4573 3107 4627 culminat
3137 4586 3167 4623 a
3196 4579 3349 4639 parte
3377 4567 3576 4623 Cancri
3608 4567 3676 4620 12

419 4681 528 4754 μοί.
557 4681 620 4734 δ’·
650 4681 974 4751 μεσουρανεί
1003 4677 1061 4731 δὲ
1094 4676 1204 4731 ἀπὸ
1246 4674 1525 4746 Καρκίνου
1567 4672 1632 4744 ιβ’
1659 4673 1765 4736 ἔως
1794 4670 2000 4743 Παρθέ-

412 4791 505 4828 νου
543 4771 604 4837 ιξ⁹
638 4772 829 4844 μέσης.
865 4771 977 4826 Καὶ
1013 4777 1062 4824 α’
1098 4769 1196 4840 μὲν
1226 4767 1400 4839 ἀστὴρ
1451 4765 1728 4821 ἀνατέλλει
1768 4767 1797 4818 6
1838 4765 1894 4816 tv
1921 4761 1999 4834 τῷ

413 4863 688 4936 ἀριστερῷ
717 4862 875 4934 ὥμῳ,
917 4861 1142 4933 ἔσχατος
1185 4861 1242 4914 6t
1278 4863 1307 4913 6
1337 4859 1602 4931 ἑπόμενος
1630 4857 1740 4910 τῶν
1785 4856 1996 4926 έμπρο-
2031 4881 2049 4902 ο

416 4954 580 5009 σθίων
610 4954 805 5008 ποδῶν.
831 4955 1170 5025 Μεσουρανεῖ
1194 4952 1250 5006 δὲ
1275 4958 1323 5005 a'
1352 4952 1450 5022 μὲν
1470 4949 1644 5021 ἀστὴρ
1669 4947 1770 5018 τῆς
1798 4963 1858 5000 τε
1884 4947 2000 5020 ’ᾼρ-

415 5045 544 5114 γοῦς
583 5047 612 5098 6
657 5045 766 5098 ἀπὸ
803 5043 1008 5108 δύσεως
1041 5043 1151 5096 τῶν
1192 5045 1249 5096 tv
1274 5041 1352 5114 τῷ
1395 5038 1822 5112 καταστρώματι
1855 5037 1998 5108 λαμ-

417 5135 593 5208 πρῶν,
619 5137 713 5189 καὶ
744 5133 839 5188 τοῦ
863 5135 1063 5208 Ὕδρου
1101 5134 1200 5206 τῆς
1236 5133 1417 5196 νοτίας
1448 5131 1695 5201 σιαγόνος
1739 5131 1768 5182 ὁ
1799 5129 1999 5200 ἑπόμε-

415 5246 526 5294 νος,
555 5227 780 5298 ἔσχατος
809 5227 866 5280 6t
891 5229 920 5280 6
945 5225 1344 5298 Προτρυγητὴρ
1384 5225 1460 5288 ὥς
1510 5224 1808 5296 ημιπήχιον
1866 5238 2000 5293 προ-

413 5321 721 5396 ηγούμενος
763 5318 857 5374 τοῦ
908 5317 1302 5392 μεσημϐρινοῦ.
1346 5317 1649 5372 Ἀνατέλλει
1695 5316 1752 5369 δὲ
1791 5315 1820 5368 6
1864 5314 1999 5368 Κέν-

416 5431 616 5486 ταυρος
643 5415 698 5466 tv
725 5411 897 5484 ὥραις
923 5412 964 5465 δ’
993 5413 1088 5465 καὶ
1111 5418 1158 5480 γ’
1192 5411 1348 5481 μέρει
1369 5409 1536 5480 ὥρας.

489 5485 596 5560 T06
628 5505 686 5560 6t
717 5506 917 5578 Θηρίου
951 5504 1362 5567 ἀνατέλλοντος,
1395 5502 1425 5555 6
1457 5501 1568 5572 ἔχει
1608 5502 1637 5554 6
1664 5499 1996 5571 Κένταυρος,
2035 5485 2038 5492 ’

419 5598 796 5659 ουναυατέλλει
827 5597 927 5669 μὲν
960 5595 1110 5668 αὐτῴ
1133 5599 1161 5650 6
1186 5594 1447 5661 ζωδιακὸς
1469 5593 1578 5648 ἀπὸ
1609 5598 1657 5660 γ’
1687 5591 1782 5645 καὶ
1808 5597 1855 5645 κ’
1885 5590 1994 5662 μοί.

357 5725 364 5730 -
417 5690 512 5745 τοῦ
546 5689 817 5763 Σκορπίου
846 5689 952 5753 ἕως
983 5688 1212 5755 Τοξότου
1266 5694 1383 5742 κα’·
1425 5687 1749 5759 μεσουρανεί
1787 5682 1845 5738 6t
1890 5683 1998 5738 ἀπὸ

482 5840 680 5909 "Rea.
711 5849 883 5910 αὐτοὶ.
911 5848 950 5907 f.
975 5847 1160 5904 αὑτοῦ.

2101 4670 2170 4725 ad
2202 4669 2437 4724 mediam
2471 4664 2712 4738 Virginis
2737 4667 2826 4722 17.
2857 4663 3040 4719 Prima
3073 4663 3249 4717 oritur
3281 4660 3435 4716 stella
3465 4659 3678 4739 sinistri

2101 4764 2351 4827 humeri,
2397 4761 2613 4828 ultima;
2633 4776 2798 4827 vero,
2850 4757 3155 4814 succedens
3203 4754 3539 4809 anteriorum
3583 4767 3682 4822 pe-

2100 4858 2252 4913 dum.
2292 4855 2572 4910 Culminat
2621 4852 2797 4923 prima
2839 4850 2996 4907 stella
3035 4863 3156 4919 qum
3193 4847 3261 4902 ab
3298 4861 3500 4900 occasu
3539 4844 3681 4898 luci-

2100 4952 2293 5006 darum
2331 4957 2417 5004 est
2453 4948 2511 5002 in
2552 4945 2687 5002 foris
2726 4945 2938 5015 Argus,
2979 4951 3034 4998 et
3073 4940 3375 4997 succedens
3415 4937 3673 4994 australis

2103 5040 2440 5096 mandibula:
2466 5039 2608 5094 Ceti.
2633 5035 2923 5093 Postremo
2950 5032 3326 5088 Vindemiator
3353 5028 3683 5086 semicubito

2103 5133 2422 5206 praecedens
2451 5130 2836 5187 meridianum.
2871 5125 3060 5182 Oritur
3092 5124 3404 5180 Centaurus
3427 5121 3579 5177 boris
3610 5122 3644 5173 4
3663 5159 3680 5185 ,

2100 5237 2154 5284 et
2174 5226 2277 5282 20'.

2185 5494 2345 5568 134
2366 5492 2503 5550 Fera
2525 5533 2540 5558 ,
2567 5506 2731 5564 quam
2754 5490 3064 5546 Centaurus
3098 5494 3281 5549 tenet,
3316 5483 3554 5549 oriente,
3587 5496 3685 5537 zo-

2104 5592 2296 5648 diacus
2327 5587 2556 5658 emergit
2585 5601 2614 5640 a
2637 5592 2792 5656 parte
2821 5582 3037 5653 Scorpii
3067 5581 3140 5636 25
3172 5579 3240 5635 ad
3271 5575 3553 5648 Sagittarii
3579 5574 3684 5641 2'1;

2107 5683 2372 5742 culminat
2403 5697 2435 5738 a
2465 5679 2708 5754 Virginis
2740 5679 2775 5734 '5
2814 5677 2882 5734 ad
2915 5673 3094 5731 Libra:
3124 5671 3207 5729 10.
3235 5671 3400 5726 Prior.
3423 5667 3598 5726 oritur
3621 5679 3688 5724 ea
