4132 6410
523 355 661 416 illi

1530 366 1620 421 AD
1661 366 1930 423 EUSEBII
1968 365 2361 424 CllRONICON
2400 365 2763 424 APPENDIX.

3633 369 3779 424 H12

521 490 645 548 quae
666 484 751 533 est
778 476 836 532 in
857 478 1210 536 antecedente
1234 480 1430 551 pedum
1460 485 1844 552 posteriorum,
1871 501 1992 556 quae
2011 499 2079 542 εει

2199 485 2474 556 Παρθένου
2500 491 2548 553 γ’
2578 484 2683 548 ἓως
2710 483 2881 551 Ζυγοῦ
2913 490 2964 538 ι’.
2994 484 3103 536 Καὶ
3139 489 3187 536 α’
3215 484 3312 554 μὲν
3348 483 3523 556 ἀστὴρ
3552 485 3780 539 ἀνατέλ-

525 565 798 622 borealior
846 570 1075 624 sitarum
1125 571 1230 626 sub
1277 570 1470 626 dextro
1520 573 1748 630 humero
1784 577 2086 644 Centauri;

523 658 713 713 ultima
744 675 906 728 vero,
953 661 1200 716 omnium
1246 665 1561 730 australior,
1616 677 1670 721 et
1721 668 1778 723 in
1829 671 2092 724 extremi-

523 759 654 817 tate,
689 767 810 823 qua:
837 753 892 807 in
923 753 1126 810 lumbis
1151 764 1237 811 est
1256 796 1270 819 ,
1317 756 1586 826 subjecta.
1614 756 1796 813 Prima
1823 760 2090 814 culminat

520 842 712 910 stella,
767 844 1179 900 succedentium
1230 863 1298 901 ex
1345 847 1412 902 iis
1451 864 1572 918 quae
1618 859 1747 904 sunt
1787 851 1842 904 in
1891 849 2090 907 Leonis

519 933 731 1002 capite,
783 934 1071 1001 borealior,
1127 944 1181 991 et
1229 952 1350 1007 qua:
1397 938 1454 992 in
1501 940 1870 996 anterioribus
1916 941 2089 1012 ipsius

519 1023 791 1098 pedibus;
835 1027 1026 1080 ultima
1069 1042 1196 1082 vero
1239 1026 1458 1092 lucida,
1501 1045 1622 1100 qua:
1663 1030 1717 1085 in
1764 1031 1965 1088 lumbis
2005 1040 2089 1087 est

518 1113 745 1184 majoris
774 1113 964 1172 Ursae:
997 1125 1050 1172 et
1082 1134 1202 1189 quae
1231 1120 1285 1176 in
1313 1127 1462 1176 recto
1493 1129 1578 1176 est
1609 1122 1870 1193 trianguli
1900 1124 2088 1178 ortho-

514 1206 698 1278 gonii,
731 1207 825 1277 qui
859 1216 944 1264 est
980 1209 1082 1265 sub
1113 1211 1357 1269 Cratere.
1394 1211 1578 1268 Oritur
1607 1212 1742 1269 Fera
1774 1215 1950 1285 spatio
1989 1215 2088 1270 ho-

515 1312 701 1355 rarum
733 1299 770 1356 2
787 1343 802 1369 ,
839 1301 940 1357 15'.

587 1479 694 1535 Ara
723 1499 846 1539 cum
877 1484 1075 1551 oritur,
1101 1501 1224 1541 cum
1254 1500 1318 1542 ea
1353 1485 1612 1542 zodiacus
1641 1487 1886 1543 ascendit
1921 1503 1950 1541 a
1987 1487 2086 1541 Sa-

517 1573 723 1644 gittarii
753 1585 906 1646 parte
936 1577 1003 1631 15
1027 1579 1095 1633 ad
1122 1578 1231 1646 25;
1261 1579 1524 1634 culminat
1551 1595 1581 1633 a
1611 1579 1902 1634 Chelarum
1934 1587 2086 1650 parte

515 1665 552 1719 2
573 1665 638 1719 ad
669 1665 752 1722 ιο.
780 1665 939 1724 Prior
964 1669 1141 1725 oritur
1167 1671 1322 1727 stella
1345 1686 1465 1742 quae
1493 1678 1577 1726 est
1604 1671 1659 1725 in
1692 1671 1813 1726 foco
1836 1688 1850 1736 ;
1876 1682 2085 1742 postre-

517 1773 604 1811 ma
637 1760 932 1817 australior
958 1776 1146 1816 earum
1174 1777 1296 1833 qua:
1325 1763 1382 1817 in
1417 1763 1554 1817 basi.
1601 1760 1782 1816 Prima
1817 1763 2086 1817 culminat

2198 578 2276 631 λει
2305 580 2333 631 6
2376 581 2434 632 ὲν
2457 577 2534 648 τῷ
2562 578 2850 648 ἡγουμένῳ
2879 577 2987 632 τῶν
3027 575 3286 630 ὀπισθίων
3313 576 3486 630 ποδῶν
3508 594 3521 605 ·
3557 577 3672 630 ἔστι
3717 577 3775 632 δὲ

2196 665 2351 734 οὗτος
2396 673 2425 724 6
2468 671 2799 742 βορειότερος
2845 669 2953 723 τῶν
2991 668 3095 722 ὑπὸ
3134 669 3225 722 τὸν
3269 669 3440 734 δεξιὸν
3482 664 3632 741 ὦμον
3675 669 3774 724 τοῦ

2197 762 2509 834 Κενταύρου
2539 778 2552 792 ·
2589 762 2818 831 ἔσχατος
2857 761 2913 814 δὲ
2938 763 2966 814 6
2990 761 3306 832 νοτιώτερος
3334 762 3549 814 πάντων
3578 761 3672 814 καὶ
3714 765 3773 814 ἐν

2196 855 2350 926 ἄκρῳ
2397 855 2475 925 τῷ
2503 855 2596 906 ἐπὶ
2627 853 2728 924 τῆς
2761 852 2960 921 ὀσφύος
3013 852 3389 923 ὑποκείμενος.
3435 853 3778 924 Μεσουρανεῖ

2195 945 2250 997 δὲ
2289 943 2538 1015 α’όιστὴρ
2562 945 2590 997 6
2614 943 2723 995 τῶν
2759 945 2818 995 ὲν
2856 944 2922 1012 τῇ
2948 941 3156 1012 κεφαλῇ
3184 940 3278 994 τοῦ
3303 940 3530 1003 Λέοντος
3564 940 3773 1012 βορειό-

2196 1053 2352 1109 τερος
2382 1035 2490 1088 τῶν
2513 1034 2814 1104 ἑπομένων,
2842 1035 2935 1086 καὶ
2961 1034 2990 1085 6
3013 1035 3071 1085 ὲν
3092 1033 3205 1096 τοῖς
3229 1032 3578 1102 ἐμπροσθίοις
3603 1031 3770 1085 αὑτοῦ

2197 1129 2376 1191 ποσὶν,
2410 1126 2635 1197 ἔσχατος
2677 1125 2735 1178 δὲ
2781 1127 2809 1178 6
2847 1124 2940 1176 ἐπὶ
2993 1124 3091 1194 τῆς
3137 1121 3335 1190 ὀσφύος
3379 1123 3478 1192 τῆς
3530 1121 3771 1192 μεγάλης

2199 1219 2433 1289 Ἀρκτου
2464 1215 2734 1287 λαμπρὸς,
2767 1215 2860 1269 καὶ
2895 1213 2990 1268 τοῦ
3021 1215 3126 1267 ὑπὸ
3153 1214 3243 1267 τὸν
3271 1213 3536 1284 Κρατῆρα
3573 1212 3772 1284 τριγώ-

2194 1327 2285 1361 νου
2316 1307 2642 1378 ὀρθογωνίου
2681 1307 2773 1358 ἐπὶ
2813 1305 2908 1376 τῆς
2953 1304 3119 1375 ὀρθῆς
3154 1306 3422 1375 κείμενος.
3467 1303 3768 1356 Ἀνατέλλει

2192 1401 2249 1454 δὲ
2272 1401 2332 1453 τὸ
2359 1400 2557 1470 Θηρίον
2581 1401 2640 1452 ὲν
2667 1398 2838 1471 ὥραις
2872 1398 2916 1468 β’
2946 1398 3039 1452 καὶ
3062 1398 3101 1450 6'
3145 1398 3320 1468 μέρει.

2268 1491 2436 1547 Ὅταν
2471 1492 2527 1544 δὲ
2567 1491 2627 1544 τὸ
2665 1490 3030 1562 Θυμιατήριον
3061 1489 3346 1559 ἀνατέλλῃ,
3391 1487 3737 1542 συνανατέλλι

2196 1585 2293 1655 μὲν
2318 1582 2466 1654 αύτῷ
2495 1584 2524 1634 6
2553 1581 2813 1646 ζωδιακὸς
2845 1581 2954 1635 ἀπὸ
2985 1579 3214 1645 Τοξότου
3253 1581 3363 1651 μοί.
3395 1587 3452 1633 ιε’
3476 1581 3579 1642 ἓως
3607 1580 3739 1644 Τοξό

2191 1691 2286 1727 του
2344 1673 2452 1745 μοί.
2494 1680 2542 1742 γ’
2577 1674 2670 1726 καὶ
2708 1679 2755 1726 κ’
2778 1689 2794 1704 ο
2825 1675 3148 1743 μεσουρανεῖ
3185 1671 3242 1725 δὲ
3282 1671 3390 1725 67:6
3426 1671 3620 1742 Χηλῶν
3653 1671 3762 1742 μοί.

2195 1765 2239 1836 β’
2273 1766 2377 1829 ἕως
2404 1764 2597 1836 Χηλῶν
2641 1765 2752 1836 μοί.
2782 1771 2833 1818 ι’.
2869 1764 2978 1818 Καὶ
3009 1769 3057 1816 α’
3103 1764 3199 1835 μὲν
3227 1763 3401 1834 ἀστὴρ
3433 1763 3711 1817 ἀνατέλλει
3737 1765 3767 1816 6

518 1850 675 1905 stella
696 1891 712 1916 ,
748 1854 1044 1907 australior
1077 1869 1265 1909 earum
1299 1867 1422 1924 quae
1455 1860 1582 1906 sunt
1611 1852 1665 1906 in
1695 1852 1919 1908 sinistro
1948 1850 2079 1922 pede

2183 1855 2274 1909 ἐπὶ
2301 1854 2394 1908 τοῦ
2433 1854 2722 1926 ὲπιπύρου,
2751 1853 2973 1924 ἔσχατος
2999 1854 3054 1926 δὲ
3077 1854 3105 1906 6
3132 1852 3446 1925 νοτιώτερος
3477 1854 3585 1908 τῶν
3615 1855 3671 1907 έν
3697 1857 3764 1924 τῇ

516 1938 720 2007 Bootae,
742 1949 798 1998 et
822 1941 1003 1998 lucida
1027 1945 1081 1998 in
1109 1944 1504 2016 posterioribus
1527 1943 1783 1999 Centauri
1814 1943 2043 2014 pedibus
2067 1959 2081 2008 ;

516 2038 792 2100 postrema
822 2048 943 2104 qua:
975 2048 1006 2089 a
1038 2035 1407 2104 septentrione
1443 2033 1620 2089 dextri
1660 2050 1798 2104 genu
1835 2048 1898 2088 ac
1928 2032 2082 2102 pedis

515 2120 692 2176 dextri
744 2119 985 2193 Virginis
1029 2125 1220 2178 ultima
1265 2134 1382 2192 est,
1429 2126 1755 2181 semicubito
1800 2123 1916 2181 fere
1944 2125 2082 2180 citra

502 2210 903 2271 'meridianum.
932 2213 1120 2270 Oritur
1148 2215 1255 2269 Ara
1283 2215 1572 2272 semihorae
1606 2215 1802 2286 spatio.

2193 1945 2368 2015 βάσει.
2408 1947 2749 2016 Μεσουρανεῖ
2774 1946 2831 1999 δὲ
2862 1953 2910 1998 α’
2943 1946 3044 2017 μὲν
3075 1945 3246 2017 ἀστὴρ
3283 1945 3379 1999 :06
3411 1963 3469 1998 τε
3499 1943 3710 1998 Βοώτου
3737 1946 3765 1998 6

2189 2034 2506 2109 νοτιώτερος
2531 2035 2637 2090 τῶν
2674 2038 2731 2089 ἐν
2757 2035 2834 2106 τῷ
2875 2035 3147 2108 ἀριστερῷ
3185 2036 3326 2100 ποδὶ,
3356 2037 3450 2089 καλ⁵
3498 2034 3590 2088 :06
3635 2036 3765 2088 Κεν-

2187 2126 2392 2198 ταύρου
2424 2129 2453 2180 6
2484 2128 2542 2182 ὲν
2580 2129 2694 2192 τοῖς
2729 2127 2993 2190 ὀπισθίοις
3044 2127 3170 2180 ποσὶ
3215 2127 3494 2198 λαμπρός·
3540 2126 3763 2197 ἔσχατος

2187 2217 2245 2268 δὲ
2278 2217 2375 2286 τῆς
2409 2215 2689 2288 Παρθένου
2723 2219 2750 2270 6
2786 2218 2878 2270 ἀπ’
2907 2218 3142 2289 Ἀρκτου
3191 2218 3283 2273 τοῦ
3327 2218 3500 2284 δεξιοῦ
3541 2219 3762 2288 γόνατος

514 2308 610 2362 καὶ
647 2306 742 2363 τοῦ
787 2307 962 2374 δεξιοῦ
1006 2311 1184 2377 ποδὸς,
1245 2311 1322 2376 ὡς
1367 2313 1666 2384 ἡμιπήχιον
1707 2310 2132 2382 ὑπολειπόμενος
2184 2311 2277 2366 τοῦ
2313 2312 2707 2384 μεσημϐρινοῦ.
2751 2313 3048 2366 Ἀνατέλλει
3090 2315 3147 2368 δὲ
3191 2315 3250 2370 τὸ
3285 2315 3648 2388 Θυμιατήριον
3686 2315 3763 2368 ὲνι

513 2403 786 2477 ἡμιωρεφο

582 2515 674 2574 Ill.
717 2517 960 2576 Australi
997 2522 1154 2578 Pisce
1179 2521 1394 2578 oriente
1416 2561 1432 2586 ,
1473 2525 1649 2595 surgit
1679 2540 1786 2579 una
1821 2525 2080 2582 zodiacus

512 2621 544 2662 a
577 2617 731 2678 parte
761 2610 828 2664 l7
862 2611 1040 2667 media
1070 2611 1295 2683 Aquarii
1331 2611 1401 2667 ad
1435 2611 1676 2685 Virginis
1704 2617 1936 2670 mediam
1971 2616 2078 2682 2i;

511 2699 779 2755 culminat
819 2715 849 2755 a
883 2711 1037 2773 parte
1068 2702 1349 2776 Sagittarii
1382 2704 1418 2760 4
1448 2705 1516 2760 ad
1553 2705 1626 2760 25
1663 2706 1920 2762 mediam.
1962 2704 2082 2760 Pri-

511 2804 600 2844 ma
649 2791 893 2847 omnium
949 2793 1129 2850 oritur
1182 2796 1374 2863 stella,
1425 2796 1698 2852 borealior
1733 2812 1926 2852 earum
1960 2812 2084 2867 quae

512 2889 646 2936 sunt
673 2882 730 2937 in
763 2883 969 2950 cauda;
1004 2893 1280 2956 postrema
1302 2928 1318 2953 ,
1357 2903 1480 2959 quae
1514 2889 1568 2943 in
1607 2890 1953 2945 extremitate
1989 2903 2082 2944 ro-

510 2973 612 3030 atri
647 2973 847 3030 lucida.
875 2975 1151 3031 Culminat
1175 2977 1327 3048 prior
1349 2994 1470 3049 quae
1495 2988 1581 3035 est
1609 2979 1664 3035 in
1683 2979 1829 3034 Arcu
1857 2979 2078 3046 medio;

511 3075 568 3121 et
603 3068 898 3123 australior
933 3084 1123 3124 earum
1157 3085 1279 3141 quae
1315 3070 1372 3125 in
1410 3071 1605 3128 dextro
1641 3072 1922 3144 Anguiferi
1961 3072 2079 3128 sitae

2257 2521 2332 2584 Π.
2373 2522 2540 2575 Ὅταν
2564 2521 2620 2574 δὲ
2656 2521 2685 2572 6
2717 2519 2888 2585 νότιος
2925 2521 3100 2592 ’ἰχθὺς
3129 2522 3411 2595 ἀνατέλλῃ,
3443 2524 3762 2579 συνανατέλ-

2185 2614 2268 2666 λει
2319 2613 2416 2684 μὲν
2441 2611 2588 2683 αὐτῷ
2617 2613 2646 2666 6
2674 2612 2934 2677 ζωδιακὸς
2965 2614 3076 2668 ἀπὸ
3108 2614 3390 2686 ’Υδροχόου
3431 2616 3540 2684 μοί.
3578 2615 3641 2680 ιζ’
3665 2616 3762 2688 μέ-

2188 2723 2288 2778 σης
2312 2706 2416 2769 ἔως
2446 2705 2723 2775 Παρθένου
2770 2711 2819 2760 α’
2864 2707 2958 2760 καὶ
2984 2714 3032 2760 κ’
3059 2708 3232 2778 μέσης
3255 2725 3267 2737 ·
3297 2711 3618 2782 μεσουρανεῖ
3655 2711 3762 2764 ἀπὸ

2186 2797 2415 2862 Τοξότου
2452 2797 2494 2850 6'
2528 2797 2633 2860 ἔως
2676 2796 2902 2864 Τοξότου
2932 2804 2974 2850 ε’
3011 2800 3106 2852 καὶ
3137 2805 3184 2852 κ’
3222 2799 3412 2871 μέσης.
3445 2801 3554 2854 Καὶ
3588 2808 3636 2854 α’
3663 2803 3759 2873 μὲν

2187 2884 2362 2956 ἀστὴρ
2382 2883 2657 2939 ἀνατέλλει
2680 2887 2709 2939 6
2740 2885 3078 2960 βορειότερος
3105 2889 3215 2942 τῶν
3243 2891 3300 2942 ὲν
3326 2892 3393 2962 τῇ
3423 2891 3582 2962 οὐρᾷ,
3602 2891 3756 2963 ἔσχα-

2186 2992 2277 3039 τος
2297 2975 2355 3029 δὲ
2385 2978 2414 3029 6
2441 2979 2498 3030 ὲν
2533 2977 2688 3048 ἄκρῳ
2712 2976 2791 3048 τῷ
2821 2977 3010 3050 ῥύγχει
3034 2980 3302 3054 λαμπρός.
3338 2983 3677 3054 Μεσουρανεί
3702 2983 3760 3037 δὲ

2184 3072 2231 3118 α’
2264 3065 2361 3136 μὲν
2403 3067 2431 3120 6
2469 3083 2529 3120 τε
2569 3069 2626 3120 ὲν
2663 3068 2812 3140 μέσῳ
2855 3070 2932 3140 τῷ
2962 3071 3145 3142 Τόξῳ,
3179 3073 3390 3125 καὶτοῦ
3423 3073 3704 3145 Ὀφιούχου
3730 3077 3761 3130 6

511 3167 641 3218 sunt
665 3158 893 3228 humero
912 3199 929 3228 ,
954 3160 1281 3218 semicubito
1305 3160 1418 3218 fere
1437 3163 1577 3218 citra
1606 3163 1961 3220 meridianum
1984 3180 2079 3236 po-

2183 3155 2497 3228 νοτιώτερος
2536 3155 2644 3211 τῶν
2700 3159 2758 3211 ὲν
2792 3156 2870 3228 τῷ
2919 3157 3076 3230 δεξιῷ
3124 3158 3289 3231 ὤμῳ,
3339 3160 3414 3224 ὡς
3458 3162 3759 3232 ἠμιπήχιον

508 3249 658 3314 sita;
696 3250 887 3306 ultima
923 3265 1082 3318 vero,
1123 3251 1304 3308 lucida
1343 3252 1543 3324 pedum
1582 3257 1992 3326 posteriorum;
2027 3262 2082 3310 et

510 3353 633 3408 qua:
670 3339 726 3393 in
762 3340 1108 3396 extremitate
1145 3342 1332 3398 caudae
1371 3342 1686 3414 Serpentis,
1734 3361 1895 3414 quem
1934 3352 2082 3400 tenet

475 3477 478 3482 .
509 3426 860 3499 Ophiuchus:
885 3429 1015 3486 item
1035 3432 1344 3501 praecedens
1359 3433 1589 3490 duarum
1614 3434 1938 3500 lucidarum,
1960 3451 2082 3505 qua:

509 3529 643 3577 sunt
674 3521 732 3577 in
758 3521 892 3593 iugo
921 3520 1213 3589 Fidicuke,
1241 3524 1602 3580 semicubitali
1637 3525 1751 3581 fere
1788 3526 2080 3581 interstitio

509 3611 870 3668 meridianum
903 3612 1254 3672 antecedens.
1287 3615 1473 3670 Oritur
1499 3614 1676 3674 Piscis
1705 3616 1838 3674 hora
1864 3618 1899 3672 0
1917 3656 1934 3682 ,
1972 3615 2077 3674 ιε’,

580 3791 719 3848 Cum
743 3791 912 3849 Cetus
939 3793 1139 3859 oritur,
1167 3795 1397 3866 emergit
1422 3810 1546 3852 cum
1573 3810 1639 3851 eo
1665 3794 1925 3852 zodiacus
1953 3812 1982 3852 a
2007 3797 2078 3854 20

507 3890 666 3954 parte
703 3882 943 3938 Piscium
981 3884 1051 3940 ad
1088 3883 1255 3940 Tauri
1295 3886 1366 3954 7;
1425 3886 1689 3941 culminat
1729 3901 1759 3940 a
1801 3886 2078 3958 Sagittarii

507 3975 690 4030 media
712 3973 784 4030 24
806 3976 875 4030 ad
907 3974 1226 4045 Capricorni
1249 3977 1320 4031 22
1343 3977 1602 4032 mediam.
1624 3976 1802 4032 Prima
1831 3979 2076 4034 omnium

506 4065 686 4122 oritur
717 4067 909 4132 stella,
947 4067 1216 4123 borealior
1241 4083 1430 4123 earum
1461 4083 1583 4137 quae
1615 4076 1742 4124 sunt
1775 4069 1830 4124 in
1860 4069 2034 4125 cauda
2059 4089 2074 4137 ;

507 4157 736 4224 ultima,
760 4160 1168 4216 succedentium
1198 4159 1504 4215 lucidarum
1537 4175 1660 4230 quae
1695 4161 1750 4215 in
1786 4160 2076 4217 Laterculo

506 4258 669 4317 sunt,
709 4250 1025 4307 australior.
1079 4251 1353 4306 Culminat
1390 4258 1516 4306 ante
1555 4251 1722 4317 alias,
1763 4253 2074 4323 praecedens

503 4357 695 4397 earum
717 4357 840 4413 quae
865 4352 995 4398 sunt
1021 4342 1075 4396 in
1100 4342 1233 4414 jugo
1253 4341 1425 4407 Fidis,
1449 4352 1725 4414 postrema
1754 4361 1875 4416 quae
1902 4355 1984 4401 est
2017 4346 2074 4400 in

504 4432 680 4489 cauda
707 4433 877 4506 Cygni
903 4434 1102 4491 lucida.
1126 4433 1312 4490 Oritur
1343 4433 1510 4491 Cetus
1543 4434 1694 4490 horis
1721 4435 1778 4493 2.

574 4608 778 4666 Orione
809 4610 1169 4673 ascendente,
1209 4626 1333 4667 cum
1374 4627 1441 4684 ep
1480 4613 1739 4670 zodiacus
1777 4614 2004 4684 emergit
2040 4627 2072 4668 a

503 4697 666 4754 Tauri
711 4699 783 4755 28
813 4700 994 4756 media
1021 4701 1088 4757 ad
1121 4701 1315 4758 Cancri
1349 4703 1419 4770 5;
1453 4703 1717 4758 culminat
1748 4704 1818 4759 ab
1850 4704 2072 4774 Aquarii

503 4801 658 4862 parte
672 4791 716 4851 .9
739 4791 806 4847 ad
831 4791 1072 4848 Piscium
1107 4793 1194 4849 1'5.
1219 4793 1399 4848 Prima
1425 4797 1709 4866 consurgit
1735 4796 1887 4851 stella
1908 4835 1923 4856 .
1951 4811 2100 4870 quae.

501 4891 586 4941 est
610 4884 667 4940 in
691 4884 916 4941 sinistra
942 4900 1143 4953 manu;
1187 4887 1400 4952 ultima,
1435 4903 1555 4958 qua:
1579 4897 1664 4944 est
1689 4888 1743 4942 in
1774 4887 1964 4942 dextro
1984 4904 2072 4958 pe-

500 4974 590 5029 de.
611 4972 884 5029 Culminat
904 4989 971 5030 ex
995 4975 1117 5030 aliis
1145 4977 1382 5044 primum
1409 4975 1608 5046 Cephei
1634 4992 1730 5048 pes
1757 4980 1946 5031 dexter
1973 4994 1986 5042 ;
2016 4986 2070 5034 et

499 5080 688 5122 earum
727 5082 849 5137 quae
885 5067 942 5122 in
979 5065 1204 5138 Aquarii
1245 5082 1381 5122 urna
1422 5075 1582 5134 sunt,
1623 5067 1821 5122 media.
1864 5067 2068 5124 Ultimo

498 5171 666 5222 vero,
706 5172 872 5227 parva
911 5157 1068 5214 stella
1104 5173 1226 5228 quae
1263 5159 1320 5212 in
1358 5159 1492 5214 sella
1521 5165 1605 5214 est
1633 5159 1978 5230 Cassiepeaa;
2013 5165 2068 5214 et

499 5263 692 5303 carum
731 5246 968 5304 maxime
1009 5247 1282 5313 borealis,
1325 5263 1446 5319 quae
1487 5249 1542 5303 in
1579 5248 1942 5305 Andromeda:
1972 5266 2067 5321 pe-

498 5347 679 5396 ctore.
711 5337 880 5393 Orion
909 5335 1088 5407 spatio
1119 5335 1297 5404 surgit
1323 5336 1584 5392 horarum
1614 5337 1679 5402 2,
1717 5337 1819 5394 10’.

565 5598 703 5652 Cum
726 5595 938 5661 Fluvio,
961 5598 1055 5667 qui
1077 5613 1156 5658 est
1182 5602 1250 5658 ab
1281 5601 1508 5664 Orione,
1538 5583 1800 5656 zodiacus
1830 5603 2004 5656 oritur
2029 5617 2060 5656 a

497 5697 651 5760 parte
679 5688 748 5742 l3
775 5687 976 5751 Tauri,
1009 5689 1075 5742 ad
1105 5689 1306 5745 Cancri
1348 5689 1451 5756 10;
1491 5690 1756 5746 culminat
1796 5707 1826 5744 a
1864 5693 2056 5759 Capri-

498 5779 653 5836 corni
677 5777 749 5833 27
779 5778 847 5833 ad
886 5777 1124 5836 Piscium
1152 5777 1241 5835 22.
1295 5779 1452 5836 Prior
1481 5782 1680 5850 oritur,
1730 5783 2058 5841 antecedens

2183 3247 2606 3318 ὑπολειπόμενος
2630 3248 2724 3303 τοῦ
2757 3250 3130 3322 μεσημῦρινοῢ
3157 3271 3168 3282 ·
3198 3252 3424 3322 ἔσχατος
3455 3253 3513 3306 δὲ
3547 3254 3574 3306 6
3601 3269 3659 3305 τε
3698 3255 3756 3306 ὲν

2179 3341 2290 3402 τοῖς
2316 3339 2581 3403 ὀπισθίοις
2607 3341 2736 3393 ποσὶ
2767 3341 3037 3413 λαμπρὸς,
3061 3343 3156 3396 καὶ
3182 3342 3275 3396 τοῦ
3301 3344 3534 3412 Ὄφεως,
3563 3343 3622 3396 ὃν
3644 3343 3756 3414 ἔχει

2178 3430 2207 3480 6
2250 3428 2550 3498 Ὀιριοῦχος,
2578 3431 2606 3483 6
2643 3431 2701 3484 ὲν
2750 3431 2896 3502 ἄκρᾳ
2935 3434 3002 3502 τῇ
3049 3432 3216 3503 οὐρᾷ·
3254 3433 3349 3486 καὶ
3377 3433 3474 3503 τῆς
3516 3432 3698 3504 Δύρας
3726 3434 3758 3486 6

2177 3519 2481 3590 ἡγούμενος
2539 3520 2648 3574 τῶν
2694 3523 2752 3574 έν
2806 3521 2884 3592 τῷ
2925 3521 3209 3592 ζυγώματι
3257 3523 3301 3592 β’
3337 3523 3634 3594 λαμπρῶν,
3680 3523 3755 3587 ὡς

2179 3610 2476 3681 ὴμιπήχιον
2521 3611 2931 3682 προηγούμενος
2976 3611 3070 3665 :06
3142 3613 3532 3685 μεσημϐρινοῦ.
3603 3615 3756 3666 Ἀνα-

2178 3698 2352 3752 τέλλει
2380 3699 2437 3752 δὲ
2465 3702 2494 3754 6
2535 3701 2708 3772 Ἰχθὺς
2733 3703 2790 3755 ὲν
2819 3703 2862 3755 6'
2885 3705 3334 3775 πεμπτημορίοις-
3350 3713 3398 3758 α’
3427 3703 3594 3777 ὥρας.

2253 3792 2421 3845 Ὅταν
2462 3791 2519 3847 δὲ
2557 3792 2618 3846 :6
2661 3793 2839 3864 Κῆτος
2875 3794 3171 3865 ἀνατέλλῃ,
3221 3796 3596 3851 συνανατέλλει
3653 3798 3751 3868 μὶν

2178 3881 2327 3951 αὐτῷ
2360 3883 2387 3934 6
2410 3881 2671 3946 ζωδιακὸς
2697 3883 2804 3936 67:6
2841 3883 3059 3953 Ἰχθύων
3096 3888 3204 3956 μοί.
3235 3893 3282 3938 κ’
3309 3885 3413 3950 ἕως
3445 3885 3654 3959 Ταύρου
3680 3886 3744 3951 ζ’·

2181 3974 2509 4042 μεσουρανεῖ
2537 3970 2594 4025 δὲ
2619 3972 2730 4026 67:6
2752 3972 2981 4038 Τοξότου
3007 3974 3048 4026 6'
3076 3975 3168 4028 καὶ
3188 3974 3235 4028 κ’
3263 3977 3432 4047 μέσης
3463 3977 3566 4041 ἓως
3593 3977 3751 4046 Αἰγό-

2179 4076 2324 4131 κερω
2354 4059 2398 4129 β’
2437 4060 2531 4112 καὶ
2560 4065 2608 4121 κ’
2643 4059 2835 4131 μέσης.
2859 4063 2968 4116 Καὶ
2996 4071 3043 4116 α’
3081 4063 3179 4136 μὲν
3208 4065 3382 4137 ἀστὴρ
3415 4067 3690 4120 ἀνατέλλει
3720 4070 3749 4120 6

2180 4150 2516 4224 βορειότερος
2555 4151 2664 4206 τῶν
2707 4153 2765 4206 ἐν
2798 4156 2863 4226 τῇ
2903 4156 3072 4227 οὐρᾷ,
3106 4155 3328 4226 ἔσχατος
3356 4157 3413 4210 δὲ
3453 4158 3558 4212 τῶν
3587 4163 3642 4211 ὲν
3671 4159 3746 4231 τῷ

2179 4244 2579 4318 Τετραπλεύρῳ
2612 4243 2878 4317 λαμπρῶν
2911 4249 2939 4300 6
2963 4246 3279 4320 νοτιώτερος
3308 4249 3416 4304 τῶν
3445 4251 3743 4321 ἑπομένων.

2177 4335 2523 4406 Μεσουρανεῖ
2547 4335 2603 4388 δὲ
2630 4342 2678 4389 α’
2710 4335 2808 4406 μὲν
2835 4338 2863 4390 6
2893 4337 2993 4408 τῆς
3021 4338 3204 4411 Λύρας
3226 4341 3523 4412 ἡγούμενος
3555 4343 3662 4396 τῶν
3685 4344 3743 4396 ἐν

2175 4425 2253 4496 τῷ
2293 4425 2597 4497 ζυγὼματι,
2627 4428 2855 4497 ἔσχατος
2891 4427 2950 4481 δὲ
2978 4429 3068 4482 :06
3111 4432 3358 4502 Ὄρνιθος
3383 4435 3410 4486 6
3435 4435 3490 4486 ὲν
3511 4436 3575 4506 τῇ
3609 4436 3743 4506 οὐρᾷ

2105 4510 2151 4564 D
2175 4516 2446 4588 λαμπρός.
2499 4518 2802 4574 Ἀνατέλλει
2832 4519 2889 4572 δὲ
2914 4519 2974 4572 τὸ
3000 4521 3178 4592 Κῆτος
3203 4525 3260 4575 ὲν
3287 4522 3456 4593 ὥραις
3482 4525 3547 4594 β’.

2250 4611 2416 4663 Ὅταν
2469 4612 2526 4664 δὲ
2567 4614 2594 4665 6
2635 4611 2824 4683 Ὠρίων
2868 4612 3132 4686 ἀνατέλλῃ
3160 4655 3176 4678 ,
3226 4617 3598 4670 συνανατέλλει
3644 4618 3742 4690 μὲν

2172 4699 2320 4771 αὐτῷ
2351 4702 2379 4754 6
2414 4700 2675 4764 ζωδιακὸς
2704 4701 2811 4753 67:6
2849 4701 3063 4772 Ταύρου
3111 4711 3161 4773 η’
3190 4705 3285 4759 καὶ
3330 4713 3375 4758 κ’
3425 4707 3595 4777 μέσης
3639 4708 3742 4773 ἕως

2170 4793 2447 4862 Καρκίνου
2511 4793 2620 4863 μοί.
2681 4801 2764 4864 γ’·
2819 4798 3142 4867 μεσουρανεί
3184 4797 3241 4850 δὲ
3300 4797 3408 4851 ἀπὸ
3457 4798 3740 4870 Ὑδροχόου

2173 4883 2284 4954 μοί.
2326 4883 2370 4936 θ’
2397 4884 2502 4948 ἓως
2536 4885 2756 4956 ’ἰχθύων
2792 4894 2877 4956 ιγ’.
2908 4888 3016 4940 Καὶ
3047 4895 3093 4940 α’
3131 4889 3229 4958 μὲν
3258 4889 3431 4961 ἀστὴρ
3465 4891 3740 4944 ἀνατέλλει

2169 4973 2197 5025 6
2224 4975 2282 5027 έν
2319 4976 2386 5045 τῇ
2421 4975 2683 5047 ἀριστερᾷ
2727 4977 2906 5049 χειρὶ,
2936 4977 3160 5046 ἔσχατος
3197 4977 3253 5032 δὲ
3296 4981 3324 5032 6
3372 4981 3428 5031 ἐν
3474 4979 3552 5050 τῷ
3583 4978 3740 5050 δεξιῷ

2170 5062 2309 5115 ποδί.
2342 5063 2684 5136 Μεσουρανεῖ
2707 5065 2764 5117 δὲ
2793 5064 2902 5118 τῶν
2933 5066 3106 5120 ἄλλων
3142 5074 3188 5121 α’
3213 5067 3312 5138 μὲν
3345 5070 3373 5121 6
3408 5067 3576 5132 δεξιὸς
3605 5067 3736 5130 ποῦς

2166 5152 2259 5205 :06
2288 5152 2543 5225 Κηφέως,
2579 5155 2672 5208 καὶ
2699 5153 2806 5208 τῶν
2846 5156 2902 5207 έν
2927 5159 2992 5227 τῇ
3026 5157 3241 5211 κάλπιδι
3271 5157 3362 5210 τοῦ
3402 5156 3683 5227 Ὑδροχόου
3708 5157 3736 5208 6

2169 5243 2332 5315 μέσος
2350 5285 2364 5309 ,
2391 5243 2613 5316 ἔσχατος
2640 5246 2697 5300 δὲ
2724 5246 2823 5316 τῆς
2846 5263 2904 5300 τε
2934 5247 3299 5314 Κασσιεπείας
3327 5251 3355 5303 6
3377 5251 3433 5303 ὲν
3458 5249 3534 5320 τῷ
3562 5249 3734 5319 δίφρῳ

2169 5335 2389 5406 μικρὸς,
2425 5337 2520 5389 καὶ
2568 5337 2666 5407 τῆς
2707 5336 3061 5410 Ἀνδρομέδας
3094 5341 3121 5392 ὁ
3157 5339 3492 5411 βορειότατος
3528 5340 3634 5394 τῶν
3675 5342 3734 5394 ὲν

2162 5425 2239 5496 τῷ
2282 5426 2487 5497 στήθει.
2535 5429 2840 5483 Ἀνατέλλει
2884 5430 2942 5484 δὲ
2975 5433 3003 5484 6
3044 5431 3230 5502 Ὠρίων
3264 5433 3320 5485 ἐν
3352 5431 3522 5504 ὥραις
3568 5431 3610 5502 β’
3640 5433 3731 5484 καὶ

2165 5525 2216 5582 ς’
2256 5517 2430 5590 μέρει.

2235 5609 2402 5665 Ὅταν
2431 5610 2487 5663 δὲ
2513 5613 2541 5664 6
2581 5612 2687 5665 67:6
2729 5613 2824 5667 τοῦ
2868 5613 3117 5683 Ὠρίωνος
3155 5612 3408 5683 Ποταμὸς
3441 5607 3726 5682 ἁνατέλλῃ.

2161 5701 2537 5754 συνανατέλλει
2573 5703 2670 5772 μὲν
2698 5704 2845 5774 αὐτῷ
2879 5705 2906 5756 6
2939 5704 3198 5768 ζωδιακὸς
3227 5705 3334 5758 ἀπὸ
3364 5703 3577 5775 Ταύρου
3613 5702 3723 5772 μοί.

2163 5796 2229 5860 ιγ’
2259 5790 2364 5856 ἕως
2408 5792 2682 5864 Καρκίνου
2723 5793 2830 5865 μοί.
2865 5801 2922 5846 t"
2971 5796 3295 5865 μεσουρανεῖ
3331 5794 3386 5848 δὲ
3427 5793 3533 5850 ἀπὸ
3568 5795 3724 5863 A110-
