4130 6410
397 403 537 461 1115

1385 414 1760 475 HIPPARCHI
1803 422 1891 475 AD
1925 422 2367 483 ΡΠᾹΞΝΟΜΕΝΑ
2406 430 2533 486 LIB.
2575 432 2659 490 Ill.

3500 447 3638 502 1114

394 514 633 587 κέρωτος
674 515 784 587 μοί.
815 517 860 582 ξ’
891 519 985 572 καὶ
1023 526 1070 573 κ’
1104 522 1215 587 ἕως
1252 524 1469 594 Ἰχθύων
1505 529 1550 598 β’
1576 533 1669 584 καὶ
1687 539 1756 586 κ’.
1794 535 1900 588 Καὶ
1926 555 1943 590 c

2082 539 2443 597 borealiorum
2489 546 2545 599 in
2592 548 3129 620 parallelogrammo,
3167 556 3310 624 quod
3350 555 3404 610 in
3440 572 3638 628 magno

395 606 494 676 μὲν
519 605 694 678 ἀστὴρ
739 607 1018 665 ἀνατέλλει
1057 613 1153 667 τοῦ
1188 617 1246 670 ὲν
1283 619 1348 689 τῇ
1396 619 1606 693 μεγάλῃ
1647 626 1968 697 περιφερείᾳ

394 697 986 784 παραλληλογρᾴμμου,
1015 704 1106 757 καὶ
1134 706 1305 774 ἔγγὺς
1347 707 1440 760 τοῦ
1472 710 1688 784 Κήτους
1714 715 1964 784 κειμένου

390 787 420 840 6
448 787 580 857 ῆγού
589 805 750 857 μενος
776 778 886 844 τῶν
912 792 1283 867 βορειοτέρων,
1309 778 1626 868 ἔσχατος-δὲ
1660 805 1688 855 6
1719 778 1966 877 λαμπρό-

389 894 548 942 τατος
569 919 583 943 ,
614 878 708 932 καὶ
736 883 764 934 6
802 882 1102 954 ἡγούμενος
1124 923 1138 948 ,
1167 886 1262 942 καὶ
1295 890 1323 941 6
1364 890 1684 962 νοτιώτερος
1723 895 1960 974 πάντων.

388 972 731 1043 Μεσουρανεῖ
768 975 826 1028 δὲ
871 976 980 1030 τῶν
1009 977 1180 1032 ἄλλων
1221 987 1270 1034 α’
1312 981 1410 1050 μὲν
1445 991 1513 1051 ιγ’
1557 984 1650 1038 τοῦ
1695 1005 1754 1039 τε
1791 989 1819 1042 6
1851 972 1962 1042 a'6

388 1060 653 1132 ἑπόμενος
681 1063 790 1117 τῶν
825 1065 920 1118 ἀπ’
952 1061 1154 1137 ἄρκτου
1196 1072 1616 1142 παρακειμένων
1649 1079 1762 1138 τοῖς
1794 1077 1851 1130 ἐν
1889 1081 1958 1150 τῇ

385 1150 542 1222 οὐρᾷ,
576 1153 669 1206 καὶ
703 1153 799 1206 τοῦ
827 1155 1077 1227 Ὄρνιθος
1100 1159 1129 1211 6
1151 1159 1467 1237 νοτιώτερος
1505 1163 1613 1217 τῶν
1650 1167 1706 1219 ἔν
1729 1166 1807 1238 τῷ
1835 1169 1958 1239 ἀρι-

388 1240 561 1311 στερῷ
585 1241 736 1294 ποδί·
773 1241 1000 1313 ἔσχατος
1021 1245 1078 1299 δὲ
1108 1235 1208 1319 τῆς
1232 1265 1290 1301 τε
1318 1251 1686 1318 Κασσιεπείας
1713 1257 1741 1308 6
1767 1235 1825 1311 έν
1845 1235 1958 1323 τοῖς

2087 631 2243 686 ﬂexu-
2275 649 2442 705 prope
2486 637 2673 692 Cetum
2715 641 2950 710 positum
2994 651 3116 710 est;
3157 654 3466 715 postrema,
3501 648 3638 704 luci-

2076 720 2301 778 dissima
2323 765 2338 788 ,
2375 735 2430 780 et
2466 729 2826 798 antecedens,
2862 743 2914 788 et
2943 735 3178 790 maxime
3213 739 3471 795 australis
3513 757 3634 796 om-

2071 812 2247 868 nium.
2287 813 2560 872 Culminat
2595 819 2929 890 reliquarum
2963 824 3238 879 stellarum
3276 827 3424 896 prior
3455 867 3472 883 .
3510 869 3522 880 .
3561 870 3575 883 .
3613 868 3629 883 .

2067 938 2083 954 .
2122 942 2135 954 .
2176 944 2189 958 .
2233 943 2247 956 .
2284 946 2297 958 .
2338 945 2351 959 .
2394 947 2406 958 .
2448 949 2460 962 .
2496 924 2616 978 quae
2647 926 2675 963 a
2708 915 3074 980 septentrione
3098 916 3352 987 adjacent
3383 919 3485 981 iis,
3512 937 3632 991 quae

2068 1003 2197 1049 sunt
2230 996 2287 1050 in
2320 998 2498 1052 cauda
2525 1020 2537 1055 :
2575 1001 2701 1056 item
2738 1005 3030 1060 australior
3060 1023 3246 1062 earum
3268 1048 3282 1074 ,
3316 1026 3436 1081 quae
3470 1011 3524 1066 in
3554 1013 3630 1067 si-

2064 1085 2248 1142 nistro
2274 1088 2408 1157 pede
2433 1091 2622 1162 Cygni.
2653 1092 2848 1149 Ultima
2870 1135 2886 1161 ,
2915 1113 3034 1166 quae
3059 1107 3143 1154 est
3170 1098 3223 1153 in
3250 1102 3478 1170 genibus
3505 1102 3633 1157 Cas-

2064 1176 2261 1248 siepeae
2286 1220 2300 1246 ,
2348 1189 2403 1236 et
2439 1199 2559 1252 quae
2594 1185 2649 1238 in
2683 1190 3023 1245 extremitate
3061 1192 3247 1246 caudis
3289 1195 3629 1250 australioris

2062 1262 2326 1324 Piscium.
2362 1268 2550 1327 Oritur
2575 1273 2771 1332 ﬂuvius
2801 1279 2856 1333 in
2892 1279 3042 1336 horis
3075 1283 3136 1346 5,
3171 1292 3224 1337 et
3257 1283 3358 1338 '56'.
3399 1279 3404 1285 ’

384 1333 606 1401 γόνασι,
638 1335 733 1389 καὶ
758 1335 868 1390 τῶν
909 1338 1128 1410 Ἰχθύων
1171 1341 1266 1394 τοῦ
1309 1346 1632 1418 νοτιωτέρου
1664 1350 1692 1401 6
1721 1351 1778 1403 ὲν
1813 1351 1962 1424 ἄκρᾳ
1997 1359 2063 1428 τῇ
2086 1360 2242 1432 οὐρᾷ.
2274 1365 2574 1423 Ἀνατέλλει
2603 1371 2659 1424 δὲ
2697 1373 2726 1424 6
2764 1333 3097 1446 Hatap6g‘6d
3121 1333 3319 1450 ὧρᾇξ
3344 1333 3393 1447 έν
3431 1377 3524 1431 καὶ
3581 1384 3629 1447 γ’

385 1445 610 1501 πέμπτη
619 1433 847 1504 μορίοις.

453 1520 528 1576 A'.
551 1521 660 1576 Τοῦ
686 1523 744 1576 δὲ
765 1523 994 1593 Λαγωοῦ
1023 1527 1422 1595 ἀνατέλλοντος,
1450 1535 1825 1590 συνανατέλλει
1857 1539 1953 1607 μὲν

383 1609 532 1682 αὐτῷ
577 1611 910 1679 δ’ζωδιακὸς
944 1615 1056 1669 67:6
1094 1619 1340 1690 Διδύμων
1391 1623 1498 1692 μοί.
1545 1625 1590 1689 ζ’
1633 1627 1728 1680 καὶ
1774 1633 1823 1680 κ’
1849 1627 1954 1692 ἔως

382 1702 658 1773 Καρκίνου
693 1705 759 1774 ιβ’
790 1705 962 1778 μέσης
981 1725 994 1738 ·
1028 1714 1352 1783 μεσουρανεῖ
1369 1713 1424 1766 δὲ
1448 1715 1556 1767 ἀπὸ
1596 1715 1813 1786 Ἰχθύων
1841 1720 1950 1790 μοί.

382 1791 424 1844 δ’
452 1791 557 1858 ἔως
595 1795 812 1866 Ἰχθύων
853 1800 964 1869 μοί.
989 1808 1030 1853 ε’
1056 1802 1151 1854 καὶ
1178 1810 1246 1856 κ’.
1291 1805 1400 1857 Καὶ
1422 1812 1470 1857 α’
1502 1806 1603 1876 μὲν
1626 1809 1799 1880 ἀστὴρ
1826 1812 1954 1864 ἀνα-

380 1883 556 1938 τέλλει
581 1886 692 1941 τῶν
723 1889 780 1942 ὲν
800 1891 914 1954 τοῖς
946 1892 1048 1946 ὠσὶ
1077 1894 1118 1947 6'
1151 1897 1178 1947 6
1207 1895 1507 1967 ἡγούμενος
1546 1898 1654 1952 τῶν
1697 1901 1958 1972 βορειοτέ-

384 1992 514 2046 ρων,
539 1977 768 2050 ἔσχατος
803 1981 861 2036 66
901 1985 932 2037 6
977 1984 1293 2057 νοτιώτερος
1318 1987 1426 2042 τῶν
1458 1989 1516 2043 ἐν
1553 1993 1664 2054 τοῖς
1694 1992 1958 2059 ὀπισθίοις

382 2068 528 2125 ποσί.
563 2072 899 2146 Μεσουρανεί
929 2074 987 2130 δὲ
1023 2077 1131 2132 τῶν
1158 2077 1333 2134 ἄλλων
1376 2080 1590 2152 πρῶτος
1635 2082 1732 2153 μὲν
1770 2085 1862 2137 τοῦ
1895 2103 1955 2138 τε

384 2157 579 2214 Ἵππου
607 2163 634 2216 6
654 2163 746 2217 ἐπὶ
769 2164 870 2236 τῆς
898 2165 1098 2235 ὀσφύος
1123 2167 1393 2238 λαμπρὸς,
1426 2170 1522 2223 καὶ
1545 2171 1636 2224 τοῦ
1669 2173 1902 2244 Κηφέως
1925 2176 1954 2228 6

2131 1540 2222 1598 IV.
2263 1541 2483 1600 Oriente
2511 1545 2718 1618 Lepore
2748 1551 3004 1608 zodiacus
3035 1558 3280 1611 ascendit
3309 1574 3339 1612 a
3374 1558 3631 1619 Gemino-

2060 1648 2182 1688 rum
2218 1644 2372 1704 parte
2404 1637 2474 1690 2'7
2517 1639 2584 1693 ad
2625 1639 2822 1696 Cancri
2871 1645 3102 1700 mediam
3152 1648 3253 1714 l2;
3297 1653 3559 1709 culminat
3596 1671 3628 1711 a

2059 1724 2298 1779 Piscium
2343 1725 2377 1779 4
2421 1727 2486 1780 ad
2517 1728 2604 1781 25.
2641 1729 2820 1786 Prima
2867 1737 3039 1807 surgit
3064 1739 3388 1797 antecedens
3436 1743 3601 1800 borea

2061 1815 2294 1881 liorum,
2331 1832 2452 1886 quae
2476 1829 2614 1874 sunt
2632 1821 2688 1875 in
2731 1824 2992 1892 auribus;
3028 1825 3214 1882 ultima
3262 1831 3624 1900 posteriorum

2061 1903 2257 1974 pedum
2292 1909 2602 1965 australior.
2631 1911 2904 1968 Culminat
2935 1931 2966 1971 e
2995 1919 3166 1975 stellis
3195 1922 3416 1992 reliquis
3450 1925 3622 1994 prior,

2062 1996 2244 2051 lucida
2275 2015 2397 2069 quae
2428 2001 2483 2055 in
2511 2003 2710 2060 lumbis
2741 2005 2911 2076 Equi,
2947 2018 3000 2064 et
3029 2027 3122 2081 pes
3150 2012 3349 2084 Cephei
3381 2018 3623 2078 sinister;

2060 2085 2260 2142 Ultima
2284 2131 2298 2156 ,
2341 2091 2615 2148 borealior
2648 2098 3056 2154 succedentium
3097 2103 3152 2158 in
3191 2105 3451 2164 laterculo
3484 2109 3620 2165 Ceti.

2056 2175 2241 2232 Oritur
2267 2177 2445 2250 Lepus
2473 2181 2608 2238 liora
2636 2187 2696 2250 1,
2733 2185 2833 2244 12'.

379 2251 664 2325 ἀριστερὸς
694 2255 830 2320 ποῦς
854 2272 868 2286 ·
901 2257 1126 2328 ἔσχατος
1156 2260 1212 2313 δὲ
1245 2261 1339 2314 τοῦ
1376 2263 1590 2333 Κήτους
1625 2264 1734 2318 τῶν
1776 2268 1835 2319 ἐν
1875 2267 1954 2320 τῶ
1991 2272 2378 2346 τετραπλεύρῳ
2438 2278 2467 2328 6
2533 2277 2868 2350 βορειότερος
2898 2282 3006 2336 τῶν
3045 2285 3342 2356 ἑπομένων.
3383 2291 3627 2345 Ἀνατέλ-

379 2341 458 2396 λει
489 2343 547 2397 66
583 2343 613 2395 6
643 2345 869 2414 Λαγωὸς
897 2349 954 2401 ἔν
983 2347 1101 2420 ὥρᾳ
1122 2357 1169 2403 α’
1192 2353 1286 2404 καὶ
1309 2359 1350 2405 ε’
1381 2352 1558 2425 μέρει.

450 2437 615 2490 Ὅταν
641 2437 699 2492 δὲ
725 2441 753 2493 6
773 2439 934 2495 Κύων
959 2443 1243 2516 ἀνατέλλῃ,
1274 2448 1654 2502 συνανατέλλει
1685 2450 1784 2520 μὲν
1807 2453 1958 2524 αὐτῷ

374 2529 405 2582 6
437 2527 700 2595 ζωδιακὸς
735 2531 844 2586 ἀπὸ
877 2535 1152 2607 Καρκίνου
1186 2538 1296 2608 μοί.
1340 2547 1401 2592 ιε’
1431 2540 1536 2604 ἕως
1564 2542 1794 2608 Λέοντος
1841 2546 1953 2614 μοί.

374 2625 415 2673 ε’
449 2619 623 2692 μέσης
647 2637 662 2653 ο
695 2630 1024 2696 μεσουρανεϊ
1057 2628 1117 2682 δὲ
1153 2630 1261 2682 ἀπὸ
1297 2631 1516 2700 Ἰχθύων
1544 2633 1655 2704 μοί.
1697 2641 1746 2705 η’
1779 2637 1875 2690 καὶ
1904 2642 1954 2691 κ’

372 2711 478 2775 ἔως
501 2712 675 2785 Κριοῦ
699 2713 741 2768 δ’
761 2717 857 2770 καὶ
887 2723 935 2770 κ’
968 2719 1158 2790 μέσης.
1182 2722 1292 2775 Ka‘t
1320 2728 1370 2775 a'
1393 2723 1490 2792 μὲν
1519 2724 1694 2798 ἀστὴρ
1718 2727 1944 2781 ἀνατέλ-

371 2801 455 2858 λει
489 2804 520 2858 6
555 2805 614 2861 ὲν
653 2805 808 2879 ἄκρῳ
841 2809 922 2880 τῷ
950 2809 1268 2884 ὲμπροσθίῳ
1307 2816 1400 2870 καὶ
1434 2815 1755 2891 βορειοτέρῳ
1786 2819 1939 2874 ποδί·

370 2893 598 2966 ἔσχατος
634 2898 692 2951 δὲ
716 2902 745 2953 6
777 2901 835 2954 ἔν
869 2901 1016 2974 ἄκρᾳ
1050 2907 1115 2976 τῇ
1159 2907 1314 2978 οὐρᾷ.
1355 2909 1698 2981 Μεσουρανεῖ
1731 2911 1788 2964 δὲ
1833 2912 1944 2966 τῶν

370 2984 544 3042 ἄλλων
575 2996 624 3043 α’
652 2990 750 3061 μὲν
777 2993 806 3044 6
833 2993 891 3046 ἔν
934 2997 1045 3059 τοῖς
1073 2999 1201 3051 ποσὶ
1233 2999 1334 3068 τῆς
1360 3001 1762 3068 Κασσιεπείας,
1791 3005 1886 3058 καὶ
1913 3007 1942 3059 ὁ

372 3076 710 3151 βορειότερος
737 3081 847 3138 τῶν
877 3084 936 3138 ὲν
977 3085 1056 3156 τῷ
1089 3087 1246 3160 δεξιῷ
1282 3091 1405 3144 ποδὶ
1432 3093 1530 3164 τῆς
1563 3094 1940 3166 Ἀνδρομέδας,

2125 2455 2262 2510 Cum
2290 2457 2438 2514 Cane
2471 2461 2727 2519 zodiacus
2753 2468 2984 2537 emergit
3010 2482 3038 2520 a
3067 2468 3261 2525 Cancri
3296 2473 3362 2528 15
3391 2473 3457 2529 ad
3487 2475 3626 2533 Leo-

2052 2547 2141 2603 nis
2175 2550 2408 2606 mediam
2460 2553 2528 2620 5;
2565 2556 2828 2611 culminat
2859 2572 2890 2613 a
2927 2558 2996 2614 28
3029 2559 3267 2616 Piscium
3309 2565 3376 2618 ad
3422 2566 3624 2624 Arietis

2052 2639 2122 2694 21-
2150 2640 2404 2698 mediam.
2438 2643 2599 2698 Prior
2626 2647 2800 2702 oritur
2831 2650 2986 2705 stella
3005 2690 3019 2717 ,
3051 2667 3171 2722 qua:
3197 2653 3250 2707 in
3278 2659 3624 2714 extremitate

2051 2733 2408 2801 praecedentis
2439 2735 2874 2811 borealiorisque
2915 2742 3109 2811 pedis;
3158 2746 3343 2800 ultima
3366 2786 3382 2811 ,
3417 2749 3622 2817 quze'in

2053 2830 2298 2878 extrema
2326 2827 2522 2882 cauda.
2550 2827 2628 2883 Ex
2655 2829 2777 2886 aliis
2805 2832 3068 2886 culminat
3097 2849 3159 2889 ea
3182 2875 3197 2901 ,
3260 2852 3381 2906 quae
3423 2837 3478 2891 in
3526 2855 3623 2909 pe-

2053 2913 2213 2970 dibus
2269 2915 2616 2988 Cassiepeaa,
2669 2929 2724 2976 et
2781 2923 3056 2979 borealior
3113 2942 3330 2996 earum,
3381 2945 3500 3000 quae
3562 2931 3620 2987 in

2052 3007 2248 3064 dextro
2302 3009 2663 3069 Andromedae
2723 3017 2860 3086 pede
2918 3018 3196 3087 paululum
3261 3019 3619 3078 meridianum

2052 3099 2365 3167 antecedit;
2420 3103 2608 3158 ultima
2653 3121 2817 3172 vero,
2862 3106 3043 3162 lucida
3082 3108 3137 3162 in
3183 3108 3376 3164 dextro
3417 3110 3622 3166 femore

373 3167 570 3267 μικρὸν
602 3172 1012 3244 προηγούμενος
1040 3176 1140 3247 ,τοῦ
1183 3181 1588 3253 μεσημϐρινοῦ·
1635 3183 1862 3255 ἔσχατος
1890 3187 1943 3240 66

2049 3188 2277 3255 Persei,
2328 3202 2379 3246 et
2430 3194 2729 3249 succedens
2774 3210 2964 3250 earum
3008 3212 3128 3267 quae
3173 3205 3301 3254 sunt
3343 3199 3399 3253 in
3445 3201 3619 3254 cauda

368 3257 461 3312 τοῦ
491 3254 745 3333 Περσέως
772 3265 800 3318 6
841 3266 898 3318 ἔν
926 3265 1004 3337 τῷ
1029 3267 1187 3340 δεξιῷ
1218 3271 1377 3342 μηρῷ
1416 3272 1684 3347 λαμπρὸς,
1710 3278 1804 3330 καὶ
1848 3276 1942 3331 τοῦ

367 3352 644 3424 Καρκίνου
671 3356 699 3409 6
725 3356 988 3428 ἑπόμενος
1013 3359 1122 3415 τῶν
1145 3363 1202 3415 ὲν
1227 3365 1291 3434 τῇ
1317 3363 1472 3435 οὐρᾷ.
1511 3367 1813 3422 Ἀνατέλλει
1841 3369 1898 3424 δὲ
1915 3371 1944 3422 6

367 3446 530 3501 Κύων
559 3449 618 3503 ὲν
646 3450 766 3522 ὥρᾳ
806 3454 907 3524 μιᾷ
933 3453 1029 3507 καὶ¹
1055 3454 1176 3508 δυσὶ
1213 3455 1436 3527 μέρεσιν
1463 3457 1634 3532 ὧρας.

438 3539 545 3594 Τοῦ
570 3541 628 3624 δὲ
656 3543 932 3613 Πρόκυνος
976 3545 1355 3611 ἀνατέλλοντος
1375 3589 1390 3615 ,
1421 3551 1798 3605 συνανατέλλει
1842 3554 1942 3624 μὲν

365 3631 516 3704 αὐτῷ
554 3617 597 3686 δ’
627 3631 889 3701 ζωδιακὸς
927 3637 1034 3690 67:6
1073 3638 1352 3708 Καρκίνου
1382 3639 1423 3692 δ’
1469 3643 1580 3712 μοί.
1626 3644 1801 3715 μέσης
1837 3617 1942 3709 ἔως

365 3725 642 3797 Καρκίνου
677 3728 789 3799 μοί.
819 3729 894 3783 θ’⁶
923 3736 1247 3800 μεσουρανεί
1271 3733 1327 3786 δὲ
1355 3734 1462 3787 ἀπὸ
1494 3734 1712 3805 Ἰχθύων
1748 3737 1858 3808 μοί.
1879 3745 1941 3792 ιε’

364 3817 469 3881 ἔως
509 3818 726 3889 Ἰχθύων
750 3820 859 3892 μοί.
883 3827 931 3875 κ’
956 3823 1152 3893 μέσης.
1182 3825 1292 3878 Καὶ
1313 3832 1362 3878 α’
1395 3826 1492 3895 μὲν
1522 3827 1698 3900 ἀστὴρ
1724 3829 1943 3882 ἀνατέλ-

363 3908 444 3963 λει
465 3910 495 3962 6
521 3912 823 3983 ἡγούμενος
859 3913 951 3966 καὶ
989 3913 1208 3977 διπλοῦς
1232 3956 1247 3982 ,
1282 3915 1506 3986 ἔσχατος
1536 3917 1592 3971 δὲ
1620 3920 1649 3971 6
1676 3921 1938 3990 ἑπόμενος

360 4002 457 4057 καὶ
479 4001 750 4075 λαμπρός.
772 4005 1116 4076 Μεσουρανεῖ
1147 4006 1205 4058 δὲ
1243 4007 1350 4060 τῶν
1377 4007 1550 4062 ἄλλων
1581 4008 1680 4078 τῆς
1702 4011 1938 4064 Κασσιε-

362 4092 523 4155 πείας
544 4094 572 4145 6
604 4095 663 4147 ὲν
701 4094 849 4165 μέσῳ
885 4095 963 4165 τῷ
1004 4095 1237 4166 σώματι,
1275 4096 1482 4151 καὶτοῦ
1510 4101 1722 4168 Κήτους
1741 4099 1848 4154 τῶν
1879 4101 1936 4152 ἐν

359 4189 426 4258 τῇ
455 4188 592 4259 οὐρᾷ
613 4187 655 4241 6'
676 4189 725 4242 οἱ
751 4187 1025 4259 ἑπόμενοι.
1054 4188 1311 4260 Ἐσχατοι
1339 4191 1394 4244 δὲ
1424 4193 1813 4264 μεσουρανοῦσι
1838 4193 1936 4263 τῆς

359 4296 421 4332 τε
453 4279 810 4351 Ἀνδρομέδας
843 4283 871 4335 6
914 4281 1168 4352 ἐχόμενος
1199 4282 1310 4338 τῶν
1338 4285 1396 4336 ὲν
1421 4287 1486 4355 τῇ
1520 4283 1684 4356 ζώνῃ,
1713 4285 1808 4338 καὶ
1839 4284 1934 4338 τοῦ

358 4371 572 4442 Κήτους
595 4374 624 4425 6
654 4371 990 4445 βορειότερος
1013 4373 1121 4428 τῶν
1142 4375 1200 4428 ὲν
1223 4374 1300 4445 τῷ
1339 4376 1744 4448 τετραπλεύρῳ.
1782 4377 1933 4430 Ἀνα-

356 4461 530 4517 τέλλει
549 4462 606 4516 δὲ
629 4465 658 4518 6
685 4465 945 4535 Προκύων
964 4467 1023 4518 ὲν
1046 4472 1094 4536 γ’
1125 4467 1280 4538 μέρει
1305 4467 1473 4538 ὧρας.

2054 3281 2276 3341 Cancri.
2311 3283 2496 3342 Oritur
2527 3287 2692 3344 Canis
2721 3288 2855 3344 hora
2902 3305 3011 3344 una
3033 3329 3048 3354 ,
3097 3289 3324 3361 ejusque
3371 3292 3618 3361 partibus

2047 3375 2275 3434 duabus.

2119 3552 2253 3607 Cum
2282 3569 2342 3609 se
2361 3552 2613 3626 Procyon
2637 3557 2862 3624 attollit,
2887 3558 3063 3612 oritur
3087 3575 3193 3614 una
3216 3560 3425 3616 zodiaci
3451 3576 3614 3621 arcus

2045 3659 2074 3697 a
2118 3645 2274 3716 135
2313 3640 2512 3701 Cancri
2547 3647 2581 3700 4
2626 3657 2782 3717 parte
2829 3651 3038 3714 media,
3071 3652 3138 3705 ad
3166 3652 3240 3718 9;
3281 3653 3542 3709 culminat
3582 3672 3614 3711 a

2044 3736 2281 3792 Piscium
2330 3739 2398 3794 15
2447 3739 2514 3793 ad
2551 3739 2623 3794 20
2663 3741 2917 3798 mediam.
2971 3742 3130 3797 Prior
3180 3745 3356 3799 oritur
3395 3754 3614 3802 antece-

2040 3829 2210 3894 dens,
2233 3837 2286 3886 et
2317 3831 2480 3902 dupla
2510 3849 2524 3898 ;
2555 3833 2747 3888 ultima
2769 3875 2783 3900 ,
2811 3835 3112 3892 succedens
3133 3879 3147 3898 ,
3178 3845 3231 3891 et
3259 3837 3460 3893 lucida.
3491 3837 3612 3893 Pri-

2040 3937 2127 3976 ma
2163 3938 2232 3979 ex
2261 3924 2382 3979 aliis
2415 3926 2713 3990 culminat,
2749 3942 2869 3996 quae
2897 3926 2953 3980 in
2982 3926 3160 3982 medio
3187 3929 3440 3999 corporis
3473 3929 3609 3985 Cas-

2039 4015 2232 4085 siepem
2259 4035 2271 4070 :
2296 4027 2351 4071 et
2371 4017 2724 4075 succedentes
2748 4033 2933 4073 earum
2950 4025 3338 4090 quatuor,qua3
3355 4020 3409 4074 in
3435 4020 3610 4075 cauda

2037 4109 2156 4163 Ceti
2194 4117 2343 4164 sunt.
2385 4108 2709 4165 Novissime
2753 4111 3056 4164 culminant
3104 4113 3349 4181 proxima
3384 4126 3604 4177 earum,

2037 4216 2157 4270 quae
2191 4200 2246 4255 in
2279 4201 2634 4256 Andromedae
2662 4216 2800 4256 zona
2822 4241 2836 4265 ,
2869 4210 2925 4256 et
2952 4202 3226 4256 borealior
3264 4217 3328 4256 ex
3362 4203 3458 4268 iis,
3489 4209 3612 4274 quae

2037 4291 2092 4344 in
2129 4291 2394 4345 laterculo
2422 4290 2560 4345 Ceti.
2593 4288 2778 4345 Oritur
2807 4289 3054 4360 Procyon
3083 4288 3216 4344 hora
3247 4289 3311 4354 0,
3340 4287 3444 4344 20¹.

425 4553 538 4623 Τῆς
582 4553 640 4607 δὲ
683 4555 908 4626 Ἀργοῦς
942 4535 1368 4629 ἀνατελλούσης,
1407 4557 1781 4612 συνανατέλλει
1830 4559 1929 4631 μὲν

2050 4535 2056 4542 ’
2115 4551 2263 4620 Argo
2309 4549 2434 4604 navi
2477 4549 2710 4614 oriente,
2747 4564 2869 4603 cum
2906 4563 2968 4604 ea
3007 4548 3262 4603 zodiacus
3308 4547 3544 4616 assurgit
3572 4561 3603 4600 a

354 4641 492 4714 αὐτῇ
513 4644 541 4697 6
566 4643 826 4709 ζωδιακὸς
846 4645 955 4698 ἀπὸ
981 4647 1206 4712 Λέοντος
1235 4649 1346 4719 μοι.
1385 4655 1437 4713 ς’
1458 4647 1563 4712 ἕως
1585 4648 1780 4720 Χηλῶν
1809 4650 1921 4720 μοί.

352 4731 394 4786 6'
426 4733 597 4804 μέσης
616 4751 630 4764 ·
666 4738 994 4806 μεσουρανεῖ
1023 4737 1081 4790 66
1126 4738 1235 4792 67:6
1262 4739 1431 4812 Κριοῦ
1469 4747 1520 4804 ς’
1551 4740 1645 4793 καὶ
1675 4747 1722 4794 κ’
1759 4740 1928 4812 μέσης

352 4822 457 4888 ἕως
486 4826 762 4897 Καρκίνου
793 4827 835 4880 6'
870 4828 1062 4900 μέσης.
1097 4829 1208 4883 Καὶ
1239 4829 1286 4884 α’
1315 4831 1411 4900 μὲν
1440 4830 1616 4902 ἀστὴρ
1653 4831 1929 4885 ἀνατέλλει

351 4917 381 4969 6
412 4916 520 4970 ὐπὸ
549 4917 658 4971 τῶν
690 4919 748 4972 ἔν
774 4920 920 4992 ἄκρᾳ
943 4923 1008 4992 τῇ
1037 4921 1173 4992 οὐρᾷ
1204 4920 1299 4974 τοῦ
1332 4922 1509 4985 Κυνὸς
1533 4921 1608 4985 ὡς
1644 4922 1924 4994 τριπλοῦς,

351 5007 576 5078 ἔσχατος
629 5010 687 5064 66
735 5013 764 5063 6
808 5012 1127 5076 νοτιώτατος
1178 5014 1286 5068 τῶν
1333 5016 1390 5068 ἐν
1423 5018 1489 5086 τῇ
1537 5016 1785 5088 ἀποτομῇ
1832 5017 1925 5072 τοῦ

350 5097 543 5153 Πλοίου
570 5102 665 5154 καὶ
684 5099 950 5172 λαμπρός.
977 5104 1319 5174 Μεσουρανεῖ
1332 5105 1388 5157 66
1415 5105 1524 5157 τῶν
1549 5105 1722 5159 ἄλλων
1749 5113 1799 5159 α’
1828 5108 1926 5177 μὲν

347 5189 442 5243 τοῦ
464 5193 720 5263 Περσέως
741 5195 768 5246 6
791 5195 848 5247 6v
861 5192 941 5264 τῷ
962 5195 1232 5266 ἀριστερῷ
1251 5194 1428 5266 μηρῷ,
1444 5196 1534 5250 καί
1556 5197 1584 5248 6
1607 5195 1925 5263 vaticinata;

346 5282 458 5336 τῶν
495 5285 554 5339 ὲν
586 5286 652 5356 τῇ
680 5285 926 5357 ἀποτομῇ
957 5285 1050 5339 τοῦ
1078 5286 1289 5356 Ταύρου
1311 5304 1323 5316 ·
1350 5287 1575 5357 ἔσχατος
1613 5288 1669 5340 δὲ
1713 5290 1742 5341 6
1787 5307 1923 5359 προ-

347 5374 650 5446 ηγούμενος
676 5377 776 5448 τῆς
798 5375 893 5431 τοῦ
916 5378 1116 5449 ’Ύδρου
1139 5377 1380 5449 κεφαλῆς
1401 5381 1429 5432 6
1451 5379 1704 5450 ἐκφανὴς,
1723 5381 1751 5434 ὃ
1775 5383 1922 5436 ἔστιν

345 5466 404 5518 ἐν
425 5469 540 5532 τοῖς
565 5468 760 5532 νοτίοις
781 5469 908 5522 ποσὶ
939 5469 1034 5524 τοῦ
1059 5469 1254 5534 Κυνός.

416 5556 493 5616 E'.
530 5557 686 5632 Ἑξῆς
709 5561 766 5614 66
793 5560 1025 5633 ἐροῦμεν
1048 5562 1178 5632 περὶ
1201 5562 1300 5633 τῆς
1333 5562 1678 5627 καταδύσεως
1701 5563 1809 5618 τῶν
1836 5579 1920 5619 νο-

345 5648 618 5720 τιωτέρων
652 5649 746 5704 τοῦ
775 5651 1038 5716 ζωδιακοῦ
1072 5651 1290 5705 κύκλου.

418 5739 584 5794 Ὀταν
602 5742 700 5813 μὲν
716 5738 808 5798 οὖν
821 5743 952 5814 δύνῃ
966 5746 995 5796 6
1014 5743 1230 5813 Ὕδρος,
1252 5741 1638 5812 συγκαταδύνει
1659 5742 1756 5813 μὲν
1772 5743 1917 5813 αὐτῷ

345 5826 655 5901 δξωδιακδς
697 5835 803 5890 67:6
839 5836 1084 5908 Διδύμων
1115 5835 1157 5889 θ’
1217 5836 1311 5890 καὶ
1341 5842 1390 5890 κ’
1421 5835 1530 5909 μοί.
1571 5834 1674 5898 ἕως
1709 5835 1916 5906 Παρθέ-

2036 4639 2235 4697 Leonis
2273 4651 2427 4711 parte
2465 4641 2497 4694 6
2539 4641 2604 4693 ad
2642 4641 2934 4695 Chelarum
2967 4641 2999 4693 4
3036 4638 3307 4703 mediam;
3341 4638 3609 4724 culminat

2037 4725 2108 4781 ab
2140 4726 2342 4782 Arietis
2385 4726 2456 4780 26
2485 4727 2684 4792 media,
2717 4726 2783 4780 ad
2828 4724 3021 4780 Cancri
3061 4724 3294 4779 mediam
3337 4723 3390 4777 4.
3421 4721 3602 4777 Prima

2039 4819 2218 4875 oritur
2263 4835 2384 4890 qua:
2415 4836 2446 4874 e
2478 4819 2648 4875 stellis
2686 4818 2741 4871 in
2781 4816 2955 4870 cauda
2983 4816 3148 4870 Canis
3193 4815 3251 4869 ﬁt
3295 4815 3457 4870 veluti
3503 4815 3602 4867 tri-

2029 4915 2154 4985 plex
2205 4933 2218 4969 :
2271 4915 2482 4978 ultima,
2523 4927 2643 4982 quae
2690 4913 2742 4965 in
2793 4909 3130 4966 abscissione
3167 4909 3330 4963 Navis
3371 4907 3599 4962 sitarum

2035 5006 2439 5061 australissima
2485 5013 2608 5070 est,
2659 5012 2712 5058 et
2752 5003 2952 5058 lucida.
2998 5001 3180 5055 Prima
3229 5000 3487 5056 culminat
3533 4999 3601 5054 de

2034 5101 2210 5156 stellis
2245 5101 2473 5170 reliquis
2503 5117 2587 5163 ea,
2622 5114 2742 5169 quae
2769 5108 2852 5152 cst
2890 5097 2945 5152 in
2979 5097 3203 5151 sinistro
3237 5094 3439 5150 femore
3466 5093 3595 5148 Per-

2028 5195 2104 5250 sei
2140 5213 2153 5248 :
2188 5201 2241 5250 et
2287 5192 2692 5248 australissima
2725 5205 2913 5245 earum
2956 5204 3077 5258 quze
3116 5195 3243 5243 sunt
3270 5189 3323 5240 in
3355 5185 3596 5241 sectione

2030 5285 2199 5339 Tauri
2237 5305 2249 5338 :
2291 5285 2502 5348 ultima,
2538 5283 2850 5353 praecedens
2890 5281 3082 5350 capitis
3104 5278 3269 5350 Hydri
3291 5275 3591 5348 splendida,

2023 5394 2144 5448 quae
2173 5385 2258 5432 est
2289 5377 2345 5430 in
2384 5377 2716 5431 australibus
2752 5373 2979 5445 pedibus
3006 5371 3192 5426 Canis.

2096 5558 2162 5613 V.
2201 5556 2514 5612 Secundum
2550 5555 2664 5609 haec
2707 5568 2926 5624 agemus
2958 5552 3024 5607 de
3060 5565 3279 5619 occasu_
3302 5546 3588 5602 australio-

2020 5667 2140 5705 rum
2175 5651 2399 5704 zodiaco
2428 5649 2728 5703 cmlestium
2763 5647 3076 5716 imaginum.

2092 5739 2366 5810 Imprimis
2405 5753 2528 5792 cum
2585 5736 2801 5808 Hydrus
2849 5734 3071 5796 occidit,
3126 5730 3406 5787 descendit
3459 5745 3583 5783 cum

2019 5849 2082 5890 co
2117 5831 2376 5889 zodiacus
2407 5847 2432 5882 a
2459 5836 2611 5900 parte
2633 5827 2982 5884 Geminorum
3005 5825 3074 5879 ἓξ)
3103 5825 3165 5879 ad
3200 5823 3434 5896 Virginis
3483 5820 3538 5874 ll
3567 5836 3585 5884 ι
