4132 6410
515 415 658 472 1115

1492 415 1585 469 AD
1622 413 1893 490 EU§EBII
1929 412 2321 470 CllRONICDN
2359 413 2722 470 APPENDIX.

3611 414 3754 470 1116

512 532 774 588 culminat
815 547 845 588 a
891 531 958 589 19
991 533 1169 590 media
1209 533 1498 588 Chelarum
1553 535 1620 588 ad
1670 532 1951 604 Sagittarii
2008 532 2071 587 19

2177 547 2268 582 νου
2305 537 2406 582 ια’·
2444 531 2767 600 μεσουρανεῖ
2815 527 2871 581 66
2926 527 3033 580 61:6
3076 527 3271 598 Χηλῶν
3331 527 3395 581 ιϐ’
3429 527 3598 600 μέσης
3642 530 3746 594 ἕως

516 622 778 678 mediam.
807 621 964 679 Prior
992 626 1213 691 occidit,
1245 627 1538 681 australior
1574 641 1762 680 earum
1793 640 1912 694 quae
1945 634 2076 679 sunt

509 711 568 766 in
596 714 737 768 rictu
769 731 783 766 :
817 716 1026 780 ultima,
1058 733 1177 787 qua:
1220 719 1274 772 in
1305 718 1645 773 extremitate
1685 719 1893 773 caudae.
1940 716 2072 772 Cul-

509 803 726 857 minant
776 820 839 860 ex
872 807 992 862 aliis
1022 809 1211 875 stellis,
1246 810 1402 863 initio
1441 809 1679 880 quidem,
1714 809 1914 874 lucida,
1953 823 2075 879 quae

509 900 595 948 est
637 909 668 948 a
717 895 894 950 cauda
949 896 1212 954 Draconis
1260 901 1442 966 tertia,
1491 902 1814 956 semicubito
1857 902 2076 956 circiter

511 983 837 1040 antecedens
905 987 1269 1042 meridianum
1340 1008 1354 1046 :
1424 990 1550 1045 item
1615 991 1794 1045 lucida
1871 990 2074 1061 cinguli

508 1073 712 1138 Bootae,
742 1092 844 1132 nec
873 1094 981 1133 non
1011 1080 1324 1149 praecedens
1373 1081 1610 1136 lucidam
1652 1083 1707 1136 in
1734 1082 2075 1136 extremitate

508 1164 688 1222 borea:
699 1165 875 1223 Chelas
890 1187 904 1237 ;
922 1179 975 1224 et
989 1186 1108 1240 quae
1125 1170 1287 1242 llydri
1305 1181 1387 1228 est
1408 1173 1464 1227 in
1493 1181 1734 1226 extrema
1751 1173 1945 1237 cauda,
1961 1173 2074 1226 vel-

509 1266 569 1311 ut
586 1260 904 1316 semicubito
931 1264 1288 1318 meridianum
1307 1265 1647 1320 antecedens.
1666 1265 1945 1320 Postremo
1959 1265 2075 1320 cul-

506 1349 717 1404 minant
749 1351 1014 1407 Draconis
1045 1356 1340 1411 australius
1374 1364 1586 1425 tempus
1626 1372 1638 1406 :
1677 1365 1731 1411 et
1765 1357 2069 1427 Serpentis,

507 1458 668 1512 quem
701 1453 845 1501 tenet
879 1445 1163 1517 Anguifer,
1199 1450 1255 1503 in
1283 1457 1527 1505 extrema
1567 1450 1738 1505 cauda
1767 1453 1869 1507 sita
1907 1471 1919 1506 :
1957 1463 2072 1506 tum

508 1536 835 1593 antecedens
877 1555 1088 1607 earum,
1122 1557 1242 1612 quae
1280 1544 1336 1597 in
1371 1558 1502 1615 sago
1529 1541 1834 1613 Sagittarii.
1862 1542 2075 1600 Occidit

507 1623 722 1696 Hydrus
755 1627 906 1684 boris
931 1630 984 1684 4.

576 1808 798 1867 Cratere
830 1813 1133 1881 occidente,
1169 1831 1293 1872 cum
1328 1832 1395 1873 eo
1439 1817 1720 1874 descendit
1747 1818 2003 1877 zodiacus
2041 1836 2072 1876 a

505 1899 701 1955 Cancri
731 1910 886 1972 parte
913 1905 976 1959 21
1013 1906 1081 1960 ad
1107 1905 1304 1962 Leonis
1333 1909 1564 1964 mediam
1596 1912 1697 1976 15;
1737 1912 1999 1966 culminat
2041 1926 2070 1965 a

506 1995 686 2049 media
748 1998 816 2053 15
877 1998 1086 2069 Scorpii
1137 2001 1204 2054 ad
1263 2003 1478 2056 initium
1537 2003 1835 2075 Sagittarii.
1890 2003 2072 2060 Prima

506 2085 710 2140 occidit
735 2103 944 2154 earum,
977 2106 1096 2160 quae
1125 2099 1252 2147 sunt
1281 2093 1335 2146 in
1368 2095 1505 2160 basi,
1532 2095 1803 2151 borealior
1835 2115 1846 2148 :
1881 2096 2072 2150 ultima

505 2191 635 2232 vero
683 2181 997 2245 australior,
1039 2189 1093 2236 et
1136 2182 1410 2238 borealior
1455 2200 1643 2239 earum
1693 2201 1812 2255 qua:
1851 2195 1978 2240 sunt
2015 2187 2072 2241 in

506 2267 678 2322 alveo.
716 2268 1030 2325 Culminant
1074 2272 1303 2327 aliarum
1343 2275 1650 2340 stellarum,
1696 2277 1877 2342 initio,
1911 2276 2073 2332 Scor-

505 2356 585 2427 pii
631 2359 829 2416 tertius
865 2370 918 2416 et
961 2363 1188 2432 quintus
1231 2367 1532 2437 spondylus
1565 2384 1776 2432 eorum,
1809 2371 1901 2439 qui
1944 2381 2071 2424 sunt

503 2455 630 2517 post
670 2457 879 2519 pectus,
913 2461 967 2508 et
1003 2455 1165 2510 tertia
1210 2465 1332 2526 post
1363 2458 1614 2514 dextrum
1665 2460 1948 2516 humerum
1982 2461 2070 2516 ln-

504 2540 761 2609 geniculi,
807 2543 862 2596 in
912 2544 1138 2602 brachio
1177 2548 1304 2613 sita,
1357 2550 1500 2604 velut
1551 2553 1872 2609 semicubito
1916 2556 2073 2610 meri-

503 2627 728 2685 dianum
783 2636 1138 2704 praecedens;
1191 2640 1384 2695 ultima
1422 2657 1577 2708 vero,
1614 2659 1736 2714 quae
1783 2646 1840 2698 in
1886 2646 2070 2701 radice

505 2721 710 2778 sinistri
743 2725 965 2783 femoris
983 2736 1066 2784 est
1096 2730 1394 2802 lngeniculi
1429 2753 1441 2788 :
1476 2751 1576 2792 nec
1606 2751 1718 2792 non
1749 2739 1934 2808 cuspis
1961 2741 2066 2792 Ar-

504 2827 622 2870 cus.
654 2813 863 2873 Occidit
894 2817 1085 2876 Crater
1113 2821 1246 2878 hora
1278 2823 1330 2892 1,
1355 2824 1463 2879 20'.

574 2987 753 3047 Corvo
778 2992 1143 3053 descendente
1173 2999 1336 3054 simul
1363 2999 1620 3057 zodiacus
1644 3003 1844 3058 occidit
1872 3019 1903 3058 a
1935 3002 2072 3060 Leo-

503 3080 593 3137 nis
621 3082 690 3136 29
722 3084 901 3139 media
957 3088 1024 3142 ad
1064 3087 1356 3145 Chelarum
1392 3093 1492 3158 11;
1529 3095 1794 3150 culminat
1829 3110 1861 3148 a
1893 3094 2072 3168 Sagit-

503 3171 630 3224 tarii
682 3171 751 3227 10
786 3173 854 3228 ad
906 3177 1137 3232 mediam
1185 3180 1507 3250 Capricorni
1561 3184 1616 3240 6.
1663 3184 1822 3240 Prior
1869 3187 2070 3243 occidit

504 3260 682 3328 stella,
722 3277 841 3332 quae
875 3265 930 3319 in
960 3269 1360 3337 posterioribus
1394 3271 1712 3339 femoribus,
1742 3277 2065 3343 novissima,

503 3351 806 3409 succedens
851 3370 1060 3422 earum,
1093 3375 1214 3429 qua:
1249 3370 1376 3416 sunt
1416 3364 1472 3416 in
1516 3365 1715 3434 capite.
1755 3367 2069 3424 Culminant

505 3442 737 3499 aliarum
788 3447 1104 3516 stellarum,
1169 3453 1439 3523 principio
1494 3456 1716 3526 quidem
1777 3457 2066 3526 Draconis,

504 3549 624 3602 quae
657 3543 740 3591 est
779 3536 837 3592 in
869 3539 1032 3606 rictu,
1076 3546 1390 3610 prazcedens
1427 3549 1787 3605 meridianum
1833 3555 2072 3610 semicu~

503 3625 619 3681 bito
675 3627 828 3698 fere;
867 3631 994 3687 item
1053 3634 1352 3704 lngeniculi
1405 3639 1577 3694 cubiti
1625 3642 1837 3698 sinistri
1868 3643 2065 3711 ﬂexus,

505 3716 826 3775 semicubito
849 3720 1064 3777 circiter
1080 3726 1406 3782 antecedens
1433 3729 1826 3799 meridianum;
1859 3743 2069 3803 postre-

504 3819 614 3868 ma,
645 3810 953 3876 praecedens
981 3813 1283 3870 lucidarum
1309 3817 1494 3882 trium,
1521 3836 1641 3890 quae
1661 3831 1788 3878 sunt
1817 3824 1872 3878 in
1895 3826 2070 3894 prima

505 3897 654 3964 spira
696 3899 992 3969 Draconis;
1021 3919 1122 3960 nec
1158 3920 1270 3960 non
1300 3923 1385 3972 ea,
1420 3926 1541 3982 quae
1568 3921 1652 3968 est
1676 3913 1731 3968 in
1761 3915 1846 3968 ala
1875 3915 2068 3972 dextra

503 3985 698 4076 Cygni,
730 3993 1007 4059 paululum
1038 3995 1174 4049 citra
1207 3999 1570 4055 meridianum
1621 4003 1834 4072 posita;
1867 4013 1921 4060 et
1947 4023 2069 4076 qua:

503 4075 562 4128 in
596 4080 820 4148 cuspide
849 4079 1068 4153 Sagittae
1094 4101 1109 4151 ;
1140 4085 1267 4141 item
1304 4091 1596 4147 australior
1624 4093 1682 4148 in
1706 4095 1860 4150 vultu
1883 4075 2074 4170 Capri-

504 4171 679 4226 corni.
713 4171 922 4230 Occidit
949 4175 1086 4232 Fera
1103 4177 1254 4235 horis
1280 4179 1335 4238 2.

2175 619 2401 684 Τοξότου
2437 621 2501 673 ιϐ’
2533 620 2722 690 μέσης.
2755 620 2866 672 Καὶ
2897 625 2944 673 α’
2981 618 3079 690 μὲν
3116 619 3290 690 ἀστὴρ
3327 618 3470 673 δύνει
3497 621 3525 671 6
3557 620 3745 674 νοτιώ-

2171 728 2329 782 τερος
2357 712 2464 764 τῶν
2496 713 2553 764 ὲν
2579 711 2657 782 τῷ
2688 711 2946 782 χάσματι,
2992 711 3215 782 ἔσχατος
3258 711 3315 765 δὲ
3347 714 3376 765 6
3420 715 3476 766 ἐν
3507 715 3650 784 ἄκρα
3673 718 3740 785 τῇ

2172 803 2330 874 οὐρᾷ.
2364 802 2771 874 Μεσουρανοῦσι
2810 803 2866 856 δὲ
2894 802 3002 856 τῶν
3037 803 3210 858 ἄλλων
3243 805 3483 876 ἀστέρων
3514 808 3570 859 ὲν
3599 808 3740 878 ἀρχῇ

2176 894 2276 966 μὲν
2303 893 2395 948 τοῦ
2428 912 2487 947 τε
2519 894 2818 965 Δράκοντος
2855 895 2884 946 6
2917 900 2963 963 γ’
2992 895 3100 949 ἀπὸ
3145 896 3243 966 τῆς
3276 897 3441 966 ούρᾶς
3472 897 3739 969 λαμπρὸς,

2172 986 2248 1048 ὥς
2291 987 2595 1056 ὴμιπήχιον
2633 986 3042 1057 προηγούμενος
3102 987 3194 1040 τοῦ
3229 988 3618 1059 μεσημϐρινοῦ,
3650 991 3741 1042 καὶ

2171 1077 2265 1130 τοῦ
2297 1076 2506 1132 Βοώτου
2544 1080 2572 1131 6
2601 1079 2658 1131 ὲν
2687 1081 2752 1149 τῇ
2789 1078 2933 1149 ζώνῃ
2980 1079 3248 1150 λαμπρὸς,
3291 1081 3438 1133 καὶὸ
3475 1083 3744 1152 προηγού-

2175 1186 2337 1240 μενος
2363 1169 2458 1222 τοῦ
2483 1172 2540 1222 ὲν
2568 1169 2714 1241 ἄκρᾳ.
2733 1173 2800 1242 τῇ
2833 1170 3025 1243 βορείῳ
3056 1170 3204 1242 Χηλῇ
3227 1171 3500 1243 λαμπροῦ,
3533 1176 3624 1227 καὶ
3645 1173 3739 1228 τοῦ

2174 1261 2373 1331 νΥδρου
2410 1262 2439 1314 6
2472 1263 2527 1314 ἐν
2557 1261 2702 1332 ἄκρᾳ
2723 1264 2791 1333 τῇ
2824 1263 2959 1334 οὐρᾷ
2983 1302 2996 1325 ,
3032 1262 3107 1326 ὡς
3137 1265 3438 1334 ἡμιπήχιον
3474 1266 3742 1336 προηγού-

2175 1367 2334 1420 μενος
2383 1349 2475 1403 τοῦ
2531 1351 2900 1423 μσημὸρινοῦ
2925 1371 2937 1384 ·
2981 1353 3204 1424 ἔσχατον
3249 1355 3306 1408 δὲ
3351 1357 3740 1427 μεσουρανοῦσι

2168 1441 2262 1494 τοῦ
2307 1460 2364 1495 τε
2406 1442 2703 1513 Δράκοντος
2733 1445 2762 1496 6
2803 1444 3115 1517 νοτιώτερος
3164 1447 3450 1516 κρόταφος,
3499 1449 3594 1501 καὶ
3643 1447 3739 1501 τοῦ

2175 1534 2407 1602 Ὄφεως,
2443 1534 2501 1588 ὃν
2534 1534 2646 1606 ἔχει
2684 1537 2713 1588 6
2747 1536 3026 1608 Ὀφιοῦχος
3055 1540 3083 1592 6
3115 1539 3172 1590 ὲν
3204 1538 3349 1610 ἄκρᾳ
3364 1542 3430 1611 τῇ
3463 1541 3616 1611 ούρᾷ,
3645 1541 3739 1593 καὶ

2170 1624 2262 1678 τοῦ
2290 1625 2516 1688 Τοξότου
2545 1629 2574 1679 6
2606 1625 2903 1697 ἡγούμενος
2938 1629 3045 1683 τῶν
3083 1629 3141 1682 ὲν
3176 1633 3240 1702 τῇ
3281 1632 3551 1700 ὲφαπτίδι.
3585 1631 3739 1686 Δύνει

2169 1716 2226 1769 δὲ
2260 1718 2288 1768 6
2318 1717 2512 1788 ’Ύδρος
2545 1719 2602 1770 ἐν
2632 1717 2802 1790 ὥραις
2822 1719 2884 1774 6'.

2243 1809 2347 1862 Τοῦ
2374 1809 2430 1862 δὲ
2461 1811 2746 1883 Κρατῆρος
2764 1811 3027 1877 δύνοντος,
3052 1813 3438 1883 συγκαταδύνει
3471 1813 3569 1887 μὲν
3592 1815 3742 1887 αὐτῷ

2103 1878 2145 1932 Β
2171 1903 2200 1956 6
2233 1901 2495 1967 ζωδιακὸς
2519 1878 2922 1975 απὸ-Καρκίνου
2953 1907 3061 1976 μοί.
3104 1878 3154 1959 α’
3186 1908 3278 1962 καὶ
3303 1915 3350 1960 κ’
3372 1878 3483 1972 ἕως.
3513 1878 3740 1973 Λέοντος

2176 2001 2241 2063 ιγ’
2272 1995 2442 2066 μέσης
2465 2012 2478 2024 ’
2510 1999 2830 2066 μεσουρανεῖ
2851 1996 2907 2049 δὲ
2929 1997 3036 2051 61:6
3063 1997 3157 2052 τοῦ
3177 1999 3441 2071 Σκορπίου
3473 1999 3537 2070 ιβ’
3569 2001 3740 2071 μέσης

2170 2084 2274 2148 ἓως
2309 2085 2538 2150 Τοξότου
2569 2087 2757 2158 ἀρχῆς.
2819 2089 2928 2141 Καὶ
2961 2096 3008 2142 α’
3040 2089 3136 2159 μὲν
3181 2091 3354 2162 ἀστὴρ
3402 2091 3547 2147 δύνει
3594 2095 3622 2144 6
3650 2092 3738 2163 βο-

2173 2178 2440 2248 ρειότερος
2468 2177 2576 2230 τῶν
2612 2181 2670 2232 ὲν
2699 2181 2764 2249 τῇ
2813 2179 2986 2250 βάσει,
3023 2180 3248 2252 ἔσχατος
3273 2183 3329 2236 δὲ
3365 2185 3392 2236 6
3423 2186 3739 2255 νοτιῶτερος

2171 2269 2266 2320 καὶ
2294 2270 2321 2320 6
2347 2269 2678 2340 βορειότερος
2703 2270 2810 2322 τῶν
2837 2272 2895 2324 ἐν
2939 2271 3015 2343 τῷ
3049 2273 3218 2326 κύτει.
3255 2273 3657 2346 Μεσουρανοῦσι
3679 2275 3739 2328 δὲ

2167 2359 2276 2412 τῶν
2306 2359 2477 2413 ἄλλων
2515 2361 2755 2431 ἀστέρων
2787 2362 2844 2414 ἐν
2881 2362 3022 2434 ἀρχῇ
3061 2365 3158 2434 μὲν
3194 2363 3287 2418 τοῦ
3320 2367 3588 2438 Σκορπίου
3629 2369 3657 2421 6
3687 2375 3743 2434 γ’·

2169 2452 2263 2504 καὶ
2294 2453 2322 2504 6
2349 2459 2388 2504 ε’
2423 2451 2711 2521 σφόνδυλος
2739 2453 2845 2506 τῶν
2875 2456 3012 2524 μετὰ
3046 2456 3104 2509 τὸ
3145 2456 3356 2528 στῆθος,
3392 2458 3485 2511 καὶ
3513 2457 3606 2512 τοῦ
3649 2459 3737 2512 Ἐν

2167 2542 2387 2611 γόνασιν
2424 2544 2452 2595 6
2480 2549 2527 2611 γ’
2555 2543 2662 2596 άπὸ
2706 2545 2799 2596 τοῦ
2853 2543 3024 2609 δεξιοῦ
3076 2541 3247 2616 ὥμου,
3291 2548 3349 2600 ὲν
3376 2547 3453 2618 τῷ
3500 2548 3738 2621 βραχίονι

2168 2634 2436 2703 κείμενος,
2473 2634 2880 2705 προηγούμενος
2907 2637 2964 2689 δὲ
2990 2636 3082 2690 τοῦ
3115 2637 3486 2709 μεσημϐρινοῦ
3517 2639 3592 2704 ὡς
3613 2642 3739 2712 ἡμι-

2167 2727 2360 2795 πηχιον
2384 2743 2398 2756 ο
2445 2726 2669 2797 ἔσχατον
2715 2728 2772 2781 δὲ
2813 2727 2906 2781 τοῦ
2932 2745 2992 2781 τε
3029 2729 3116 2784 Ἐν
3148 2729 3366 2798 γόνασιν
3393 2733 3422 2784 6
3460 2732 3517 2784 ὲν
3543 2735 3607 2803 τῇ
3647 2735 3738 2786 ὲκ-

2169 2818 2326 2886 φύσει
2359 2818 2452 2872 τοῦ
2487 2819 2773 2891 ἀριστεροῦ
2807 2821 3004 2890 μηροῦ,
3049 2822 3142 2874 καὶ
3188 2820 3281 2874 τοῦ
3330 2823 3494 2889 Τὸξου
3526 2826 3558 2894 ἡ
3593 2824 3734 2888 ἀκίς.

2167 2910 2322 2964 Δύνει
2351 2912 2406 2964 δὲ
2434 2914 2462 2964 6
2500 2912 2725 2983 Κρατὴρ
2750 2914 2807 2964 ὲν
2831 2911 2949 2984 ὥρᾳ
2973 2919 3020 2966 α’
3047 2914 3139 2965 καὶ
3168 2919 3215 2982 γ’
3253 2915 3431 2984 μέρει.

2237 3002 2343 3055 Τοῦ
2385 3003 2440 3056 δὲ
2469 3003 2719 3074 Κόρακος
2745 3003 3010 3067 δύνοντος,
3056 3005 3441 3074 συγκαταδύνει
3471 3005 3569 3076 μὲν
3591 3005 3738 3077 αύτῷ

2168 3093 2196 3145 6
2233 3093 2494 3158 ζωδιακὸς
2527 3087 2634 3149 61:6
2664 3095 2890 3159 Λέοντος
2925 3095 3006 3149 κθ¹
3053 3097 3163 3166 μοί.
3210 3097 3380 3168 μέσης
3419 3096 3522 3159 ἕως
3546 3097 3742 3168 Χηλῶν

2095 3231 2138 3290 c
2172 3193 2268 3239 ta."
2306 3191 2627 3259 μεσουρανεῖ
2653 3188 2709 3241 δὲ
2759 3189 2867 3241 ἀπὸ
2914 3186 3138 3252 Τοξότου
3173 3195 3202 3240 ι’
3237 3188 3340 3252 ἕως
3366 3187 3645 3258 Αἰγόκερω
3686 3196 3746 3252 ςι

2175 3277 2365 3348 μέσης.
2393 3279 2503 3332 Καὶ
2522 3285 2570 3330 α’
2599 3278 2696 3349 μὲν
2725 3279 2899 3350 ἀστὴρ
2920 3278 3063 3332 δύνει
3091 3281 3120 3332 6
3141 3281 3197 3332 ἐν
3217 3282 3328 3343 τοῖς
3351 3279 3612 3343 ὀπισθίοις
3637 3298 3741 3352 μη·-

2175 3372 2304 3439 ροῖς,
2347 3369 2569 3439 ἔσχατος
2595 3369 2652 3422 δὲ
2679 3372 2707 3422 6
2735 3371 2999 3442 ἑπόμενος
3028 3371 3134 3425 τῶν
3163 3371 3220 3424 ὲν
3247 3373 3311 3441 τῇ
3345 3370 3571 3440 κεφαλῇ.
3593 3372 3740 3424 Μεσ-

2170 3459 2454 3530 ουρανοῦσι
2478 3459 2534 3514 66
2556 3460 2663 3513 τῶν
2701 3460 2872 3514 ἄλλων
2901 3461 3145 3532 ἀστέρων
3185 3463 3243 3515 ὲν
3270 3462 3366 3532 μὲν
3384 3465 3450 3533 τῇ
3479 3463 3618 3534 ἀρχῇ
3642 3462 3739 3516 τοῦ

2169 3551 2470 3623 Δράκοντος
2495 3555 2522 3605 6
2542 3552 2600 3605 ὲν
2625 3552 2700 3623 τῷ
2719 3553 2956 3624 χάσματι
2982 3554 3387 3626 προηγούμενος
3408 3556 3501 3608 τοῦ
3528 3571 3739 3626 μεσημ-

2172 3642 2357 3715 6ρινοῦ
2387 3644 2462 3707 ὡς
2491 3645 2788 3715 ἡμιπήχιον
2810 3685 2826 3710 ,
2871 3647 2965 3699 καὶ
2995 3645 3089 3700 τοῦ
3125 3647 3212 3700 Ἐν
3241 3647 3503 3714 γόνασινὸ
3525 3648 3740 3717 ἀριστε-

2174 3734 2264 3805 ρὸς
2310 3733 2519 3802 ἀγκὼν,
2559 3737 2966 3808 προηγούμενος
3031 3738 3107 3801 ὡς
3153 3740 3449 3810 ἡμιπήχιον
3497 3737 3590 3792 τοῦ
3638 3756 3736 3809 με·

2171 3828 2471 3900 σημϐρινοῦ
2495 3848 2512 3860 ο
2541 3829 2762 3900 ἔσχατον
2792 3831 2849 3884 66
2883 3831 2975 3884 τοῦ
3013 3831 3314 3902 Δράκοντος
3348 3830 3455 3884 τῶν
3497 3835 3554 3884 ὲν
3591 3833 3656 3901 τῇ
3689 3833 3738 3884 α’

2171 3923 2372 3994 σπείρᾳ
2404 3911 2853 3993 τριῶν“).αμπρῶν
2881 3926 2908 3976 6
2935 3924 3234 3994 ἡγούμενος
3254 3920 3462 3976 καὶτοῦ
3492 3920 3740 3992 Ὄρνιθος

2170 4009 2199 4062 6
2231 4009 2288 4062 ὲν
2325 4009 2468 4082 ἄκρᾳ
2499 4013 2564 4081 τῇ
2595 4009 2743 4082 δεξιᾷ
2789 4012 3038 4082 πτέρυγι,
3082 4012 3273 4082 μικρὸν
3317 4011 3738 4081 ὑπολειπόμενος

2176 4098 2271 4154 τοῦ
2301 4101 2670 4171 μεσημϐρινοῦ
2693 4117 2708 4132 ⁸
2739 4103 2833 4156 καὶ
2863 4102 2954 4156 τοῦ
3006 4101 3213 4156 Ὀῖστοῦ
3242 4101 3270 4154 6
3302 4102 3396 4155 ἐπὶ
3419 4101 3517 4172 τῆς
3535 4101 3734 4163 ἀκίδος*

2179 4191 2386 4245 καὶτοῦ
2411 4193 2690 4264 Αίγόκερω
2717 4195 2744 4246 6
2770 4193 3084 4266 νοτιώτερος
3113 4193 3220 4249 τῶν
3253 4195 3309 4248 ὲν
3335 4192 3412 4265 τῷ
3443 4191 3734 4265 προσώπῳ.

2177 4279 2332 4336 Δύνει
2354 4282 2411 4335 66
2441 4283 2501 4336 :6
2527 4283 2726 4355 Θηρίον
2759 4286 2819 4340 ὲν
2850 4285 3019 4358 ὥραις
3042 4286 3181 4341 δυσί.

1552 4381 1754 4437 Desunt
1781 4383 1866 4438 hic
1893 4388 2159 4443 asterismt'
2192 4390 2445 4449 Centauri
2468 4405 2518 4450 et
2546 4395 2722 4454 Ferte.

579 4489 662 4545 Vl.
707 4493 815 4547 Ara
851 4492 1137 4550 occidente
1186 4494 1442 4554 zodiacus
1483 4511 1516 4552 a
1555 4497 1753 4555 Leonis
1783 4500 1960 4557 media
1999 4502 2068 4558 19

2244 4513 2334 4577 (τ’.
2370 4510 2476 4565 Τοῦ
2526 4512 2584 4566 66
2625 4513 2996 4586 Θυμιατηρίου
3045 4515 3312 4583 δύνοντος,
3347 4515 3748 4586 συγκαταδύνειι

507 4583 576 4638 ad
612 4583 902 4640 Chelarum
942 4586 976 4640 9
1012 4587 1403 4655 absconditur;
1445 4590 1761 4646 culminata
1787 4591 2070 4662 Sagittarii

506 4676 540 4731 5
569 4677 636 4731 ad
665 4676 985 4748 Capricorni
1029 4679 1265 4735 mediam
1304 4681 1354 4736 9.
1385 4681 1567 4736 Prima
1614 4683 1816 4738 occidit
1855 4693 2072 4740 austra-

505 4767 611 4822 lior
637 4785 822 4824 earum
852 4785 973 4838 quae
1014 4771 1071 4826 in
1106 4773 1368 4842 margine,
1407 4776 1714 4845 eademque
1744 4777 1948 4847 dupla;
1989 4777 2073 4831 ul-

504 4859 638 4912 tima
669 4860 941 4916 borealior
969 4878 1157 4917 earum
1185 4881 1306 4934 quae
1337 4867 1392 4920 in
1425 4866 1565 4921 basi.
1586 4867 1902 4922 Culminant
1933 4869 2071 4923 alia-

507 4963 629 5003 rum
676 4952 955 5008 stellarum
998 4954 1154 5009 initio
1205 4956 1424 5025 quidem
1477 4957 1681 5024 lucida,
1728 4975 1850 5029 qua:
1891 4969 1976 5015 est
2015 4961 2073 5016 in

506 5041 731 5098 sinistro
762 5042 1065 5113 lngeniculi
1110 5045 1333 5113 femore,
1375 5054 1430 5102 et
1472 5049 1650 5104 media
1695 5065 1906 5115 ear-um,
1951 5067 2074 5122 qua:

507 5141 638 5188 sunt
671 5135 727 5189 in
762 5150 895 5190 arcu
940 5136 1220 5208 Sagittarii
1255 5156 1268 5191 :
1305 5141 1496 5194 ultima
1529 5142 1836 5197 lucidarum
1865 5160 1986 5214 quae
2016 5146 2074 5199 in

507 5227 734 5295 genibus
760 5230 1071 5287 australior.
1104 5231 1439 5290 OcciditAra
1471 5234 1686 5291 duabus
1709 5236 1859 5292 horis
1892 5245 1946 5292 et
1970 5237 2071 5294 10’.

577 5514 809 5581 Quando
835 5515 1013 5574 Piscis
1041 5518 1299 5574 australis
1324 5517 1548 5581 occidit,
1580 5533 1704 5573 cum
1741 5532 1808 5573 eo
1845 5517 2074 5573 descen-

508 5604 584 5658 dit
616 5606 874 5663 zodiacus
908 5624 939 5662 a
967 5607 1245 5678 Sagittarii
1272 5617 1427 5678 parte
1457 5609 1527 5662 24
1554 5609 1620 5661 ad
1654 5607 1975 5678 Capricorni
2007 5607 2074 5662 18

510 5695 745 5749 mediam
770 5712 785 5760 ;
820 5698 1085 5752 culminat
1114 5713 1144 5752 a
1171 5697 1410 5754 Piscium
1443 5699 1477 5752 5
1512 5697 1579 5752 ad
1607 5697 1810 5752 Arietis
1839 5696 1893 5751 2.
1916 5695 2074 5751 Prior

509 5785 713 5842 occidit
748 5788 925 5859 stella,
955 5789 1282 5856 lucidarum,
1327 5806 1449 5860 quae
1487 5790 1542 5845 in
1583 5790 1759 5846 cauda
1801 5798 1949 5858 sunt,
1979 5805 2075 5845 au-

2176 4601 2275 4672 μὲν
2299 4604 2328 4655 6
2355 4603 2615 4668 ζωδιακὸς
2640 4606 2747 4659 ἀπὸ
2782 4607 3009 4671 Λέοντος
3047 4609 3111 4662 ιϐ’
3157 4609 3265 4679 μοί.
3301 4608 3472 4680 μέσης
3498 4608 3601 4672 ἕως
3626 4609 3740 4678 Χη-

2170 4694 2277 4747 λῶν
2306 4695 2350 4749 0'
2369 4713 2383 4723 ⁸
2421 4702 2740 4768 μεσουρανεί
2765 4699 2821 4752 66
2857 4699 2964 4754 61:6
2989 4699 3214 4764 Τοξότου
3257 4706 3298 4752 ε’
3327 4699 3431 4764 ἕως
3460 4699 3752 4770 Αίγόκερω.

2172 4786 2218 4840 θ’
2253 4787 2444 4860 μέσης.
2474 4790 2582 4843 Καὶ
2616 4790 2830 4862 πρῶτος
2861 4790 2959 4861 μὲν
2988 4791 3160 4862 ἀστὴρ
3191 4791 3337 4844 δύνει
3365 4793 3392 4844 6
3425 4769 3738 4859 v0:ttf;:epoc

2170 4879 2278 4934 τῶν
2316 4883 2373 4934 ἐν
2405 4880 2481 4951 τῷ
2506 4881 2669 4952 χείλει
2709 4883 2802 4935 καὶ
2831 4882 3048 4946 διπλοῦς
3071 4901 3084 4913 ο
3121 4882 3344 4953 ἔσχατος
3375 4882 3431 4936 66
3477 4885 3504 4935 6
3533 4881 3737 4953 βορειό-

2169 4989 2328 5043 τερος
2356 4971 2462 5025 τῶν
2486 4973 2542 5026 ὲν
2567 4976 2632 5044 τῇ
2659 4973 2829 5044 βάσει.
2874 4973 3279 5045 Μεσουρανοῦσι
3323 4973 3380 5026 δὲ
3421 4971 3531 5027 τῶν
3564 4972 3740 5026 ἄλλων

2171 5061 2416 5130 ἀστέρων
2451 5062 2508 5113 ὲν
2535 5061 2632 5131 μὲν
2662 5064 2725 5132 τῇ
2753 5063 2892 5133 ἀρχῇ
2919 5061 3012 5115 τοῦ
3042 5079 3099 5116 τε
3145 5063 3231 5115 Ἐν
3259 5060 3478 5129 γόνασιν
3511 5061 3540 5114 6
3578 5062 3636 5113 6v
3660 5059 3740 5131 τῷ

2173 5151 2446 5222 ἀριστερῷ
2475 5152 2632 5223 μηρῷ
2665 5152 2937 5223 λαμπρὸς,
2973 5155 3067 5206 καὶ
3110 5152 3204 5205 τοῦ
3236 5151 3463 5217 Τοξότθυ
3505 5151 3534 5202 6
3578 5150 3747 5220 μέσος-

2171 5241 2280 5294 τῶν
2307 5243 2364 5293 ὲν
2391 5241 2470 5312 τῷ
2500 5242 2638 5313 τόξῳ
2656 5260 2669 5272 ·
2707 5243 2930 5314 ἔσχατον
2967 5244 3024 5296 δὲ
3050 5243 3142 5296 τοῦ
3176 5244 3454 5312 Αίγόκερω
3499 5242 3528 5293 6
3553 5240 3739 5294 νοτιώ-

2171 5349 2328 5403 τερος
2352 5333 2459 5386 τῶν
2485 5335 2542 5386 ὲν
2579 5338 2690 5395 τοῖς
2718 5336 2905 5403 γόνασι
2941 5335 3224 5406 λαμπρῶν.
3260 5334 3412 5387 Δύνει
3444 5333 3500 5386 δὲ
3534 5333 3595 5386 τὸ
3634 5334 3739 5387 Θυ-

2176 5424 2462 5494 μιατήριον
2485 5425 2542 5476 ὲν
2571 5423 2739 5495 ὥραις
2765 5425 2809 5495 β’
2845 5427 2939 5479 καὶ
2969 5432 3021 5492 ς’
3050 5426 3225 5497 μέρει.

2182 5557 2190 5563 .
2248 5515 2415 5568 Ὅταν
2446 5514 2503 5568 δὲ
2541 5515 2570 5567 6
2616 5516 2787 5580 νότιος
2823 5516 2994 5587 Ἰχθὺς
3039 5517 3187 5590 δύνῃ,
3223 5517 3612 5585 συγκαταδύνει
3641 5514 3742 5586 μὲν

2172 5605 2320 5675 αὐτῷ
2357 5609 2384 5658 6
2435 5605 2696 5670 ζωδιακὸς
2747 5607 2855 5660 ἀπὸ
2907 5607 3131 5674 Τοξότου
3177 5607 3286 5678 poi;
3331 5607 3373 5660 6'
3409 5607 3508 5661 καὶ·
3543 5613 3590 5661 κ’
3635 5606 3741 5670 ἕως

2173 5697 2455 5768 Αῐγόκερω
2480 5704 2548 5768 ιη’
2576 5698 2772 5768 μέσης·
2802 5703 3126 5771 μεσουρανεῖ
3142 5700 3199 5754 δὲ
3229 5700 3337 5754 ἀπὸ
3373 5700 3589 5772 ’ἰχθύων
3624 5700 3736 5771 μοί.

2173 5797 2222 5859 γ’
2249 5789 2354 5854 ἕως
2393 5791 2563 5863 Κριοῦ
2600 5791 2713 5863 μοί.
2761 5791 2824 5862 β’.
2858 5791 2968 5846 Καὶ
3007 5800 3055 5846 α’
3091 5793 3190 5865 μὲν
3229 5793 3403 5865 ἀστὴρ
3429 5793 3573 5849 δύνει
3599 5794 3627 5847 6
3653 5808 3743 5848 να·-
