4132 6410
402 469 538 526 1117

1355 467 1723 525 HIPPARCHI
1765 470 1855 524 AD
1892 468 2339 525 PH/ENOMENA
2378 467 2508 522 LlB.
2549 468 2640 523 IIl.

3494 475 3630 531 1118

398 583 655 654 τιώτερος
680 580 787 635 τῶν
823 583 881 636 ἐν
919 584 984 655 τῇ
1017 582 1152 654 οὐρᾷ
1172 583 1460 657 λαμπρῶν,
1505 585 1728 657 ἔσχατος
1766 585 1822 639 δὲ
1859 589 1886 639 6
1913 587 1968 638 ἔν

2078 582 2338 647 stralior;
2384 581 2577 633 ultima
2619 595 2768 644 vero,
2805 579 3139 635 lucidissima
3171 580 3357 635 rostri.
3395 579 3475 636 Ex
3506 583 3630 637 aliis

399 674 477 745 τῷ
506 674 696 745 ῥύγχει
731 673 979 745 λαμπρὸς
1015 675 1238 746 σφόδρα.
1285 676 1625 747 Μεσουρανεῖ
1653 676 1708 728 δὲ
1740 675 1847 728 τῶν
1877 676 1969 728 ἀλ-

400 768 507 819 λων
537 767 778 837 ἀστέρων
807 769 864 819 ὲν
897 768 1037 837 ἀρχῇ
1083 768 1181 836 μὲν
1221 766 1330 819 τῶν
1359 767 1572 838 Ἰχθύων
1606 767 1698 820 τοῦ
1725 767 1968 820 νοτιωτέ-

404 873 497 926 ρου
525 859 552 908 6
577 858 632 908 ἐν
658 857 802 928 ἄκρᾳ
824 859 890 927 τῇ
915 856 1078 928 ούρᾷο
1111 856 1333 928 ἔσχατον
1369 859 1424 912 δὲ
1449 859 1550 929 τῆς
1587 877 1646 912 τε
1688 860 1970 930 Ἀνδρομέ-

401 946 496 1010 δας
516 950 543 1000 ὁ
573 949 860 1019 ἀριστερὸς
891 948 1045 1014 ποῦς,
1072 951 1167 1002 καὶ
1201 949 1294 1003 τοῦ
1325 951 1494 1022 Κριοῦ
1515 953 1543 1005 6
1583 951 1744 1022 μέσος
1775 951 1882 1006 τῶν
1909 953 1968 1006 ὲν

401 1040 467 1108 τῇ
499 1039 727 1111 κεφαλῇ,
759 1041 851 1094 καὶ
875 1041 966 1094 τοῦ
995 1042 1052 1094 ἐν
1085 1041 1162 1112 τῷ
1208 1043 1376 1114 Κήτει
1403 1043 1803 1115 τετραπλεύρου
1829 1045 1858 1096 6
1883 1060 1969 1097 νο-

400 1127 656 1202 τιώτερος
692 1132 799 1186 τῶν
836 1133 1133 1204 ἑπομένων.
1175 1134 1331 1188 Δύνει
1374 1135 1431 1188 δὲ
1463 1137 1491 1188 6
1528 1137 1698 1206 Ἰχθὺς
1749 1138 1806 1190 ὲν
1850 1136 1969 1208 ὥρᾳ

402 1223 450 1270 α’
474 1218 567 1270 καὶ
595 1219 635 1271 6'
664 1221 1120 1292 πεμπτημορίοις.

472 1308 577 1362 Τοῦ
609 1310 666 1364 δὲ
687 1312 900 1381 Κήτους
925 1310 1189 1377 δύνοντος,
1220 1315 1609 1382 συγκαταδύνει
1638 1315 1735 1386 μὲν
1763 1315 1909 1386 αὐτῷ
1941 1318 1970 1369 6

405 1397 664 1464 ζωδιακὸς
703 1401 809 1454 ἀπὸ
853 1402 1136 1473 ’Υδροχόου
1187 1403 1295 1474 μοί.
1340 1411 1391 1474 η’
1439 1406 1530 1459 καὶ
1567 1413 1613 1459 κ’
1653 1406 1822 1477 μέσης
1864 1405 1969 1468 ἔως

403 1488 576 1558 Κριοῦ
604 1490 662 1542 ιδ’
687 1507 700 1519 ’
742 1495 1065 1562 μεσουρανεί
1089 1492 1144 1545 δὲ
1174 1493 1282 1546 ἀπὸ
1329 1494 1542 1567 Ταύρου
1583 1497 1692 1567 μοί.
1727 1495 1770 1565 β’
1804 1497 1895 1548 καὶ
1921 1501 1968 1548 κ’

403 1577 508 1642 ἔως
541 1579 813 1650 Καρκίνου
844 1583 953 1652 μοί.
1009 1589 1065 1634 ιε’
1100 1583 1292 1654 μέσης.
1328 1585 1437 1637 Καὶ
1478 1593 1524 1638 α’
1559 1586 1657 1656 μὲν
1685 1585 1856 1657 ἀστὴρ
1881 1585 1964 1638 δύ-

403 1687 515 1724 νειν
547 1671 772 1742 ἄρχεται
805 1673 832 1724 ό
871 1672 1186 1745 νοτιώτερος
1213 1675 1320 1730 τῶν
1362 1679 1420 1730 ὲν
1453 1680 1518 1748 τῇ
1551 1678 1707 1748 οὐρᾷ,
1746 1678 1970 1748 ἔσχατος

401 1760 460 1814 δὲ
483 1761 510 1812 6
547 1761 809 1833 ἑπόμενος
829 1762 938 1817 τῶν
963 1757 1020 1817 ἐν
1057 1764 1136 1836 τῷ
1171 1763 1364 1838 βορείῳ
1401 1767 1628 1838 χελυνίῳ
1657 1768 1720 1820 θι.
1753 1769 1969 1821 Μεσου-

2069 673 2237 728 stellis
2263 671 2585 736 culminant,
2621 670 2794 736 initio,
2829 685 2949 740 quae
2983 677 3068 726 est
3097 670 3152 724 in
3188 680 3428 726 extrema
3455 673 3630 727 cauda

2071 764 2420 820 australioris
2457 762 2740 829 Piscium;
2789 769 3086 832 postremo,
3127 761 3489 818 Andromedae
3533 778 3632 834 pes

2067 856 2289 912 sinister
2321 873 2338 924 ;
2377 863 2432 911 et
2463 854 2639 909 media
2665 869 2875 918 earum,
2909 869 3030 924 qua:
3059 855 3115 908 in
3145 855 3319 923 capite
3352 863 3480 911 sunt
3519 855 3631 910 An-

2066 947 2360 1012 dromedae,
2396 953 2450 1002 et
2477 945 2745 1010 laterculi,
2783 944 2930 1015 quod
2968 953 3052 1001 est
3082 946 3138 999 in
3159 945 3312 1012 Ceto,
3336 949 3630 1004 succeden-

2067 1039 2201 1094 tium
2229 1037 2541 1094 australior.
2570 1035 2782 1093 Occidit
2809 1036 2984 1093 Piscis
3008 1037 3142 1092 hora
3166 1038 3217 1104 1,
3238 1039 3322 1094 48³
3372 1031 3374 1033 ί

2134 1319 2427 1382 Occidente
2473 1316 2640 1390 Cetd,’
2666 1319 2899 1381 cum‘eo
2941 1316 3224 1381 descendit
3260 1326 3517 1383 zodiacus
3561 1328 3630 1383 ab

2065 1417 2290 1487 Aquarii
2329 1424 2481 1486 parte
2510 1415 2580 1470 28
2614 1415 2790 1470 media
2830 1416 2897 1471 ad
2927 1415 3127 1473 Arietis
3161 1417 3260 1482 i4;
3307 1419 3570 1472 culminat
3599 1434 3631 1472 a

2069 1509 2233 1564 Tauri
2271 1509 2342 1562 22
2375 1506 2443 1562 ad
2483 1508 2678 1562 Cancri
2719 1508 2785 1562 15
2843 1509 3095 1563 mediam.
3137 1509 3399 1567 Occidere
3444 1511 3634 1581 incipit

2069 1599 2364 1653 australior
2389 1615 2575 1655 earum
2621 1615 2742 1671 quae
2770 1607 2900 1654 sunt
2931 1600 2986 1654 in
3019 1599 3233 1667 cauda;
3274 1602 3462 1655 ultima
3507 1617 3632 1657 suc-

2068 1689 2265 1745 cedens
2292 1691 2346 1744 in
2371 1691 2576 1747 boreali
2609 1707 2852 1748 convexo
2873 1693 3030 1765 136
3047 1694 3201 1764 tergi.
3220 1692 3540 1749 Culminant
3562 1709 3630 1749 ex

2070 1782 2191 1837 aliis
2232 1784 2426 1851 stellis,
2460 1785 2618 1839 initio
2659 1785 2899 1855 quidem,
2945 1786 3237 1841 australior
3282 1800 3469 1840 earum
3510 1801 3632 1856 qua:

405 1852 623 1924 ρανοῦσι
648 1854 705 1907 δὲ
741 1855 854 1907 τῶν
892 1855 1066 1910 ἄλλων
1099 1857 1342 1928 ἀστέρων
1381 1860 1439 1911 ἔν
1480 1859 1577 1930 μὲν
1608 1862 1672 1930 τῇ
1702 1860 1841 1930 ἀρχῇ
1875 1858 1968 1912 τοῦ

2078 1885 2197 1930 sunt
2230 1876 2286 1930 in
2318 1876 2534 1949 Aurigae
2558 1852 2736 1948 capite
2764 1885 2818 1933 et
2846 1876 3039 1934 dextro
3076 1878 3232 1948 pede,
3253 1878 3450 1931 ‘ultima
3483 1852 3631 1944 vero,

400 1963 461 1999 τε
501 1947 741 2017 Ἦνιόχου
772 1949 800 2000 6
824 1947 1138 2020 νοτιώτερος
1176 1949 1284 2004 τῶν
1316 1951 1373 2002 ἔν
1395 1953 1458 2021 τῇ
1495 1951 1702 2022 κεφαλῇ
1736 1951 1828 2005 καὶ
1858 1952 1887 2004 6
1912 1953 1968 2005 ἐν

2078 1967 2250 2022 lucida
2289 1983 2410 2039 qua:
2439 1976 2524 2025 est
2574 1969 2631 2023 in
2658 1969 3034 2027 anterioribus
3073 1971 3328 2025 cruribus
3368 1969 3540 2035 Ursae,
3579 1980 3635 2027 et

400 2035 479 2104 τῷ
507 2033 665 2106 δεξιῷ
692 2035 831 2100 ποδὶ,
868 2035 1095 2106 ἔσχατος
1127 2036 1183 2090 δὲ
1227 2038 1324 2109 τῆς
1354 2056 1414 2091 τε
1447 2040 1678 2111 Ἀρκτου
1704 2041 1732 2092 6
1765 2041 1822 2092 ὲν
1859 2043 1969 2105 τοῖς

403 2127 754 2198 ἐμπροσθίοις
777 2126 990 2180 σκέλεσι
1021 2127 1291 2200 λαμπρὸς,
1337 2130 1430 2182 καὶ
1469 2131 1568 2202 τῆς
1607 2130 1832 2202 Ἀργοῦς
1857 2133 1885 2184 6
1912 2134 1970 2185 ἐν

405 2219 554 2288 μέσῳ
605 2217 712 2271 τῶν
760 2217 952 2289 τοίχων
1002 2218 1271 2291 λαμπρὸς,
1302 2221 1704 2292 προηγούμενος
1742 2222 1835 2276 τοῦ
1876 2240 1972 2293 με-

403 2310 702 2382 σημϐρινοῦ
724 2311 798 2374 ὡς
839 2311 1156 2382 ήμιπήχιον.
1194 2311 1348 2366 Δύνει
1368 2313 1424 2366 δὲ
1444 2313 1504 2367 τὸ
1523 2314 1703 2386 Κῆτος
1722 2317 1779 2369 ἐν
1802 2314 1972 2386 ὥραις

399 2401 440 2456 δ’
473 2402 782 2467 λειπούσαις
815 2402 864 2473 η’
896 2403 1070 2474 μέρει.

471 2492 577 2546 Τοῦ
606 2493 663 2546 66
694 2492 944 2565 Ὠρίωνος
970 2492 1235 2559 δύνοντος,
1276 2495 1662 2565 συγκαταδύνει
1696 2498 1794 2568 μὲν
1825 2497 1972 2570 αὐτῷ

401 2587 431 2639 6
462 2583 720 2649 ζωδιακὸς
753 2584 860 2638 ἀπὸ
884 2584 1096 2656 Ταύρου
1127 2587 1236 2656 μοί.
1273 2586 1317 2650 ζ’
1350 2587 1455 2651 ἔως
1502 2589 1714 2661 Ταύρου
1759 2589 1868 2660 μοί.
1904 2589 1967 2642 λ¹ο

406 2679 724 2747 μεσουρανεί
746 2675 802 2729 δὲ
836 2677 942 2731 ἀπὸ
990 2679 1219 2742 Λέοντος
1272 2679 1383 2750 μοί.
1431 2679 1496 2749 ιβ’
1541 2679 1645 2743 ἔως
1696 2681 1971 2753 Παρθένου

404 2767 514 2837 μοί.
555 2773 639 2834 ιγ’.
672 2768 780 2821 Καὶ
822 2775 871 2821 α’
907 2768 1007 2839 μὲν
1037 2769 1210 2840 ἀστὴρ
1237 2769 1380 2824 δύνει
1418 2773 1447 2824 6
1484 2773 1540 2828 ὲν
1579 2771 1656 2842 τῷ
1701 2773 1973 2846 ἀριστερῷ

401 2855 542 2920 ποδὶ,
572 2855 787 2927 ἔσχατοι
811 2856 868 2910 δὲ
889 2860 936 2911 οἱ
962 2857 1289 2930 βορειότατοι
1311 2859 1420 2914 τῶν
1446 2861 1503 2913 ἔν
1530 2860 1608 2931 τῷ
1643 2862 1970 2934 κολλορόϐῳ.

401 2946 810 3019 Μεσουρανοῦσι
830 2949 886 3012 δὲ
910 2949 1018 3004 τῶν
1045 2951 1218 3006 ἄλλων
1244 2952 1490 3022 ἀστέρων
1520 2954 1578 3006 ὲν
1607 2955 1704 3024 μὲν
1730 2957 1795 3026 τῇ
1832 2957 1972 3028 ἀρχῇ

400 3038 502 3108 τῆς
529 3039 768 3110 μεγάλης
797 3041 1032 3112 Ἄρκτου
1062 3043 1090 3095 6
1118 3043 1176 3096 ὲν
1215 3047 1326 3108 τοῖς
1345 3043 1610 3109 ὀπισθίοις
1639 3047 1846 3114 γόνασι,
1880 3050 1974 3102 καὶ

401 3129 496 3182 τοῦ
522 3131 747 3196 Λέοντος
769 3132 798 3184 6
825 3133 933 3186 61:6
963 3134 1114 3188 νότου
1144 3135 1223 3206 τῷ
1251 3136 1348 3211 ἐπὶν
1379 3137 1476 3207 τῆς
1517 3138 1714 3207 ὀσφύος
1739 3138 1976 3211 λαμπρῷ

403 3221 840 3293 παρακείμενος,
873 3223 1099 3294 ἔσχατος
1143 3226 1200 3279 δὲ
1240 3210 1348 3299 τῆς
1370 3228 1646 3300 Παρθένου
1691 3231 1720 3283 6
1768 3210 1976 3302 3096:6-

401 3330 559 3384 τερος
585 3308 753 3385 ὦμος.
791 3315 946 3370 Δύνει
993 3317 1049 3370 66
1088 3320 1117 3371 6
1161 3318 1352 3390 Ὠρίων
1399 3321 1458 3375 ἐν
1501 3319 1676 3393 ὥραις
1714 3322 1867 3378 δυσὶν
1903 3323 1979 3389 ὡς

404 3403 648 3474 ἔγγιστα.

476 3501 640 3555 Ὅταν
661 3499 718 3554 66
747 3501 775 3554 6
806 3500 915 3556 ἀπὸ
944 3499 1035 3556 τοῦ
1080 3501 1330 3574 Ὠρίωνος
1359 3503 1610 3575 Ποταμὸς
1656 3505 1808 3580 δύνῃ,
1849 3523 1981 3576 συγ-

403 3591 687 3656 καταδύνει
715 3593 813 3664 μὲν
841 3593 988 3664 αὐτῷ
1027 3597 1056 3648 6
1090 3594 1350 3660 ζωδιακὸς
1383 3595 1491 3650 ἀπὸ
1522 3596 1741 3667 Ἰχθύων
1780 3599 1889 3669 μοί.
1934 3598 1979 3664 ζ’

404 3683 509 3748 ἔως
547 3682 760 3755 Ταύρου
812 3684 924 3756 μοί.
969 3691 1011 3737 ε’
1051 3685 1252 3758 μέσης·
1291 3691 1615 3758 μεσουρανεί
1653 3688 1710 3742 δὲ
1751 3689 1860 3743 ἀπὸ
1892 3691 1981 3743 Δι-

404 3775 588 3848 δύμων
634 3777 674 3829 6'
701 3776 806 3841 ἔως
856 3777 1082 3842 Λέοντος
1119 3784 1151 3830 ι’
1201 3780 1389 3848 μέσης.
1434 3780 1544 3833 Καὶ
1595 3787 1645 3832 α’
1675 3781 1773 3852 μὲν
1808 3781 1982 3854 ἀστὴρ

404 3867 549 3921 δύνει
572 3869 600 3921 ὀ
631 3868 929 3940 ἡγούμενος
955 3871 1050 3923 καὶ
1079 3868 1460 3941 λαμπρότατος
1493 3871 1731 3935 πάντων,
1757 3871 1983 3943 ἔσχατος

405 3959 464 4016 δὲ
497 3961 524 4013 6
557 3967 626 4026 α’,
659 3960 752 4014 καὶ
783 3959 892 4014 ἀπὸ
937 3961 1282 4032 μεσημϐρίας
1314 3961 1715 4032 παρακείμενος
1743 3963 1822 4034 τῷ
1863 3961 1984 4014 ποδὶ

405 4051 500 4106 τοῦ
542 4051 811 4124 Ὠρίωνος.
845 4050 1254 4124 Μεσουρανοῦσι
1304 4051 1362 4105 66
1392 4051 1500 4105 τῶν
1531 4053 1703 4108 ἄλλων
1737 4053 1983 4125 ἀστέρων

408 4143 468 4196 ὲν
500 4143 596 4214 μὲν
624 4145 690 4215 τῇ
717 4144 856 4214 ἀρχῇ
900 4143 998 4213 τῆς
1027 4143 1230 4208 δύσεως
1265 4143 1372 4197 τῶν
1409 4162 1468 4197 τε
1499 4145 1744 4216 Διδύμων
1781 4147 1810 4199 6
1839 4145 1978 4217 Πρό-

409 4252 565 4300 πους,
614 4236 805 4307 μικρὸν
839 4235 1262 4306 ὑπολειπόμενος
1300 4235 1394 4288 τοῦ
1445 4235 1838 4308 μεσημϐρινοῦ,
1881 4237 1978 4291 καὶ

408 4323 503 4379 τοῦ
531 4324 754 4394 Λαγωοῦ
776 4326 826 4378 οἱ
855 4328 913 4378 ἐν
942 4325 1089 4396 μέσῳ
1108 4324 1185 4396 τῷ
1209 4323 1420 4396 σώματι
1442 4325 1510 4395 βυ
1541 4325 1766 4397 ἔσχατον
1791 4326 1850 4380 66
1883 4343 1978 4398 με·

413 4412 733 4485 σουρανοῦσι
779 4413 874 4466 τοῦ
911 4430 975 4466 τε
1016 4413 1241 4477 Λέοντος
1282 4415 1312 4468 6
1355 4415 1619 4486 ἑπόμενος
1655 4415 1762 4469 τῶν
1813 4417 1872 4470 ὲν
1899 4416 1977 4488 τῷ

2003 3273 2050 3336 C

2068 2059 2250 2114 lucida
2296 2060 2458 2116 medii
2508 2061 2698 2118 lateris
2751 2061 2952 2132 Argus,
2993 2077 3114 2132 quae
3154 2063 3478 2118 semicubito
3523 2063 3634 2116 cir-

2070 2151 2206 2205 citer
2235 2150 2507 2206 antecedit
2543 2151 2930 2207 meridianum.
2969 2150 3182 2209 Occidit
3214 2152 3378 2209 Cctus
3402 2153 3550 2209 horis
3574 2153 3630 2219 4,

2069 2243 2253 2300 minus
2282 2251 2473 2298 octava
2493 2249 2667 2313 parte.

2143 2498 2344 2554 Orione
2389 2499 2638 2562 cadente,
2693 2513 2818 2553 cum
2862 2513 2929 2554 eo
2976 2499 3257 2556 descendit
3309 2500 3564 2556 zodiacus
3605 2515 3636 2554 a

2073 2589 2238 2644 Tauri
2288 2597 2442 2659 parte
2493 2589 2524 2642 7
2558 2589 2627 2642 ad
2677 2589 2785 2657 50;
2843 2590 3109 2645 culminat
3150 2605 3182 2644 a
3227 2590 3424 2646 Leonis
3463 2591 3530 2644 12
3569 2591 3637 2646 ad

2073 2684 2313 2755 Virginis
2340 2684 2428 2737 ιδ.
2462 2683 2620 2737 Prior
2647 2666 2850 2738 occidit
2887 2697 2949 2739 ea
2985 2700 3105 2754 quae
3139 2686 3297 2740 estin
3333 2686 3466 2756 pede
3506 2685 3640 2741 sini-

2075 2781 2209 2837 stro,
2263 2773 2465 2827 ultimae
2508 2786 2661 2840 vero,
2701 2787 2909 2838 earum,
2936 2788 3055 2842 quae
3084 2781 3211 2828 sunt
3251 2774 3305 2827 in
3355 2775 3636 2829 collorobo

2073 2861 2310 2915 maxime
2338 2861 2632 2915 australes.
2661 2859 2741 2913 Ex
2771 2859 2894 2913 aliis
2924 2861 3096 2915 stellis
3129 2861 3434 2915 culminant
3458 2861 3634 2926 initio,

2073 2966 2136 3006 ea
2157 2966 2276 3022 qua:
2304 2957 2388 3006 est
2417 2951 2472 3004 in
2499 2948 2895 3021 posterioribus
2931 2951 3159 3020 genibus
3203 2951 3355 3007 Ursae
3391 2953 3636 3021 majoris,

2074 3053 2129 3101 et
2156 3060 2274 3116 qua:
2297 3045 2364 3097 ab
2393 3049 2581 3098 austro
2603 3041 2798 3096 lucida:
2819 3041 3052 3110 adjacet,
3082 3059 3203 3113 quae
3223 3055 3306 3100 est
3330 3045 3384 3099 in
3415 3045 3638 3108 lumbis,

2075 3145 2370 3208 postremo,
2388 3133 2662 3190 borealior
2677 3131 2916 3203 Virginis
2939 3133 3219 3191 humerus.
3239 3135 3450 3192 Occidit
3469 3135 3640 3192 Orion

2080 3229 2231 3284 horis
2262 3230 2481 3285 circiter
2509 3228 2565 3282 2.

2145 3495 2280 3552 Cum
2313 3495 2533 3554 Orionis
2564 3496 2758 3553 Fluvio
2780 3495 3040 3553 zodiacus
3077 3494 3279 3551 occidit
3310 3508 3340 3548 a
3400 3491 3641 3547 Piscium

2074 3597 2229 3661 parte
2253 3589 2284 3641 7
2306 3588 2374 3644 ad
2401 3587 2566 3643 Tauri
2599 3588 2632 3644 5
2655 3589 2923 3655 mediam;
2957 3586 3219 3642 culminat
3238 3601 3267 3640 a
3291 3584 3643 3641 Geminorum

2080 3682 2115 3737 4
2143 3682 2210 3736 ad
2240 3681 2439 3738 Leonis
2469 3682 2705 3737 mediam
2743 3682 2830 3737 10.
2860 3679 3019 3736 Prior
3058 3680 3262 3735 occidit
3289 3677 3640 3741 antecedens,

2085 3782 2138 3830 et
2192 3773 2529 3830 lucidissima
2579 3774 2845 3841 omnium,
2895 3772 3086 3826 ultima
3117 3786 3266 3832 vero,
3308 3785 3428 3842 qua:
3471 3769 3646 3840 prima

2083 3874 2187 3934 est,
2228 3874 2283 3922 et
2314 3881 2345 3920 a
2380 3865 2610 3922 meridie
2657 3866 2871 3936 adjacet
2911 3864 3130 3921 Orionis
3163 3862 3308 3932 pedi.
3345 3861 3388 3914 E
3421 3861 3648 3929 reliquis

2085 3955 2278 4021 stellis,
2326 3970 2559 4011 occasus
2605 3955 2762 4010 initio
2807 3954 3111 4010 culminant
3143 3951 3356 4022 Pr0pus
3393 3949 3648 4006 Gemino-

2081 4064 2226 4115 rum,
2268 4048 2546 4118 paululum
2587 4048 2725 4102 citra
2769 4047 3130 4102 meridianum
3184 4043 3416 4115 positus,
3447 4051 3500 4098 et
3545 4041 3649 4097 Le-

2082 4144 2234 4215 poris
2262 4144 2316 4198 in
2337 4143 2514 4199 medio
2539 4142 2689 4208 dum;
2712 4149 2987 4213 postremo
3011 4139 3327 4204 culminant,
3351 4135 3650 4192 succedens

2083 4235 2141 4289 in
2166 4242 2316 4306 tergo
2349 4234 2575 4300 Leonis,
2629 4241 2684 4290 et
2709 4249 2832 4304 quae
2873 4232 2931 4286 in
2961 4229 3356 4302 posterioribus
3379 4227 3533 4283 Ursa:
3558 4241 3651 4296 ge-

2083 4326 2268 4392 nibus,
2300 4341 2488 4397 parum
2513 4326 2652 4382 citra
2674 4323 3034 4382 meridianum
3059 4321 3184 4378 sita.
3203 4318 3414 4376 Occidit
3428 4317 3653 4373 Fluvius

2083 4416 2236 4474 horis
2265 4419 2321 4485 ὀ,
2353 4418 2459 4473 49/.

411 4507 585 4577 νώτῳ,
619 4506 837 4577 καὶτῆς
868 4506 1102 4578 Ἀρκτου
1139 4509 1168 4560 6
1200 4509 1258 4560 ὲν
1295 4510 1408 4571 τοῖς
1451 4508 1715 4572 ὀπισθίοις
1738 4511 1982 4578 γόνασιν,
2037 4510 2113 4574 ὡς
2159 4512 2461 4583 ἡμιπήχιον
2522 4511 2945 4582 ὑπολειπόμενος
3001 4508 3095 4564 τοῦ
3129 4501 3522 4580 μεσημϐρινοῦ.
3552 4499 3653 4553 Δύ-

411 4616 492 4654 νει
516 4597 572 4650 66
603 4599 631 4650 6
659 4595 904 4666 Ποταμὸς
927 4598 984 4649 ὲν
1011 4596 1182 4666 ὥραις
1209 4595 1250 4648 6'
1277 4597 1372 4650 καὶ
1398 4596 1604 4666 ἡμίσει,
1635 4598 1730 4650 καὶ
1756 4604 1796 4650 ε’
1821 4599 1978 4671 μέρει
2015 4599 2182 4671 ὧρας.

482 4691 555 4743 Z'.
588 4686 694 4742 Τοῦ
722 4687 780 4741 δὲ
825 4686 1053 4756 Λαγωοῦ
1097 4687 1364 4752 δύνοντος,
1400 4687 1790 4756 συγκαταδύνει
1831 4689 1930 4760 μὲν
1961 4691 1976 4743 ἑ

2165 4691 2275 4746 VII.
2315 4683 2610 4748 Occidente
2646 4689 2873 4761 Lepore,
2898 4689 3180 4746 descendit
3207 4703 3332 4744 cum
3371 4702 3438 4744 eo
3469 4683 3652 4740 zodia-

414 4780 675 4846 ζωδιακὸς
710 4779 818 4833 ἀπὸ
847 4779 1018 4851 Κριοῦ
1056 4779 1168 4850 μοι.
1211 4779 1255 4844 ζ’
1284 4779 1378 4833 καὶ
1411 4786 1457 4834 κ’
1495 4780 1667 4852 μέσης
1707 4781 1812 4845 ἔως
1849 4782 1992 4835 Ταύ-

416 4891 513 4946 ρου
547 4873 625 4926 ιδ’·
665 4873 986 4944 μεσουρανεῖ
1033 4870 1089 4924 66
1160 4870 1268 4924 61:6
1319 4871 1594 4941 Καρκίνου
1643 4872 1755 4943 μοί.
1802 4871 1847 4924 λ’
1887 4872 1992 4936 ἔως

413 4964 642 5027 Λέοντος
677 4963 786 5034 μοί.
818 4969 866 5017 α’
897 4963 990 5016 καὶ
1022 4967 1088 5016 κ’.
1128 4961 1241 5016 Καὶ
1275 4967 1323 5015 α’
1367 4963 1464 5033 μὲν
1496 4962 1671 5034 ἀστὴρ
1704 4961 1848 5018 δύνει
1878 4965 1908 5016 6
1932 4965 1990 5017 ἰν

414 5058 528 5118 τοῖς
575 5052 930 5125 ἐμπροσθίοις
971 5053 1149 5116 ποσὶν,
1196 5052 1424 5123 ἔσχατος
1453 5053 1510 5106 66
1559 5054 1587 5105 6
1628 5056 1686 5105 ὲν
1737 5054 1883 5127 ἄκρᾳ
1922 5057 1987 5126 τῇ

415 5149 571 5219 οὐρᾷ.
605 5145 1015 5216 Μεσουρανοῦσι
1051 5145 1110 5198 δὲ
1141 5145 1248 5199 τῶν
1280 5145 1452 5201 ἄλλων
1489 5146 1734 5218 ἀστέρων
1779 5150 1836 5201 ὲν
1884 5148 1984 5218 μὲν

414 5243 483 5311 τῇ
517 5241 656 5309 ἀρχῇ
707 5238 807 5308 τῆς
852 5254 912 5290 τε
936 5238 1171 5308 ’Ἄρκτου
1226 5235 1320 5290 τοῦ
1383 5236 1628 5293 πλινθίου
1668 5239 1696 5290 6
1737 5238 1828 5290 ἐπὶ
1877 5238 1985 5293 τῶν

416 5330 581 5401 ὤμων
610 5328 800 5399 αὐτῆς,
837 5329 929 5381 καὶ
970 5326 1063 5380 τοῦ
1093 5325 1392 5398 Δράκοντος
1419 5329 1447 5380 6
1473 5328 1532 5379 ὲν
1563 5328 1709 5399 ἄκρᾳ
1732 5330 1796 5397 τῇ
1826 5328 1983 5399 οὐρᾷ,

417 5420 512 5474 καὶ
545 5419 635 5473 τοῦ
664 5419 891 5482 Λέοντος
924 5420 952 5470 6
983 5420 1041 5472 6v
1081 5420 1148 5489 τῇ
1189 5418 1405 5490 καρδία,
1439 5418 1532 5472 καὶ
1562 5419 1663 5489 τῆς
1708 5419 1932 5490 Ἀργοῦς
1957 5421 1986 5472 6

420 5510 754 5582 βορειότερος
777 5509 884 5563 τῶν
913 5511 970 5563 ὲν
998 5511 1063 5580 τῇ
1106 5509 1376 5580 ἀποτομῇ,
1415 5508 1608 5580 μικρὸν
1641 5509 1988 5580 προηγούμε-

417 5619 508 5665 νος
542 5601 635 5654 τοῦ
671 5599 1074 5672 μεσημϐρινοῦ·
1109 5598 1335 5670 ἔσχατον
1362 5600 1418 5654 66
1455 5599 1848 5672 μεσουρανοῦσι
1889 5598 1984 5654 τοῦ

417 5709 477 5744 τε
506 5691 733 5755 Λέοντος
773 5692 802 5744 6
831 5690 1075 5755 ὀπίσθιος
1121 5691 1256 5756 ποῦς
1295 5692 1390 5745 καὶ
1430 5695 1458 5745 6
1498 5693 1554 5745 ὲν
1580 5694 1691 5755 τοῖς
1723 5691 1989 5756 ὀπισθίοις

2089 4797 2187 4838 cus
2229 4783 2298 4836 ab
2333 4781 2534 4838 Arietis
2563 4780 2635 4834 27
2659 4781 2834 4836 media
2865 4780 2934 4835 ad
2965 4778 3132 4834 Tauri
3172 4779 3280 4844 M;
3325 4777 3588 4832 culminat
3620 4789 3652 4828 a

2087 4881 2242 4946 parte
2266 4874 2462 4928 Cancri
2483 4873 2553 4928 '50
2582 4873 2650 4927 ad
2689 4871 2888 4927 Leonis
2924 4871 3014 4925 21.
3041 4869 3224 4924 Prima
3246 4869 3445 4924 occidit
3473 4866 3650 4931 stella,

2087 4980 2210 5035 quae
2263 4973 2348 5020 est
2387 4965 2444 5018 in
2493 4963 2860 5019 anterioribus
2910 4960 3178 5032 pedibus;
3225 4960 3414 5014 ultima
3447 4973 3567 5028 quae
3594 4957 3650 5012 in

2087 5057 2428 5112 extremitate
2491 5056 2696 5110 caudae.
2749 5053 2794 5108 E
2842 5053 3015 5109 stellis
3073 5053 3302 5122 reliquis
3351 5051 3654 5106 culminant

2087 5147 2264 5212 initio,
2295 5147 2351 5200 in
2382 5144 2535 5202 Ursae
2559 5145 2844 5210 laterculo,
2866 5159 2987 5214 qua:
3013 5143 3068 5197 in
3095 5142 3340 5197 humeris
3369 5141 3513 5195 illius
3543 5146 3649 5200 est,

2090 5245 2145 5292 et
2183 5253 2304 5308 quae
2346 5238 2403 5292 in
2444 5245 2692 5292 extrema
2723 5237 2898 5292 cauda
2922 5234 3204 5297 Draconis,
3235 5234 3364 5288 item
3395 5245 3490 5287 cor
3518 5228 3653 5284 Leo-

2087 5328 2196 5394 nis,
2227 5335 2280 5382 et
2307 5343 2513 5394 earum,
2541 5343 2661 5398 quae
2688 5327 2743 5380 in
2772 5325 2935 5381 Navis
2962 5325 3325 5385 abscissione,
3358 5320 3649 5382 borealior,

2089 5419 2309 5488 paulum
2349 5418 2678 5473 antecedens
2716 5418 3112 5482 meridianum;
3152 5422 3429 5485 postremo
3457 5409 3652 5464 culmi-

2090 5520 2222 5564 nant
2281 5509 2478 5565 Leonis
2504 5526 2598 5580 pes
2619 5509 2889 5580 posterior
2939 5517 2993 5564 et
3017 5523 3136 5579 quae
3167 5507 3221 5561 in
3257 5503 3652 5577 posterioribus

2092 5601 2344 5655 cruribus
2379 5621 2392 5656 :
2436 5600 2564 5655 item
2611 5599 3004 5655 australissima
3043 5612 3229 5653 earum
3271 5609 3394 5665 qua:
3431 5599 3558 5650 sunt
3596 5591 3654 5644 in

2090 5691 2210 5746 basi
2242 5691 2505 5749 Crateris.
2535 5691 2749 5748 Occidit
2777 5691 2956 5762 Lepus
2984 5691 3120 5746 hora
3150 5689 3206 5756 1,
3242 5688 3349 5742 20’.

421 5780 654 5844 σκέλεσι,
693 5781 788 5834 καὶ
813 5779 908 5833 τοῦ
944 5780 1232 5852 Κρατῆρος
1276 5783 1305 5837 6
1339 5780 1656 5846 νοτιώτατος
1684 5781 1793 5837 τῶν
1829 5783 1888 5836 ὲν
1921 5783 1987 5854 τῇ
2026 5780 2202 5852 βάσει.
2241 5785 2397 5840 Δύνει
2419 5784 2475 5840 δὲ
2507 5786 2535 5839 6
2566 5784 2790 5853 Λαγωὸς
2823 5785 2880 5838 6v
2911 5781 3030 5854 ὥρᾳ
3064 5781 3158 5836 καὶ
3187 5786 3234 5848 γ’
3269 5778 3444 5852 μέρει.

493 5894 536 5927 "
571 5911 660 5966 γρ.
701 5893 960 5967 χελωνίῳ.
