4130 6410
1496 450 1584 507 AD
1622 448 1890 506 EUSEBII
1927 447 2323 506 CIIROMCON
2361 450 2721 508 APPENDIX.

3587 448 3737 513 ’1ιῶ

565 566 862 624 Occidente
902 564 1071 628 Cane,
1124 579 1248 620 cum
1295 579 1361 621 eo
1400 563 1688 621 descendit
1739 562 1998 618 zodiacus
2031 577 2063 615 a

2194 587 2200 599 ι
2237 562 2345 617 Τοῦ
2388 564 2443 618 δὲ
2474 564 2651 628 Κυνὸς
2682 565 2949 629 δύνοντος,
2987 566 3379 633 συγκαταδύνει
3415 567 3513 639 μὲν
3539 570 3685 642 αὐτῷ
3706 573 3738 624 δ

497 670 649 731 parte
691 656 857 713 Tauri
898 658 958 711 11
1000 657 1065 711 ad
1103 656 1216 725 29;
1253 656 1519 711 culminat
1565 671 1597 710 a
1643 653 1846 711 Leonis
1880 654 1947 708 17
1993 654 2062 709 ad

497 746 738 818 Virginis
770 746 855 800 11.
899 744 1059 800 Prior
1108 744 1310 802 occidit
1344 745 1525 800 lucida
1563 745 1759 815 pedum
1793 744 2063 814 posterio-

498 853 619 893 rum
644 854 659 904 ;
688 837 881 893 ultima
912 852 1063 904 vero,
1098 836 1533 908 splendidarum,
1563 855 1687 909 quae
1716 846 1843 896 sunt
1883 838 1939 895 in
1970 853 2062 894 ca-

496 930 627 1001 pite,
651 929 1046 986 australissima
1067 946 1083 997 ;
1108 930 1390 986 stellarum
1412 938 1733 989 caeterarum
1757 930 2063 986 culminant

496 1021 674 1087 initio,
708 1020 1034 1093 antecedens
1049 1036 1401 1093 earum,qua3,
1412 1022 1468 1077 in
1492 1022 1888 1093 posterioribus
1910 1020 2064 1081 Ursa

496 1111 764 1182 pedibus,
813 1120 869 1169 et
913 1127 1035 1183 quae
1083 1112 1137 1167 in
1182 1114 1382 1169 lumbis
1422 1113 1620 1169 Leonis
1664 1133 1677 1169 :
1713 1114 1920 1169 ultimae
1954 1114 2066 1169 cul-

495 1203 724 1271 minant,
760 1219 825 1259 ea
871 1219 993 1275 quae
1041 1205 1098 1260 in
1148 1205 1380 1276 pedibus
1421 1204 1627 1272 Corvi,
1666 1213 1720 1263 et
1767 1206 2064 1262 australior

494 1293 757 1351 humerus
785 1293 1027 1368 Virginis
1047 1337 1065 1365 ,
1095 1298 1234 1352 citra
1278 1296 1642 1365 meridianum
1676 1298 1818 1354 situs
1847 1298 2062 1355 duabus

494 1382 608 1442 fere
629 1387 802 1443 cubiti
833 1389 1101 1459 partibus.
1131 1388 1344 1446 Occidit
1365 1387 1530 1448 Canis
1552 1388 1896 1464 sesquihora.

561 1641 700 1698 Cum
737 1641 1018 1717 Procyone
1044 1647 1323 1704 descendit
1353 1649 1611 1707 zodiacus
1645 1666 1674 1706 a
1706 1650 2061 1710 Geminorum

494 1741 650 1803 parte
698 1735 766 1791 15
788 1737 857 1793 ad
903 1737 1005 1805 ‘18;
1046 1741 1310 1797 culminat
1358 1743 1429 1800 ab
1476 1745 1633 1802 initio
1677 1744 1854 1803 Libra:
1891 1748 1961 1802 ad
2003 1748 2060 1805 4.

2163 654 2423 719 ζωδιακὸς
2457 655 2566 710 ἀπὸ
2609 655 2824 726 Ταύρου
2856 656 2964 727 μοί.
3015 664 3083 710 ια’
3124 656 3243 726 ita);
3273 657 3486 730 Ταύρου
3533 661 3643 731 μοί.
3690 662 3734 715 θ’

2161 746 2257 799 καὶ
2279 752 2326 799 κ’
2353 762 2365 776 ·
2401 748 2725 819 μεσουρανεῖ
2745 746 2804 799 δὲ
2827 747 2936 801 ἀπὸ
2961 747 3189 812 Δέοντος
3218 748 3328 819 μοί.
3359 749 3424 814 ιζ’
3457 749 3561 815 ἕως
3588 752 3734 825 Παρ-

2163 835 2319 890 θένου
2357 845 2443 892 ια’.
2475 839 2585 893 Καὶ
2614 846 2661 893 α’
2693 840 2791 909 μὲν
2822 839 2997 910 ἀστὴρ
3025 838 3168 894 δύνει
3191 840 3221 892 6
3249 840 3305 894 ἐν
3334 844 3447 904 τοῖς
3471 843 3735 908 ὀπισθίοις

2163 926 2291 980 ποσὶ
2331 926 2603 997 λαμπρὸς,
2654 927 2880 998 ἔσχατος
2910 928 2967 981 δὲ
2993 929 3023 981 6
3054 927 3374 992 νοτιὼτατος
3422 930 3528 984 τῶν
3564 933 3622 985 ἐν
3666 937 3733 1004 τῇ

2163 1015 2372 1087 κεφαλῇ
2401 1005 2669 1086 ὲκᾷανῶν.
2705 1016 3115 1089 Μεσουρανοῦσι
3144 1019 3202 1072 δὲ
3231 1018 3342 1073 τῶν
3375 1019 3549 1075 ἄλλων
3575 1023 3735 1076 ἀστέ-

2167 1124 2273 1180 ρων
2293 1110 2351 1161 ὲν
2379 1108 2479 1180 μὲν
2509 1111 2574 1180 τῇ
2602 1108 2742 1182 ἀρχῇ
2770 1110 2869 1181 τῆς
2892 1127 2956 1169 τε
2985 1111 3223 1181 ’Δρκτου
3242 1112 3272 1164 6
3301 1110 3601 1183 ἡγούμενος
3625 1113 3736 1167 τῶν

2162 1201 2222 1254 ὲν
2254 1202 2367 1265 τοῖς
2398 1200 2664 1265 ὀπισθίοις
2714 1202 2859 1267 ποσὶ,
2893 1202 2988 1255 καὶ
3014 1201 3127 1256 ,τοῦ
3179 1202 3409 1268 Λέοντος
3439 1206 3469 1259 6
3500 1206 3591 1259 ἐπὶ
3634 1208 3737 1278 τῆς

2162 1290 2386 1361 ὀσφύος·
2414 1290 2631 1362 ἔσχατοι
2676 1291 2734 1346 δὲ
2774 1293 3166 1365 μεσουρανοῦσι
3210 1294 3306 1350 τοῦ
3338 1313 3401 1351 τε
3431 1298 3672 1369 Κόρακος
3702 1308 3733 1360 ὁ

2162 1384 2220 1436 ἑν
2247 1386 2362 1447 τοῖς
2389 1389 2538 1449 ποσὶ,
2581 1385 2678 1440 καὶ
2711 1386 2810 1457 τῆς
2859 1386 3139 1457 Παρθένου
3173 1388 3203 1441 6
3226 1386 3544 1459 νοτιώτερος
3566 1371 3736 1462 ὧμῦέι

2164 1473 2585 1545 ὑπολειπόμενος
2616 1475 2711 1530 τοῦ
2751 1477 3125 1550 μεσημϐρινοῦ
3156 1478 3232 1543 ὠς
3262 1479 3307 1550 β’
3331 1478 3472 1552 μέρη
3497 1479 3733 1551 πήχεως.

2161 1564 2317 1619 Δύνει
2341 1566 2399 1620 δὲ
2426 1567 2455 1620 6
2484 1566 2647 1620 Κύων
2679 1568 2736 1620 ὲν
2763 1574 2811 1634 γ’
2843 1568 3149 1640 ήμιωρίοις.
3494 1618 3495 1621 η

2232 1658 2339 1713 Τοῦ
2362 1659 2418 1712 δὲ
2451 1659 2723 1731 Πρόκυνος
2754 1660 3022 1725 δύνοντος,
3046 1659 3439 1729 συγκαταδύνει
3462 1656 3562 1730 μὲν
3589 1660 3738 1731 αὐτῷ

2161 1747 2190 1800 6
2216 1745 2475 1812 ζωδιακὸς
2507 1750 2616 1802 ἀπὸ
2657 1749 2904 1822 Διδύμων
2939 1748 3047 1820 μοί.
3086 1757 3146 1803 ιε’
3195 1750 3300 1815 ἕως
3332 1750 3579 1821 Διδύμων
3624 1753 3734 1823 μοις

492 1823 651 1881 Prior
677 1827 877 1883 occidit
908 1830 1086 1896 stella,
1125 1832 1476 1901 antecedens,
1518 1844 1572 1891 et
1604 1822 1830 1909 duplex,
1865 1838 2059 1914 ultima

2170 1847 2232 1910 ιη’
2259 1857 2272 1871 ·
2317 1844 2641 1913 μεσουρανεῖ
2678 1842 2738 1896 δὲ
2779 1841 2887 1896 ἀπὸ
2922 1841 3024 1912 τῆς
3052 1839 3228 1914 ἀρχῆς
3262 1842 3377 1896 τῶν
3401 1842 3597 1914 Χηλῶν
3630 1822 3737 1906 ἕως

494 1918 817 1987 succedens,
848 1928 903 1976 et
940 1921 1141 1978 lucida.
1176 1923 1260 1979 Ex
1292 1926 1417 1981 aliis
1459 1928 1632 1985 stellis
1662 1903 1928 1985 culminat
1959 1908 2064 1986 ini-

2170 1903 2359 2005 Κηλιῦν
2391 1903 2501 2005 μοίί
2528 1934 2593 1989 δ’.
2632 1934 2744 1989 Καὶ
2773 1940 2823 1988 α’
2855 1934 2956 2005 μὲν
3184 1903 3343 1988 ’δύνει
3370 1938 3399 1989 6
3439 1903 3738 2006 ἡγούμενος

493 2010 593 2077 tio,
623 2025 811 2067 earum
840 2029 961 2085 quae
989 2025 1119 2072 sunt
1148 2017 1203 2072 in
1236 2008 1440 2075 dextro.
1461 2010 1645 2077 Boota?
1672 2022 1829 2093 pede,
1862 2022 2062 2089 media,

496 2102 657 2171 paulo
693 2103 831 2159 citra
874 2106 1237 2162 meridianum
1280 2112 1385 2165 sita
1418 2130 1432 2166 :
1463 2121 1517 2167 et
1547 2114 1821 2170 borealior
1850 2129 2061 2180 earum,

493 2206 616 2264 qua:
656 2202 785 2251 sunt
831 2195 887 2251 in
924 2197 1107 2268 capite
1150 2192 1431 2268 Centauri,
1482 2204 1808 2261 semicubito
1845 2206 2066 2262 circiter

496 2286 829 2343 antecedens
859 2289 1255 2360 meridianum;
1281 2286 1578 2350 novissime
1600 2296 1926 2365 culminant,
1945 2314 2066 2369 qua:

494 2374 551 2430 in
583 2383 829 2433 extrema
863 2388 948 2435 est
980 2377 1134 2436 Ursae
1158 2381 1353 2447 cauda,
1394 2386 1675 2455 paululum
1719 2389 1856 2443 citra
1908 2389 2066 2444 meri-

493 2466 718 2547 dianum
767 2472 946 2541 posita
973 2480 1076 2540 ,et
1118 2474 1391 2537 borealior
1418 2492 1628 2545 earnm,
1672 2496 1796 2550 quae
1838 2490 1966 2537 sunt
2008 2483 2064 2537 in

494 2561 721 2620 sinistro
754 2564 891 2634 pede
919 2565 1104 2622 Bootae
1153 2585 1168 2623 :
1208 2567 1336 2625 item
1362 2584 1485 2640 qua:
1514 2571 1569 2625 in
1609 2581 1852 2628 extrema
1896 2573 2063 2644 Hydri

493 2652 689 2720 cauda,
736 2654 998 2712 Centauri
1041 2674 1260 2731 quoque
1303 2660 1495 2721 dexter
1526 2662 1806 2727 humerus.
1847 2665 2065 2722 Occidit

492 2741 742 2817 Procyon
765 2745 900 2803 hora
925 2749 977 2812 0,
1008 2748 1111 2807 12'.

564 3027 703 3085 Cum
734 3028 880 3101 Argo
904 3029 1271 3090 descendente
1298 3032 1556 3093 zodiacus
1585 3034 1785 3092 occidit
1812 3036 1882 3092 ab
1909 3038 2067 3096 Arie-

494 3120 757 3196 tisparte
790 3123 857 3179 16
895 3126 967 3182 ad
999 3125 1365 3199 Geminorum.
1390 3130 1457 3185 18
1490 3124 1797 3197 ;.culminat
1824 3134 1894 3190 ab
1921 3133 2067 3190 Can-

2166 2025 2260 2080 καὶ
2284 2025 2522 2091 διπλοῦς,
2544 2025 2767 2097 ἔσχατος
2793 2025 2850 2080 δὲ
2867 2027 2896 2080 6
2919 2025 3181 2097 ἑπόμενος
3205 2027 3296 2080 καὶ
3310 2026 3578 2097 λαμπρός.
3596 2028 3741 2080 Μεσ-

2163 2119 2385 2190 ουρανεῖ
2417 2118 2475 2172 δὲ
2512 2118 2619 2173 τῶν
2665 2117 2839 2172 ἄλλων
2876 2118 3121 2191 ἀστέρων
3155 2119 3213 2173 ὲν
3246 2119 3344 2191 μὲν
3374 2121 3440 2189 τῇ
3472 2119 3613 2190 ἀρχῇ
3642 2117 3740 2172 τοῦ

2164 2209 2377 2264 Βοώτου
2407 2211 2436 2263 6
2494 2209 2657 2280 μέσος
2700 2210 2808 2263 τῶν
2853 2210 2910 2263 ἐν
2937 2208 3014 2280 τῷ
3061 2206 3332 2281 ἀριστερῷ
3359 2209 3499 2275 ποδὶ,
3546 2207 3742 2280 μικρὸν

2167 2302 2591 2373 ὑπολειπόμενος
2618 2302 2710 2357 τοῦ
2753 2300 3147 2374 μεσημϐρινοῦ,
3189 2302 3282 2357 καὶ
3308 2300 3402 2355 τοῦ
3429 2301 3740 2372 Κενταύρου

2164 2397 2193 2448 6
2216 2394 2553 2467 βορειότερος
2578 2395 2685 2449 τῶν
2711 2396 2772 2448 ὲν
2811 2398 2876 2466 τῇ
2896 2394 3130 2466 κεφαλῇ,
3153 2395 3230 2459 ὡς
3268 2395 3566 2467 ήμιπήχιον
3615 2400 3743 2466 προ-ι

2165 2485 2464 2558 ηγούμενος
2484 2484 2582 2538 τοῦ
2601 2484 2992 2557 μεσημϐρινοῦκ
3020 2485 3246 2557 ἔσχατον
3268 2484 3325 2538 δὲ
3348 2483 3745 2558 μεσουρανοῦσι

2164 2578 2264 2648 τῆς
2289 2594 2349 2631 τε
2385 2578 2623 2648 Ἀρκτου
2654 2579 2684 2631 ὁ
2722 2578 2780 2631 ὲν
2827 2577 2973 2649 ἄκρᾳ
2998 2579 3065 2649 τῇ
3112 2575 3269 2647 οὐρᾷ,
3321 2566 3745 2648 ὑπολειπόμενος

2168 2668 2364 2740 μικρὸν
2390 2668 2486 2722 τοῦ
2527 2666 2923 2739 μεσημϐρινοῦ,
2951 2666 3046 2721 καὶ
3094 2665 3191 2719 τοῦ
3236 2665 3448 2720 Βοώτου
3477 2667 3507 2720 6
3541 2665 3743 2739 βορειό-

2164 2748 2320 2832 τερος
2340 2758 2447 2813 τῶν
2479 2759 2537 2813 ἐν
2563 2758 2644 2831 τῷ
2669 2758 2941 2831 ἀριστερῷ
2968 2759 3111 2824 ποδὶ,
3150 2757 3360 2814 καὶτοῦ
3391 2758 3597 2831 ’Υδρου
3626 2761 3655 2813 6
3685 2761 3745 2814 ὲν

2164 2850 2313 2923 ἀκρᾳ
2339 2854 2406 2923 τῇ
2440 2851 2598 2922 οὐρᾷ,
2644 2850 2738 2904 καὶ
2778 2849 2873 2904 τοῦ
2926 2850 3243 2922 Κενταύρου
3285 2852 3315 2904 6
3356 2849 3527 2914 δεξιὸς
3572 2842 3739 2920 ὦμος.

2165 2942 2323 2998 Δύνει
2345 2943 2403 2998 δὲ
2433 2943 2462 2996 6
2500 2942 2764 3015 Προκύων
2790 2943 2850 2997 ὲν
2878 2949 2917 2995 ε’
2949 2941 3106 3013 μέρει
3131 2940 3304 3013 ὥρας.

2236 3035 2346 3106 Τῆς
2378 3034 2435 3088 δὲ
2473 3034 2700 3107 Ἀργοῦς
2731 3034 3012 3106 δυνούσης,
3048 3034 3442 3103 συγκαταδύνει
3482 3035 3578 3106 μὲν
3606 3035 3742 3106 αὐτῇ

2166 3125 2196 3178 6
2221 3123 2481 3191 ζωδιακὸς
2507 3125 2616 3179 ἀπὸ
2641 3122 2813 3196 Κριοῦ
2844 3124 2955 3196 μοι.
2991 3132 3063 3189 ις’
3090 3124 3196 3188 ἕως
3235 3125 3481 3195 Διδύμων
3511 3124 3620 3196 μοί.
3651 3131 3744 3195 ιη’·

496 3214 576 3268 cri
629 3214 700 3269 17
738 3216 808 3272 ad
838 3214 1016 3273 Librae.
1054 3219 1106 3275 5.
1150 3217 1329 3274 Prima
1366 3222 1567 3277 occidit
1608 3223 1965 3293 lucidissima,
2013 3234 2067 3283 et

2171 3219 2493 3288 μεσουρανεῖ
2515 3215 2573 3269 δὲ
2598 3216 2704 3271 ἀπὸ
2720 3214 2995 3287 Καρκίνου
3027 3216 3137 3287 μοι.
3181 3216 3245 3281 ιζ’
3268 3216 3375 3281 ἕως
3399 3216 3593 3286 Χηλῶν
3632 3216 3721 3287 μοί
3730 3258 3743 3270 .

498 3306 898 3363 australissima
927 3314 1134 3372 learum
1167 3326 1287 3382 quze
1328 3324 1457 3369 sunt
1496 3313 1552 3368 in
1582 3311 1821 3373 Temone
1852 3336 1865 3371 :
1899 3333 2065 3388 quam

2170 3315 2227 3363 ε’.
2252 3307 2363 3363 Καὶ
2391 3314 2438 3361 α’
2476 3308 2575 3378 μὲν
2604 3307 2779 3378 ἀστὴρ
2807 3307 2953 3368 δύνει
2978 3308 3006 3360 6
3031 3307 3413 3379 λαμπρότατος
3434 3308 3527 3361 καὶ
3557 3306 3747 3361 νοτιώ-

497 3398 751 3454 nonnulli
801 3398 1082 3455 Canobum
1147 3403 1457 3471 nominant,
1514 3406 1728 3473 ultima,
1793 3408 2068 3465 borealior

2170 3417 2325 3464 τατος
2354 3398 2461 3452 τῶν
2487 3400 2544 3451 ὲν
2584 3396 2663 3468 τῷ
2693 3397 2963 3469 Πηδαλιῳ,
2994 3398 3053 3453 δν
3100 3415 3244 3462 τινες
3290 3399 3548 3453 Κάνωϐον
3581 3415 3751 3470 προσ-

496 3504 869 3562 earum,"un
901 3499 1033 3548 sunt
1063 3493 1313 3550 in-malo.
1340 3495 1659 3552 Culminant
1684 3497 1757 3555 ex’
1784 3500 1908 3559 aliis
1943 3503 2070 3558 stel-

2170 3490 2557 3561 αγορεύουσιν’
2602 3488 2828 3560 ἔσχατος
2891 3489 2949 3542 δὲ
2984 3489 3014 3541 6
3054 3487 3388 3562 βορειότερος
3429 3487 3538 3541 τῶν
3582 3489 3641 3541 ὲν
3670 3487 3750 3558 τῷ

498 3581 591 3647 lis,
618 3583 774 3640 initio
807 3584 1027 3654 quidem
1057 3586 1354 3643 australior
1384 3590 1827 3647 antecedentium
1854 3609 2069 3660 earum,

2173 3581 2324 3653 ἱστῷ.
2356 3582 2768 3653 Μεσουρανοῦσι
2794 3579 2850 3633 δὲ
2869 3579 2978 3633 τῶν
2998 3579 3175 3634 ἄλλων
3197 3580 3440 3651 ἀστέρων
3471 3581 3529 3635 ὲν
3563 3580 3662 3651 μὲν
3681 3582 3750 3652 τῇ

498 3688 623 3745 quae
664 3682 794 3730 sunt
836 3674 894 3730 in
936 3674 1137 3734 Leonis
1178 3680 1376 3750 capite,
1426 3681 1754 3744 semicubito
1782 3684 1897 3741 fere
1931 3687 2070 3745 citra

2171 3674 2316 3745 ἀρχῇ
2349 3671 2442 3727 τοῦ
2467 3672 2694 3736 Λέοντος
2726 3672 2837 3726 τῶν
2858 3673 2917 3726 ὲν
2936 3674 3000 3744 τῇ
3029 3672 3236 3745 κεφαλῇ
3258 3674 3288 3726 6
3311 3671 3622 3745 νοτιωτερος
3644 3673 3754 3725 τῶν

498 3765 864 3822 meridianum
900 3769 1080 3838 posita
1113 3787 1127 3825 :
1159 3776 1215 3824 et
1237 3773 1456 3840 qum‘in
1496 3775 1623 3830 colli
1654 3774 1823 3849 Hydri
1864 3780 2070 3849 radice,

500 3871 708 3928 parva;
761 3859 965 3915 ultimae
1010 3860 1313 3917 culminant
1346 3878 1481 3933 quae
1513 3866 1568 3920 in
1607 3875 1850 3923 extrema
1900 3872 2073 3926 cauda

503 3956 634 4007 sum
655 3950 879 4022 majoris
904 3950 1056 4009 Ursae
1082 3972 1097 4009 :
1124 3961 1177 4009 et
1194 3954 1694 4013 borealior-earum
1711 3977 1833 4031 qua:
1859 3971 1986 4019 sunt
2016 3964 2075 4021 in

504 4041 731 4098 sinistro
748 4040 887 4112 pede
912 4041 1115 4109 Booue,
1145 4043 1475 4100 semicubito
1499 4045 1721 4103 circiter
1745 4051 2075 4108 antecedens

503 4134 887 4201 meridianum,
913 4151 1013 4192 nec
1034 4151 1144 4191 non
1165 4152 1287 4207 quae
1306 4137 1360 4191 in
1386 4146 1630 4194 extrema
1659 4139 1826 4212 Hydri
1852 4143 2026 4197 cauda
2060 4159 2072 4197 :

502 4233 620 4282 tum
663 4226 924 4284 Centauri
976 4227 1167 4284 dexter
1211 4229 1493 4299 humerus,
1543 4233 1823 4303 paululum
1862 4247 2079 4293 antece-

2173 3766 2512 3838 ήγουμένων,
2533 3765 2609 3829 ὠς
2629 3764 2930 3836 ήμιπὴχιον
2968 3764 3392 3836 ὑπολειπόμενος
3427 3763 3522 3818 τοῦ
3547 3781 3757 3835 μεσημ-

2173 3856 2379 3930 ϐρινοῦ,
2412 3856 2623 3930 καὶτοῦ
2654 3856 2852 3930 Ὕδρου
2882 3858 2911 3911 6
2946 3856 3085 3928 μετὰ
3100 3857 3199 3930 τὴν
3231 3857 3458 3927 ἔκφυσιν
3486 3855 3581 3911 τοῦ
3614 3872 3755 3923 τρα-

2176 3928 2340 4021 χῆλου
2380 3928 2600 4020 μικρός·
2638 3928 2858 4020 ἔσχατοι
2908 3949 2966 4003 δὲ
3006 3928 3396 4021 μεσουρανοῦσι
3434 3949 3534 4019 τῆς
3563 3965 3623 4001 τε
3656 3965 3755 4020 με-

2177 4042 2350 4114 γάλης
2384 4041 2622 4114 Ἄρκτου
2655 4043 2703 4096 οἱ
2739 4044 2795 4096 ἑν
2837 4040 2983 4114 ἀκρᾳ
3003 4045 3072 4113 τῇ
3104 4044 3263 4115 οὐρᾷ,
3289 4042 3386 4096 καὶ
3419 4042 3514 4096 τοῦ
3542 4040 3756 4096 Βοὼτου

2178 4136 2208 4188 6
2235 4132 2570 4205 βορειότερος
2605 4132 2715 4187 τῶν
2761 4134 2821 4187 ὲν
2851 4133 2928 4204 τῷ
2971 4134 3242 4205 ἀριστερῷ
3270 4133 3412 4200 ποδὶ,
3450 4133 3526 4198 ὡς
3550 4134 3759 4205 ήμιπὴ-

2179 4240 2296 4296 χιον
2335 4223 2744 4296 προηγούμενος
2776 4223 2868 4277 τοῦ
2918 4224 3291 4298 μεσημϐρινοῦ
3315 4225 3406 4279 καὶ
3434 4223 3526 4278 τοῦ
3556 4224 3757 4296 ’Υδρου

400 5006 406 5013 ’
509 5021 732 5072 coortus
758 5020 813 5069 et
835 5026 1066 5068 occasus
1091 5010 1507 5083 explicabimus.

502 4320 642 4379 deus
670 4321 1055 4378 meridianum.
1082 4320 1295 4380 Occidit
1315 4322 1464 4396 Argo
1492 4325 1713 4383 circiter
1737 4328 1888 4386 horis
1919 4330 1974 4386 5.

2181 4319 2212 4371 6
2260 4317 2319 4371 ὲν
2366 4316 2511 4389 ἄκρᾳ
2566 4319 2633 4389 τῇ
2679 4317 2847 4390 οὐρᾷ’
2881 4318 2973 4371 καὶ
3025 4316 3120 4372 τοῦ
3158 4315 3466 4390 Κενταύρου
3510 4316 3539 4368 6
3583 4314 3761 4381 δεξιὸς

948 4418 952 4422 ’
2183 4402 2354 4479 ὦμος,
2392 4409 2585 4480 μικρὸν
2618 4408 3028 4480 προηγούμενος
3054 4406 3149 4462 τοῦ
3181 4405 3571 4480 μεσημϐρινοῦ.
3600 4406 3757 4459 Δύνει

2185 4502 2240 4555 δὲ
2270 4502 2304 4572 ή
2336 4499 2517 4572 Ἀργὼ
2545 4502 2603 4553 ὲν
2628 4499 2800 4571 ὥραις
2819 4507 2859 4554 ε’
2887 4500 2964 4563 ὼς
2987 4499 3229 4569 ἔγγιστα.

1575 4619 1654 4676 De
1684 4630 1803 4676 ortu
1831 4628 1882 4675 et
1921 4638 2112 4677 occasu
2153 4623 2424 4693 signorum
2456 4622 2682 4677 zodiaci.

578 4737 708 4797 Vlll.
731 4736 1008 4810 Expositis
1026 4736 1297 4795 hactenus
1313 4736 1402 4805 iis,
1427 4753 1549 4809 qua:
1570 4737 1624 4794 in
1637 4738 2070 4811 uniuscujusque

2251 4740 2332 4794 H'.
2366 4739 2517 4792 Ἐπεὶ
2548 4737 2606 4792 δὲ
2647 4736 2755 4791 τῶν
2792 4736 2948 4800 ἐκτὸς
2980 4733 3073 4790 τοῦ
3107 4732 3370 4800 ζωδιακοῦ
3410 4730 3608 4787 κύκλου
3642 4748 3758 4785 κει-

470 4832 707 4891 .sideris
763 4839 919 4888 extra
972 4822 1257 4886 zodiacum
1331 4829 1497 4900 positi
1570 4837 1695 4886 ortu
1765 4846 2070 4904 occasuque

2182 4829 2357 4902 μένων
2384 4829 2632 4901 ἀστέρων
2665 4827 3084 4900 ἀποδεδώκαμεν
3124 4825 3195 4880 τὰ
3231 4824 3595 4897 συμϐαίνοντα
3629 4824 3758 4896 περὶ

509 4924 807 4989 accidunt,
859 4918 1120 4992 deinceps
1172 4919 1462 4977 duodecim
1526 4922 1738 4978 zodiaci
1794 4923 2070 4995 signorum

2182 4923 2281 4995 τὴν
2310 4921 2541 4975 ἑκάστου
2572 4919 2754 4975 αὐτῶν
2781 4918 3043 4990 ἀνατολήῖι
3066 4936 3124 4971 τε
3142 4918 3235 4972 καὶ
3259 4916 3429 4979 δύσιν,
3463 4913 3589 4985 ἑξῆς
3614 4916 3755 4969 ἀπο·

2178 5011 2424 5082 δώσομεν
2454 5010 2552 5074 τάς
2585 5010 2764 5065 αὐτῶν
2807 5009 2915 5065 τῶν
2961 5008 3026 5079 ιβ’
3056 5007 3258 5072 ζωδίων
3297 5004 3659 5068 συνανατολάς
3694 5022 3757 5058 τε

575 5105 743 5179 Igitur
782 5104 995 5161 oriente
1035 5102 1271 5171 Cancro,
1300 5118 1425 5158 eum
1455 5118 1521 5159 eo
1550 5103 1808 5161 zodiacus
1842 5103 2020 5160 oritur
2048 5119 2080 5160 a

510 5199 863 5255 Geminorum
911 5204 1067 5268 parte
1108 5194 1180 5251 25
1224 5194 1292 5249 ad
1335 5195 1535 5251 Caneri
1583 5195 1688 5265 18;
1748 5197 2012 5252 culminat
2049 5212 2080 5253 a

511 5272 815 5345 Piscium?
838 5284 906 5340 ad
936 5284 1140 5341 Arietis
1171 5285 1197 5338 1
1231 5278 1486 5341 mediam.
1511 5284 1671 5340 Prior
1695 5285 1871 5341 oritur
1898 5272 2084 5355 stella,

515 5377 671 5456 137
688 5390 808 5448 quae
829 5358 885 5431 in
909 5382 1153 5431 extrema
1180 5373 1343 5429 borea
1362 5374 1528 5431 Chela
1549 5393 1564 5441 ;
1583 5372 1772 5429 ultima
1794 5391 1942 5442 vero,
1961 5391 2082 5447 qua:

511 5470 567 5535 in
597 5468 940 5525 extremitate
969 5466 1227 5523 australis
1251 5465 1453 5522 Chelze.
1481 5466 1757 5522 Culminat
1798 5484 1928 5525 vero
1956 5471 2083 5526 reli-

513 5560 637 5631 quis
671 5575 703 5617 e
735 5559 911 5616 stellis
943 5559 1093 5629 prior
1121 5558 1326 5622 lucida,
1353 5574 1476 5628 quae
1521 5567 1604 5615 est
1634 5559 1690 5613 in
1726 5559 2085 5617 Andromedae

512 5646 688 5722 capite
722 5668 735 5704 :
767 5633 1066 5708 novissima
1088 5666 1217 5706 vero
1237 5652 1546 5722 prmccdens
1568 5652 1870 5706 lucidarnm
1896 5653 2082 5719 trium,

513 5757 637 5810 quae
688 5751 819 5799 sunt
873 5744 930 5798 in
985 5742 1187 5798 Arietis
1244 5745 1443 5814 capite.
1493 5752 1547 5799 ct
1593 5759 1622 5797 a
1672 5744 1899 5800 meridie
1952 5746 2086 5800 Ceto

518 5833 795 5907 adiacens,
870 5836 1019 5893 circa
1074 5835 1311 5893 medium
1381 5851 1581 5907 corpus
1640 5836 1834 5908 ipsius,
1888 5852 2083 5908 expers

2181 5102 2276 5156 xui.
2308 5102 2683 5171 συγκαταδύσε
2692 5119 2758 5167 ις.

2253 5193 2361 5247 Τοῦ
2394 5194 2493 5265 μὲν
2521 5190 2614 5248 οῦν
2641 5193 2919 5265 Καρκίνου
2948 5190 3349 5253 ἀνατέλλοντος,
3382 5185 3758 5242 ωνανατέλλει

2186 5287 2285 5359 μὲν
2300 5285 2460 5357 ἀὐτῷ
2511 5288 2539 5340 ὁ
2584 5285 2845 5352 ζωδιακὸς
2891 5284 3011 5341 ἀπὸ,
3041 5282 3282 5353 Διδύμων
3332 5287 3380 5348 γ’
3417 5279 3513 5333 καὶ¹
3561 5285 3609 5331 κ’
3643 5278 3753 5349 μοί.

2182 5379 2285 5443 ἕως
2326 5378 2602 5450 Καρκίνου
2640 5383 2730 5448 ιη’·
2767 5377 3090 5448 μεσουρανεῖ
3107 5374 3164 5427 δὲ
3193 5371 3301 5426 ἀπὸ
3336 5369 3551 5442 ’ἰχθύων
3577 5376 3618 5422 ε’
3650 5369 3758 5433 ἕως

2183 5469 2356 5541 Κριοῦ
2401 5477 2448 5524 α’
2495 5469 2685 5540 μέσης.
2733 5469 2844 5522 Kal
2882 5474 2928 5520 α’
2975 5466 3072 5536 μὲν
3118 5463 3290 5536 ἀστὴρ
3333 5462 3610 5517 ἀνατέλλει
3641 5460 3671 5512 6
3700 5461 3759 5511 ὲν

2183 5562 2329 5633 ἄκρᾳ
2357 5564 2422 5633 τῇ
2468 5560 2662 5633 βορείῳ
2688 5560 2861 5632 Χηλῇ,
2893 5558 3116 5628 ἔσχατος
3157 5555 3214 5608 δὲ
3245 5558 3274 5608 6
3308 5556 3366 5609 ὲν
3402 5552 3545 5622 ἄκρᾳ
3572 5552 3640 5618 τῇ
3673 5566 3760 5601 νο-

2188 5651 2278 5724 τίᾳ
2316 5651 2484 5722 Χηλῇ.
2523 5651 2862 5721 Μεσουρανεῖ
2889 5649 2947 5703 δὲ
2972 5648 3079 5703 τῶν
3113 5646 3284 5703 ἄλλων
3312 5643 3557 5714 ἀστέρων
3578 5647 3625 5694 α’
3659 5639 3761 5709 μὲν

2188 5746 2216 5797 6
2248 5748 2304 5799 ὲν
2332 5749 2396 5817 τῇ
2428 5744 2634 5815 κεφαλῇ
2691 5745 2787 5815 τῆς
2822 5742 3171 5817 ξΔνδρομέδας
3210 5737 3494 5809 λαμπρὸς,
3534 5733 3763 5804 ἔσχατος

2187 5837 2242 5891 δὲ
2272 5836 2364 5891 τοῦ
2408 5854 2466 5891 τε
2511 5836 2681 5909 Κριοῦ
2734 5836 2842 5891 τῶν
2894 5838 2951 5890 ἐν
2992 5824 3058 5906 τῇ
3106 5830 3312 5903 κεφαλῇ
3346 5836 3392 5899 γ’
3436 5821 3765 5900 λαμπρὼνό
