4130 6410
393 357 524 442 ml
562 354 573 381 ⁴

1382 373 1755 432 111ΡΡΑ110111
1792 375 1884 431 AD
1922 374 2371 434 ΡΗᾹίΝΟΜΕΝΑ
2410 377 2536 433 LIB.
2578 377 2666 436 111.

3531 364 3674 436 im

393 503 715 576 ἡγούμενος,
767 466 861 553 καὶ
901 497 978 563 ὡς
1026 497 1163 569 πρὸς
1204 495 1555 569 μεσημϐρίαν
1597 495 1848 567 κείμενος
1886 468 1979 551 τοῦ

2098 499 2346 563 nominis,
2380 509 2432 554 et
2464 499 2648 555 lucida
2683 520 2695 555 :
2733 500 2860 556 item
2902 499 3195 557 australior
3230 480 3668 566 succedentium,

393 595 626 666 Κήτους,
653 589 795 645 κατά
830 589 993 661 μέσον
1032 587 1197 642 αὑτοῦ
1225 587 1288 641 τὸ
1321 588 1500 660 σῶμα,
1544 589 1983 660 ἀκατονόμαστος

394 688 489 743 καὶ
518 674 770 757 λαμπρός
789 700 803 713 ο
830 683 925 737 καὶ
969 681 1079 736 τῶν
1130 682 1188 736 έν
1221 680 1299 753 τῷ
1327 681 1719 754 τετραπλεύρῳ
1745 681 1839 735 τοῦ
1868 683 1984 754 Κή-

393 796 518 842 τους
544 780 572 832 6
598 770 916 845 νοτιώτερος
946 771 1055 829 τῶν
1095 772 1408 845 ἑπομένωνο
1434 770 1530 825 καὶ
1560 772 1661 845 τῆς
1704 771 1987 844 Ἀνδρομέ-

2089 609 2210 664 qua:
2236 595 2292 648 in
2323 594 2590 650 laterculo
2637 593 2799 650 Ceti:
2850 609 2954 651 nec
2990 610 3101 650 non
3147 610 3245 666 pes
3287 584 3515 650 sinister
3560 592 3673 673 An:

2089 684 2378 752 dromedze'.
2406 687 2689 757 paululum
2718 687 2855 742 citra
2897 687 3261 743 meridianum
3292 686 3452 744 situs.
3474 683 3675 765 Oritur

2090 772 2303 831 Cancer
2332 776 2468 832 hora
2499 777 2552 840 1,
2579 785 2633 833 et
2656 776 2726 832 24
2754 783 2933 849 parte.

315 948 327 962 .
392 874 488 939 δας
532 873 561 927 6
601 858 889 945 ἀριστερὸς
940 868 1107 935 ποῦς,
1164 858 1358 940 μικρὸν
1415 866 1840 940 ὑπολειπόμενος
1875 868 1972 922 τοῦ
2015 872 2412 945 μεσημϐρινοῦ.
2456 872 2760 926 Ἀνατέλλει
2792 874 2849 927 δὲ
2884 874 2913 926 6
2940 872 3216 946 Καρκίνος
3237 871 3296 925 ὲν
3322 868 3442 945 ὥρᾳ
3468 867 3540 938 α’,
3579 869 3674 925 καὶ

395 974 442 1024 κ’
465 970 561 1023 καὶ
583 968 625 1021 δ’
662 966 840 1039 μέρει.

468 1060 641 1115 Ὅταν
669 1059 727 1113 66
748 1060 778 1112 6
802 1057 956 1113 Λέων
988 1056 1275 1130 ἀνατέλλῃ,
1308 1055 1688 1110 συνανατέλλει
1713 1055 1811 1128 μὲν
1837 1054 1986 1126 αύτῷ

391 1156 423 1207 6
448 1150 713 1219 ζωδιακὸς
739 1152 849 1207 ἀπὸ
880 1136 1162 1222 Καρκίνου
1204 1150 1316 1222 μοί.
1343 1155 1394 1220 η’
1426 1148 1601 1221 μέσης
1623 1149 1730 1214 ἓως
1758 1148 1989 1212 Λέοντος

400 1246 465 1301 ιθ’
498 1245 670 1318 μέσης
688 1261 703 1277 ·
741 1246 1066 1317 μεσουρανεῖ
1090 1243 1148 1297 δὲ
1175 1242 1283 1297 ἀπὸ
1315 1240 1538 1312 Ἰχθύων
1565 1248 1614 1295 κ’
1636 1242 1741 1305 ἓως
1774 1240 1989 1315 Ταύρου

396 1336 467 1406 ιβ’
501 1327 703 1407 μέσης.
726 1336 840 1389 Καὶ
870 1341 918 1388 α’
958 1333 1057 1406 μὲν
1099 1333 1275 1406 ἀστὴρ
1313 1330 1591 1387 ἀνατέλλει
1636 1331 1744 1386 τῶν
1789 1333 1882 1386 ἐπὶ
1923 1334 1991 1404 τῇ

400 1430 610 1502 κεφαλῇ
626 1431 669 1499 _6
696 1428 1060 1502 ⁸βορειότερος
1110 1427 1219 1481 τῶν
1263 1427 1606 1501 ἡγουμένων,
1653 1426 1881 1499 ἔσχατος
1930 1426 1987 1480 δὲ

398 1524 507 1579 τῶν
534 1527 592 1578 ὲν
613 1524 727 1588 τοῖς
751 1521 1020 1586 ὀπισθίοις
1046 1521 1194 1577 ποσί.
1230 1523 1575 1595 Μεσουρανεί
1598 1520 1655 1575 δὲ
1679 1521 1785 1575 τῶν
1812 1519 1995 1589 ἄλλων,

396 1616 649 1689 ἀστέρων
706 1613 755 1671 α’
810 1615 911 1687 μὲν
967 1615 1067 1687 τῆς
1118 1633 1178 1669 τε
1227 1614 1589 1687 Ἀνδρομέδας
1642 1616 1672 1668 6
1723 1614 1990 1685 ἑπόμενος

398 1709 507 1764 τῶν
531 1710 590 1763 ὲν
624 1711 691 1780 τῇ
722 1705 890 1780 ζώνη,
920 1709 1014 1762 καὶ
1039 1706 1135 1761 τοῦ
1184 1708 1240 1762 έν
1273 1707 1352 1778 τῷ
1380 1708 1554 1781 Κήτει
1581 1705 1988 1779 τετραπλεύρου

399 1804 428 1855 6
472 1799 808 1872 βορειότερος
856 1798 969 1852 τῶν
1028 1798 1342 1871 ἑπομένωνο
1386 1798 1612 1870 ἔσχατος
1663 1798 1719 1852 δὲ
1772 1798 1883 1852 τῶν
1930 1814 1991 1850 τε

2155 1053 2291 1109 Cum
2318 1054 2503 1112 Leone
2544 1057 2868 1113 conscendit
2899 1057 3158 1114 zodiacus
3207 1073 3239 1113 a
3284 1057 3487 1114 Cancri
3518 1064 3677 1130 parte

2094 1144 2127 1201 8
2184 1134 2365 1203 media
2411 1148 2478 1204 ad
2515 1148 2715 1206 Leonis
2759 1150 2827 1206 19
2878 1150 3158 1217 mediam;
3205 1151 3470 1207 culminat
3509 1166 3540 1204 a
3583 1149 3678 1204 Pi-

2089 1237 2265 1293 scium
2309 1238 2381 1294 20
2414 1238 2481 1294 ad
2528 1238 2698 1296 Tauri
2729 1241 2796 1317 12
2833 1241 3090 1297 mediam.
3142 1240 3300 1296 Prior
3346 1242 3505 1298 stella
3540 1255 3677 1295 con-

2091 1331 2267 1401 surgit
2302 1322 2918 1405 antecedentium,'qu;e
2971 1341 3103 1388 sunt
3152 1334 3206 1389 in
3247 1332 3451 1404 capite,
3487 1332 3677 1387 borea-

2091 1424 2229 1498 lior;
2259 1432 2537 1495 postrema
2568 1442 2919 1497 vero'earum
2944 1442 3066 1498 quae
3100 1435 3230 1483 sunt
3263 1427 3319 1481 in
3353 1425 3677 1497 posteriori—

2090 1517 2195 1574 bus
2218 1518 2449 1588 pedibus
2482 1558 2495 1573 .
2533 1558 2549 1574 .
2585 1562 2599 1574 .
2641 1561 2656 1574 .
2690 1519 2772 1575 Ex
2808 1521 2934 1578 aliis
2965 1521 3142 1578 stellis
3170 1521 3439 1577 culminat
3492 1519 3675 1593 prima

2093 1612 2398 1677 succedens
2439 1628 2653 1682 earum,
2684 1629 2811 1689 qua:
2852 1623 2983 1671 sunt
3010 1615 3066 1669 in
3104 1613 3467 1692 Andromeda:
3500 1628 3672 1679 zona,

2093 1710 2149 1759 et
2181 1704 2454 1777 borealior
2487 1706 2897 1779 succedentium
2929 1707 2986 1762 in
3016 1707 3136 1773 Ceti
3157 1706 3457 1775 laterculo;
3483 1705 3676 1762 ultima

2093 1811 2245 1861 vero,
2293 1796 2637 1853 lucidissima
2688 1795 3053 1864 Sucularum,
3101 1805 3151 1855 et
3188 1813 3311 1869 quae
3352 1798 3410 1852 in
3457 1796 3677 1869 Auriga:

412 1892 620 1971 ’Υάδων
665 1893 693 1945 6
724 1890 1137 1971 λαμπρότατος⁸
1173 1890 1269 1945 καὶ
1305 1889 1398 1943 τοῦ
1438 1890 1683 1961 Ἢνιόχου
1740 1892 1769 1944 6
1813 1893 1870 1957 ἐν
1907 1889 1986 1961 τῷ

2098 1886 2310 1959 sinistri
2354 1886 2525 1957 cubiti
2552 1885 2719 1963 ﬂexu,
2765 1887 2924 1960 quasi
2967 1887 3292 1943 semicubito
3323 1887 3463 1942 citra
3511 1886 3678 1944 meri-

402 1981 679 2061 ἀριστερῷ
721 1982 954 2052 ἀγκῶνι,
987 1982 1063 2047 ὡς
1107 1983 1406 2054 ἡμιπήχιον
1441 1981 1868 2053 ὑπολειπόμενος
1898 1980 2000 2052 τοῦ,

2095 1979 2319 2051 dianum
2353 1980 2555 2052 posita.
2585 1980 2774 2037 Oritur
2799 1978 2910 2035 Leo
2947 1979 3099 2045 horis
3127 1979 3182 2045 '5,
3218 1979 3318 2043 15'.

404 2074 801 2148 μεσημϐρινοῦ.
837 2074 1143 2131 Ἀνατέλλει
1179 2075 1236 2130 δὲ
1266 2076 1294 2130 6
1322 2075 1476 2131 Λέων
1509 2075 1567 2140 ἐν
1601 2074 1773 2147 ὥραις
1817 2081 1864 2145 γ’
1898 2074 1995 2128 καὶ
2107 2134 2111 2139 ,

399 2168 447 2239 δί
478 2167 655 2239 μέρει.

611 2219 668 2314 66
700 2258 980 2332 Παρθένου
1023 2257 1442 2331 ἀνατελλούσης,
1478 2259 1860 2325 συνανατέλλει
1893 2260 1996 2332 μὲν

403 2353 543 2422 αὐτῇ
574 2353 603 2404 6
624 2347 889 2414 ζωδιακὸς
922 2348 1032 2403 ἀπὸ
1067 2350 1297 2414 Λέοντος
1331 2349 1455 2428 μοί..
1476 2349 1521 2421 β’
1550 2352 1645 2406 καὶ
1674 2356 1722 2405 κ’
1750 2349 1856 2415 ’ἐως
1883 2352 1998 2424 Χη-

399 2443 509 2496 λῶν
538 2448 622 2513 η”
650 2443 976 2514 μεσουρανεῖ
1001 2441 1058 2496 δὲ
1083 2441 1193 2495 ἀπὸ
1218 2441 1432 2512 Ταύρου
1464 2443 1575 2514 μοί.
1602 2449 1661 2497 ιε’
1694 2444 1867 2516 μέσης
1894 2444 1998 2508 ἕως

326 2576 337 2581 ι
403 2536 680 2609 Καρκίνου
714 2534 780 2599 θζ.
814 2534 928 2588 Καὶ
966 2540 1013 2587 α’
1047 2533 1147 2605 μὲν
1178 2534 1355 2605 ἀστὴρ
1383 2534 1662 2601 ὀψατέλλει
1704 2535 1812 2590 τῶν
1844 2519 1994 2607 έντῇ

402 2629 611 2701 κεφαλῇ
645 2630 675 2682 6
709 2626 1048 2701 βορειότερος
1094 2624 1189 2680 τοῦ
1237 2624 1567 2697 ἡγουμένου,
1612 2626 1841 2697 ἔσχατος
1877 2627 1935 2681 66
1967 2628 1999 2687 δ

403 2724 462 2776 ὲν
495 2722 573 2791 τῷ
600 2712 759 2791 δεξιῷ
791 2719 933 2775 ποδί.
967 2719 1310 2790 Μεσουρανεῖ
1349 2718 1408 2771 66
1448 2717 1559 2772 τῶν
1600 2717 1777 2775 ἄλλων
1806 2725 1856 2772 α’
1896 2719 1996 2790 μὲν

401 2814 498 2883 τοῦ
532 2813 778 2885 Ἦνιόχου
806 2802 844 2866 ’ὀ
882 2811 977 2865 ἐπὶ
1026 2809 1122 2864 τοῦ
1172 2809 1467 2882 ἀριστεροῦ
1520 2808 1672 2882 ὤμου
1721 2808 1993 2882 λαμπρὸς,

404 2888 632 2976 ἔσχατος
662 2903 718 2958 δὲ
739 2902 839 2975 τῆς
862 2919 923 2955 τε
968 2899 1196 2973 Ἀργοῦς
1227 2902 1255 2954 6
1290 2902 1348 2955 έν
1389 2899 1468 2972 τῷ
1492 2900 1828 2972 ἀκροστολίῳ
1855 2900 1998 2972 λαμπ

405 2999 575 3071 πρόςο
611 2998 708 3053 καὶ
742 2995 839 3050 τοῦ
868 2994 1073 3068 ’Ύδρου
1106 2996 1134 3047 6
1167 2992 1507 3066 βορειότερος
1545 2993 1657 3048 τῶν
1689 2993 1854 3067 ἔον,τῷ
1895 2993 2000 3064 χάιι

408 3078 597 3164 σματι,
625 3089 1052 3160 ὑπολειπόμενος
1099 3086 1195 3141 τοῦ
1246 3075 1623 3159 μεσημϐρινοῦ
1662 3088 1738 3153 ὡς
1780 3088 1992 3159 ἡμιπή-

406 3201 543 3256 χιον.
592 3181 899 3237 Ἀνατέλλει
925 3180 984 3234 66
1020 3182 1054 3252 ἡ
1097 3181 1179 3234 Πα
1190 3180 1377 3253 ρθένος
1401 3182 1458 3234 έν
1482 3180 1655 3254 ὥραις
1679 3187 1727 3251 γ’
1750 3181 1847 3235 καὶ
1874 3181 1996 3237 τέσ⁶
2022 3180 2066 3240 C

408 3293 571 3349 σαρσι
597 3292 823 3346 πέμπτη
833 3273 1062 3347 μορίοις.

477 3370 553 3423 Θν.
586 3368 754 3423 Ὅταν
799 3367 857 3422 δὲ
893 3367 950 3419 αἱ
984 3364 1163 3436 Χηλαὶ
1211 3363 1573 3433 ἀνατέλλωσι,
1621 3364 1998 3427 συνανατέλλει

411 3460 511 3531 μὲν
561 3458 754 3522 αὐταῖς
795 3457 824 3510 6
882 3453 1148 3521 ζωδιακὸς
1209 3455 1318 3517 ἀπὸ
1368 3453 1564 3525 Χηλῶν
1610 3455 1721 3527 μοί.
1777 3453 1850 3522 ις’
1892 3455 2000 3520 ἕως

407 3550 679 3623 Σκορπίου
713 3547 825 3620 μοί.
854 3532 966 3613 ις’·
999 3548 1327 3619 μεσουρανεῖ
1368 3545 1427 3599 δὲ
1472 3545 1584 3600 ἀπὸ
1619 3547 1898 3619 Καρκίνου
1930 3553 1996 3619 ιη’

406 3642 513 3707 ἓως
538 3642 770 3704 Λέοντος
801 3645 889 3693 ια’.
920 3639 1030 3691 Καὶ
1050 3637 1099 3692 α’
1124 3638 1223 3710 μὲν
1249 3636 1425 3709 ἀστὴρ
1449 3637 1732 3693 ἀνατέλλει
1764 3641 1793 3693 6
1815 3637 2001 3697 νοτιώτ

406 3751 566 3807 τερος
589 3732 698 3787 τῶν
739 3732 799 3786 ὲν
829 3731 1027 3803 ἄκραις
1071 3733 1193 3794 ταῖς
1222 3730 1430 3803 Χηλαῖς
1466 3729 1741 3804 λαμπρὸς,
1773 3731 2001 3803 ἔσχατος

407 3827 464 3881 δὲ
496 3829 526 3881 6
556 3823 880 3888 νοτιώτατος
926 3823 1036 3878 τῶν
1074 3824 1133 3877 ὲν
1178 3823 1258 3895 τῷ
1288 3821 1527 3895 μετώπῳ
1569 3823 1664 3877 τοῦ
1701 3824 1998 3897 Σκορπίου.

409 3921 749 3990 Μεσουρανεί
780 3916 837 3971 66
861 3914 971 3969 τῶν
1003 3915 1179 3970 ἄλλων
1219 3914 1466 3987 ἀστέρων
1491 3922 1540 3972 α’
1576 3916 1677 3989 μὲν
1706 3916 1815 3972 τῶν
1844 3920 1999 3992 ὲντῇ

409 4012 622 4084 κεφαλῇ
654 4009 751 4065 τοῦ
802 4009 1030 4072 Λέοντος
1077 4010 1108 4063 6
1148 4007 1469 4082 νοτιώτερος
1507 4009 1616 4066 τῶν
1656 4012 1998 4084 ἡγουμένων,

410 4101 631 4174 καὶτῆς
666 4100 895 4173 ’Δργοῦς
917 4101 946 4153 6
969 4099 1307 4173 βορειότερος
1326 4099 1434 4154 τῶν
1463 4102 1521 4155 έν
1544 4101 1695 4173 μέσῳ
1726 4102 1806 4174 τῷ
1831 4104 1962 4176 ἱστῷ
1982 4122 1996 4136 ·

411 4195 638 4265 ἔσχατος
667 4191 725 4245 δὲ
756 4190 851 4244 τοῦ
876 4189 1108 4252 Λέοντος
1127 4190 1155 4242 6
1182 4187 1451 4258 ἑπόμενος
1482 4188 1593 4243 τῶν
1624 4190 1683 4243 ὲν
1732 4189 1810 4261 τῷ
1846 4188 2003 4263 νώτῳ

414 4287 457 4358 β’
479 4287 747 4357 ἀστέρων.
793 4282 1172 4338 Ἀνατέλλουσι
1194 4281 1253 4335 δὲ
1284 4283 1340 4335 αἱ
1378 4281 1556 4352 Χηλαὶ
1592 4286 1651 4339 ὲν
1685 4283 1806 4357 ὥρα
1831 4286 1880 4339 α’
1907 4287 2002 4341 καὶ

411 4385 460 4449 γ’
502 4394 731 4448 πεμπτη
740 4374 971 4448 μορίοις.

483 4466 590 4520 Τοῦ
634 4465 692 4520 δὲ
743 4466 1014 4538 Σκορπίου
1058 4464 1456 4533 ἀνατέλλοντος,
1483 4467 1861 4523 συνανατέλλει
1902 4469 2002 4541 μὲν

2168 2260 2306 2325 Cum
2336 2261 2566 2334 Virgine
2587 2262 2803 2322 zodiaci
2830 2279 2961 2335 pars
2992 2264 3190 2330 oritur,
3221 2279 3346 2336 quae
3364 2272 3453 2323 est
3478 2280 3508 2321 a
3536 2264 3677 2323 Leo.

2098 2354 2185 2410 nis
2230 2353 2302 2409 22
2345 2355 2413 2411 ad
2442 2355 2645 2411 Librae,
2683 2356 2748 2422 8;
2791 2344 3059 2412 culminat
3110 2372 3142 2412 a
3186 2356 3368 2414 media
3413 2365 3569 2430 parte
3610 2360 3681 2415 i5

2099 2443 2269 2499 Tauri
2303 2445 2372 2499 ad
2419 2444 2453 2500 9
2501 2444 2720 2501 Cancri.
2762 2445 2945 2502 Prima
2995 2448 3173 2503 oritur
3221 2464 3435 2517 earum,
3461 2466 3583 2521 quae
3620 2451 3680 2507 in

2097 2537 2277 2607 capite
2302 2547 2451 2603 sunt,
2496 2538 2852 2594 antecedente
2889 2540 3197 2607 borealior;
3226 2549 3526 2611 postrema,
3556 2557 3682 2614 quae

2097 2635 2182 2682 est
2219 2626 2276 2681 in
2314 2626 2519 2699 dextro.
2538 2628 2694 2699 pede.
2720 2627 3015 2701 ,Culmiuat.
3040 2639 3369 2689 caaterarum.
3383 2633 3555 2703 prior,
3590 2634 3678 2689 lu-

2098 2718 2244 2783 cida,
2273 2735 2397 2790 quae
2417 2719 2472 2774 in
2504 2719 2734 2776 sinistro
2759 2721 2991 2776 humero
3019 2730 3104 2779 est
3131 2722 3367 2794 Aurigae.
3395 2724 3681 2782 Postrema

2107 2825 2267 2878 vero,
2293 2811 2497 2879 lucida,
2527 2820 2760 2884 quaeest
2778 2811 2845 2867 in
2877 2815 3225 2872 extremitate
3250 2813 3458 2884 Navis;
3497 2822 3552 2872 et
3580 2815 3682 2872 bo—

2095 2903 2300 2961 realior
2325 2918 2542 2971 earum,
2579 2919 2704 2975 qua:
2734 2904 2791 2959 in
2836 2906 2982 2960 rictu
3012 2913 3141 2962 sunt
3170 2905 3362 2979 Hydri,
3396 2906 3683 2979 quasi-se-

2097 2996 2364 3144 micubi‘to
2390 2996 2533 3054 citra
2574 2999 2944 3055 meridianum
2991 3001 3118 3057 sita.
3161 2999 3352 3058 Oritur
3376 3000 3544 3076 Virgo
3574 3001 3680 3059 ho-

2097 3089 2173 3144 ris
2200 3089 2254 3144 5.
2324 3089 2393 3144 8'.
2902 3110 2907 3115 ·
3026 3128 3031 3133 -

2094 3089 2173 3144 ris
2200 3089 2254 3154 5,
2285 3089 2393 3145 ἅθ’.
2902 3110 2907 3115 ·

2168 3355 2261 3419 1X.
2300 3356 2532 3425 Quando
2562 3358 2746 3415 Chelm
2796 3360 3075 3424 oriuntur,
3123 3375 3248 3414 cum
3296 3360 3385 3417 his
3432 3344 3684 3419 ascendit

2099 3449 2359 3506 zodiacus
2387 3465 2418 3505 a
2450 3450 2747 3507 Chelarum
2789 3460 2948 3522 parte
2971 3450 3039 3506 16
3069 3450 3138 3513 ad
3188 3449 3411 3524 Scorpii.
3430 3452 3530 3520 16;
3564 3455 3685 3511 cul-

2099 3543 2271 3599 minat
2317 3559 2348 3598 a
2386 3543 2589 3601 Cancri
2624 3545 2714 3610 18,
2765 3544 2834 3598 ad
2880 3543 3082 3607 Leonis
3117 3546 3206 3600 11.
3254 3544 3413 3601 Prior
3453 3547 3685 3620 emergit

2099 3637 2397 3695 australior
2425 3646 2480 3693 et
2517 3636 2699 3693 lucida
2731 3652 2946 3702 earum,
2991 3652 3116 3708 quae
3162 3637 3218 3694 in
3253 3639 3516 3696 extremis
3552 3650 3683 3697 sunt

2099 3728 2320 3798 Chelis;
2359 3729 2554 3786 ultima
2585 3743 2946 3787 vero-earum
2979 3744 3101 3800 quae
3138 3730 3196 3785 in
3241 3730 3422 3788 fronte
3466 3730 3683 3805 Scorpii

2102 3830 2253 3886 sunt,
2301 3822 2619 3878 australior.
2677 3820 3011 3877 Caeterarum
3055 3822 3232 3893 prima
3270 3824 3551 3880 culminat.
3584 3840 3686 3881 au-

2102 3914 2327 3972 stralior
2356 3912 2801 3969 antecedentium
2830 3928 3020 3968 earum
3054 3929 3180 3985 quae
3217 3924 3350 3972 sunt
3389 3916 3448 3971 in
3482 3915 3684 3974 Leonis

2103 4009 2312 4078 capite;
2343 4012 2400 4061 et
2432 4005 2709 4065 borealior
2736 4019 2933 4067 earum
2961 4019 3082 4088 qua:
3110 4007 3322 4067 suntin
3357 4009 3539 4081 Argus
3568 4026 3686 4066 me-

2102 4099 2195 4154 dio
2227 4098 2419 4165 malo;
2471 4105 2772 4170 postrema,
2823 4114 2946 4169 quae
2989 4101 3047 4154 in
3096 4098 3298 4156 Leonis
3333 4099 3502 4158 dorso
3531 4110 3683 4177 sunt,

2103 4190 2338 4246 duarum
2368 4240 2369 4243 η
2403 4190 2689 4246 stellarum
2760 4178 3157 4262 subsequens.
3186 4189 3454 4248 Oriuntur
3501 4192 3687 4251 Chela

2102 4284 2240 4340 hora
2271 4284 2324 4350 1,
2351 4281 2455 4339 56'.

2174 4465 2314 4521 Cum
2344 4464 2576 4536 Scorpio
2616 4464 2880 4522 zodiacus
2919 4480 2950 4520 a
2978 4475 3133 4536 parte
3164 4467 3199 4521 5
3228 4465 3443 4538 Scorpii
3477 4467 3545 4523 ad
3580 4467 3684 4525 Sa-

412 4558 562 4631 αύιεῷ
600 4561 630 4613 6
667 4558 929 4624 ζωδιακὸς
960 4558 1068 4612 ἀπὸ
1098 4556 1371 4628 Σκορπίου
1407 4558 1517 4628 μοί.
1548 4566 1600 4628 γ’
1634 4559 1739 4625 ἕως
1771 4560 2000 4627 Τοξότου

2107 4559 2313 4631 gittarii
2340 4558 2374 4613 9
2405 4558 2693 4626 ascendit;
2726 4558 2994 4614 culminat
3024 4574 3056 4613 a
3094 4558 3294 4617 Leonis
3335 4560 3369 4616 8
3401 4560 3581 4617 media
3614 4563 3685 4618 ad

414 4653 492 4708 θ’*
528 4654 853 4725 μεσουρανεῖ
897 4651 953 4705 δὲ
1000 4651 1108 4707 ἀπὸ
1151 4651 1380 4715 Λέοντος
1427 4654 1537 4722 μοί.
1587 4659 1637 4725 η’
1683 4653 1859 4725 μέσης
1896 4655 2002 4720 ἕως

412 4744 692 4817 Παρθένου
719 4751 804 4811 κγ¹
841 4743 1033 4813 μέσης.
1072 4741 1182 4795 Καὶ
1222 4749 1270 4795 α’
1306 4742 1405 4812 μὲν
1442 4743 1620 4816 ἀστὴρ
1664 4745 1941 4799 ἀνατέλλει
1973 4748 2002 4800 6

416 4839 756 4911 βορειότατος
776 4835 886 4890 τῶν
910 4836 967 4889 ὲν
995 4834 1073 4906 τῷ
1097 4833 1352 4906 μετώπῳ,
1380 4834 1607 4907 ἔσχατος
1633 4836 1689 4891 δὲ
1716 4840 1746 4891 6
1770 4844 1820 4907 γ’
1842 4838 2003 4908 σφόν-

412 4935 569 4998 δυλος
603 4933 712 4988 ἀπὸ
750 4931 844 4986 τοῦ
868 4932 926 4983 ὲν
957 4929 1037 5000 τῷ
1072 4930 1372 5000 Κενταύρῳ
1397 4929 1821 5002 ἀριθμούμενος,
1862 4940 1915 4998 ς’
1944 4932 2002 4986 δὲ

412 5026 488 5083 ὢν
510 5027 618 5081 τῶν
652 5024 790 5097 μετά
819 5024 946 5087 τοὺς
988 5023 1047 5074 ὲν
1075 5020 1152 5092 τῷ
1182 5021 1386 5093 στήθει.
1430 5024 1774 5095 Μεσουρανεί
1803 5024 1861 5078 δὲ
1891 5024 2000 5079 τῶν

413 5120 589 5176 ἄλλων
642 5117 858 5190 πρῶτος
894 5115 992 5188 μὲν
1032 5114 1132 5185 τῆς
1176 5114 1418 5186 μεγάλης
1461 5116 1696 5186 Ἄρκτου
1754 5118 1784 5170 6
1820 5118 1880 5169 έν
1922 5116 2001 5187 τῷ

416 5212 604 5283 στήθει
627 5210 899 5282 λαμπρὸς,
939 5208 1032 5262 καὶ
1062 5207 1157 5261 τοῦ
1190 5207 1390 5278 ’Ύδρου
1416 5206 1525 5260 τῶν
1562 5207 1704 5280 μετά
1740 5208 1832 5263 τὸν
1862 5208 2001 5282 λαμ-

415 5302 684 5370 πρότατον
710 5301 750 5355 6'
772 5299 880 5353 τῶν
909 5298 1015 5370 πρὸ
1045 5297 1137 5351 τοῦ
1168 5297 1458 5369 Κρατῆρος
1489 5300 1518 5351 6
1541 5296 1590 5367 γ’
1616 5298 1726 5353 ἀπὸ
1757 5300 1962 5365 δύσεως
1982 5318 1995 5330 ’

415 5391 641 5463 ἔσχατος
668 5390 725 5444 δὲ
752 5392 781 5445 ὅ
807 5408 867 5445 τε
901 5390 1129 5461 Στάχυς,
1180 5388 1275 5442 καὶ
1324 5386 1417 5440 τοῦ
1459 5389 1776 5462 Κενταύρου
1811 5394 1840 5445 6
1878 5392 2000 5463 ἀρι-

416 5484 606 5555 στερὸς
642 5478 825 5555 ὥμος,
866 5483 944 5546 ὥς
984 5481 1288 5554 ἡμιπήχιον
1321 5481 1734 5553 προηγούμενος
1773 5484 1868 5537 τοῦ
1905 5501 2002 5556 με-

416 5574 740 5648 σημϐρινοῦ.
787 5573 1090 5628 Ἀνατέλλει
1132 5572 1191 5627 δὲ
1240 5573 1270 5625 6
1316 5571 1583 5644 Σκορπίος
1626 5574 1685 5627 ὲν
1729 5573 1903 5645 ὥραις
1953 5581 1999 5643 γ’

413 5666 730 5732 λειπούσαις
768 5672 800 5721 ι’
832 5665 1009 5739 μέρει.

485 5759 593 5814 Τοῦ
641 5761 699 5814 66
741 5759 970 5826 Τοξότου
1018 5758 1421 5822 ἀνατέλλοντος,
1465 5756 1845 5812 συνανατέλλει
1897 5756 1999 5827 μὲν

413 5852 561 5924 αὐτῷ
603 5856 631 5907 6
679 5851 941 5918 ζωδιακὸς
987 5852 1095 5907 ἀπὸ
1136 5852 1365 5919 Τοξότου
1414 5850 1525 5922 μοί.
1573 5857 1625 5916 ς’
1682 5850 1854 5923 μέσης
1890 5850 1996 5914 ἕως

2104 4651 2341 4707 mediam
2365 4650 2437 4706 23
2468 4649 2738 4723 Virginis.
2770 4650 2960 4708 Oritur
2982 4652 3161 4722 prima
3186 4653 3423 4711 horealis
3446 4654 3686 4711 maxime

2105 4744 2160 4798 in
2193 4743 2373 4798 fronte
2415 4744 2758 4814 positarum;
2808 4743 3108 4800 novissime
3139 4758 3269 4800 vero
3305 4745 3467 4799 tertia
3503 4752 3686 4802 verte-

2102 4834 2204 4890 bra
2228 4836 2297 4890 ab
2326 4849 2413 4900 ea,
2451 4849 2573 4906 qua:
2614 4843 2700 4889 est
2730 4833 2785 4889 in
2816 4833 3116 4899 Centauro,
3159 4843 3486 4904 numerata;
3531 4845 3684 4892 sexta

2104 4942 2271 5001 porro
2305 4927 2373 4981 ab
2406 4926 2495 4992 iis,
2529 4941 2653 4997 quae
2688 4935 2819 4982 sunt
2849 4926 2907 4980 in
2935 4933 3181 4996 pectore.
3213 4926 3492 4982 Culminat
3521 4934 3686 4984 caete-

2102 5036 2290 5076 rarum
2337 5020 2509 5091 prior,
2554 5018 2737 5075 lucida
2775 5034 2899 5089 quae
2946 5025 3033 5074 est
3079 5019 3135 5073 in
3184 5026 3408 5090 pectore
3457 5021 3685 5091 majoris

2104 5112 2291 5183 Ursae;
2317 5122 2373 5170 et
2403 5115 2460 5169 in
2488 5113 2676 5187 Hydro
2698 5121 2940 5185 quatuor
2971 5127 3001 5166 a
3036 5112 3381 5169 lucidissima
3405 5122 3534 5171 ante
3553 5113 3686 5170 Cra-

2102 5212 2275 5259 terem
2292 5204 2523 5260 sitarum
2548 5204 2617 5259 ab
2632 5202 2919 5259 occidente
2938 5202 3103 5258 tertia
3126 5221 3141 5270 ;
3166 5204 3466 5260 novissime
3484 5204 3682 5275 Spica,

2102 5306 2156 5354 et
2194 5297 2456 5353 Centauri
2505 5297 2734 5353 sinister
2779 5296 3068 5363 humerus,
3113 5298 3273 5368 quasi
3320 5297 3685 5353 semicubitali

2102 5391 2282 5462 spatio
2314 5391 2680 5446 meridianum
2707 5389 3045 5460 praecedens.
3079 5386 3267 5443 Oritur
3299 5388 3565 5460 Scorpius
3587 5389 3686 5444 ho-

2103 5488 2180 5542 ris
2209 5487 2263 5552 5,
2296 5484 2535 5555 demptis
2566 5482 2601 5537 6
2630 5482 2930 5554 scrupulis.

2171 5751 2308 5806 Cum
2341 5750 2674 5822 Sagittarius
2706 5748 2908 5815 oritur,
2937 5745 3191 5805 ascendit
3232 5760 3357 5802 cum
3400 5760 3468 5802 eo
3498 5745 3687 5801 zodia-

2101 5861 2200 5903 cus
2230 5862 2258 5901 ο
2300 5854 2458 5919 parte
2496 5843 2529 5901 6
2559 5843 2843 5915 Sagittarii
2874 5841 3056 5902 media
3106 5842 3177 5899 ad
3219 5839 3545 5913 Capricorni
3579 5839 3680 5907 18,

3800 6239 4104 6356 ,ΛΔ
