4132 6410
479 356 618 414 H23

1489 360 1580 415 AD
1619 357 1885 416 EUSEBII
1921 359 2316 418 CHRONICON
2359 355 2718 412 APPENDIX.

3562 357 3701 416 1124

476 467 742 524 culminat
770 481 800 521 a
830 474 984 538 parte
1012 467 1188 524 media
1213 468 1454 541 Virginis
1483 470 1558 526 20
1581 470 1649 524 ad
1675 469 1886 542 Scorpii
1913 488 2024 528 me-

2141 471 2416 542 Αἰγόκερω
2443 476 2540 541 ιη’·
2575 469 2900 541 μεσουρανεῖ
2924 467 2982 522 6t
3007 467 3114 522 ἀπὸ
3143 467 3418 541 Παρθένου
3450 475 3498 524 κ’
3531 471 3704 544 μέσης

475 561 623 615 diam
644 561 698 616 9.
731 558 888 613 Prior
917 560 1092 614 oritur
1123 562 1278 616 stella
1301 577 1422 632 quae
1449 571 1533 617 est
1562 563 1615 617 in
1647 563 1912 633 cuspide;
1953 563 2038 617 ul-

450 654 612 716 .tima
645 665 774 705 vero
806 650 1006 714 lucida,
1053 667 1174 721 qua:
1220 660 1304 707 est
1342 653 1396 706 in
1444 653 1674 722 pedibus
1715 635 2038 724 posteriori-

451 741 602 832 ‘bus.
660 742 990 796 Ceterarum
1041 743 1320 798 stellarum
1364 745 1630 798 culminat
1671 746 1862 814 prima,
1917 759 2039 815 quae

451 842 561 888 .est
597 834 653 888 in
684 833 907 888 sinistro
934 833 1176 904 Virginis
1207 835 1377 889 cubiti
1405 835 1572 901 ﬂexu,
1610 837 1891 907 paululum
1932 851 2041 892 me-

476 923 748 978 ridianum
791 925 1157 992 antecedens;
1190 925 1379 979 ultima
1405 942 1558 990 vero,
1591 928 1769 982 media
1799 935 1855 982 et
1901 927 2040 981 luci-

475 1012 701 1068 dissima
732 1013 1033 1080 stellarum,
1062 1030 1184 1084 quae
1215 1015 1268 1068 in
1305 1026 1524 1085 pectore
1560 1015 1770 1088 Scorpii
1795 1058 1810 1084 ,
1845 1025 1898 1073 et
1919 1032 2039 1089 qua:

474 1103 531 1157 in
565 1104 786 1158 sinistra
819 1120 979 1158 manu
1019 1115 1103 1160 est
1127 1104 1409 1176 Anguiferi
1443 1128 1456 1162 :
1494 1109 1621 1163 item
1653 1110 1810 1163 tertia
1841 1124 2039 1164 secun-

474 1192 603 1246 dum
657 1195 1049 1263 consequentia
1107 1197 1390 1266 signorum
1439 1197 1505 1250 ab
1553 1199 1732 1253 lucida
1772 1199 2037 1264 Coronae,

476 1286 635 1354 quasi
657 1287 967 1341 semicubiti
998 1288 1287 1342 intervallo
1316 1289 1677 1344 meridianum
1703 1291 2036 1362 praacedens.

475 1373 664 1430 Oritur
692 1374 1022 1446 Sagittarius
1050 1375 1202 1432 horis
1236 1376 1289 1431 5.

545 1463 614 1519 Χ.
655 1463 994 1534 Capricorno
1034 1468 1382 1532 ascendente,
1415 1466 1671 1524 zodiacus
1704 1469 1878 1524 oritur
1911 1485 2038 1528 cum

475 1569 542 1609 eo
566 1570 596 1608 a
640 1553 919 1624 Sagittarii
966 1564 1121 1625 parte
1154 1556 1225 1610 29
1256 1558 1431 1612 media
1467 1557 1534 1611 ad
1571 1559 1891 1628 Capricorni
1935 1561 2036 1629 27;

475 1646 740 1701 culminat
787 1662 816 1699 a
858 1645 1033 1701 Libra:
1077 1655 1229 1718 parte
1265 1649 1328 1703 l9
1373 1649 1554 1703 media
1587 1651 1656 1704 ad
1686 1650 1753 1706 18
1801 1649 2036 1721 Scorpii.

475 1732 633 1788 Prior
665 1734 841 1787 oritur
870 1736 1029 1789 stella
1074 1737 1349 1791 borealior
1391 1738 1716 1805 lucidarum,
1751 1757 1872 1812 quae
1911 1749 2040 1798 sunt

2139 563 2243 626 ἕως
2269 563 2533 634 Σκορπίου
2559 562 2603 615 θ’
2631 561 2821 633 μέσης.
2857 563 2968 614 Καὶ
2999 568 3047 614 α’
3085 562 3183 632 μὲν
3227 562 3402 636 ἀστὴρ
3423 563 3702 618 ἀνατέλλει

2138 655 2168 704 6
2202 655 2260 707 tv
2285 656 2352 725 τῇ
2384 653 2547 718 ἀκίδι,
2579 653 2803 723 ἔσχατος
2839 653 2896 706 δὲ
2940 655 2969 706 6
3015 655 3074 706 tv
3112 656 3223 717 τοῖς
3264 655 3530 719 ὀπισθίοις
3575 654 3704 710 ποσὶ

2137 745 2405 818 λαμπρός.
2437 747 2773 817 Μεσουρανεί
2800 745 2858 798 δὲ
2901 745 3009 800 τῶν
3041 745 3215 800 ἄλλων
3248 747 3490 816 ἀστέρων
3525 754 3572 800 α’
3606 749 3703 818 μὲν

2137 839 2237 908 τῆς
2287 838 2562 910 Παρθένου
2608 841 2636 892 6
2680 839 2740 891 tv
2785 837 2863 908 τῷ
2915 837 3184 910 ἀριστερῷ
3224 838 3464 907 ἀγκῶνι,
3513 839 3704 910 μικρὸν

2139 929 2542 1001 προηγούμενος
2578 927 2670 980 τοῦ
2709 926 3078 999 μεσημϐρινοῦ
3103 943 3115 955 ’
3165 926 3389 996 ἔσχατος
3421 926 3477 978 δὲ
3509 925 3601 978 τοῦ
3643 941 3705 977 τε

2139 1020 2406 1091 Σκορπίου
2436 1021 2464 1072 6
2496 1019 2664 1088 μέσος
2699 1019 2806 1072 τῶν
2850 1020 2907 1071 tv
2953 1017 3032 1089 τῷ
3074 1018 3255 1088 στήθει
3302 1014 3702 1089 λαμπρότατος,

2139 1110 2234 1162 καὶ
2261 1110 2288 1160 6
2320 1112 2376 1162 tv
2408 1111 2474 1179 τῇ
2505 1109 2766 1179 ἀριστερᾷ
2794 1108 2936 1178 χειρὶ
2975 1106 3067 1160 τοῦ
3107 1105 3388 1176 Ὀφιούχου
3409 1124 3422 1136 ·
3471 1106 3565 1159 καὶ
3609 1105 3706 1158 τοῦ

2140 1201 2412 1270 Στεφάνου
2440 1201 2468 1252 6
2493 1200 2540 1268 γ’
2566 1197 2672 1252 ἀπὸ
2714 1199 2805 1252 τοῦ
2835 1198 3085 1270 λαμπροῦ
3125 1198 3217 1251 ἐπὶ
3245 1197 3312 1250 τά
3337 1194 3596 1268 ἑπόμενα,
3629 1197 3707 1262 ὥς

2139 1294 2434 1364 ἡμιπήχιον
2487 1290 2897 1362 προηγούμενος
2961 1286 3054 1343 τοῦ
3113 1288 3506 1362 μεσημϐρινοῦ.
3553 1291 3708 1343 Ἀνα-

2139 1380 2310 1433 τέλλει
2335 1381 2392 1433 δὲ
2419 1381 2447 1433 6
2478 1377 2710 1450 Τοξότης
2735 1381 2793 1434 tv
2826 1379 2996 1451 ὥραις
3027 1385 3096 1448 γ’.

2209 1473 2265 1526 l'.
2298 1473 2461 1526 Ὅταν
2493 1472 2549 1525 δὲ
2590 1473 2618 1524 6
2651 1473 2964 1542 Αίγόκερως
3007 1470 3288 1543 ἀνατέλλῃ,
3334 1471 3707 1527 συνανατέλλει

2143 1561 2239 1631 μὲν
2277 1561 2424 1631 αὐτῷ
2452 1562 2480 1614 6
2509 1561 2769 1626 ζωδιακὸς
2798 1562 2906 1614 ἀπὸ
2941 1560 3166 1625 Τοξότου
3195 1562 3304 1632 μοί.
3331 1560 3375 1614 θ’
3408 1563 3498 1614 καὶ
3523 1569 3569 1616 κ’
3606 1561 3705 1632 μέ-

2143 1669 2240 1723 σης
2264 1651 2367 1716 ἔως
2396 1653 2766 1724 Αίγοκέρωτος
2799 1653 2843 1716 ζ’
2875 1653 2969 1706 καὶ
3014 1660 3090 1706 κ’·
3151 1657 3474 1725 μεσουρανεῖ
3505 1654 3561 1707 6t
3599 1654 3709 1707 ἀπὸ

2140 1741 2333 1814 Χηλῶν
2364 1743 2428 1796 ιθ¹
2457 1745 2627 1816 μέσης
2650 1745 2754 1808 ἔως
2783 1744 3048 1815 Σκορπίου
3076 1750 3163 1815 ιη’.
3192 1746 3302 1798 Καὶ
3334 1743 3381 1798 6'
3406 1745 3504 1816 μὲν
3531 1747 3708 1817 ἀστὴρ

476 1824 532 1877 in
563 1824 821 1894 genibus;
852 1824 1062 1890 ultima,
1095 1826 1396 1883 succedens
1418 1828 1743 1897 lucidarum,
1768 1848 1888 1902 quae
1909 1841 2039 1887 sunt

2141 1834 2414 1889 ἀνατέλλει
2435 1837 2463 1888 6
2491 1835 2822 1907 βορειότερος
2845 1836 2953 1888 τῶν
2984 1839 3043 1888 tv
3065 1839 3175 1901 τοῖς
3203 1837 3390 1905 γόνασι
3419 1837 3705 1908 λαμπρῶν,

475 1914 532 1968 in
563 1915 758 1969 cauda.
787 1916 1030 1968 Aliarum
1058 1917 1337 1970 stellarum
1370 1919 1606 1974 medium
1633 1922 1757 1976 ειειί
1781 1925 2037 1980 verticem

475 2015 625 2063 tenet
662 2007 834 2076 prior,
866 2007 1207 2062 lucidissima
1232 2023 1442 2074 earum,
1471 2027 1593 2080 qua:
1625 2023 1754 2069 sunt
1781 2015 1835 2070 in
1859 2016 2040 2073 Boota:

476 2099 696 2170 cingulo
726 2117 740 2153 :
766 2109 820 2153 et
863 2098 919 2152 in
959 2098 1145 2153 Chelis
1191 2101 1527 2157 antecedens
1571 2111 1830 2160 extremae
1861 2106 2040 2164 Chelas

475 2189 730 2244 borealis.
776 2189 905 2242 Item
931 2188 1133 2253 lucida,
1179 2205 1300 2259 quae
1343 2191 1398 2244 in
1442 2190 1706 2263 Serpente
1738 2212 1836 2266 per
1871 2197 2041 2257 Ursas

475 2290 692 2337 meante
720 2281 789 2337 ab
815 2283 1160 2337 extremitate
1182 2283 1370 2338 caudae
1395 2285 1556 2339 tertia
1587 2300 1926 2355 numeratur,
1957 2307 2043 2346 se-

475 2372 778 2427 micubitali
823 2374 1001 2443 spatio
1044 2373 1404 2430 meridianum
1451 2377 1801 2447 praecedens;
1849 2383 2042 2438 ultimo

475 2464 740 2518 culminat
773 2465 963 2520 dexter
987 2465 1250 2522 humerus
1279 2468 1575 2538 lngeniculi
1602 2487 1616 2536 ;
1643 2479 1696 2526 et
1728 2488 1850 2543 qua:
1888 2489 1919 2528 a
1956 2490 2043 2530 se-

476 2555 788 2625 ptentrione
815 2556 1026 2625 adjacet
1052 2573 1117 2612 ex
1147 2559 1214 2614 iis
1246 2574 1367 2628 quae
1407 2561 1464 2615 in
1489 2561 1683 2617 dextro
1712 2580 1873 2621 crure
1915 2576 2044 2622 sunt

475 2646 746 2718 ejusdem.
768 2647 954 2703 Oritur
981 2648 1345 2720 Capricornus
1376 2651 1509 2707 bora
1538 2655 1588 2719 1,
1621 2655 1723 2711 50'.

547 2831 685 2888 Cum
735 2831 975 2902 Aquario
1038 2833 1298 2890 zodiacus
1353 2835 1585 2908 emergit
1637 2850 1668 2889 a
1721 2835 2044 2907 Capricorni

476 2934 633 2995 parte
679 2925 714 2980 6
760 2926 826 2981 ad
868 2926 1093 2996 Aquarii
1134 2925 1198 2981 21
1245 2926 1517 2991 mediam;
1569 2929 1832 2982 culminat
1880 2945 1910 2983 a
1949 2929 2042 2983 Li-

477 3013 589 3066 brae
614 3012 683 3066 27
713 3013 778 3068 ad
807 3013 1085 3086 Sagittarii
1111 3015 1161 3069 7.
1193 3015 1373 3068 Prima
1413 3017 1696 3071 stellarum
1729 3019 1910 3074 oritur
1940 3035 2040 3073 an-

477 3105 733 3160 tecedens
769 3120 889 3159 eam
934 3121 1055 3176 quae
1104 3114 1187 3160 est
1231 3107 1286 3160 in
1341 3122 1507 3161 manu
1557 3109 1810 3175 sinistra;
1847 3110 2040 3164 ultima

477 3210 629 3262 vero,
663 3195 841 3250 lucida
869 3170 1023 3264 pedis
1047 3195 1242 3250 dextri.
1271 3193 1545 3250 Culminat
1573 3211 1602 3250 e
1632 3170 1841 3252 caeteris
1865 3200 2036 3266 prior,
2067 3170 2109 3227 δ

477 3301 601 3357 quae
636 3293 722 3340 est
761 3286 818 3339 in
850 3285 1027 3354 capite
1073 3285 1274 3339 Bootae.
1317 3282 1544 3350 Ultima,
1579 3286 1849 3341 borealior
1880 3287 2042 3360 138

478 3391 668 3433 earum
691 3391 812 3447 qua:
835 3384 963 3432 sunt
987 3376 1042 3429 in
1073 3390 1201 3430 arcu
1235 3375 1552 3447 Sagittarii;
1583 3384 1637 3431 et
1665 3385 1774 3432 tres
1802 3379 1858 3434 in
1892 3379 2042 3436 dire-

479 3478 624 3524 ctum
653 3466 862 3538 positae,
907 3480 971 3519 ac
1003 3466 1228 3521 nomine
1269 3473 1542 3533 carentes,
1587 3482 1708 3536 quae
1740 3471 2043 3524 secundum

479 3558 732 3614 dextrum
762 3557 1047 3612 humerum
1071 3554 1341 3627 Opbiuchi
1374 3575 1387 3611 :
1420 3573 1519 3612 nec
1545 3573 1654 3612 non
1687 3558 1890 3622 lucida,
1921 3576 2045 3630 quae

479 3653 641 3708 estin
671 3650 896 3706 sinistro
936 3649 1145 3706 femore
1172 3649 1496 3721 Ingeniculi,
1530 3651 1687 3720 quasi
1713 3651 2044 3706 semicubito

481 3741 845 3797 meridianum
880 3741 1214 3811 praecedens.
1261 3738 1449 3794 Oritur
1478 3739 1759 3810 Aquarius
1795 3741 1948 3798 boris
1983 3742 2040 3806 2,

481 3842 534 3888 et
564 3833 807 3904 partibus
836 3831 1068 3888 duabus.

555 4035 804 4092 Piscibus
843 4035 1165 4100 orientibus,
1204 4034 1450 4090 ascendit
1480 4049 1604 4089 cum
1636 4033 1744 4089 illis
1787 4033 2046 4088 zodiacus

484 4129 553 4184 ab
580 4127 805 4198 Aquarii
847 4137 1002 4198 parte
1028 4127 1058 4178 7
1108 4125 1176 4180 ad
1208 4126 1411 4183 Arietis
1462 4125 1566 4192 i6;
1606 4124 1870 4180 culminat
1911 4139 1942 4178 a
1973 4123 2045 4178 ‘26

485 4218 699 4290 Scorpii
728 4219 795 4272 ad
838 4217 1160 4288 Capricorni
1181 4219 1234 4272 9.
1262 4217 1424 4273 Prior
1454 4219 1680 4287 emergit
1711 4233 1832 4289 quae
1859 4218 1913 4272 in
1949 4233 2048 4272 ex-

481 4321 657 4370 tremo
703 4318 882 4367 rostro
927 4311 1106 4368 Piscis
1135 4312 1426 4379 australis;
1460 4311 1781 4376 novissima,
1819 4326 1940 4382 qua:
1989 4313 2047 4365 in

481 4404 635 4459 Νοᾶο
668 4403 954 4458 linearum.
982 4402 1312 4458 Catterarum
1342 4403 1518 4473 prima
1545 4401 1808 4458 culminat
1836 4418 1956 4473 quae
1989 4403 2047 4456 in

2139 1931 2363 2003 ἔσχατος
2389 1930 2444 1985 δὲ
2465 1933 2492 1986 6
2515 1931 2775 2002 ἑπόμενος
2799 1931 2907 1984 τῶν
2933 1934 2990 1984 ἐν
3009 1933 3072 2002 τῇ
3097 1931 3230 2002 οὐρᾷ
3255 1930 3539 2001 λαμπρῶν.
3563 1932 3710 1984 Μεσ-

2138 2023 2351 2092 ουρανεῖ
2379 2021 2435 2074 6t
2463 2021 2570 2073 τῶν
2601 2019 2773 2074 ἄλλων
2821 2026 2867 2073 6'
2905 2019 3003 2090 μὲν
3037 2020 3130 2074 τοῦ
3165 2037 3224 2072 τε
3272 2019 3480 2074 Βοῶτου
3508 2020 3616 2072 τῶν
3649 2022 3709 2074 tv

2137 2113 2204 2183 τῇ
2232 2111 2374 2184 ζώνῃ
2403 2115 2430 2166 6
2458 2112 2856 2184 λαμπρότατος,
2887 2113 2979 2166 καὶ
3008 2111 3116 2166 τῶν
3156 2111 3350 2182 Χηλῶν
3382 2114 3409 2165 6
3441 2113 3709 2184 προηγού-

2141 2220 2300 2272 μενος
2327 2203 2425 2273 τῆς
2445 2204 2616 2274 ἄκρας
2641 2203 2738 2273 τῆς
2761 2203 2974 2273 βορείοις
3006 2202 3212 2273 Χηλῆς,
3246 2203 3338 2256 καὶ
3360 2203 3452 2256 τοῦ
3485 2203 3573 2257 διά
3597 2203 3706 2257 τῶν

2143 2295 2392 2364 ’Λρκτων
2430 2296 2642 2363 Ὄφεως
2668 2296 2696 2346 6
2727 2293 2774 2362 γ’
2803 2295 2895 2347 ἀπ’
2929 2295 3104 2366 ἄκρας
3129 2296 3227 2366 τῆς
3254 2296 3421 2368 οὐρᾶς
3443 2295 3706 2367 ἀριθμού-

2143 2402 2301 2455 μενος
2353 2384 2620 2456 λαμπρὸς,
2685 2385 2761 2450 ὥς
2815 2387 3115 2458 ὴμιπήχιον
3167 2387 3573 2460 προηγούμενος
3614 2389 3706 2442 τοῦ

2143 2477 2514 2547 μεσημϐρινοῦ
2535 2494 2546 2505 ·
2580 2477 2805 2546 ἔσχατος
2832 2477 2888 2531 δὲ
2917 2482 3241 2551 μεσουρανεῖ
3282 2480 3377 2533 τοῦ
3422 2482 3510 2535 Ἐν
3551 2483 3710 2550 γόνα-

2141 2584 2224 2620 σιν
2255 2569 2282 2621 ὄ
2319 2585 2377 2620 τε
2417 2567 2588 2632 δεξιὸς
2622 2563 2770 2639 ῶμος
2806 2571 2900 2623 καὶ
2931 2572 2960 2625 6
2992 2571 3098 2624 ἀπὸ
3128 2571 3327 2643 ἀρκτου
3373 2575 3711 2647 παρακείμε-

2139 2676 2227 2722 νος
2251 2658 2357 2712 τῶν
2397 2661 2457 2714 ὲν
2494 2664 2559 2731 τῇ
2596 2661 2744 2734 δεξιᾷ
2766 2665 2970 2738 κνήμῃ.
3017 2667 3317 2722 Ἀνατέλλει
3348 2669 3404 2722 6t
3434 2671 3462 2723 6
3487 2670 3712 2740 Αἰγόκε-

2143 2765 2249 2821 ρως
2275 2752 2332 2804 tv
2363 2750 2482 2822 ὥρᾳ
2514 2752 2562 2804 6'
2593 2754 2687 2806 καὶ
2715 2754 2924 2825 ἡμίσει,
2954 2758 3048 2810 καὶ
3085 2765 3132 2826 γ’
3166 2759 3342 2832 μέρει.

2212 2843 2377 2896 Ὅταν
2407 2843 2462 2896 δὲ
2493 2847 2521 2898 6
2563 2845 2842 2916 Ὑδροχόος
2876 2847 3159 2922 ἀνατέλλῃ,
3206 2852 3576 2906 συνανατέλλει
3611 2855 3708 2925 μὲν

2140 2934 2288 3004 αὐτῷ
2319 2936 2348 2986 6
2379 2935 2642 3000 ζωδιακὸς
2684 2939 2791 2991 ἀπὸ
2829 2940 3109 3014 Αἰγόκερω
3141 2941 3250 3012 μοί.
3287 2950 3339 3008 ς’
3380 2943 3484 3008 ἔως
3523 2945 3709 3016 Ὑδρο-

2141 3026 2266 3096 χόου
2295 3032 2342 3079 α’
2371 3029 2464 3081 καὶ
2496 3035 2542 3081 κ’
2576 3029 2745 3101 μέσης
2763 3047 2776 3060 ·
2811 3034 3134 3104 μεσουρανεῖ
3157 3033 3212 3086 δὲ
3243 3033 3350 3087 ἀπὸ
3374 3036 3567 3107 Χηλῶν
3599 3039 3706 3108 μοί.

2143 3116 2187 3182 ζ’
2218 3118 2312 3171 καὶ
2337 3116 2383 3170 κ’
2407 3119 2511 3182 ἕως
2543 3120 2770 3187 Τοξότου
2797 3122 2860 3185 ζ’.
2887 3122 2997 3176 Καὶ
3021 3129 3069 3174 α’
3103 3122 3202 3192 μὲν
3234 3125 3408 3197 ἀστὴρ
3436 3127 3712 3182 ἀνατέλλει

2141 3209 2169 3260 6
2198 3209 2496 3282 ἡγούμενος
2532 3211 2626 3266 τοῦ
2663 3213 2723 3267 ἐν
2763 3215 2830 3286 τῇ
2882 3215 3146 3288 ἀριστερᾷ
3169 3217 3329 3290 χειρὶ,
3355 3217 3580 3291 ἔσχατος
3607 3221 3662 3276 δὲ
3683 3223 3715 3276 6

2141 3299 2199 3354 tv
2225 3301 2304 3372 τῷ
2333 3303 2489 3374 δεξιῷ
2516 3305 2637 3357 ποδὶ
2665 3305 2933 3378 λαμπρός.
2959 3310 3300 3380 Μεσουρανεῖ
3325 3311 3384 3364 δὲ
3411 3312 3516 3366 τῶν
3541 3313 3713 3369 ἀλλων

2143 3404 2191 3450 α’
2223 3398 2320 3468 μὲν
2347 3400 2375 3451 6
2407 3399 2465 3451 tv
2497 3401 2560 3469 τῇ
2593 3399 2801 3470 κεφαλῇ
2840 3397 2934 3453 τοῦ
2977 3401 3210 3464 Βοώτου,
3251 3402 3476 3473 ἔσχατος
3516 3405 3572 3458 δὲ
3621 3406 3713 3460 τοῦ

2144 3489 2370 3554 Τοξότου
2415 3491 2443 3542 6
2496 3489 2829 3562 βορειότερος
2877 3492 2984 3544 τῶν
3034 3495 3092 3546 tv
3141 3492 3220 3564 τῷ
3267 3493 3438 3562 τόξῳο
3482 3497 3576 3550 καὶ
3621 3496 3714 3550 τοῦ

2155 3580 2434 3652 Ὀφιούχου
2477 3585 2524 3634 οἱ
2577 3583 2729 3653 παρά
2771 3582 2863 3636 τὸν
2913 3584 3083 3650 δεξιὸν
3128 3582 3274 3656 ὦμον
3310 3594 3358 3655 γ’
3391 3589 3478 3640 ἔπ’
3503 3587 3716 3652 εὐθείας

2143 3670 2600 3742 ἀκατονόμαστον
2633 3673 2725 3726 καὶ
2752 3671 2845 3726 τοῦ
2890 3675 2977 3727 Ἐν
3028 3675 3249 3744 γόνασιν
3300 3677 3329 3728 6
3377 3679 3436 3730 tv
3480 3676 3558 3747 τῷ
3590 3679 3714 3750 ἀρι-

2149 3761 2326 3833 στερῷ
2362 3763 2520 3834 μηρῷ
2560 3763 2828 3836 λαμπρὸς,
2863 3765 2938 3828 ὥς
2978 3768 3276 3838 ἡμιπηχιον
3310 3769 3718 3841 προηγούμενος

2143 3852 2236 3905 τοῦ
2267 3853 2658 3924 μεσημϐρινοῦ.
2692 3855 2994 3908 ’Λνατέλλει
3023 3856 3079 3909 δὲ
3103 3859 3131 3910 6
3161 3857 3442 3929 Ὺδροχόος
3465 3861 3521 3913 tv
3547 3859 3716 3930 ὥραις

2147 3944 2192 4014 β’
2221 3946 2316 3998 καὶ
2344 3946 2464 3998 δυσὶ
2497 3946 2717 4016 μέρεσιν
2749 3946 2919 4018 ὥρας.

2218 4036 2384 4090 Ὅταν
2413 4036 2469 4088 6t
2504 4039 2552 4090 οἱ
2594 4037 2792 4108 ’ἰχθύες
2827 4039 3175 4107 ἀνατέλλωσι,
3208 4043 3584 4098 συνανατέλλει
3615 4044 3715 4115 μὲν

2145 4127 2327 4191 αὐτοῖς
2355 4128 2383 4180 6
2407 4126 2666 4192 ζωδιακὸς
2697 4129 2804 4182 ἀπὸ
2836 4130 3119 4201 Ὑδροχόου
3160 4133 3271 4203 μοί.
3318 4133 3361 4196 ζ’
3407 4134 3511 4198 ἔως
3541 4134 3713 4206 Κριοῦ

2152 4216 2222 4282 ις’
2243 4234 2256 4249 ο
2291 4221 2611 4289 μεσουρανεῖ
2639 4219 2695 4271 6t
2729 4219 2837 4272 ἀπὸ
2879 4220 3147 4291 Σκορπίου
3180 4222 3289 4292 μοί.
3328 4230 3382 4288 ς’
3411 4225 3506 4277 καὶ
3533 4225 3583 4277 κ’
3612 4225 3715 4289 ἔως

2146 4310 2430 4381 Αἰγόκερω
2461 4310 2568 4380 μοί.
2618 4310 2681 4362 θ’.
2714 4311 2828 4364 Καὶ
2865 4318 2912 4365 α’
2947 4313 3045 4383 μὲν
3076 4314 3250 4385 ἀστὴρ
3283 4315 3559 4370 ἀνατέλλει
3599 4319 3628 4369 6
3657 4318 3716 4368 tv

2148 4404 2302 4473 ἄκρῳ
2324 4403 2402 4473 τῷ
2427 4403 2614 4473 ῥύγχει
2640 4402 2732 4456 τοῦ
2764 4404 2938 4457 νοτίου
2975 4404 3196 4474 Ἰχθύος,
3229 4405 3455 4477 ἔσχατος
3492 4407 3546 4460 δὲ
3588 4408 3616 4459 6
3658 4408 3717 4461 tv

483 4511 745 4568 processu
779 4495 952 4550 dextri
995 4494 1219 4551 femoris
1264 4495 1598 4566 lngeniculi;
1637 4503 1691 4552 et
1718 4511 1840 4566 quae
1888 4511 1920 4549 a
1958 4511 2043 4552 se-

2149 4491 2224 4562 τῷ
2249 4491 2535 4561 Συνδέσμῳ
2556 4491 2661 4544 τῶν
2695 4491 2873 4546 λίνων.
2921 4492 3265 4563 Μεσουρανεί
3307 4495 3364 4548 6t
3405 4495 3514 4548 τῶν
3542 4495 3716 4548 ἄλλων

483 4587 885 4659 ptentrionibus
921 4586 1130 4656 adjacet
1161 4586 1230 4640 iis
1259 4601 1381 4656 quae
1413 4594 1543 4642 sunt
1574 4587 1630 4641 in
1660 4588 1849 4641 aculeo
1881 4583 2048 4639 Scor-

483 4681 592 4750 pii;
630 4695 751 4750 qua:
783 4687 965 4733 autem
1016 4680 1071 4733 in
1121 4678 1299 4748 capite
1341 4685 1427 4733 est
1473 4677 1797 4748 lngeniculi,
1828 4677 2044 4732 duabus

481 4771 700 4826 circiter
728 4771 893 4826 cubiti
927 4769 1175 4841 partibus
1219 4779 1304 4824 est
1334 4771 1474 4824 citra
1507 4769 1908 4835 meridianum;
1949 4783 2048 4838 po-

2144 4588 2192 4636 6'
2221 4581 2319 4652 μὲν
2351 4581 2443 4634 τοῦ
2472 4598 2529 4633 τε
2563 4582 2650 4634 Ἐν
2681 4581 2900 4649 γόνασιν
2927 4584 2955 4634 6
2983 4585 3039 4636 tv
3059 4586 3124 4654 τῇ
3157 4585 3384 4655 ἔκφύσει
3416 4585 3510 4638 τοῦ
3541 4584 3715 4650 δεξιοῦ

2144 4671 2342 4744 μηροῦ,
2362 4673 2457 4725 καὶ
2490 4671 2581 4724 τοῦ
2610 4671 2876 4740 Σκορπίου
2915 4673 2943 4725 6
2975 4673 3068 4725 ἀπ’
3115 4673 3331 4746 ἄρκτων
3375 4677 3718 4746 παρακείμε-

2139 4777 2228 4823 νος
2255 4763 2367 4824 τοῖς
2399 4762 2457 4813 tv
2494 4759 2570 4829 τῷ
2591 4760 2834 4832 κέντρῳ·
2865 4760 2894 4811 6
2933 4760 2990 4814 6t
3033 4762 3092 4815 tv
3134 4766 3199 4834 τῇ
3243 4764 3450 4836 κεφαλῇ
3491 4764 3584 4818 τοῦ
3630 4765 3719 4816 Ἐν

481 4872 684 4918 stremo
716 4863 980 4917 culminat
1009 4862 1303 4916 australior
1329 4876 1539 4924 earum,
1567 4875 1688 4930 qua:
1728 4861 1784 4914 in
1814 4860 2043 4930 genibus

2141 4853 2361 4921 γόνασιν
2408 4851 2756 4906 ὑπολείπεται
2805 4851 2898 4904 τοῦ
2953 4853 3324 4926 μεσημὸρινοῦ
3363 4855 3439 4919 ὡς
3485 4855 3527 4925 β’
3575 4855 3716 4926 μέρη

481 4953 838 5023 Capricorni:
869 4962 922 5009 et
959 4964 1079 5022 quae
1120 4953 1177 5006 in
1209 4959 1432 5022 gutture
1471 4959 1556 5006 est
1593 4949 1743 5016 Avis,
1780 4957 1945 5020 atque
1990 4950 2047 5003 in

478 5043 619 5099 ﬂexu
651 5047 747 5100 alte
779 5045 1033 5100 dexterae.
1059 5042 1324 5098 Oriuntur
1351 5041 1538 5098 Pisces
1565 5043 1715 5097 horis
1747 5042 1802 5104 ὅ,
1834 5040 1902 5094 6'.

2142 4947 2387 5016 πήχεως·
2421 4943 2646 5014 ἔσχατον
2681 4944 2737 4997 δὲ
2766 4947 3084 5014 μεσουρανεῖ
3129 4945 3222 4998 τοῦ
3270 4965 3330 4999 τε
3378 4947 3658 5018 Αἰγόκερω
3690 4948 3719 4998 6

2141 5036 2455 5107 νοτιώτερος
2499 5036 2605 5089 τῶν
2655 5037 2714 5089 tv
2774 5038 2884 5099 τοίς
2934 5037 3155 5104 γόνασιν
3227 5039 3428 5104 αὐτοῦ,
3484 5038 3578 5091 καὶ
3623 5037 3717 5089 τοῦ

484 5139 732 5212 ’Ὄρνιθος
763 5141 790 5191 6
817 5140 873 5190 tv
903 5135 980 5206 τῷ
1002 5136 1254 5208 λάρυγγι,
1286 5135 1495 5190 καὶτοῦ
1523 5137 1580 5190 tv
1610 5134 1688 5206 τῷ
1709 5133 1917 5202 ἀγκῶνι
1945 5132 2044 5202 τῆς
2076 5129 2255 5196 δεξιᾶς
2319 5129 2611 5200 πτέρυγος.
2649 5126 3022 5183 Ἀνατέλλουσι
3047 5131 3103 5184 6t
3130 5131 3180 5183 οἱ
3213 5130 3413 5201 ’ἰχθύες
3441 5133 3498 5184 tv
3551 5130 3719 5200 ὥραις

478 5239 526 5300 γ’
555 5231 646 5283 καὶ
677 5227 705 5282 ι’
735 5229 908 5300 μέρει.

548 5322 638 5375 Χί.
680 5322 816 5375 Cum
851 5320 1032 5375 Ariete
1071 5318 1328 5376 zodiacus
1367 5319 1543 5374 oritur
1588 5335 1618 5373 a
1665 5318 1845 5374 media
1883 5325 2042 5388 parte

482 5413 548 5467 49
578 5411 815 5466 Piscium
851 5411 918 5465 ad
953 5411 1153 5465 Arietis
1186 5410 1254 5464 24
1276 5428 1290 5475 ;
1315 5413 1576 5465 culminat
1603 5425 1634 5464 a
1661 5410 1937 5481 Sagittarii
1963 5409 2034 5461 ΕΜ

478 5501 653 5554 media
686 5499 753 5554 ad
797 5499 1115 5569 Capricorni
1147 5500 1232 5554 14.
1264 5498 1445 5552 Prima
1473 5500 1650 5554 oritur
1697 5513 1761 5554 ea
1800 5514 1921 5569 quae
1959 5505 2044 5552 est

2209 5310 2312 5364 IA’.
2338 5307 2428 5378 Τῷ
2450 5308 2506 5389 δὲ
2528 5307 2682 5381 Κριῷ
2717 5309 3092 5362 συνανατέλλει
3122 5307 3220 5379 μὲν
3255 5309 3284 5361 6
3321 5308 3580 5373 ζωδιακὸς
3611 5309 3720 5384 ἀπὸ

2151 5401 2371 5472 Ἰχθύων
2400 5401 2510 5472 μοί.
2545 5401 2609 5454 ιθ⁹
2641 5401 2810 5472 μέσης
2835 5401 2940 5466 ἓως
2962 5401 3133 5474 Κριοῦ
3156 5403 3199 5456 δ’
3227 5403 3320 5455 καὶ
3344 5409 3392 5455 κ’
3414 5420 3426 5434 ο
3457 5418 3720 5473 μεσουρα-

2133 5498 2218 5548 νεῖ
2248 5495 2304 5547 δὲ
2337 5494 2444 5547 ἀπὸ
2467 5493 2693 5556 Τοξότου
2715 5494 2755 5546 δ’
2781 5495 2874 5546 καὶ
2903 5501 2951 5547 κ’
2977 5497 3148 5566 μέσης
3187 5495 3294 5556 ἔως
3325 5495 3606 5565 Αίγὸκερω
3636 5493 3713 5545 ιδ’.

481 5593 534 5646 in
572 5592 830 5646 anteriori
883 5593 1052 5661 pede;
1101 5593 1312 5654 ultima,
1349 5592 1652 5648 succedens
1687 5607 1874 5647 earum
1920 5605 2042 5660 quas

2141 5587 2249 5639 Καὶ
2279 5591 2328 5637 α’
2365 5587 2462 5655 μὲν
2488 5585 2662 5656 ἀστὴρ
2707 5585 2983 5640 ἀνατέλλει
3030 5589 3059 5639 6
3112 5588 3207 5640 ἐπὶ
3250 5587 3343 5639 τοῦ
3385 5585 3718 5658 ἐμπροσθίου

481 5691 609 5735 sunt
644 5683 701 5735 in
755 5683 948 5738 cauda.
996 5683 1323 5741 Caeterarum
1373 5684 1658 5747 culminat,
1710 5683 2041 5737 antecedens

2141 5676 2313 5739 ποδὸς,
2346 5675 2568 5745 ἔσχατος
2597 5677 2653 5730 δὲ
2689 5677 2718 5728 6
2755 5679 3016 5748 ἑπόμενος
3047 5679 3157 5732 τῶν
3199 5681 3257 5732 tv
3285 5681 3350 5750 τῇ
3385 5679 3540 5751 οὐρᾷ.
3573 5679 3722 5731 Μεσ-

478 5783 670 5826 earum
695 5785 816 5839 qua:
849 5779 974 5827 sunt
1005 5772 1062 5827 in
1088 5771 1220 5842 jugo
1251 5766 1545 5827 Fidicula:
1585 5773 1714 5860 item
1732 5768 2036 5826 succedens

2141 5769 2350 5839 ουρανεί
2391 5766 2446 5820 δὲ
2492 5767 2600 5822 τῶν
2649 5767 2821 5824 αλλων
2868 5771 2966 5841 τῆς
3015 5787 3073 5823 τε
3129 5771 3313 5842 Λύρας
3353 5773 3382 5824 6
3419 5768 3722 5841 ἡγούμενκ
