4130 6410
407 383 547 438 11-25

1358 381 1728 439 HIPPARCHI
1763 380 1854 438 AD
1889 382 2339 440 PHIENOMENA
2367 383 2496 440 LIB.
2531 383 2615 440 Ill.

3499 383 3638 441 H26

399 495 508 548 τῶν
527 495 584 546 ὲν
605 492 683 564 τῷ
705 492 1007 564 ζυγῶματι,
1035 493 1130 548 1:61
1155 493 1249 546 τοῦ
1274 493 1501 560 Τοξότου
1527 495 1556 546 6
1581 494 1843 565 ἑπόμενος
1865 496 1968 548 τῶν

2075 511 2263 552 earum
2296 511 2416 566 quae
2441 503 2570 552 sunt
2610 497 2665 550 in
2698 503 2851 568 tergo
2881 493 3178 565 Sagittarii,
3218 495 3432 553 duabus
3464 499 3637 559 cubiti

400 587 460 638 ἐν
480 584 559 655 τῷ
582 584 752 655 νώτῳ,
785 585 860 647 ὼς
900 584 942 654 β’
982 585 1120 658 μέρη
1163 587 1380 656 πήχεως
1421 585 1828 656 προηγούμενος
1877 587 1971 640 τοῦ

403 677 807 750 μεσημϐρινοῦο
854 675 1080 746 ἔσχατος
1121 677 1177 730 δὲ
1207 679 1529 747 μεσουρανεῖ
1566 676 1659 729 τοῦ
1698 694 1758 729 τε
1792 677 1975 748 Ὑδρο-

400 771 526 841 χόου
571 772 598 824 6
626 770 888 839 ἑπόμενος
911 768 1020 821 τῶν
1059 770 1117 820 ἐν
1157 771 1222 838 τῇ
1266 768 1530 839 ἀριστερᾷ
1561 768 1722 840 χειρὶ,
1752 767 1844 820 1:61
1877 767 1972 822 τοῦ

401 859 683 930 Αίγόκερω
705 861 734 912 6
764 861 820 912 ἐν
848 857 927 928 τῷ
957 858 1163 928 στήθει,
1186 859 1278 910 1:61
1301 857 1394 911 τοῦ
1414 857 1664 926 Δελφῖνος
1685 858 1714 909 6
1739 858 1973 930 ἡγούμε-

398 969 488 1014 νος
541 952 648 1005 τῶν
685 952 743 1003 ὲν
776 953 841 1021 τῇ
883 951 1041 1021 οὐρᾷ.
1081 950 1381 1004 Ἀνατέλλει
1419 950 1476 1003 δὲ
1508 950 1537 1002 6
1567 949 1734 1020 Κριὸς
1765 952 1822 1004 ὲν
1855 951 1974 1024 ὥρᾳ.

396 1040 447 1096 α’
479 1042 572 1095 1:61
597 1041 716 1094 δυσὶ
742 1041 1196 1112 πεμπτημορίοις.

470 1134 577 1188 Τοῦ
618 1135 675 1187 δὲ
724 1133 938 1204 Ταύρου
986 1134 1382 1200 ἀνατέλλοντος,
1434 1137 1813 1190 συνανατέλλει
1875 1136 1973 1207 μὲν

399 1225 546 1296 αὐτῷ
581 1226 610 1278 6
641 1224 901 1288 ζωδιακὸς
949 1225 1055 1278 ἀπὸ
1105 1225 1317 1297 Ταύρου
1374 1228 1483 1298 μοί.
1531 1227 1576 1292 ζ’
1613 1229 1716 1292 ἕως
1759 1229 1972 1300 Ταύρου

395 1319 514 1390 μοί.
541 1317 586 1371 θ’
616 1319 710 1370 καὶ
755 1324 834 1372 1:"
867 1321 1188 1389 μεσουρανεί
1228 1318 1284 1372 δὲ
1321 1319 1426 1372 ἀπὸ
1454 1320 1826 1392 Αίγοκέρωτος
1860 1322 1968 1391 μοί.

401 1411 447 1482 βο
469 1409 564 1464 καὶ
589 1416 637 1462 κ’
668 1408 836 1480 μέσης
873 1409 978 1473 ἕως
1015 1409 1300 1481 Ὑδροχόου
1330 1409 1394 1465 θό
1439 1411 1548 1463 Καὶ
1577 1417 1623 1463 α’
1664 1411 1763 1482 μὲν
1800 1411 1974 1482 ἀστὴρ

399 1500 678 1554 ἀνατέλλει
700 1503 728 1554 6
753 1500 1074 1564 νοτιώτατος
1111 1501 1220 1553 τῶν
1257 1503 1315 1555 ὲν
1357 1505 1423 1574 τῇ
1454 1505 1703 1574 ἀποτομῇ
1726 1502 1786 1566 δ’,
1812 1502 1974 1573 ἔσχα-
1997 1489 2006 1498 ”

391 1610 488 1657 τος
525 1593 583 1646 δὲ
622 1595 651 1646 6
688 1595 746 1647 6v
781 1592 936 1664 ἄκρῳ
974 1593 1054 1664 τῷ
1087 1592 1245 1664 δεξιῷ
1290 1593 1498 1666 κέρατὶ.
1537 1595 1879 1666 Μεσουρανεῖ
1917 1594 1975 1646 66

395 1684 506 1738 τῶν
535 1685 709 1740 ἄλλων
752 1692 800 1740 α’
827 1687 924 1756 μὲν
969 1685 1064 1739 τοῦ
1108 1685 1354 1758 Ὄρνιθος
1400 1685 1429 1738 6
1475 1687 1532 1739 6v
1565 1685 1703 1758 μέσῃ
1743 1687 1809 1756 τῇ
1839 1685 1976 1756 οὐρᾷ

395 1774 667 1846 λαμπρὸς,
704 1775 927 1847 ἔσχατος
972 1776 1029 1829 δὲ
1065 1776 1160 1830 τοῦ
1202 1777 1439 1848 Κηφέως
1486 1778 1514 1828 6
1567 1776 1973 1848 προηγούμενος

2081 589 2328 659 partibus
2353 588 2679 644 antecedens
2707 588 3107 656 meridianum;
3142 595 3416 659 postrema
3439 593 3639 648 culmi-

2073 687 2168 733 nat
2189 678 2416 750 Aquarii
2453 680 2754 736 succedens
2799 695 3011 744 earum,
3040 695 3162 749 quae
3201 690 3330 736 sunt
3375 682 3431 737 in
3473 699 3638 740 manu

2074 771 2321 836 sinistra,
2347 780 2400 826 et
2429 787 2551 842 qua:
2581 771 2636 825 in
2666 779 2886 842 pectore
2913 770 3234 842 Capricorni
3258 789 3272 837 ;
3309 776 3638 830 antecedens

2071 864 2202 918 item
2245 877 2456 929 earum,
2491 879 2612 933 quae
2658 871 2788 919 sunt
2836 864 2893 918 in
2924 863 3098 918 cauda
3146 863 3418 935 Delphini.
3453 866 3641 924 Oritur

2072 952 2232 1008 Aries
2262 953 2395 1008 hora
2424 953 2473 1019 1,
2504 954 2607 1008 24'.

2145 1129 2328 1185 Tauro
2354 1141 2684 1202 emergente,
2716 1131 2972 1188 zodiacus
3006 1135 3207 1199 oritur,
3242 1151 3271 1189 a
3295 1144 3450 1206 parte
3473 1115 3640 1193 Tauri

2076 1219 2108 1272 7
2141 1221 2208 1275 ad
2235 1219 2334 1287 29;
2366 1221 2630 1277 culminat
2661 1238 2692 1276 a
2719 1221 3041 1292 Capricorni
3067 1223 3136 1278 22
3161 1227 3338 1280 media
3367 1226 3434 1280 ad
3455 1227 3641 1298 Aqua-

2072 1311 2139 1364 rii
2171 1309 2224 1364 9.
2259 1309 2416 1364 Prior
2447 1312 2624 1366 oritur
2669 1314 3072 1369 australissima
3112 1315 3180 1370 de
3221 1324 3478 1384 quatuor,
3519 1333 3642 1388 quae

2075 1410 2203 1460 sunt
2235 1403 2290 1457 in
2314 1403 2690 1471 abscissione;
2718 1405 2932 1471 ultima,
2952 1421 3073 1476 quae
3094 1417 3179 1462 est
3207 1407 3266 1461 in
3295 1410 3641 1464 extremitate

2072 1497 2252 1552 dextri
2275 1513 2469 1553 cornu.
2497 1498 2828 1554 Caeterarum
2859 1500 3138 1555 stellarum
3175 1501 3440 1556 culminat
3465 1503 3640 1573 prima

2070 1589 2276 1655 lucida,
2307 1605 2428 1660 qua:
2467 1597 2551 1646 est
2582 1591 2637 1644 in
2669 1591 2844 1645 cauda
2886 1592 3063 1646 media
3101 1590 3309 1664 Cygni;
3340 1603 3637 1664 postrema,

2072 1682 2261 1747 trium,
2301 1697 2422 1751 quae
2449 1682 2505 1736 in
2531 1682 2711 1752 capite
2738 1681 2938 1753 Cephei
2963 1693 3112 1748 sunt,
3142 1685 3493 1753 antecedens,
3530 1703 3640 1742 una

2074 1789 2198 1829 cum
2229 1772 2423 1829 dextro
2454 1774 2604 1829 illius
2636 1774 2794 1844 pede,
2838 1775 3166 1831 semicubito
3205 1775 3426 1832 circiter
3473 1780 3641 1834 meri-

393 1867 506 1922 τῶν
535 1870 594 1922 ὲν
621 1870 688 1940 τῇ
718 1869 926 1942 κεφαλῇ
956 1876 1004 1938 γ’
1023 1885 1038 1900 °
1083 1870 1178 1924 1:61
1227 1871 1256 1922 6
1302 1869 1472 1934 δεξιὸς
1504 1868 1668 1923 αὑτοῦ
1714 1869 1869 1934 ποῦς,
1901 1870 1968 1932 ὡς

2075 1866 2296 1922 dianum
2331 1866 2681 1936 praecedens;
2713 1881 2815 1921 nec
2861 1867 3056 1927 nonin
3099 1867 3322 1938 Aquarii
3364 1884 3501 1923 urna
3527 1885 3642 1926 me-

397 1958 697 2030 ήμιπήχιον
761 1959 1169 2032 προηγούμενος
1241 1960 1334 2013 τοῦ
1405 1961 1814 2032 μεσημὸρινοῦ·
1881 1961 1974 2014 1:61

386 2051 427 2103 ηδ
457 2078 459 2080 -
486 2050 651 2122 μέσος
700 2051 809 2106 τῶν
869 2054 927 2105 6v
975 2055 1042 2123 τῇ
1100 2051 1322 2106 κάλπιδι
1376 2052 1470 2106 τοῦ
1515 2053 1796 2124 Ὑδροχόου
1823 2092 1838 2117 ,
1903 2053 1978 2116 ὼς

2080 1961 2190 2025 dia,
2229 1959 2554 2015 semicubito
2585 1955 2698 2014 fere
2725 1959 3088 2015 meridianum
3136 1961 3485 2017 antecedens.
3525 1961 3644 2018 Ori-

2084 2058 2177 2107 tur
2206 2049 2420 2106 Taurus
2449 2050 2585 2104 hora
2615 2049 2667 2113 1,
2698 2057 2752 2105 et
2781 2051 2902 2121 1/8.

395 2139 698 2212 ήμιπήχιον
758 2141 1168 2212 προηγούμενος
1213 2141 1306 2194 τοῦ
1363 2141 1758 2212 μεσημϐρινοῦ.
1805 2141 2103 2195 Ἀνατέλλει
2130 2140 2188 2194 66
2219 2141 2248 2192 6
2281 2140 2490 2211 Ταῦρος
2521 2141 2580 2192 ὲν
2608 2139 2727 2212 ῶρᾳ
2751 2146 2798 2194 α’
2829 2142 2922 2194 1:61
2945 2147 2995 2212 η’
3027 2141 3202 2214 μέρει.

464 2247 590 2303 Τῶν
618 2248 675 2301 δὲ
708 2248 951 2320 Διδύμων
984 2249 1414 2317 ἀνατελλόντων,
1460 2252 1837 2306 συνανατέλλει
1869 2252 1966 2322 μὲν

387 2340 578 2404 αὐτοῖς
610 2341 640 2393 6
683 2339 944 2404 ζωδιακὸς
982 2341 1090 2394 ἀπὸ
1134 2341 1383 2413 Διδύμων
1424 2342 1534 2413 μοί.
1572 2341 1616 2412 β’
1653 2342 1824 2414 μέσης
1862 2343 1967 2406 ἕως

393 2429 640 2499 Διδύμων
677 2429 754 2482 λ”
809 2432 1132 2501 μεσουρανεί
1177 2431 1232 2484 δὲ
1269 2431 1378 2485 61:6
1413 2431 1697 2502 ’Υδροχόου
1742 2431 1850 2503 μοί.
1898 2437 1967 2485 ια’

397 2521 569 2593 μέσης
596 2521 700 2584 ἕως
739 2521 957 2592 Ἰχθύων
987 2521 1030 2574 θ’
1061 2523 1254 2594 μέσης.
1282 2523 1392 2576 Καὶ
1420 2524 1469 2578 α’
1506 2524 1604 2595 μὲν
1635 2524 1809 2596 ἀστὴρ
1840 2526 1969 2578 ἀνα-

391 2612 623 2666 τέλλειὸ
655 2615 712 2666 6v
745 2616 811 2685 τῇ
841 2614 1103 2685 ἀριστερᾷ
1147 2615 1289 2685 χειρὶ
1337 2615 1431 2668 τοῦ
1473 2616 1779 2687 ἡγουμένου
1823 2617 1976 2670 Διδύ-

398 2723 523 2777 μου,
553 2706 778 2778 ἔσχατος
803 2707 868 2760 δὲ
911 2709 940 2760 6
971 2708 1028 2761 ἐν
1067 2710 1132 2778 τῇ
1179 2707 1328 2778 δεξιᾷ
1376 2709 1518 2779 χειρὶ
1566 2708 1658 2761 τοῦ
1705 2709 1969 2780 ἑπομένου

394 2797 647 2868 Διδύμου.
680 2799 1021 2871 Μεσουρανεῖ
1049 2797 1107 2852 δὲ
1148 2799 1256 2852 τῶν
1297 2799 1471 2854 ἀλλων
1508 2801 1754 2869 ἀστέρων
1799 2807 1847 2854 α’
1872 2800 1972 2871 μὲν

393 2889 487 2944 τοῦ
517 2890 751 2962 Κηφέως
777 2893 806 2944 6
838 2891 896 2946 6v
931 2892 1008 2963 τῷ
1047 2890 1257 2962 σώματι
1297 2891 1568 2963 λαμπρὸς,
1608 2893 1702 2946 1:61
1745 2890 1840 2945 τοῦ
1879 2893 1972 2945 Ὑ-

390 2981 614 3053 δροχόου
654 2985 683 3036 6
713 2985 770 3037 ὲν
793 2983 872 3055 τῷ
904 2985 1062 3057 δεξιῷ
1103 2985 1225 3038 1:061
1255 2982 1522 3056 λαμπρὸς,
1553 2986 1646 3038 καὶ
1673 2985 1766 3039 τοῦ
1797 2985 1972 3039 νοτίου

408 3074 610 3145 Ἰχθύος
637 3075 665 3130 6
694 3076 752 3128 6v
783 3075 862 3147 τῷ
893 3077 1083 3148 ῥύγχει
1128 3076 1405 3147 λαμπρόςο
1439 3075 1666 3146 ἔσχατος
1697 3075 1753 3129 δὲ
1781 3092 1974 3147 μεσου-

2143 2249 2387 2306 Geminis
2429 2250 2758 2314 orientibus,
2795 2265 2918 2304 cum
2947 2251 3016 2305 iis
3054 2251 3311 2306 zodiacus
3338 2251 3576 2322 assurgit
3609 2265 3642 2306 a

2073 2340 2423 2398 Geminorum
2443 2349 2596 2412 parte
2617 2341 2652 2394 2
2674 2341 2850 2396 media
2873 2341 2939 2396 ad
2963 2341 3064 2408 30;
3090 2343 3354 2397 culminat
3372 2344 3440 2398 ab
3461 2343 3643 2412 Aqua-

2074 2435 2146 2490 rii
2176 2434 2239 2489 11
2275 2431 2454 2488 media
2483 2433 2550 2488 ad
2593 2433 2829 2488 mediam
2862 2434 3105 2490 Piscium
3144 2434 3197 2490 9.
3238 2433 3423 2490 Prima
3465 2436 3644 2491 oritur

2075 2541 2140 2582 ea
2167 2542 2289 2596 quae
2326 2535 2411 2583 est
2443 2527 2499 2581 in
2545 2526 2768 2581 sinistra
2803 2541 2967 2580 manu
3001 2527 3360 2597 praecedentis
3391 2527 3638 2594 Gemini;

2073 2617 2285 2684 ultima,
2312 2633 2433 2688 quae
2453 2626 2537 2673 est
2566 2619 2616 2672 in
2649 2617 2841 2672 dextra
2873 2617 3217 2674 succedentis
3247 2617 3480 2674 Gemini.
3513 2617 3644 2674 Cul-

2073 2707 2244 2762 minat
2277 2709 2428 2777 prior
2474 2714 2796 2762 ceterarum
2851 2707 3154 2773 stellarum,
3192 2709 3374 2763 lucida
3415 2709 3468 2762 in
3517 2723 3642 2763 cor-

2072 2815 2208 2870 pore
2249 2799 2486 2871 Cephei;
2539 2808 2594 2855 et
2631 2799 2832 2865 lucida,
2868 2815 2988 2870 quae
3035 2801 3091 2854 in
3147 2801 3338 2856 dextro
3371 2801 3506 2872 pede
3555 2808 3641 2856 est

2072 2890 2300 2961 Aquarii
2334 2911 2346 2946 :
2378 2891 2506 2945 item
2552 2890 2735 2946 lucida
2789 2891 2847 2945 in
2887 2899 3068 2946 rostro
3111 2889 3289 2946 Piscis
3338 2891 3638 2956 australis;

2074 2982 2264 3037 ultima
2319 2983 2586 3037 culminat
2636 2981 2998 3037 Andromedae
3034 2982 3224 3036 media
3268 2981 3468 3046 trium,
3516 2995 3640 3050 quae

2075 3082 2205 3129 sunt
2234 3073 2288 3127 in
2315 3072 2506 3128 dextro
2525 3072 2772 3127 humero.
2790 3070 3052 3126 Oriuntur
3070 3072 3285 3128 Gemini
3309 3073 3513 3135 horai,
3531 3072 3634 3126 50³.

399 3171 551 3239 ρανεί
589 3169 691 3240 τῆς
725 3170 1082 3242 Ἀνδρομέδας
1128 3172 1157 3225 6
1211 3169 1374 3242 μέσος
1415 3169 1526 3223 τῶν
1574 3172 1632 3224 ὲν
1683 3169 1762 3242 τῷ
1805 3169 1964 3243 δεξιῷ
2003 3169 2139 3242 ῶμῳ
2196 3175 2265 3238 γ’.
2305 3168 2674 3223 Ἀνατέλλουσι
2736 3167 2793 3220 δὲ
2839 3167 2887 3220 οἱ
2943 3166 3160 3238 Δίδυμοι
3203 3168 3259 3220 6v
3296 3166 3415 3239 ὥρᾳ
3459 3173 3507 3219 α’
3544 3165 3640 3221 1:61

390 3259 464 3316 S"
493 3263 589 3317 1:61
622 3269 672 3333 γ’
699 3263 876 3336 μέρει.

511 3400 652 3470 Περὶ
683 3399 797 3470 τῆς
827 3401 1332 3471 συγ-καταδύσεως
1364 3400 1481 3456 τῶν
1514 3402 1591 3467 ιβ’
1615 3401 1850 3464 ζωδίων.

464 3558 567 3611 IB'.
597 3555 767 3610 Πάλιν
809 3555 886 3620 δὲ,
914 3553 1008 3609 τοῦ
1038 3557 1137 3627 μὲν
1167 3557 1444 3628 Καρκίνου
1467 3555 1734 3622 δύνοντος,
1765 3572 1968 3624 συγκα-

392 3648 608 3703 ταδύνει
637 3648 736 3718 μὲν
759 3647 906 3720 αὐτῷ
928 3651 957 3702 6
981 3649 1241 3713 ζωδιακὸς
1267 3649 1375 3702 ἀπὸ
1399 3648 1644 3721 Διδύμων
1674 3648 1780 3720 μοί.
1808 3649 1850 3712 ζ’
1875 3647 1968 3701 1:61

393 3747 442 3794 κ’
491 3739 660 3812 μέσης
707 3739 812 3802 ἓως
853 3739 1128 3810 Καρκίνου
1179 3746 1227 3793 κ’
1281 3739 1484 3810 μέσηςσ
1535 3740 1859 3809 μεσουρανεῖ
1909 3736 1968 3790 δὲ

391 3831 500 3884 ἀπὸ
521 3831 712 3902 Χηλῶν
751 3831 814 3896 ιζ’
843 3830 948 3895 ἕως
984 3831 1251 3903 Σκορπίου
1292 3829 1378 3901 ιβ’.
1409 3831 1522 3884 K61
1556 3837 1604 3884 6'
1651 3830 1750 3901 μὲν
1793 3827 1967 3900 ἀστὴρ

390 3925 536 3978 δύνει
565 3926 594 3978 6
625 3926 682 3978 ἐν
709 3927 822 3988 τοῖς
853 3925 980 3978 1:061
1009 3924 1103 3978 τοῦ
1143 3925 1421 3996 Καρκίνου
1451 3923 1711 3994 ἐκφανὴς,
1743 3921 1838 3975 1:61
1878 3921 1966 3974 ἐπ’

392 4015 607 4081 εὐθείας
633 4017 883 4088 κείμενος
910 4017 986 4081 ὼς
1009 4016 1147 4088 πρὸς
1173 4015 1326 4069 δύσιν
1353 4019 1464 4080 τοῖς
1495 4015 1834 4086 νοτιωτέροις
1854 4015 1967 4076 τοῖς

393 4108 522 4180 περὶ
554 4108 613 4162 τὸ
649 4107 892 4176 νεφέλιον
921 4106 983 4160 τὸ
1011 4109 1068 4160 6v
1094 4105 1173 4177 τῷ
1199 4107 1481 4177 Καρκίνῳ,
1509 4105 1733 4176 ἔσχατος
1758 4105 1814 4157 δὲ
1853 4105 1882 4156 6
1909 4105 1968 4157 ἐν

393 4199 541 4271 ἄκρᾳ.
567 4201 633 4270 τῇ
667 4198 851 4270 βορεία
882 4198 1034 4270 Χηλῇ
1078 4197 1170 4252 τοῦ
1216 4198 1516 4270 Καρκίνου.
1555 4196 1965 4268 Μεσουρανοῦσι

391 4295 449 4348 δὲ
476 4293 585 4348 τῶν
613 4294 786 4349 ἄλλων
818 4293 1062 4366 ἀστέρων
1090 4292 1184 4347 τοῦ
1212 4310 1271 4346 τε
1310 4292 1519 4346 Βοώτου
1545 4295 1573 4348 6
1595 4293 1768 4361 δεξιὸς
1806 4292 1962 4360 ποῦς,

392 4387 488 4441 1:61
513 4386 625 4440 τῶν
668 4386 863 4458 Χηλῶν
893 4388 921 4439 6
949 4389 1007 4441 ὲν
1034 4385 1180 4458 ἄκρᾳ
1205 4388 1269 4456 τῇ
1305 4386 1457 4456 νοτία
1487 4387 1638 4457 Χηλῇ
1678 4385 1928 4457 λαμπρός
1949 4405 1960 4416 ·

393 4475 620 4547 ἔσχατον
645 4477 700 4530 δὲ
744 4475 1135 4548 μεσουρανοῦσι
1172 4475 1266 4529 τοῦ
1291 4493 1351 4529 τε
1387 4477 1474 4528 Ἐν
1497 4477 1716 4545 γόνασιν
1744 4480 1772 4530 ὁ
1805 4477 1863 4529 ὲν
1887 4474 1966 4546 τῷ

390 4568 548 4640 δεξιῷ
577 4568 840 4640 βραχίονι,
876 4575 922 4637 γ’
950 4567 1026 4621 ῶν
1057 4567 1165 4622 ἀπὸ
1203 4567 1296 4621 τοῦ
1328 4566 1500 4633 δεξιοῦ
1537 4566 1710 4638 ῶμου,
1745 4567 1838 4620 1:61
1870 4566 1964 4619 τοῦ

389 4660 656 4731 Σκορπίου
686 4661 714 4712 6
743 4665 812 4727 γ’,
840 4659 934 4713 1:61
962 4661 991 4712 6
1025 4658 1088 4722 δ’,
1114 4659 1208 4711 1:61
1233 4659 1260 4710 6
1288 4665 1328 4710 ε’
1358 4657 1645 4728 σφόνδυλος
1683 4657 1792 4710 τῶν
1825 4656 1965 4728 μετὰ

2208 3397 2313 3453 εΒε
2343 3396 2619 3452 duodecim
2649 3396 2940 3467 imaginum
2966 3391 3093 3451 bwli‘
3113 3395 3467 3453 descensione.

2135 3573 2252 3630 ΧΠ.
2287 3573 2522 3639 Rursus,
2545 3575 2827 3630 occidente
2849 3575 3084 3640 Cancro,
3109 3575 3394 3632 descendit
3419 3592 3542 3632 cum
3571 3594 3636 3635 eo

2069 3666 2327 3720 zodiacus
2371 3680 2402 3718 a
2439 3665 2611 3736 gradu
2655 3665 3011 3721 Geminorum
3054 3667 3125 3720 27
3162 3667 3231 3722 ad
3268 3667 3468 3722 Cancri
3522 3685 3638 3724 me-

2051 3745 2214 3812 diam
2246 3756 2350 3824 20;
2395 3758 2662 3812 culminat
2697 3772 2729 3812 a
2779 3757 3070 3812 Chelarum
3095 3759 3162 3812 17
3190 3759 3256 3814 ad
3298 3758 3510 3830 Scorpii
3544 3761 3632 3816 l2.

2067 3845 2251 3900 Prima
2302 3847 2459 3902 stella
2510 3845 2714 3902 occidit
2755 3846 2960 3913 lucida,
3004 3864 3126 3919 quae
3170 3856 3254 3904 est
3301 3849 3358 3904 in
3404 3851 3636 3920 pedibus

2066 3937 2288 4006 Cancri,
2322 3939 2377 3994 in
2414 3939 2685 3996 directum
2717 3940 2916 4010 posita,
2950 3941 3018 3995 ad
3048 3955 3305 3997 occasum
3343 3943 3636 3998 australio-

2069 4047 2159 4088 res
2199 4032 2518 4104 rCSpiciens,
2573 4048 2695 4104 qua
2736 4033 2885 4089 circa
2940 4034 3268 4090 nubeculam
3312 4035 3370 4090 in
3421 4035 3635 4092 Cancro

2067 4130 2226 4190 sunt;
2267 4123 2480 4191 ultima,
2521 4139 2645 4195 quae
2669 4132 2756 4180 est
2794 4125 2852 4179 in
2879 4125 3224 4181 extremitate
3253 4126 3490 4183 borealis
3522 4128 3636 4182 fore

2068 4215 2206 4285 cipis
2263 4213 2501 4281 Cancri;
2569 4221 2889 4270 caeterarum
2951 4216 3230 4270 stellarum
3293 4218 3630 4281 culminant,

2067 4303 2249 4359 Bootae
2279 4319 2376 4373 pes
2404 4303 2625 4372 dexter;
2659 4315 2712 4360 et
2750 4304 3042 4360 Chelarum
3080 4307 3281 4371 lucida,
3318 4323 3438 4377 quae
3461 4317 3545 4364 est
3575 4310 3633 4363 in

2067 4396 2413 4452 extremitate
2441 4396 2698 4452 australis
2737 4396 2950 4462 Chelae;
2993 4406 3268 4468 postremo
3302 4400 3628 4464 culminant,

2066 4505 2187 4560 qua:
2214 4495 2299 4544 est
2323 4489 2376 4542 in
2402 4489 2631 4544 brachio
2660 4489 2850 4547 dextro
2875 4493 3196 4563 Ingeniculi,
3228 4501 3282 4549 et
3311 4501 3395 4550 est
3425 4495 3493 4550 ab
3528 4496 3634 4550 hu-

2066 4592 2219 4633 mero
2247 4577 2440 4633 dextro
2468 4579 2656 4646 tertia;
2695 4579 2825 4635 item
2855 4578 3069 4650 Scorp‘ii
3105 4583 3285 4646 tertia,
3325 4591 3539 4654 quarta,
3578 4592 3632 4639 et

2067 4667 2256 4736 quinta
2287 4667 2541 4723 vertebra
2576 4683 2764 4723 earum
2793 4685 2915 4739 quae
2945 4681 3074 4726 sunt
3109 4679 3234 4742 post
3275 4680 3486 4743 pectus.
3521 4672 3630 4728 Oc-

387 4751 448 4804 τὸ
479 4749 696 4820 στῆθος.
739 4749 894 4803 Δύνει
924 4748 984 4802 δὲ
1019 4751 1048 4802 6
1081 4747 1351 4820 Καρκίνος
1403 4749 1462 4803 6v
1503 4746 1622 4820 ὥρᾳ
1676 4753 1726 4801 6'
1770 4748 1864 4801 1:61
1913 4751 1962 4815 γ’

2068 4758 2198 4812 cidit
2219 4758 2430 4814 Cancer
2458 4759 2594 4814 hora
2625 4759 2678 4825 1,
2707 4759 2814 4818 36'.

389 4861 615 4915 πεμπτη
625 4841 852 4914 μορίοις.

458 4955 565 5010 Τοῦ
589 4955 646 5008 66
661 4955 888 5016 Λέοντος
918 4953 1186 5016 δύνοντος,
1205 4949 1592 5020 συγκαταδύνει
1621 4950 1720 5021 μὲν
1749 4947 1896 5020 αύτῷ
1931 4949 1960 5002 6

388 5047 651 5113 ζωδιακὸς
671 5047 777 5100 ἀπὸ
793 5045 1068 5116 Καρκίνου
1096 5043 1205 5116 μοί.
1233 5042 1281 5097 6'
1301 5043 1394 5097 1:61
1423 5051 1469 5096 κ’
1495 5042 1666 5114 μέσης
1681 5043 1786 5105 ἓως
1807 5043 1955 5112 Παρ-

387 5143 542 5195 θένου
567 5143 676 5213 μοί.
702 5141 781 5194 t6"
805 5141 1126 5212 μεσουρανεί
1144 5138 1200 5190 δὲ
1221 5138 1327 5190 ἀπὸ
1348 5138 1612 5205 Σκορπίου
1638 5137 1748 5207 μοί.
1770 5143 1837 5204 ιγ’
1853 5135 1958 5198 ἓως

387 5233 614 5297 Τοξότου
641 5238 690 5285 α’
720 5232 816 5285 καί⁵
839 5238 886 5285 κ’
914 5231 1106 5302 μέσης.
1138 5230 1248 5284 K61
1274 5237 1322 5282 α’
1353 5231 1450 5300 μὲν
1481 5229 1654 5300 ἀστὴρ
1690 5229 1834 5282 δύνει
1863 5227 1956 5282 τοῦ

385 5324 613 5388 Λέοντος
664 5327 694 5378 ὁ
737 5327 795 5377 6v
839 5327 952 5387 τοῖς
977 5324 1332 5395 ἐμπροσθίοις
1379 5323 1554 5386 ποσὶν,
1589 5321 1812 5394 ἔσχατος
1837 5321 1895 5374 66
1927 5323 1956 5374 6

383 5419 442 5470 6v
467 5416 614 5488 ἄκρᾳ.
636 5417 702 5486 τῇ
733 5416 888 5488 οὐρᾷ.
914 5417 1256 5488 Μεσουρανεῖ
1280 5417 1336 5470 δὲ
1360 5416 1468 5470 τῶν
1506 5414 1679 5468 ἄλλων
1707 5414 1955 5484 ἀστέρων

384 5509 442 5560 6v
491 5506 590 5576 μὲν
633 5509 698 5577 τῇ
729 5507 872 5577 ἀρχῇ
908 5507 1008 5575 τῆς
1047 5505 1251 5570 δύσεως
1295 5505 1390 5560 τοῦ
1443 5523 1504 5560 τε
1545 5507 1632 5560 Ἐν
1664 5507 1884 5574 γόνασιν
1929 5507 1959 5558 6

381 5597 554 5664 δεξιὸς
585 5597 738 5662 ποῦς,
763 5598 856 5651 1:61
891 5597 985 5650 τοῦ
1037 5598 1318 5669 Ὀφιούχου
1369 5599 1430 5651 τὸ
1475 5598 1758 5670 ἀριστερὸν
1803 5597 1956 5666 γόνυ,

383 5688 459 5752 ὼς
525 5688 825 5759 ἡμιπήχιον
905 5689 1330 5761 ὑπολειπόμενον
1385 5690 1481 5744 τοῦ
1546 5691 1954 5763 μεσημϐρινοῦ,

384 5778 478 5832 1:61
502 5777 594 5833 τοῦ
621 5778 889 5842 Σκορπίου
917 5782 945 5834 6
982 5787 1028 5833 α’
1057 5781 1345 5847 σφόνδυλος
1363 5800 1376 5813 ⁸
1405 5782 1631 5854 ἔσχατον
1669 5785 1726 5838 δὲ
1762 5801 1958 5855 μεσου-

2131 4957 2270 5013 Cum
2309 4956 2490 5014 Leone
2530 4958 2732 5013 occidit
2781 4959 3040 5016 zodiacus
3072 4974 3102 5013 a
3134 4959 3334 5015 Cancri
3377 4967 3531 5030 parte
3559 4960 3623 5014 2|

2060 5049 2238 5104 media
2277 5049 2342 5104 ad
2376 5051 2444 5105 14
2483 5051 2758 5121 Virginis;
2817 5052 3083 5106 culminat
3128 5067 3159 5105 a
3211 5051 3427 5123 Scorpii
3460 5053 3527 5106 15
3559 5053 3630 5107 ad

2067 5139 2344 5212 Sagittarii
2387 5142 2452 5196 2|
2489 5143 2746 5199 mediam.
2786 5141 2969 5197 Prima
3013 5143 3215 5198 occidit
3264 5142 3464 5199 Leonis
3508 5159 3632 5214 qua:

2063 5240 2145 5288 est
2168 5233 2222 5286 in
2252 5233 2621 5289 anterioribus
2647 5233 2876 5303 pedibus
2902 5251 2916 5300 ;
2948 5233 3160 5298 ultima,
3196 5248 3317 5304 quae
3344 5241 3428 5288 est
3459 5235 3511 5285 in
3533 5249 3629 5287 ex-

2061 5327 2336 5382 tremitate
2356 5328 2569 5384 caudae.
2590 5327 2867 5383 Culminat
2896 5327 3129 5382 aliarum
3162 5326 3442 5382 stellarum
3474 5326 3632 5381 initio

2061 5419 2280 5490 quidem
2326 5434 2581 5484 occasus,
2618 5419 2834 5475 Gemini
2873 5435 2969 5490 pes
3001 5419 3229 5485 dexter;
3265 5425 3320 5474 et
3347 5417 3630 5488 Anguiferi

2061 5511 2346 5568 sinistrum
2369 5527 2534 5583 genu,
2560 5512 2718 5581 quasi
2750 5511 3074 5567 semicubito
3103 5511 3242 5565 citra
3265 5509 3630 5564 meridianum

2059 5603 2344 5674 positum:
2376 5611 2431 5657 et
2473 5599 2687 5671 Scorpii
2739 5602 3039 5673 spondylus
3069 5602 3130 5667 l;
3183 5608 3464 5672 postremo
3511 5600 3632 5654 cul—

2060 5696 2273 5749 minant
2294 5693 2560 5750 Draconis
2590 5694 2868 5750 borealius
2893 5702 3144 5763 tempus;
3193 5702 3246 5747 et
3277 5707 3398 5762 quae
3431 5691 3485 5744 in
3514 5707 3630 5743 me-

2061 5787 2152 5843 dio
2181 5795 2335 5859 tergo
2365 5786 2669 5859 Sagittarii,
2702 5787 2860 5858 quasi
2903 5785 3231 5843 semicubito
3259 5782 3626 5841 meridianum
