4132 6410
506 389 640 444 1127

1525 382 1611 436 ΔΙ)
1649 380 1915 437 EUSEBII
1953 379 2349 436 CIIRONICON
2391 378 2754 464 APPENDIX.

3617 381 3754 437 ll”

507 503 853 561 antecedens.
894 502 1106 560 Occidit
1139 501 1249 558 Leo
1294 499 1444 555 boris
1473 498 1527 564 2,
1579 505 1631 552 ct
1671 496 1886 551 duabus
1925 495 2072 549 horae

2181 494 2397 564 ρανοῦσι
2439 492 2534 546 τοῦ
2555 510 2617 545 τε
2671 492 2974 562 Δράκοντος
3022 490 3052 542 6
3100 489 3434 561 βορειότερος
3481 493 3758 565 κρόταφος

505 594 772 664 partibus.

579 863 803 934 Virgine
843 862 1146 924 occidente,
1176 859 1438 914 zodiacus
1479 857 1766 914 descendit
1797 872 1828 910 a
1877 855 2077 916 Leonis

509 955 578 1007 27
613 963 767 1024 parte
799 954 864 1008 ad
894 953 1070 1007 Libra-3
1097 953 1157 1019 7;
1194 953 1460 1006 culminat
1506 966 1535 1004 a
1582 949 1863 1021 Sagittarii
1890 949 1950 1001 II
2009 948 2076 1002 ad

509 1045 828 1116 Capricorni
870 1045 924 1098 4.
955 1043 1140 1098 Prima
1185 1043 1389 1099 occidit
1416 1059 1476 1098 ea
1510 1058 1631 1112 qua:
1665 1049 1750 1097 est
1785 1042 1840 1094 in
1871 1042 1956 1094 ala
2001 1040 2076 1095 si-

509 1137 716 1203 nistra;
749 1136 960 1201 ultima,
992 1151 1114 1206 quae
1151 1144 1234 1190 est
1273 1135 1328 1188 in
1362 1135 1530 1188 boreo
1565 1134 1719 1203 pede.
1764 1132 2077 1187 Culminant

511 1229 739 1282 aliarum
779 1229 1079 1293 stellarum,
1115 1227 1270 1281 initio
1295 1225 1515 1296 quidem
1545 1223 1814 1294 Ophiuchi
1839 1222 2078 1278 secunda

514 1320 584 1375 ab
610 1320 953 1374 extremitate
979 1319 1143 1389 139
1171 1319 1377 1372 caudae.
1410 1317 1540 1372 Item
1591 1317 1645 1369 in
1680 1315 1962 1387 Sagittarii
2000 1316 2078 1369 Ia-

511 1413 722 1466 terculo
755 1411 1081 1466 antecedens
1121 1409 1528 1471 obscuriorum,
1563 1424 1683 1478 quae
1718 1408 1774 1462 in
1809 1407 2077 1477 oppositis

511 1513 640 1558 sunt
689 1502 945 1572 angulis;
1001 1509 1282 1571 postremo
1330 1501 1656 1567 culminant,
1706 1500 1906 1564 lucida,
1959 1514 2080 1570 qua:

510 1603 596 1650 est
630 1595 683 1647 in
727 1594 906 1649 medio
938 1608 1169 1661 corpore
1207 1593 1418 1664 Cygni;
1449 1602 1503 1648 et
1544 1593 1838 1647 australior
1882 1607 2077 1647 succe-

509 1685 754 1740 dentium
815 1687 868 1739 in
915 1685 1145 1740 rhombo
1170 1684 1457 1755 .Delphini.
1509 1683 1723 1740 Occidit
1767 1682 1935 1755 Virgo
1982 1683 2080 1739 bo-

511 1779 588 1832 ris
615 1777 670 1840 2,
704 1778 806 1831 12’.

582 2035 722 2094 XIII.
752 2036 933 2091 Chela:
970 2051 1092 2090 cum
1121 2033 1401 2100 occidunt,
1446 2033 1730 2089 descendit
1753 2049 1858 2088 una
1899 2033 2085 2104 zodia-

514 2148 613 2187 cus
647 2130 994 2186 aClieIarum
1048 2137 1203 2198 parte
1252 2127 1318 2181 I7
1359 2126 1534 2180 media
1586 2125 1654 2178 ad
1711 2123 1923 2195 Scorpii
1980 2125 2081 2192 I5;

514 2223 777 2278 culminat
826 2237 857 2276 a
904 2221 1222 2292 Capricorni
1281 2229 1434 2290 parte
1494 2221 1558 2274 IO
1604 2218 1671 2272 ad
1721 2219 1793 2273 28
1824 2217 2080 2274 mediam.

512 2314 670 2372 Prior
703 2315 903 2370 occidit
929 2314 1108 2378 stella,
1140 2311 1319 2367 lucida
1350 2327 1472 2382 qua:
1505 2317 1589 2366 est
1636 2311 1694 2364 in
1739 2310 2084 2365 extremitate

513 2409 773 2464 australis
803 2409 1010 2474 Cbelae;
1069 2407 1284 2470 ultima,
1315 2423 1436 2476 quae
1463 2413 1547 2461 cst
1573 2408 1628 2459 in
1660 2403 1862 2459 boreali
1893 2402 2080 2458 Chela.

513 2503 847 2558 Caeterarum
900 2500 1182 2556 stellarum
1237 2497 1573 2560 culminant,
1618 2495 1795 2559 initio,
1850 2493 2084 2547 maxime

512 2595 748 2651 borealis
778 2610 845 2650 ex
873 2593 962 2658 iis,
1002 2607 1123 2663 quae
1152 2601 1281 2648 sunt
1310 2591 1364 2645 in
1415 2591 1502 2644 ala
1541 2589 1755 2654 dextra,
1789 2586 2084 2641 novissime

513 2702 634 2758 quae
657 2688 714 2756 in
737 2701 833 2743 ore
859 2684 995 2757 Equi
1018 2683 1219 2739 lucida.
1242 2680 1511 2739 Occidunt
1536 2680 1716 2736 Chela:
1742 2679 1877 2734 hora
1907 2679 1959 2742 I,
1982 2675 2078 2731 I5'.

585 2950 718 3006 Cum
775 2949 1003 3019 Scorpio
1051 2946 1279 3003 cadente
1327 2945 1528 3001 occidit
1583 2959 1693 2999 una
1741 2942 1999 2998 zodiacus
2051 2955 2083 2995 a

515 3051 668 3114 parte
698 3041 765 3097 15
792 3042 972 3096 media
992 3039 1286 3114 Cbelarum
1329 3038 1398 3093 ad
1432 3037 1647 3107 Scorpii
1670 3035 1740 3101 6;
1769 3036 2030 3091 culminat
2053 3047 2084 3086 a

514 3113 1051 3205 Capricorni'media‘
1079 3131 1194 3186 7ad
1219 3117 1538 3200 Capricorni
1561 3128 1650 3182 22.
1686 3126 1844 3182 Prior
1886 3126 2084 3181 occidit

517 3227 674 3282 stella
696 3241 816 3296 quae
867 3234 954 3281 est
990 3225 1046 3278 in
1075 3224 1109 3278 3
1138 3223 1442 3294 spondylo;
1495 3230 1774 3293 postrema
1813 3218 2087 3275 borealior

479 3386 485 3392 _
516 3333 724 3381 earum,
747 3331 867 3385 qua:
897 3323 1025 3372 sunt
1054 3316 1112 3370 in
1159 3314 1354 3369 fronte.
1389 3312 1740 3384 Reliquarum
1807 3313 2086 3366 stellarum

517 3411 839 3473 culminant,
871 3399 1027 3462 initio
1050 3406 1270 3477 quidem
1307 3401 1497 3460 earum
1521 3405 1644 3474 quae
1682 3405 1736 3458 in
1779 3405 1862 3456 ala
1897 3403 2086 3458 dextra

517 3500 711 3571 Cygni,
743 3499 943 3563 media,
985 3498 1144 3568 quasi
1173 3497 1494 3552 semicubito
1535 3497 1673 3550 citra
1723 3495 2086 3549 meridianum

517 3593 729 3664 posita;
757 3579 810 3646 et
841 3580 1113 3646 b'OreaIior
1144 3599 1334 3644 earum
1357 3583 1478 3658 quin
1524 3595 1651 3642 sunt
1681 3587 1737 3641 in
1763 3586 2087 3656 Capricorni

518 3684 748 3754 genibus
778 3701 792 3738 :
818 3682 1113 3737 novissime
1140 3681 1466 3745 culminant,
1489 3678 1670 3732 lucida
1701 3678 1757 3732 in
1789 3677 1964 3732 cauda
1982 3677 2089 3747 Cy-

519 3778 610 3847 gni
647 3776 844 3843 media,
863 3783 917 3830 et
932 3774 1258 3844 Capricorni”
1270 3772 1585 3843 praecedens
1606 3771 1934 3835 Iucidarum,
1967 3785 2089 3841 qua:

520 3868 576 3920 in
610 3867 806 3931 cauda,
837 3883 868 3920 a
895 3867 1201 3922 meridiano
1246 3854 1507 3921 deﬁCiens
1562 3866 1721 3920 besse
1752 3862 1866 3918 fere
1895 3863 2084 3918 cubiti.

519 3960 732 4016 Occidit
766 3959 1027 4032 Scorpius
1054 3959 1188 4014 hora
1217 3959 1269 4015 1.

591 4223 886 4278 Occidente
919 4221 1245 4294 Sagittario,
1279 4220 1560 4277 descendit
1603 4236 1712 4275 una
1763 4219 2018 4275 zodiacus
2057 4235 2088 4274 a

522 4327 672 4386 parte
703 4313 916 4384 Scorpii
948 4314 983 4368 3
1011 4314 1079 4368 ad
1119 4312 1396 4384 Sagittarii
1423 4312 1494 4366 27
1517 4312 1750 4367 mediam
1778 4330 1792 4378 ;
1822 4313 2088 4365 culminat

520 4424 551 4461 a
582 4409 900 4477 Capricorni
920 4406 991 4462 20
1019 4406 1088 4460 ad
1138 4405 1378 4462 Piscium
1411 4405 1445 4460 5
1472 4405 1724 4460 mediam.
1779 4405 1959 4460 Prima
1997 4419 2089 4459 oe-

2176 586 2269 638 καὶ
2295 585 2387 637 τοῦ
2417 584 2646 649 Τοξότου
2674 586 2703 636 6
2744 585 2803 636 6v
2838 583 2991 652 μέσῳ
3007 581 3087 652 τῷ
3110 580 3283 652 νώτῳ,
3325 582 3401 647 ὡς
3456 585 3757 657 ἡμιπήχιον

2175 677 2585 748 προηγούμενος
2611 675 2706 729 τοῦ
2735 673 3131 745 μεσημϐρινοῦ.
3162 673 3319 728 Δύνει
3357 675 3416 728 δὲ
3451 677 3480 729 ὁ
3515 676 3668 731 Λέων
3695 681 3756 732 έν

2175 768 2344 840 ὥραις
2379 768 2422 837 β’
2461 767 2556 820 καὶ
2588 767 2712 820 δυσὶ
2751 767 2972 837 μέρεσιν
2997 765 3166 837 ὥρας.

2246 859 2359 928 Τῆς
2385 858 2441 911 δὲ
2467 857 2741 929 Παρθένου
2770 856 3051 927 δυνούσης,
3076 858 3465 926 συγκαταδύνει
3492 863 3590 931 μὲν
3615 862 3755 934 αὐτῇ

2175 954 2204 1006 6
2237 950 2499 1015 ζωδιακὸς
2548 952 2657 1006 ἀπὸ
2704 951 2933 1015 Λέοντος
2978 951 3022 1016 ζ’
3056 952 3152 1004 καὶ
3191 950 3240 1004 κ’
3276 953 3384 1022 μοι.
3424 953 3528 1018 ἕως
3559 955 3756 1025 Χηλῶν

2177 1044 2222 1107 ζ’
2241 1061 2254 1074 ο
2292 1047 2612 1115 μεσουρανεῖ
2651 1044 2708 1098 δὲ
2753 1044 2860 1098 ἀπὸ
2890 1043 3116 1109 Τοξότου
3142 1051 3221 1113 ,ια’
3249 1046 3355 1108 ἕως
3385 1047 3757 1120 Αἱγοκέρωτος

2175 1137 2237 1190 6'.
2270 1138 2379 1189 Καὶ
2403 1144 2448 1188 α’
2481 1136 2578 1206 μὲν
2610 1136 2785 1206 ἀστὴρ
2822 1136 2965 1190 δύνει
3009 1139 3038 1190 6
3081 1139 3141 1191 6v
3184 1137 3332 1209 ἄκρᾳ.
3377 1142 3443 1210 τῇ
3493 1142 3759 1213 ἀριστερᾷ

2177 1230 2410 1301 πτέρυγι
2429 1247 2442 1260 °
2471 1229 2699 1300 ἔσχατος
2722 1230 2779 1282 δὲ
2804 1231 2833 1282 ό
2869 1231 2926 1283 6v
2950 1229 3028 1300 τῷ
3053 1229 3250 1302 βορείῳ
3296 1231 3432 1284 ποδί.
3469 1233 3758 1304 Μεσουρα-

2177 1323 2326 1378 νοῦσι
2355 1323 2410 1375 δὲ
2440 1322 2547 1375 τῶν
2573 1322 2746 1376 ἄλλων
2781 1322 3028 1397 ἀστέρων
3075 1324 3132 1377 6v
3165 1323 3262 1392 μὲν
3302 1327 3369 1394 τῇ
3395 1325 3536 1395 ἀρχῇ
3568 1323 3664 1377 τοῦ
3698 1341 3758 1378 τε

2190 1413 2473 1483 Ὀφιούχου
2504 1413 2532 1464 6
2559 1411 2603 1482 β’
2635 1413 2730 1465 ἀπ’
2759 1413 2934 1484 ἄκρας
2964 1413 3063 1484 τῆς
3098 1413 3285 1486 οὐρᾶς,
3333 1415 3428 1467 καὶ
3465 1413 3559 1467 τοῦ
3593 1413 3760 1479 Τοξό-

2176 1523 2271 1559 του
2299 1504 2405 1556 τῶν
2431 1505 2490 1557 6v
2519 1503 2598 1574 τῷ
2624 1504 3010 1576 τετραπλεύρῳ
3048 1507 3076 1557 6
3108 1505 3409 1577 ἡγούμενος
3440 1507 3547 1561 τῶν
3583 1509 3762 1579 ἀμαυ-

2177 1594 2415 1666 ροτέρων
2452 1594 2821 1662 ἁντιγωνίων·
2867 1593 3093 1664 ἔσχατον
3137 1595 3192 1647 δὲ
3233 1597 3626 1667 μεσουρανοῦσι
3663 1596 3759 1652 τοῦ

2159 1704 2238 1740 ντε
2273 1687 2522 1759 Ὄρνιθος
2555 1689 2584 1740 6
2621 1689 2678 1740 6v
2715 1687 2864 1758 μέσῳ
2891 1687 2968 1758 τῷ
2995 1687 3205 1758 σώματι
3235 1690 3503 1762 λαμπρὸς,
3539 1694 3633 1746 καὶ
3664 1691 3760 1748 τοῦ

2181 1779 2434 1849 Δελφίνος
2458 1779 2566 1832 τῶν
2595 1781 2651 1832 6v
2683 1778 2759 1848 τῷ
2789 1779 2976 1850 ῥόμϐῳ
2999 1782 3028 1833 6
3071 1780 3392 1853 νοτιῶτερος
3423 1783 3532 1836 τῶν
3566 1786 3762 1856 ἑπομέ-

2108 1848 2157 1908 Β
2183 1848 2308 1922 νων.
2333 1867 2488 1928 Δύνει
2515 1867 2573 1920 δὲ
2615 1870 2647 1936 ἡ
2694 1848 2965 1940 Παρθένος
3005 1871 3062 1923 6v
3100 1867 3272 1942 ὥραις
3302 1848 3359 1941 ’β’
3391 1873 3488 1926 καὶ
3525 1848 3762 1946 πέμπτῳ

2188 1959 2359 2030 μέρει.
2773 2020 2778 2028 ,

2252 2051 2350 2105 II".
2389 2053 2557 2107 Ὅταν
2586 2052 2642 2105 δὲ
2668 2054 2724 2108 αἱ
2765 2052 2944 2124 Χηλαὶ
2976 2053 3194 2119 δύνωσι,
3242 2057 3632 2125 συγκαταδύνει
3660 2059 3762 2129 μὲν

2183 2145 2374 2208 αὐταῖς
2399 2147 2428 2198 6
2483 2143 2744 2209 ζωδιακὸς
2788 2146 2898 2199 61:6
2946 2147 3140 2214 Χηλῶν
3187 2149 3296 2218 μοι.
3337 2147 3401 2212 ιζ’
3440 2151 3612 2223 μέσης
3655 2152 3761 2216 ἕως

2182 2235 2453 2307 Σκορπίου
2489 2237 2598 2307 μοί.
2646 2244 2737 2290 ιε’·
2772 2242 3098 2310 μεσουρανεῖ
3122 2239 3178 2292 δὲ
3197 2240 3304 2293 61:6
3328 2241 3606 2313 Δίγόκερω
3645 2244 3758 2315 μοί.

2187 2325 2216 2378 ι’
2247 2326 2350 2390 ἕως
2397 2328 2682 2401 Αἰγόκερω
2729 2329 2838 2400 μοί.
2875 2330 2925 2401 η’
2965 2331 3058 2385 καὶ
3094 2331 3144 2384 κ’
3191 2332 3384 2402 μέσης.
3430 2335 3538 2387 Καὶ
3581 2341 3629 2387 α’
3661 2335 3760 2406 μὲν

2182 2416 2355 2488 ἀστὴρ
2387 2417 2531 2470 δύνει
2552 2421 2581 2472 6
2609 2421 2667 2473 6v
2694 2420 2842 2492 ἄκρᾳ
2860 2423 2926 2492 τῇ
2947 2421 3099 2492 νοτία
3117 2422 3268 2494 Χηλῇ
3300 2423 3570 2494 λαμπρὸς,
3595 2425 3758 2497 ἔσχα-

2181 2525 2271 2571 τος
2292 2509 2349 2561 δὲ
2371 2511 2398 2562 6
2429 2511 2487 2563 6v
2528 2511 2669 2583 μέσῃ
2699 2515 2766 2584 τῇ
2813 2513 3008 2585 βορείῳ
3040 2514 3216 2586 Χηλῇ.
3253 2517 3659 2588 Μεσουρανοῦσι
3703 2519 3759 2572 66

2182 2599 2289 2652 τῶν
2321 2599 2496 2654 ἄλλων
2535 2603 2780 2674 ἀστέρων
2813 2605 2872 2658 6v
2912 2605 3012 2676 μὲν
3040 2609 3106 2678 τῇ
3153 2609 3294 2679 ἀρχῇ
3326 2609 3418 2662 τοῦ
3455 2611 3700 2682 Ὄρνιθος
3731 2615 3761 2666 6

2184 2690 2521 2763 βορειότατος
2571 2695 2680 2748 τῶν
2713 2695 2771 2747 6v
2801 2699 2866 2768 τῇ
2900 2695 3050 2768 δεξιᾷ
3081 2699 3333 2770 πτέρυγι,
3367 2700 3592 2772 ἔσχατον
3634 2702 3692 2755 66
3732 2705 3760 2756 6

2183 2785 2240 2836 6v
2267 2783 2343 2855 τῷ
2385 2786 2610 2856 στόματι
2655 2787 2746 2840 τοῦ
2783 2788 2979 2843 Ἵππου
3030 2790 3300 2862 λαμπρός.
3333 2792 3559 2847 Δύνουσι
3609 2795 3667 2847 δὲ
3702 2795 3760 2848 αἱ

2182 2874 2361 2946 Χηλαὶ
2393 2878 2449 2928 6v
2481 2875 2600 2947 ὥρᾳ
2625 2876 2674 2929 α’
2701 2877 2797 2930 καὶ
2830 2877 2873 2930 6'
2909 2878 3088 2950 μέρει.

2253 2966 2359 3020 Τοῦ
2387 2967 2443 3020 δὲ
2468 2969 2737 3039 Σκορπίου
2767 2968 3032 3034 δύνοντος,
3063 2971 3455 3040 συγκαταδύνει
3487 2973 3586 3043 μὲν
3611 2972 3759 3044 αύτῷ

2183 3058 2212 3110 6
2243 3057 2504 3140 ζωδιακὸς
2536 3059 2644 3113 61:6
2675 3059 2871 3129 Χηλῶν
2905 3059 3013 3131 μοί.
3054 3061 3120 3129 ιγ’
3155 3062 3326 3134 μέσης
3364 3063 3468 3126 ἕως
3494 3064 3758 3136 Σκορπίου

2113 3182 2158 3244 C
2191 3151 2317 3244 poi.
2338 3151 2424 3216 ς”
2461 3154 2784 3244 μεσουρανεῖ
2828 3151 2885 3204 δὲ
2929 3152 3036 3206 ἀπὸ
3064 3152 3348 3224 Αἰγόκερω
3378 3153 3420 3218 ζ’
3451 3154 3619 3226 μέσης
3656 3155 3760 3219 ἕως

2188 3242 2468 3314 Αἰγόκερω
2495 3242 2540 3312 β’
2568 3243 2661 3295 καὶ
2689 3251 2756 3298 κ’.
2792 3245 2902 3296 Καὶ
2925 3243 2973 3297 α’
3008 3244 3105 3314 μὲν
3127 3245 3301 3317 ἀστὴρ
3328 3245 3471 3300 δύνει
3496 3249 3524 3301 ὁ
3551 3248 3642 3300 ἐπὶ
3665 3248 3758 3300 τοῦ

2186 3333 2237 3404 γ’
2271 3333 2559 3402 σφονδύλου
2586 3333 2858 3405 κείμενος,
2888 3333 3113 3405 ἔσχατον
3144 3336 3200 3388 δὲ
3227 3339 3254 3389 6
3290 3336 3626 3410 βορειότερος
3653 3338 3759 3391 τῶν

2187 3426 2244 3477 6v
2269 3424 2345 3494 τῷ
2377 3419 2631 3503 μετώπῳ.
2662 3416 3071 3497 Μεσουρανοῦσι
3096 3426 3154 3479 66
3185 3426 3292 3480 τῶν
3318 3427 3493 3482 ἄλλων
3519 3428 3760 3498 ἀστέρων

2190 3519 2246 3569 6v
2271 3516 2370 3587 μὲν
2394 3519 2460 3587 τῇ
2492 3518 2633 3588 ἀρχῇ
2667 3517 2759 3569 τοῦ
2791 3518 3041 3590 Ὄρνιθος
3064 3520 3092 3570 6
3125 3519 3286 3589 μέσος
3309 3521 3414 3577 τῶν
3440 3525 3498 3575 ὲν
3523 3525 3587 3593 τῇ
3613 3521 3763 3592 δεξιᾷ.

2187 3607 2438 3679 πτέρυγι,
2475 3607 2894 3679 ὑπολειπόμενος
2941 3609 3016 3672 ὡς
3056 3612 3356 3683 ἡμιπήχιον
3399 3611 3494 3665 τοῦ
3545 3629 3759 3683 μεσημ-

2189 3699 2394 3772 ϐρινοῦ,
2431 3700 2644 3753 καὶτοῦ
2677 3701 2959 3773 Αῑγόκερω
2994 3703 3023 3754 6
3053 3702 3390 3776 βορειότερος
3429 3705 3537 3758 τῶν
3570 3708 3625 3760 6v
3648 3709 3762 3770 τοῖς

2187 3790 2406 3858 γόνασιν
2427 3806 2440 3819 ’
2473 3789 2700 3861 ἔσχατον
2727 3790 2782 3842 δὲ
2822 3792 3214 3862 μεσουρανοῦσι
3245 3793 3340 3846 τοῦ
3367 3811 3426 3847 τε
3457 3794 3702 3866 Ὀρνιοος
3732 3799 3763 3848 6

2188 3881 2244 3934 ὲν
2279 3881 2420 3952 μέσῃ
2441 3883 2508 3951 τῇ
2540 3882 2677 3952 οὐρᾷ
2700 3881 2972 3952 λαμπρὸς,
3003 3883 3098 3937 καὶ
3127 3884 3219 3937 τοῦ
3246 3886 3526 3957 Αἱγόκερω
3550 3889 3578 3940 6
3606 3887 3763 3958 ἡγού-

2191 3990 2349 4043 μενος
2388 3973 2495 4026 τῶν
2532 3975 2590 4026 έν
2618 3978 2681 4046 τῇ
2709 3975 2846 4046 οὐρᾷ
2885 3975 3174 4048 λαμπρῶν,
3211 3977 3635 4049 ὑπολειπόμενος
3667 3979 3760 4033 τοῦ

2191 4065 2559 4136 μεσημϐρινοῦ
2588 4066 2663 4129 ὥς
2687 4065 2732 4137 β’
2766 4067 2908 4137 μέρη
2941 4068 3179 4139 πήχεως.
3210 4067 3366 4122 Δύνει
3395 4069 3453 4122 66
3495 4069 3762 4143 Σκορπίος

2188 4157 2246 4209 6v
2270 4155 2387 4227 ὥρᾳ
2413 4156 2481 4210 α’.

2258 4244 2363 4297 Τοῦ
2397 4245 2452 4298 66
2493 4245 2721 4310 Τοξότου
2759 4246 3023 4316 δύνοντος,
3061 4249 3448 4318 συγκαταδύνει
3487 4251 3583 4321 μὲν
3615 4251 3762 4322 αὐτῷ

2187 4338 2214 4390 6
2248 4334 2506 4400 ζωδιακὸς
2535 4335 2644 4390 ἀπὸ
2675 4337 2945 4407 Σκορπίου
2979 4339 3089 4408 μοί.
3123 4339 3172 4406 γ’
3200 4339 3304 4402 ἕως
3334 4338 3560 4404 Τοξότου
3594 4339 3638 4404 ζ’
3667 4343 3762 4394 καὶ

2188 4427 2238 4480 κ’
2267 4427 2466 4498 μέσης·
2517 4435 2838 4500 μεσουρανεῖ
2867 4429 2922 4482 δὲ
2963 4430 3071 4483 ἀπὸ
3116 4432 3398 4503 Αῐγόκερω
3433 4432 3544 4502 μοί.
3576 4433 3625 4486 κ’
3656 4434 3761 4498 ἓως

519 4501 653 4555 cidit
674 4500 852 4554 lucida
891 4500 1211 4570 posterioris
1239 4499 1424 4570 pedis;
1479 4500 1668 4554 ultima
1699 4499 1970 4554 borealior
1991 4512 2083 4552 ea—

2201 4518 2420 4589 Ἰχούων
2451 4525 2490 4570 ε’
2525 4499 2715 4590 μέσης.
2749 4522 2860 4574 Καὶ
2883 4521 2932 4574 α’
2965 4521 3062 4592 μὲν
3088 4523 3260 4594 ἀστὴρ
3283 4499 3482 4577 δύνει-ό
3514 4524 3762 4596 λαμπρὸς

519 4608 663 4656 rum,
695 4609 815 4663 qua:
836 4601 964 4649 sunt
993 4593 1048 4648 in
1079 4608 1229 4664 sago.
1259 4593 1590 4649 Ceterarum
1622 4593 1899 4648 stellarum
1933 4593 2087 4646 initio

2190 4611 2218 4662 6
2248 4611 2305 4661 6v
2336 4607 2412 4679 τῷ
2451 4609 2678 4680 ὀπισθίῳ
2710 4610 2848 4674 ποδὶ,
2883 4610 3104 4681 ἔσχατος
3131 4613 3187 4666 δὲ
3231 4615 3262 4666 6
3292 4614 3628 4687 βορειότερος
3652 4617 3761 4670 τῶν

521 4686 825 4740 culminant
862 4701 983 4756 quae
1010 4694 1094 4741 est
1123 4687 1177 4739 in
1199 4686 1389 4741 dextra
1421 4701 1586 4739 manu
1611 4685 1812 4754 Cephei
1837 4703 1851 4751 ;
1885 4693 1940 4738 et
1971 4700 2087 4753 qua:

2192 4703 2248 4754 6v
2278 4704 2342 4772 τῇ
2378 4701 2644 4770 ὲιραπτίδι.
2666 4702 3071 4774 Μεσουρανοῦσι
3099 4704 3155 4758 66
3182 4704 3288 4759 τῶν
3311 4706 3483 4761 ἄλλων
3517 4685 3761 4780 ἀστέρων

525 4782 577 4834 in
603 4780 746 4836 ﬂexu
771 4781 867 4834 alae
893 4780 1130 4836 sinistra:
1161 4780 1364 4859 Cygni;
1392 4795 1493 4834 nec
1518 4795 1626 4834 non
1673 4779 1971 4834 succedens
2001 4794 2092 4833 ea-

523 4886 642 4924 rum
667 4887 785 4941 qua:
807 4879 933 4925 sunt
966 4871 1022 4924 in
1059 4879 1210 4941 tergo
1233 4869 1569 4940 Capricorni,
1601 4868 1959 4923 meridianum
1985 4869 2092 4922 cir-

523 4958 658 5011 citer
681 4959 1008 5014 antecedens
1032 4977 1045 5023 ;
1068 4959 1366 5014 novissime
1391 4959 1716 5024 culminant,
1743 4959 1966 5014 sinister
1995 4973 2092 5027 pes
2170 4962 2176 4971 '

525 5051 746 5120 Cephei,
789 5059 842 5104 et
863 5063 982 5120 quae
1006 5052 1062 5104 in
1093 5051 1351 5106 umbilico
1373 5059 1458 5107 est
1487 5051 1644 5122 Equi.
1676 5051 1886 5108 Occidit
1911 5051 2090 5123 Sagit-

523 5146 695 5199 tarius
721 5145 868 5198 lioris
899 5145 933 5198 3

592 5431 732 5485 XIV.
753 5433 887 5488 Cum
904 5431 1241 5504 Capricorno
1263 5431 1820 5488 descenditzodiacus
1841 5447 1871 5486 a
1893 5433 2094 5502 parte?

521 5523 842 5594 Capricorni
880 5528 947 5581 ad
993 5527 1064 5581 24
1120 5527 1392 5591 mediam;
1430 5527 1696 5581 culminat
1737 5540 1768 5579 a
1796 5526 1972 5580 media
2003 5524 2093 5578 Pi-

524 5619 701 5671 scium
730 5619 789 5672 Μ
826 5619 893 5672 ad
923 5619 1126 5674 Arietis
1145 5619 1199 5675 9.
1232 5617 1414 5673 Prima
1440 5619 1639 5674 occidit
1683 5619 1975 5673 australior
2003 5633 2097 5673 ea-

2185 4795 2248 4844 6v
2277 4794 2372 4864 μὲν
2387 4796 2453 4864 τῇ
2487 4795 2627 4864 ἀρχῇ
2656 4793 2746 4847 τοῦ
2769 4795 3003 4866 Κηφέως
3027 4798 3054 4847 6
3087 4797 3144 4848 6v
3159 4798 3304 4869 ἄκρᾳ
3326 4802 3393 4870 τῇ
3423 4799 3569 4872 δεξιᾷ
3593 4800 3757 4873 χειρὶ,

2191 4883 2287 4936 καὶ
2310 4882 2405 4935 τοῦ
2435 4884 2683 4954 Ὄρνιθος
2711 4887 2739 4937 6
2766 4887 2822 4938 6v
2850 4885 2926 4956 τῷ
2956 4886 3160 4953 ἀγκῶνι
3187 4889 3286 4958 τῆς
3315 4891 3606 4961 ἀριστερᾶς
3629 4895 3759 4946 πτέ-

2196 4993 2377 5048 ρυγος,
2409 4977 2502 5029 καὶ
2526 4976 2618 5029 τοῦ
2640 4978 2837 5046 Αἰγόκε
2847 4995 2921 5048 ρω
2944 4979 2972 5030 6
2992 4972 3254 5050 ἑπόμενος
3275 4982 3382 5035 τῶν
3402 4985 3459 5037 6v
3487 4984 3565 5055 τῷ
3585 4985 3758 5056 νώτῳ,

2193 5067 2601 5137 προηγούμενος
2623 5067 2715 5120 :06
2741 5069 3114 5140 μεσημϐρινοῦ
3145 5071 3218 5134 ὡς
3246 5075 3574 5144 ἡμιπήχιον·
3601 5075 3763 5146 ἔσχα-

2192 5175 2283 5211 τον
2309 5159 2363 5212 66
2387 5161 2778 5231 μεσουρανοῦσι
2805 5161 2898 5214 τοῦ
2921 5179 2979 5214 τε
2997 5163 3229 5234 Κηφέως
3245 5166 3271 5216 6
3292 5166 3579 5238 ἀριστερὸς
3604 5169 3756 5232 ποῦς·

2189 5253 2286 5305 καὶ
2315 5253 2408 5305 τοῦ
2436 5253 2632 5306 Ἵππου
2659 5255 2688 5306 6
2721 5256 2777 5308 ἐν
2808 5254 2884 5325 τῷ
2921 5256 3166 5328 ὀμφαλῷ.
3194 5257 3349 5311 Δύνει
3377 5257 3432 5311 66
3464 5260 3494 5312 6
3529 5258 3763 5331 Τοξότης

2194 5345 2252 5396 6v
2284 5343 2451 5415 ὥραις

2265 5434 2362 5487 ΙΔ’.
2399 5435 2505 5488 T06
2539 5435 2596 5488 66
2628 5435 2912 5508 Αἱγόκερω
2938 5436 3205 5504 δύνοντος,
3238 5439 3631 5507 συγκαταδύνει
3663 5441 3762 5511 μὲν

2195 5525 2344 5596 αύτῷ
2368 5527 2396 5576 6
2422 5526 2682 5591 ζωδιακὸς
2705 5528 2812 5580 ἀπὸ
2834 5528 3116 5599 Αἱγόκερω
3145 5530 3254 5600 μοί.
3285 5530 3329 5600 β’
3359 5530 3462 5593 ἕως
3483 5531 3764 5601 Αἱγόκερω

2199 5618 2310 5688 μοι.
2333 5618 2373 5671 δ’
2404 5621 2498 5672 καὶ
2515 5620 2563 5673 κ’
2595 5619 2762 5691 μέσης
2781 5637 2794 5649 ·
2823 5623 3147 5691 μεσουρανεῖ
3170 5622 3228 5674 δὲ
3257 5623 3364 5677 ἀπὸ
3404 5624 3622 5694 Ἰχθύων
3649 5625 3760 5694 μοί.

525 5723 647 5760 rum
678 5725 800 5778 qua:
847 5710 900 5763 in
931 5710 1231 5781 geniculis;
1290 5711 1483 5764 ultima
1541 5709 1843 5765 succedens
1907 5723 2087 5764 earum

2200 5717 2266 5761 ια’
2297 5711 2468 5783 μέσης
2500 5712 2603 5775 ἕως
2630 5712 2800 5781 Κριοῦ
2821 5713 2884 5765 θ’.
2915 5714 3024 5765 Καὶ
3055 5711 3106 5766 α’
3136 5714 3233 5784 μὲν
3256 5716 3430 5788 ἀστὴρ
3453 5715 3599 5768 δύνει
3626 5716 3655 5766 6
3679 5731 3766 5767 νο-

523 5813 643 5868 quae
679 5809 806 5854 sunt
846 5804 900 5856 in
938 5803 1134 5859 cauda.
1165 5802 1520 5873 Reliquarum
1571 5803 1852 5860 stellarum
1901 5803 2096 5858 culmi-

2196 5799 2455 5874 τιώτερος
2484 5803 2591 5858 τῶν
2628 5807 2685 5859 6v
2707 5806 2819 5867 τοῖς
2842 5803 3130 5873 γονατὶοις,
3161 5804 3385 5876 ἔσχατος
3411 5806 3469 5860 66
3497 5808 3526 5860 6
3557 5805 3763 5874 ἑπόμε-
