4132 6410
379 399 518 458 “29

1357 399 1728 459 HIPPARCHI
1765 404 1858 459 AD
1896 405 2348 466 PHENOMENA
2388 410 2518 466 LIB.
2561 408 2646 466 Ill.

3511 424 3646 480 H30

376 535 468 584 νος
501 518 612 572 τῶν
659 518 718 571 ἐν
755 519 822 589 τῇ
857 517 1013 590 οὐρᾷ.
1055 518 1469 588 Μεσουρανοῦσι
1523 519 1582 574 δὲ
1633 523 1744 576 τῶν
1789 524 1934 578 ἄλλω

2040 580 2042 586 ,
2071 536 2224 593 nant,
2279 529 2433 585 initio
2495 530 2719 602 quidem
2755 530 3044 587 obscurior
3069 547 3258 589 earum
3289 551 3410 607 qua:
3439 550 3568 597 sunt
3591 544 3647 600 in

375 610 622 684 ἀστέρων
651 612 709 664 ὲν
740 609 840 682 μὲν
883 614 950 682 τῇ
987 607 1128 684 ἀρχῇ
1172 612 1273 682 τῆς
1306 613 1680 676 Κασσιεπείας
1721 615 1750 667 ὁ
1779 617 1960 686 ἀμαυ-

2064 621 2205 675 solio
2231 621 2565 693 Cassiepeae,
2592 630 2647 677 et
2683 637 2872 678 earum
2899 639 3022 694 quae
3045 637 3173 680 sunt
3198 627 3252 681 in
3286 626 3648 690 Andromedae

377 704 599 776 ρότερος
622 703 732 756 τῶν
752 705 810 756 ὲν
842 703 921 775 τῷ
943 703 1138 776 δίφρῳ,
1174 704 1270 757 καὶ
1294 705 1395 776 τῆς
1437 705 1797 777 Ἀνδρομέδας
1821 711 1850 761 6
1873 708 1935 778 βο

2062 722 2303 783 pectore,
2353 714 2626 770 borealior
2653 731 2666 766 :
2698 715 2996 771 novissime
3062 718 3386 785 culminant,
3424 723 3648 783 sinister

379 795 648 868 ρειότερος
668 795 777 848 τῶν
802 797 860 848 ἐν
886 795 963 866 τῷ
986 795 1172 868 στήθει
1191 814 1204 826 ·
1238 794 1464 867 ἔσχατού
1485 796 1542 849 δὲ
1565 815 1730 868 μεσου
1740 800 1935 871 ρανοῦσ

2061 804 2324 861 humerus
2381 804 2586 870 Persei,
2619 807 2759 861 citra
2817 807 3103 864 meridiem
3165 810 3380 867 duabus
3421 815 3647 872 circiter

373 885 467 939 τοῦ
495 903 554 939 τε
571 887 826 958 Περσέως
843 889 872 940 6
900 887 1186 960 ἀριστερὸς
1213 885 1384 958 ὦμος,
1415 887 1841 960 ὑπολειπόμενος
1860 890 1935 944 τοὶ

2060 900 2308 969 partibus
2335 900 2502 955 cubiti
2527 899 2686 956 situs.
2723 900 2934 956 Occidit
2959 902 3326 974 Capricornus
3359 907 3492 962 hora
3526 909 3554 964 1
3591 917 3646 966 et

377 981 747 1064 μεσημϐρινοῦ
780 982 856 1046 ὡς
887 982 930 1052 β’
964 983 1104 1056 μέρη
1138 984 1376 1054 πήχεως.
1414 983 1571 1037 Δύνει
1592 985 1651 1038 δὲ
1679 988 1708 1039 6
1731 987 1935 1056 Αίγόκε¹

2060 991 2275 1049 duobus
2315 992 2459 1048 horae
2492 993 2760 1063 partibus.

373 1089 482 1143 ρως
509 1073 568 1126 ἐν
598 1072 718 1144 ὥρᾳ
741 1072 790 1125 α’
828 1074 923 1127 καὶ
950 1074 996 1144 β’
1024 1075 1246 1146 μέρεσιν
1271 1075 1440 1146 ὥρας.

398 1220 404 1230 ,
443 1165 548 1219 Τοῦ
570 1166 624 1219 δὲ
661 1166 946 1237 Ὑδροχόου
967 1167 1235 1233 δύνοντος,
1257 1169 1649 1237 συγκαταδύνει
1683 1171 1782 1241 μὲν
1806 1171 1956 1244 αὑτῷ

2129 1172 2268 1225 Cum
2297 1171 2542 1242 Aquario
2589 1171 2847 1228 zodiacus
2901 1174 3104 1229 occidit
3133 1190 3163 1228 a
3201 1173 3524 1246 Capricorni
3556 1178 3640 1243 18,

368 1262 397 1313 6
453 1257 714 1324 ζωδιακὸς
773 1261 882 1313 ἀπὸ
931 1261 1308 1332 Αἰγοκέρωτος
1359 1263 1468 1333 μοί.
1504 1263 1572 1334 ιη’
1629 1265 1802 1336 μέσης
1850 1265 1935 1318 ἕως

2057 1262 2235 1316 media
2289 1263 2382 1316 ad'
2415 1261 2640 1333 Aquarii
2673 1263 2773 1329 15;
2829 1264 3100 1319 culminat
3131 1267 3200 1320 ab
3248 1267 3450 1324 Arietis
3499 1271 3533 1324 3
3575 1271 3643 1326 ad

379 1353 664 1425 Ὑδροχόου
701 1353 794 1408 ιε’*
833 1359 1157 1427 μεσουρανεῖ
1185 1357 1242 1409 δὲ
1274 1357 1381 1410 ἀπὸ
1414 1356 1588 1430 Κριοῦ
1627 1359 1736 1428 μοί.
1775 1360 1824 1427 γ’
1849 1360 1935 1423 ἕως

2056 1353 2222 1407 Tauri
2273 1354 2505 1408 mediam
2538 1354 2587 1407 7.
2620 1353 2782 1410 Prior
2829 1356 3030 1411 occidit
3065 1360 3245 1423 stella,
3307 1362 3642 1419 antecedens

365 1445 579 1517 Ταύρου
605 1445 649 1510 ξ
687 1445 874 1516 μέσης.
913 1446 1024 1499 Καὶ
1059 1446 1109 1500 α’
1151 1447 1248 1518 μὲν
1276 1448 1452 1519 ἀστὴρ
1483 1447 1627 1501 δύνει
1653 1449 1682 1500 6
1715 1449 1952 1520 ἡγούμε-

363 1554 452 1601 νος
481 1537 590 1591 τῶν
620 1539 678 1591 ὲν
701 1540 766 1608 τῇ
796 1539 1061 1610 ἀριστερᾷ
1091 1539 1255 1609 χειρὶ,
1292 1538 1518 1609 ἔσχατος
1547 1539 1604 1592 δὲ
1626 1541 1654 1592 6
1685 1541 1951 1611 ἑπόμενος

360 1629 468 1683 τῶν
499 1633 558 1683 ὲν
572 1633 637 1701 τῇ
671 1630 909 1684 κάλπιδι.
931 1631 1341 1702 Μεσουρανοῦσι
1367 1632 1426 1684 δὲ
1453 1632 1562 1684 τῶν
1587 1631 1764 1686 ἄλλων
1791 1635 1952 1687 ἀστέ-

363 1740 472 1793 ρων
497 1723 555 1776 ὲν
588 1723 686 1794 μὲν
719 1727 784 1794 τῇ
834 1725 974 1794 ἀρχῇ
1005 1723 1096 1777 τοῦ
1129 1724 1384 1796 Περσέως
1420 1727 1448 1778 6
1474 1726 1532 1778 ὲν
1567 1726 1634 1795 τῇ
1679 1725 1829 1796 ἅρπῃ
1864 1743 1952 1779 νε-

360 1813 636 1886 φελοειδὴς
668 1813 764 1879 ὢν,
790 1815 1002 1885 καὶτῆς
1038 1815 1396 1887 Ἀνδρομέδας
1419 1817 1448 1868 6
1479 1815 1764 1887 ἀριστερὸς
1790 1815 1946 1880 ποῦς,

2053 1461 2265 1512 earum,
2301 1463 2423 1518 quae
2462 1456 2588 1503 sunt
2618 1449 2672 1502 in
2696 1449 2922 1504 sinistra
2955 1465 3157 1518 manu;
3193 1453 3407 1517 ultima,
3450 1470 3643 1509 succe-

2054 1538 2191 1593 dens
2217 1553 2428 1603 earum,
2457 1554 2578 1609 qua:
2609 1539 2666 1592 in
2690 1554 2849 1594 urna.
2910 1539 3267 1612 Reliquarum
3313 1545 3635 1611 culminant,

2053 1628 2211 1684 initio
2232 1629 2474 1698 quidem,
2526 1646 2590 1684 ea
2631 1646 2753 1701 quae
2793 1639 2878 1686 est
2937 1633 2990 1686 in
3029 1633 3200 1704 harpe
3231 1632 3418 1691 Persei
3467 1637 3641 1692 nebu-

2054 1719 2168 1773 losa
2189 1737 2203 1787 ;
2223 1727 2278 1776 et
2307 1721 2670 1777 Andromedae
2704 1738 2802 1793 pes
2843 1725 3089 1790 sinister,
3119 1726 3402 1794 paululum
3420 1737 3640 1784 antece—

2051 1808 2188 1865 dens
2218 1812 2582 1868 meridianum
2619 1829 2631 1863 :
2666 1812 2796 1866 item
2826 1812 3028 1867 Arietis
3059 1828 3248 1868 earum
3273 1829 3394 1884 quae
3424 1825 3555 1870 sunt
3583 1818 3639 1871 in

361 1905 558 1976 μικρὸν
606 1906 1016 1976 προηγούμενος
1057 1906 1152 1960 τοῦ
1195 1907 1606 1979 μεσημϐρινοῦ·
1642 1909 1845 1979 ὁμοίως
1885 1909 1935 1962 δὲ

2050 1902 2248 1972 capite,
2272 1902 2486 1970 media;
2515 1903 2708 1957 ultima
2751 1918 2904 1969 vero,
2932 1920 3054 1975 quae
3095 1912 3180 1960 est
3209 1905 3266 1959 in
3300 1905 3465 1960 Tauri
3511 1923 3638 1963 sca-

357 1997 452 2050 καὶ
477 1995 571 2050 τοῦ
600 1997 772 2068 Κριοῦ
795 2000 824 2050 6
852 1997 1016 2068 μέσος
1036 1997 1146 2050 τῶν
1171 2000 1229 2052 ὲν
1249 2002 1314 2070 τῇ
1347 1999 1556 2071 κεφαλῇ
1584 2018 1597 2030 ο
1628 1999 1854 2070 ἔσχατος
1883 2001 1942 2054 δὲ

353 2088 384 2139 ὁ
408 2089 475 2159 ,ὲν
505 2089 570 2159 τῇ
599 2087 900 2162 ὥμοπλάτῃ
933 2087 1026 2141 τοῦ
1061 2089 1298 2161 Ταύρου,
1359 2090 1436 2153 ὼς
1475 2091 1776 2162 ήμιπήχιον
1803 2109 1939 2162 προ-

353 2178 489 2252 ηγού
498 2197 657 2250 μενος
682 2179 777 2233 τοῦ
811 2180 1208 2252 μεσημϐρινοῦ,
1238 2181 1332 2234 καὶ
1358 2182 1468 2234 τῶν
1495 2182 1702 2236 Ὑάδων
1728 2185 1756 2236 6
1781 2185 1839 2239 ἐν
1864 2183 1942 2254 τῷ

355 2273 568 2344 ῥύγχει,
606 2273 681 2338 ὥς
731 2275 1032 2344 ἡμιπήχιον
1057 2273 1483 2345 ὑπολειπόμενος
1511 2275 1605 2328 τοῦ
1639 2275 1942 2348 μεσημϐρι-

353 2365 466 2419 νοῦ.
504 2364 660 2419 Δύνει
690 2364 748 2418 δὲ
776 2366 805 2416 6
847 2364 1128 2436 ’Υδροχόος
1156 2367 1214 2418 ἐν
1257 2365 1428 2436 ὥραις
1466 2365 1512 2436 β’
1545 2368 1638 2420 καὶ
1683 2368 1734 2440 η’
1762 2368 1937 2441 μέρει.

423 2457 545 2510 Τῶν
588 2457 646 2510 δὲ
687 2456 910 2526 Ἰχθύων
947 2456 1232 2520 δυνόντων,
1271 2457 1663 2526 συγκαταδύνει
1701 2459 1800 2529 μὲν
1839 2460 1940 2512 αὑ-

350 2551 462 2611 τοῖς
507 2551 536 2600 6
584 2547 848 2611 ζωδιακὸς
895 2547 1002 2599 ἀπὸ
1043 2546 1328 2619 Ὑδροχόου
1389 2548 1499 2619 μοί.
1537 2554 1587 2615 γ’
1616 2548 1713 2601 καὶ
1753 2555 1802 2601 κ’
1836 2548 1942 2613 ’ἐως

314 2637 524 2711 ,Κριοῦ
579 2638 688 2708 μοί.
718 2637 791 2689 ε’·
837 2639 1164 2708 μεσουρανεῖ
1218 2637 1276 2688 δὲ
1295 2637 1402 2688 ἀπὸ
1446 2637 1662 2708 Ταύρου
1721 2637 1829 2708 μοί.
1877 2637 1940 2702 ιζ’

348 2731 454 2793 ἓως
476 2730 751 2802 Καρκίνου
773 2735 849 2794 ς’.
868 2729 976 2782 Καὶ
1002 2734 1049 2780 α’
1071 2728 1168 2799 μὲν
1199 2729 1374 2800 ἀστὴρ
1395 2729 1539 2782 δύνει
1559 2732 1587 2782 6
1617 2731 1672 2782 ὲν
1688 2729 1841 2802 ἄκρῳ
1862 2728 1942 2801 τῷ

350 2822 543 2894 ῥύγχει
574 2821 668 2875 τοῦ
715 2821 1058 2894 βορειοτέρου
1104 2819 1338 2891 Ἰχθύοςο
1382 2824 1708 2892 μεσουρανεῖ
1743 2821 1800 2874 δὲ
1831 2821 1941 2874 τῶν

347 2915 523 2970 ἀλλων
554 2914 796 2986 ἀστέρων
825 2915 884 2966 ὲν
929 2914 1026 2985 μὲν
1061 2915 1127 2984 τῇ
1161 2915 1302 2985 ἀρχῇ
1337 2914 1430 2966 τοῦ
1465 2931 1525 2966 τε
1553 2913 1764 2985 Ταύρου
1805 2915 1833 2966 6
1879 2915 1938 2967 ὲν

345 3011 415 3080 τῇ
445 3007 670 3078 ὲκφύσει
715 3007 810 3060 τοῦ
855 3006 1028 3072 δεξιοῦ
1072 3007 1322 3078 κέρατος,
1356 3008 1451 3061 καὶ
1493 3005 1586 3060 τοῦ
1627 3008 1871 3078 Ἠνιόχου
1910 3010 1939 3062 6

346 3101 632 3174 ἀριστερὸς
677 3095 866 3172 ὦμος,
905 3100 982 3164 ὡς
1026 3102 1328 3172 ήμιπήχιον
1381 3100 1790 3172 προηγούμενος
1838 3100 1937 3154 τοῦ

2046 1993 2175 2063 pula
2206 1994 2404 2057 media,
2447 1995 2606 2064 quasi
2642 1995 2970 2049 semicubito
3016 1996 3379 2052 meridianum
3421 2007 3640 2054 antece-

2043 2083 2201 2150 dens,
2229 2091 2282 2139 et
2341 2083 2665 2140 Sucularum
2691 2101 2812 2156 qua:
2843 2093 2928 2141 est
2970 2087 3026 2140 in
3058 2095 3258 2153 rostro,
3318 2091 3638 2144 semicubito

2045 2174 2159 2230 fere
2185 2177 2450 2231 collocata
2493 2179 2634 2232 citra
2685 2177 3068 2236 meridianum.
3110 2178 3324 2236 Occidit
3358 2184 3636 2254 Aquarius

2045 2267 2198 2325 boris
2223 2269 2259 2322 ε
2298 2269 2419 2341 1/3.

2119 2448 2369 2505 Piscibus
2445 2450 2825 2508 occidentibus
2895 2452 3180 2509 descendit
3245 2454 3504 2509 zodiacus
3567 2455 3637 2509 ab

2043 2541 2271 2612 Aquarii
2299 2549 2455 2611 parte
2481 2542 2554 2596 25
2600 2533 2667 2597 ad
2698 2544 2982 2609 Arietiss;
3039 2545 3306 2599 culminat
3327 2561 3358 2599 a
3377 2545 3545 2598 Tauri
3567 2545 3634 2598 l7

2045 2635 2111 2689 ad
2144 2634 2342 2690 Cancri
2373 2634 2426 2689 6.
2451 2633 2612 2689 Prior
2632 2636 2835 2691 occidit
2865 2652 2984 2706 qua:
3004 2645 3090 2691 est
3122 2638 3177 2690 in
3207 2645 3388 2692 rostro
3435 2638 3633 2691 borea-

2044 2726 2200 2782 lioris
2245 2726 2441 2790 Piscis,
2495 2728 2762 2782 culminat
2832 2729 3062 2783 aliarum
3121 2730 3403 2783 stellarum
3453 2731 3632 2793 initio,

2045 2835 2168 2890 quae
2190 2828 2275 2874 est
2301 2819 2355 2873 in
2379 2834 2645 2888 processu
2677 2835 2850 2875 cornu
2877 2819 3051 2875 dextri
3084 2817 3250 2873 Tauri
3277 2837 3292 2886 ;
3325 2825 3380 2873 et
3410 2820 3635 2874 sinister

2041 2911 2308 2967 ‘humerus
2374 2910 2662 2977 Heniochi,
2726 2913 3055 2968 semicubito
3099 2911 3210 2968 fere
3264 2911 3632 2966 meridianum

2043 3002 2358 3074 praecedens
2397 3015 2413 3054 :
2450 3002 2749 3057 novissime
2807 3018 2940 3058 vero
2993 3002 3301 3057 culminant
3356 3002 3632 3062 borealior

2043 3111 2255 3164 earum,
2291 3110 2412 3166 quae
2440 3096 2499 3149 in
2524 3094 2892 3150 anterioribus
2919 3094 3076 3150 Ursa:
3103 3094 3394 3162 cruribus;
3426 3095 3555 3149 item
3602 3110 3633 3149 e

354 3195 728 3268 μεσημϐρινοῦ
750 3213 764 3226 ·
798 3194 1022 3266 ἔσχατον
1048 3195 1105 3248 δὲ
1145 3195 1542 3268 μεσουρανοῦσι
1574 3195 1675 3265 τῆς
1718 3211 1775 3248 τε
1807 3195 1935 3266 Ἀρ-

2046 3196 2283 3260 quatuor
2332 3188 2482 3241 circa
2513 3187 2840 3241 nubeculam
2873 3187 2926 3240 in
2958 3186 3173 3242 Cancro
3205 3187 3434 3243 sitarum
3478 3189 3628 3240 occi-

347 3306 476 3342 κτου
507 3292 536 3343 6
563 3288 896 3361 βορειότερος
923 3287 1033 3340 τῶν
1061 3289 1119 3340 ἐν
1136 3291 1250 3352 τοῖς
1273 3288 1629 3361 ἐμπροσθίοις
1666 3286 1933 3351 σκέλεσιν,

348 3384 442 3436 καὶ
478 3381 572 3435 τοῦ
603 3382 877 3455 Καρκίνου
909 3382 960 3433 οἱ
1001 3381 1128 3451 περὶ
1167 3380 1228 3433 τὸ
1261 3383 1509 3452 νεφέλιον
1540 3381 1647 3435 τῶν
1680 3383 1738 3436 ἐν
1783 3378 1934 3450 αὐτῷ

2045 3282 2292 3337 dentales
2315 3280 2456 3342 duae,
2485 3295 2702 3335 necnon
2749 3279 3046 3334 australior
3076 3281 3414 3335 anteriorum
3462 3279 3630 3333 Canis

2042 3375 2264 3447 pedum.
2300 3372 2572 3430 Occidunt
2602 3371 2790 3428 Pisces
2813 3372 2965 3427 boris
2995 3371 3174 3427 tribus
3196 3381 3251 3428 et
3271 3372 3521 3427 semisse.

348 3476 619 3547 κειμένων
642 3477 682 3530 6'
717 3476 761 3546 β’
783 3477 833 3529 οἱ
855 3478 993 3548 πρὸς
1013 3477 1185 3543 δύσιν,
1220 3478 1316 3533 καὶ
1344 3478 1436 3530 τοῦ
1462 3477 1636 3541 Κυνὸς
1664 3478 1693 3529 6
1713 3472 2030 3545 νοτιώτερος
2063 3471 2172 3524 τῶν
2205 3467 2552 3540 ἐμπροσθίων
2596 3465 2790 3520 ποδῶν.
2853 3464 3081 3519 Δύνουσι
3123 3465 3179 3517 δὲ
3219 3467 3266 3518 οἱ
3306 3463 3509 3536 ’ἰχθύες
3569 3464 3631 3518 ἐν

348 3571 519 3645 ὥραις
548 3580 596 3644 γ’
616 3574 712 3628 καὶ
741 3574 1016 3646 ήμιωρίῳ.

413 3732 514 3787 1Ε’.
538 3732 644 3787 Τοῦ
665 3733 721 3786 δὲ
742 3732 914 3806 Κριοῦ
934 3732 1202 3799 δύνοντος,
1237 3730 1634 3801 συγκαταδύνει
1661 3730 1759 3801 μὲν
1781 3725 1930 3796 αὑτῷ

341 3828 370 3879 6
420 3826 684 3890 ζωδιακὸς
732 3827 841 3880 ἀπὸ
878 3827 1098 3898 Ἰχθύων
1154 3825 1264 3896 μοί.
1310 3824 1352 3877 θ’
1387 3825 1479 3878 καὶ
1521 3830 1567 3876 κ’
1601 3823 1705 3885 ἕως
1753 3819 1929 3892 Κριοῦ

345 3917 456 3988 μοί.
478 3924 531 3982 ς’
556 3917 652 3971 καὶ
680 3925 756 3971 κ’⁶
793 3919 1118 3989 μεσουρανεῖ
1139 3915 1196 3969 δὲ
1218 3915 1326 3967 ἀπὸ
1358 3914 1604 3985 Διδύμων
1635 3912 1744 3982 μοί.
1770 3911 1811 3962 θ’
1835 3909 1930 3962 καὶ

2113 3717 2230 3774 XV.
2287 3716 2422 3772 Cum
2480 3715 2664 3770 Ariete
2729 3714 2986 3770 zodiacus
3043 3712 3246 3769 occidit
3292 3727 3325 3768 a
3377 3710 3622 3768 Piscium

2037 3820 2193 3886 parte
2212 3811 2282 3865 29
2314 3810 2382 3864 ad
2410 3808 2610 3863 Arietis
2669 3805 2774 3874 96;
2807 3806 3073 3859 culminat
3100 3819 3131 3858 a
3161 3803 3514 3859 Geminorum
3549 3803 3621 3856 29

2041 3908 2108 3961 ad
2129 3903 2326 3960 Cancri
2351 3902 2443 3956 ‘29.
2480 3899 2635 3954 Prior
2669 3897 2869 3953 occidit
2888 3897 3067 3960 stella,
3092 3911 3215 3967 qua:
3239 3904 3324 3952 est
3349 3895 3404 3950 iu
3453 3903 3623 3949 ante-

340 3987 389 4065 κ’
417 4011 521 4075 ἕως
549 3987 827 4084 Καρκίνου
858 4011 902 4064 θ’
936 3987 1030 4065 καὶ
1063 4018 1132 4066 κ’.
1167 4009 1280 4064 Καὶ
1312 4015 1359 4062 α’
1397 4009 1493 4079 μὲν
1521 4007 1697 4077 ἀστὴρ
1728 4003 1872 4057 δύνει
1901 4005 1930 4054 6

2040 3998 2280 4054 rioribus
2318 3994 2578 4064 pedibus;
2627 3991 2819 4044 ultima
2868 4003 3021 4053 vero,
3084 3987 3386 4042 succedens
3431 3998 3624 4041 earum

338 4106 398 4158 ὲν
423 4073 533 4168 τοῖς
563 4073 919 4176 ἐμπροσθίοις
941 4104 1118 4167 ποσὶν,
1143 4103 1371 4174 ἔσχατος
1393 4073 1450 4153 δὲ
1481 4101 1508 4152 ὁ
1530 4073 1796 4169 ἑπόμενος
1818 4095 1926 4148 τῶν

2041 4103 2162 4160 qua:
2196 4095 2323 4143 sunt
2353 4086 2406 4138 in
2435 4083 2628 4137 cauda.
2662 4078 2997 4135 Caaterarum
3016 4078 3282 4132 culminat
3310 4076 3489 4140 initio,
3517 4073 3625 4130 Ca-

338 4197 396 4248 ὲν
428 4198 494 4266 τῇ
537 4167 694 4267 ούΙρᾷί
725 4196 1066 4266 Μεσουρανεῖ
1105 4193 1162 4246 δὲ
1202 4167 1310 4245 τῶν
1365 4190 1539 4243 ἄλλων
1580 4167 1824 4257 ἀστέρων
1870 4187 1925 4237 ὲν

2040 4182 2119 4236 nis
2145 4180 2200 4233 in
2232 4177 2575 4233 extremitate
2599 4171 2788 4227 cauda:
2809 4170 3009 4242 posita,
3035 4167 3362 4225 semicubito
3393 4167 3509 4222 fere
3543 4167 3624 4221 ci-

341 4286 440 4358 μὲν
573 4259 715 4359 ἀρχῇ
749 4287 842 4340 τοῦ
876 4259 1052 4350 Κυνὸς
1081 4288 1110 4338 6
1148 4287 1206 4338 ὲν
1236 4283 1383 4355 ἄκρᾳ
1409 4285 1477 4352 τῇ
1508 4281 1664 4351 οὐρᾷ,
1695 4279 1769 4342 ὡς
1799 4280 1930 4348 ἡμι-

2040 4280 2119 4326 lra
2147 4269 2537 4331 meridianum,
2572 4272 2627 4322 et
2659 4281 2782 4336 quae
2809 4266 2864 4318 in
2918 4262 3101 4318 medio
3159 4259 3388 4315 australi
3447 4260 3619 4314 latere

337 4378 980 4448 πήχιονιιὺπολειπόμενος
1002 4376 1097 4430 τοῦ
1141 4371 1536 4446 μεσημϐρινοῦ,
1574 4368 1670 4422 καὶ
1696 4366 1790 4420 τοῦ
1818 4367 1928 4436 Πη-

2040 4365 2328 4430 Teutonis;
2372 4361 2691 4425 novissime,
2744 4357 3073 4412 antecedens
3121 4369 3333 4418 earum,
3393 4368 3515 4423 quae
3561 4353 3618 4407 in

335 4445 516 4524 δαλίον
550 4473 578 4524 6
600 4473 657 4523 ὲν
691 4445 839 4542 μέσῃ⁷
859 4473 925 4542 τῇ
950 4469 1104 4540 νοτία
1143 4445 1386 4538 πλευρᾷ·
1415 4463 1642 4533 ἔσχατον
1671 4460 1729 4513 δὲ
1753 4457 1853 4529 τῆς
1868 4475 1927 4510 τε

2040 4456 2435 4530 posterioribus
2457 4452 2611 4507 Ursae
2639 4451 2890 4521 pedibus,
2924 4447 3252 4503 semicubito
3276 4445 3496 4498 circiter
3518 4459 3619 4497 an-

341 4564 580 4635 Ἀρκτου
609 4562 637 4613 6
661 4561 962 4634 ἡγούμενος
991 4559 1100 4612 τῶν
1123 4559 1180 4611 ὲν
1199 4560 1314 4620 τοῖς
1348 4553 1616 4616 ὀπισθίοις
1647 4551 1824 4614 ποσὶν,
1847 4547 1923 4610 ὡς

2040 4549 2293 4606 tecedens
2333 4546 2722 4605 meridianum,
2753 4551 2808 4597 et
2847 4541 3150 4595 lucidarum
3183 4540 3239 4594 in
3262 4539 3406 4593 collo
3435 4552 3499 4590 ac
3529 4553 3621 4606 pes

335 4627 634 4726 ἡμιπήχιον
663 4627 1072 4725 προηγούμενος
1107 4649 1201 4704 τοῦ
1242 4645 1638 4720 μεσημϐρινοῦ,
1671 4642 1765 4695 καὶ
1823 4640 1918 4692 τοῦ

2040 4646 2184 4693 ctore
2209 4635 2410 4690 Leonis
2444 4650 2472 4687 a
2499 4632 2975 4703 septentrionibus
3003 4629 3186 4692 tertia,
3220 4627 3468 4698 partibus
3522 4644 3620 4680 eu-

336 4718 567 4810 A‘éov'c6‘g
599 4718 722 4799 raw.
741 4718 804 4798 ἐν
822 4718 927 4814 *τῷ*
955 4741 1210 4814 τραχήλῳ
1238 4718 1332 4794 καὶ
1365 4737 1550 4809 στήθει
1592 4732 1862 4806 λαμπρῶν
1894 4736 1922 4786 6

2040 4730 2131 4785 bili
2160 4729 2374 4784 duabus
2409 4727 2520 4781 fere
2563 4725 2701 4780 citra
2760 4723 3146 4779 meridianum.
3203 4719 3416 4775 Occidit
3459 4718 3620 4773 Aries

335 4849 384 4912 γ’
410 4842 505 4896 ἀπ’
535 4843 772 4913 ἄρκτων,
799 4838 874 4902 ὡς
896 4837 939 4908 β’
976 4836 1115 4908 μέρη
1139 4835 1358 4906 πήχεως
1385 4829 1809 4900 ὑπολειπόμενος
1825 4825 1920 4880 τοῦ

338 4936 734 5009 μεσημϐρινοῦ.
765 4933 920 4987 Δύνει
949 4931 1006 4983 δὲ
1032 4931 1060 4982 6
1085 4928 1252 5001 Κριὸς
1280 4930 1337 4980 ἐν
1358 4926 1527 4997 ὥραις
1556 4925 1621 4995 β’.

406 5025 513 5078 Τοῦ
542 5025 598 5077 δὲ
629 5024 842 5095 Ταύρου
871 5021 1140 5084 δύνοντος,
1170 5015 1561 5086 συγκαταδύνει
1596 5013 1693 5086 μὲν
1722 5012 1871 5084 αύτῷ
1894 5014 1923 5066 6

335 5115 598 5182 ζωδιακὸς
630 5114 739 5167 ἀπὸ
780 5111 952 5184 Κριοῦ
1009 5111 1118 5182 μοί.
1151 5116 1198 5162 κ’
1227 5108 1330 5172 ἕως
1377 5107 1590 5180 Ταύρου
1641 5106 1749 5177 μοί.
1797 5103 1918 5170 κς”

337 5209 662 5279 μεσουρανεῖ
687 5205 743 5259 δὲ
778 5204 886 5259 ἀπὸ
919 5202 1195 5275 Καρκίνου
1237 5199 1345 5271 μοί.
1372 5197 1417 5268 β’
1452 5198 1546 5250 καὶ
1570 5203 1618 5251 κ’
1641 5196 1745 5260 ἕως
1779 5197 1924 5269 Παρ-

335 5301 494 5354 θένου
518 5298 583 5363 ζ’.
616 5301 726 5353 Καὶ
756 5305 803 5352 α’
831 5297 928 5368 μὲν
954 5297 1130 5368 ἀστὴρ
1151 5293 1296 5347 δύνει
1324 5295 1352 5346 6
1381 5291 1703 5360 νοτιώτερος
1730 5289 1838 5344 τῶν
1863 5293 1922 5343 ὲν

333 5397 399 5466 τῇ
444 5394 692 5463 ἀποτομῇ
727 5393 790 5457 δ’,
821 5377 1050 5460 ἔσχατος
1092 5387 1147 5441 δὲ
1184 5389 1212 5440 6
1250 5389 1307 5438 ἐν
1339 5384 1495 5456 ἄκρῳ
1541 5383 1620 5453 τῷ
1650 5381 1924 5454 ἀριστερῷ

333 5489 549 5560 κέρατι.
577 5483 988 5555 Μεσουρανοῦσι
1017 5481 1072 5534 δὲ
1105 5479 1212 5533 τῶν
1249 5479 1422 5534 ἄλλων
1449 5475 1694 5546 ἀστέρων
1734 5477 1790 5529 ὲν
1824 5475 1922 5545 μὲν

330 5583 398 5652 τῇ
426 5581 568 5651 ἀρχῇ
600 5577 693 5630 τοῦ
715 5577 912 5648 ’Ύδρου
938 5576 966 5628 6
996 5570 1316 5634 νοτιώτατος
1344 5569 1453 5624 τῶν
1478 5570 1536 5622 ἐν
1556 5568 1635 5638 τῷ
1665 5565 1921 5638 τραχήλῳ

332 5678 403 5742 γ’,
417 5671 642 5740 ἔγγιστα
659 5667 766 5722 τῶν
785 5669 878 5720 ἀπ’
896 5667 1134 5737 ’Ἄρκτου
1148 5662 1420 5732 κειμένων
1435 5659 1530 5714 τοῦ
1553 5657 1828 5729 λαμπροῦ,
1845 5657 1919 5721 ὡς

333 5763 631 5836 ήμιπήχιον
662 5757 1089 5828 ὑπολειπόμενος
1115 5754 1210 5808 τοῦ
1255 5750 1650 5826 μεσημϐρινοῦ
1694 5749 1920 5820 ἔσχατον

331 5853 388 5908 δὲ
422 5849 814 5926 μεσουρανοῦσι
837 5847 934 5918 τῆς
956 5845 1233 5918 Παρθένου
1257 5847 1284 5897 6
1314 5844 1372 5896 ὲν
1402 5842 1544 5915 μέσῃ
1564 5842 1629 5912 τῇ
1653 5839 1919 5910 ἀριστερᾷ

651 5944 924 6006 Ρλτιιοι.
957 5941 1073 6002 Gn.
1114 5935 1290 5996 XIX.

2028 4824 2176 4880 boris
2207 4822 2440 4879 duabus.

2103 5006 2240 5062 Cum
2271 5005 2453 5060 Tauro
2480 5002 2740 5059 zodiacus
2760 5001 2967 5058 occidit
2993 5002 3063 5057 ab
3097 5000 3303 5057 Arietis
3341 5009 3495 5070 parte
3545 5001 3618 5056 20

2033 5099 2192 5172 140
2253 5099 2320 5153 ad
2383 5096 2551 5152 Tauri
2608 5095 2718 5163 26;
2775 5096 3043 5150 culminat
3097 5109 3129 5150 a
3177 5095 3376 5150 Cancri
3423 5093 3495 5148 22
3548 5093 3619 5149 ad

2028 5192 2270 5263 Virginis
2307 5191 2363 5244 7.
2394 5189 2554 5244 Prior
2583 5190 2787 5245 occidit
2822 5190 3000 5254 stella,
3034 5204 3156 5259 quae
3187 5197 3273 5244 est
3318 5188 3618 5242 australior

2029 5289 2259 5346 sitarum
2305 5287 2362 5340 in
2393 5287 2718 5356 praecisione
2746 5296 3016 5357 quatuor;
3048 5285 3260 5349 ultima,
3293 5300 3414 5354 quae
3446 5291 3532 5339 est
3559 5283 3617 5338 in

2028 5379 2370 5436 extremitate
2407 5378 2617 5434 sinistri
2647 5393 2842 5433 cornu.
2876 5376 3234 5447 Reliquarum
3288 5376 3615 5437 culminant,

2028 5469 2185 5524 initio
2242 5468 2483 5539 quidem,
2541 5465 2940 5522 australissima
2995 5481 3180 5521 earum
3227 5479 3349 5535 quae
3399 5470 3528 5518 sunt
3562 5462 3619 5516 in

2027 5562 2188 5626 collo,
2219 5561 2384 5615 trium
2406 5578 2422 5628 ;
2442 5574 2562 5630 quae
2587 5559 2849 5628 proximae
2869 5569 2998 5614 sunt
3033 5557 3099 5612 iis
3115 5571 3238 5628 qua:
3281 5556 3349 5610 ad
3396 5564 3618 5624 septen-

2028 5653 2237 5707 triones
2268 5651 2522 5719 objaeent
2547 5649 2777 5711 lucidae:
2803 5647 3133 5705 semicubito
3160 5646 3272 5701 fere
3294 5646 3434 5699 citra
3454 5645 3616 5697 meri-

2027 5745 2248 5800 dianum
2277 5744 2477 5815 posita,
2508 5742 2807 5799 novissime
2835 5741 3161 5805 culminant,
3190 5754 3310 5808 quae
3351 5737 3408 5790 in
3439 5735 3617 5791 media

2028 5837 2253 5894 sinistra
2281 5833 2656 5913 ala_Virginis,
2685 5834 2970 5907 paululum
2992 5832 3359 5890 meridianum
3409 5845 3613 5900 praece-

3259 5922 3330 5984 35
