4132 6410
491 394 622 450 H5!

1472 384 1567 440 AD
1597 382 1866 443 EUSEBII
1902 381 2299 443 CHRONICON
2339 381 2700 474 ΑΡΡΕῌΒΙΧ.

3618 373 3760 433 11Ξί

489 508 626 564 dens
657 515 822 564 :ltem
847 519 1014 576 parva
1047 505 1102 560 in
1128 501 1290 559 Corvi
1327 501 1508 559 medio
1564 519 1816 575 corpore.
1846 501 2059 560 Occidit
2089 537 2099 568 λ

2172 502 2412 572 πτέρυγι,
2452 500 2646 572 μικρὸν
2671 509 3078 569 προηγουμενος
3107 490 3200 545 τοῦ
3231 487 3624 562 μεσημϐρινοῦ,
3655 491 3748 543 καὶ

491 601 707 658 Taurus
734 600 883 656 horis
902 599 958 654 4.

565 781 810 839 Geminis
839 776 1215 834 occidentibus
1252 775 1512 830 zodiacus
1555 773 1840 830 descendit
1862 788 1892 827 a
1916 781 2072 845 parte

489 878 526 931 4
557 875 912 930 Geminorum
949 873 1019 925 ad
1059 871 1096 925 2
1139 870 1375 924 mediam
1429 869 1663 934 Cancri;
1722 867 1980 921 culminat
2039 881 2072 920 a

491 975 646 1039 parte
673 963 914 1034 Virginis
943 962 1009 1015 17
1028 961 1095 1016 ad
1151 961 1441 1016 Chelarum
1489 959 1560 1013 2?.
1605 958 1860 1013 mediam.
1915 957 2073 1012 Prior

489 1055 694 1111 occidit
721 1054 900 1117 stella,
927 1067 1050 1123 qum
1100 1059 1330 1107 vocatur
1372 1051 1622 1120 Pr0pus;
1681 1050 1894 1114 ultima,
1949 1063 2073 1119 quae

489 1146 658 1202 estin
690 1145 884 1200 dextra
928 1159 1093 1197 manu
1127 1143 1473 1198 succedentis
1526 1140 1761 1197 Gemini.
1815 1139 2073 1210 Reliqua-

488 1251 613 1290 rum
643 1234 910 1290 culminat
938 1233 1098 1287 initio
1124 1231 1370 1303 quidem,
1396 1230 1780 1286 Vindemiator
1803 1239 1856 1286 et
1883 1233 2072 1287 dexter

489 1329 754 1384 humerus
775 1324 1041 1405 Virginis,
1067 1324 1391 1380 semicubito
1410 1321 1521 1378 fere
1552 1323 1912 1378 meridianum
1943 1339 2075 1393 prm-

489 1420 731 1485 cedens;
760 1419 1060 1474 novissime
1081 1417 1346 1471 culminat
1366 1416 1570 1479 lucida,
1603 1432 1726 1486 qua:
1773 1417 1934 1471 estin
1979 1432 2074 1472 ex-

487 1510 767 1566 tremitate
791 1510 977 1564 boreae
1001 1507 1182 1563 Chelte
1207 1547 1222 1572 ,
1255 1507 1471 1561 duabus
1505 1506 1677 1560 cubiti
1735 1505 1850 1563 fere
1901 1508 2074 1576 parti-

487 1601 592 1656 bus
641 1602 780 1656 citra
829 1600 1216 1656 meridianum.
1257 1597 1530 1656 Occidunt
1571 1597 1786 1654 Gemini
1822 1599 1975 1654 boris
2012 1599 2069 1666 2,

483 1691 516 1744 -1
525 1690 594 1746 θ’.

2171 593 2264 646 τοῦ
2281 594 2531 664 Κόρακος
2563 593 2592 644 6
2619 592 2677 644 ἐν
2703 587 2852 660 μέσῳ
2876 585 2953 657 τῷ
2975 584 3185 656 σώματι
3215 583 3427 656 μικρός.
3459 579 3614 633 Δύνει
3641 580 3696 633 δὲ
3721 584 3751 634 ὁ

2172 684 2382 756 Ταῦρος
2416 685 2474 738 ἐν
2509 683 2680 755 ὥραις
2704 687 2772 750 γ’.

2243 776 2362 829 Τῶν
2384 775 2442 828 δὲ
2463 774 2706 844 Διδύμων
2727 771 3012 834 δυνόντων,
3036 767 3425 837 συγκαταδύνει
3451 765 3547 836 μὲν
3568 766 3751 828 αὐτοῖς

2171 869 2199 921 6
2225 867 2488 931 ζωδιακὸς
2514 867 2622 920 ἀπὸ
2651 864 2896 935 Διδύμων
2928 863 3037 934 μοί.
3072 862 3111 914 δ’
3133 861 3236 923 ἕως
3270 858 3545 927 Καρκίνου
3582 856 3626 926 β’
3651 857 3748 925 μέ-

2173 977 2272 1031 σης
2291 976 2305 989 °
2341 961 2666 1030 μεσουρανεῖ
2687 958 2742 1010 δὲ
2765 957 2872 1009 ἀπὸ
2894 953 3170 1027 Παρθένου
3203 949 3311 1021 μοί.
3340 947 3404 1013 ιζ’
3431 949 3536 1011 ἓως
3557 948 3750 1017 Χηλῶν

2175 1050 2218 1120 β’
2253 1050 2347 1102 καὶ
2378 1056 2426 1102 κ’
2459 1049 2650 1120 μέσης.
2681 1050 2791 1102 Καὶ
2815 1055 2864 1102 α’
2896 1047 2993 1118 μὲν
3009 1043 3180 1115 ἀστὴρ
3207 1043 3352 1096 δύνει
3371 1044 3398 1094 ὁ
3420 1039 3753 1110 καλούμενος

2173 1142 2444 1213 Πρόπους,
2480 1141 2704 1212 ἔσχατος
2727 1140 2784 1192 δὲ
2827 1141 2855 1192 6
2888 1140 2945 1191 ὲν
2977 1141 3044 1208 τῇ
3071 1136 3221 1206 δεξιᾷ
3242 1135 3382 1205 χειρὶ
3410 1131 3504 1186 τοῦ
3547 1131 3748 1202 ἐπομέσ

2172 1252 2262 1288 νου
2291 1234 2542 1304 Διδύμου.
2591 1234 2931 1305 Μεσουρανεῖ
2965 1231 3022 1284 δὲ
3049 1229 3157 1282 τῶν
3205 1228 3377 1282 ἀλλων
3421 1225 3664 1296 ἀστέρων
3693 1227 3750 1276 ἐν

2177 1327 2274 1396 μὲν
2301 1329 2368 1397 τῇ
2400 1327 2544 1398 ἀρχῇ
2573 1325 2601 1378 ὃ
2628 1342 2688 1378 τε
2724 1321 3140 1400 Προτρυγητὴρ,
3168 1321 3260 1373 καὶ
3286 1320 3383 1390 τῆς
3422 1317 3696 1389 Παρθένου
3723 1318 3754 1368 ὁ

2171 1420 2344 1487 δεξιὸς
2389 1414 2564 1491 ὦμος,
2623 1419 2699 1482 ὠς
2742 1419 3038 1489 ἡμιπήχιον
3077 1413 3485 1488 προηγούμενος
3526 1410 3621 1464 τοῦ
3658 1427 3754 1480 με·

2175 1512 2506 1583 σημϐρινοῦ·
2550 1511 2778 1582 ἔσχατον
2807 1511 2865 1564 δὲ
2912 1509 3234 1580 μεσουρανεῖ
3269 1507 3377 1559 τῶν
3404 1502 3597 1576 Χηλῶν
3633 1504 3661 1554 6
3695 1501 3754 1553 ἐν

2173 1599 2320 1672 ἄκρᾳ
2343 1604 2410 1672 τῇ
2437 1601 2620 1674 βορείᾳ
2651 1601 2804 1672 Χηλῇ
2851 1600 3124 1671 λαμπρὸς,
3157 1598 3234 1661 ὡς
3276 1596 3319 1667 β’
3353 1597 3492 1668 μέρη
3532 1595 3752 1664 πήχεως

2173 1692 2600 1763 ὑπολειπόμενος
2624 1689 2718 1744 τοῦ
2758 1687 3153 1762 μεσημϐρινοῦ.
3187 1688 3412 1742 Δύνουσι
3440 1687 3497 1739 δὲ
3527 1687 3575 1738 οἱ
3600 1685 3752 1739 Δίδυ-

2179 1799 2268 1853 μοι
2302 1784 2360 1838 ὲν
2387 1783 2557 1855 ὥραις
2583 1783 2626 1853 β’
2660 1783 2754 1837 καὶ
2788 1788 2840 1848 ς’
2871 1783 3044 1854 μέρει.

1256 1909 1335 1966 De
1363 1909 1621 1965 distantia
1675 1909 1956 1964 stellarum
1988 1910 2206 1969 invicem
2232 1934 2324 1987 per
2343 1919 2631 1973 intervalla
2656 1930 2970 1988 temporum.

543 2023 701 2081 XVI.
729 2023 934 2079 Praeter
960 2021 1255 2078 orientium
1279 2029 1334 2077 et
1362 2021 1735 2076 occidentium
1761 2037 1887 2077 cum
1928 2023 2068 2078 side-
2096 2038 2099 2091 ς

2239 2033 2356 2099 Ιςν.
2383 2031 2566 2101 Χωρὶς
2593 2031 2650 2084 δὲ
2676 2030 2775 2101 τῆς
2799 2032 2856 2082 ὲν
2876 2030 2998 2091 ταῖς
3033 2025 3416 2088 συνανατολαῖς
3437 2025 3531 2078 καὶ
3561 2023 3750 2077 δύσεσι

473 2117 641 2174 τνίὺυε
697 2115 906 2170 zodiaci
949 2114 1188 2185 partium
1245 2112 1577 2178 doctrinam,
1637 2129 1798 2169 usum
1840 2110 2072 2184 insuper

486 2209 767 2281 egregium
801 2207 1005 2262 habere
1041 2205 1177 2260 mihi
1207 2205 1444 2270 videtur,
1489 2206 1633 2260 scire
1662 2222 1786 2273 nos,
1819 2223 2070 2276 quaenam

487 2303 772 2358 stellarum
807 2299 1165 2354 inerrantium
1195 2299 1454 2353 horarum
1493 2299 1958 2368 aequinoctialium
1988 2301 2074 2356 in-

474 2391 732 2448 tervallis
757 2390 1016 2461 deinceps
1070 2390 1308 2444 invicem
1357 2389 1584 2445 distent.
1631 2389 1791 2446 Utilis
1826 2393 1975 2448 enim
2007 2408 2071 2448 ea

480 2500 580 2540 res
610 2483 778 2539 estad
801 2483 992 2536 horam
1023 2489 1215 2538 exacte
1246 2490 1521 2537 nocturno
1544 2491 1790 2554 tempore
1807 2485 2070 2556 colligen-

486 2576 613 2630 dam
633 2582 792 2629 :-tum
825 2574 890 2629 ad
923 2573 1173 2645 ecliptica
1203 2574 1345 2630 lunae
1373 2575 1574 2646 spatia,
1600 2584 1655 2632 et
1685 2575 1741 2631 id
1775 2593 1947 2648 genus
1977 2592 2072 2631 co-

487 2670 803 2741 gnoscenda
830 2669 1065 2740 reliqua,
1090 2683 1212 2738 quae
1238 2666 1308 2723 ad
1359 2667 1603 2723 siderum
1650 2669 2072 2740 contemplatio-

487 2774 613 2814 nem
630 2760 926 2830 pertinent.

557 2851 928 2918 Quamobrem
959 2851 1015 2905 in
1045 2866 1110 2906 eo
1151 2850 1381 2914 circulo,
1411 2851 1506 2921 qui
1547 2863 1645 2921 per
1695 2851 1854 2922 polos
1897 2850 2073 2922 tropi-

490 2961 696 3016 cosque
735 2945 1090 3007 describitur,
1123 2943 1280 2998 stella
1303 2949 1387 2997 est
1419 2943 1476 2996 in
1507 2945 1851 2999 extremitate
1887 2944 2074 2998 caudae

488 3035 678 3099 Canis,
703 3041 868 3104 atque
885 3033 946 3087 in
981 3048 1047 3088 eo
1075 3031 1449 3097 semicirculo,
1474 3032 1568 3102 qui
1599 3031 1851 3087 azstivum
1900 3032 2074 3104 tr0pi-

491 3143 618 3183 cum
654 3128 918 3182 continet.
947 3126 1031 3180 Al)
1057 3125 1161 3179 hac
1199 3125 1358 3179 stella
1413 3125 1635 3180 horario
1686 3124 1854 3180 distat
1906 3125 2074 3180 inter-

488 3221 657 3283 vallo,
715 3236 836 3290 quae
887 3219 944 3274 in
1013 3232 1278 3289 processu
1335 3217 1461 3272 colli
1493 3216 1661 3289 Hydri
1727 3218 1908 3288 posita
1965 3225 2068 3273 est.

485 3303 748 3366 Proxime
804 3310 970 3365 etiam
1032 3309 1216 3365 lucida
1247 3309 1342 3364 'in
1402 3309 1773 3364 anterioribus
1837 3308 2071 3381 genibus

491 3399 670 3456 Ursae.

563 3490 875 3547 Secundum
914 3490 1194 3545 horarium
1223 3489 1571 3545 intervallum
1623 3490 1885 3544 terminat
1941 3488 2074 3544 stel-

489 3585 601 3639 hia
627 3585 788 3654 paulo
817 3584 942 3654 plus
979 3582 1207 3637 cubitali
1250 3581 1430 3652 spatio
1474 3597 1572 3636 cor
1603 3580 1803 3637 Leonis
1853 3589 2074 3637 antece—

490 3677 648 3733 dens.
676 3674 880 3730 Eadem
900 3674 1117 3730 stellula
1153 3673 1484 3745 spondylum
1529 3672 1791 3744 praecedit
1840 3673 2071 3737 circulo,

490 3767 585 3835 qui
606 3780 712 3836 per
739 3765 902 3836 polos
952 3763 1198 3830 ducitur,
1257 3761 1558 3820 secundum
1614 3763 1895 3819 horarium
1939 3764 2074 3821 deﬁ-

492 3857 676 3911 niente
704 3855 961 3926 spatium.

563 4030 811 4087 Tertium
847 4029 996 4086 horae
1033 4030 1274 4102 spatium
1327 4030 1733 4086 circumscribit
1752 4031 2072 4090 .australior

495 4125 806 4188 ambarum,
837 4137 958 4193 quae
985 4137 1053 4178 ex
1086 4128 1320 4193 utraque
1337 4131 1502 4195 parte
1537 4123 1792 4207 adjacent
1852 4125 2071 4190 lucida,

495 4231 616 4288 quae
638 4222 723 4272 est
743 4215 800 4270 in
836 4214 1036 4271 lumbis
1064 4213 1284 4272 Leonis.

566 4391 828 4458 Quartam
857 4389 1048 4446 deﬁnit
1075 4391 1266 4446 horam
1291 4392 1347 4446 in
1370 4388 1597 4462 Virgine
1619 4393 1806 4458 stella,
1843 4409 1966 4464 quae
1990 4401 2075 4450 est

496 4484 552 4538 in
589 4484 786 4554 angulo
816 4491 970 4539 recto
991 4484 1305 4555 orthogonii
1347 4485 1628 4556 trianguli,
1664 4486 1758 4556 qui
1794 4487 1896 4541 sub
1939 4482 2075 4540 Cra-

495 4585 612 4632 tere
633 4577 772 4633 situs
804 4584 910 4642 est,
963 4583 1127 4648 atque
1183 4577 1240 4632 in
1288 4578 1492 4635 lumbis
1521 4586 1606 4634 est
1636 4576 1864 4650 majoris
1899 4575 2072 4646 Ursae,

2174 2108 2425 2194 θεωρίας,
2456 2121 2749 2193 εὔχρηστον
2785 2116 2924 2174 εἶναι
2953 2117 3158 2190 νομίζω
3188 2119 3283 2172 καὶ
3309 2118 3370 2170 τὸ
3411 2115 3752 2187 παρακολου-

2173 2215 2284 2268 θεῖν
2316 2216 2464 2285 ήμᾶς
2490 2215 2634 2277 τίνες
2657 2212 2765 2266 τῶν
2795 2211 3046 2265 ἀπλανῶν
3065 2211 3308 2282 ἀστέρων
3325 2209 3628 2278 ίάπέχουσιν
3656 2209 3750 2260 ἀπ’

2172 2306 2415 2378 ἀλλήλων
2431 2305 2571 2359 κατά
2601 2304 2668 2358 τὰ
2695 2303 2822 2374 έξῆς
2847 2303 3046 2374 ὼριαῖα
3070 2304 3361 2373 ἰσημερινά
3385 2300 3748 2370 διαστήματα.

2173 2400 2342 2454 Τοῦτο
2369 2400 2478 2470 γὰρ
2505 2401 2637 2470 ἡμῖν
2659 2396 2958 2469 εῠχρηστόν
2981 2397 3126 2448 ἐστιν
3151 2393 3286 2466 πρός
3319 2407 3378 2445 τε
3400 2393 3458 2444 τὸ
3477 2393 3576 2463 τὴν
3603 2391 3750 2462 ὥραν

2171 2491 2272 2562 τῆς
2294 2492 2485 2555 νυκτὸς
2517 2489 2758 2563 ἀκριϐῶς
2789 2486 3219 2556 συλλογίζεσθαι,
3247 2487 3340 2538 καὶ
3372 2484 3507 2556 πρὸς
3535 2484 3592 2537 τὸ
3626 2485 3752 2546 τοὺς

2173 2582 2548 2645 ὲκλειπτικοὺς
2570 2581 2669 2651 τῆς
2694 2580 2922 2650 σελήνης
2944 2577 3188 2650 χρόνους,
3221 2577 3315 2628 καὶ
3341 2574 3503 2646 ’έτιρα
3533 2572 3752 2625 πλείονα

2173 2674 2454 2726 κατανοεῖν
2484 2670 2591 2724 τῶν
2621 2671 2678 2723 ὲν
2708 2667 3034 2740 ἀστρολογίᾳ
3053 2663 3442 2736 θεωρημάτων.

2257 2851 2380 2904 Ἐπὶ
2407 2850 2505 2922 μὲν
2531 2844 2622 2904 οὖν
2639 2848 2747 2903 τῶν
2765 2845 2855 2902 διὰ
2875 2845 2981 2900 τῶν
2996 2842 3272 2918 τροπικῶν
3292 2841 3532 2914 σημείων
3553 2840 3752 2894 καὶδιά

2173 2942 2282 2996 τῶν
2300 2942 2478 2996 πόλων
2504 2939 2850 3012 γραφομένου
2873 2936 3070 2991 κύκλου
3093 2939 3266 2991 κεῖται
3291 2932 3466 3004 ἀστὴρ
3481 2935 3508 2985 ὁ
3530 2933 3586 2984 ὲν
3607 2933 3751 3001 ἄκρᾳ

2172 3032 2238 3104 τῇ
2263 3033 2399 3104 οὐρᾷ
2427 3031 2522 3084 τοῦ
2571 3031 2768 3095 Κυνὸς,
2801 3030 2859 3082 ὲν
2879 3028 2956 3100 τῷ
2987 3028 3080 3082 τὸν
3119 3025 3326 3098 θερινὸν
3355 3022 3614 3096 τροπικὸν
3651 3040 3716 3092 ση
3734 3051 3751 3059 -

2177 3125 2328 3194 μεῖον
2367 3120 2544 3193 ἔχοντι
2592 3119 2901 3192 ἡμικυκλίῳ
2938 3119 3208 3189 κείμενος.
3258 3115 3391 3168 Ἀπὸ
3441 3114 3631 3166 τούτου
3655 3113 3752 3165 τοῦ

2173 3214 2401 3286 ἀστέρος
2428 3214 2622 3284 ἀπέχει
2654 3212 2875 3285 ὡριαῖον
2903 3211 3176 3281 διάστημα
3195 3207 3288 3264 τοῦ
3310 3224 3371 3260 τε
3402 3205 3601 3276 ’Ὑδρου
3633 3206 3660 3257 6
3693 3205 3752 3256 ὲν

2172 3309 2239 3378 τῇ
2275 3305 2502 3376 ὲκφύσει
2539 3303 2632 3357 τοῦ
2673 3304 2943 3376 τραχήλου
2975 3303 3242 3372 κείμενος.
3276 3301 3547 3368 Ἐγγιστα
3573 3299 3631 3352 δὲ
3661 3298 3754 3352 καὶ

2173 3398 2271 3468 τῆς
2303 3397 2541 3466 ’Ἄρκτου
2574 3396 2603 3447 6
2627 3395 2684 3447 ὲν
2717 3395 2830 3456 τοῖς
2857 3391 3208 3462 ἐμπροσθίοις
3241 3389 3431 3458 γόνασι
3479 3389 3749 3460 λαμπρός.

2176 3520 2180 3524 -
2245 3483 2320 3540 Τὸ
2343 3486 2402 3539 δὲ
2432 3484 2684 3557 δεύτερον
2725 3484 2948 3553 ὠριαῖον
2975 3483 3250 3553 διάστημα
3283 3479 3530 3551 ἀφορίζει
3562 3480 3669 3532 τῶν
3695 3480 3753 3532 ἐν

2173 3578 2252 3650 τῷ
2281 3577 2474 3632 Λέοντι
2517 3577 2546 3629 6
2593 3575 3003 3648 προηγούμενος
3055 3573 3236 3646 μικρῷ
3279 3572 3527 3644 μεῖζονῆ
3574 3571 3753 3642 πῆχυν

2174 3668 2268 3724 τοῦ
2299 3671 2358 3722 ὲν
2397 3671 2463 3740 τῇ
2494 3668 2696 3740 καρδίᾳ
2739 3665 2994 3740 λαμπροῦ
3033 3666 3228 3738 μικρὸς
3269 3664 3612 3737 ἀστερίσκος.
3645 3663 3752 3716 Τοῦ

2172 3777 2234 3815 τε
2268 3758 2556 3830 σφονδύλου
2599 3760 2920 3828 προηγεῖται
2953 3751 3107 3820 οὗτος
3129 3759 3158 3809 6
3194 3755 3516 3824 ἀστερίσκος
3538 3753 3633 3807 τοῦ
3666 3754 3754 3807 διὰ

2077 3873 2084 3884 ι
2172 3852 2283 3906 τῶν
2339 3851 2519 3905 πόλων
2563 3849 2765 3904 κύκλου
2804 3851 2866 3902 τὸ
2895 3849 2940 3920 β’
2970 3849 3189 3922 ὠριαῖον
3238 3847 3515 3918 διάστημα
3564 3846 3755 3918 ἀφορί-

2176 3939 2382 4005 ζοντος.

2246 4027 2321 4081 Τὸ
2363 4026 2421 4081 δὲ
2472 4025 2655 4099 τρίτον
2685 4027 2919 4101 ὼριαῖον
2963 4027 3237 4102 διάστημα
3288 4029 3416 4103 περὶ
3449 4027 3628 4100 μέσον
3662 4027 3755 4082 τὸν

2175 4121 2381 4176 Λέοντα
2406 4118 2655 4193 ἀφορίζει
2679 4120 2773 4175 τοῦ
2800 4120 3026 4185 Λέοντος
3056 4124 3085 4174 6
3111 4120 3428 4194 νοτιὼτερος
3451 4122 3560 4175 τῶν
3583 4121 3626 4191 β’
3646 4121 3756 4175 τῶν

2175 4209 2236 4275 ἐξ
2261 4210 2520 4283 ἐκατέρου
2549 4209 2747 4282 μέρους
2778 4209 3194 4282 παρακειμένων
3222 4211 3298 4284 τῷ
3318 4213 3412 4266 ἐπὶ
3431 4213 3530 4282 τῆς
3557 4211 3756 4282 ὀσφύος

2175 4301 2432 4373 λαμπρῷ.

2247 4394 2321 4446 Τὸ
2349 4393 2406 4446 δὲ
2428 4393 2688 4466 τέταρτον
2725 4395 2948 4467 ὼριαῖον
2979 4394 3252 4466 διάστημα
3282 4397 3410 4467 περὶ
3447 4396 3544 4467 τὴν
3580 4395 3755 4466 ἀρχὴν

2175 4485 2276 4555 τῆς
2306 4485 2583 4558 Παρθένου
2617 4485 2868 4558 ἀφορίζει
2904 4487 2997 4540 τοῦ
3025 4487 3128 4540 ὑπὸ
3171 4488 3261 4541 τὸν
3294 4489 3564 4561 Κρατῆρα
3603 4490 3758 4561 ὀρθο-

2177 4579 2374 4647 γωνίου
2419 4579 2686 4650 τριγώνου
2725 4581 2754 4632 ὁ
2778 4579 2873 4631 ἐπὶ
2910 4579 3010 4650 τῆς
3059 4579 3224 4650 ὀρθῆς
3265 4582 3465 4648 γωνίας
3508 4583 3756 4652 κείμενος

499 4668 714 4734 lucida,
763 4668 946 4724 minus
1007 4668 1266 4724 vicesima
1329 4670 1479 4724 horae
1527 4678 1691 4741 parte
1740 4672 1878 4726 citra
1926 4673 2076 4728 bona:

2179 4669 2374 4740 ἀστήρ.
2422 4669 2479 4722 '0
2504 4669 2562 4722 δὲ
2606 4669 2698 4722 ἐπὶ
2736 4669 2836 4740 τῆς
2867 4669 3067 4739 ὀσφύος
3106 4669 3206 4740 τῆς
3248 4671 3490 4741 μεγάλης
3519 4673 3755 4741 ’Ἄρκτου

499 4769 704 4830 quartae
726 4759 1065 4816 limitaneum
1095 4760 1386 4817 circulum.

572 4939 957 5005 Quintrehoraa
984 4940 1252 4996 terminus
1277 4949 1362 4996 est
1403 4941 1460 4995 in
1510 4941 1690 4997 media
1723 4941 1968 5013 Virgine,
2025 4943 2073 4997 si

499 5044 688 5092 exacte
722 5036 872 5106 loqui
897 5037 1148 5101 velimus,
1185 5038 1341 5092 stella
1369 5037 1552 5105 nulla;
1585 5053 1773 5093 verum
1806 5038 1930 5107 plus
1980 5038 2074 5093 de-

500 5128 642 5183 cima
672 5128 820 5181 horae
847 5137 1003 5196 parte
1025 5126 1206 5182 deﬁcit
1229 5127 1296 5182 ab
1329 5127 1422 5182 illo
1461 5129 1695 5184 termino
1756 5123 2076 5185 Vindemia-

497 5227 607 5282 tor.
631 5225 686 5274 et
711 5218 890 5273 lucida
921 5217 978 5271 in
1010 5216 1202 5272 dextro
1226 5217 1455 5274 humero
1485 5217 1746 5289 Virginis.

573 5410 750 5468 Sextae
803 5413 951 5468 horae
993 5413 1154 5470 limes
1203 5422 1288 5470 est
1322 5415 1380 5469 in
1433 5417 1804 5486 aequinoctiali
1863 5419 2071 5474 circulo

498 5504 912 5573 quamproxime
935 5504 1154 5575 quidem
1187 5506 1240 5560 in
1264 5505 1538 5561 Centauro
1567 5506 1748 5563 lucida
1775 5509 2074 5566 succedens

499 5609 711 5662 earum,
743 5612 864 5665 qua:
884 5606 1012 5653 sunt
1035 5599 1089 5652 in
1104 5598 1501 5655 australissima
1517 5611 1672 5670 parte
1695 5601 1888 5673 thyrsi,
1923 5619 2072 5673 qure—

501 5699 608 5752 que
639 5687 961 5743 semicubito
986 5688 1098 5744 fere
1127 5690 1361 5754 distant,
1392 5705 1455 5745 ac
1486 5691 1728 5747 medium
1769 5691 1882 5750 fere
1930 5694 2073 5776 Fen-

492 5775 646 5828 tauri
671 5786 858 5846 pectus
884 5789 1186 5860 occupant.
1203 5778 1335 5861 Item
1366 5783 1542 5866 media
1565 5800 1777 5855 earum,
1803 5775 2074 5858 quazisunt

2181 4760 2431 4832 λαμπρὸς
2478 4760 2696 4815 ἔλαττον
2735 4761 2769 4832 ἢ
2805 4768 2851 4814 κ’
2883 4761 3048 4835 μέρος
3088 4760 3236 4834 ὧρας
3284 4763 3629 4818 ὑπολείπεται
3663 4765 3758 4817 τοῦ

2180 4852 2279 4922 τὴν
2304 4851 2344 4903 δ’
2375 4850 2524 4922 ὥραν
2556 4852 2908 4923 ἀφορίζοντος
2942 4852 3164 4906 κύκλου.

2252 4941 2362 5013 Τὴν
2405 4941 2462 4995 δὲ
2505 4941 2762 5014 πέμπτην
2795 4942 2944 5014 ὤραν
2989 4943 3236 5015 ἀφορίζει
3281 4946 3409 5017 περὶ
3458 4946 3629 5018 μέσην
3663 4947 3760 5018 τὴν

2171 5035 2456 5114 ,Παρθένον
2487 5035 2732 5108 ἀκριϐῶς
2775 5038 2873 5108 μὲν
2911 5038 3087 5101 οὐδεὶς
3127 5039 3323 5111 ἀστὴρ,
3352 5040 3428 5111 τῷ
3460 5041 3516 5094 δὲ
3546 5050 3574 5094 ι’
3604 5043 3759 5112 μέρει

2181 5125 2332 5196 ὥρας
2365 5126 2527 5181 πλέον
2570 5127 2995 5198 ὑπολειπόμενος
3029 5130 3057 5182 δ
3088 5146 3148 5182 τε
3180 5132 3575 5202 Προτρυγητὴρ
3614 5133 3708 5185 καὶ
3731 5134 3759 5184 ό

2180 5218 2274 5270 ἐπὶ
2296 5217 2390 5271 τοῦ
2411 5219 2586 5286 δεξιοῦ
2617 5219 2768 5292 ὤμου
2797 5221 2897 5294 τῆς
2920 5221 3198 5294 Παρθένου
3238 5224 3489 5294 κείμενος
3508 5224 3762 5296 λαμπρὸς

2177 5308 2376 5380 ἀστήρ.

2248 5425 2358 5496 Τὴν
2378 5424 2435 5480 δὲ
2463 5426 2629 5498 ἕκτην
2661 5425 2810 5500 ὥραν
2856 5429 3104 5501 ἀφορίζει
3151 5431 3244 5484 ἐπὶ
3273 5431 3367 5484 τοῦ
3413 5431 3501 5485 διὰ
3533 5431 3640 5483 τῶν
3677 5431 3759 5484 ίσ-

2182 5515 2456 5587 ημερινῶν
2481 5518 2718 5589 σημείων
2731 5520 2952 5584 κύκλου,
2981 5521 3209 5590 ἔγγιστα
3227 5525 3324 5594 μὲν
3339 5523 3430 5577 τοῦ
3449 5525 3760 5596 Κενταύρου

2179 5608 2208 5660 ό
2240 5608 2504 5677 ἑπόμενος
2529 5610 2639 5663 τῶν
2669 5613 2727 5664 ἐν
2755 5612 2834 5682 τῷ
2873 5614 3179 5685 νοτιωτάτῳ
3215 5617 3369 5686 μέρει
3410 5615 3501 5670 τοῦ
3558 5616 3760 5688 θύρσου

2178 5699 2468 5771 λαμπρῶν,
2498 5703 2592 5755 καὶ⁸
2619 5703 2694 5767 ὡς
2718 5706 3016 5775 ἡμιπήχιον
3045 5705 3425 5778 διεστηκότων,
3466 5711 3516 5764 οἳ
3553 5713 3758 5772 κεῖνται

2179 5791 2322 5878 κατὰ
2363 5793 2527 5863 μέσον
2556 5813 2673 5862 πως
2718 5797 2778 5851 τὸ
2819 5798 3012 5871 στῆθος
3042 5800 3136 5855 τοῦ
3185 5801 3532 5876 Κενταύρου·
3572 5801 3668 5856 τοῦ
3701 5801 3760 5856 δὲ
