  <div class='ocr_page' id='page_1' title='image "/cluster/home/n/w/nwhite01/storage/ocr_20150623/19/nnc1.0037127454/588.png"; bbox 0 0 4112 6440; ppageno 0'>
   <div class='ocr_carea' id='block_1_1' title="bbox 329 424 555 502">
    <p class='ocr_par' dir='ltr' id='par_1_1' title="bbox 329 424 555 502">
     <span class='ocr_line' id='line_1_1' title="bbox 329 424 555 502; baseline 0.013 -23"><span class='ocrx_word' id='word_1_1' title='bbox 329 496 334 502; x_wconf 32' lang='grc'><em>,</em></span> <span class='ocrx_word' id='word_1_2' title='bbox 418 424 555 482; x_wconf 71' lang='lat' dir='ltr'><strong>nas</strong></span> 
     </span>
    </p>
   </div>
   <div class='ocr_carea' id='block_1_2' title="bbox 1398 430 2663 496">
    <p class='ocr_par' dir='ltr' id='par_1_2' title="bbox 1398 430 2663 496">
     <span class='ocr_line' id='line_1_2' title="bbox 1398 430 2663 496; baseline 0.003 -10"><span class='ocrx_word' id='word_1_3' title='bbox 1398 431 1764 496; x_wconf 72' lang='lat' dir='ltr'><strong>HIPPARCIII</strong></span> <span class='ocrx_word' id='word_1_4' title='bbox 1799 433 1890 488; x_wconf 85' lang='lat' dir='ltr'><strong>AD</strong></span> <span class='ocrx_word' id='word_1_5' title='bbox 1929 430 2375 487; x_wconf 77' lang='grc' dir='ltr'><strong>ΡΗᾹΞΝΟΜΕΝΑ</strong></span> <span class='ocrx_word' id='word_1_6' title='bbox 2413 430 2539 486; x_wconf 86' lang='lat' dir='ltr'><strong>LIB.</strong></span> <span class='ocrx_word' id='word_1_7' title='bbox 2581 432 2663 490; x_wconf 89' lang='grc' dir='ltr'><strong>ΙΙΙ.</strong></span> 
     </span>
    </p>
   </div>
   <div class='ocr_carea' id='block_1_3' title="bbox 3508 445 3646 499">
    <p class='ocr_par' dir='ltr' id='par_1_3' title="bbox 3508 445 3646 499">
     <span class='ocr_line' id='line_1_3' title="bbox 3508 445 3646 499; baseline 0.029 -4"><span class='ocrx_word' id='word_1_8' title='bbox 3508 445 3646 499; x_wconf 66' lang='grc'><strong>1154</strong></span> 
     </span>
    </p>
   </div>
   <div class='ocr_carea' id='block_1_4' title="bbox 415 540 1961 625">
    <p class='ocr_par' dir='ltr' id='par_1_4' title="bbox 415 540 1961 621">
     <span class='ocr_line' id='line_1_4' title="bbox 415 540 1961 621; baseline 0.007 -27"><span class='ocrx_word' id='word_1_9' title='bbox 415 540 627 596; x_wconf 80' lang='grc' dir='ltr'>Βοὼτου</span> <span class='ocrx_word' id='word_1_10' title='bbox 647 545 675 596; x_wconf 97' lang='lat'><strong>6</strong></span> <span class='ocrx_word' id='word_1_11' title='bbox 711 543 872 614; x_wconf 80' lang='grc' dir='ltr'><strong>μέσος</strong></span> <span class='ocrx_word' id='word_1_12' title='bbox 905 547 1014 601; x_wconf 90' lang='grc' dir='ltr'><strong>τῶν</strong></span> <span class='ocrx_word' id='word_1_13' title='bbox 1042 549 1100 602; x_wconf 84' lang='grc' dir='ltr'>ὲν</span> <span class='ocrx_word' id='word_1_14' title='bbox 1137 548 1214 620; x_wconf 84' lang='grc' dir='ltr'>τῷ</span> <span class='ocrx_word' id='word_1_15' title='bbox 1243 550 1517 621; x_wconf 88' lang='grc' dir='ltr'>ἀριστερῷ</span> <span class='ocrx_word' id='word_1_16' title='bbox 1555 551 1696 616; x_wconf 71' lang='grc' dir='ltr'>ποδὶ,</span> <span class='ocrx_word' id='word_1_17' title='bbox 1730 551 1806 616; x_wconf 84' lang='grc' dir='ltr'>ὡς</span> <span class='ocrx_word' id='word_1_18' title='bbox 1837 552 1882 585; x_wconf 79' lang='grc'><strong>⁸³</strong></span> <span class='ocrx_word' id='word_1_19' title='bbox 1903 553 1961 604; x_wconf 80' lang='grc' dir='ltr'><strong>εί·</strong></span> 
     </span>
    </p>
   </div>
   <div class='ocr_carea' id='block_1_5' title="bbox 2063 540 3644 625">
    <p class='ocr_par' dir='ltr' id='par_1_5' title="bbox 2086 549 3644 625">
     <span class='ocr_line' id='line_1_5' title="bbox 2086 549 3644 625; baseline 0.006 -21"><span class='ocrx_word' id='word_1_20' title='bbox 2086 552 2139 604; x_wconf 92' lang='lat' dir='ltr'><strong>in</strong></span> <span class='ocrx_word' id='word_1_21' title='bbox 2165 549 2298 620; x_wconf 84' lang='lat' dir='ltr'><strong>pede</strong></span> <span class='ocrx_word' id='word_1_22' title='bbox 2328 549 2555 604; x_wconf 89' lang='lat' dir='ltr'><strong>sinistro</strong></span> <span class='ocrx_word' id='word_1_23' title='bbox 2569 549 2771 616; x_wconf 67' lang='lat' dir='ltr'><strong>Bootae,</strong></span> <span class='ocrx_word' id='word_1_24' title='bbox 2789 549 3047 607; x_wconf 84' lang='lat' dir='ltr'><strong>vicesima</strong></span> <span class='ocrx_word' id='word_1_25' title='bbox 3065 551 3177 610; x_wconf 83' lang='lat' dir='ltr'><strong>fere</strong></span> <span class='ocrx_word' id='word_1_26' title='bbox 3196 561 3348 625; x_wconf 90' lang='lat' dir='ltr'><strong>parte</strong></span> <span class='ocrx_word' id='word_1_27' title='bbox 3373 555 3584 616; x_wconf 81' lang='lat' dir='ltr'><strong>distans</strong></span> <span class='ocrx_word' id='word_1_28' title='bbox 3613 575 3644 614; x_wconf 86' lang='lat' dir='ltr'><strong>a</strong></span> 
     </span>
    </p>
   </div>
   <div class='ocr_carea' id='block_1_6' title="bbox 414 633 1978 711">
    <p class='ocr_par' dir='ltr' id='par_1_6' title="bbox 414 633 1978 711">
     <span class='ocr_line' id='line_1_6' title="bbox 414 633 1978 711; baseline 0.008 -26"><span class='ocrx_word' id='word_1_29' title='bbox 414 633 604 688; x_wconf 82' lang='grc' dir='ltr'>κοστὸν</span> <span class='ocrx_word' id='word_1_30' title='bbox 639 635 802 707; x_wconf 88' lang='grc' dir='ltr'>μέρος</span> <span class='ocrx_word' id='word_1_31' title='bbox 840 637 1062 710; x_wconf 83' lang='grc' dir='ltr'>ὡριαίου</span> <span class='ocrx_word' id='word_1_32' title='bbox 1092 641 1453 711; x_wconf 85' lang='grc' dir='ltr'>διαστήματος</span> <span class='ocrx_word' id='word_1_33' title='bbox 1489 642 1838 698; x_wconf 83' lang='grc' dir='ltr'>ὑπολείπεται</span> <span class='ocrx_word' id='word_1_34' title='bbox 1882 643 1978 698; x_wconf 88' lang='grc' dir='ltr'>τοῦ</span> 
     </span>
    </p>
   </div>
   <div class='ocr_carea' id='block_1_7' title="bbox 413 723 1389 798">
    <p class='ocr_par' dir='ltr' id='par_1_7' title="bbox 413 723 1389 798">
     <span class='ocr_line' id='line_1_7' title="bbox 413 723 1389 798; baseline 0.009 -23"><span class='ocrx_word' id='word_1_35' title='bbox 413 723 512 787; x_wconf 76' lang='grc' dir='ltr'>τὰς</span> <span class='ocrx_word' id='word_1_36' title='bbox 544 732 596 788; x_wconf 85' lang='grc' dir='ltr'>ς’</span> <span class='ocrx_word' id='word_1_37' title='bbox 615 725 763 795; x_wconf 84' lang='grc' dir='ltr'>ὥρας</span> <span class='ocrx_word' id='word_1_38' title='bbox 790 727 1138 798; x_wconf 88' lang='grc' dir='ltr'>ἀφορίζοντος</span> <span class='ocrx_word' id='word_1_39' title='bbox 1168 731 1389 785; x_wconf 79' lang='grc' dir='ltr'>κύκλου.</span> 
     </span>
    </p>
   </div>
   <div class='ocr_carea' id='block_1_8' title="bbox 484 815 1990 898">
    <p class='ocr_par' dir='ltr' id='par_1_8' title="bbox 484 815 1990 898">
     <span class='ocr_line' id='line_1_8' title="bbox 484 815 1990 898; baseline 0.009 -32"><span class='ocrx_word' id='word_1_40' title='bbox 484 816 581 868; x_wconf 89' lang='lat' dir='ltr'><strong>IZ&#39;.</strong></span> <span class='ocrx_word' id='word_1_41' title='bbox 597 815 717 868; x_wconf 86' lang='grc' dir='ltr'>Τῶν</span> <span class='ocrx_word' id='word_1_42' title='bbox 737 817 791 870; x_wconf 85' lang='grc' dir='ltr'>δὲ</span> <span class='ocrx_word' id='word_1_43' title='bbox 806 819 1006 888; x_wconf 82' lang='grc' dir='ltr'>μεταξὺ</span> <span class='ocrx_word' id='word_1_44' title='bbox 1023 821 1114 873; x_wconf 84' lang='grc' dir='ltr'>τοῦ</span> <span class='ocrx_word' id='word_1_45' title='bbox 1129 821 1516 894; x_wconf 82' lang='grc' dir='ltr'>φθινοπωρινοῦ</span> <span class='ocrx_word' id='word_1_46' title='bbox 1552 825 1637 895; x_wconf 87' lang='grc' dir='ltr'><strong>ίση</strong></span> <span class='ocrx_word' id='word_1_47' title='bbox 1647 825 1864 896; x_wconf 86' lang='grc' dir='ltr'>μερινοῦ</span> <span class='ocrx_word' id='word_1_48' title='bbox 1882 831 1990 898; x_wconf 79' lang='grc' dir='ltr'>ση-’</span> 
     </span>
    </p>
   </div>
   <div class='ocr_carea' id='block_1_9' title="bbox 416 906 1978 987">
    <p class='ocr_par' dir='ltr' id='par_1_9' title="bbox 416 906 1978 987">
     <span class='ocr_line' id='line_1_9' title="bbox 416 906 1978 987; baseline 0.008 -29"><span class='ocrx_word' id='word_1_49' title='bbox 416 906 567 976; x_wconf 86' lang='grc' dir='ltr'>μείου</span> <span class='ocrx_word' id='word_1_50' title='bbox 598 909 691 961; x_wconf 77' lang='grc' dir='ltr'><strong>καὶ</strong></span> <span class='ocrx_word' id='word_1_51' title='bbox 735 909 827 962; x_wconf 84' lang='grc' dir='ltr'>τοῦ</span> <span class='ocrx_word' id='word_1_52' title='bbox 859 912 1164 982; x_wconf 76' lang='grc' dir='ltr'><strong>χειμερινοῦ</strong></span> <span class='ocrx_word' id='word_1_53' title='bbox 1213 915 1475 986; x_wconf 87' lang='grc' dir='ltr'>τροπικοῦ</span> <span class='ocrx_word' id='word_1_54' title='bbox 1505 922 1557 978; x_wconf 82' lang='grc' dir='ltr'>ς’</span> <span class='ocrx_word' id='word_1_55' title='bbox 1585 915 1822 987; x_wconf 82' lang='grc' dir='ltr'>ὡριαίων</span> <span class='ocrx_word' id='word_1_56' title='bbox 1864 919 1978 972; x_wconf 83' lang='grc' dir='ltr'>δια-</span> 
     </span>
    </p>
   </div>
   <div class='ocr_carea' id='block_1_10' title="bbox 416 998 1977 1079">
    <p class='ocr_par' dir='ltr' id='par_1_10' title="bbox 416 998 1977 1079">
     <span class='ocr_line' id='line_1_10' title="bbox 416 998 1977 1079; baseline 0.009 -30"><span class='ocrx_word' id='word_1_57' title='bbox 416 1015 512 1070; x_wconf 89' lang='grc' dir='ltr'><strong>στη</strong></span> <span class='ocrx_word' id='word_1_58' title='bbox 522 998 704 1068; x_wconf 86' lang='grc' dir='ltr'>μάτων</span> <span class='ocrx_word' id='word_1_59' title='bbox 732 1000 791 1053; x_wconf 81' lang='grc' dir='ltr'><strong>τὸ</strong></span> <span class='ocrx_word' id='word_1_60' title='bbox 830 1004 925 1072; x_wconf 79' lang='grc' dir='ltr'>μὲν</span> <span class='ocrx_word' id='word_1_61' title='bbox 949 1010 996 1056; x_wconf 84' lang='grc' dir='ltr'>α’</span> <span class='ocrx_word' id='word_1_62' title='bbox 1023 1003 1242 1074; x_wconf 85' lang='grc' dir='ltr'>ὡριαῖον</span> <span class='ocrx_word' id='word_1_63' title='bbox 1272 1007 1363 1059; x_wconf 75' lang='grc' dir='ltr'><strong>ἐπὶ</strong></span> <span class='ocrx_word' id='word_1_64' title='bbox 1389 1007 1482 1060; x_wconf 82' lang='grc' dir='ltr'>τοῦ</span> <span class='ocrx_word' id='word_1_65' title='bbox 1521 1008 1648 1079; x_wconf 75' lang='grc' dir='ltr'>περὶ</span> <span class='ocrx_word' id='word_1_66' title='bbox 1685 1009 1854 1079; x_wconf 87' lang='grc' dir='ltr'>μέσας</span> <span class='ocrx_word' id='word_1_67' title='bbox 1877 1009 1977 1072; x_wconf 85' lang='grc' dir='ltr'><strong>τάς</strong></span> 
     </span>
    </p>
   </div>
   <div class='ocr_carea' id='block_1_11' title="bbox 411 1090 1977 1166">
    <p class='ocr_par' dir='ltr' id='par_1_11' title="bbox 411 1090 1977 1166">
     <span class='ocr_line' id='line_1_11' title="bbox 411 1090 1977 1166; baseline 0.007 -24"><span class='ocrx_word' id='word_1_68' title='bbox 411 1090 597 1160; x_wconf 79' lang='grc' dir='ltr'>Χηλὰς</span> <span class='ocrx_word' id='word_1_69' title='bbox 630 1090 829 1144; x_wconf 83' lang='grc' dir='ltr'>κύκλου</span> <span class='ocrx_word' id='word_1_70' title='bbox 861 1093 1109 1164; x_wconf 86' lang='grc' dir='ltr'>ἀφορίζει</span> <span class='ocrx_word' id='word_1_71' title='bbox 1135 1095 1209 1158; x_wconf 87' lang='grc' dir='ltr'>ὡς</span> <span class='ocrx_word' id='word_1_72' title='bbox 1233 1097 1479 1166; x_wconf 75' lang='grc' dir='ltr'>ἔγγιστα,</span> <span class='ocrx_word' id='word_1_73' title='bbox 1509 1098 1601 1152; x_wconf 86' lang='grc' dir='ltr'>τοῦ</span> <span class='ocrx_word' id='word_1_74' title='bbox 1627 1117 1686 1152; x_wconf 87' lang='grc' dir='ltr'>τε</span> <span class='ocrx_word' id='word_1_75' title='bbox 1715 1099 1923 1152; x_wconf 82' lang='grc' dir='ltr'>Βοὼτου</span> <span class='ocrx_word' id='word_1_76' title='bbox 1948 1103 1977 1154; x_wconf 91' lang='lat'><strong>6</strong></span> 
     </span>
    </p>
   </div>
   <div class='ocr_carea' id='block_1_12' title="bbox 409 1177 1974 1264">
    <p class='ocr_par' dir='ltr' id='par_1_12' title="bbox 409 1177 1974 1264">
     <span class='ocr_line' id='line_1_12' title="bbox 409 1177 1974 1264; baseline 0.01 -32"><span class='ocrx_word' id='word_1_77' title='bbox 409 1183 694 1252; x_wconf 75' lang='grc' dir='ltr'><strong>ἀριστερὸς</strong></span> <span class='ocrx_word' id='word_1_78' title='bbox 713 1177 880 1253; x_wconf 77' lang='grc' dir='ltr'>ὦμος,</span> <span class='ocrx_word' id='word_1_79' title='bbox 913 1188 1004 1239; x_wconf 72' lang='grc' dir='ltr'><strong>καὶ</strong></span> <span class='ocrx_word' id='word_1_80' title='bbox 1029 1189 1056 1240; x_wconf 97' lang='lat'><strong>6</strong></span> <span class='ocrx_word' id='word_1_81' title='bbox 1090 1189 1146 1241; x_wconf 80' lang='grc' dir='ltr'><strong>έν</strong></span> <span class='ocrx_word' id='word_1_82' title='bbox 1187 1189 1330 1260; x_wconf 77' lang='grc' dir='ltr'>ἄκρᾳ</span> <span class='ocrx_word' id='word_1_83' title='bbox 1360 1193 1425 1261; x_wconf 85' lang='grc' dir='ltr'>τῇ</span> <span class='ocrx_word' id='word_1_84' title='bbox 1462 1191 1610 1262; x_wconf 73' lang='grc' dir='ltr'>νοτία</span> <span class='ocrx_word' id='word_1_85' title='bbox 1647 1193 1798 1264; x_wconf 84' lang='grc' dir='ltr'>Χηλῇ</span> <span class='ocrx_word' id='word_1_86' title='bbox 1832 1192 1974 1263; x_wconf 87' lang='grc' dir='ltr'>λαμ-</span> 
     </span>
    </p>
   </div>
   <div class='ocr_carea' id='block_1_13' title="bbox 408 1269 1977 1352">
    <p class='ocr_par' dir='ltr' id='par_1_13' title="bbox 408 1269 1977 1352">
     <span class='ocr_line' id='line_1_13' title="bbox 408 1269 1977 1352; baseline 0.01 -29"><span class='ocrx_word' id='word_1_87' title='bbox 408 1271 546 1342; x_wconf 84' lang='grc' dir='ltr'>πρὸς</span> <span class='ocrx_word' id='word_1_88' title='bbox 577 1273 778 1343; x_wconf 73' lang='grc' dir='ltr'>ἀστῆρο</span> <span class='ocrx_word' id='word_1_89' title='bbox 814 1275 841 1326; x_wconf 91' lang='lat'><strong>6</strong></span> <span class='ocrx_word' id='word_1_90' title='bbox 866 1275 961 1344; x_wconf 78' lang='grc' dir='ltr'><strong>μὲν</strong></span> <span class='ocrx_word' id='word_1_91' title='bbox 985 1269 1132 1347; x_wconf 80' lang='grc' dir='ltr'>ὦμος</span> <span class='ocrx_word' id='word_1_92' title='bbox 1159 1278 1464 1352; x_wconf 71' lang='grc' dir='ltr'><strong>ἀδιαφόρως</strong></span> <span class='ocrx_word' id='word_1_93' title='bbox 1493 1283 1672 1336; x_wconf 86' lang='grc' dir='ltr'>πλεῖον</span> <span class='ocrx_word' id='word_1_94' title='bbox 1699 1284 1977 1338; x_wconf 78' lang='grc' dir='ltr'>ὑπολειπό-</span> 
     </span>
    </p>
   </div>
   <div class='ocr_carea' id='block_1_14' title="bbox 409 1363 1972 1457">
    <p class='ocr_par' dir='ltr' id='par_1_14' title="bbox 409 1363 1972 1457">
     <span class='ocr_line' id='line_1_14' title="bbox 409 1363 1972 1457; baseline 0.012 -44"><span class='ocrx_word' id='word_1_95' title='bbox 409 1379 589 1432; x_wconf 86' lang='grc' dir='ltr'><strong>μενος,</strong></span> <span class='ocrx_word' id='word_1_96' title='bbox 615 1365 648 1435; x_wconf 77' lang='grc' dir='ltr'><strong>ἡ</strong></span> <span class='ocrx_word' id='word_1_97' title='bbox 677 1363 732 1417; x_wconf 83' lang='grc' dir='ltr'>δὲ</span> <span class='ocrx_word' id='word_1_98' title='bbox 752 1365 903 1438; x_wconf 86' lang='grc' dir='ltr'>Χηλὴ</span> <span class='ocrx_word' id='word_1_99' title='bbox 931 1367 1006 1430; x_wconf 83' lang='grc' dir='ltr'>ὡς</span> <span class='ocrx_word' id='word_1_100' title='bbox 1035 1372 1351 1440; x_wconf 83' lang='grc' dir='ltr'>τριακοστὸν</span> <span class='ocrx_word' id='word_1_101' title='bbox 1383 1373 1547 1457; x_wconf 86' lang='grc' dir='ltr'>μέρος</span> <span class='ocrx_word' id='word_1_102' title='bbox 1591 1376 1972 1449; x_wconf 77' lang='grc' dir='ltr'><strong>προηγουμένη</strong></span> 
     </span>
    </p>
   </div>
   <div class='ocr_carea' id='block_1_15' title="bbox 405 1452 1512 1524">
    <p class='ocr_par' dir='ltr' id='par_1_15' title="bbox 405 1452 1512 1524">
     <span class='ocr_line' id='line_1_15' title="bbox 405 1452 1512 1524; baseline 0.011 -19"><span class='ocrx_word' id='word_1_103' title='bbox 405 1452 499 1506; x_wconf 84' lang='grc' dir='ltr'>τοῦ</span> <span class='ocrx_word' id='word_1_104' title='bbox 523 1455 642 1524; x_wconf 83' lang='grc' dir='ltr'>είρη</span> <span class='ocrx_word' id='word_1_105' title='bbox 653 1453 809 1524; x_wconf 88' lang='grc' dir='ltr'>μένου</span> <span class='ocrx_word' id='word_1_106' title='bbox 844 1455 932 1511; x_wconf 76' lang='grc' dir='ltr'><strong>διὰ</strong></span> <span class='ocrx_word' id='word_1_107' title='bbox 952 1458 1059 1510; x_wconf 89' lang='grc' dir='ltr'><strong>τῶν</strong></span> <span class='ocrx_word' id='word_1_108' title='bbox 1097 1460 1272 1514; x_wconf 86' lang='grc' dir='ltr'>πόλων</span> <span class='ocrx_word' id='word_1_109' title='bbox 1296 1452 1512 1518; x_wconf 81' lang='grc' dir='ltr'>κύκλου.</span> 
     </span>
    </p>
   </div>
   <div class='ocr_carea' id='block_1_16' title="bbox 475 1543 1972 1627">
    <p class='ocr_par' dir='ltr' id='par_1_16' title="bbox 475 1543 1972 1627">
     <span class='ocr_line' id='line_1_16' title="bbox 475 1543 1972 1627; baseline 0.01 -33"><span class='ocrx_word' id='word_1_110' title='bbox 475 1543 548 1595; x_wconf 90' lang='grc' dir='ltr'>Τὸ</span> <span class='ocrx_word' id='word_1_111' title='bbox 567 1544 623 1596; x_wconf 84' lang='grc' dir='ltr'>δὲ</span> <span class='ocrx_word' id='word_1_112' title='bbox 647 1543 690 1613; x_wconf 85' lang='grc' dir='ltr'><strong>β’</strong></span> <span class='ocrx_word' id='word_1_113' title='bbox 719 1544 938 1616; x_wconf 84' lang='grc' dir='ltr'>ὡριαίον</span> <span class='ocrx_word' id='word_1_114' title='bbox 963 1547 1234 1620; x_wconf 81' lang='grc' dir='ltr'>διάστημα</span> <span class='ocrx_word' id='word_1_115' title='bbox 1263 1552 1510 1622; x_wconf 85' lang='grc' dir='ltr'>ἀφορίζει</span> <span class='ocrx_word' id='word_1_116' title='bbox 1536 1556 1663 1625; x_wconf 76' lang='grc' dir='ltr'>περὶ</span> <span class='ocrx_word' id='word_1_117' title='bbox 1683 1554 1781 1627; x_wconf 79' lang='grc' dir='ltr'><strong>τὴν</strong></span> <span class='ocrx_word' id='word_1_118' title='bbox 1800 1555 1972 1627; x_wconf 79' lang='grc' dir='ltr'>ἀρχὴν</span> 
     </span>
    </p>
   </div>
   <div class='ocr_carea' id='block_1_17' title="bbox 403 1635 1970 1718">
    <p class='ocr_par' dir='ltr' id='par_1_17' title="bbox 403 1635 1970 1718">
     <span class='ocr_line' id='line_1_17' title="bbox 403 1635 1970 1718; baseline 0.01 -31"><span class='ocrx_word' id='word_1_119' title='bbox 403 1635 495 1688; x_wconf 87' lang='grc' dir='ltr'>τοῦ</span> <span class='ocrx_word' id='word_1_120' title='bbox 525 1637 792 1706; x_wconf 86' lang='grc' dir='ltr'>Σκορπίου</span> <span class='ocrx_word' id='word_1_121' title='bbox 819 1638 910 1691; x_wconf 87' lang='grc' dir='ltr'>τοῦ</span> <span class='ocrx_word' id='word_1_122' title='bbox 947 1657 1007 1703; x_wconf 73' lang='grc' dir='ltr'><strong>τε</strong></span> <span class='ocrx_word' id='word_1_123' title='bbox 1042 1641 1323 1712; x_wconf 87' lang='grc' dir='ltr'>ὐφιούχου</span> <span class='ocrx_word' id='word_1_124' title='bbox 1357 1644 1384 1695; x_wconf 92' lang='lat'><strong>6</strong></span> <span class='ocrx_word' id='word_1_125' title='bbox 1417 1643 1752 1718; x_wconf 74' lang='grc' dir='ltr'>βορειότερος</span> <span class='ocrx_word' id='word_1_126' title='bbox 1784 1649 1890 1701; x_wconf 89' lang='grc' dir='ltr'><strong>τῶν</strong></span> <span class='ocrx_word' id='word_1_127' title='bbox 1914 1651 1970 1702; x_wconf 81' lang='grc' dir='ltr'>ἐν</span> 
     </span>
    </p>
   </div>
   <div class='ocr_carea' id='block_1_18' title="bbox 402 1727 1971 1812">
    <p class='ocr_par' dir='ltr' id='par_1_18' title="bbox 402 1727 1971 1812">
     <span class='ocr_line' id='line_1_18' title="bbox 402 1727 1971 1812; baseline 0.008 -32"><span class='ocrx_word' id='word_1_128' title='bbox 402 1731 467 1799; x_wconf 82' lang='grc' dir='ltr'>τῇ</span> <span class='ocrx_word' id='word_1_129' title='bbox 493 1727 640 1800; x_wconf 79' lang='grc' dir='ltr'>δεξιᾷ</span> <span class='ocrx_word' id='word_1_130' title='bbox 666 1731 807 1801; x_wconf 75' lang='grc' dir='ltr'>χειρὶ</span> <span class='ocrx_word' id='word_1_131' title='bbox 831 1731 880 1801; x_wconf 81' lang='grc' dir='ltr'><strong>β’</strong></span> <span class='ocrx_word' id='word_1_132' title='bbox 910 1733 1152 1804; x_wconf 81' lang='grc' dir='ltr'>ἀστέρων</span> <span class='ocrx_word' id='word_1_133' title='bbox 1177 1732 1462 1806; x_wconf 83' lang='grc' dir='ltr'><strong>λαμπρῶν,</strong></span> <span class='ocrx_word' id='word_1_134' title='bbox 1495 1737 1544 1790; x_wconf 78' lang='grc' dir='ltr'><strong>οἳ</strong></span> <span class='ocrx_word' id='word_1_135' title='bbox 1583 1741 1784 1794; x_wconf 76' lang='grc' dir='ltr'>κεῖνται</span> <span class='ocrx_word' id='word_1_136' title='bbox 1814 1741 1870 1793; x_wconf 81' lang='grc' dir='ltr'>ὲν</span> <span class='ocrx_word' id='word_1_137' title='bbox 1893 1741 1971 1812; x_wconf 82' lang='grc' dir='ltr'><strong>τῷ</strong></span> 
     </span>
    </p>
   </div>
   <div class='ocr_carea' id='block_1_19' title="bbox 402 1818 1964 1903">
    <p class='ocr_par' dir='ltr' id='par_1_19' title="bbox 402 1818 1964 1903">
     <span class='ocr_line' id='line_1_19' title="bbox 402 1818 1964 1903; baseline 0.01 -32"><span class='ocrx_word' id='word_1_138' title='bbox 402 1818 616 1890; x_wconf 84' lang='grc' dir='ltr'>σώματι</span> <span class='ocrx_word' id='word_1_139' title='bbox 640 1821 734 1874; x_wconf 90' lang='grc' dir='ltr'>τοῦ</span> <span class='ocrx_word' id='word_1_140' title='bbox 771 1824 982 1892; x_wconf 87' lang='grc' dir='ltr'>Ὄφεως</span> <span class='ocrx_word' id='word_1_141' title='bbox 1016 1824 1153 1894; x_wconf 87' lang='grc' dir='ltr'>μετά</span> <span class='ocrx_word' id='word_1_142' title='bbox 1177 1823 1348 1890; x_wconf 83' lang='grc' dir='ltr'>δεξιὸν</span> <span class='ocrx_word' id='word_1_143' title='bbox 1373 1828 1498 1896; x_wconf 77' lang='grc' dir='ltr'>γόνυ</span> <span class='ocrx_word' id='word_1_144' title='bbox 1535 1830 1628 1883; x_wconf 91' lang='grc' dir='ltr'>τοῦ</span> <span class='ocrx_word' id='word_1_145' title='bbox 1661 1831 1964 1903; x_wconf 85' lang='grc' dir='ltr'>Ὀφιούχου,</span> 
     </span>
    </p>
   </div>
   <div class='ocr_carea' id='block_1_20' title="bbox 2080 641 2987 698">
    <p class='ocr_par' dir='ltr' id='par_1_20' title="bbox 2080 641 2987 698">
     <span class='ocr_line' id='line_1_20' title="bbox 2080 641 2987 698; baseline 0.002 -2"><span class='ocrx_word' id='word_1_146' title='bbox 2080 649 2246 697; x_wconf 77' lang='lat' dir='ltr'><strong>sextae</strong></span> <span class='ocrx_word' id='word_1_147' title='bbox 2278 641 2425 695; x_wconf 71' lang='lat' dir='ltr'><strong>hora:</strong></span> <span class='ocrx_word' id='word_1_148' title='bbox 2457 641 2735 696; x_wconf 87' lang='lat' dir='ltr'><strong>limitaneo</strong></span> <span class='ocrx_word' id='word_1_149' title='bbox 2761 642 2987 698; x_wconf 85' lang='lat' dir='ltr'><strong>circulo.</strong></span> 
     </span>
    </p>
   </div>
   <div class='ocr_carea' id='block_1_21' title="bbox 2155 815 3646 892">
    <p class='ocr_par' dir='ltr' id='par_1_21' title="bbox 2155 815 3646 892">
     <span class='ocr_line' id='line_1_21' title="bbox 2155 815 3646 892; baseline 0.008 -22"><span class='ocrx_word' id='word_1_150' title='bbox 2155 815 2312 871; x_wconf 81' lang='lat' dir='ltr'><strong>XVII.</strong></span> <span class='ocrx_word' id='word_1_151' title='bbox 2344 819 2490 873; x_wconf 83' lang='lat' dir='ltr'><strong>Inter</strong></span> <span class='ocrx_word' id='word_1_152' title='bbox 2518 824 2780 889; x_wconf 90' lang='lat' dir='ltr'><strong>punctum</strong></span> <span class='ocrx_word' id='word_1_153' title='bbox 2829 819 3140 889; x_wconf 79' lang='lat' dir='ltr'><strong>aequinoctii</strong></span> <span class='ocrx_word' id='word_1_154' title='bbox 3188 825 3540 892; x_wconf 77' lang='lat' dir='ltr'><strong>autumnalis,</strong></span> <span class='ocrx_word' id='word_1_155' title='bbox 3592 839 3646 882; x_wconf 87' lang='lat' dir='ltr'><strong>et</strong></span> 
     </span>
    </p>
   </div>
   <div class='ocr_carea' id='block_1_22' title="bbox 2078 906 3646 990">
    <p class='ocr_par' dir='ltr' id='par_1_22' title="bbox 2078 906 3646 990">
     <span class='ocr_line' id='line_1_22' title="bbox 2078 906 3646 990; baseline 0.01 -31"><span class='ocrx_word' id='word_1_156' title='bbox 2078 906 2290 962; x_wconf 86' lang='lat' dir='ltr'><strong>hiberni</strong></span> <span class='ocrx_word' id='word_1_157' title='bbox 2323 910 2517 980; x_wconf 91' lang='lat' dir='ltr'><strong>tropici</strong></span> <span class='ocrx_word' id='word_1_158' title='bbox 2568 925 2663 964; x_wconf 80' lang='lat' dir='ltr'><strong>sex</strong></span> <span class='ocrx_word' id='word_1_159' title='bbox 2691 911 3034 965; x_wconf 88' lang='lat' dir='ltr'><strong>horariorum</strong></span> <span class='ocrx_word' id='word_1_160' title='bbox 3086 913 3492 972; x_wconf 90' lang='lat' dir='ltr'><strong>intervallorum</strong></span> <span class='ocrx_word' id='word_1_161' title='bbox 3534 922 3646 990; x_wconf 83' lang='lat' dir='ltr'><strong>pri-</strong></span> 
     </span>
    </p>
   </div>
   <div class='ocr_carea' id='block_1_23' title="bbox 2077 1003 3646 1086">
    <p class='ocr_par' dir='ltr' id='par_1_23' title="bbox 2077 1003 3646 1086">
     <span class='ocr_line' id='line_1_23' title="bbox 2077 1003 3646 1086; baseline 0.011 -34"><span class='ocrx_word' id='word_1_162' title='bbox 2077 1013 2225 1053; x_wconf 90' lang='lat' dir='ltr'><strong>mum</strong></span> <span class='ocrx_word' id='word_1_163' title='bbox 2249 1003 2506 1056; x_wconf 77' lang='lat' dir='ltr'><strong>terminat</strong></span> <span class='ocrx_word' id='word_1_164' title='bbox 2539 1004 2595 1058; x_wconf 86' lang='lat' dir='ltr'><strong>in</strong></span> <span class='ocrx_word' id='word_1_165' title='bbox 2647 1004 2876 1071; x_wconf 82' lang='lat' dir='ltr'><strong>circulo,</strong></span> <span class='ocrx_word' id='word_1_166' title='bbox 2907 1007 3000 1076; x_wconf 92' lang='lat' dir='ltr'><strong>qui</strong></span> <span class='ocrx_word' id='word_1_167' title='bbox 3051 1010 3258 1066; x_wconf 90' lang='lat' dir='ltr'><strong>medias</strong></span> <span class='ocrx_word' id='word_1_168' title='bbox 3297 1011 3492 1070; x_wconf 85' lang='lat' dir='ltr'><strong>Chelas</strong></span> <span class='ocrx_word' id='word_1_169' title='bbox 3523 1033 3646 1086; x_wconf 91' lang='lat' dir='ltr'><strong>per-</strong></span> 
     </span>
    </p>
   </div>
   <div class='ocr_carea' id='block_1_24' title="bbox 2075 1090 3642 1165">
    <p class='ocr_par' dir='ltr' id='par_1_24' title="bbox 2075 1090 3642 1165">
     <span class='ocr_line' id='line_1_24' title="bbox 2075 1090 3642 1165; baseline 0.015 -24"><span class='ocrx_word' id='word_1_170' title='bbox 2075 1090 2296 1153; x_wconf 81' lang='lat' dir='ltr'><strong>transit,</strong></span> <span class='ocrx_word' id='word_1_171' title='bbox 2321 1093 2567 1161; x_wconf 79' lang='lat' dir='ltr'><strong>proxime</strong></span> <span class='ocrx_word' id='word_1_172' title='bbox 2595 1094 2814 1165; x_wconf 84' lang='lat' dir='ltr'><strong>quidem</strong></span> <span class='ocrx_word' id='word_1_173' title='bbox 2853 1096 3079 1152; x_wconf 83' lang='lat' dir='ltr'><strong>sinister</strong></span> <span class='ocrx_word' id='word_1_174' title='bbox 3111 1099 3372 1159; x_wconf 86' lang='lat' dir='ltr'><strong>humerus</strong></span> <span class='ocrx_word' id='word_1_175' title='bbox 3431 1103 3642 1164; x_wconf 85' lang='lat' dir='ltr'><strong>Bootae:</strong></span> 
     </span>
    </p>
   </div>
   <div class='ocr_carea' id='block_1_25' title="bbox 2075 1181 3646 1267">
    <p class='ocr_par' dir='ltr' id='par_1_25' title="bbox 2075 1181 3646 1267">
     <span class='ocr_line' id='line_1_25' title="bbox 2075 1181 3646 1267; baseline 0.013 -32"><span class='ocrx_word' id='word_1_176' title='bbox 2075 1188 2129 1235; x_wconf 90' lang='lat' dir='ltr'><strong>et</strong></span> <span class='ocrx_word' id='word_1_177' title='bbox 2160 1181 2338 1236; x_wconf 87' lang='lat' dir='ltr'><strong>lucida</strong></span> <span class='ocrx_word' id='word_1_178' title='bbox 2375 1183 2431 1236; x_wconf 91' lang='lat' dir='ltr'><strong>in</strong></span> <span class='ocrx_word' id='word_1_179' title='bbox 2458 1187 2797 1241; x_wconf 83' lang='lat' dir='ltr'><strong>extremitate</strong></span> <span class='ocrx_word' id='word_1_180' title='bbox 2849 1190 3107 1246; x_wconf 82' lang='lat' dir='ltr'><strong>australis</strong></span> <span class='ocrx_word' id='word_1_181' title='bbox 3145 1193 3342 1258; x_wconf 76' lang='lat' dir='ltr'><strong>Chelae,</strong></span> <span class='ocrx_word' id='word_1_182' title='bbox 3383 1212 3414 1251; x_wconf 91' lang='lat' dir='ltr'><strong>e</strong></span> <span class='ocrx_word' id='word_1_183' title='bbox 3446 1199 3646 1267; x_wconf 88' lang='lat' dir='ltr'><strong>quibus</strong></span> 
     </span>
    </p>
   </div>
   <div class='ocr_carea' id='block_1_26' title="bbox 2073 1272 3647 1348">
    <p class='ocr_par' dir='ltr' id='par_1_26' title="bbox 2073 1272 3647 1348">
     <span class='ocr_line' id='line_1_26' title="bbox 2073 1272 3647 1348; baseline 0.013 -22"><span class='ocrx_word' id='word_1_184' title='bbox 2073 1272 2335 1328; x_wconf 89' lang='lat' dir='ltr'><strong>humerus</strong></span> <span class='ocrx_word' id='word_1_185' title='bbox 2363 1273 2503 1328; x_wconf 87' lang='lat' dir='ltr'><strong>haud</strong></span> <span class='ocrx_word' id='word_1_186' title='bbox 2527 1277 2697 1330; x_wconf 90' lang='lat' dir='ltr'><strong>multo</strong></span> <span class='ocrx_word' id='word_1_187' title='bbox 2729 1278 2965 1348; x_wconf 87' lang='lat' dir='ltr'><strong>amplius</strong></span> <span class='ocrx_word' id='word_1_188' title='bbox 2994 1281 3132 1336; x_wconf 90' lang='lat' dir='ltr'><strong>citra</strong></span> <span class='ocrx_word' id='word_1_189' title='bbox 3168 1299 3183 1335; x_wconf 92' lang='lat'><strong>:</strong></span> <span class='ocrx_word' id='word_1_190' title='bbox 3210 1284 3375 1340; x_wconf 86' lang='lat' dir='ltr'><strong>Chela</strong></span> <span class='ocrx_word' id='word_1_191' title='bbox 3399 1305 3527 1344; x_wconf 84' lang='lat' dir='ltr'><strong>vero</strong></span> <span class='ocrx_word' id='word_1_192' title='bbox 3556 1294 3647 1346; x_wconf 88' lang='lat' dir='ltr'><strong>tri-</strong></span> 
     </span>
    </p>
   </div>
   <div class='ocr_carea' id='block_1_27' title="bbox 2075 1361 3644 1450">
    <p class='ocr_par' dir='ltr' id='par_1_27' title="bbox 2075 1361 3644 1450">
     <span class='ocr_line' id='line_1_27' title="bbox 2075 1361 3644 1450; baseline 0.013 -34"><span class='ocrx_word' id='word_1_193' title='bbox 2075 1361 2280 1416; x_wconf 91' lang='lat' dir='ltr'><strong>cesima</strong></span> <span class='ocrx_word' id='word_1_194' title='bbox 2325 1370 2480 1432; x_wconf 89' lang='lat' dir='ltr'><strong>parte</strong></span> <span class='ocrx_word' id='word_1_195' title='bbox 2531 1365 2671 1419; x_wconf 89' lang='lat' dir='ltr'><strong>ultra</strong></span> <span class='ocrx_word' id='word_1_196' title='bbox 2723 1375 2806 1434; x_wconf 86' lang='lat' dir='ltr'><strong>est</strong></span> <span class='ocrx_word' id='word_1_197' title='bbox 2839 1367 3104 1427; x_wconf 86' lang='lat' dir='ltr'><strong>circulum</strong></span> <span class='ocrx_word' id='word_1_198' title='bbox 3158 1373 3330 1441; x_wconf 90' lang='lat' dir='ltr'><strong>illum,</strong></span> <span class='ocrx_word' id='word_1_199' title='bbox 3363 1392 3521 1448; x_wconf 88' lang='lat' dir='ltr'><strong>quem</strong></span> <span class='ocrx_word' id='word_1_200' title='bbox 3547 1396 3644 1450; x_wconf 91' lang='lat' dir='ltr'><strong>per</strong></span> 
     </span>
    </p>
   </div>
   <div class='ocr_carea' id='block_1_28' title="bbox 2071 1453 2774 1523">
    <p class='ocr_par' dir='ltr' id='par_1_28' title="bbox 2071 1453 2774 1523">
     <span class='ocr_line' id='line_1_28' title="bbox 2071 1453 2774 1523; baseline 0.007 -16"><span class='ocrx_word' id='word_1_201' title='bbox 2071 1453 2227 1523; x_wconf 85' lang='lat' dir='ltr'><strong>polos</strong></span> <span class='ocrx_word' id='word_1_202' title='bbox 2253 1457 2490 1511; x_wconf 90' lang='lat' dir='ltr'><strong>transire</strong></span> <span class='ocrx_word' id='word_1_203' title='bbox 2517 1457 2774 1514; x_wconf 81' lang='lat' dir='ltr'><strong>diximus.</strong></span> 
     </span>
    </p>
   </div>
   <div class='ocr_carea' id='block_1_29' title="bbox 2145 1543 3640 1632">
    <p class='ocr_par' dir='ltr' id='par_1_29' title="bbox 2145 1543 3640 1632">
     <span class='ocr_line' id='line_1_29' title="bbox 2145 1543 3640 1632; baseline 0.015 -34"><span class='ocrx_word' id='word_1_204' title='bbox 2145 1543 2457 1601; x_wconf 88' lang='lat' dir='ltr'><strong>Secundum</strong></span> <span class='ocrx_word' id='word_1_205' title='bbox 2517 1549 2796 1605; x_wconf 87' lang='lat' dir='ltr'><strong>horarium</strong></span> <span class='ocrx_word' id='word_1_206' title='bbox 2851 1553 3210 1613; x_wconf 83' lang='lat' dir='ltr'><strong>interstitium</strong></span> <span class='ocrx_word' id='word_1_207' title='bbox 3284 1560 3640 1632; x_wconf 85' lang='lat' dir='ltr'><strong>determinat,</strong></span> 
     </span>
    </p>
   </div>
   <div class='ocr_carea' id='block_1_30' title="bbox 2072 1636 3638 1725">
    <p class='ocr_par' dir='ltr' id='par_1_30' title="bbox 2072 1636 3638 1725">
     <span class='ocr_line' id='line_1_30' title="bbox 2072 1636 3638 1725; baseline 0.016 -36"><span class='ocrx_word' id='word_1_208' title='bbox 2072 1636 2218 1692; x_wconf 87' lang='lat' dir='ltr'><strong>circa</strong></span> <span class='ocrx_word' id='word_1_209' title='bbox 2247 1637 2463 1694; x_wconf 88' lang='lat' dir='ltr'><strong>initium</strong></span> <span class='ocrx_word' id='word_1_210' title='bbox 2496 1639 2731 1712; x_wconf 90' lang='lat' dir='ltr'><strong>Scorpii,</strong></span> <span class='ocrx_word' id='word_1_211' title='bbox 2758 1644 3030 1701; x_wconf 88' lang='lat' dir='ltr'><strong>borealior</strong></span> <span class='ocrx_word' id='word_1_212' title='bbox 3059 1650 3363 1708; x_wconf 88' lang='lat' dir='ltr'><strong>lucidarum</strong></span> <span class='ocrx_word' id='word_1_213' title='bbox 3385 1656 3638 1725; x_wconf 89' lang='lat' dir='ltr'><strong>duarum,</strong></span> 
     </span>
    </p>
   </div>
   <div class='ocr_carea' id='block_1_31' title="bbox 2071 1729 3642 1819">
    <p class='ocr_par' dir='ltr' id='par_1_31' title="bbox 2071 1729 3642 1819">
     <span class='ocr_line' id='line_1_31' title="bbox 2071 1729 3642 1819; baseline 0.016 -38"><span class='ocrx_word' id='word_1_214' title='bbox 2071 1743 2194 1797; x_wconf 79' lang='lat' dir='ltr'><strong>quae</strong></span> <span class='ocrx_word' id='word_1_215' title='bbox 2221 1729 2278 1782; x_wconf 92' lang='lat' dir='ltr'><strong>in</strong></span> <span class='ocrx_word' id='word_1_216' title='bbox 2304 1729 2496 1786; x_wconf 78' lang='lat' dir='ltr'><strong>dextra</strong></span> <span class='ocrx_word' id='word_1_217' title='bbox 2519 1742 2648 1787; x_wconf 90' lang='lat' dir='ltr'><strong>sunt</strong></span> <span class='ocrx_word' id='word_1_218' title='bbox 2678 1733 2974 1804; x_wconf 87' lang='lat' dir='ltr'><strong>Ophiuchi,</strong></span> <span class='ocrx_word' id='word_1_219' title='bbox 3002 1755 3230 1812; x_wconf 80' lang='lat' dir='ltr'><strong>quaeque</strong></span> <span class='ocrx_word' id='word_1_220' title='bbox 3250 1738 3312 1798; x_wconf 82' lang='lat' dir='ltr'><strong>in</strong></span> <span class='ocrx_word' id='word_1_221' title='bbox 3370 1753 3642 1819; x_wconf 83' lang='lat' dir='ltr'><strong>serpentis</strong></span> 
     </span>
    </p>
   </div>
   <div class='ocr_carea' id='block_1_32' title="bbox 2072 1822 3636 1902">
    <p class='ocr_par' dir='ltr' id='par_1_32' title="bbox 2072 1822 3636 1902">
     <span class='ocr_line' id='line_1_32' title="bbox 2072 1822 3636 1902; baseline 0.015 -31"><span class='ocrx_word' id='word_1_222' title='bbox 2072 1833 2301 1888; x_wconf 91' lang='lat' dir='ltr'><strong>corpore</strong></span> <span class='ocrx_word' id='word_1_223' title='bbox 2349 1829 2476 1891; x_wconf 90' lang='lat' dir='ltr'><strong>post</strong></span> <span class='ocrx_word' id='word_1_224' title='bbox 2523 1822 2791 1893; x_wconf 86' lang='lat' dir='ltr'><strong>Ophiuchi</strong></span> <span class='ocrx_word' id='word_1_225' title='bbox 2834 1827 3092 1884; x_wconf 80' lang='lat' dir='ltr'><strong>dextrum-</strong></span> <span class='ocrx_word' id='word_1_226' title='bbox 3147 1848 3288 1902; x_wconf 75' lang='lat' dir='ltr'><strong>genu</strong></span> <span class='ocrx_word' id='word_1_227' title='bbox 3339 1837 3458 1892; x_wconf 81' lang='lat' dir='ltr'><strong>sitae</strong></span> <span class='ocrx_word' id='word_1_228' title='bbox 3491 1849 3636 1895; x_wconf 90' lang='lat' dir='ltr'><strong>sunt.</strong></span> 
     </span>
    </p>
   </div>
   <div class='ocr_carea' id='block_1_33' title="bbox 397 1891 1961 1995">
    <p class='ocr_par' dir='ltr' id='par_1_33' title="bbox 397 1891 1961 1995">
     <span class='ocr_line' id='line_1_33' title="bbox 397 1891 1961 1995; baseline 0.01 -33"><span class='ocrx_word' id='word_1_229' title='bbox 397 1910 493 1963; x_wconf 88' lang='lat'><strong>:06</strong></span> <span class='ocrx_word' id='word_1_230' title='bbox 520 1911 577 1964; x_wconf 79' lang='grc' dir='ltr'>δὲ</span> <span class='ocrx_word' id='word_1_231' title='bbox 619 1891 886 1982; x_wconf 78' lang='grc' dir='ltr'>Στεφάνου</span> <span class='ocrx_word' id='word_1_232' title='bbox 923 1917 951 1968; x_wconf 90' lang='lat'><strong>6</strong></span> <span class='ocrx_word' id='word_1_233' title='bbox 979 1891 1395 1988; x_wconf 68' lang='grc' dir='ltr'><strong>προηγούμενος⁷</strong></span> <span class='ocrx_word' id='word_1_234' title='bbox 1415 1919 1507 1973; x_wconf 89' lang='grc' dir='ltr'>τοῦ</span> <span class='ocrx_word' id='word_1_235' title='bbox 1539 1891 1790 1995; x_wconf 81' lang='grc' dir='ltr'>λαμπροῦ</span> <span class='ocrx_word' id='word_1_236' title='bbox 1924 1891 1961 1977; x_wconf 41' lang='grc' dir='ltr'>λλ</span> 
     </span>
    </p>
   </div>
   <div class='ocr_carea' id='block_1_34' title="bbox 2063 1891 3643 1995">
    <p class='ocr_par' dir='ltr' id='par_1_34' title="bbox 2067 1909 3643 1988">
     <span class='ocr_line' id='line_1_34' title="bbox 2067 1909 3643 1988; baseline 0.015 -25"><span class='ocrx_word' id='word_1_237' title='bbox 2067 1909 2138 1963; x_wconf 82' lang='lat' dir='ltr'><strong>At</strong></span> <span class='ocrx_word' id='word_1_238' title='bbox 2178 1913 2492 1980; x_wconf 67' lang='lat' dir='ltr'><strong>praecedens</strong></span> <span class='ocrx_word' id='word_1_239' title='bbox 2524 1916 2757 1971; x_wconf 87' lang='lat' dir='ltr'><strong>lucidam</strong></span> <span class='ocrx_word' id='word_1_240' title='bbox 2779 1918 3007 1976; x_wconf 77' lang='lat' dir='ltr'><strong>Coronae</strong></span> <span class='ocrx_word' id='word_1_241' title='bbox 3036 1922 3310 1980; x_wconf 87' lang='lat' dir='ltr'><strong>tricesima</strong></span> <span class='ocrx_word' id='word_1_242' title='bbox 3356 1927 3466 1984; x_wconf 78' lang='lat' dir='ltr'><strong>fere</strong></span> <span class='ocrx_word' id='word_1_243' title='bbox 3495 1931 3643 1988; x_wconf 75' lang='lat' dir='ltr'><strong>hora:</strong></span> 
     </span>
    </p>
   </div>
   <div class='ocr_carea' id='block_1_35' title="bbox 402 1999 1961 2073">
    <p class='ocr_par' dir='ltr' id='par_1_35' title="bbox 402 1999 1961 2073">
     <span class='ocr_line' id='line_1_35' title="bbox 402 1999 1961 2073; baseline 0.008 -21"><span class='ocrx_word' id='word_1_244' title='bbox 402 2000 565 2073; x_wconf 85' lang='grc' dir='ltr'>μέρος</span> <span class='ocrx_word' id='word_1_245' title='bbox 588 1999 735 2072; x_wconf 88' lang='grc' dir='ltr'>ῶρας</span> <span class='ocrx_word' id='word_1_246' title='bbox 773 2003 1120 2058; x_wconf 81' lang='grc' dir='ltr'>ὑπολείπεται</span> <span class='ocrx_word' id='word_1_247' title='bbox 1146 2005 1238 2058; x_wconf 87' lang='grc' dir='ltr'>τοῦ</span> <span class='ocrx_word' id='word_1_248' title='bbox 1272 2005 1358 2060; x_wconf 78' lang='grc' dir='ltr'>διὰ</span> <span class='ocrx_word' id='word_1_249' title='bbox 1386 2007 1493 2061; x_wconf 89' lang='grc' dir='ltr'><strong>τῶν</strong></span> <span class='ocrx_word' id='word_1_250' title='bbox 1526 2009 1704 2063; x_wconf 86' lang='grc' dir='ltr'>πόλων</span> <span class='ocrx_word' id='word_1_251' title='bbox 1735 2010 1961 2065; x_wconf 74' lang='grc' dir='ltr'>κύκλουο</span> 
     </span>
    </p>
   </div>
   <div class='ocr_carea' id='block_1_36' title="bbox 395 2091 1967 2176">
    <p class='ocr_par' dir='ltr' id='par_1_36' title="bbox 395 2091 1967 2176">
     <span class='ocr_line' id='line_1_36' title="bbox 395 2091 1967 2176; baseline 0.009 -33"><span class='ocrx_word' id='word_1_252' title='bbox 395 2091 594 2162; x_wconf 76' lang='grc' dir='ltr'>ὁμοίως</span> <span class='ocrx_word' id='word_1_253' title='bbox 615 2092 672 2144; x_wconf 81' lang='grc' dir='ltr'>δὲ</span> <span class='ocrx_word' id='word_1_254' title='bbox 700 2093 792 2146; x_wconf 76' lang='grc' dir='ltr'><strong>καὶ</strong></span> <span class='ocrx_word' id='word_1_255' title='bbox 814 2096 841 2147; x_wconf 89' lang='lat'><strong>6</strong></span> <span class='ocrx_word' id='word_1_256' title='bbox 882 2095 1044 2167; x_wconf 56' lang='grc' dir='ltr'>μέρος</span> <span class='ocrx_word' id='word_1_257' title='bbox 1069 2095 1176 2150; x_wconf 86' lang='grc' dir='ltr'><strong>τῶν</strong></span> <span class='ocrx_word' id='word_1_258' title='bbox 1215 2099 1273 2150; x_wconf 82' lang='grc' dir='ltr'>ὲν</span> <span class='ocrx_word' id='word_1_259' title='bbox 1303 2097 1382 2169; x_wconf 80' lang='grc' dir='ltr'>τῷ</span> <span class='ocrx_word' id='word_1_260' title='bbox 1416 2098 1650 2171; x_wconf 84' lang='grc' dir='ltr'><strong>μετώπῳ</strong></span> <span class='ocrx_word' id='word_1_261' title='bbox 1682 2101 1776 2154; x_wconf 87' lang='grc' dir='ltr'>τοῦ</span> <span class='ocrx_word' id='word_1_262' title='bbox 1800 2105 1967 2176; x_wconf 85' lang='grc' dir='ltr'>Σκορ-</span> 
     </span>
    </p>
   </div>
   <div class='ocr_carea' id='block_1_37' title="bbox 397 2182 1894 2264">
    <p class='ocr_par' dir='ltr' id='par_1_37' title="bbox 397 2182 1894 2264">
     <span class='ocr_line' id='line_1_37' title="bbox 397 2182 1894 2264; baseline 0.009 -31"><span class='ocrx_word' id='word_1_263' title='bbox 397 2182 524 2235; x_wconf 81' lang='grc' dir='ltr'>πίου</span> <span class='ocrx_word' id='word_1_264' title='bbox 555 2188 604 2250; x_wconf 80' lang='grc' dir='ltr'>γ’</span> <span class='ocrx_word' id='word_1_265' title='bbox 632 2183 896 2255; x_wconf 80' lang='grc' dir='ltr'>λαμπρῶν</span> <span class='ocrx_word' id='word_1_266' title='bbox 917 2187 1179 2258; x_wconf 79' lang='grc' dir='ltr'>ἀστέρων.</span> <span class='ocrx_word' id='word_1_267' title='bbox 1885 2260 1894 2264; x_wconf 97' lang='lat'>_</span> 
     </span>
    </p>
   </div>
   <div class='ocr_carea' id='block_1_38' title="bbox 465 2273 1970 2359">
    <p class='ocr_par' dir='ltr' id='par_1_38' title="bbox 465 2273 1970 2359">
     <span class='ocr_line' id='line_1_38' title="bbox 465 2273 1970 2359; baseline 0.011 -34"><span class='ocrx_word' id='word_1_268' title='bbox 465 2273 575 2345; x_wconf 83' lang='grc' dir='ltr'>Τὴν</span> <span class='ocrx_word' id='word_1_269' title='bbox 607 2273 662 2328; x_wconf 82' lang='grc' dir='ltr'>δὲ</span> <span class='ocrx_word' id='word_1_270' title='bbox 690 2280 739 2342; x_wconf 71' lang='grc' dir='ltr'>γ’</span> <span class='ocrx_word' id='word_1_271' title='bbox 767 2275 916 2346; x_wconf 84' lang='grc' dir='ltr'>ὥραν</span> <span class='ocrx_word' id='word_1_272' title='bbox 955 2279 1200 2350; x_wconf 86' lang='grc' dir='ltr'>ἀφορίζει</span> <span class='ocrx_word' id='word_1_273' title='bbox 1239 2280 1368 2352; x_wconf 74' lang='grc' dir='ltr'>περὶ</span> <span class='ocrx_word' id='word_1_274' title='bbox 1395 2281 1456 2336; x_wconf 81' lang='lat'><strong>:6</strong></span> <span class='ocrx_word' id='word_1_275' title='bbox 1485 2283 1646 2353; x_wconf 82' lang='grc' dir='ltr'>μέσον</span> <span class='ocrx_word' id='word_1_276' title='bbox 1669 2285 1758 2338; x_wconf 86' lang='grc' dir='ltr'>τοῦ</span> <span class='ocrx_word' id='word_1_277' title='bbox 1794 2288 1970 2359; x_wconf 88' lang='grc' dir='ltr'>Σκορ-</span> 
     </span>
    </p>
   </div>
   <div class='ocr_carea' id='block_1_39' title="bbox 395 2364 1966 2450">
    <p class='ocr_par' dir='ltr' id='par_1_39' title="bbox 395 2364 1966 2450">
     <span class='ocr_line' id='line_1_39' title="bbox 395 2364 1966 2450; baseline 0.011 -34"><span class='ocrx_word' id='word_1_278' title='bbox 395 2364 518 2418; x_wconf 86' lang='grc' dir='ltr'>πίου</span> <span class='ocrx_word' id='word_1_279' title='bbox 549 2365 640 2418; x_wconf 88' lang='grc' dir='ltr'>τοῦ</span> <span class='ocrx_word' id='word_1_280' title='bbox 692 2367 779 2420; x_wconf 88' lang='grc' dir='ltr'><strong>Ἑν</strong></span> <span class='ocrx_word' id='word_1_281' title='bbox 802 2369 1020 2436; x_wconf 81' lang='grc' dir='ltr'>γόνασιν</span> <span class='ocrx_word' id='word_1_282' title='bbox 1043 2373 1071 2424; x_wconf 91' lang='lat'><strong>6</strong></span> <span class='ocrx_word' id='word_1_283' title='bbox 1097 2372 1189 2424; x_wconf 70' lang='grc' dir='ltr'>ἐπὶ</span> <span class='ocrx_word' id='word_1_284' title='bbox 1209 2373 1302 2426; x_wconf 83' lang='grc' dir='ltr'>τοῦ</span> <span class='ocrx_word' id='word_1_285' title='bbox 1334 2374 1508 2439; x_wconf 78' lang='grc' dir='ltr'>δεξιοῦ</span> <span class='ocrx_word' id='word_1_286' title='bbox 1538 2375 1688 2448; x_wconf 77' lang='grc' dir='ltr'>ὤμου</span> <span class='ocrx_word' id='word_1_287' title='bbox 1714 2380 1966 2450; x_wconf 80' lang='grc' dir='ltr'>κείμενος</span> 
     </span>
    </p>
   </div>
   <div class='ocr_carea' id='block_1_40' title="bbox 391 2457 1966 2546">
    <p class='ocr_par' dir='ltr' id='par_1_40' title="bbox 391 2457 1966 2546">
     <span class='ocr_line' id='line_1_40' title="bbox 391 2457 1966 2546; baseline 0.012 -37"><span class='ocrx_word' id='word_1_288' title='bbox 391 2457 587 2529; x_wconf 79' lang='grc' dir='ltr'>ἀστὴρ,</span> <span class='ocrx_word' id='word_1_289' title='bbox 612 2459 705 2512; x_wconf 73' lang='grc' dir='ltr'><strong>καὶ</strong></span> <span class='ocrx_word' id='word_1_290' title='bbox 729 2462 756 2514; x_wconf 87' lang='lat'><strong>6</strong></span> <span class='ocrx_word' id='word_1_291' title='bbox 781 2461 838 2514; x_wconf 78' lang='grc' dir='ltr'><strong>ὲν</strong></span> <span class='ocrx_word' id='word_1_292' title='bbox 863 2462 1002 2536; x_wconf 83' lang='grc' dir='ltr'>μέσῃ</span> <span class='ocrx_word' id='word_1_293' title='bbox 1024 2466 1087 2535; x_wconf 87' lang='grc' dir='ltr'>τῇ</span> <span class='ocrx_word' id='word_1_294' title='bbox 1112 2463 1259 2536; x_wconf 80' lang='grc' dir='ltr'>δεξιᾷ</span> <span class='ocrx_word' id='word_1_295' title='bbox 1282 2468 1466 2539; x_wconf 81' lang='grc' dir='ltr'>κνήμῃ</span> <span class='ocrx_word' id='word_1_296' title='bbox 1496 2470 1680 2536; x_wconf 83' lang='grc' dir='ltr'>αὐτοῦ,</span> <span class='ocrx_word' id='word_1_297' title='bbox 1700 2471 1776 2537; x_wconf 85' lang='grc' dir='ltr'>ὡς</span> <span class='ocrx_word' id='word_1_298' title='bbox 1805 2473 1848 2526; x_wconf 91' lang='grc' dir='ltr'>λ’</span> <span class='ocrx_word' id='word_1_299' title='bbox 1878 2475 1966 2546; x_wconf 88' lang='grc' dir='ltr'>μέ-</span> 
     </span>
    </p>
   </div>
   <div class='ocr_carea' id='block_1_41' title="bbox 392 2551 1575 2630">
    <p class='ocr_par' dir='ltr' id='par_1_41' title="bbox 392 2551 1575 2630">
     <span class='ocr_line' id='line_1_41' title="bbox 392 2551 1575 2630; baseline 0.011 -27"><span class='ocrx_word' id='word_1_300' title='bbox 392 2567 486 2620; x_wconf 86' lang='grc' dir='ltr'>ρος</span> <span class='ocrx_word' id='word_1_301' title='bbox 513 2551 661 2624; x_wconf 85' lang='grc' dir='ltr'>ὤρας</span> <span class='ocrx_word' id='word_1_302' title='bbox 699 2554 835 2623; x_wconf 82' lang='grc' dir='ltr'>πρὸς</span> <span class='ocrx_word' id='word_1_303' title='bbox 861 2555 1126 2620; x_wconf 80' lang='grc' dir='ltr'>ἀνατολὰς</span> <span class='ocrx_word' id='word_1_304' title='bbox 1154 2560 1575 2630; x_wconf 86' lang='grc' dir='ltr'>παραλλάσσων.</span> 
     </span>
    </p>
   </div>
   <div class='ocr_carea' id='block_1_42' title="bbox 464 2644 1962 2726">
    <p class='ocr_par' dir='ltr' id='par_1_42' title="bbox 464 2644 1962 2726">
     <span class='ocr_line' id='line_1_42' title="bbox 464 2644 1962 2726; baseline 0.012 -30"><span class='ocrx_word' id='word_1_305' title='bbox 464 2644 573 2716; x_wconf 85' lang='grc' dir='ltr'><strong>Τὴν</strong></span> <span class='ocrx_word' id='word_1_306' title='bbox 603 2645 658 2698; x_wconf 87' lang='grc' dir='ltr'>δὲ</span> <span class='ocrx_word' id='word_1_307' title='bbox 680 2646 720 2699; x_wconf 83' lang='grc' dir='ltr'><strong>δ’</strong></span> <span class='ocrx_word' id='word_1_308' title='bbox 753 2647 1002 2720; x_wconf 78' lang='grc' dir='ltr'>ἀφορίζει</span> <span class='ocrx_word' id='word_1_309' title='bbox 1026 2651 1153 2720; x_wconf 82' lang='grc' dir='ltr'>περὶ</span> <span class='ocrx_word' id='word_1_310' title='bbox 1178 2652 1277 2722; x_wconf 84' lang='grc' dir='ltr'>τὴν</span> <span class='ocrx_word' id='word_1_311' title='bbox 1303 2653 1474 2725; x_wconf 81' lang='grc' dir='ltr'>ἀρχὴν</span> <span class='ocrx_word' id='word_1_312' title='bbox 1495 2656 1588 2710; x_wconf 84' lang='grc' dir='ltr'>τοῦ</span> <span class='ocrx_word' id='word_1_313' title='bbox 1617 2659 1844 2726; x_wconf 83' lang='grc' dir='ltr'>Τοξότου</span> <span class='ocrx_word' id='word_1_314' title='bbox 1867 2661 1962 2716; x_wconf 89' lang='grc' dir='ltr'>τοῦ</span> 
     </span>
    </p>
   </div>
   <div class='ocr_carea' id='block_1_43' title="bbox 386 2729 1960 2824">
    <p class='ocr_par' dir='ltr' id='par_1_43' title="bbox 386 2729 1960 2824">
     <span class='ocr_line' id='line_1_43' title="bbox 386 2729 1960 2824; baseline 0.014 -38"><span class='ocrx_word' id='word_1_315' title='bbox 386 2750 448 2787; x_wconf 91' lang='grc' dir='ltr'><strong>τε</strong></span> <span class='ocrx_word' id='word_1_316' title='bbox 494 2736 582 2787; x_wconf 85' lang='grc' dir='ltr'><strong>Ἐν</strong></span> <span class='ocrx_word' id='word_1_317' title='bbox 620 2737 842 2805; x_wconf 87' lang='grc' dir='ltr'>γόνασιν</span> <span class='ocrx_word' id='word_1_318' title='bbox 875 2742 904 2793; x_wconf 87' lang='lat'><strong>6</strong></span> <span class='ocrx_word' id='word_1_319' title='bbox 945 2729 1018 2794; x_wconf 68' lang='grc' dir='ltr'><strong>ὲνΔ</strong></span> <span class='ocrx_word' id='word_1_320' title='bbox 1047 2741 1126 2812; x_wconf 79' lang='grc' dir='ltr'><strong>τῷ</strong></span> <span class='ocrx_word' id='word_1_321' title='bbox 1169 2744 1438 2816; x_wconf 83' lang='grc' dir='ltr'>ἀριστερῷ</span> <span class='ocrx_word' id='word_1_322' title='bbox 1487 2749 1646 2822; x_wconf 82' lang='grc' dir='ltr'>μηρῷ</span> <span class='ocrx_word' id='word_1_323' title='bbox 1690 2751 1960 2824; x_wconf 84' lang='grc' dir='ltr'>λαμπρὸς,</span> 
     </span>
    </p>
   </div>
   <div class='ocr_carea' id='block_1_44' title="bbox 387 2825 1964 2922">
    <p class='ocr_par' dir='ltr' id='par_1_44' title="bbox 387 2825 1964 2922">
     <span class='ocr_line' id='line_1_44' title="bbox 387 2825 1964 2922; baseline 0.018 -44"><span class='ocrx_word' id='word_1_324' title='bbox 387 2825 602 2897; x_wconf 76' lang='grc' dir='ltr'>καὶτῆς</span> <span class='ocrx_word' id='word_1_325' title='bbox 629 2832 830 2900; x_wconf 83' lang='grc' dir='ltr'>μικρᾶς</span> <span class='ocrx_word' id='word_1_326' title='bbox 864 2832 1098 2903; x_wconf 82' lang='grc' dir='ltr'>Ἀρκτου</span> <span class='ocrx_word' id='word_1_327' title='bbox 1133 2837 1182 2889; x_wconf 83' lang='grc' dir='ltr'><strong>οί</strong></span> <span class='ocrx_word' id='word_1_328' title='bbox 1221 2836 1593 2913; x_wconf 66' lang='grc' dir='ltr'>λαμπρότατοι</span> <span class='ocrx_word' id='word_1_329' title='bbox 1623 2849 1716 2900; x_wconf 79' lang='grc' dir='ltr'><strong>καὶ</strong></span> <span class='ocrx_word' id='word_1_330' title='bbox 1736 2849 1964 2922; x_wconf 75' lang='grc' dir='ltr'>ἡγούμε-</span> 
     </span>
    </p>
   </div>
   <div class='ocr_carea' id='block_1_45' title="bbox 387 2917 1962 3014">
    <p class='ocr_par' dir='ltr' id='par_1_45' title="bbox 387 2917 1962 3014">
     <span class='ocr_line' id='line_1_45' title="bbox 387 2917 1962 3014; baseline 0.02 -46"><span class='ocrx_word' id='word_1_331' title='bbox 387 2935 466 2969; x_wconf 91' lang='grc' dir='ltr'>νοι</span> <span class='ocrx_word' id='word_1_332' title='bbox 487 2917 595 2972; x_wconf 90' lang='grc' dir='ltr'><strong>τῶν</strong></span> <span class='ocrx_word' id='word_1_333' title='bbox 616 2922 672 2973; x_wconf 85' lang='grc' dir='ltr'><strong>ὲν</strong></span> <span class='ocrx_word' id='word_1_334' title='bbox 695 2921 773 2991; x_wconf 85' lang='grc' dir='ltr'><strong>τῷ</strong></span> <span class='ocrx_word' id='word_1_335' title='bbox 799 2923 1019 2995; x_wconf 83' lang='grc' dir='ltr'>πλινθίῳ</span> <span class='ocrx_word' id='word_1_336' title='bbox 1042 2927 1103 2990; x_wconf 81' lang='grc' dir='ltr'><strong>δ’,</strong></span> <span class='ocrx_word' id='word_1_337' title='bbox 1127 2928 1334 2988; x_wconf 75' lang='grc' dir='ltr'>καὶτοῦ</span> <span class='ocrx_word' id='word_1_338' title='bbox 1365 2933 1646 3010; x_wconf 89' lang='grc' dir='ltr'>Ὀφιούχου</span> <span class='ocrx_word' id='word_1_339' title='bbox 1669 2917 1792 2996; x_wconf 73' lang='grc' dir='ltr'><strong>τῶν</strong></span> <span class='ocrx_word' id='word_1_340' title='bbox 1807 2917 1962 3014; x_wconf 35' lang='grc' dir='ltr'><strong>ἐν-τῷ</strong></span> 
     </span>
    </p>
   </div>
   <div class='ocr_carea' id='block_1_46' title="bbox 385 3006 1134 3088">
    <p class='ocr_par' dir='ltr' id='par_1_46' title="bbox 385 3006 1134 3088">
     <span class='ocr_line' id='line_1_46' title="bbox 385 3006 1134 3088; baseline 0.019 -31"><span class='ocrx_word' id='word_1_341' title='bbox 385 3006 543 3080; x_wconf 80' lang='grc' dir='ltr'>δεξιῷ</span> <span class='ocrx_word' id='word_1_342' title='bbox 563 3007 695 3080; x_wconf 81' lang='grc' dir='ltr'>ὤμῳ</span> <span class='ocrx_word' id='word_1_343' title='bbox 724 3013 752 3064; x_wconf 97' lang='lat'><strong>6</strong></span> <span class='ocrx_word' id='word_1_344' title='bbox 775 3012 1134 3088; x_wconf 81' lang='grc' dir='ltr'>βορειότερος.</span> 
     </span>
    </p>
   </div>
   <div class='ocr_carea' id='block_1_47' title="bbox 456 3089 1959 3192">
    <p class='ocr_par' dir='ltr' id='par_1_47' title="bbox 456 3089 1959 3192">
     <span class='ocr_line' id='line_1_47' title="bbox 456 3089 1959 3192; baseline 0.021 -42"><span class='ocrx_word' id='word_1_345' title='bbox 456 3101 566 3177; x_wconf 80' lang='grc' dir='ltr'><strong>Τὴν</strong></span> <span class='ocrx_word' id='word_1_346' title='bbox 591 3089 658 3153; x_wconf 78' lang='grc' dir='ltr'><strong>δὲ</strong></span> <span class='ocrx_word' id='word_1_347' title='bbox 685 3109 723 3161; x_wconf 82' lang='grc' dir='ltr'>ε’</span> <span class='ocrx_word' id='word_1_348' title='bbox 764 3103 911 3183; x_wconf 75' lang='grc' dir='ltr'>ὥραν</span> <span class='ocrx_word' id='word_1_349' title='bbox 953 3107 1203 3186; x_wconf 66' lang='grc' dir='ltr'>ἀφορίζει</span> <span class='ocrx_word' id='word_1_350' title='bbox 1227 3120 1356 3192; x_wconf 73' lang='grc' dir='ltr'>περὶ</span> <span class='ocrx_word' id='word_1_351' title='bbox 1392 3114 1554 3192; x_wconf 84' lang='grc' dir='ltr'>μέσον</span> <span class='ocrx_word' id='word_1_352' title='bbox 1583 3122 1675 3177; x_wconf 89' lang='grc' dir='ltr'>τοῦ</span> <span class='ocrx_word' id='word_1_353' title='bbox 1708 3124 1959 3192; x_wconf 82' lang='grc' dir='ltr'>Τοξότου,</span> 
     </span>
    </p>
   </div>
   <div class='ocr_carea' id='block_1_48' title="bbox 2067 2003 3640 2084">
    <p class='ocr_par' dir='ltr' id='par_1_48' title="bbox 2067 2003 3640 2084">
     <span class='ocr_line' id='line_1_48' title="bbox 2067 2003 3640 2084; baseline 0.017 -30"><span class='ocrx_word' id='word_1_354' title='bbox 2067 2010 2223 2071; x_wconf 89' lang='lat' dir='ltr'><strong>parte</strong></span> <span class='ocrx_word' id='word_1_355' title='bbox 2252 2003 2390 2059; x_wconf 84' lang='lat' dir='ltr'><strong>citra</strong></span> <span class='ocrx_word' id='word_1_356' title='bbox 2426 2009 2694 2063; x_wconf 91' lang='lat' dir='ltr'><strong>circulum</strong></span> <span class='ocrx_word' id='word_1_357' title='bbox 2737 2017 2823 2064; x_wconf 77' lang='lat' dir='ltr'><strong>est</strong></span> <span class='ocrx_word' id='word_1_358' title='bbox 2877 2027 2976 2082; x_wconf 87' lang='lat' dir='ltr'><strong>per</strong></span> <span class='ocrx_word' id='word_1_359' title='bbox 3023 2015 3178 2083; x_wconf 88' lang='lat' dir='ltr'><strong>poios</strong></span> <span class='ocrx_word' id='word_1_360' title='bbox 3242 2025 3640 2084; x_wconf 85' lang='lat' dir='ltr'><strong>transeuntem.</strong></span> 
     </span>
    </p>
   </div>
   <div class='ocr_carea' id='block_1_49' title="bbox 2068 2094 3642 2184">
    <p class='ocr_par' dir='ltr' id='par_1_49' title="bbox 2068 2094 3642 2184">
     <span class='ocr_line' id='line_1_49' title="bbox 2068 2094 3642 2184; baseline 0.016 -35"><span class='ocrx_word' id='word_1_361' title='bbox 2068 2094 2332 2153; x_wconf 88' lang='lat' dir='ltr'><strong>Similiter</strong></span> <span class='ocrx_word' id='word_1_362' title='bbox 2359 2101 2526 2154; x_wconf 89' lang='lat' dir='ltr'><strong>etiam</strong></span> <span class='ocrx_word' id='word_1_363' title='bbox 2553 2103 2731 2158; x_wconf 89' lang='lat' dir='ltr'><strong>media</strong></span> <span class='ocrx_word' id='word_1_364' title='bbox 2767 2105 3073 2162; x_wconf 86' lang='lat' dir='ltr'><strong>lucidarum</strong></span> <span class='ocrx_word' id='word_1_365' title='bbox 3125 2110 3310 2179; x_wconf 89' lang='lat' dir='ltr'><strong>trium,</strong></span> <span class='ocrx_word' id='word_1_366' title='bbox 3363 2130 3484 2184; x_wconf 75' lang='lat' dir='ltr'><strong>qua:</strong></span> <span class='ocrx_word' id='word_1_367' title='bbox 3514 2129 3642 2174; x_wconf 90' lang='lat' dir='ltr'><strong>sunt</strong></span> 
     </span>
    </p>
   </div>
   <div class='ocr_carea' id='block_1_50' title="bbox 2065 2187 2584 2263">
    <p class='ocr_par' dir='ltr' id='par_1_50' title="bbox 2065 2187 2584 2263">
     <span class='ocr_line' id='line_1_50' title="bbox 2065 2187 2584 2263; baseline 0.013 -22"><span class='ocrx_word' id='word_1_368' title='bbox 2065 2187 2122 2243; x_wconf 84' lang='lat' dir='ltr'><strong>in</strong></span> <span class='ocrx_word' id='word_1_369' title='bbox 2155 2187 2335 2246; x_wconf 82' lang='lat' dir='ltr'><strong>fronte</strong></span> <span class='ocrx_word' id='word_1_370' title='bbox 2372 2188 2584 2263; x_wconf 86' lang='lat' dir='ltr'><strong>Scorpii</strong></span> 
     </span>
    </p>
   </div>
   <div class='ocr_carea' id='block_1_51' title="bbox 2138 2278 3642 2376">
    <p class='ocr_par' dir='ltr' id='par_1_51' title="bbox 2138 2278 3642 2376">
     <span class='ocr_line' id='line_1_51' title="bbox 2138 2278 3642 2376; baseline 0.019 -43"><span class='ocrx_word' id='word_1_371' title='bbox 2138 2278 2376 2336; x_wconf 86' lang='lat' dir='ltr'><strong>Tertiam</strong></span> <span class='ocrx_word' id='word_1_372' title='bbox 2405 2285 2594 2341; x_wconf 84' lang='lat' dir='ltr'><strong>deﬁnit</strong></span> <span class='ocrx_word' id='word_1_373' title='bbox 2622 2288 2812 2346; x_wconf 88' lang='lat' dir='ltr'><strong>horam</strong></span> <span class='ocrx_word' id='word_1_374' title='bbox 2867 2295 3017 2350; x_wconf 91' lang='lat' dir='ltr'><strong>circa</strong></span> <span class='ocrx_word' id='word_1_375' title='bbox 3073 2298 3312 2355; x_wconf 87' lang='lat' dir='ltr'><strong>medium</strong></span> <span class='ocrx_word' id='word_1_376' title='bbox 3355 2303 3642 2376; x_wconf 87' lang='lat' dir='ltr'><strong>Scorpium</strong></span> 
     </span>
    </p>
   </div>
   <div class='ocr_carea' id='block_1_52' title="bbox 2064 2375 3643 2464">
    <p class='ocr_par' dir='ltr' id='par_1_52' title="bbox 2064 2375 3643 2464">
     <span class='ocr_line' id='line_1_52' title="bbox 2064 2375 3643 2464; baseline 0.015 -36"><span class='ocrx_word' id='word_1_377' title='bbox 2064 2375 2244 2441; x_wconf 85' lang='lat' dir='ltr'><strong>stella,</strong></span> <span class='ocrx_word' id='word_1_378' title='bbox 2279 2391 2401 2446; x_wconf 63' lang='lat' dir='ltr'><strong>quae</strong></span> <span class='ocrx_word' id='word_1_379' title='bbox 2447 2377 2506 2432; x_wconf 89' lang='lat' dir='ltr'><strong>in</strong></span> <span class='ocrx_word' id='word_1_380' title='bbox 2566 2379 2764 2437; x_wconf 81' lang='lat' dir='ltr'><strong>dextro</strong></span> <span class='ocrx_word' id='word_1_381' title='bbox 2815 2383 3045 2442; x_wconf 88' lang='lat' dir='ltr'><strong>humero</strong></span> <span class='ocrx_word' id='word_1_382' title='bbox 3100 2399 3183 2446; x_wconf 90' lang='lat' dir='ltr'><strong>est</strong></span> <span class='ocrx_word' id='word_1_383' title='bbox 3225 2375 3560 2464; x_wconf 82' lang='lat' dir='ltr'><strong>Ingeniculi:</strong></span> <span class='ocrx_word' id='word_1_384' title='bbox 3589 2407 3643 2456; x_wconf 91' lang='lat' dir='ltr'><strong>et</strong></span> 
     </span>
    </p>
   </div>
   <div class='ocr_carea' id='block_1_53' title="bbox 2063 2469 3643 2547">
    <p class='ocr_par' dir='ltr' id='par_1_53' title="bbox 2063 2469 3643 2547">
     <span class='ocr_line' id='line_1_53' title="bbox 2063 2469 3643 2547; baseline 0.016 -28"><span class='ocrx_word' id='word_1_385' title='bbox 2063 2481 2186 2536; x_wconf 84' lang='lat' dir='ltr'><strong>quae</strong></span> <span class='ocrx_word' id='word_1_386' title='bbox 2214 2469 2379 2525; x_wconf 89' lang='lat' dir='ltr'><strong>estin</strong></span> <span class='ocrx_word' id='word_1_387' title='bbox 2401 2470 2648 2540; x_wconf 87' lang='lat' dir='ltr'><strong>ejusdem</strong></span> <span class='ocrx_word' id='word_1_388' title='bbox 2683 2490 2846 2532; x_wconf 88' lang='lat' dir='ltr'><strong>crure</strong></span> <span class='ocrx_word' id='word_1_389' title='bbox 2879 2476 3094 2546; x_wconf 84' lang='lat' dir='ltr'><strong>dextro,</strong></span> <span class='ocrx_word' id='word_1_390' title='bbox 3123 2484 3399 2542; x_wconf 86' lang='lat' dir='ltr'><strong>tricesima</strong></span> <span class='ocrx_word' id='word_1_391' title='bbox 3422 2489 3643 2547; x_wconf 89' lang='lat' dir='ltr'><strong>circiter</strong></span> 
     </span>
    </p>
   </div>
   <div class='ocr_carea' id='block_1_54' title="bbox 2064 2559 3111 2633">
    <p class='ocr_par' dir='ltr' id='par_1_54' title="bbox 2064 2559 3111 2633">
     <span class='ocr_line' id='line_1_54' title="bbox 2064 2559 3111 2633; baseline 0.011 -19"><span class='ocrx_word' id='word_1_392' title='bbox 2064 2559 2212 2616; x_wconf 71' lang='lat' dir='ltr'><strong>hora:</strong></span> <span class='ocrx_word' id='word_1_393' title='bbox 2236 2569 2391 2633; x_wconf 90' lang='lat' dir='ltr'><strong>parte</strong></span> <span class='ocrx_word' id='word_1_394' title='bbox 2421 2564 2488 2618; x_wconf 87' lang='lat' dir='ltr'><strong>ad</strong></span> <span class='ocrx_word' id='word_1_395' title='bbox 2516 2565 2779 2622; x_wconf 90' lang='lat' dir='ltr'><strong>orientem</strong></span> <span class='ocrx_word' id='word_1_396' title='bbox 2810 2570 3111 2628; x_wconf 87' lang='lat' dir='ltr'><strong>declinans.</strong></span> 
     </span>
    </p>
   </div>
   <div class='ocr_carea' id='block_1_55' title="bbox 2133 2652 3640 2742">
    <p class='ocr_par' dir='ltr' id='par_1_55' title="bbox 2133 2652 3640 2742">
     <span class='ocr_line' id='line_1_55' title="bbox 2133 2652 3640 2742; baseline 0.014 -35"><span class='ocrx_word' id='word_1_397' title='bbox 2133 2652 2352 2719; x_wconf 68' lang='lat' dir='ltr'><strong>Quarta:</strong></span> <span class='ocrx_word' id='word_1_398' title='bbox 2375 2656 2526 2711; x_wconf 78' lang='lat' dir='ltr'><strong>horae</strong></span> <span class='ocrx_word' id='word_1_399' title='bbox 2579 2658 2742 2714; x_wconf 89' lang='lat' dir='ltr'><strong>limes</strong></span> <span class='ocrx_word' id='word_1_400' title='bbox 2771 2668 2856 2716; x_wconf 87' lang='lat' dir='ltr'><strong>est</strong></span> <span class='ocrx_word' id='word_1_401' title='bbox 2884 2663 3033 2718; x_wconf 89' lang='lat' dir='ltr'><strong>circa</strong></span> <span class='ocrx_word' id='word_1_402' title='bbox 3085 2666 3302 2723; x_wconf 90' lang='lat' dir='ltr'><strong>initium</strong></span> <span class='ocrx_word' id='word_1_403' title='bbox 3361 2669 3640 2742; x_wconf 80' lang='lat' dir='ltr'><strong>Sagittarii</strong></span> 
     </span>
    </p>
   </div>
   <div class='ocr_carea' id='block_1_56' title="bbox 2072 2745 3640 2826">
    <p class='ocr_par' dir='ltr' id='par_1_56' title="bbox 2072 2745 3640 2826">
     <span class='ocr_line' id='line_1_56' title="bbox 2072 2745 3640 2826; baseline 0.014 -27"><span class='ocrx_word' id='word_1_404' title='bbox 2072 2745 2254 2800; x_wconf 90' lang='lat' dir='ltr'><strong>lucida</strong></span> <span class='ocrx_word' id='word_1_405' title='bbox 2276 2747 2335 2801; x_wconf 89' lang='lat' dir='ltr'><strong>in</strong></span> <span class='ocrx_word' id='word_1_406' title='bbox 2387 2748 2594 2804; x_wconf 86' lang='lat' dir='ltr'><strong>femore</strong></span> <span class='ocrx_word' id='word_1_407' title='bbox 2637 2752 2864 2807; x_wconf 88' lang='lat' dir='ltr'><strong>sinistro</strong></span> <span class='ocrx_word' id='word_1_408' title='bbox 2897 2754 3191 2826; x_wconf 81' lang='lat' dir='ltr'><strong>lngeniculi</strong></span> <span class='ocrx_word' id='word_1_409' title='bbox 3231 2779 3244 2814; x_wconf 89' lang='lat'><strong>:</strong></span> <span class='ocrx_word' id='word_1_410' title='bbox 3274 2768 3328 2815; x_wconf 88' lang='lat' dir='ltr'><strong>et</strong></span> <span class='ocrx_word' id='word_1_411' title='bbox 3362 2762 3640 2821; x_wconf 86' lang='lat' dir='ltr'><strong>lucidissi-</strong></span> 
     </span>
    </p>
   </div>
   <div class='ocr_carea' id='block_1_57' title="bbox 2062 2838 3638 2920">
    <p class='ocr_par' dir='ltr' id='par_1_57' title="bbox 2062 2838 3638 2920">
     <span class='ocr_line' id='line_1_57' title="bbox 2062 2838 3638 2920; baseline 0.015 -30"><span class='ocrx_word' id='word_1_412' title='bbox 2062 2852 2184 2902; x_wconf 86' lang='lat' dir='ltr'><strong>mae,</strong></span> <span class='ocrx_word' id='word_1_413' title='bbox 2209 2838 2707 2913; x_wconf 88' lang='lat' dir='ltr'><strong>antecedentesque</strong></span> <span class='ocrx_word' id='word_1_414' title='bbox 2738 2844 2890 2918; x_wconf 68' lang='grc'><strong>14],</strong></span> <span class='ocrx_word' id='word_1_415' title='bbox 2935 2848 3002 2904; x_wconf 92' lang='lat' dir='ltr'><strong>de</strong></span> <span class='ocrx_word' id='word_1_416' title='bbox 3024 2858 3260 2920; x_wconf 88' lang='lat' dir='ltr'><strong>quatuor</strong></span> <span class='ocrx_word' id='word_1_417' title='bbox 3293 2853 3350 2908; x_wconf 84' lang='lat' dir='ltr'><strong>in</strong></span> <span class='ocrx_word' id='word_1_418' title='bbox 3375 2855 3638 2914; x_wconf 85' lang='lat' dir='ltr'><strong>laterculo</strong></span> 
     </span>
    </p>
   </div>
   <div class='ocr_carea' id='block_1_58' title="bbox 2060 2929 3636 3014">
    <p class='ocr_par' dir='ltr' id='par_1_58' title="bbox 2060 2929 3636 3014">
     <span class='ocr_line' id='line_1_58' title="bbox 2060 2929 3636 3014; baseline 0.015 -34"><span class='ocrx_word' id='word_1_419' title='bbox 2060 2929 2292 2985; x_wconf 89' lang='lat' dir='ltr'><strong>minoris</strong></span> <span class='ocrx_word' id='word_1_420' title='bbox 2323 2929 2507 3000; x_wconf 68' lang='lat' dir='ltr'><strong>Ursae;</strong></span> <span class='ocrx_word' id='word_1_421' title='bbox 2544 2941 2660 2989; x_wconf 89' lang='lat' dir='ltr'><strong>tum</strong></span> <span class='ocrx_word' id='word_1_422' title='bbox 2701 2935 2976 2994; x_wconf 88' lang='lat' dir='ltr'><strong>borealior</strong></span> <span class='ocrx_word' id='word_1_423' title='bbox 3008 2955 3219 3008; x_wconf 88' lang='lat' dir='ltr'><strong>earum,</strong></span> <span class='ocrx_word' id='word_1_424' title='bbox 3255 2960 3380 3014; x_wconf 62' lang='lat' dir='ltr'><strong>quae</strong></span> <span class='ocrx_word' id='word_1_425' title='bbox 3408 2955 3543 3002; x_wconf 88' lang='lat' dir='ltr'><strong>sunt</strong></span> <span class='ocrx_word' id='word_1_426' title='bbox 3580 2949 3636 3005; x_wconf 91' lang='lat' dir='ltr'><strong>in</strong></span> 
     </span>
    </p>
   </div>
   <div class='ocr_carea' id='block_1_59' title="bbox 2060 3017 2829 3091">
    <p class='ocr_par' dir='ltr' id='par_1_59' title="bbox 2060 3017 2829 3091">
     <span class='ocr_line' id='line_1_59' title="bbox 2060 3017 2829 3091; baseline 0.013 -17"><span class='ocrx_word' id='word_1_427' title='bbox 2060 3017 2329 3091; x_wconf 89' lang='lat' dir='ltr'><strong>Ophiuchi</strong></span> <span class='ocrx_word' id='word_1_428' title='bbox 2356 3023 2549 3080; x_wconf 83' lang='lat' dir='ltr'><strong>dextro</strong></span> <span class='ocrx_word' id='word_1_429' title='bbox 2578 3026 2829 3084; x_wconf 85' lang='lat' dir='ltr'><strong>humero.</strong></span> 
     </span>
    </p>
   </div>
   <div class='ocr_carea' id='block_1_60' title="bbox 2131 3113 3641 3201">
    <p class='ocr_par' dir='ltr' id='par_1_60' title="bbox 2131 3113 3641 3201">
     <span class='ocr_line' id='line_1_60' title="bbox 2131 3113 3641 3201; baseline 0.015 -35"><span class='ocrx_word' id='word_1_430' title='bbox 2131 3113 2387 3180; x_wconf 86' lang='lat' dir='ltr'><strong>Quintam</strong></span> <span class='ocrx_word' id='word_1_431' title='bbox 2415 3116 2605 3172; x_wconf 86' lang='lat' dir='ltr'><strong>horam</strong></span> <span class='ocrx_word' id='word_1_432' title='bbox 2636 3117 2964 3177; x_wconf 87' lang='lat' dir='ltr'><strong>determinat</strong></span> <span class='ocrx_word' id='word_1_433' title='bbox 3005 3125 3152 3182; x_wconf 85' lang='lat' dir='ltr'><strong>circa</strong></span> <span class='ocrx_word' id='word_1_434' title='bbox 3184 3127 3426 3185; x_wconf 88' lang='lat' dir='ltr'><strong>medium</strong></span> <span class='ocrx_word' id='word_1_435' title='bbox 3455 3130 3641 3201; x_wconf 77' lang='lat' dir='ltr'><strong>Sagit-</strong></span> 
     </span>
    </p>
   </div>
   <div class='ocr_carea' id='block_1_61' title="bbox 385 3197 1961 3290">
    <p class='ocr_par' dir='ltr' id='par_1_61' title="bbox 385 3197 1961 3289">
     <span class='ocr_line' id='line_1_61' title="bbox 385 3197 1961 3289; baseline 0.016 -41"><span class='ocrx_word' id='word_1_436' title='bbox 385 3197 478 3250; x_wconf 88' lang='grc' dir='ltr'>τοῦ</span> <span class='ocrx_word' id='word_1_437' title='bbox 512 3217 570 3251; x_wconf 85' lang='grc' dir='ltr'><strong>τε</strong></span> <span class='ocrx_word' id='word_1_438' title='bbox 604 3201 829 3268; x_wconf 80' lang='grc' dir='ltr'>Τοξότου</span> <span class='ocrx_word' id='word_1_439' title='bbox 869 3208 898 3258; x_wconf 92' lang='lat'><strong>6</strong></span> <span class='ocrx_word' id='word_1_440' title='bbox 928 3209 1192 3278; x_wconf 78' lang='grc' dir='ltr'>ἑπόμενος</span> <span class='ocrx_word' id='word_1_441' title='bbox 1215 3211 1320 3266; x_wconf 86' lang='grc' dir='ltr'><strong>τῶν</strong></span> <span class='ocrx_word' id='word_1_442' title='bbox 1360 3213 1418 3267; x_wconf 83' lang='grc' dir='ltr'><strong>ὲν</strong></span> <span class='ocrx_word' id='word_1_443' title='bbox 1443 3218 1508 3286; x_wconf 77' lang='grc' dir='ltr'>τῇ</span> <span class='ocrx_word' id='word_1_444' title='bbox 1545 3217 1753 3289; x_wconf 77' lang='grc' dir='ltr'>κεφαλῇ</span> <span class='ocrx_word' id='word_1_445' title='bbox 1788 3225 1856 3288; x_wconf 88' lang='grc' dir='ltr'><strong>γ’,</strong></span> <span class='ocrx_word' id='word_1_446' title='bbox 1891 3218 1961 3284; x_wconf 80' lang='grc' dir='ltr'>ὡς</span> 
     </span>
    </p>
   </div>
   <div class='ocr_carea' id='block_1_62' title="bbox 2063 3197 3640 3290">
    <p class='ocr_par' dir='ltr' id='par_1_62' title="bbox 2066 3197 3640 3290">
     <span class='ocr_line' id='line_1_62' title="bbox 2066 3197 3640 3290; baseline 0.015 -31"><span class='ocrx_word' id='word_1_447' title='bbox 2066 3206 2290 3270; x_wconf 87' lang='lat' dir='ltr'><strong>tarium,</strong></span> <span class='ocrx_word' id='word_1_448' title='bbox 2320 3207 2623 3264; x_wconf 79' lang='lat' dir='ltr'><strong>succedens</strong></span> <span class='ocrx_word' id='word_1_449' title='bbox 2652 3211 2818 3266; x_wconf 90' lang='lat' dir='ltr'><strong>trium</strong></span> <span class='ocrx_word' id='word_1_450' title='bbox 2841 3214 2894 3267; x_wconf 92' lang='lat' dir='ltr'><strong>in</strong></span> <span class='ocrx_word' id='word_1_451' title='bbox 2920 3216 3099 3286; x_wconf 84' lang='lat' dir='ltr'><strong>capite</strong></span> <span class='ocrx_word' id='word_1_452' title='bbox 3130 3217 3436 3290; x_wconf 76' lang='lat' dir='ltr'><strong>Sagittarii,</strong></span> <span class='ocrx_word' id='word_1_453' title='bbox 3475 3197 3640 3282; x_wconf 79' lang='lat' dir='ltr'><strong>trice-</strong></span> 
     </span>
    </p>
   </div>
   <div class='ocr_carea' id='block_1_63' title="bbox 385 3286 1704 3376">
    <p class='ocr_par' dir='ltr' id='par_1_63' title="bbox 385 3286 1704 3376">
     <span class='ocr_line' id='line_1_63' title="bbox 385 3286 1704 3376; baseline 0.017 -37"><span class='ocrx_word' id='word_1_454' title='bbox 385 3286 428 3340; x_wconf 83' lang='grc' dir='ltr'>λ¹</span> <span class='ocrx_word' id='word_1_455' title='bbox 460 3288 622 3361; x_wconf 83' lang='grc' dir='ltr'>μέρος</span> <span class='ocrx_word' id='word_1_456' title='bbox 651 3291 800 3364; x_wconf 83' lang='grc' dir='ltr'>ὥρας</span> <span class='ocrx_word' id='word_1_457' title='bbox 834 3296 968 3367; x_wconf 79' lang='grc' dir='ltr'>πρὸς</span> <span class='ocrx_word' id='word_1_458' title='bbox 996 3299 1260 3366; x_wconf 84' lang='grc' dir='ltr'>ἀνατολὰς</span> <span class='ocrx_word' id='word_1_459' title='bbox 1287 3305 1704 3376; x_wconf 85' lang='grc' dir='ltr'>παραλλάσσων.</span> 
     </span>
    </p>
   </div>
   <div class='ocr_carea' id='block_1_64' title="bbox 455 3380 1954 3467">
    <p class='ocr_par' dir='ltr' id='par_1_64' title="bbox 455 3380 1954 3467">
     <span class='ocr_line' id='line_1_64' title="bbox 455 3380 1954 3467; baseline 0.015 -36"><span class='ocrx_word' id='word_1_460' title='bbox 455 3380 567 3452; x_wconf 83' lang='grc' dir='ltr'><strong>Τὴν</strong></span> <span class='ocrx_word' id='word_1_461' title='bbox 603 3381 659 3434; x_wconf 83' lang='grc' dir='ltr'>δὲ</span> <span class='ocrx_word' id='word_1_462' title='bbox 695 3389 749 3448; x_wconf 81' lang='grc' dir='ltr'>ς’</span> <span class='ocrx_word' id='word_1_463' title='bbox 780 3384 928 3457; x_wconf 88' lang='grc' dir='ltr'>ὥραν</span> <span class='ocrx_word' id='word_1_464' title='bbox 955 3389 1202 3461; x_wconf 77' lang='grc' dir='ltr'><strong>ἀφορίζει</strong></span> <span class='ocrx_word' id='word_1_465' title='bbox 1231 3393 1322 3446; x_wconf 71' lang='grc' dir='ltr'><strong>ἐπὶ</strong></span> <span class='ocrx_word' id='word_1_466' title='bbox 1368 3393 1461 3446; x_wconf 85' lang='grc' dir='ltr'>τοῦ</span> <span class='ocrx_word' id='word_1_467' title='bbox 1505 3395 1592 3450; x_wconf 81' lang='grc' dir='ltr'>διὰ</span> <span class='ocrx_word' id='word_1_468' title='bbox 1628 3397 1737 3451; x_wconf 88' lang='grc' dir='ltr'><strong>τῶν</strong></span> <span class='ocrx_word' id='word_1_469' title='bbox 1765 3415 1954 3467; x_wconf 87' lang='grc' dir='ltr'>τροπι-</span> 
     </span>
    </p>
   </div>
   <div class='ocr_carea' id='block_1_65' title="bbox 385 3469 1956 3560">
    <p class='ocr_par' dir='ltr' id='par_1_65' title="bbox 385 3469 1956 3560">
     <span class='ocr_line' id='line_1_65' title="bbox 385 3469 1956 3560; baseline 0.015 -36"><span class='ocrx_word' id='word_1_470' title='bbox 385 3469 498 3524; x_wconf 85' lang='grc' dir='ltr'>κῶν</span> <span class='ocrx_word' id='word_1_471' title='bbox 528 3475 771 3544; x_wconf 80' lang='grc' dir='ltr'>σημείων</span> <span class='ocrx_word' id='word_1_472' title='bbox 804 3476 1002 3532; x_wconf 81' lang='grc' dir='ltr'>κύκλου</span> <span class='ocrx_word' id='word_1_473' title='bbox 1031 3481 1107 3545; x_wconf 84' lang='grc' dir='ltr'>ὡς</span> <span class='ocrx_word' id='word_1_474' title='bbox 1136 3481 1363 3552; x_wconf 76' lang='grc' dir='ltr'>ἔγγιστα</span> <span class='ocrx_word' id='word_1_475' title='bbox 1407 3487 1516 3538; x_wconf 93' lang='grc' dir='ltr'><strong>τῶν</strong></span> <span class='ocrx_word' id='word_1_476' title='bbox 1564 3490 1622 3541; x_wconf 83' lang='grc' dir='ltr'>ὲν</span> <span class='ocrx_word' id='word_1_477' title='bbox 1656 3488 1734 3560; x_wconf 83' lang='grc' dir='ltr'>τῷ</span> <span class='ocrx_word' id='word_1_478' title='bbox 1778 3492 1831 3513; x_wconf 63' lang='grc'><strong>’⁸</strong></span> <span class='ocrx_word' id='word_1_479' title='bbox 1851 3493 1870 3514; x_wconf 79' lang='grc'><strong><em>⁶</em></strong></span> <span class='ocrx_word' id='word_1_480' title='bbox 1906 3497 1956 3560; x_wconf 83' lang='grc' dir='ltr'>γ’</span> 
     </span>
    </p>
   </div>
   <div class='ocr_carea' id='block_1_66' title="bbox 384 3562 1956 3654">
    <p class='ocr_par' dir='ltr' id='par_1_66' title="bbox 384 3562 1956 3654">
     <span class='ocr_line' id='line_1_66' title="bbox 384 3562 1956 3654; baseline 0.014 -39"><span class='ocrx_word' id='word_1_481' title='bbox 384 3562 654 3636; x_wconf 85' lang='grc' dir='ltr'>λαμπρῶν</span> <span class='ocrx_word' id='word_1_482' title='bbox 707 3569 736 3620; x_wconf 88' lang='grc' dir='ltr'>ὁ</span> <span class='ocrx_word' id='word_1_483' title='bbox 790 3567 1143 3644; x_wconf 84' lang='grc' dir='ltr'>βορειότερος,</span> <span class='ocrx_word' id='word_1_484' title='bbox 1194 3574 1269 3640; x_wconf 89' lang='grc' dir='ltr'>ὠς</span> <span class='ocrx_word' id='word_1_485' title='bbox 1322 3574 1371 3629; x_wconf 82' lang='grc' dir='ltr'>κ’</span> <span class='ocrx_word' id='word_1_486' title='bbox 1413 3577 1578 3650; x_wconf 81' lang='grc' dir='ltr'>μέρος</span> <span class='ocrx_word' id='word_1_487' title='bbox 1629 3581 1758 3650; x_wconf 75' lang='grc' dir='ltr'>μιᾶς</span> <span class='ocrx_word' id='word_1_488' title='bbox 1807 3580 1956 3654; x_wconf 85' lang='grc' dir='ltr'>ὥρας</span> 
     </span>
    </p>
   </div>
   <div class='ocr_carea' id='block_1_67' title="bbox 385 3655 1189 3728">
    <p class='ocr_par' dir='ltr' id='par_1_67' title="bbox 385 3655 1189 3728">
     <span class='ocr_line' id='line_1_67' title="bbox 385 3655 1189 3728; baseline 0.014 -21"><span class='ocrx_word' id='word_1_489' title='bbox 385 3655 810 3728; x_wconf 75' lang='grc' dir='ltr'>ὑπολειπόμενος</span> <span class='ocrx_word' id='word_1_490' title='bbox 841 3660 932 3714; x_wconf 84' lang='grc' dir='ltr'>τοῦ</span> <span class='ocrx_word' id='word_1_491' title='bbox 967 3661 1189 3718; x_wconf 86' lang='grc' dir='ltr'>κύκλου.</span> 
     </span>
    </p>
   </div>
   <div class='ocr_carea' id='block_1_68' title="bbox 455 3749 1955 3837">
    <p class='ocr_par' dir='ltr' id='par_1_68' title="bbox 455 3749 1955 3837">
     <span class='ocr_line' id='line_1_68' title="bbox 455 3749 1955 3837; baseline 0.013 -37"><span class='ocrx_word' id='word_1_492' title='bbox 455 3749 561 3802; x_wconf 86' lang='lat' dir='ltr'><strong>IH&#39;.</strong></span> <span class='ocrx_word' id='word_1_493' title='bbox 602 3750 721 3805; x_wconf 89' lang='grc' dir='ltr'><strong>Τῶν</strong></span> <span class='ocrx_word' id='word_1_494' title='bbox 750 3753 806 3806; x_wconf 82' lang='grc' dir='ltr'>δὲ</span> <span class='ocrx_word' id='word_1_495' title='bbox 852 3755 1054 3824; x_wconf 81' lang='grc' dir='ltr'>μεταξὺ</span> <span class='ocrx_word' id='word_1_496' title='bbox 1084 3756 1174 3810; x_wconf 88' lang='grc' dir='ltr'>τοῦ</span> <span class='ocrx_word' id='word_1_497' title='bbox 1209 3761 1519 3834; x_wconf 87' lang='grc' dir='ltr'><strong>χειμερινοῦ</strong></span> <span class='ocrx_word' id='word_1_498' title='bbox 1559 3763 1823 3836; x_wconf 89' lang='grc' dir='ltr'>τροπικοῦ</span> <span class='ocrx_word' id='word_1_499' title='bbox 1859 3783 1955 3837; x_wconf 85' lang='grc' dir='ltr'>ση-</span> 
     </span>
    </p>
   </div>
   <div class='ocr_carea' id='block_1_69' title="bbox 387 3839 1958 3925">
    <p class='ocr_par' dir='ltr' id='par_1_69' title="bbox 387 3839 1958 3925">
     <span class='ocr_line' id='line_1_69' title="bbox 387 3839 1958 3925; baseline 0.013 -34"><span class='ocrx_word' id='word_1_500' title='bbox 387 3839 538 3911; x_wconf 82' lang='grc' dir='ltr'>μείου</span> <span class='ocrx_word' id='word_1_501' title='bbox 571 3841 785 3896; x_wconf 77' lang='grc' dir='ltr'>καὶτοῦ</span> <span class='ocrx_word' id='word_1_502' title='bbox 834 3845 1048 3918; x_wconf 80' lang='grc' dir='ltr'>ὲαρινοῦ</span> <span class='ocrx_word' id='word_1_503' title='bbox 1102 3855 1155 3914; x_wconf 82' lang='grc' dir='ltr'>ς’</span> <span class='ocrx_word' id='word_1_504' title='bbox 1199 3850 1436 3922; x_wconf 86' lang='grc' dir='ltr'>ὡριαίων</span> <span class='ocrx_word' id='word_1_505' title='bbox 1477 3853 1860 3925; x_wconf 85' lang='grc' dir='ltr'>διαστημάτων</span> <span class='ocrx_word' id='word_1_506' title='bbox 1896 3857 1958 3911; x_wconf 81' lang='grc' dir='ltr'><strong>τὸ</strong></span> 
     </span>
    </p>
   </div>
   <div class='ocr_carea' id='block_1_70' title="bbox 386 3933 1957 4017">
    <p class='ocr_par' dir='ltr' id='par_1_70' title="bbox 386 3933 1957 4017">
     <span class='ocr_line' id='line_1_70' title="bbox 386 3933 1957 4017; baseline 0.011 -33"><span class='ocrx_word' id='word_1_507' title='bbox 386 3933 485 4002; x_wconf 83' lang='grc' dir='ltr'>μὲν</span> <span class='ocrx_word' id='word_1_508' title='bbox 529 3939 577 3985; x_wconf 83' lang='grc' dir='ltr'>α’</span> <span class='ocrx_word' id='word_1_509' title='bbox 610 3933 832 4007; x_wconf 85' lang='grc' dir='ltr'>ὡριαῖον</span> <span class='ocrx_word' id='word_1_510' title='bbox 862 3937 1135 4011; x_wconf 85' lang='grc' dir='ltr'>διάστημα</span> <span class='ocrx_word' id='word_1_511' title='bbox 1185 3942 1434 4014; x_wconf 83' lang='grc' dir='ltr'>ἀφορίζει</span> <span class='ocrx_word' id='word_1_512' title='bbox 1481 3944 1573 3999; x_wconf 90' lang='grc' dir='ltr'>τοῦ</span> <span class='ocrx_word' id='word_1_513' title='bbox 1624 3947 1877 4017; x_wconf 87' lang='grc' dir='ltr'>Δελφῖνος</span> <span class='ocrx_word' id='word_1_514' title='bbox 1929 3951 1957 4002; x_wconf 90' lang='lat'><strong>6</strong></span> 
     </span>
    </p>
   </div>
   <div class='ocr_carea' id='block_1_71' title="bbox 384 4025 1954 4110">
    <p class='ocr_par' dir='ltr' id='par_1_71' title="bbox 384 4025 1954 4110">
     <span class='ocr_line' id='line_1_71' title="bbox 384 4025 1954 4110; baseline 0.01 -32"><span class='ocrx_word' id='word_1_515' title='bbox 384 4025 720 4100; x_wconf 80' lang='grc' dir='ltr'>βορειότερος</span> <span class='ocrx_word' id='word_1_516' title='bbox 751 4029 856 4084; x_wconf 86' lang='grc' dir='ltr'><strong>τῶν</strong></span> <span class='ocrx_word' id='word_1_517' title='bbox 905 4033 1221 4106; x_wconf 78' lang='grc' dir='ltr'>ἡγουμένων</span> <span class='ocrx_word' id='word_1_518' title='bbox 1251 4038 1308 4089; x_wconf 80' lang='grc' dir='ltr'>ἐν</span> <span class='ocrx_word' id='word_1_519' title='bbox 1343 4037 1419 4108; x_wconf 77' lang='grc' dir='ltr'>τῷ</span> <span class='ocrx_word' id='word_1_520' title='bbox 1474 4039 1681 4110; x_wconf 78' lang='grc' dir='ltr'><strong>ῥόμϐῳ,</strong></span> <span class='ocrx_word' id='word_1_521' title='bbox 1728 4042 1821 4094; x_wconf 72' lang='grc' dir='ltr'>καὶ</span> <span class='ocrx_word' id='word_1_522' title='bbox 1861 4040 1954 4093; x_wconf 90' lang='grc' dir='ltr'>τοῦ</span> 
     </span>
    </p>
   </div>
   <div class='ocr_carea' id='block_1_72' title="bbox 382 4119 1673 4203">
    <p class='ocr_par' dir='ltr' id='par_1_72' title="bbox 382 4119 1673 4203">
     <span class='ocr_line' id='line_1_72' title="bbox 382 4119 1673 4203; baseline 0.012 -34"><span class='ocrx_word' id='word_1_523' title='bbox 382 4119 757 4191; x_wconf 80' lang='grc' dir='ltr'>Δίγοκέρωτος</span> <span class='ocrx_word' id='word_1_524' title='bbox 786 4124 815 4174; x_wconf 97' lang='lat'><strong>6</strong></span> <span class='ocrx_word' id='word_1_525' title='bbox 844 4123 1143 4196; x_wconf 82' lang='grc' dir='ltr'>ἡγούμενος</span> <span class='ocrx_word' id='word_1_526' title='bbox 1172 4127 1280 4181; x_wconf 91' lang='grc' dir='ltr'><strong>τῶν</strong></span> <span class='ocrx_word' id='word_1_527' title='bbox 1310 4130 1368 4181; x_wconf 86' lang='grc' dir='ltr'>ὲν</span> <span class='ocrx_word' id='word_1_528' title='bbox 1395 4129 1471 4200; x_wconf 81' lang='grc' dir='ltr'>τῷ</span> <span class='ocrx_word' id='word_1_529' title='bbox 1499 4129 1673 4203; x_wconf 83' lang='grc' dir='ltr'>νώτῳ.</span> 
     </span>
    </p>
   </div>
   <div class='ocr_carea' id='block_1_73' title="bbox 453 4211 1954 4296">
    <p class='ocr_par' dir='ltr' id='par_1_73' title="bbox 453 4211 1954 4296">
     <span class='ocr_line' id='line_1_73' title="bbox 453 4211 1954 4296; baseline 0.011 -33"><span class='ocrx_word' id='word_1_530' title='bbox 453 4211 526 4264; x_wconf 85' lang='lat' dir='ltr'><strong>T6</strong></span> <span class='ocrx_word' id='word_1_531' title='bbox 557 4211 613 4264; x_wconf 84' lang='grc' dir='ltr'><strong>δὲ</strong></span> <span class='ocrx_word' id='word_1_532' title='bbox 656 4212 699 4265; x_wconf 88' lang='grc' dir='ltr'><strong>δ’</strong></span> <span class='ocrx_word' id='word_1_533' title='bbox 723 4213 942 4285; x_wconf 84' lang='grc' dir='ltr'>ὡριαίον</span> <span class='ocrx_word' id='word_1_534' title='bbox 978 4216 1251 4290; x_wconf 79' lang='grc' dir='ltr'>διάστημα</span> <span class='ocrx_word' id='word_1_535' title='bbox 1286 4221 1534 4291; x_wconf 78' lang='grc' dir='ltr'>ἀφορίζει</span> <span class='ocrx_word' id='word_1_536' title='bbox 1569 4222 1697 4294; x_wconf 74' lang='grc' dir='ltr'>περὶ</span> <span class='ocrx_word' id='word_1_537' title='bbox 1725 4224 1824 4296; x_wconf 85' lang='grc' dir='ltr'>τὴν</span> <span class='ocrx_word' id='word_1_538' title='bbox 1852 4226 1954 4296; x_wconf 89' lang='grc' dir='ltr'>ἀρ-</span> 
     </span>
    </p>
   </div>
   <div class='ocr_carea' id='block_1_74' title="bbox 382 4299 1955 4383">
    <p class='ocr_par' dir='ltr' id='par_1_74' title="bbox 382 4299 1955 4383">
     <span class='ocr_line' id='line_1_74' title="bbox 382 4299 1955 4383; baseline 0.013 -32"><span class='ocrx_word' id='word_1_539' title='bbox 382 4299 483 4372; x_wconf 82' lang='grc' dir='ltr'><strong>χὴν</strong></span> <span class='ocrx_word' id='word_1_540' title='bbox 525 4301 619 4354; x_wconf 87' lang='grc' dir='ltr'>τοῦ</span> <span class='ocrx_word' id='word_1_541' title='bbox 659 4303 940 4374; x_wconf 81' lang='grc' dir='ltr'>Ὑδροχόου</span> <span class='ocrx_word' id='word_1_542' title='bbox 980 4307 1088 4360; x_wconf 90' lang='grc' dir='ltr'><strong>τῶν</strong></span> <span class='ocrx_word' id='word_1_543' title='bbox 1128 4311 1186 4363; x_wconf 82' lang='grc' dir='ltr'>ἐν</span> <span class='ocrx_word' id='word_1_544' title='bbox 1220 4309 1298 4381; x_wconf 83' lang='grc' dir='ltr'><strong>τῷ</strong></span> <span class='ocrx_word' id='word_1_545' title='bbox 1339 4312 1567 4383; x_wconf 87' lang='grc' dir='ltr'>στόματι</span> <span class='ocrx_word' id='word_1_546' title='bbox 1611 4315 1704 4368; x_wconf 88' lang='lat'><strong>:06</strong></span> <span class='ocrx_word' id='word_1_547' title='bbox 1757 4318 1955 4371; x_wconf 84' lang='grc' dir='ltr'>Ἵππου</span> 
     </span>
    </p>
   </div>
   <div class='ocr_carea' id='block_1_75' title="bbox 382 4393 1957 4481">
    <p class='ocr_par' dir='ltr' id='par_1_75' title="bbox 382 4393 1957 4481">
     <span class='ocr_line' id='line_1_75' title="bbox 382 4393 1957 4481; baseline 0.011 -35"><span class='ocrx_word' id='word_1_548' title='bbox 382 4393 631 4466; x_wconf 80' lang='grc' dir='ltr'>λαμπρὸς</span> <span class='ocrx_word' id='word_1_549' title='bbox 672 4398 866 4470; x_wconf 78' lang='grc' dir='ltr'>ἀστὴρ,</span> <span class='ocrx_word' id='word_1_550' title='bbox 903 4400 1116 4454; x_wconf 78' lang='grc' dir='ltr'>καὶτοῦ</span> <span class='ocrx_word' id='word_1_551' title='bbox 1149 4403 1384 4474; x_wconf 87' lang='grc' dir='ltr'>Κηφέως</span> <span class='ocrx_word' id='word_1_552' title='bbox 1417 4408 1446 4458; x_wconf 91' lang='lat'><strong>6</strong></span> <span class='ocrx_word' id='word_1_553' title='bbox 1489 4408 1807 4481; x_wconf 87' lang='grc' dir='ltr'>νοτιώτερος</span> <span class='ocrx_word' id='word_1_554' title='bbox 1847 4410 1957 4463; x_wconf 89' lang='grc' dir='ltr'><strong>τῶν</strong></span> 
     </span>
    </p>
   </div>
   <div class='ocr_carea' id='block_1_76' title="bbox 385 4489 1338 4565">
    <p class='ocr_par' dir='ltr' id='par_1_76' title="bbox 385 4489 1338 4565">
     <span class='ocr_line' id='line_1_76' title="bbox 385 4489 1338 4565; baseline 0.009 -27"><span class='ocrx_word' id='word_1_555' title='bbox 385 4489 811 4560; x_wconf 84' lang='grc' dir='ltr'>προηγουμένων</span> <span class='ocrx_word' id='word_1_556' title='bbox 841 4489 934 4543; x_wconf 87' lang='grc' dir='ltr'>τοῦ</span> <span class='ocrx_word' id='word_1_557' title='bbox 967 4492 1139 4559; x_wconf 78' lang='grc' dir='ltr'>δεξιοῦ</span> <span class='ocrx_word' id='word_1_558' title='bbox 1167 4494 1338 4565; x_wconf 81' lang='grc' dir='ltr'>ὤμου.</span> 
     </span>
    </p>
   </div>
   <div class='ocr_carea' id='block_1_77' title="bbox 2059 3297 3529 3372">
    <p class='ocr_par' dir='ltr' id='par_1_77' title="bbox 2059 3297 3529 3372">
     <span class='ocr_line' id='line_1_77' title="bbox 2059 3297 3529 3372; baseline 0.013 -21"><span class='ocrx_word' id='word_1_559' title='bbox 2059 3297 2199 3356; x_wconf 86' lang='lat' dir='ltr'><strong>sima</strong></span> <span class='ocrx_word' id='word_1_560' title='bbox 2235 3299 2454 3354; x_wconf 87' lang='lat' dir='ltr'><strong>circiter</strong></span> <span class='ocrx_word' id='word_1_561' title='bbox 2491 3300 2640 3356; x_wconf 63' lang='lat' dir='ltr'><strong>horae</strong></span> <span class='ocrx_word' id='word_1_562' title='bbox 2663 3305 2903 3372; x_wconf 63' lang='lat' dir='ltr'><strong>partead</strong></span> <span class='ocrx_word' id='word_1_563' title='bbox 2926 3309 3191 3364; x_wconf 87' lang='lat' dir='ltr'><strong>orientem</strong></span> <span class='ocrx_word' id='word_1_564' title='bbox 3224 3312 3529 3371; x_wconf 88' lang='lat' dir='ltr'><strong>declinans.</strong></span> 
     </span>
    </p>
   </div>
   <div class='ocr_carea' id='block_1_78' title="bbox 2130 3389 3640 3477">
    <p class='ocr_par' dir='ltr' id='par_1_78' title="bbox 2130 3389 3640 3477">
     <span class='ocr_line' id='line_1_78' title="bbox 2130 3389 3640 3477; baseline 0.012 -31"><span class='ocrx_word' id='word_1_565' title='bbox 2130 3389 2309 3446; x_wconf 74' lang='lat' dir='ltr'><strong>Sexta:</strong></span> <span class='ocrx_word' id='word_1_566' title='bbox 2367 3390 2516 3446; x_wconf 84' lang='lat' dir='ltr'><strong>horae</strong></span> <span class='ocrx_word' id='word_1_567' title='bbox 2565 3393 2840 3450; x_wconf 90' lang='lat' dir='ltr'><strong>terminus</strong></span> <span class='ocrx_word' id='word_1_568' title='bbox 2867 3403 2951 3452; x_wconf 83' lang='lat' dir='ltr'><strong>est</strong></span> <span class='ocrx_word' id='word_1_569' title='bbox 3009 3398 3065 3453; x_wconf 86' lang='lat' dir='ltr'><strong>in</strong></span> <span class='ocrx_word' id='word_1_570' title='bbox 3121 3400 3351 3468; x_wconf 88' lang='lat' dir='ltr'><strong>circulo,</strong></span> <span class='ocrx_word' id='word_1_571' title='bbox 3402 3407 3495 3475; x_wconf 88' lang='lat' dir='ltr'><strong>qui</strong></span> <span class='ocrx_word' id='word_1_572' title='bbox 3541 3423 3640 3477; x_wconf 90' lang='lat' dir='ltr'><strong>per</strong></span> 
     </span>
    </p>
   </div>
   <div class='ocr_carea' id='block_1_79' title="bbox 2057 3484 3638 3562">
    <p class='ocr_par' dir='ltr' id='par_1_79' title="bbox 2057 3484 3638 3562">
     <span class='ocr_line' id='line_1_79' title="bbox 2057 3484 3638 3562; baseline 0.011 -22"><span class='ocrx_word' id='word_1_573' title='bbox 2057 3484 2368 3540; x_wconf 85' lang='lat' dir='ltr'><strong>solstitialia</strong></span> <span class='ocrx_word' id='word_1_574' title='bbox 2397 3493 2601 3556; x_wconf 89' lang='lat' dir='ltr'><strong>puncta</strong></span> <span class='ocrx_word' id='word_1_575' title='bbox 2632 3488 2856 3554; x_wconf 85' lang='lat' dir='ltr'><strong>transit,</strong></span> <span class='ocrx_word' id='word_1_576' title='bbox 2888 3505 3050 3560; x_wconf 89' lang='lat' dir='ltr'><strong>quam</strong></span> <span class='ocrx_word' id='word_1_577' title='bbox 3083 3494 3334 3562; x_wconf 76' lang='lat' dir='ltr'><strong>proxime</strong></span> <span class='ocrx_word' id='word_1_578' title='bbox 3362 3497 3638 3556; x_wconf 86' lang='lat' dir='ltr'><strong>borealior</strong></span> 
     </span>
    </p>
   </div>
   <div class='ocr_carea' id='block_1_80' title="bbox 2056 3574 3636 3658">
    <p class='ocr_par' dir='ltr' id='par_1_80' title="bbox 2056 3574 3636 3658">
     <span class='ocr_line' id='line_1_80' title="bbox 2056 3574 3636 3658; baseline 0.011 -28"><span class='ocrx_word' id='word_1_579' title='bbox 2056 3589 2088 3630; x_wconf 89' lang='lat' dir='ltr'><strong>e</strong></span> <span class='ocrx_word' id='word_1_580' title='bbox 2117 3574 2313 3631; x_wconf 89' lang='lat' dir='ltr'><strong>lucidis</strong></span> <span class='ocrx_word' id='word_1_581' title='bbox 2342 3576 2540 3644; x_wconf 90' lang='lat' dir='ltr'><strong>tribus,</strong></span> <span class='ocrx_word' id='word_1_582' title='bbox 2575 3577 2841 3635; x_wconf 87' lang='lat' dir='ltr'><strong>vicesima</strong></span> <span class='ocrx_word' id='word_1_583' title='bbox 2870 3581 3093 3639; x_wconf 90' lang='lat' dir='ltr'><strong>circiter</strong></span> <span class='ocrx_word' id='word_1_584' title='bbox 3122 3583 3273 3642; x_wconf 76' lang='lat' dir='ltr'><strong>horae</strong></span> <span class='ocrx_word' id='word_1_585' title='bbox 3306 3598 3461 3658; x_wconf 85' lang='lat' dir='ltr'><strong>parte</strong></span> <span class='ocrx_word' id='word_1_586' title='bbox 3497 3591 3636 3647; x_wconf 88' lang='lat' dir='ltr'><strong>citra</strong></span> 
     </span>
    </p>
   </div>
   <div class='ocr_carea' id='block_1_81' title="bbox 2056 3666 2554 3738">
    <p class='ocr_par' dir='ltr' id='par_1_81' title="bbox 2056 3666 2554 3738">
     <span class='ocr_line' id='line_1_81' title="bbox 2056 3666 2554 3738; baseline 0.014 -18"><span class='ocrx_word' id='word_1_587' title='bbox 2056 3666 2324 3721; x_wconf 88' lang='lat' dir='ltr'><strong>circulum</strong></span> <span class='ocrx_word' id='word_1_588' title='bbox 2353 3669 2554 3738; x_wconf 86' lang='lat' dir='ltr'><strong>posita.</strong></span> 
     </span>
    </p>
   </div>
   <div class='ocr_carea' id='block_1_82' title="bbox 2127 3758 3633 3844">
    <p class='ocr_par' dir='ltr' id='par_1_82' title="bbox 2127 3758 3633 3844">
     <span class='ocr_line' id='line_1_82' title="bbox 2127 3758 3633 3844; baseline 0.013 -33"><span class='ocrx_word' id='word_1_589' title='bbox 2127 3758 2316 3814; x_wconf 84' lang='lat' dir='ltr'><strong>XVIII.</strong></span> <span class='ocrx_word' id='word_1_590' title='bbox 2347 3760 2409 3816; x_wconf 91' lang='lat' dir='ltr'><strong>In</strong></span> <span class='ocrx_word' id='word_1_591' title='bbox 2438 3776 2504 3816; x_wconf 93' lang='lat' dir='ltr'><strong>eo</strong></span> <span class='ocrx_word' id='word_1_592' title='bbox 2541 3762 2884 3833; x_wconf 89' lang='lat' dir='ltr'><strong>quadrante,</strong></span> <span class='ocrx_word' id='word_1_593' title='bbox 2931 3766 3025 3836; x_wconf 91' lang='lat' dir='ltr'><strong>qui</strong></span> <span class='ocrx_word' id='word_1_594' title='bbox 3065 3768 3133 3823; x_wconf 88' lang='lat' dir='ltr'><strong>ab</strong></span> <span class='ocrx_word' id='word_1_595' title='bbox 3177 3769 3386 3826; x_wconf 84' lang='lat' dir='ltr'><strong>hiberni</strong></span> <span class='ocrx_word' id='word_1_596' title='bbox 3439 3773 3633 3844; x_wconf 90' lang='lat' dir='ltr'><strong>tropici</strong></span> 
     </span>
    </p>
   </div>
   <div class='ocr_carea' id='block_1_83' title="bbox 2056 3853 3634 3930">
    <p class='ocr_par' dir='ltr' id='par_1_83' title="bbox 2056 3853 3634 3930">
     <span class='ocr_line' id='line_1_83' title="bbox 2056 3853 3634 3930; baseline 0.01 -27"><span class='ocrx_word' id='word_1_597' title='bbox 2056 3858 2260 3921; x_wconf 90' lang='lat' dir='ltr'><strong>puncto</strong></span> <span class='ocrx_word' id='word_1_598' title='bbox 2289 3853 2356 3906; x_wconf 89' lang='lat' dir='ltr'><strong>ad</strong></span> <span class='ocrx_word' id='word_1_599' title='bbox 2388 3853 2774 3925; x_wconf 85' lang='lat' dir='ltr'><strong>aequinoctium</strong></span> <span class='ocrx_word' id='word_1_600' title='bbox 2828 3873 3058 3913; x_wconf 87' lang='lat' dir='ltr'><strong>vernum</strong></span> <span class='ocrx_word' id='word_1_601' title='bbox 3115 3861 3390 3930; x_wconf 89' lang='lat' dir='ltr'><strong>pertinet,</strong></span> <span class='ocrx_word' id='word_1_602' title='bbox 3449 3879 3480 3920; x_wconf 90' lang='lat' dir='ltr'><strong>e</strong></span> <span class='ocrx_word' id='word_1_603' title='bbox 3535 3881 3634 3921; x_wconf 84' lang='lat' dir='ltr'><strong>sex</strong></span> 
     </span>
    </p>
   </div>
   <div class='ocr_carea' id='block_1_84' title="bbox 2057 3937 3630 4027">
    <p class='ocr_par' dir='ltr' id='par_1_84' title="bbox 2057 3937 3630 4027">
     <span class='ocr_line' id='line_1_84' title="bbox 2057 3937 3630 4027; baseline 0.011 -31"><span class='ocrx_word' id='word_1_604' title='bbox 2057 3937 2293 4000; x_wconf 86' lang='lat' dir='ltr'><strong>horariis</strong></span> <span class='ocrx_word' id='word_1_605' title='bbox 2339 3944 2640 4002; x_wconf 86' lang='lat' dir='ltr'><strong>intervallis</strong></span> <span class='ocrx_word' id='word_1_606' title='bbox 2678 3947 2916 4018; x_wconf 88' lang='lat' dir='ltr'><strong>primum</strong></span> <span class='ocrx_word' id='word_1_607' title='bbox 2963 3952 3222 4008; x_wconf 85' lang='lat' dir='ltr'><strong>terminat</strong></span> <span class='ocrx_word' id='word_1_608' title='bbox 3265 3955 3321 4009; x_wconf 88' lang='lat' dir='ltr'><strong>in</strong></span> <span class='ocrx_word' id='word_1_609' title='bbox 3361 3954 3630 4027; x_wconf 81' lang='lat' dir='ltr'><strong>Delphina</strong></span> 
     </span>
    </p>
   </div>
   <div class='ocr_carea' id='block_1_85' title="bbox 2061 4035 3630 4112">
    <p class='ocr_par' dir='ltr' id='par_1_85' title="bbox 2061 4035 3630 4112">
     <span class='ocr_line' id='line_1_85' title="bbox 2061 4035 3630 4112; baseline 0.012 -24"><span class='ocrx_word' id='word_1_610' title='bbox 2061 4035 2333 4091; x_wconf 82' lang='lat' dir='ltr'><strong>borcalior</strong></span> <span class='ocrx_word' id='word_1_611' title='bbox 2389 4039 2828 4095; x_wconf 89' lang='lat' dir='ltr'><strong>antecedentium</strong></span> <span class='ocrx_word' id='word_1_612' title='bbox 2894 4043 2952 4096; x_wconf 88' lang='lat' dir='ltr'><strong>in</strong></span> <span class='ocrx_word' id='word_1_613' title='bbox 3005 4043 3268 4112; x_wconf 89' lang='lat' dir='ltr'><strong>rhombo,</strong></span> <span class='ocrx_word' id='word_1_614' title='bbox 3321 4055 3375 4102; x_wconf 92' lang='lat' dir='ltr'><strong>et</strong></span> <span class='ocrx_word' id='word_1_615' title='bbox 3412 4058 3630 4106; x_wconf 84' lang='lat' dir='ltr'><strong>antece-</strong></span> 
     </span>
    </p>
   </div>
   <div class='ocr_carea' id='block_1_86' title="bbox 2057 4125 3398 4207">
    <p class='ocr_par' dir='ltr' id='par_1_86' title="bbox 2057 4125 3398 4207">
     <span class='ocr_line' id='line_1_86' title="bbox 2057 4125 3398 4207; baseline 0.01 -27"><span class='ocrx_word' id='word_1_616' title='bbox 2057 4125 2192 4183; x_wconf 85' lang='lat' dir='ltr'><strong>dens</strong></span> <span class='ocrx_word' id='word_1_617' title='bbox 2222 4143 2433 4195; x_wconf 88' lang='lat' dir='ltr'><strong>earum,</strong></span> <span class='ocrx_word' id='word_1_618' title='bbox 2464 4146 2586 4200; x_wconf 64' lang='lat' dir='ltr'><strong>quae</strong></span> <span class='ocrx_word' id='word_1_619' title='bbox 2614 4141 2743 4186; x_wconf 89' lang='lat' dir='ltr'><strong>sunt</strong></span> <span class='ocrx_word' id='word_1_620' title='bbox 2769 4133 2826 4188; x_wconf 92' lang='lat' dir='ltr'><strong>iu</strong></span> <span class='ocrx_word' id='word_1_621' title='bbox 2859 4133 3027 4190; x_wconf 91' lang='lat' dir='ltr'><strong>dorso</strong></span> <span class='ocrx_word' id='word_1_622' title='bbox 3053 4135 3398 4207; x_wconf 89' lang='lat' dir='ltr'><strong>Capricorni.</strong></span> 
     </span>
    </p>
   </div>
   <div class='ocr_carea' id='block_1_87' title="bbox 2134 4218 3630 4288">
    <p class='ocr_par' dir='ltr' id='par_1_87' title="bbox 2134 4218 3630 4288">
     <span class='ocr_line' id='line_1_87' title="bbox 2134 4218 3630 4288; baseline 0.009 -15"><span class='ocrx_word' id='word_1_623' title='bbox 2134 4218 2447 4275; x_wconf 87' lang='lat' dir='ltr'><strong>Secundum</strong></span> <span class='ocrx_word' id='word_1_624' title='bbox 2500 4223 2780 4278; x_wconf 89' lang='lat' dir='ltr'><strong>horarium</strong></span> <span class='ocrx_word' id='word_1_625' title='bbox 2828 4225 3178 4282; x_wconf 83' lang='lat' dir='ltr'><strong>intervallum</strong></span> <span class='ocrx_word' id='word_1_626' title='bbox 3242 4229 3430 4285; x_wconf 84' lang='lat' dir='ltr'><strong>deﬁnit</strong></span> <span class='ocrx_word' id='word_1_627' title='bbox 3482 4232 3630 4288; x_wconf 88' lang='lat' dir='ltr'><strong>circa</strong></span> 
     </span>
    </p>
   </div>
   <div class='ocr_carea' id='block_1_88' title="bbox 2056 4307 3630 4392">
    <p class='ocr_par' dir='ltr' id='par_1_88' title="bbox 2056 4307 3630 4392">
     <span class='ocr_line' id='line_1_88' title="bbox 2056 4307 3630 4392; baseline 0.01 -29"><span class='ocrx_word' id='word_1_628' title='bbox 2056 4307 2271 4364; x_wconf 87' lang='lat' dir='ltr'><strong>initium</strong></span> <span class='ocrx_word' id='word_1_629' title='bbox 2321 4312 2587 4382; x_wconf 87' lang='lat' dir='ltr'><strong>Aquarii,</strong></span> <span class='ocrx_word' id='word_1_630' title='bbox 2639 4314 2821 4369; x_wconf 86' lang='lat' dir='ltr'><strong>lucida</strong></span> <span class='ocrx_word' id='word_1_631' title='bbox 2869 4331 2993 4386; x_wconf 77' lang='lat' dir='ltr'><strong>quae</strong></span> <span class='ocrx_word' id='word_1_632' title='bbox 3026 4317 3083 4372; x_wconf 87' lang='lat' dir='ltr'><strong>in</strong></span> <span class='ocrx_word' id='word_1_633' title='bbox 3131 4333 3226 4374; x_wconf 86' lang='lat' dir='ltr'><strong>ore</strong></span> <span class='ocrx_word' id='word_1_634' title='bbox 3257 4329 3341 4376; x_wconf 89' lang='lat' dir='ltr'><strong>est</strong></span> <span class='ocrx_word' id='word_1_635' title='bbox 3382 4321 3543 4392; x_wconf 88' lang='lat' dir='ltr'><strong>Equi,</strong></span> <span class='ocrx_word' id='word_1_636' title='bbox 3575 4331 3630 4379; x_wconf 84' lang='lat' dir='ltr'><strong>et</strong></span> 
     </span>
    </p>
   </div>
   <div class='ocr_carea' id='block_1_89' title="bbox 2057 4402 3554 4482">
    <p class='ocr_par' dir='ltr' id='par_1_89' title="bbox 2057 4402 3554 4482">
     <span class='ocr_line' id='line_1_89' title="bbox 2057 4402 3554 4482; baseline 0.011 -28"><span class='ocrx_word' id='word_1_637' title='bbox 2057 4402 2352 4458; x_wconf 90' lang='lat' dir='ltr'><strong>australior</strong></span> <span class='ocrx_word' id='word_1_638' title='bbox 2381 4405 2821 4460; x_wconf 85' lang='lat' dir='ltr'><strong>antecedentium</strong></span> <span class='ocrx_word' id='word_1_639' title='bbox 2855 4405 3035 4463; x_wconf 82' lang='lat' dir='ltr'><strong>dextri</strong></span> <span class='ocrx_word' id='word_1_640' title='bbox 3066 4409 3284 4467; x_wconf 87' lang='lat' dir='ltr'><strong>humeri</strong></span> <span class='ocrx_word' id='word_1_641' title='bbox 3329 4410 3554 4482; x_wconf 84' lang='lat' dir='ltr'><strong>Cephei.</strong></span> 
     </span>
    </p>
   </div>
   <div class='ocr_carea' id='block_1_90' title="bbox 452 4576 1961 4664">
    <p class='ocr_par' dir='ltr' id='par_1_90' title="bbox 452 4579 1952 4664">
     <span class='ocr_line' id='line_1_90' title="bbox 452 4579 1952 4664; baseline 0.012 -34"><span class='ocrx_word' id='word_1_642' title='bbox 452 4579 526 4634; x_wconf 87' lang='lat' dir='ltr'><strong>T6</strong></span> <span class='ocrx_word' id='word_1_643' title='bbox 566 4579 625 4632; x_wconf 84' lang='grc' dir='ltr'><strong>δὲ</strong></span> <span class='ocrx_word' id='word_1_644' title='bbox 674 4587 723 4649; x_wconf 83' lang='grc' dir='ltr'>γ’</span> <span class='ocrx_word' id='word_1_645' title='bbox 763 4581 984 4654; x_wconf 85' lang='grc' dir='ltr'>ὡριαῖον</span> <span class='ocrx_word' id='word_1_646' title='bbox 1024 4585 1296 4656; x_wconf 84' lang='grc' dir='ltr'>διάστημα</span> <span class='ocrx_word' id='word_1_647' title='bbox 1339 4588 1587 4659; x_wconf 78' lang='grc' dir='ltr'>ἀφορίζει</span> <span class='ocrx_word' id='word_1_648' title='bbox 1623 4592 1751 4664; x_wconf 72' lang='grc' dir='ltr'>περὶ</span> <span class='ocrx_word' id='word_1_649' title='bbox 1788 4594 1952 4664; x_wconf 90' lang='grc' dir='ltr'>μέσον</span> 
     </span>
    </p>
   </div>
   <div class='ocr_carea' id='block_1_91' title="bbox 2063 4576 3626 4664">
    <p class='ocr_par' dir='ltr' id='par_1_91' title="bbox 2129 4577 3626 4654">
     <span class='ocr_line' id='line_1_91' title="bbox 2129 4577 3626 4654; baseline 0.006 -22"><span class='ocrx_word' id='word_1_650' title='bbox 2129 4577 2326 4635; x_wconf 81' lang='lat' dir='ltr'><strong>Tertiae</strong></span> <span class='ocrx_word' id='word_1_651' title='bbox 2347 4580 2495 4636; x_wconf 55' lang='lat' dir='ltr'><strong>horae.</strong></span> <span class='ocrx_word' id='word_1_652' title='bbox 2523 4581 2678 4637; x_wconf 90' lang='lat' dir='ltr'><strong>limes</strong></span> <span class='ocrx_word' id='word_1_653' title='bbox 2711 4589 2797 4637; x_wconf 90' lang='lat' dir='ltr'><strong>est</strong></span> <span class='ocrx_word' id='word_1_654' title='bbox 2835 4581 2985 4636; x_wconf 89' lang='lat' dir='ltr'><strong>circa</strong></span> <span class='ocrx_word' id='word_1_655' title='bbox 3023 4582 3262 4638; x_wconf 90' lang='lat' dir='ltr'><strong>medium</strong></span> <span class='ocrx_word' id='word_1_656' title='bbox 3290 4584 3626 4654; x_wconf 87' lang='lat' dir='ltr'><strong>Aquarium,</strong></span> 
     </span>
    </p>
   </div>
   <div class='ocr_carea' id='block_1_92' title="bbox 380 4669 1952 4755">
    <p class='ocr_par' dir='ltr' id='par_1_92' title="bbox 380 4669 1952 4755">
     <span class='ocr_line' id='line_1_92' title="bbox 380 4669 1952 4755; baseline 0.01 -32"><span class='ocrx_word' id='word_1_657' title='bbox 380 4669 475 4724; x_wconf 87' lang='lat'><strong>:06</strong></span> <span class='ocrx_word' id='word_1_658' title='bbox 519 4671 799 4744; x_wconf 86' lang='grc' dir='ltr'>Ὑδροχόου</span> <span class='ocrx_word' id='word_1_659' title='bbox 830 4677 858 4728; x_wconf 90' lang='lat'><strong>6</strong></span> <span class='ocrx_word' id='word_1_660' title='bbox 877 4677 1037 4746; x_wconf 86' lang='grc' dir='ltr'>μέσος</span> <span class='ocrx_word' id='word_1_661' title='bbox 1050 4677 1158 4730; x_wconf 91' lang='grc' dir='ltr'><strong>τῶν</strong></span> <span class='ocrx_word' id='word_1_662' title='bbox 1177 4681 1236 4732; x_wconf 86' lang='grc' dir='ltr'><strong>ὲν</strong></span> <span class='ocrx_word' id='word_1_663' title='bbox 1263 4683 1328 4751; x_wconf 84' lang='grc' dir='ltr'>τῇ</span> <span class='ocrx_word' id='word_1_664' title='bbox 1353 4681 1565 4754; x_wconf 79' lang='grc' dir='ltr'>κεφαλῇ</span> <span class='ocrx_word' id='word_1_665' title='bbox 1599 4683 1692 4735; x_wconf 87' lang='grc' dir='ltr'>τοῦ</span> <span class='ocrx_word' id='word_1_666' title='bbox 1715 4686 1952 4755; x_wconf 87' lang='grc' dir='ltr'>Κηφέως</span> 
     </span>
    </p>
   </div>
   <div class='ocr_carea' id='block_1_93' title="bbox 381 4763 1950 4840">
    <p class='ocr_par' dir='ltr' id='par_1_93' title="bbox 381 4763 1950 4840">
     <span class='ocr_line' id='line_1_93' title="bbox 381 4763 1950 4840; baseline 0.01 -25"><span class='ocrx_word' id='word_1_667' title='bbox 381 4769 430 4832; x_wconf 82' lang='grc' dir='ltr'>γ’</span> <span class='ocrx_word' id='word_1_668' title='bbox 464 4763 706 4835; x_wconf 84' lang='grc' dir='ltr'>ἀστέρων</span> <span class='ocrx_word' id='word_1_669' title='bbox 763 4767 850 4818; x_wconf 79' lang='grc' dir='ltr'>ἐπ’</span> <span class='ocrx_word' id='word_1_670' title='bbox 893 4767 1106 4832; x_wconf 82' lang='grc' dir='ltr'>εὐθείας</span> <span class='ocrx_word' id='word_1_671' title='bbox 1154 4771 1442 4840; x_wconf 87' lang='grc' dir='ltr'>κειμένων,</span> <span class='ocrx_word' id='word_1_672' title='bbox 1490 4775 1582 4825; x_wconf 73' lang='grc' dir='ltr'><strong>καὶ</strong></span> <span class='ocrx_word' id='word_1_673' title='bbox 1627 4773 1720 4827; x_wconf 89' lang='grc' dir='ltr'>τοῦ</span> <span class='ocrx_word' id='word_1_674' title='bbox 1753 4775 1950 4830; x_wconf 85' lang='grc' dir='ltr'>Ἵππου</span> 
     </span>
    </p>
   </div>
   <div class='ocr_carea' id='block_1_94' title="bbox 380 4853 1953 4937">
    <p class='ocr_par' dir='ltr' id='par_1_94' title="bbox 380 4853 1953 4937">
     <span class='ocr_line' id='line_1_94' title="bbox 380 4853 1953 4937; baseline 0.009 -31"><span class='ocrx_word' id='word_1_675' title='bbox 380 4853 488 4908; x_wconf 88' lang='grc' dir='ltr'><strong>τῶν</strong></span> <span class='ocrx_word' id='word_1_676' title='bbox 536 4857 592 4908; x_wconf 84' lang='grc' dir='ltr'><strong>ὲν</strong></span> <span class='ocrx_word' id='word_1_677' title='bbox 638 4855 715 4927; x_wconf 83' lang='grc' dir='ltr'>τῷ</span> <span class='ocrx_word' id='word_1_678' title='bbox 748 4858 1000 4930; x_wconf 83' lang='grc' dir='ltr'>τραχήλῳ</span> <span class='ocrx_word' id='word_1_679' title='bbox 1035 4858 1076 4929; x_wconf 90' lang='grc' dir='ltr'><strong>β’</strong></span> <span class='ocrx_word' id='word_1_680' title='bbox 1103 4860 1347 4932; x_wconf 84' lang='grc' dir='ltr'>ἀστέρων</span> <span class='ocrx_word' id='word_1_681' title='bbox 1399 4864 1427 4915; x_wconf 88' lang='lat'><strong>6</strong></span> <span class='ocrx_word' id='word_1_682' title='bbox 1473 4862 1827 4937; x_wconf 77' lang='grc' dir='ltr'>βορειότερος,</span> <span class='ocrx_word' id='word_1_683' title='bbox 1877 4867 1953 4930; x_wconf 87' lang='grc' dir='ltr'>ὼς</span> 
     </span>
    </p>
   </div>
   <div class='ocr_carea' id='block_1_95' title="bbox 379 4949 1951 5026">
    <p class='ocr_par' dir='ltr' id='par_1_95' title="bbox 379 4949 1951 5026">
     <span class='ocr_line' id='line_1_95' title="bbox 379 4949 1951 5026; baseline 0.007 -24"><span class='ocrx_word' id='word_1_684' title='bbox 379 4949 701 5020; x_wconf 84' lang='grc' dir='ltr'>τριακοστὸν</span> <span class='ocrx_word' id='word_1_685' title='bbox 754 4950 918 5021; x_wconf 88' lang='grc' dir='ltr'>μέρος</span> <span class='ocrx_word' id='word_1_686' title='bbox 964 4951 1110 5022; x_wconf 86' lang='grc' dir='ltr'>ὥρας</span> <span class='ocrx_word' id='word_1_687' title='bbox 1141 4955 1546 5026; x_wconf 86' lang='grc' dir='ltr'>προηγούμενος</span> <span class='ocrx_word' id='word_1_688' title='bbox 1572 4955 1667 5010; x_wconf 87' lang='grc' dir='ltr'>τοῦ</span> <span class='ocrx_word' id='word_1_689' title='bbox 1707 4957 1797 5011; x_wconf 82' lang='grc' dir='ltr'><strong>διὰ</strong></span> <span class='ocrx_word' id='word_1_690' title='bbox 1842 4959 1951 5013; x_wconf 88' lang='grc' dir='ltr'><strong>τῶν</strong></span> 
     </span>
    </p>
   </div>
   <div class='ocr_carea' id='block_1_96' title="bbox 380 5041 819 5096">
    <p class='ocr_par' dir='ltr' id='par_1_96' title="bbox 380 5041 819 5096">
     <span class='ocr_line' id='line_1_96' title="bbox 380 5041 819 5096; baseline 0 -2"><span class='ocrx_word' id='word_1_691' title='bbox 380 5041 561 5095; x_wconf 88' lang='grc' dir='ltr'>πόλων</span> <span class='ocrx_word' id='word_1_692' title='bbox 599 5041 819 5096; x_wconf 88' lang='grc' dir='ltr'>κύκλου.</span> 
     </span>
    </p>
   </div>
   <div class='ocr_carea' id='block_1_97' title="bbox 450 5131 1952 5214">
    <p class='ocr_par' dir='ltr' id='par_1_97' title="bbox 450 5131 1952 5214">
     <span class='ocr_line' id='line_1_97' title="bbox 450 5131 1952 5214; baseline 0.007 -29"><span class='ocrx_word' id='word_1_693' title='bbox 450 5133 522 5186; x_wconf 87' lang='grc' dir='ltr'><strong>Τὸ</strong></span> <span class='ocrx_word' id='word_1_694' title='bbox 547 5133 602 5187; x_wconf 79' lang='grc' dir='ltr'><strong>δὲ</strong></span> <span class='ocrx_word' id='word_1_695' title='bbox 624 5133 663 5186; x_wconf 84' lang='grc' dir='ltr'><strong>δ’</strong></span> <span class='ocrx_word' id='word_1_696' title='bbox 682 5134 903 5206; x_wconf 87' lang='grc' dir='ltr'>ὼριαῖον</span> <span class='ocrx_word' id='word_1_697' title='bbox 921 5136 1196 5207; x_wconf 83' lang='grc' dir='ltr'>διάστημα</span> <span class='ocrx_word' id='word_1_698' title='bbox 1220 5137 1469 5209; x_wconf 74' lang='grc' dir='ltr'>ἀφορίζει</span> <span class='ocrx_word' id='word_1_699' title='bbox 1487 5131 1626 5210; x_wconf 56' lang='grc' dir='ltr'>’περὶ</span> <span class='ocrx_word' id='word_1_700' title='bbox 1647 5141 1747 5213; x_wconf 83' lang='grc' dir='ltr'><strong>τὴν</strong></span> <span class='ocrx_word' id='word_1_701' title='bbox 1775 5141 1952 5214; x_wconf 78' lang='grc' dir='ltr'>ἀρχὴν</span> 
     </span>
    </p>
   </div>
   <div class='ocr_carea' id='block_1_98' title="bbox 377 5224 1951 5307">
    <p class='ocr_par' dir='ltr' id='par_1_98' title="bbox 377 5224 1951 5307">
     <span class='ocr_line' id='line_1_98' title="bbox 377 5224 1951 5307; baseline 0.008 -30"><span class='ocrx_word' id='word_1_702' title='bbox 377 5224 488 5277; x_wconf 88' lang='grc' dir='ltr'><strong>τῶν</strong></span> <span class='ocrx_word' id='word_1_703' title='bbox 526 5224 746 5296; x_wconf 81' lang='grc' dir='ltr'>Ἰχθύων</span> <span class='ocrx_word' id='word_1_704' title='bbox 775 5227 873 5298; x_wconf 85' lang='grc' dir='ltr'>τῆς</span> <span class='ocrx_word' id='word_1_705' title='bbox 903 5228 1255 5299; x_wconf 84' lang='grc' dir='ltr'>Ἀνδρομέδας</span> <span class='ocrx_word' id='word_1_706' title='bbox 1284 5230 1392 5284; x_wconf 89' lang='grc' dir='ltr'><strong>τῶν</strong></span> <span class='ocrx_word' id='word_1_707' title='bbox 1421 5233 1479 5286; x_wconf 80' lang='grc' dir='ltr'>ὲν</span> <span class='ocrx_word' id='word_1_708' title='bbox 1528 5235 1594 5305; x_wconf 86' lang='grc' dir='ltr'>τῇ</span> <span class='ocrx_word' id='word_1_709' title='bbox 1627 5234 1776 5307; x_wconf 80' lang='grc' dir='ltr'>δεξιᾷ</span> <span class='ocrx_word' id='word_1_710' title='bbox 1807 5237 1951 5307; x_wconf 66' lang='grc' dir='ltr'><strong>χειρλ⁸</strong></span> 
     </span>
    </p>
   </div>
   <div class='ocr_carea' id='block_1_99' title="bbox 378 5316 1950 5398">
    <p class='ocr_par' dir='ltr' id='par_1_99' title="bbox 378 5316 1950 5398">
     <span class='ocr_line' id='line_1_99' title="bbox 378 5316 1950 5398; baseline 0.007 -29"><span class='ocrx_word' id='word_1_711' title='bbox 378 5316 620 5389; x_wconf 87' lang='grc' dir='ltr'>ἀστέρων</span> <span class='ocrx_word' id='word_1_712' title='bbox 656 5319 685 5371; x_wconf 87' lang='lat'><strong>6</strong></span> <span class='ocrx_word' id='word_1_713' title='bbox 711 5317 1052 5384; x_wconf 87' lang='grc' dir='ltr'>νοτιώτατος,</span> <span class='ocrx_word' id='word_1_714' title='bbox 1080 5320 1154 5384; x_wconf 84' lang='grc' dir='ltr'>ὡς</span> <span class='ocrx_word' id='word_1_715' title='bbox 1183 5326 1230 5372; x_wconf 83' lang='grc' dir='ltr'>κ’</span> <span class='ocrx_word' id='word_1_716' title='bbox 1262 5321 1426 5392; x_wconf 84' lang='grc' dir='ltr'>μέρος</span> <span class='ocrx_word' id='word_1_717' title='bbox 1470 5323 1618 5396; x_wconf 85' lang='grc' dir='ltr'>ὥρας</span> <span class='ocrx_word' id='word_1_718' title='bbox 1645 5327 1950 5398; x_wconf 47' lang='grc' dir='ltr'>ιὺπολειπό·</span> 
     </span>
    </p>
   </div>
   <div class='ocr_carea' id='block_1_100' title="bbox 381 5407 1384 5479">
    <p class='ocr_par' dir='ltr' id='par_1_100' title="bbox 381 5407 1384 5479">
     <span class='ocr_line' id='line_1_100' title="bbox 381 5407 1384 5479; baseline 0.003 -17"><span class='ocrx_word' id='word_1_719' title='bbox 381 5425 542 5479; x_wconf 69' lang='grc' dir='ltr'>μενος</span> <span class='ocrx_word' id='word_1_720' title='bbox 568 5407 662 5463; x_wconf 85' lang='grc' dir='ltr'>τοῦ</span> <span class='ocrx_word' id='word_1_721' title='bbox 697 5409 785 5464; x_wconf 83' lang='grc' dir='ltr'><strong>διὰ</strong></span> <span class='ocrx_word' id='word_1_722' title='bbox 813 5428 920 5463; x_wconf 91' lang='grc' dir='ltr'><strong>των</strong></span> <span class='ocrx_word' id='word_1_723' title='bbox 952 5410 1129 5465; x_wconf 85' lang='grc' dir='ltr'>πόλων</span> <span class='ocrx_word' id='word_1_724' title='bbox 1159 5409 1384 5466; x_wconf 86' lang='grc' dir='ltr'>κύκλου.</span> 
     </span>
    </p>
   </div>
   <div class='ocr_carea' id='block_1_101' title="bbox 449 5502 1947 5579">
    <p class='ocr_par' dir='ltr' id='par_1_101' title="bbox 449 5502 1947 5579">
     <span class='ocr_line' id='line_1_101' title="bbox 449 5502 1947 5579; baseline 0.007 -25"><span class='ocrx_word' id='word_1_725' title='bbox 449 5502 520 5554; x_wconf 92' lang='lat' dir='ltr'><strong>T6</strong></span> <span class='ocrx_word' id='word_1_726' title='bbox 567 5503 625 5556; x_wconf 81' lang='grc' dir='ltr'>δὲ</span> <span class='ocrx_word' id='word_1_727' title='bbox 677 5510 719 5556; x_wconf 88' lang='grc' dir='ltr'><strong>ε’</strong></span> <span class='ocrx_word' id='word_1_728' title='bbox 777 5504 996 5576; x_wconf 81' lang='grc' dir='ltr'>ὠριαῖον</span> <span class='ocrx_word' id='word_1_729' title='bbox 1059 5503 1331 5575; x_wconf 73' lang='grc' dir='ltr'>διάστημὶ</span> <span class='ocrx_word' id='word_1_730' title='bbox 1391 5508 1515 5579; x_wconf 75' lang='grc' dir='ltr'>περὶ</span> <span class='ocrx_word' id='word_1_731' title='bbox 1566 5509 1765 5579; x_wconf 88' lang='grc' dir='ltr'>μέσους</span> <span class='ocrx_word' id='word_1_732' title='bbox 1819 5513 1947 5575; x_wconf 84' lang='grc' dir='ltr'>τοὺς</span> 
     </span>
    </p>
   </div>
   <div class='ocr_carea' id='block_1_102' title="bbox 390 5592 1945 5674">
    <p class='ocr_par' dir='ltr' id='par_1_102' title="bbox 390 5592 1945 5674">
     <span class='ocr_line' id='line_1_102' title="bbox 390 5592 1945 5674; baseline 0.005 -29"><span class='ocrx_word' id='word_1_733' title='bbox 390 5592 598 5662; x_wconf 83' lang='grc' dir='ltr'>Ἰχθύας</span> <span class='ocrx_word' id='word_1_734' title='bbox 647 5593 894 5666; x_wconf 79' lang='grc' dir='ltr'>ἀφορίζει</span> <span class='ocrx_word' id='word_1_735' title='bbox 939 5600 1040 5666; x_wconf 65' lang='grc' dir='ltr'>τῆς</span> <span class='ocrx_word' id='word_1_736' title='bbox 1090 5597 1447 5674; x_wconf 50' lang='grc' dir='ltr'>Καστνςιῖίας</span> <span class='ocrx_word' id='word_1_737' title='bbox 1506 5598 1536 5651; x_wconf 89' lang='lat'><strong>6</strong></span> <span class='ocrx_word' id='word_1_738' title='bbox 1576 5601 1633 5653; x_wconf 87' lang='grc' dir='ltr'>ὲν</span> <span class='ocrx_word' id='word_1_739' title='bbox 1680 5600 1828 5672; x_wconf 87' lang='grc' dir='ltr'>μέσῳ</span> <span class='ocrx_word' id='word_1_740' title='bbox 1868 5599 1945 5671; x_wconf 87' lang='grc' dir='ltr'>τῷ</span> 
     </span>
    </p>
   </div>
   <div class='ocr_carea' id='block_1_103' title="bbox 377 5677 1944 5762">
    <p class='ocr_par' dir='ltr' id='par_1_103' title="bbox 377 5677 1944 5762">
     <span class='ocr_line' id='line_1_103' title="bbox 377 5677 1944 5762; baseline 0.005 -24"><span class='ocrx_word' id='word_1_741' title='bbox 377 5677 609 5750; x_wconf 73' lang='grc' dir='ltr'>σώματι,</span> <span class='ocrx_word' id='word_1_742' title='bbox 639 5684 733 5736; x_wconf 73' lang='grc' dir='ltr'>καὶ</span> <span class='ocrx_word' id='word_1_743' title='bbox 761 5686 942 5756; x_wconf 74' lang='grc' dir='ltr'>τρίτος</span> <span class='ocrx_word' id='word_1_744' title='bbox 971 5683 1079 5736; x_wconf 80' lang='grc' dir='ltr'><strong>ἀπὸ</strong></span> <span class='ocrx_word' id='word_1_745' title='bbox 1110 5684 1208 5757; x_wconf 79' lang='grc' dir='ltr'>τῆς</span> <span class='ocrx_word' id='word_1_746' title='bbox 1236 5687 1478 5760; x_wconf 78' lang='grc' dir='ltr'>κεφαλῆς</span> <span class='ocrx_word' id='word_1_747' title='bbox 1524 5689 1944 5762; x_wconf 86' lang='grc' dir='ltr'>ἀριθμούμενος.</span> 
     </span>
    </p>
   </div>
   <div class='ocr_carea' id='block_1_104' title="bbox 479 5838 706 5909">
    <p class='ocr_par' dir='ltr' id='par_1_104' title="bbox 479 5838 706 5909">
     <span class='ocr_line' id='line_1_104' title="bbox 479 5838 706 5909; baseline 0.022 -18"><span class='ocrx_word' id='word_1_748' title='bbox 479 5838 525 5870; x_wconf 80' lang='grc' dir='ltr'><strong>ο·</strong></span> <span class='ocrx_word' id='word_1_749' title='bbox 556 5839 598 5909; x_wconf 70' lang='grc' dir='ltr'>ί.</span> <span class='ocrx_word' id='word_1_750' title='bbox 628 5839 706 5905; x_wconf 78' lang='grc' dir='ltr'><strong>δς.</strong></span> 
     </span>
    </p>
   </div>
   <div class='ocr_carea' id='block_1_105' title="bbox 2054 4671 3628 4749">
    <p class='ocr_par' dir='ltr' id='par_1_105' title="bbox 2054 4671 3628 4749">
     <span class='ocr_line' id='line_1_105' title="bbox 2054 4671 3628 4749; baseline 0.008 -25"><span class='ocrx_word' id='word_1_751' title='bbox 2054 4671 2233 4727; x_wconf 88' lang='lat' dir='ltr'><strong>media</strong></span> <span class='ocrx_word' id='word_1_752' title='bbox 2263 4672 2426 4726; x_wconf 91' lang='lat' dir='ltr'><strong>trium</strong></span> <span class='ocrx_word' id='word_1_753' title='bbox 2454 4673 2757 4741; x_wconf 89' lang='lat' dir='ltr'><strong>stellarum,</strong></span> <span class='ocrx_word' id='word_1_754' title='bbox 2789 4688 2911 4743; x_wconf 85' lang='lat' dir='ltr'><strong>quae</strong></span> <span class='ocrx_word' id='word_1_755' title='bbox 2943 4683 3072 4730; x_wconf 90' lang='lat' dir='ltr'><strong>sunt</strong></span> <span class='ocrx_word' id='word_1_756' title='bbox 3111 4675 3168 4729; x_wconf 90' lang='lat' dir='ltr'><strong>in</strong></span> <span class='ocrx_word' id='word_1_757' title='bbox 3201 4677 3379 4745; x_wconf 89' lang='lat' dir='ltr'><strong>capite</strong></span> <span class='ocrx_word' id='word_1_758' title='bbox 3423 4677 3628 4749; x_wconf 89' lang='lat' dir='ltr'><strong>Cephei</strong></span> 
     </span>
    </p>
   </div>
   <div class='ocr_carea' id='block_1_106' title="bbox 2051 4763 3625 4838">
    <p class='ocr_par' dir='ltr' id='par_1_106' title="bbox 2051 4763 3625 4838">
     <span class='ocr_line' id='line_1_106' title="bbox 2051 4763 3625 4838; baseline 0.006 -22"><span class='ocrx_word' id='word_1_759' title='bbox 2051 4763 2110 4816; x_wconf 88' lang='lat' dir='ltr'><strong>in</strong></span> <span class='ocrx_word' id='word_1_760' title='bbox 2157 4763 2424 4818; x_wconf 89' lang='lat' dir='ltr'><strong>directum</strong></span> <span class='ocrx_word' id='word_1_761' title='bbox 2471 4766 2697 4834; x_wconf 59' lang='lat' dir='ltr'><strong>posita;</strong></span> <span class='ocrx_word' id='word_1_762' title='bbox 2746 4783 2847 4822; x_wconf 89' lang='lat' dir='ltr'><strong>nec</strong></span> <span class='ocrx_word' id='word_1_763' title='bbox 2887 4783 2998 4822; x_wconf 90' lang='lat' dir='ltr'><strong>non</strong></span> <span class='ocrx_word' id='word_1_764' title='bbox 3040 4767 3318 4823; x_wconf 86' lang='lat' dir='ltr'><strong>borealior</strong></span> <span class='ocrx_word' id='word_1_765' title='bbox 3357 4769 3625 4838; x_wconf 89' lang='lat' dir='ltr'><strong>duarum,</strong></span> 
     </span>
    </p>
   </div>
   <div class='ocr_carea' id='block_1_107' title="bbox 2053 4853 3631 4926">
    <p class='ocr_par' dir='ltr' id='par_1_107' title="bbox 2053 4853 3631 4926">
     <span class='ocr_line' id='line_1_107' title="bbox 2053 4853 3631 4926; baseline 0.008 -19"><span class='ocrx_word' id='word_1_766' title='bbox 2053 4868 2173 4923; x_wconf 82' lang='lat' dir='ltr'><strong>quae</strong></span> <span class='ocrx_word' id='word_1_767' title='bbox 2203 4861 2332 4908; x_wconf 93' lang='lat' dir='ltr'><strong>sunt</strong></span> <span class='ocrx_word' id='word_1_768' title='bbox 2357 4854 2439 4924; x_wconf 41' lang='lat' dir='ltr'><strong>.in</strong></span> <span class='ocrx_word' id='word_1_769' title='bbox 2469 4853 2608 4926; x_wconf 88' lang='lat' dir='ltr'><strong>Equi</strong></span> <span class='ocrx_word' id='word_1_770' title='bbox 2653 4858 2834 4924; x_wconf 90' lang='lat' dir='ltr'><strong>collo,</strong></span> <span class='ocrx_word' id='word_1_771' title='bbox 2899 4859 3176 4915; x_wconf 88' lang='lat' dir='ltr'><strong>tricesima</strong></span> <span class='ocrx_word' id='word_1_772' title='bbox 3223 4859 3440 4916; x_wconf 89' lang='lat' dir='ltr'><strong>circiter</strong></span> <span class='ocrx_word' id='word_1_773' title='bbox 3481 4863 3631 4919; x_wconf 75' lang='lat' dir='ltr'><strong>hora:</strong></span> 
     </span>
    </p>
   </div>
   <div class='ocr_carea' id='block_1_108' title="bbox 2054 4941 3628 5021">
    <p class='ocr_par' dir='ltr' id='par_1_108' title="bbox 2054 4941 3628 5021">
     <span class='ocr_line' id='line_1_108' title="bbox 2054 4941 3628 5021; baseline 0.011 -28"><span class='ocrx_word' id='word_1_774' title='bbox 2054 4941 2321 5010; x_wconf 89' lang='lat' dir='ltr'><strong>particula</strong></span> <span class='ocrx_word' id='word_1_775' title='bbox 2370 4944 2673 5014; x_wconf 90' lang='lat' dir='ltr'><strong>circulum,</strong></span> <span class='ocrx_word' id='word_1_776' title='bbox 2724 4950 2817 5020; x_wconf 89' lang='lat' dir='ltr'><strong>qui</strong></span> <span class='ocrx_word' id='word_1_777' title='bbox 2863 4965 2961 5021; x_wconf 91' lang='lat' dir='ltr'><strong>per</strong></span> <span class='ocrx_word' id='word_1_778' title='bbox 2999 4949 3156 5020; x_wconf 87' lang='lat' dir='ltr'><strong>polos</strong></span> <span class='ocrx_word' id='word_1_779' title='bbox 3208 4953 3437 5020; x_wconf 87' lang='lat' dir='ltr'><strong>transit,</strong></span> <span class='ocrx_word' id='word_1_780' title='bbox 3470 4963 3628 5012; x_wconf 84' lang='lat' dir='ltr'><strong>aute-</strong></span> 
     </span>
    </p>
   </div>
   <div class='ocr_carea' id='block_1_109' title="bbox 2052 5032 2274 5091">
    <p class='ocr_par' dir='ltr' id='par_1_109' title="bbox 2052 5032 2274 5091">
     <span class='ocr_line' id='line_1_109' title="bbox 2052 5032 2274 5091; baseline 0.023 -5"><span class='ocrx_word' id='word_1_781' title='bbox 2052 5032 2274 5091; x_wconf 87' lang='lat' dir='ltr'><strong>cedens.</strong></span> 
     </span>
    </p>
   </div>
   <div class='ocr_carea' id='block_1_110' title="bbox 2125 5122 3626 5197">
    <p class='ocr_par' dir='ltr' id='par_1_110' title="bbox 2125 5122 3626 5197">
     <span class='ocr_line' id='line_1_110' title="bbox 2125 5122 3626 5197; baseline 0.014 -19"><span class='ocrx_word' id='word_1_782' title='bbox 2125 5122 2382 5189; x_wconf 87' lang='lat' dir='ltr'><strong>Quartam</strong></span> <span class='ocrx_word' id='word_1_783' title='bbox 2432 5127 2622 5184; x_wconf 89' lang='lat' dir='ltr'><strong>horam</strong></span> <span class='ocrx_word' id='word_1_784' title='bbox 2674 5130 2864 5188; x_wconf 84' lang='lat' dir='ltr'><strong>deﬁnit</strong></span> <span class='ocrx_word' id='word_1_785' title='bbox 2925 5137 3072 5192; x_wconf 89' lang='lat' dir='ltr'><strong>circa</strong></span> <span class='ocrx_word' id='word_1_786' title='bbox 3123 5140 3363 5196; x_wconf 90' lang='lat' dir='ltr'><strong>Piscium</strong></span> <span class='ocrx_word' id='word_1_787' title='bbox 3411 5142 3626 5197; x_wconf 89' lang='lat' dir='ltr'><strong>initium</strong></span> 
     </span>
    </p>
   </div>
   <div class='ocr_carea' id='block_1_111' title="bbox 2055 5215 3628 5292">
    <p class='ocr_par' dir='ltr' id='par_1_111' title="bbox 2055 5215 3628 5292">
     <span class='ocr_line' id='line_1_111' title="bbox 2055 5215 3628 5292; baseline 0.015 -27"><span class='ocrx_word' id='word_1_788' title='bbox 2055 5215 2453 5272; x_wconf 88' lang='lat' dir='ltr'><strong>australissima</strong></span> <span class='ocrx_word' id='word_1_789' title='bbox 2477 5233 2664 5274; x_wconf 90' lang='lat' dir='ltr'><strong>earum</strong></span> <span class='ocrx_word' id='word_1_790' title='bbox 2698 5238 2820 5292; x_wconf 71' lang='lat' dir='ltr'><strong>quae</strong></span> <span class='ocrx_word' id='word_1_791' title='bbox 2850 5233 2979 5280; x_wconf 89' lang='lat' dir='ltr'><strong>sunt</strong></span> <span class='ocrx_word' id='word_1_792' title='bbox 3014 5228 3069 5283; x_wconf 91' lang='lat' dir='ltr'><strong>in</strong></span> <span class='ocrx_word' id='word_1_793' title='bbox 3097 5228 3288 5285; x_wconf 85' lang='lat' dir='ltr'><strong>dextra</strong></span> <span class='ocrx_word' id='word_1_794' title='bbox 3321 5247 3482 5287; x_wconf 89' lang='lat' dir='ltr'><strong>manu</strong></span> <span class='ocrx_word' id='word_1_795' title='bbox 3514 5232 3628 5288; x_wconf 83' lang='lat' dir='ltr'><strong>An-</strong></span> 
     </span>
    </p>
   </div>
   <div class='ocr_carea' id='block_1_112' title="bbox 2053 5305 3627 5381">
    <p class='ocr_par' dir='ltr' id='par_1_112' title="bbox 2053 5305 3627 5381">
     <span class='ocr_line' id='line_1_112' title="bbox 2053 5305 3627 5381; baseline 0.013 -24"><span class='ocrx_word' id='word_1_796' title='bbox 2053 5305 2360 5381; x_wconf 74' lang='lat' dir='ltr'><strong>dromedae,</strong></span> <span class='ocrx_word' id='word_1_797' title='bbox 2393 5309 2656 5364; x_wconf 82' lang='lat' dir='ltr'><strong>vicesima</strong></span> <span class='ocrx_word' id='word_1_798' title='bbox 2685 5319 2842 5381; x_wconf 89' lang='lat' dir='ltr'><strong>parte</strong></span> <span class='ocrx_word' id='word_1_799' title='bbox 2875 5314 2987 5372; x_wconf 82' lang='lat' dir='ltr'><strong>fere</strong></span> <span class='ocrx_word' id='word_1_800' title='bbox 3024 5319 3164 5375; x_wconf 88' lang='lat' dir='ltr'><strong>citra</strong></span> <span class='ocrx_word' id='word_1_801' title='bbox 3197 5335 3320 5376; x_wconf 84' lang='lat' dir='ltr'><strong>eum</strong></span> <span class='ocrx_word' id='word_1_802' title='bbox 3360 5321 3627 5377; x_wconf 90' lang='lat' dir='ltr'><strong>circulum</strong></span> 
     </span>
    </p>
   </div>
   <div class='ocr_carea' id='block_1_113' title="bbox 2054 5377 2957 5470">
    <p class='ocr_par' dir='ltr' id='par_1_113' title="bbox 2054 5377 2957 5470">
     <span class='ocr_line' id='line_1_113' title="bbox 2054 5377 2957 5470; baseline 0.016 -22"><span class='ocrx_word' id='word_1_803' title='bbox 2054 5377 2231 5466; x_wconf 48' lang='lat' dir='ltr'><strong>p‘osila</strong></span> <span class='ocrx_word' id='word_1_804' title='bbox 2255 5435 2270 5460; x_wconf 95' lang='lat'><strong>,</strong></span> <span class='ocrx_word' id='word_1_805' title='bbox 2300 5397 2394 5468; x_wconf 91' lang='lat' dir='ltr'><strong>qui</strong></span> <span class='ocrx_word' id='word_1_806' title='bbox 2423 5414 2518 5468; x_wconf 91' lang='lat' dir='ltr'><strong>per</strong></span> <span class='ocrx_word' id='word_1_807' title='bbox 2548 5377 2705 5470; x_wconf 78' lang='lat' dir='ltr'><strong>polos</strong></span> <span class='ocrx_word' id='word_1_808' title='bbox 2743 5407 2957 5462; x_wconf 87' lang='lat' dir='ltr'><strong>transit.</strong></span> 
     </span>
    </p>
   </div>
   <div class='ocr_carea' id='block_1_114' title="bbox 2123 5487 3626 5560">
    <p class='ocr_par' dir='ltr' id='par_1_114' title="bbox 2123 5487 3626 5560">
     <span class='ocr_line' id='line_1_114' title="bbox 2123 5487 3626 5560; baseline 0.013 -20"><span class='ocrx_word' id='word_1_809' title='bbox 2123 5487 2385 5552; x_wconf 88' lang='lat' dir='ltr'><strong>Quintum</strong></span> <span class='ocrx_word' id='word_1_810' title='bbox 2444 5489 2725 5548; x_wconf 89' lang='lat' dir='ltr'><strong>horarium</strong></span> <span class='ocrx_word' id='word_1_811' title='bbox 2799 5495 3145 5554; x_wconf 85' lang='lat' dir='ltr'><strong>intervallum</strong></span> <span class='ocrx_word' id='word_1_812' title='bbox 3217 5502 3362 5558; x_wconf 89' lang='lat' dir='ltr'><strong>circa</strong></span> <span class='ocrx_word' id='word_1_813' title='bbox 3415 5503 3626 5560; x_wconf 79' lang='lat' dir='ltr'><strong>medios</strong></span> 
     </span>
    </p>
   </div>
   <div class='ocr_carea' id='block_1_115' title="bbox 2052 5576 3627 5666">
    <p class='ocr_par' dir='ltr' id='par_1_115' title="bbox 2052 5576 3627 5666">
     <span class='ocr_line' id='line_1_115' title="bbox 2052 5576 3627 5666; baseline 0.014 -35"><span class='ocrx_word' id='word_1_814' title='bbox 2052 5576 2238 5634; x_wconf 89' lang='lat' dir='ltr'><strong>Pisces</strong></span> <span class='ocrx_word' id='word_1_815' title='bbox 2271 5579 2461 5637; x_wconf 81' lang='lat' dir='ltr'><strong>deﬁnit</strong></span> <span class='ocrx_word' id='word_1_816' title='bbox 2490 5597 2576 5651; x_wconf 88' lang='lat' dir='ltr'><strong>ea,</strong></span> <span class='ocrx_word' id='word_1_817' title='bbox 2600 5600 2722 5655; x_wconf 67' lang='lat' dir='ltr'><strong>quae</strong></span> <span class='ocrx_word' id='word_1_818' title='bbox 2748 5587 2903 5643; x_wconf 91' lang='lat' dir='ltr'><strong>estin</strong></span> <span class='ocrx_word' id='word_1_819' title='bbox 2941 5592 3123 5647; x_wconf 92' lang='lat' dir='ltr'><strong>medio</strong></span> <span class='ocrx_word' id='word_1_820' title='bbox 3150 5607 3379 5666; x_wconf 86' lang='lat' dir='ltr'><strong>corpore</strong></span> <span class='ocrx_word' id='word_1_821' title='bbox 3408 5595 3627 5654; x_wconf 83' lang='lat' dir='ltr'><strong>Cassie-</strong></span> 
     </span>
    </p>
   </div>
   <div class='ocr_carea' id='block_1_116' title="bbox 2054 5675 3142 5751">
    <p class='ocr_par' dir='ltr' id='par_1_116' title="bbox 2054 5675 3142 5751">
     <span class='ocr_line' id='line_1_116' title="bbox 2054 5675 3142 5751; baseline 0.014 -27"><span class='ocrx_word' id='word_1_822' title='bbox 2054 5684 2187 5751; x_wconf 30' lang='lat' dir='ltr'><strong>plere,</strong></span> <span class='ocrx_word' id='word_1_823' title='bbox 2211 5686 2331 5742; x_wconf 67' lang='lat' dir='ltr'><strong>qua:</strong></span> <span class='ocrx_word' id='word_1_824' title='bbox 2354 5690 2384 5729; x_wconf 90' lang='lat' dir='ltr'><strong>a</strong></span> <span class='ocrx_word' id='word_1_825' title='bbox 2411 5675 2588 5747; x_wconf 87' lang='lat' dir='ltr'><strong>capite</strong></span> <span class='ocrx_word' id='word_1_826' title='bbox 2609 5677 2773 5734; x_wconf 85' lang='lat' dir='ltr'><strong>tertia</strong></span> <span class='ocrx_word' id='word_1_827' title='bbox 2803 5689 3142 5740; x_wconf 89' lang='lat' dir='ltr'><strong>numeratur.</strong></span> 
     </span>
    </p>
   </div>
  </div>
