4132 6410
493 376 634 434 1155

1482 375 1570 428 AD
1605 325 1871 431 EUSEBll
1909 373 2095 432 CHRO
2110 373 2315 433 NlCON
2355 373 2718 430 APPENDIX.

3604 377 3746 434 H56

563 491 784 546 Sextam
816 489 1005 542 horam
1029 488 1285 543 terminat
1322 490 1571 559 proxime
1603 491 1672 546 ab
1704 492 1910 547 circulo
1931 480 2059 555 isto,
2093 499 2137 554 Α

2235 491 2308 544 Τδ
2354 491 2412 544 δὲ
2457 498 2509 556 ς’
2540 491 2763 560 ὡριαῖον
2814 491 3090 562 διάστημα
3132 488 3381 562 ἀφορίζει
3432 491 3526 544 ἀπ’
3573 492 3739 546 αὐτοῦ

491 580 585 649 qui
620 594 718 649 per
737 578 1139 648 aequinoctialia
1171 586 1395 649 puncta,
1421 580 1688 651 polosque
1709 582 2059 648 describitur,

489 686 612 742 quae
646 671 946 726 summitati
986 671 1128 740 ejus,
1162 686 1284 741 quae
1319 686 1486 741 supra
1534 673 1773 729 Arietem
1802 676 1908 730 sita
1939 683 2059 740 est,

492 763 760 826 imminet,
787 769 842 817 et
871 761 1204 818 antecedens
1236 763 1543 819 lucidarum
1576 766 1762 829 trium,
1785 782 1907 836 qua:
1935 776 2063 822 sunt

491 855 548 910 in
570 855 749 925 capite
773 854 975 912 Arietis
999 874 1014 923 ;
1047 871 1170 927 quae
1198 857 1457 913 vicesima
1483 859 1703 915 circiter
1733 860 1886 916 horae
1906 867 2061 932 parte

491 947 630 1003 citra
651 947 920 1002 circulum
948 948 1180 1003 locatur.

561 1037 621 1093 In
651 1054 717 1094 eo
748 1038 1073 1110 quadrante,
1107 1041 1203 1111 qui
1235 1041 1304 1096 ab
1325 1043 1634 1114 aequinoctii
1671 1044 1823 1099 verni
1859 1051 2061 1114 puncto

493 1131 562 1185 ad
585 1133 758 1186 aestivi
792 1133 990 1203 tropici
1029 1142 1290 1204 punctum
1325 1137 1655 1206 porrigitur,
1704 1137 1944 1206 primum
1977 1137 2063 1190 in-

493 1224 779 1279 tervallum
826 1225 1106 1279 horarium
1151 1227 1410 1280 terminat
1455 1227 1791 1283 lucidissima
1838 1242 2060 1294 earum,

493 1329 615 1383 qua:
644 1321 774 1368 sunt
798 1314 856 1369 in
887 1313 1186 1385 Gorgonio,
1210 1318 1354 1386 quod
1385 1318 1608 1374 sinistra
1637 1321 1774 1390 gerit
1809 1320 2062 1376 Perseus.

566 1406 879 1461 Secundum
938 1407 1284 1462 intervallum
1332 1411 1591 1465 terminat
1637 1414 1786 1467 circa
1845 1412 2063 1466 initium

495 1496 659 1552 Tauri
688 1497 991 1555 succedens
1038 1501 1207 1554 trium
1264 1499 1470 1557 directa
1517 1503 1659 1558 serie
1705 1505 2004 1574 positarum
2034 1520 2065 1560 e

493 1589 736 1661 quinque
768 1591 960 1658 stellis,
993 1607 1114 1662 quae
1146 1593 1293 1648 circa
1323 1593 1573 1650 dextrum
1605 1595 1790 1651 Persei
1823 1612 1987 1667 genu.

564 1676 734 1734 Tertii
760 1679 1029 1735 intervalli
1059 1682 1217 1739 limes
1244 1693 1327 1739 est
1355 1677 1502 1738 circa
1533 1684 1771 1739 medium
1796 1684 2062 1750 Taurum,

492 1785 679 1838 earum
721 1787 844 1842 qua:
869 1783 997 1828 sunt
1025 1774 1080 1828 in
1111 1775 1283 1844 pelle,
1315 1791 1478 1846 quam
1510 1778 1678 1833 Orion
1721 1777 1946 1833 sinistra
1979 1785 2061 1832 te-

2165 584 2395 652 ἔγγιστα
2429 582 2522 635 τοῦ
2554 583 2640 636 διὰ
2687 582 2795 636 τῶν
2837 581 3165 653 ἰσημερινῶν
3208 581 3448 652 σημείων
3497 582 3591 634 καὶ⁴
3628 583 3742 634 τῶν

2165 676 2344 729 πόλων
2373 675 2722 746 γραφομένου
2767 672 2990 737 κύκλου,
3025 674 3124 725 οὐκ
3156 672 3236 724 ἔτι
3282 673 3327 704 ³³
3358 673 3457 742 τῆς
3495 672 3740 742 κορυφῆς

2149 767 2414 838 κείμενος
2436 765 2529 818 τοῦ
2560 765 2699 838 ὑπὲρ
2726 765 2816 818 τὸν
2841 764 3009 835 Κριὸν
3040 763 3313 904 ῖμένου,
3344 765 3372 816 6
3403 763 3459 814 δὲ
3495 763 3541 794 ⁸⁵
3573 763 3737 834 ἡγού-

2168 872 2327 904 αενος
2354 854 2462 904 τῶν
2505 855 2562 904 ὲν
2611 857 2674 904 τῆ
2707 853 2913 904 κεφαλῆ
2951 851 3043 904 τοῦ
3136 851 3248 904 moi?
3281 857 3329 904 γ’
3363 851 3649 904 λαμπρῶν.
3680 853 3737 904 ὃς

3015 871 3043 904 υ

2167 872 2327 925 μενος
2354 854 2462 908 τῶν
2505 855 2562 908 ὲν
2611 857 2676 926 τῇ
2707 853 2915 924 κεφαλῇ
2951 851 3043 904 τοῦ
3078 851 3248 924 Κριοῦ
3281 857 3329 920 γ’
3363 851 3649 922 λαμπρῶν,
3680 853 3739 916 ὃς

2163 947 2404 1000 είκοστὸν
2441 945 2603 1017 μέρος
2631 946 2778 1018 ὧρας
2811 945 3162 999 ὑπολείπεται
3189 946 3282 999 καὶ
3315 945 3409 999 τοῦ
3445 947 3663 1000 κύκλου.

2235 1038 2357 1092 Τῶν
2400 1039 2459 1092 δὲ
2507 1037 2710 1109 μεταξὺ
2746 1035 2838 1090 τοῦ
2886 1037 3200 1108 ίσημερινοῢ
3249 1038 3345 1091 καὶ
3384 1037 3476 1090 τοῦ
3527 1037 3754 1108 θερινοῦ-

2166 1131 2395 1204 σημείου
2426 1131 2486 1196 ἐξ
2508 1131 2748 1201 ὼριαίων
2774 1131 3154 1202 διαστημάτων
3185 1130 3243 1183 τὺ
3267 1131 3365 1201 μὲν
3394 1137 3440 1183 α’
3464 1131 3738 1204 διάστημα

2166 1223 2414 1296 ἀφορίζει
2463 1225 2490 1276 6
2537 1223 2916 1294 λαμπρότατος
2949 1222 3056 1276 τῶν
3099 1224 3156 1275 ὲν
3203 1221 3280 1294 τῷ
3326 1224 3559 1296 γονατίῳ
3607 1226 3674 1290 ⁸⁵,
3709 1226 3736 1278 ὃ

2165 1312 2276 1384 ἔχει
2310 1314 2338 1365 6
2376 1312 2618 1383 Περσεὺς
2651 1313 2707 1364 ὲν
2733 1314 2799 1383 τῇ
2829 1312 3091 1383 ἀριστερᾷ
3115 1311 3278 1382 χειρί.

2237 1404 2310 1456 Τὸ
2357 1403 2413 1456 δὲ
2465 1403 2507 1473 β’
2552 1403 2827 1473 διάστημα
2876 1403 3098 1474 ὡριαῖον
3161 1402 3410 1474 ἀφορίζει
3463 1404 3592 1475 περὶ
3635 1405 3737 1476 τὴν

2165 1492 2338 1563 ἀρχὴν
2365 1491 2457 1545 τοῦ
2505 1492 2719 1562 Ταύρου
2755 1492 2852 1546 τοῦ
2887 1492 3139 1562 Περσέως
3171 1493 3279 1545 τῶν
3310 1494 3437 1564 περὶ
3462 1493 3523 1546 τὸ
3566 1493 3736 1560 δεξιὸν

2165 1585 2293 1653 γόνυ
2324 1591 2364 1636 ε’
2396 1584 2640 1656 ἀστέρων
2682 1586 2710 1637 6
2753 1585 3016 1655 ἑπόμενος
3048 1584 3154 1638 τῶν
3185 1586 3272 1637 ἐπ’
3307 1587 3520 1650 εὐθείας
3545 1587 3732 1659 τριῶν.

2236 1676 2310 1729 Τὸ
2353 1676 2410 1729 δὲ
2444 1683 2493 1744 γ’
2520 1677 2740 1748 ὼριαῖον
2785 1677 3059 1746 διάστημα
3104 1677 3352 1746 ἀφορίζει
3390 1679 3520 1749 περὶ
3571 1681 3735 1750 μέσον

2164 1768 2254 1822 τὸν
2287 1767 2497 1840 Ταῦρον
2526 1768 2633 1821 τῶν
2665 1770 2722 1822 ἐν
2749 1771 2815 1840 τῇ
2843 1769 2992 1840 δορᾷ,
3029 1769 3095 1839 ἣν
3137 1768 3248 1839 ἔχει
3280 1772 3309 1824 ὁ
3349 1772 3540 1842 Ὠρίων
3578 1773 3635 1825 ἐν
3667 1776 3732 1845 τῇ

492 1871 606 1927 net,
640 1870 865 1933 quarta,
892 1873 948 1920 et
977 1843 1228 1936 septima.
1278 1843 1412 1921 Item
1458 1867 1741 1936 splendida
1770 1868 1829 1922 in
1863 1868 2059 1924 mediis
2095 1843 2135 1896 Β

2161 1860 2422 1932 ἀριστερᾷ
2469 1861 2634 1932 χειρὶ,
2675 1863 2703 1914 6
2743 1861 2783 1914 δ’
2827 1862 2920 1914 καὶ
2949 1863 2976 1914 6
3016 1860 3080 1926 ζ’,
3114 1861 3207 1915 καὶ
3239 1861 3332 1916 τοῦ
3363 1863 3576 1935 Ταύρου
3604 1867 3632 1917 6
3677 1843 3734 1918 ἐν

477 1951 660 2028 ,Τουτὶ
712 1955 974 2011 cornibus
1012 1996 1028 2022 ,
1099 1973 1221 2028 qua;
1271 1973 1395 2013 cum
1441 1959 1640 2016 lucidis
1693 1968 2062 2017 extremorum

491 2059 762 2102 cornuum
823 2046 1158 2119 triangulum
1221 2051 1612 2121 propemodum
1683 2053 2062 2124 aequilaterum

492 2134 640 2192 facit.

561 2228 821 2294 Quartam
850 2232 1040 2286 horam
1073 2232 1262 2288 deﬁnit
1290 2233 1436 2288 circa
1468 2233 1820 2290 Geminorum
1846 2236 2062 2290 initium

491 2319 793 2374 succedens
832 2335 1154 2390 parvarum,
1202 2329 1255 2377 et
1301 2323 1606 2378 lucidarum
1645 2327 1911 2390 duarum,
1942 2343 2064 2397 qua:

489 2415 640 2464 recto
665 2423 837 2464 cornu
867 2410 934 2464 ad
961 2412 1228 2467 orientem
1259 2413 1314 2468 in
1354 2414 1621 2468 directum
1665 2416 1856 2485 positae
1881 2423 2013 2471 sunt
2045 2434 2058 2471 :

475 2515 611 2570 qua
638 2513 693 2557 et
723 2501 780 2555 in
815 2500 1038 2559 Orionis
1068 2505 1377 2572 collorobo,
1411 2521 1476 2561 ac
1508 2507 1796 2563 borealiori
1826 2509 2063 2565 termino

469 2597 638 2646 sunt.
685 2590 941 2648 Proxime
990 2611 1118 2650 vero
1155 2608 1404 2667 quartam
1441 2599 1630 2654 horam
1659 2601 1920 2657 terminat
1964 2617 2061 2656 au-

469 2680 709 2736 ~stralior
739 2681 1044 2739 lucidarum
1091 2685 1356 2755 duarum,
1404 2705 1525 2760 qua:
1558 2700 1687 2747 sunt
1737 2693 1794 2748 in
1833 2691 2060 2764 Leporis

470 2774 668 2829 amedio
695 2789 944 2847 corpore.

559 2950 823 3019 Quintum
856 2954 1135 3011 horarium
1189 2959 1428 3029 spatium
1465 2962 1724 3016 terminat
1765 2964 1911 3018 circa
1942 2978 2058 3019 me-

469 3041 612 3098 adios
641 3041 900 3100 Geminos
940 3045 1242 3102 lucidarum
1292 3050 1458 3104 trium
1484 3091 1500 3119 ,
1552 3067 1675 3123 quae
1718 3053 1774 3108 in
1830 3054 2061 3124 genibus

473 3143 618 3189 rsunt
642 3134 1032 3207 Geminorum,
1087 3142 1301 3210 media;
1361 3158 1482 3213 quae
1514 3144 1795 3199 tricesima
1839 3145 2062 3200 circiter

472 3223 639 3281 daora:
666 3235 820 3297 parte
850 3230 1107 3298 praecedit
1133 3232 1400 3288 circulum
1443 3249 1540 3304 per
1570 3235 1729 3306 polos
1764 3243 2061 3292 transeun-

472 3323 633 3382 tem,
679 3331 892 3374 necnon
925 3319 1107 3376 lucida
1139 3307 1502 3392 posteriorum
1530 3322 1698 3380 Canis
1732 3325 1954 3395 pedum.

2167 1952 2353 2021 μέσοις
2399 1955 2512 2015 τοῖς
2558 1953 2782 2024 κέρασιν
2831 1951 3091 2025 ἐκφανὴς,
3148 1953 3462 2027 ἰσόπλευρον
3509 1956 3738 2024 ἔγγιστα

2164 2042 2426 2114 τρίγωνον
2474 2043 2644 2098 ποιῶν
2689 2043 2828 2114 μετά
2873 2043 2984 2099 τῶν
3032 2045 3090 2097 ἐν
3140 2044 3331 2116 ἄκροις
3373 2049 3485 2112 τοῖς
3539 2049 3736 2120 κέρασι

2065 2147 2076 2156 ’
2164 2134 2452 2208 λαμπρῶν.

2233 2229 2310 2282 Τὸ
2352 2228 2407 2281 δὲ
2436 2228 2477 2282 δ’
2505 2228 2728 2300 ὡριαῖον
2759 2227 3031 2298 διάστημα
3065 2229 3312 2300 ἀφορίζει
3346 2230 3474 2300 περὶ
3500 2230 3600 2301 τὴν
3635 2233 3736 2302 ἀρ-

2163 2319 2264 2390 χὴν
2297 2318 2404 2374 τῶν
2431 2319 2701 2391 Διδύμων,
2731 2321 2824 2375 τοῦ
2859 2323 3072 2394 Ταύρου
3095 2323 3202 2376 τῶν
3235 2325 3320 2376 ἐπ’
3347 2323 3560 2386 εὐθείας
3584 2324 3737 2394 ἄκρῳ

2162 2411 2239 2482 τῷ
2262 2411 2418 2482 δεξιῷ
2454 2411 2644 2482 κέρατι
2673 2413 2810 2484 πρὸς
2835 2414 3099 2478 ἀνατολὰς
3134 2415 3401 2485 κειμένων
3433 2415 3476 2485 β’
3505 2415 3734 2486 μικρῶν,

2162 2501 2257 2554 καὶ
2284 2501 2535 2568 ἑκφανῶν
2565 2501 2733 2554 ὄντων
2785 2503 3124 2575 ἀστερίσκων
3162 2505 3191 2556 6
3228 2503 3490 2574 ἑπόμενος
3523 2504 3699 2556 αὐτῶν
3720 2521 3734 2534 ·

2161 2593 2301 2648 είσὶν
2325 2593 2382 2646 δὲ
2409 2586 2554 2647 οὗτοι
2600 2595 2694 2648 καὶ
2729 2596 2788 2650 ὲν
2819 2595 2896 2666 τῷ
2946 2595 3247 2668 κολλοϐόρῳ
3269 2597 3315 2628 ’⁸
3353 2595 3447 2648 τοῦ
3491 2596 3741 2667 Ὠρίωνος

2163 2685 2256 2738 ἐπὶ
2301 2684 2395 2738 τοῦ
2447 2685 2785 2759 βορειοτέρου
2834 2687 3104 2759 πέρατος·
3159 2687 3388 2755 ἔγγιστα
3443 2687 3503 2741 δὲ
3552 2687 3649 2759 τὴν
3694 2687 3738 2741 δ’

2162 2775 2413 2847 ἀφορίζει
2438 2777 2533 2831 καὶ
2573 2777 2667 2830 τοῦ
2710 2776 2938 2846 Λαγωοῢ
2964 2779 2992 2831 6
3018 2776 3335 2849 νοτιώτερος
3364 2777 3474 2832 τῶν
3499 2779 3558 2832 ὲν
3588 2778 3741 2852 μέσῳ

2161 2868 2239 2940 τῷ
2269 2868 2482 2940 σώματι
2513 2868 2556 2940 β’
2582 2868 2873 2939 λαμπρῶν.

2232 2961 2307 3015 Τὸ
2346 2961 2404 3014 δὲ
2443 2967 2484 3014 ε’
2513 2963 2736 3033 ὡριαϊον
2780 2962 3055 3033 διάστημα
3097 2962 3347 3035 ἀφορίζει
3378 2963 3506 3035 περὶ
3540 2961 3737 3033 μέσους

2160 3055 2287 3118 τοὺς
2315 3052 2578 3125 Διδύμους
2609 3053 2719 3109 τῶν
2748 3054 2994 3126 Διδύμων
3026 3055 3055 3108 6
3085 3054 3250 3127 μέσος
3285 3057 3395 3108 τῶν
3423 3055 3480 3106 ὲν
3509 3057 3619 3118 τοῖς
3648 3053 3738 3121 γό-

2088 3192 2131 3250 c
2162 3162 2285 3199 νασι
2330 3144 2379 3214 γ’
2417 3145 2706 3217 λαμπρῶν,
2739 3145 2816 3209 ὡς
2847 3143 2891 3198 λ’
2921 3145 3088 3218 μέρος
3127 3143 3278 3247 ὧρας
3330 3145 3738 3250 προηγούμενος

2166 3235 2260 3289 τοῦ
2297 3235 2386 3290 διά
2405 3236 2515 3290 τῶν
2555 3237 2734 3291 πόλων
2765 3236 2986 3304 κύκλου,
3020 3237 3115 3290 καὶ
3145 3235 3242 3290 τοῦ
3282 3236 3455 3300 Κυνὸς
3485 3237 3514 3288 6
3542 3237 3599 3290 ὲν
3625 3237 3737 3299 τοῖς

2097 3320 2107 3341 ’
2167 3327 2436 3393 ὀπισθίοις
2465 3329 2594 3382 ποσὶ
2624 3329 2891 3401 λαμπρός.

548 3470 609 3502 “·⁹³
630 3472 811 3530 (ἔστιό
833 3477 946 3535 ἐπί.
1019 3477 1068 3510 ⁸⁸
1093 3478 1134 3548 f.
1159 3479 1188 3533 6
1213 3494 1293 3533 τε.
1370 3476 1419 3511 ⁸⁵
1450 3477 1492 3547 f.
1525 3477 1817 3550 Γοργονίῳ.
1882 3481 1930 3513 ⁸⁸
1958 3479 2001 3550 f.
2029 3479 2370 3554 Κολλορόδῳ.

1435 3808 2780 3948 ΕΡΑΤΟΣΘΕΝΟΥΣ

1756 4043 1863 4097 EN
1885 4045 2083 4114 ΔΛΛῼ
2119 4045 2484 4099 ΙηΠΑΡΧοΥ

1306 4203 1480 4293 ΕΙΣ
1515 4196 1661 4292 ΤΑ
1694 4197 2134 4322 ΑΡΑΤΟΥ⁴
2181 4202 2861 4298 ΦΑΙΝΟΜΕΝΑ.

1551 4472 2648 4589 ERATOSTHENIS

1753 4692 1992 4756 ALIAS
2033 4691 2467 4758 HlPPARCHI

1273 4872 1426 4964 AD
1495 4872 1856 4967 ARATI
1949 4859 2943 4970 PHAENOMENAW.

559 5130 718 5204 142
759 5130 798 5188 l.
855 5129 1247 5202 Apparentium
1293 5133 1698 5196 enarrationem
1758 5136 2046 5196 instituere
2082 5147 2128 5198 D

2224 5143 2302 5197 A'.
2347 5141 2456 5213 Τὴν
2489 5143 2590 5209 μὲν
2620 5143 2784 5212 δεῖξιν
2806 5145 2916 5200 τῶν
2938 5147 3275 5220 φαινομένων
3299 5150 3416 5206 δέον
3457 5145 3738 5210 ποιεῖσθαι

483 5224 565 5280 sic
595 5228 825 5293 oportet,
853 5229 914 5275 ut
941 5220 1009 5275 ad
1031 5219 1311 5276 meridiem
1333 5221 1568 5278 obversa
1596 5225 1810 5294 sphaera
1834 5266 1850 5292 ,
1883 5242 2056 5299 oppo-

2159 5232 2290 5303 πρὸς
2313 5233 2390 5303 τῷ
2409 5233 2566 5302 νότῳ,
2585 5235 2772 5300 ἀντίας
2799 5237 2991 5308 ἔχοντα
3013 5219 3111 5304 τὰς
3129 5243 3414 5312 Ἀρκτους,
3453 5244 3601 5310 δεξιά
3626 5247 3726 5310 τὰς

479 5317 604 5372 sita:
633 5315 935 5370 habeantur
957 5310 1128 5378 Ursae,
1152 5320 1308 5370 ortus
1334 5314 1404 5370 ad
1423 5314 1669 5380 dextram
1703 5319 1796 5382 sit,
1821 5333 2052 5376 occasus

2159 5320 2438 5385 ἀνατολὰς,
2468 5323 2778 5395 εὐωνύμους
2823 5327 2879 5380 δὲ
2919 5329 3018 5393 τὰς
3061 5310 3262 5397 δύσεις.
3325 5333 3386 5387 Ἡ
3421 5335 3479 5388 δὲ
3523 5337 3726 5408 φυσικὴ

481 5404 554 5459 ad
579 5404 878 5460 sinistram.
899 5400 1174 5459 Naturalis
1196 5417 1360 5473 porro
1384 5405 1611 5476 Sphazra:
1631 5408 1822 5462 mundi
1845 5409 2052 5478 positus

2159 5410 2301 5475 θέσις
2336 5413 2435 5484 τῆς
2469 5413 2704 5486 σφαίρας
2754 5417 2848 5471 τοῦ
2891 5421 3096 5493 κόσμου
3132 5427 3249 5479 ἐστὶ
3291 5400 3545 5498 τοιαύτη,
3581 5400 3724 5482 ὥστε

482 5502 566 5551 est
596 5494 892 5564 ejusmodi,
933 5503 993 5548 ut
1039 5494 1095 5548 in
1144 5495 1358 5564 tropico
1386 5497 1576 5552 astivo
1626 5499 2054 5555 culminetCan-

2159 5500 2294 5572 ἔχειν
2340 5506 2774 5576 μεσουρανοῦντα
2802 5512 3073 5582 Καρκίνον
3100 5517 3192 5573 ἐπὶ
3221 5517 3314 5570 τοῦ
3349 5494 3560 5590 θερινοῦ
3599 5537 3723 5590 τρο-

481 5599 607 5652 cer;
643 5585 823 5641 Chelas
855 5587 910 5639 in
957 5586 1324 5656 aequinoctiali
1374 5589 1742 5661 horoscopum
1787 5595 2046 5660 teneant;

2159 5594 2338 5664 πικοῦ,
2368 5597 2691 5666 ἀνατολικάς
2720 5602 2905 5674 Χηλὰς
2949 5605 3041 5659 ἐπὶ
3080 5607 3172 5662 τοῦ
3212 5585 3548 5682 ίσημερίνοῢ,
3577 5585 3721 5666 δυ’-ιι-

553 5738 664 5809 (74)
698 5738 1206 5812 Pseudepigraphus
1243 5742 1332 5800 hic
1367 5743 1618 5811 libellus;
1647 5761 1775 5802 nam
1807 5746 2060 5804 neutrius
2097 5758 2200 5806 est.
