4132 6410
467 378 603 428 1157

1486 374 1766 431 INCERTI
1801 374 1893 430 AD
1931 372 2140 428 ARATI
2178 373 2650 433 PHENOMENA.‘

3571 375 3709 432 “38

465 489 561 544 κὸν
605 488 792 562 Κριὸν,
838 489 1140 562 Δράκοντος
1185 489 1425 562 κεφαλὴν
1469 491 1607 564 πρὸς
1655 493 1733 565 τῷ
1778 493 2035 565 ὁρίζοντι.

2138 495 2298 552 Aries
2348 499 2405 550 in
2455 493 2741 550 occidente
2784 498 3068 560 versetur;
3116 487 3382 550 Draconis
3425 503 3588 565 caput
3632 495 3711 550 in-

465 581 784 655 Περιέχεται
833 582 890 636 δὲ
933 583 1037 637 ὑπὸ
1084 583 1178 636 τοῦ
1203 584 1494 656 ὁρίζοντος.
1545 586 1608 640 Ἡ
1653 587 1711 640 δὲ
1756 589 1898 642 κατά
1938 589 2039 661 τὴν

465 677 632 747 ὲξήγη
642 693 724 729 σιν
747 675 893 739 θέσις
906 675 1014 730 τῶν
1029 677 1085 730 'A
1095 679 1256 749 ράτου
1269 678 1646 748 Φαινομένων·
1658 682 1775 735 ἐστὶ
1792 682 2038 754 τοιαύτη,

467 769 594 824 ὥστ’
633 769 776 839 ἔχειν
811 769 1246 842 μεσουρανοῦντα
1279 772 1590 845 Αίγόκερων
1617 774 1710 828 ἐπὶ
1736 773 1830 828 τοῦ
1852 792 2039 846 χειμε-

469 861 614 932 ρινοῦ
661 861 942 932 τροπικοῦ,
987 863 1300 918 ἀνατολικὸν
1331 863 1499 936 Κριὸν
1527 865 1620 918 ἐπὶ
1661 865 1756 919 τοῦ
1788 866 2038 938 ἰσημερι-

463 953 578 1017 νοῦ,
607 952 828 1016 δυτικάς
854 953 1060 1024 Χηλὰς,
1111 955 1416 1026 Δράκοντος
1454 956 1694 1030 κεφαλὴν
1741 957 1854 1014 ἀνω
1899 958 2038 1029 πρὸς

463 1045 540 1117 τῷ
571 1045 826 1118 ὁρίζοντι,
856 1046 992 1099 ὅπου

463 1159 794 1229 Μίσςηονται
830 1156 1038 1224 δύσιές
1091 1175 1156 1214 τε
1183 1159 1282 1213 καί
1312 1159 1561 1215 ἀντολαὶ
1583 1160 1954 1232 ἀλλήλῃσιν.

466 1273 621 1342 Ἔχει
667 1272 725 1326 δὲ
773 1271 868 1324 καὶ¹
923 1271 1118 1336 πόλους
1153 1270 1278 1325 δύο·
1332 1273 1592 1347 ἀρκτικὸν
1619 1273 1744 1328 ὅλον.
1795 1273 2043 1330 τοιοῦτον·
2116 1279 2117 1282 ’

467 1363 759 1435 μετέωρον,
807 1363 899 1417 τὸν
945 1363 1038 1416 καὶ
1077 1362 1286 1434 βόρειον
1330 1365 1638 1436 λεγόμενονο
1675 1366 2034 1438 ἀνταρκτικὸν

461 1455 519 1508 δὲ
547 1456 604 1508 ὲν
637 1453 716 1525 τῷ
740 1456 958 1524 ἀφανεῖ,
981 1453 1072 1508 τὸν
1102 1456 1194 1508 καὶ
1224 1455 1396 1509 νότιον
1423 1456 1732 1527 λεγόμενον.
1783 1458 1936 1528 Ἔχει
1978 1457 2036 1513 δὲ

463 1546 694 1611 κύκλους
744 1547 1014 1618 μεγάλους
1058 1546 1330 1618 τέσσαρας
1384 1548 1553 1618 χωρὶς
1600 1548 1695 1602 τοῦ
1739 1549 2032 1620 ὁρίζοντος,

462 1641 586 1694 ἐπεὶ
613 1641 932 1711 προείρηται
966 1639 1064 1711 μὲν
1091 1639 1228 1709 ἔχων
1271 1640 1660 1713 μεσημϐρινὸν,
1697 1642 2031 1714 ἰσημερινὸν,

462 1731 747 1797 ζωδιακὸν,
787 1731 1082 1802 γαλαξίανο
1134 1731 1449 1802 ἐλαχίστους
1495 1731 1554 1785 δὲ
1585 1732 1887 1805 τέσσαρας·
1930 1735 2032 1804 ἀρ-

461 1824 666 1890 κτικὸν,
711 1823 830 1878 ὅλον
877 1824 1170 1895 μετέωρον,
1209 1824 1292 1892 ἐφ’
1323 1815 1371 1892 ᾧ
1409 1826 1830 1896 κατεστήρικται
1868 1825 2034 1890 ζὼδια
2063 1829 2112 1884 Β.

458 1915 732 1988 τέσσαρα,
779 1915 1004 1986 Ἀρκτοι
1058 1915 1172 1979 δύο,
1220 1915 1446 1985 Κηφεὺς
1483 1914 1591 1968 ἀπὸ
1633 1915 1743 1970 τῶν
1797 1916 2030 1988 στηθῶν,

459 2009 718 2082 Δράκωνο
770 2006 981 2078 θερινὸν
1027 2005 1305 2078 τροπικὸν,
1348 2006 1532 2060 πλεῖον
1577 2007 1768 2078 ἔχοντα
1794 2008 1853 2062 τὸ
1891 2009 2033 2081 ὑπὲρ

457 2101 584 2171 γῆν,
611 2096 778 2172 ἧσσον
809 2098 867 2152 δὲ
902 2099 964 2152 τὸ
1011 2098 1114 2152 ὑπὸ
1146 2097 1270 2168 γῆν,
1297 2099 1382 2167 ἐφ’
1406 2093 1450 2167 ᾧ
1475 2101 1899 2172 κατεστήρικται
1929 2100 2033 2165 ζώ-

458 2193 544 2246 δια
568 2198 639 2264 η’,
674 2191 912 2260 Βοώτης,
941 2190 1230 2259 Στέφανος,
1269 2189 1358 2242 Ἐν
1378 2189 1652 2258 γούνασιν,
1683 2190 1859 2263 Λύρα,
1883 2193 2034 2244 Κασ-

461 2284 696 2348 σιέπεια,
733 2283 1210 2355 Ἦνίοχος,¹’ορνις,
1236 2281 1497 2355 Περσεύς.
1544 2279 1604 2336 ’0
1641 2281 1697 2334 δὲ
1725 2281 2032 2354 χειμερινὸς

457 2375 716 2446 τροπικὸς
742 2375 922 2427 πλεῖον
947 2373 1058 2445 ἔχει
1093 2374 1152 2428 τὸ
1193 2374 1298 2426 ὑπὸ
1321 2375 1443 2445 γῆν,
1471 2367 1638 2445 ἧσσον
1683 2373 1740 2426 δὲ
1776 2373 1837 2426 τὸ
1890 2373 2032 2446 ὑπὲρ

457 2468 560 2538 γῆν
581 2483 606 2498 ἰ
645 2466 731 2536 ἐφ’
785 2459 831 2534 ᾧ
873 2458 1296 2537 κατηστέρισται
1354 2465 1521 2530 ζώδια
1578 2471 1664 2530 ς’·
1725 2465 2029 2538 Ἠριδανὸς,

471 2557 669 2632 Ἀργὼ,
701 2558 1031 2629 Κένταυρος,
1063 2558 1147 2629 ἐφ’
1174 2552 1219 2627 ᾧ
1261 2559 1479 2631 Θηρίον,
1521 2557 1804 2630 Θυτήριον,
1861 2556 2032 2628 Ἰχθὺς

460 2649 633 2720 μέγας
660 2649 834 2714 νότιος
871 2650 1100 2722 ἀφανής.

539 2849 597 2904 '0
625 2849 682 2904 δὲ
717 2850 1030 2922 ίσημερινὸς
1073 2849 1270 2914 κύκλος
1317 2847 1430 2905 ἴσον
1468 2849 1581 2922 ἔχει
1629 2850 1690 2904 τὸ
1737 2849 1877 2924 ὑπὲρ
1925 2851 2032 2922 γῆν

458 2943 555 2998 καὶ
594 2943 656 2996 τὸ
699 2943 803 2996 ὑπὸ
845 2942 969 3013 γῆν,
1005 2943 1089 3012 ἐφ’
1141 2935 1186 3010 ᾧ
1229 2943 1649 3014 κατηστέρισται
1718 2939 1884 3007 ζώδια
1926 2943 2027 3013 ιβι.

460 3034 673 3101 Ἵππος,
715 3034 1012 3105 Ὀφιοῦχος,
1048 3036 1132 3105 ἐφ’
1159 3026 1204 3104 ᾧ
1232 3036 1414 3104 Ὄφις,
1450 3035 1664 3105 ’Υδρος,
1701 3033 1785 3104 ἐφ’
1818 3027 1862 3102 ᾧ
1897 3051 2030 3086 κατ-

457 3125 772 3199 ηστέρισται
797 3127 1044 3198 Κρατὴρ,
1064 3126 1266 3196 Κόραξ,
1282 3125 1564 3198 Προκύων,
1598 3123 1796 3189 Ἀετὸς,
1814 3125 2029 3194 Δελφὶς,

471 3176 1357 3290 agis;"‘~oe;;;;';‘;;;;,;;s;
1373 3176 2028 3288 ’ἐᾷᾁὲρᾉμέδαζλαγυᾷδξζ
2057 3176 2100 3235 C

457 3313 660 3382 Κῆτος,
711 3311 894 3376 Κύων,
937 3305 1231 3365 ὦστέἶναι
1271 3308 1343 3363 τὰ
1389 3308 1566 3364 πάντα
1614 3306 1780 3373 ζώδια
1831 3309 2034 3361 εἰκοσι-

455 3403 585 3468 τρία
634 3403 712 3436 ⁵⁷·
747 3402 917 3473 χωρὶς
960 3400 1071 3454 τῶν
1128 3401 1414 3472 ἐπισήμων
1449 3401 1508 3455 ὲν
1557 3400 1738 3464 αὐτοῖς
1786 3398 2032 3470 ἀστέρων

458 3493 970 3564 κατηστερισμένων
1003 3499 1075 3562 η’,
1105 3485 1216 3545 οἷον
1249 3491 1341 3544 ἐπὶ
1372 3489 1466 3544 τοῦ
1519 3489 1729 3545 Βοώτου
1777 3488 2033 3562 Ἀρκτοῦ-

461 3601 571 3654 ρος,
607 3584 700 3638 ἐπὶ
722 3583 813 3637 τοῦ
869 3582 1114 3653 Ἡνιόχου
1155 3579 1257 3646 Αῐξ
1299 3598 1361 3634 τε
1405 3580 1500 3635 καὶ
1526 3581 1765 3652 Ἐριφοι,
1811 3579 1905 3632 ἐπὶ
1935 3578 2038 3632 τοῦ.

459 3676 671 3749 Ταύρου
701 3675 976 3740 Πλειάδες,
1009 3674 1228 3738 Ὑάδες·
1253 3673 1346 3728 ἐπὶ
1377 3673 1478 3743 τῆς
1503 3672 1779 3743 Παρθένου
1799 3670 2028 3741 Στάχυς,

459 3770 891 3842 Προτρυγητήρο
933 3767 1046 3839 ἐπὶ,
1060 3766 1164 3822 τοῦ.
1206 3765 1381 3830 Κυνὸς
1421 3765 1652 3838 Σείριος,
1713 3765 1808 3820 καὶ
1836 3764 1890 3818 εἴ
1911 3781 2036 3818 τινα.

457 3861 666 3924 τούτοις
700 3861 880 3930 ὅμοια.

541 3953 599 4006 ⁸0
626 3953 682 4005 δὲ
709 3952 968 4017 ζωδιακὸς
1001 3951 1202 4016 κύκλος
1245 3951 1357 4023 ἔχει
1403 3950 1568 4016 ζώδια
1605 3950 1704 4022 ιβ”
1733 3951 2030 4024 Καρκίνον,

459 4045 681 4108 Λέοντα,
709 4044 1003 4115 Παρθένον,
1047 4043 1254 4115 Χηλὰς,
1296 4044 1324 4096 ὃ
1357 4046 1470 4096 ἐστι
1514 4044 1705 4112 Ζυγὸς,
1742 4043 2030 4115 Σκορπίον,

460 4133 726 4205 Τοξότην,
781 4134 1125 4205 Αίγόκερων,
1186 4135 1502 4205 ’Υδροχόον,
1553 4135 1792 4204 Ἰχθύας,
1840 4135 2030 4208 Κριὸν,

459 4227 704 4298 Ταῦρον,
753 4225 1056 4297 Διδύμους·
1123 4224 1264 4278 ὥστε
1325 4221 1466 4279 εἶναι
1515 4225 1584 4280 τὰ
1637 4226 1815 4281 πάντα
1868 4225 2030 4292 ζώδια

458 4336 650 4464 κγΕἰσὶ
674 4410 730 4464 δὲ
770 4409 864 4462 καὶ
898 4408 1164 4480 πλάνητες
1198 4409 1426 4482 ἀστέρες
1456 4409 1625 4481 χωρὶς
1656 4407 1806 4480 ἡλίου
1835 4426 1896 4463 τε
1938 4410 2030 4463 καὶ

2139 588 2361 642 cumhat
2389 584 2683 641 horizonti.
2726 582 2842 638 Hoc
2893 583 3038 639 enim
3068 583 3138 638 ab
3165 584 3447 639 horizoute
3473 585 3710 641 circum-

2139 679 2418 734 scribitur.
2472 677 2672 734 Verum
2715 675 2806 730 hic
2843 675 2899 730 in
2927 678 3262 746 exponendis
3289 677 3443 733 Arati
3475 677 3708 734 Pluma-

2138 771 2306 824 mem‘s
2337 768 2562 840 sphaera:
2603 768 2822 838 positus
2865 768 3227 834 observatur,
3268 775 3329 824 ut
3367 771 3424 824 in
3479 771 3708 827 hiberno

2136 861 2350 932 tropico
2393 860 2658 915 culminet
2692 859 3088 930 Capricornus;
3140 860 3197 916 in
3231 862 3593 932 aequinoctiali
3636 864 3708 920 ad

2135 960 2317 1009 ortum
2348 953 2419 1008 sit
2451 952 2640 1017 Aries;
2671 953 2739 1007 ad
2777 967 3038 1008 occasum
3066 953 3282 1020 Chelaa;
3325 953 3588 1012 Draconis
3617 972 3708 1011 ca-

2135 1054 2235 1116 put
2265 1061 2430 1117 supra
2457 1046 2796 1100 horizontem
2823 1045 3112 1116 respiciat;
3149 1046 3243 1100 ubi

2245 1157 2541 1214 Miscentur
2562 1157 2799 1224 occasus,
2822 1166 2871 1211 et
2897 1166 3044 1212 ortus
3062 1158 3302 1216 invicem.

2137 1294 2310 1351 Habet
2355 1303 2410 1352 et
2445 1295 2600 1367 polos
2645 1302 2786 1354 duos
2821 1319 2834 1356 :
2879 1300 3174 1362 arcticum,
3215 1298 3308 1370 qui
3351 1305 3500 1368 totus
3530 1301 3704 1358 subli-

2135 1389 2240 1444 mis
2263 1395 2366 1453 est,
2391 1403 2456 1443 ac
2486 1389 2687 1446 bereus
2707 1391 2874 1446 etiam
2917 1393 3257 1463 appellatur;
3301 1394 3658 1450 antarcticum
3685 1436 3702 1461 ,

2133 1477 2228 1547 qui
2273 1492 2550 1547 nunquam
2587 1487 2882 1548 apparente
2911 1481 3117 1536 circulo
3150 1483 3489 1548 continetur,
3524 1492 3578 1540 et
3607 1501 3706 1541 au-

2135 1570 2319 1624 stralis
2349 1569 2569 1625 dicitur.
2595 1569 2769 1626 Habet
2795 1588 2923 1628 vero
2943 1573 3184 1630 circulos
3209 1575 3446 1645 majores
3470 1587 3708 1648 quatuor

2134 1668 2333 1731 praeter
2364 1661 2705 1717 horizontem
2744 1682 2758 1718 :
2791 1679 2931 1735 ques
2953 1666 3068 1736 jam
3097 1666 3338 1723 diximus
3379 1684 3503 1725 esse
3543 1673 3708 1726 meri-

2134 1753 2392 1818 dianum,
2435 1755 2902 1826 aequinoctialem,
2951 1759 3271 1826 zodiacum,
3311 1761 3568 1817 lacteum.
3606 1763 3708 1818 Mi-

2135 1860 2297 1901 nores
2334 1845 2463 1902 item
2486 1857 2720 1918 quatuor
2749 1867 2763 1904 :
2801 1852 3086 1917 arcticum,
3114 1857 3209 1924 qui
3255 1861 3405 1909 totus
3440 1862 3701 1926 apparet,

2133 1941 2191 1993 in
2224 1953 2398 2009 eoque
2420 1947 2656 2010 quatuor
2678 1940 2868 1998 insunt
2900 1946 3196 2010 asterismi,
3239 1946 3394 2003 Ursae
3425 1948 3566 2015 dum,
3602 1949 3706 2006 Cc-

2133 2031 2308 2102 pheus
2342 2038 2564 2100 pectore
2589 2039 2772 2102 tenus,
2794 2042 2848 2090 et
2872 2033 3051 2091 Draco
3071 2037 3360 2104 ;-testivum
3393 2041 3659 2111 tropicum
3685 2081 3702 2107 ,

2132 2123 2292 2193 cujus
2316 2139 2446 2193 pars
2469 2139 2638 2194 supra
2675 2135 2874 2180 terram
2903 2128 3078 2198 major
3106 2130 3357 2199 exsistit,
3387 2131 3568 2187 minor
3599 2134 3704 2189 sub

2131 2222 2299 2270 terra.
2347 2217 2524 2287 Atque
2565 2217 2612 2271 is
2645 2219 2800 2290 signa
2827 2226 2951 2276 octo
3000 2223 3415 2293 complectitur,
3456 2223 3700 2292 Booten,

2132 2308 2426 2375 Coronam,
2461 2307 2866 2378 lngeniculum,
2919 2311 3222 2370 Fidiculam
3247 2355 3264 2381 ,
3313 2315 3658 2388 Cassiepeam
3682 2359 3703 2384 ,

2131 2399 2426 2471 Aurigam,
2463 2401 2747 2474 Cygnum,
2805 2403 3087 2462 Perseum.
3138 2405 3411 2466 [libemus
3459 2411 3702 2480 tr0picus

2131 2489 2331 2560 majori
2365 2506 2432 2546 ex
2460 2500 2617 2562 parte
2655 2493 2758 2549 sub
2798 2500 3002 2549 terram
3044 2494 3401 2566 deprimitur;
3436 2501 3702 2556 minorem

2132 2596 2299 2652 supra
2345 2591 2545 2638 terram
2601 2584 2820 2639 attollit.
2869 2583 2927 2639 In
2981 2600 3048 2640 eo
3085 2596 3212 2642 sunt
3261 2589 3702 2645 constellationes

2133 2689 2266 2730 sex:
2293 2673 2586 2741 Eridanus,
2613 2675 2778 2746 Argo,
2803 2675 3135 2741 Centaurus,
3163 2678 3218 2732 in
3241 2695 3351 2749 quo
3372 2679 3533 2747 Fera,
3569 2682 3699 2746 Ara,

2130 2765 2309 2821 Piscis
2338 2781 2569 2837 magnus
2601 2767 2860 2823 australis
2895 2782 3005 2823 non
3045 2783 3334 2839 apparens.

2199 2853 2626 2925 Equinoctialis
2657 2857 2900 2912 circulus
2927 2873 2995 2912 ex
3033 2873 3190 2929 aequo
3227 2874 3394 2930 supra
3450 2860 3703 2932 infraque

2131 2953 2338 3001 terram
2391 2947 2529 3002 situs
2572 2954 2698 3016 est;
2754 2949 2812 3004 in
2856 2965 2924 3006 eo
2978 2950 3134 3021 signa
3191 2960 3320 3008 sunt
3376 2954 3698 3010 duodecim:

2132 3033 2342 3106 Equus,
2372 3035 2711 3108 Ophiuchus,
2747 3039 2802 3094 in
2855 3056 2964 3111 quo
3004 3040 3242 3112 Serpens
3283 3052 3406 3100 est:
3453 3043 3700 3118 Hydrus,

2133 3125 2189 3181 in
2231 3142 2342 3198 quo
2393 3131 2703 3185 continetur
2751 3139 2806 3187 et
2853 3131 3045 3188 Crater
3077 3152 3090 3189 :
3122 3133 3368 3202 Corvus,
3421 3135 3702 3210 Procyon,

2132 3219 2349 3289 Aquila,
2372 3219 2620 3290 Delphin,
2656 3221 2845 3286 Orion,
2881 3220 3088 3294 Sagitta
3111 3262 3128 3288 ,
3175 3223 3459 3292 Deltoton,
3492 3226 3705 3284 Andro-

2132 3311 2321 3377 meda,
2369 3310 2571 3382 Lepus,
2616 3313 2817 3380 Cetus,
2852 3315 3037 3372 Canis.
3088 3317 3166 3371 Ita
3197 3317 3530 3387 colliguntur
3576 3319 3704 3373 uni-

2130 3418 2290 3458 verse
2341 3403 2494 3474 signa
2522 3406 2626 3459 tria
2662 3415 2716 3461 et
2747 3407 2974 3476 viginti;
3009 3415 3208 3478 praeter
3251 3409 3494 3479 insignes
3517 3411 3704 3468 stellas

2131 3499 2276 3557 octo,
2295 3507 2418 3562 qua:
2445 3493 2501 3548 in
2530 3494 2640 3550 illis
2667 3495 2945 3551 collocata:
2959 3505 3106 3565 sunt,
3126 3498 3271 3552 velut
3298 3499 3351 3551 in
3385 3497 3569 3561 Boote,
3596 3501 3702 3554 Ar-

2132 3592 2344 3648 cturus,
2378 3585 2432 3638 in
2466 3584 2670 3655 Auriga
2695 3583 2914 3656 Capella
2947 3597 3000 3643 et
3024 3587 3206 3654 Hazdi;
3243 3590 3298 3642 in
3320 3587 3504 3644 Tauro
3531 3589 3704 3646 Pleia-

2132 3671 2230 3727 des
2267 3681 2321 3728 et
2347 3671 2601 3744 Hyades;
2637 3675 2693 3728 in
2722 3672 2946 3746 Virgine
2974 3674 3156 3748 Spica,
3199 3676 3612 3744 Vindemiator;
3645 3681 3717 3736 in.—

2131 3759 2282 3818 Cane
2308 3759 2517 3829 Sirius,
2551 3770 2607 3819 et
2630 3764 2676 3821 si
2698 3781 2820 3836 quae
2845 3773 2972 3822 sunt
3010 3767 3282 3838 ejusmodi
3314 3769 3452 3824 alias.

2205 3939 2473 3998 Zodiacus
2498 3942 2668 4013 signis
2686 3942 2974 4000 duodecim
2995 3943 3366 4015 distinguitur,
3388 3962 3510 4016 qua}
3536 3957 3666 4004 sunt
3685 3966 3699 3980 ο

2133 4035 2364 4103 Cancer,
2392 4035 2522 4100 Leo,
2549 4033 2735 4106 Virgo,
2761 4035 2940 4091 Chelas
2961 4077 2976 4103 ,
3019 4037 3134 4092 sive
3161 4036 3323 4092 Libra
3348 4057 3362 4106 ;
3399 4038 3659 4110 Scorpius
3684 4081 3719 4110 ,.

2135 4126 2483 4198 Sagittarius,
2517 4127 2908 4196 Capricornus,
2942 4127 3237 4200 Aquarius,
3263 4126 3472 4192 Pisces,
3508 4130 3703 4194 Aries,

2133 4219 2377 4284 Taurus,
2422 4218 2655 4275 Gemini.
2711 4219 3055 4292 Colliguntur
3105 4220 3259 4290 signa
3293 4221 3348 4275 in
3379 4228 3551 4274 totum
3600 4221 3727 4275 tria.

2130 4321 2185 4366 et
2209 4311 2415 4382 viginti.

2201 4402 2439 4458 Planetaa
2467 4409 2726 4472 praeterea
2768 4402 2939 4458 stella
2987 4410 3116 4457 sunt
3156 4408 3354 4473 praeter
3413 4401 3596 4455 lunam
3641 4416 3728 4456 ac-

461 4501 689 4572 σελήνης
725 4507 800 4554 ε’·
829 4500 1059 4571 Κρόνος,
1099 4500 1255 4565 Ζεὺς,
1302 4500 1497 4571 Ἀρης,
1545 4500 1848 4574 Ἀφροδίτη,
1910 4501 2030 4573 Ἐρ-

2136 4495 2305 4552 solem
2328 4534 2343 4560 ,
2379 4495 2620 4564 quinque
2651 4511 2665 4547 :
2694 4485 2966 4549 Saturnus
2991 4531 3008 4559 ,
3033 4490 3264 4562 Jupiter,
3293 4489 3460 4556 Mars,
3488 4489 3704 4556 Venus,

463 4609 569 4663 μης
574 4630 590 4644 ο

529 4683 640 4755 Τὴν
664 4682 722 4736 δὲ
750 4680 858 4737 τῶν
893 4681 1232 4752 φαινομένων
1252 4681 1511 4753 ἐξήγησιν
1537 4681 1830 4752 πεποίηται
1863 4683 2034 4754 Ἀρα-

456 4791 570 4838 τος,
624 4773 928 4845 ἀρξάμενος
979 4773 1086 4827 ἀπὸ
1135 4772 1244 4827 τῶν
1286 4773 1531 4844 ἄρκτων,
1586 4771 1682 4826 καὶ⁸
1725 4773 2034 4844 περιλαύὼν

455 4870 635 4922 πάντα
681 4868 751 4920 τὰ
798 4866 981 4939 βόρεια
1029 4865 1290 4919 κυκλόθεν
1355 4865 1518 4936 μέχρι
1575 4865 1670 4919 τοῦ
1725 4863 2030 4929 ζωδιακοῦ⁶

459 4954 577 5012 εἶτα
627 4958 884 5030 μεταϐὰς,
921 4959 1015 5011 καὶ
1061 4956 1364 5028 ἀρξάμενος
1417 4955 1525 5009 ἀπὸ
1583 4955 1678 5009 τοῦ
1744 4956 2029 5028 Ὠρίωνος’

459 5051 581 5105 ἐπεὶ
613 5050 864 5122 λαμπρός
911 5052 1051 5103 ἐστι.
1087 5049 1166 5103 Τὰ
1216 5050 1263 5102 δ’
1293 5049 1404 5102 ἀπὸ
1446 5046 1541 5101 τοῦ
1575 5047 1840 5113 ζωδιακοῦ
1885 5047 2035 5101 νότια

459 5144 636 5196 πάντα
666 5143 907 5196 καλεῖται
944 5142 1104 5214 μέχρι
1131 5141 1225 5196 τοῦ
1274 5139 1660 5213 ἀνταρκτικοῦ.
1704 5135 1818 5192 Εἶθ’
1861 5138 2036 5202 οὕτως

462 5235 700 5306 μέτεισιν
735 5236 828 5288 ἐπὶ
859 5236 926 5288 τὰ
962 5236 1107 5306 ἑξῆς.

527 5328 746 5381 Τούτων
793 5327 966 5390 οὕτως
1015 5329 1266 5397 ἐχόντων,
1319 5325 1504 5380 λοιπὸν
1552 5325 1883 5397 μεταδατέον
1941 5327 2035 5379 ἐπὶ

460 5421 583 5484 τοὺς
613 5421 907 5490 τέμνοντας
949 5419 1182 5482 κύκλους
1217 5419 1312 5472 καὶ
1340 5418 1409 5472 τὰ
1457 5419 1768 5489 τεμνόμενα
1809 5419 1902 5471 ὑπ’
1937 5419 2036 5471 αὺ-

459 5511 567 5563 τῶν
596 5511 778 5576 mata.
840 5512 1072 5582 Ὁμοίως
1120 5511 1178 5565 δὲ
1207 5511 1297 5564 ἐπί
1334 5529 1393 5564 τε
1426 5510 1524 5573 τὰς
1553 5510 1913 5574 συνανατολάς
1943 5511 2037 5564 καὶ

456 5603 557 5667 τὰς
603 5603 1028 5672 συγκαταδύσεις
1059 5604 1256 5668 αὐτῶν,
1289 5604 1438 5665 ὅπως
1479 5603 1641 5674 μηδὲν
1687 5603 2036 5674 ὑπολίπωμεν

1199 5799 1244 5832 ³⁸
1279 5801 1394 5854 Imo
1433 5795 1534 5870 μβῖ

553 5797 597 5831 ³⁷
632 5797 745 5852 Imo
791 5800 1100 5870 τριάκοντα.

2135 4587 2458 4644 Mercurius.

2214 4678 2607 4750 Apparentium
2653 4677 3048 4749 expositionem
3112 4693 3180 4734 eo
3213 4677 3427 4745 ,ordine
3482 4675 3729 4732 tradidit».

2136 4771 2360 4833 Aratus,
2394 4778 2454 4824 ut
2485 4785 2516 4823 a
2547 4768 3009 4839 septentrionibus
3039 4783 3291 4832 exorsus,
3325 4767 3566 4823 horealia
3598 4768 3708 4821 cir-

2135 4881 2262 4918 cum
2295 4863 2479 4919 omnia
2510 4848 3015 4932 comprehenderet,
3059 4875 3240 4930 usque
3266 4859 3333 4914 ad
3381 4858 3702 4914 zodiacum:

2138 4958 2267 5012 hinc
2297 4957 2365 5011 ab
2395 4955 2596 5010 Orione
2621 4970 2816 5010 rursus
2856 4953 3203 5024 auspicatus,
3253 4950 3399 5021 quod
3427 4965 3492 5006 ea
3525 4950 3706 5004 lucida

2139 5052 2211 5107 sit
2244 5051 2421 5115 stella,
2454 5049 2667 5118 reliqua
2702 5053 3026 5118 pertexeret.
3058 5043 3231 5100 Porro
3265 5059 3389 5114 qua:
3416 5059 3446 5097 a
3482 5043 3708 5098 zodiaco

2137 5154 2266 5201 sunt
2297 5143 2560 5212 deinceps
2594 5141 2662 5195 ad
2699 5139 3082 5204 antarcticum,
3117 5139 3379 5193 australia
3414 5136 3596 5191 omnia
3625 5134 3708 5188 di-

2137 5244 2354 5292 cuntur.
2396 5233 2603 5288 Exinde
2629 5231 2696 5285 ad
2726 5231 2832 5283 alia
2867 5230 3064 5285 transit
3097 5230 3319 5285 Aratus.

2206 5327 2302 5383 His
2325 5324 2722 5381 animadversis
2748 5339 2894 5378 nunc
2923 5322 2991 5378 ad
3012 5337 3108 5378 eos
3135 5322 3374 5377 circulos
3402 5320 3704 5383 veniemus,

2135 5419 2228 5488 qui
2253 5418 2520 5488 sphaeram
2551 5423 2768 5481 secant,
2807 5423 2861 5469 et
2893 5415 3074 5484 signa,
3115 5429 3236 5484 quae
3269 5413 3336 5467 ab
3384 5413 3490 5468 illis
3514 5428 3709 5467 secan-

2138 5521 2246 5566 tur.
2280 5508 2413 5564 ltem
2448 5509 2516 5564 de
2557 5509 2772 5563 illorum
2818 5508 3098 5562 coortibus
3144 5513 3199 5560 et
3233 5505 3588 5560 cooccasibus
3627 5506 3709 5558 di-

2139 5617 2345 5667 cemus,
2377 5601 2512 5656 nihil
2548 5610 2640 5666 ιιι,
2681 5598 2826 5671 quod
2858 5598 3078 5670 quidem
3106 5597 3262 5670 143
3292 5597 3361 5652 ad
3413 5597 3709 5654 constella~
