4132 6410
463 385 603 469 {iss

1412 408 1752 465 APPENDIX
1794 410 1886 466 AD
1917 411 2185 468 EUSEBI]
2222 411 2679 470 ΟΗΒΟΝΙΕΟΝ..

3572 407 3710 467 HLO

460 534 640 588 tiones
668 531 882 596 attinet,
913 529 971 585 in
1012 528 1301 600 praeteritis
1327 529 1696 602 relinquatur.
1739 529 1846 586 Sed
1893 532 2025 587 illud

2136 533 2236 588 τῶν
2287 533 2424 605 πρὸς
2467 534 2559 588 τὸν
2596 527 3050 602 καταστερισμόν.
3093 527 3242 598 Πλην
3289 523 3509 596 νοητέον
3563 526 3708 582 τοῦθ’

461 629 588 678 ante
612 636 721 676 non
753 620 1113 692 ignorandum
1142 631 1246 686 est,
1270 619 1498 677 Aratum
1529 621 1761 676 istorum
1783 624 2030 677 omnium

461 715 880 784 explicationem
935 713 1160 784 pingui,
1195 723 1255 768 ut
1299 715 1494 776 aiunt,
1543 715 1785 770 Minerva
1836 715 1939 770 hoc
1973 717 2032 771 in

461 816 708 876 poemate
739 807 1082 871 instituisse;
1121 821 1222 861 nec
1250 805 1302 860 in
1331 807 1590 862 omnibus
1621 808 1755 864 satis
1776 816 2034 864 accurate

461 913 584 954 esse
612 905 888 952 versatum
918 918 930 952 :
964 899 1210 968 quaedam
1242 899 1496 955 omisisse
1521 941 1536 965 ,
1581 917 1706 971 quae
1732 902 1787 954 in
1820 902 2032 971 sphaera

461 989 898 1043 considerantur.
935 987 1049 1059 Ego
1094 1005 1226 1044 vero
1254 1006 1375 1060 quae
1406 991 1475 1045 ab
1522 993 1620 1047 i-llo
1667 993 2035 1062 praetermissa

463 1089 591 1135 sunt
621 1095 877 1149 reponam
902 1120 916 1143 ,
972 1097 1040 1135 ne
1072 1081 1207 1151 quid
1237 1081 1306 1136 ad
1336 1082 1501 1153 hujus
1535 1083 1911 1156 integritatem
1943 1099 2034 1138 ar-

463 1173 704 1242 gumenti
740 1171 1100 1228 desideretur.

533 1262 822 1317 Trifariam
849 1281 1013 1334 porro
1051 1266 1239 1320 divisa:
1278 1279 1409 1322 sunt
1432 1267 1716 1323 sententia:
1747 1269 1814 1325 de
1830 1270 2035 1325 coorti-

463 1356 564 1410 hus
588 1364 642 1410 et
670 1357 1046 1412 cooccasibus.
1089 1357 1322 1424 Quidam
1355 1360 1499 1414 enim
1530 1375 1720 1414 eorum
1752 1361 2035 1415 tractatio-

462 1462 586 1501 nem
610 1447 1057 1503 accommodasse
1078 1457 1272 1518 putant
1293 1451 1519 1503 Aratum
1547 1450 1612 1504 ad
1639 1451 1780 1520 signi
1809 1451 2034 1507 orientis

462 1536 712 1602 initium;
746 1537 966 1606 quidam
999 1539 1066 1592 ad
1101 1547 1284 1592 ortum
1322 1539 1486 1594 medii
1519 1539 1690 1609 signi;
1725 1539 1816 1592 alii
1843 1539 1910 1593 ad
1945 1538 2036 1592 ab-

464 1628 700 1682 solutum
732 1629 902 1684 totius
935 1637 1210 1684 exortum.
1240 1628 1355 1685 Hoc
1406 1646 1536 1686 vero
1588 1632 1891 1686 consistere
1924 1646 2034 1685 non

461 1724 659 1787 potest.
707 1715 843 1770 Nam
889 1732 920 1771 a
956 1719 1228 1790 principio
1261 1719 1328 1774 ad
1370 1720 1530 1774 ﬁnem
1582 1721 1792 1776 zodiaci
1839 1720 2035 1775 circuli

462 1817 621 1862 ortus
669 1807 952 1878 signorum
990 1825 1336 1881 occasusque
1368 1819 1644 1881 peragrat,
1682 1805 2036 1883 quemadmo-

2138 629 2219 681 ὅτι
2269 627 2412 681 κατά
2456 628 2656 690 πλάτος
2697 628 2727 680 ὁ
2774 625 3008 696 ’Ἄρατος
3049 620 3138 674 τὸν
3174 620 3304 692 περὶ
3332 618 3511 674 αὐτῶν
3551 620 3710 690 λόγον

2140 721 2432 790 πεποίηται
2480 719 2568 772 διὰ
2612 717 2706 770 τοῦ
2755 717 3077 788 ποιήματος,
3128 711 3202 783 μὴ
3253 713 3427 766 πάντα
3467 712 3710 784 ἀκριϐῶς

2138 811 2592 881 καταδεξάμενος,
2625 808 2760 862 ἀλλά
2787 823 2909 861 τινα
2939 804 3284 877 παραλιπὼν,
3319 803 3462 875 ἅπερ
3489 805 3580 856 ἐπὶ
3609 807 3709 872 τῆς

2142 905 2378 975 σφαίρας
2407 904 2708 975 θεωρεῖται.
2753 899 2894 968 Ἐγὼ
2923 900 2980 952 δὲ
3011 898 3080 952 τὰ
3112 896 3589 968 παραλελειμμένα
3614 899 3708 949 ὑπ’

2139 995 2302 1048 αὐτοῦ
2338 992 2775 1066 προσαποδώσω,
2798 994 2947 1054 ὅπως
2982 990 3146 1062 μηδὲν
3177 990 3400 1062 ἐλλείπῃ
3432 990 3538 1044 τῶν
3574 990 3709 1062 πρὸς

2136 1087 2236 1160 τὴν
2266 1088 2516 1160 θεωρίαν.

2222 1268 2499 1337 Ἐγένοντο
2553 1266 2610 1320 δὲ
2660 1263 2880 1338 τρισσαὶ
2920 1263 3139 1326 στάσεις
3188 1263 3317 1333 περὶ
3362 1261 3633 1315 ἀνατολῶν
3663 1263 3709 1293 ’⁸

2141 1363 2234 1417 καὶ
2277 1357 2742 1428 συγκαταδύσεων.
2771 1358 2833 1410 Οἱ
2884 1355 2984 1426 μὲν
3023 1354 3132 1426 γὰρ
3185 1353 3393 1423 ἔφασαν
3437 1353 3534 1424 τὴν
3572 1371 3713 1424 πρα-

2139 1453 2407 1525 γματείαν
2440 1447 2579 1504 εἶναι
2606 1449 2685 1520 τῷ
2730 1447 2963 1519 Ἀράτῳ,
2994 1445 3252 1516 ἄρχοντος
3279 1444 3588 1498 ἀνατέλλειν
3617 1443 3710 1496 τοῦ

2141 1542 2439 1610 ζωδιακοῦ,
2481 1542 2530 1595 οἱ
2585 1541 2643 1594 δὲ
2708 1539 3032 1610 μεσοῦντος·
3078 1537 3127 1589 οἱ
3186 1535 3245 1588 δὲ
3287 1533 3396 1586 ἀπὸ
3452 1532 3550 1603 τῆς
3583 1532 3710 1604 ὅλης

2141 1635 2425 1706 ἀνατολῆς.
2464 1633 2636 1686 Τοῦτο
2681 1631 2738 1684 δὲ
2791 1631 2887 1701 οὐχ
2935 1629 3189 1700 ἔστηκεν.
3225 1625 3356 1680 Ἀπὸ
3398 1625 3505 1697 γὰρ
3541 1623 3712 1696 ἀρχῆς

2141 1729 2247 1792 ἓως
2276 1727 2530 1797 τελευτῆς
2563 1724 2657 1778 τοῦ
2684 1722 2948 1790 ζωδιακοῦ
2979 1721 3181 1774 κύκλου
3238 1719 3458 1790 ἔρχεται
3489 1716 3581 1770 ἐπὶ
3614 1715 3712 1777 τὰς

2141 1817 2404 1880 ἀνατολάς
2431 1833 2490 1868 τε
2524 1816 2619 1868 καὶ
2640 1811 3086 1882 συγκαταδύσεις,
3107 1809 3166 1862 ὃν
3183 1807 3382 1878 τρόπον
3398 1806 3542 1859 ἔστιν
3562 1804 3665 1858 ύπδ
3691 1803 3708 1833 ¹

463 1899 594 1954 dum
622 1901 677 1954 in
704 1901 914 1970 sphaera
940 1901 1068 1958 licet
1092 1905 1313 1959 intueri.
1342 1903 1481 1958 Sunt
1503 1903 1669 1974 igitur
1695 1920 1816 1974 quae
1847 1919 2030 1960 secan-

2141 1913 2241 1982 τῆς
2279 1910 2515 1980 σφαίρας
2562 1904 2879 1961 θεάσασθαι.
2919 1903 3104 1958 Ἔστιν
3152 1895 3245 1955 οὖν
3289 1899 3358 1953 τὰ
3406 1897 3712 1968 τεμνόμενα

462 1998 554 2045 tur
586 1991 852 2062 imagines
890 1995 980 2049 '57.

532 2084 783 2141 Arclicus
837 2086 1021 2156 itaque
1078 2087 1321 2142 circulus
1370 2093 1522 2142 secat
1550 2084 1822 2156 imagines
1850 2086 2034 2142 duas:

461 2175 646 2232 Boota:
697 2178 935 2233 medium
967 2179 1137 2234 cubiti
1181 2178 1403 2242 ﬂexum,
1455 2187 1510 2233 et
1560 2177 1763 2249 Cephei
1810 2188 2035 2249 pectus;

461 2269 609 2324 hunc
630 2285 759 2326 vero
797 2271 1066 2324 circulum
1093 2272 1280 2326 omisit
1304 2271 1528 2326 Aratus.

534 2359 780 2418 jEstivus
809 2362 1054 2432 tropicus
1088 2374 1238 2418 secat
1281 2364 1546 2433 imagines
1571 2362 1759 2417 decem
1786 2381 1800 2417 :
1830 2360 2036 2416 Henio-

461 2450 550 2503 chi
604 2467 803 2522 genua,
836 2451 1106 2522 Ophiuchi
1162 2454 1443 2517 humeros,
1497 2452 1780 2523 Serpentis
1809 2454 2034 2519 collum,

460 2549 626 2610 caput
645 2543 778 2597 Avis
826 2551 881 2598 et
913 2545 1204 2611 cervicem,
1248 2547 1480 2616 ungulas
1508 2535 1667 2614 Equi,
1697 2543 1880 2600 Persei
1907 2546 2041 2601 sini-

460 2639 636 2687 strum
685 2633 972 2690 humerum
1020 2652 1145 2691 cum
1200 2639 1425 2694 sinistra
1456 2640 1610 2703 tibia,
1642 2639 1897 2694 dextram
1923 2638 2038 2691 An-

457 2724 736 2780 dromedae
770 2743 991 2782 manum
1020 2769 1034 2793 ,
1096 2727 1282 2799 capita
1329 2729 1708 2794 Geminorum,
1762 2731 2036 2784 Cancrum

459 2819 718 2885 medium,
751 2819 984 2876 Leonem
1012 2836 1108 2892 per
1132 2822 1371 2877 medium
1403 2862 1418 2875 .
1447 2863 1462 2879 .
1493 2863 1509 2888 ,
1536 2823 1797 2878 humeros
1825 2819 2037 2891 Ophiu-

457 2907 567 2972 chi,
591 2909 788 2964 collnm
817 2910 1115 2981 Serpentis.
1923 2925 1926 2927 λ

527 3000 952 3071 ΛΕηυίηορῑίοιίε
980 3003 1225 3060 circulus
1240 3005 1439 3060 transit
1456 3019 1553 3076 per
1581 3004 1848 3075 imagines
1873 3003 2036 3074 quin-

456 3089 672 3146 decim:
705 3092 844 3163 Equi
877 3103 1039 3164 caput
1066 3104 1120 3150 et
1170 3096 1458 3161 cervicem,
1503 3095 1773 3165 Ophiuchi
1827 3109 2030 3165 genua,

2139 2001 2256 2067 ζῶα
2289 2002 2392 2066 λζ’.

2220 2095 2278 2148 Ὀ
2328 2094 2426 2164 μὲν
2468 2087 2562 2146 οῦν
2606 2089 2867 2163 ἀρκτικὸς
2909 2087 3106 2152 κύκλος
3146 2086 3335 2158 τέμνει
3377 2081 3543 2148 ζὼδια
3582 2080 3710 2134 δύοο

2137 2186 2350 2240 Βοώτου
2382 2184 2544 2256 μέσον
2583 2180 2808 2250 ἀγκῶνα
2828 2222 2843 2246 ,
2868 2181 2964 2234 καὶ
2992 2179 3228 2250 Κηφέως
3271 2176 3474 2248 στήθηο
3507 2177 3607 2230 οὒκ
3630 2173 3712 2226 εῐ-

2140 2293 2274 2348 ρηκε
2305 2275 2360 2328 δὲ
2390 2273 2518 2344 περὶ
2545 2272 2735 2326 τούτου
2769 2273 3023 2342 ΙἌρατος.

2221 2365 2279 2418 '0
2303 2364 2360 2416 δὲ
2393 2363 2603 2434 θερινὸς
2634 2360 2896 2434 τροπικὸς
2924 2360 3114 2430 τέμνει
3161 2358 3327 2423 ζώδια
3357 2363 3423 2412 ι’·
3466 2355 3711 2427 Ἦνιόχου

2137 2455 2362 2525 γόνατα,
2405 2453 2690 2524 Ὀφιούχου
2721 2452 2926 2523 ὤμους,
2958 2453 3175 2520 Ὄφεως
3203 2450 3492 2522 τράχηλον,
3525 2450 3711 2520 Ὀρνι-

2137 2549 2227 2613 θος
2262 2547 2504 2618 κεφαλὴν
2537 2547 2630 2600 καὶ
2657 2545 3092 2614 τὸ,,ύπαυχένιον,
3120 2544 3316 2596 Ἵππου
3351 2542 3541 2606 ὁπλὰς,
3571 2543 3715 2613 Περ-

2138 2643 2275 2704 σέως
2297 2634 2446 2711 ὦμον
2471 2637 2754 2710 ἀριστερὸν
2787 2637 2881 2690 καὶ
2907 2637 3122 2707 κνήμην
3146 2635 3461 2707 ἀριστερὰν,
3498 2634 3714 2706 Ἀνδρο-

2139 2732 2305 2804 μέδας
2349 2735 2508 2802 χεῖρα
2552 2728 2769 2794 δεξιὰν,
2812 2725 3061 2798 Διδύμων
3113 2725 3392 2796 κεφαλὰς,
3438 2725 3714 2796 Καρκίνον

2138 2823 2334 2895 μέσον,
2381 2822 2586 2876 Λέοντα
2644 2819 2795 2892 παρὰ
2827 2819 2994 2890 μέσον
3023 2820 3046 2851 ¹
3079 2817 3377 2891 παρεόντε,
3431 2818 3711 2887 Ὀφιούχου

2133 2914 2340 2986 ὤμους,
2378 2912 2648 2985 τράχηλον
2673 2913 2909 2980 Ὄφεως.

2215 3008 2275 3059 '0
2312 3006 2370 3059 δὲ
2401 3001 2715 3076 ίσημερινδς
2752 3000 2951 3064 κύκλος
2979 3001 3166 3071 τέμνει
3205 2999 3372 3064 ζώδια
3395 3006 3482 3053 ιε’·
3512 3001 3710 3053 Ἵππου

2133 3096 2376 3166 κεφαλὴν
2418 3095 2513 3148 καὶ
2555 3093 2859 3166 τράχηλον,
2917 3091 3204 3162 Ὀφιούχου
3242 3092 3478 3161 γόνατα,
3510 3092 3711 3164 Ὕδρου

457 3181 627 3254 Hydri
649 3184 872 3248 collum,
892 3184 1194 3252 Craterem,
1221 3186 1481 3252 Corvum,
1503 3185 1760 3242 Orionem
1790 3185 2030 3241 medium

2136 3187 2421 3257 τράχηλον,
2456 3184 2725 3255 Κρατῆρα
2748 3222 2762 3247 ,
2794 3183 3020 3254 Κόρακα
3042 3221 3057 3247 ,
3113 3183 3343 3254 Ὠρίωνα
3389 3183 3550 3253 μέσον
3586 3184 3711 3254 ἀρισ

455 3275 760 3335 sinistrum.
789 3275 968 3332 Piscis
993 3279 1247 3343 caudam,
1291 3278 1531 3333 medium
1560 3278 1822 3343 Arietem,
1859 3277 2027 3332 Tauri

456 3380 655 3434 genua,
710 3364 950 3437 Virginis
997 3369 1212 3438 pedem,
1268 3368 1466 3424 Chelas
1529 3369 1762 3437 medias,
1813 3367 2026 3439 Scorpii

455 3463 684 3526 partem.
723 3456 974 3514 Omissus
1000 3469 1085 3516 est
1106 3459 1374 3531 Procyon.

532 3544 800 3618 Tropicus
837 3549 1098 3605 hibernus
1147 3549 1334 3605 decem
1369 3549 1523 3619 signa
1561 3549 1754 3604 dividit
1792 3547 2028 3604 :Erida-

456 3652 589 3692 num
611 3638 857 3702 ﬂuvium,
892 3641 1070 3712 Argus
1100 3641 1258 3695 navis
1288 3655 1542 3711 puppem.
1571 3641 1831 3694 Centauri
1859 3640 2030 3694 inter—

456 3731 767 3802 scapilium,
801 3733 968 3787 Canis
1015 3732 1242 3801 majoris
1290 3733 1629 3802 posteriores
1671 3733 1858 3802 pedes,
1909 3731 2029 3787 Ceti

454 3824 705 3887 caudam,
735 3823 960 3893 Leporis
983 3825 1243 3887 medium,
1283 3823 1498 3892 Scorpii
1533 3825 1805 3889 aculeum,
1849 3823 2029 3894 Sagit-

453 3914 581 3967 tarii
605 3927 814 3976 arcum,
843 3912 1238 3984 Capricornum
1270 3914 1531 3979 medium,
1570 3913 1735 3984 pedes
1763 3914 2022 3985 Aquarii:

455 4004 532 4057 ita
555 4011 791 4071 quatuor
824 4011 954 4058 sunt
985 4012 1236 4059 secantes
1272 4005 1464 4059 circuli
1491 4023 1506 4072 ;
1543 4005 1699 4076 signa
1724 4021 1875 4072 vero,
1906 4020 2028 4077 qua:

455 4094 526 4147 ah
561 4093 672 4149 illis
698 4102 972 4159 secantur,
999 4095 1109 4149 duo
1145 4103 1198 4150 et
1219 4095 1463 4166 triginta.

456 4225 733 4298 Quianam,
757 4227 987 4282 caelestes
1028 4228 1280 4298 imagines
1311 4246 1419 4284 una
1458 4246 1576 4284 cum
1627 4229 1903 4285 duodecim
1937 4248 2028 4286 zo-

699 4297 840 4351 diaci
868 4299 1030 4368 signis
1055 4297 1201 4353 ortus
1223 4317 1540 4371 occasusque
1575 4300 1800 4370 faciant.

525 4407 589 4463 Il.
630 4409 767 4465 Cum
795 4410 1082 4466 duodecim
1116 4412 1324 4468 zodiaci
1370 4413 1543 4483 signis
1580 4414 1834 4470 caelestes
1879 4422 2028 4471 aste-

453 4500 608 4556 rismi
636 4501 692 4554 in
725 4501 872 4556 hunc
891 4501 1111 4557 modum
1141 4504 1392 4558 oriuntur
1415 4511 1469 4560 et
1489 4505 1768 4561 occidunt.

2136 3277 2347 3349 στερδν,
2374 3275 2578 3346 ’ἰχθύος
2609 3272 2799 3344 οὐρὰν,
2829 3273 2998 3343 Κριὸν
3029 3271 3208 3343 μέσον.
3238 3271 3453 3344 Ταύρου
3485 3272 3708 3341 γόνατα,

2134 3364 2414 3437 Παρθένου
2465 3363 2638 3425 πόδα,
2693 3361 2880 3432 Χηλὰς
2931 3360 3102 3432 μέσας
3126 3404 3140 3429 ,
3194 3361 3464 3432 Σκορπίου
3523 3361 3705 3432 μέρος.

2135 3458 2218 3509 Ila
2228 3458 2398 3526 ρεῖται
2429 3453 2714 3526 Προκύων.

2218 3548 2276 3613 'O
2309 3546 2367 3598 δὲ
2403 3544 2713 3618 χειμερινὸς
2749 3542 2950 3606 κύκλος
2979 3543 3166 3613 τέμνει
3195 3541 3360 3606 ζὼδια
3389 3541 3421 3595 ι’
3439 3559 3461 3573 α
3490 3544 3710 3615 Ἠριδα-

2134 3637 2224 3692 νὸν
2263 3636 2527 3707 ποταμὸν,
2586 3635 2814 3705 Ἀργοῦς
2871 3635 3000 3706 νηὸς
3043 3634 3298 3704 πρύμναν
3324 3675 3339 3700 ,
3395 3634 3709 3704 Κενταύρου

2138 3729 2497 3800 μετάφρενον,
2514 3728 2693 3790 Κυνὸς
2718 3725 2951 3797 μεγάλου
2975 3726 3256 3790 ὀπισθίους
3287 3726 3473 3791 πόδας,
3491 3729 3710 3797 Κήτους

2135 3820 2334 3892 οὐρὰν,
2362 3818 2588 3888 Λαγωοῦ
2623 3818 2816 3890 μέσον,
2867 3817 3136 3890 Σκορπίου
3170 3818 3427 3889 κέντρον,
3476 3819 3707 3885 Τοξότου

2133 3911 2307 3977 τόξον,
2333 3910 2614 3981 Αἱγόκερω
2644 3909 2827 3980 μέσον,
2867 3909 3154 3980 ’Υδροχόου
3177 3909 3346 3973 πόδας
3364 3927 3377 3940 ο
3400 3908 3539 3963 ὥστε
3571 3905 3709 3964 εἷναι

2134 4001 2331 4064 αὐτοὺς
2367 4000 2661 4070 τέμνοντας
2713 3999 2948 4062 κύκλους
2975 3999 3038 4062 δ’,
3086 4000 3154 4053 τὰ
3185 4000 3241 4052 δὲ
3285 4001 3587 4071 τεμνόμενα
3614 4001 3706 4056 ὑπ’

2135 4092 2315 4145 αὐτῶν
2345 4090 2511 4156 ζὼδια
2541 4091 2836 4162 τριάκοντα
2867 4091 2961 4144 καὶ
2988 4092 3147 4145 ἑπτά.

2135 4227 2281 4284 Ποῖα
2312 4227 2432 4280 τῶν
2470 4224 2688 4287 ζωδίων
2712 4225 3240 4280 συνανατέλλουσι
3275 4225 3373 4279 καὶ
3406 4241 3706 4294 συγκατα-

2285 4297 2540 4352 δύνουσι
2564 4297 2688 4362 τοῖς
2715 4297 2784 4350 ἐν
2811 4296 2889 4362 τῷ
2921 4295 3177 4362 ζωδιακῷ
3201 4296 3279 4360 ιβ’
3311 4295 3551 4362 ζωδίοις.

2205 4413 2280 4466 B'.
2315 4411 2772 4466 Συνανατέλλουσι
2795 4409 2851 4463 δὲ
2893 4410 2988 4463 καὶ
3013 4408 3474 4478 συγκαταδύνουσι
3511 4412 3621 4473 τοῖς
3648 4410 3706 4463 ὲν

2133 4496 2212 4568 τῷ
2243 4495 2494 4569 ζωδιακῷ
2524 4497 2593 4568 ιβ’
2621 4497 2832 4561 ζωδίοις
2863 4496 2934 4549 τὰ
2968 4498 3268 4568 φαινόμενα
3300 4497 3491 4561 οὕτως.

525 4589 748 4646 Oriente
775 4591 1014 4656 Cancro,
1041 4592 1220 4648 .Orion
1254 4601 1402 4649 totus
1452 4596 1722 4652 exoritur.
1769 4596 2025 4652 Orionem

2202 4588 2480 4659 Καρκίνου
2527 4588 2945 4651 ἀνατέλλοντος,
2993 4587 3273 4641 ἀνατέλλει
3311 4588 3429 4652 ὅλος
3489 4587 3700 4660 Ὠρίων.

453 4679 688 4749 appello,
739 4697 899 4749 quem
939 4683 1134 4752 vulgus
1163 4683 1568 4756 Ἀλετροπόδιον
1611 4687 1899 4741 nominat:
1934 4689 2026 4758 qui

453 4768 688 4836 primum
707 4771 880 4822 oritur
895 4786 1082 4826 mense
1094 4770 1260 4828 Julio.
1292 4773 1458 4828 Canis
1477 4789 1605 4829 vero
1621 4775 1838 4830 circiter
1852 4777 2027 4847 Augu-

456 4859 526 4911 sti
549 4859 800 4928 septimo.
830 4859 954 4915 Haec
971 4873 1054 4917 est
1075 4863 1358 4932 splendida
1385 4867 1562 4934 stella,
1583 4884 1704 4937 qua:
1730 4868 1785 4922 in
1806 4870 2026 4923 maxilla

453 4949 619 5006 Canis
641 4951 905 5017 cernitur,
930 4967 994 5008 ac
1019 4954 1156 5011 ﬁxas
1177 4970 1368 5012 omnes
1392 4959 1764 5027 magnitudine
1782 4969 2021 5031 superat:

455 5040 582 5118 item
628 5039 827 5098 ﬂuvius
858 5042 1152 5100 Eridanus.
1213 5045 1428 5125 Occidit
1463 5055 1645 5102 autem
1677 5049 1914 5114 Corona,
1973 5061 2029 5107 et

452 5128 629 5188 Piscis
669 5131 834 5190 dorso
877 5142 1056 5202 tenus,
1099 5133 1415 5208 Ophiuchus
1445 5139 1510 5192 ad
1540 5139 1801 5197 humeros
1826 5157 2022 5212 usque,

453 5220 734 5292 Serpentis
764 5227 987 5296 collum,
1014 5226 1390 5301 Arctophylax
1416 5238 1566 5287 totus
1596 5231 1731 5288 fere.

520 5395 699 5457 Leone
729 5402 968 5470 oriente,
1023 5412 1172 5463 totus
1221 5407 1449 5477 emergit
1490 5404 1761 5477 Procyon,
1817 5407 2021 5478 Lepus,

451 5489 620 5561 l'lydri
648 5502 832 5564 caput,
866 5496 1033 5554 Canis
1066 5501 1374 5554 anteriores
1406 5500 1594 5568 pedes.
1627 5499 1899 5554 Occidunt
1929 5517 2020 5555 re-

448 5577 609 5670 liquae
638 5590 821 5651 partes
850 5601 1037 5639 eorum
1065 5603 1186 5658 qua:
1214 5602 1340 5642 cum
1370 5585 1584 5642 Cancro
1611 5595 1896 5658 caeperunt
1926 5604 2018 5644 oc-

2145 4679 2337 4751 Ὠρίων
2370 4680 2488 4732 ἐστὶ
2528 4679 2588 4733 τὸ
2620 4679 2909 4751 λεγόμενον
2942 4677 3346 4751 παρ’ίδιώταις
3388 4680 3706 4751 Ἀλετροπό-

2131 4771 2260 4823 διον.
2288 4770 2526 4843 Πρώτως
2546 4771 2603 4824 δὲ
2635 4771 2914 4825 ἀνατέλλει
2935 4772 3074 4826 κατά
3100 4772 3196 4843 τὴν
3216 4772 3298 4842 κβ¹
3323 4772 3414 4826 τοῦ
3449 4773 3664 4825 Ἰουλίου
3683 4788 3701 4806 ο

2131 4864 2160 4915 ὁ
2187 4862 2246 4914 δὲ
2279 4862 2442 4917 Κύων
2485 4862 2629 4918 κατὰ
2676 4865 2776 4935 τὴν
2804 4862 2846 4928 ζ’
2875 4864 2969 4917 τοῦ
3015 4865 3345 4933 Αὐγούστου.
3382 4867 3538 4918 Ἔστι
3575 4866 3631 4918 δὲ
3673 4866 3703 4918 ὁ

2131 4951 2385 5025 λαμπρὸς
2413 4953 2509 5006 τοῦ
2537 4954 2728 5026 θηνυὸς
2757 4955 2778 4986 ³
2821 4955 3020 5026 μείζων
3045 4954 3154 5008 τῶν
3186 4955 3438 5011 ἀπλανῶν
3484 4956 3702 5010 πάντων

2133 5045 2412 5118 ἀστέρων·
2457 5047 2551 5099 καὶ
2582 5048 2824 5118 ποταμὸς
2865 5048 3163 5119 Ἠριδανός.
3209 5047 3364 5102 Δύνει
3403 5049 3459 5101 δὲ
3486 5050 3700 5116 Στέφα-

2133 5155 2243 5203 νος,
2302 5138 2504 5209 Ἰχθύος
2542 5137 2604 5191 τὸ
2660 5139 2830 5210 ἥμισυ
2874 5138 2978 5203 ἕως
3031 5141 3123 5193 ἐπὶ
3169 5140 3364 5212 ῥάχιν,
3421 5139 3701 5211 Ὀφιοῦχος

2129 5229 2233 5292 ἕως
2258 5229 2443 5300 ὤμων,
2471 5233 2684 5300 Ὄφεως
2713 5230 3002 5302 τράχηλος,
3039 5231 3406 5306 Ἀρκτοφύλαξ
3430 5233 3558 5303 παρ’
3588 5233 3699 5285 ὀλί-

2127 5335 2241 5387 γον.

2199 5410 2427 5474 Λέοντος
2475 5411 2876 5479 ἀνατέλλοντος,
2911 5413 3190 5468 ἀνατέλλει
3241 5411 3504 5484 Προκύων
3540 5413 3694 5480 ὅλοςςο

2127 5499 2375 5567 Λαγωὸς,
2406 5500 2609 5571 ’Υδρου
2654 5503 2890 5574 κεφαλὴ,
2926 5504 3102 5567 Κυνὸς
3143 5503 3467 5574 ὲμπρόσθιοι
3516 5503 3694 5567 πόδες.

2125 5590 2281 5644 Δύνει
2304 5591 2361 5645 δὲ
2391 5592 2459 5646 τὰ
2491 5592 2654 5648 λοιπά
2685 5594 2794 5650 τῶν
2819 5596 2916 5650 σὺν
2943 5595 3202 5668 Καρκίνῳ
3234 5593 3698 5667 προκαταδεδυκό-

559 5757 603 5792 ”
642 5759 681 5822 Γ.
713 5763 1101 5818 συνανατολῶν.
1180 5766 1196 5798 ¹
1230 5765 1272 5835 f.
1303 5764 1414 5820 έπί.
1493 5767 1514 5800 ³
1537 5761 1823 5822 Hendosus
1854 5767 2018 5821 locus.

2157 5767 2201 5836 f.
2233 5768 2332 5841 τῆς
2355 5768 2565 5837 γένυος.
