4132 6410
487 411 627 468 1145

559 529 721 586 Zona
749 535 879 585 sunt
910 528 965 583 in
996 543 1062 585 ea
1090 531 1334 600 quinque
1361 550 1377 586 :
1424 535 1893 604 septentrionalis,
1939 549 2060 606 qua
2088 537 2135 595 Α

487 632 603 678 tota
635 623 886 686 sublimis
909 628 1028 688 est,
1068 622 1464 686 inhabitabilis,
1497 625 1793 695 frigoribus
1833 627 2052 695 infesta,

491 716 824 784 Saturnique
851 714 1106 785 propria;
1134 715 1344 780 aestiva,
1373 715 1533 785 cujus
1569 732 1701 786 pars
1732 734 1898 789 supra
1950 727 2060 775 ter-

486 823 604 862 ram
662 806 840 876 major
893 806 1118 872 eminet,
1166 806 1348 860 minor
1387 807 1492 862 sub
1535 818 1682 864 terra
1712 810 2055 881 deprimitur.

487 899 566 954 Ea
591 907 675 955 est
708 897 1022 954 habitabilis
1056 898 1430 969 undiquaque,
1473 909 1794 971 temperata,
1824 901 1943 958 ,Ιονί
1974 903 2060 958 di-

486 997 642 1057 cata;
670 990 1088 1060 aquinoctialis,
1107 989 1265 1059 cujus
1286 998 1413 1062 pars
1442 993 1667 1062 aqualis
1694 993 1835 1048 infra
1865 1009 2060 1065 supra-

486 1094 594 1149 que
635 1086 839 1134 terram
888 1086 1092 1143 exstat,
1136 1088 1351 1144 exusta,
1401 1081 1560 1136 Marti
1597 1083 1931 1152 peculiaris;
1974 1085 2060 1139 bi-

486 1172 676 1236 berna,
730 1170 891 1240 cujus
925 1170 1101 1240 major
1145 1172 1249 1226 sub
1278 1181 1424 1228 terra
1469 1189 1622 1244 pars,
1656 1190 1823 1246 supra
1852 1183 2056 1233 terram

483 1264 664 1319 minor
709 1263 946 1327 exsistit,
975 1263 1030 1317 in
1062 1263 1248 1318 orbem
1297 1265 1575 1334 habitata;
1607 1273 1928 1337 temperata,
1970 1284 2060 1326 sa-

483 1371 580 1410 era
614 1355 811 1410 Veneri
840 1373 857 1420 ;
886 1356 1145 1411 australis
1185 1371 1295 1412 non
1333 1372 1625 1429 apparens,
1653 1359 1875 1425 alsiosa,
1901 1361 2060 1418 inho-

484 1449 650 1520 spita,
686 1433 956 1504 Mercurio
985 1449 1188 1504 dicata.

553 1543 773 1596 Arctica
815 1556 954 1596 zona
1007 1549 1226 1597 constat
1266 1544 1542 1614 scrupulis
1601 1548 1957 1618 scxagesimis
1987 1546 2057 1616 6;

484 1633 884 1704 aquinoctialis
943 1633 977 1688 8
1018 1653 1032 1689 :
1082 1634 1246 1690 habet
1279 1635 1347 1689 ab
1375 1643 1605 1706 utraque
1633 1647 1785 1709 parte
1812 1638 2058 1708 aquino-

485 1726 663 1780 ctialis
708 1721 934 1790 circuli;
964 1725 1054 1780 hic
1093 1725 1238 1781 enim
1265 1725 1497 1781 mediam
1545 1728 1718 1798 ipsam
1744 1727 1935 1784 dividit
1965 1744 2062 1799 per

486 1823 654 1870 totam
691 1817 993 1886 spharam;
1027 1818 1216 1873 astiva
1250 1819 1506 1890 scrupula
1546 1821 1579 1875 5
1605 1820 1847 1887 obtinet;
1878 1830 2061 1876 antar-

1500 412 1592 466 AD
1632 413 1900 472 EUSEBII
1935 406 2329 470 CHRONICON
2370 405 2731 462 APPENDIX.

3590 402 3733 458 HM

2236 531 2390 599 Ἐχει
2443 527 2502 581 δὲ
2536 525 2712 592 ζώνας
2755 530 2797 578 ε’
2818 539 2832 554 ·
2880 521 3090 595 βόρειόν
3131 539 3194 576 τε
3244 521 3374 592 ὃλην
3423 520 3730 594 μετέωρον,

2163 621 2449 692 ἀοίκητον,
2517 615 2966 687 κατεψυγμένηνο
3015 613 3226 686 Κρόνου
3245 653 3261 678 ,
3311 611 3526 685 θερινὴν
3571 613 3732 666 πλέον

2162 712 2393 784 ἔχουσαν
2411 711 2472 766 τὸ
2503 711 2648 782 ὑπὲρ
2677 711 2801 781 γῆν,
2830 703 2997 780 ἧσσον
3020 706 3079 760 δὲ
3103 705 3168 759 τὸ
3193 705 3299 759 ὑπὸ
3321 705 3447 775 γῆν,
3471 704 3733 758 κυκλόθεν

2157 802 2472 873 οίκησίμην,
2501 799 2784 872 εὔκρατον,
2811 797 2959 861 Διόςο
2989 795 3331 868 ἰσημερινήν,
3365 795 3478 849 ῐσον
3505 794 3733 864 ἔχουσαν

2156 895 2221 948 τὺ
2254 895 2359 948 ὑπὸ
2395 894 2522 964 γῆν,
2555 894 2669 946 ῐσον
2720 891 2775 945 δὲ
2803 891 2866 944 τὺ
2903 890 3044 960 ὑπὲρ
3093 887 3231 958 γῆν,
3263 886 3728 957 διακεκαυμένην,

2162 985 2396 1056 Ἄρεως·
2421 982 2755 1056 χειμερινὴν,
2774 982 2934 1034 πλέον
2955 979 3182 1051 ἔχουσαν
3205 977 3267 1031 τὺ
3289 977 3393 1030 ὑπὸ
3414 977 3539 1047 γῆν,
3565 972 3732 1048 ἧσσον

2157 1075 2214 1128 δὲ
2251 1075 2314 1128 τὸ
2366 1075 2509 1148 ὑπὲρ
2556 1074 2698 1144 γῆν,
2752 1070 3014 1126 κυκλόθεν
3055 1069 3398 1140 ᾠκισμένην·
3431 1065 3729 1138 εὔκρατον,

2173 1165 2512 1238 Ἀφροδίτης·
2543 1165 2735 1230 νότιον,
2765 1163 2968 1233 ἀφανῆ,
2995 1158 3433 1231 κατεψυγμένην,
3457 1157 3730 1228 ἀοίκητον,

2171 1255 2398 1328 Ἑρμοῦ.

2243 1557 2310 1610 Ἠ
2339 1557 2437 1629 μὲν
2471 1550 2563 1611 οὖν
2599 1555 2834 1629 ἀρκτικὴ
2863 1553 3005 1625 ζώνη
3055 1553 3167 1624 έχει
3207 1550 3474 1623 ἑξηκοστά
3505 1551 3578 1617 ς’,
3606 1552 3640 1622 ὴ
3675 1551 3732 1604 δὲ

2163 1647 2452 1719 ίσημερινὴ
2479 1653 2550 1720 η’,
2574 1646 2635 1712 ἐξ
2670 1646 2931 1718 ἑκατέρου
2960 1645 3124 1717 μέρος
3165 1644 3259 1698 τοῦ
3291 1644 3604 1717 ίσημερινοῦ
3639 1644 3734 1714 μέ-

2163 1755 2292 1811 ρους
2318 1740 2599 1793 τεθεικότα
2617 1756 2633 1772 ο
2663 1732 2818 1802 οὗτος
2843 1737 2950 1808 γὰρ
2981 1736 3152 1808 μέσην
3191 1736 3358 1806 αὐτὴν
3379 1737 3564 1806 τέμνει
3593 1735 3734 1787 κατά

2160 1831 2260 1901 τὴν
2321 1830 2450 1901 ὃλην
2499 1833 2770 1902 σφαῖρανο
2829 1831 2862 1901 ἠ
2909 1829 2967 1882 δὲ
3014 1827 3200 1900 θερινὴ
3255 1827 3521 1899 έξηκοστά
3574 1824 3645 1879 ε’·
3696 1828 3732 1898 ἡ

484 1908 627 1961 ctica
669 1908 723 1962 6.
766 1906 954 1978 Itaque
1007 1909 1260 1978 superior
1308 1911 1545 1977 ambitus
1586 1920 1747 1967 terra
1801 1913 2060 1984 scrupula

2161 1921 2494 1994 ἀνταρκτικὴ
2518 1920 2783 1992 ἑξηκοστά
2814 1929 2888 1986 ς’⁶
2905 1920 3048 1974 ὥστε
3076 1915 3214 1974 εἶναι
3230 1919 3329 1990 τῆς
3346 1920 3448 1991 γῆς
3465 1919 3562 1989 τὴν
3580 1918 3734 1989 περίο

485 1998 693 2070 colligit
731 2001 979 2068 tricena;
1020 2001 1248 2056 totidem
1295 2003 1544 2060 inferior.
1573 2002 1746 2061 Totus
1779 2021 1908 2077 ergo
1937 2021 2056 2061 am-

485 2092 636 2148 bitus
664 2095 947 2164 sexaginta
968 2097 1243 2166 scrupulis
1275 2107 1513 2154 constat.
1545 2098 1896 2171 Sexagesimo
1941 2101 2062 2156 cui-

421 2233 423 2236 .
485 2199 593 2253 que
617 2186 876 2254 scrupulo
905 2186 1207 2241 stadiorum
1224 2187 1390 2252 4,200
1416 2197 1751 2260 competunt.
1776 2190 2057 2263 Colligun-

486 2282 580 2330 tur
597 2275 896 2332 stadiorum
929 2278 984 2331 in
1009 2284 1122 2333 tota
1159 2287 1307 2334 terra
1326 2278 1584 2344 250,000.

775 2389 854 2445 De
893 2391 958 2445 iis
1003 2408 1119 2462 qua:
1156 2393 1211 2446 in
1241 2392 1459 2448 sublimi
1489 2403 1799 2453 cernuntur.

560 2498 648 2556 Ill.
690 2501 769 2556 Ex
807 2503 965 2574 aquis
1011 2519 1134 2575 qua
1185 2503 1244 2558 in
1278 2511 1428 2560 terra
1476 2515 1624 2573 sunt,
1681 2506 2060 2564 exbalationes

485 2591 618 2646 oriri
671 2593 929 2647 dicuntur
964 2613 979 2649 :
1019 2610 1254 2665 quarum
1295 2595 1466 2650 altera
1505 2603 1590 2653 est
1618 2597 1845 2652 humida
1876 2607 1929 2654 et
1961 2615 2060 2655 va-

485 2685 649 2754 pida;
687 2687 857 2740 altera
900 2686 1048 2742 sicca
1083 2694 1138 2742 et
1177 2686 1405 2743 fumida.
1457 2687 1618 2743 Prior
1675 2689 1962 2747 abundans
2007 2699 2062 2747 et

486 2786 701 2842 coacta,
749 2778 962 2834 nubes:
997 2787 1224 2847 mutata,
1282 2779 1498 2850 pluvias
1531 2789 1586 2835 et
1618 2782 1825 2838 imbres
1876 2783 2058 2852 efficit,

485 2884 551 2925 ac
595 2877 808 2934 ventos,
863 2871 956 2940 qui
991 2879 1188 2925 natura
1225 2887 1325 2927 sua
1376 2873 1617 2930 indidem
1654 2875 1931 2931 oriuntur.
1966 2876 2062 2932 Est

485 2968 666 3012 autem
700 2960 896 3014 nebula
929 2961 1103 3016 nubes
1149 2976 1414 3031 aquarum
1447 2964 1677 3030 sterilis,
1715 2965 1834 3020 sive
1860 2965 2060 3034 vapida

485 3050 780 3104 exhalatio.
813 3051 1031 3118 Caligo,
1079 3062 1197 3106 atra
1244 3055 1418 3109 nubes
1447 3064 1500 3109 et
1549 3057 1731 3125 plena.
1781 3055 2060 3112 Serenitas

486 3157 580 3197 aer
619 3144 840 3198 innubis
895 3152 950 3198 et
995 3145 1259 3214 liquidus.
1317 3145 1664 3211 Obscuritas,
1697 3149 1842 3204 aeris
1873 3148 2059 3204 densi-

483 3240 570 3290 tas
596 3234 979 3305 incomposita.
1012 3236 1223 3307 Κνηκίς
1254 3245 1340 3293 εει
1373 3240 1547 3293 nubes
1581 3239 1928 3304 tenuissima,
1957 3239 2061 3293 hu-

484 3340 637 3381 more
695 3341 890 3381 vacua.
920 3327 1032 3382 Bos
1085 3338 1174 3384 est
1233 3330 1431 3383 humor
1472 3330 1684 3400 puriori
1715 3332 1959 3400 allapsus
1989 3348 2057 3386 ex

483 3415 704 3478 athere,
749 3432 816 3471 ex
866 3418 1015 3472 tenui
1057 3408 1287 3474 materia
1319 3422 1656 3478 consistens.
1703 3420 1861 3477 Stilla
1919 3437 2060 3492 aqua

483 3516 568 3563 est
602 3509 915 3564 minutatim
949 3511 1003 3565 in
1033 3520 1210 3568 terras
1249 3514 1517 3568 irrorans.
1561 3513 1754 3567 Pluvia
1789 3522 1872 3569 est
1908 3515 2061 3570 stilla

484 3599 726 3664 densior,
758 3609 812 3656 et
835 3603 1005 3672 jugis.
1038 3602 1239 3670 Imber,
1271 3606 1482 3676 exigua
1510 3607 1865 3661 collectiones
1890 3622 2064 3676 aqua-

485 3707 606 3745 rum
628 3709 658 3748 e
681 3695 827 3750 nube
856 3697 1163 3751 mutatione
1194 3697 1370 3752 facta.
1405 3697 1621 3753 Glacies
1646 3709 1727 3754 est
1758 3714 1899 3767 aqua
1929 3714 2061 3753 con-

484 3789 656 3834 creta.
680 3780 906 3847 Pruina,
927 3799 1020 3839 ros
1041 3801 1150 3840 non
1177 3788 1394 3856 penitus
1421 3798 1762 3856 compactus.
1788 3787 1911 3850 Nix,
1939 3789 2060 3857 plu-

483 3871 696 3925 viarum
726 3874 870 3928 stilla
906 3877 960 3929 in
996 3876 1142 3931 nube
1172 3889 1452 3934 concreta.
1503 3880 1683 3948 Νιφάς
1711 3889 1796 3934 est
1833 3881 1929 3934 nix
1972 3889 2057 3935 te-

482 3966 666 4021 nuiter
688 3967 908 4024 cadens.
945 3968 1186 4036 Grando,
1216 3970 1390 4026 imber
1417 3981 1502 4027 est
1532 3980 1846 4029 concretus.

557 4140 717 4197 Sicca
739 4151 920 4197 autem
949 4144 1224 4199 exhalatio
1258 4161 1380 4201 cum
1419 4162 1449 4199 a
1481 4145 1684 4218 frigore
1709 4149 2054 4219 propellitur,

483 4243 678 4290 ventos
707 4235 892 4290 allicit.
937 4235 1190 4292 lncidens
1230 4238 1419 4293 eadem
1457 4248 1512 4292 et
1562 4239 1896 4296 inﬂammata
1949 4241 2056 4296 ful-

483 4327 632 4381 mina
671 4325 873 4398 gignit;
922 4328 1141 4397 quando
1174 4329 1463 4383 confertim
1496 4332 1755 4400 erumpit,
1810 4332 2057 4387 nondum

482 4433 716 4474 accensa
764 4420 1019 4489 penitus,
1056 4421 1308 4477 turbines
1356 4422 1564 4492 igneos,
1627 4429 1682 4476 at
1710 4424 1864 4478 nullo
1893 4424 2058 4479 modo

482 4525 770 4573 succensa,
799 4512 1085 4582 typhones.
1116 4513 1252 4567 Cum
1287 4525 1370 4569 est
1400 4514 1654 4579 solutior,
1677 4516 1950 4584 ecnephias
1975 4515 2056 4570 fa-

2158 2031 2303 2083 γειον
2327 2017 2348 2046 ⁸
2367 2014 2670 2086 ὲξηκοστῶν
2695 2014 2738 2067 λ’
2759 2031 2772 2044 ·
2791 2014 2990 2084 ὁμοίως
3019 2013 3076 2065 δὲ
3102 2014 3194 2066 καὶ
3220 2013 3281 2066 τὸ
3301 2011 3404 2064 ύπὸ
3429 2011 3528 2081 γῆν
3545 2009 3736 2080 ἑξηκο-

2161 2105 2298 2159 στῶν
2323 2105 2366 2158 λ’
2386 2123 2400 2136 ·
2433 2105 2678 2175 γίνεσθαι
2707 2101 2798 2158 οὖν
2813 2104 2941 2176 ὃλην
2965 2104 3062 2175 τὴν
3091 2103 3195 2172 γῆν
3216 2101 3519 2172 ἐξηκοστῶν
3544 2099 3603 2164 ξ’.
3635 2099 3736 2152 Δύ-

2157 2213 2315 2250 ναται
2335 2197 2392 2251 δὲ
2415 2196 2556 2268 ἔχειν
2585 2196 2646 2250 τὸ
2661 2195 2951 2266 ἑξηκοστὸν
2983 2194 3227 2257 σταδίους
3253 2193 3340 2257 ,δσ’
3361 2210 3373 2222 ·
3406 2192 3733 2260 συνάγεσθαι

2157 2285 2251 2344 οὖν
2269 2289 2363 2344 ἐπὶ
2383 2289 2444 2342 τὸ
2472 2288 2604 2343 αὐτὸ
2624 2291 2678 2343 αἱ
2701 2289 2798 2359 τῆς
2825 2287 2952 2358 ὅλης
2981 2286 3209 2340 σταδίων
3239 2285 3346 2357 μοί.
3372 2285 3394 2317 ⁸
3417 2291 3464 2338 κ’
3488 2286 3581 2337 καὶ
3606 2290 3666 2337 ε’.

2683 2397 2824 2467 Περὶ
2854 2397 3214 2467 μεταρσίων.

2230 2513 2306 2567 Γ’.
2335 2513 2579 2568 Γίνονται
2608 2507 2720 2576 οὖν,
2753 2511 2938 2584 φησὶν,
2965 2509 3358 2580 ἀναθυμιάσεις
3384 2509 3449 2562 ὲκ
3475 2508 3580 2561 τῶν
3611 2508 3737 2562 ὑδά-

2159 2622 2267 2659 των
2297 2605 2396 2676 τῆς
2436 2605 2564 2674 γῆς,
2595 2606 2628 2675 ἡ
2671 2603 2769 2675 μὲν
2805 2602 2948 2674 ύγρά
2994 2601 3090 2656 καὶ
3136 2599 3410 2671 ἀτμώδης,
3442 2601 3474 2670 ή
3509 2599 3565 2652 δὲ
3596 2599 3737 2669 ξηρά

2161 2695 2255 2748 καὶ
2288 2694 2598 2763 καπνώδης.
2642 2694 2752 2746 Καὶ
2793 2694 2828 2764 ὴ
2879 2690 3249 2754 πλεονάζουσα
3278 2689 3424 2761 ύγρά
3466 2689 3559 2742 καὶ
3608 2705 3735 2740 συν-

2163 2784 2422 2854 ισταμένη
2456 2784 2594 2854 νέφη
2647 2785 2822 2844 ποιεῖ,
2878 2782 2974 2834 καὶ
3021 2781 3161 2835 κατὰ
3205 2779 3505 2851 μεταϐολὴν
3550 2780 3737 2842 ὑετοὺς

2162 2875 2256 2927 καὶ
2281 2874 2542 2945 δμὸρους,
2578 2873 2674 2926 καὶ
2703 2872 3011 2944 πνεύματα,
3041 2873 3139 2925 ὅσα
3168 2874 3232 2925 ὲκ
3266 2871 3470 2926 τούτων
3503 2870 3730 2939 γίνεται.

2164 2965 2321 3016 Ἐστι
2366 2963 2424 3016 δὲ
2465 2962 2666 3034 ὀμίχλη
2699 2962 2860 3031 νέφος
2898 2963 3090 3031 ἄγονον
3141 2961 3361 3024 ὓδατος,
3412 2960 3444 3031 ἢ
3480 2958 3735 3030 ἀτμὼδης

2161 3056 2545 3127 ἀναθυμίασις.
2589 3055 2760 3124 Ζόφος
2789 3055 2848 3107 δὲ
2886 3055 3045 3124 νέφος
3083 3054 3247 3125 μέλαν
3296 3071 3356 3106 τε
3396 3053 3489 3106 καὶ
3528 3051 3736 3122 πεπλη-

2165 3148 2427 3220 ρωμένον.
2478 3145 2675 3218 Αίθρία
2712 3145 2770 3198 δὲ
2820 3145 2930 3216 ἀὴρ
2973 3144 3230 3213 ἀνέφελος
3281 3143 3375 3196 καὶ
3422 3143 3730 3212 ἀνόμιχλος.

2175 3241 2368 3312 Ἀχλὺς
2399 3239 2455 3292 δὲ
2482 3238 2655 3308 πάχος
2687 3237 2848 3308 ἀέρος
2875 3235 3197 3290 ἀσύστατον.
3226 3235 3432 3304 Κνηκὶς
3456 3235 3513 3286 δὲ
3539 3235 3732 3304 νεφέλη

2162 3328 2486 3400 λεπτοτάτη,
2522 3326 2652 3398 κενὴ
2686 3326 2894 3390 ὓδατος.
2926 3326 3124 3398 Δρόσος
3147 3325 3203 3377 δὲ
3237 3325 3402 3396 ὑγρὸν
3435 3324 3492 3390 ἐξ
3523 3325 3734 3395 αἰθέρος

2163 3419 2375 3491 αἰθρίου
2432 3417 2573 3471 κατά
2631 3416 2889 3470 σύστασιν
2938 3416 3160 3488 λεπτήν.
3226 3415 3423 3478 Ψακάς
3474 3417 3530 3469 δὲ
3590 3415 3733 3487 ὕδωρ

2162 3508 2373 3571 λεπτῶς
2417 3507 2825 3576 διεστιασμένον
2871 3522 2931 3558 τε
2988 3505 3080 3558 ἐπὶ
3116 3507 3215 3576 τῆς
3264 3505 3386 3574 γῆς.
3443 3504 3625 3567 ’Υετὸς
3677 3505 3735 3556 δὲ

2161 3599 2342 3669 ψακὰς
2367 3598 2504 3669 ἀδρά
2533 3597 2628 3651 καὶ
2674 3597 2922 3667 συνεχής.
2953 3595 3199 3667 Ὄμϐρος
3227 3596 3282 3648 δὲ
3321 3596 3490 3666 μικρά
3531 3597 3733 3666 συστή-

2167 3709 2312 3763 ματα
2342 3690 2532 3752 ὕδατος
2572 3689 2638 3742 ὲκ
2667 3689 2862 3755 νέφους
2905 3687 3046 3741 κατά
3092 3688 3418 3759 μεταϐολήν.
3463 3688 3643 3755 Πάγος
3676 3687 3732 3740 δέ

2162 3782 2310 3834 ἐστιν
2341 3781 2485 3852 ὕδωρ
2537 3779 2806 3850 πεπηγός.
2845 3780 3031 3851 Πάχνη
3080 3780 3138 3832 δὲ
3191 3779 3476 3852 ἡμιπαγὴς
3522 3780 3728 3850 δρόσος.

2160 3872 2308 3927 Χιὼν
2341 3874 2398 3926 δὲ
2427 3872 2598 3925 ὑετῶν
2638 3871 2820 3941 ψακάς
2848 3872 2907 3924 έν
2943 3872 3094 3940 νέφει
3131 3872 3420 3942 πεπηγότι.
3459 3871 3636 3939 Νιφάς
3677 3869 3734 3922 δέ

2159 3966 2276 4018 ἐστι
2307 3963 2440 4035 χιὼν
2471 3964 2744 4017 πίπτουσα
2767 3963 2999 4027 λεπτῶς.
3023 3963 3249 4028 Χάλαζα
3270 3964 3326 4016 δέ
3354 3967 3499 4017 ἐστιν
3530 3963 3733 4034 ὄμϐρος

2161 4057 2446 4128 πεπηγώς.

2240 4152 2305 4204 Ἡ
2336 4151 2394 4203 δὲ
2426 4147 2566 4221 ξηρά
2586 4148 2949 4220 ἀναθυμίασις
2973 4149 3038 4201 ἐκ
3058 4147 3151 4201 τοῦ
3175 4147 3279 4201 ὑπὸ
3293 4147 3496 4217 ψύχους
3515 4147 3536 4177 ⁸
3562 4147 3733 4216 μενῶ-

2161 4242 2307 4306 σθεις
2334 4242 2568 4314 ἀνέμους
2599 4244 2844 4312 ὲμποιεῖ’
2878 4241 3228 4312 ἐμπίπτουσα
3256 4239 3314 4292 δὲ
3347 4239 3444 4291 καὶ
3471 4238 3734 4309 διάπυρος

2159 4335 2443 4405 γινομένη,
2478 4333 2806 4405 κεραυνούς-
2841 4332 3013 4403 ἀθρόα
3042 4332 3098 4384 δὲ
3140 4331 3436 4402 φερομένη,
3461 4329 3732 4399 ὴμίπυρος

2157 4426 2312 4497 οὖσα,
2342 4431 2694 4504 πρηστῆρας·
2733 4431 2807 4502 μὴ
2830 4428 3200 4501 πεπυρωμένη
3228 4427 3284 4479 δέ
3312 4443 3427 4488 πως
3451 4424 3728 4493 τυφῶνας

2159 4525 2418 4596 ἀνειμένη
2452 4525 2509 4578 δὲ
2541 4527 2574 4595 ἠ
2599 4525 2737 4595 αὐτὴ
2765 4523 3020 4592 ἐκνεφίας
3058 4523 3218 4574 ποιεῖ.
3246 4518 3522 4588 Κεραυνὸς
3556 4517 3612 4568 δὲ
3638 4515 3732 4568 καὶ

481 4600 576 4654 cit.
602 4600 870 4655 Caterum
904 4601 1132 4666 fulmen,
1159 4612 1390 4672 prester,
1413 4613 1468 4658 et
1497 4605 1701 4676 typhon
1730 4606 2053 4661 incumbens

2162 4617 2438 4689 πρηστὴρ,
2463 4617 2554 4671 καὶ
2576 4616 2762 4685 τυφὼς
2790 4613 3147 4684 κατασκήψας
3175 4615 3203 4666 ό
3228 4610 3468 4680 σκηπτὸς
3493 4609 3726 4676 λέγεται.

483 4692 724 4761 σκηπτὸς
772 4693 994 4748 dicitur.
1053 4692 1180 4749 Hac
1227 4695 1419 4764 paucis
1473 4712 1538 4751 ac
1565 4697 1890 4766 compendio
1930 4711 2054 4766 per-

484 4785 776 4840 strinxisse
842 4783 1322 4852 sulliciat.f‘Nunc
1390 4787 1459 4842 ad
1523 4771 1826 4857 sequentia.
1862 4804 2054 4860 perge-

481 4892 623 4932 mus.

1082 4986 1160 5041 De
1198 4987 1415 5044 mundo.

551 5101 638 5159 IV.
676 5101 909 5157 Mundus
935 5111 1016 5166 est
1039 5119 1328 5174 compages
1349 5120 1416 5159 ex
1443 5104 1583 5159 calo
1604 5111 1873 5172 terraque,
1898 5112 1950 5159 et
1983 5104 2050 5159 iis

481 5196 692 5249 naturis
726 5204 1122 5265 coagmentata,
1151 5212 1271 5265 qua
1298 5203 1530 5266 utroque
1559 5197 2052 5253 continentur.Cm-

481 5287 592 5339 lum
633 5294 717 5340 est
743 5285 793 5338 id
822 5286 967 5356 quod
1001 5287 1186 5340 omnia
1219 5301 1340 5353 qna
1374 5297 1521 5351 sunt,
1557 5298 1752 5356 prater
1784 5290 2046 5358 seipsum,

481 5379 880 5448 complectitur.
919 5377 1113 5434 Hither
1143 5386 1228 5434 est
1258 5381 1576 5435 tenuissima
1609 5382 1927 5436 substantia
1950 5383 2053 5438 dif-

483 5471 644 5535 fusio,
700 5478 893 5542 snapte
945 5479 1145 5526 natura
1187 5471 1364 5526 calida
1395 5481 1448 5526 et
1494 5474 1813 5542 splendida;
1850 5489 1912 5528 ac
1935 5475 2052 5544 pri-

482 5561 715 5629 migerna
750 5569 859 5625 lux,
891 5579 1069 5632 neque
1111 5564 1179 5617 ab
1225 5565 1393 5617 altera
1421 5564 1766 5633 participata.
1820 5566 1926 5619 Aer
1969 5575 2053 5621 est

483 5652 788 5706 substantia
813 5653 948 5710 levis
971 5665 1024 5709 et
1056 5655 1376 5726 caliginosa,
1422 5671 1540 5725 qua:
1590 5658 2050 5711 connnunicatum

555 5807 631 5871 *ί
671 5805 979 5876 ύπέργειον.
1070 5811 1091 5841 ⁵
1118 5810 1159 5871 Ιῖ.
1199 5809 1474 5880 μυριάδες.

2161 4706 2410 4760 Τοσαῦτα
2464 4707 2562 4778 μὲν
2600 4705 2820 4777 ἀρκέσει
2865 4705 2940 4766 ὼς
2985 4704 3042 4756 ἐν
3083 4703 3316 4771 ἐπιτομῇ
3363 4699 3491 4769 περὶ
3525 4696 3732 4750 τούτων

2165 4799 2450 4872 εἰρῆσθαι·
2481 4798 2610 4868 ἑξῆς
2641 4798 2697 4851 δὲ
2727 4799 2796 4851 τά
2827 4795 3096 4850 ἀκόλουθα
3121 4793 3325 4847 τούτων
3352 4791 3602 4863 ἐροῦμεν.

2727 4993 2867 5062 Περὶ
2913 4994 3166 5063 κόσμου.

2228 5115 2301 5166 Δ’.
2339 5113 2559 5183 Κόσμος
2599 5111 2718 5164 ἐστὶ
2757 5110 3009 5182 σύστημα
3059 5106 3287 5178 ούρανοῦ
3331 5106 3424 5160 καὶ
3475 5104 3600 5174 γῆς,
3637 5103 3728 5156 καὶ

2155 5206 2266 5260 τῶν
2318 5208 2376 5258 έν
2417 5205 2628 5268 τούτοις
2679 5204 2913 5274 φύσεων.
2967 5202 3204 5273 Οὐρανὸς
3253 5200 3309 5253 δὲ
3358 5199 3420 5250 τὸ
3478 5198 3726 5266 περιέχον

2157 5298 2336 5350 πάντα
2369 5297 2436 5350 τά
2461 5295 2610 5358 ὄντα,
2646 5295 2783 5365 πλὴν
2828 5292 3015 5346 αὑτοῦ.
3048 5291 3220 5360 Αἰθὴρ
3249 5290 3304 5341 δὲ
3353 5287 3540 5350 οὐσίας
3575 5284 3726 5355 χύμα

2153 5387 2215 5440 τὸ
2242 5388 2590 5449 λεπτότατον,
2624 5384 2823 5457 θερμὸν
2851 5385 3009 5455 φύσει
3041 5383 3133 5436 καὶ
3164 5381 3416 5452 λαμπρόν
3435 5397 3448 5409 °
3478 5379 3540 5430 τὸ
3575 5376 3712 5450 πρῶο

2153 5493 2245 5528 τον
2285 5475 2420 5544 φῶς,
2467 5476 2562 5528 καὶ
2616 5476 2689 5546 μὴ
2735 5474 2874 5527 κατὰ
2913 5473 3144 5543 μετοχὴν
3194 5471 3378 5542 ἐτέρου
3419 5465 3722 5538 γινόμενον.

2167 5563 2298 5635 Ἀὴρ
2328 5565 2385 5616 δὲ
2411 5563 2566 5616 οὐσία
2593 5563 2792 5632 κούφη,
2825 5561 3048 5633 ζοφερά,
3080 5561 3220 5613 κο.τά
3244 5558 3473 5630 μετοχὴν
3497 5557 3551 5608 δὲ
3583 5555 3727 5623 γινὸ-

2159 5657 2372 5726 μενοντ.
2413 5656 2477 5708 Ἡ
2532 5655 2593 5708 δὲ
2637 5655 2813 5726 θερμὴ
2860 5655 2954 5706 καὶ
2985 5652 3220 5722 φωτεινὴ
3250 5651 3386 5704 Θεῶν
3429 5649 3489 5714 ἐξ
3514 5648 3726 5718 αἰθέρος

1566 5811 1586 5842 θ
1610 5811 1761 5882 [μὲν
1785 5809 2039 5866 ὠσθεῖσα.
2121 5813 2140 5843 ⁷
2169 5809 2270 5864 Hic
2300 5811 2442 5865 locus
2472 5810 2786 5878 deprauatus
2816 5820 2863 5863 et
2894 5811 3130 5865 mutilus.
