4112 6440
403 429 539 484 1145
1452 421 1730 478 INCERTI
1756 422 1847 476 AD
1884 422 1998 476 AR}

2116 421 2592 481 ΡΗΕΝΟΜΕΝΑ.

404 547 732 616 συνεστηκός
752 563 766 576 ·
800 546 858 610 ὃς
885 545 960 598 ὢν
991 543 1246 616 λαμπρὸς
1285 547 1382 601 καὶ
1415 543 1690 616 πμρώδης,
1717 541 1972 594 οὐδέποτε

2096 543 2296 600 ιιίιιηάο
2326 545 2562 600 calorem
2583 583 2600 609 ,
2645 557 2711 600 ac
2762 549 2944 605 lumen

404 644 593 696 στάσιν
628 641 769 710 ἔχον,
822 639 935 692 ἀλλ’
983 639 1072 692 ἀεὶ
1123 638 1399 710 φερομένη
1436 635 1639 706 κύκλῳ.
1673 634 1880 697 Πόλος⁸
1913 633 1972 686 δὲ

402 733 690 789 καλοῦνται
713 732 762 783 οἱ
790 729 930 784 κατά
959 729 1203 800 κορυφὴν
1225 729 1381 782 τόποι
1405 727 1507 798 τῆς
1535 725 1770 796 σφαίρας
1790 743 1803 755 ·
1830 724 1972 789 ἄξων

400 826 458 879 δὲ
488 824 551 877 τὸ
600 823 686 876 διὰ
718 822 880 892 μέσον
915 822 1014 891 τῆς
1062 820 1296 892 σφαίρας
1337 819 1520 890 διῆκον
1548 817 1798 888 πνεῦμα⁸
1835 817 1974 888 ὅπερ

401 919 549 970 ἐστὶν
580 915 765 969 εὐθεῖὰ
787 932 892 978 τις.
918 913 1122 968 Κύκλοι
1144 914 1200 967 δὲ
1229 913 1478 980 λέγονται
1506 911 1566 964 ὲν
1597 908 1678 980 τῷ
1719 909 1935 981 οὐρανῷ
1954 926 1969 940 ο

402 1009 569 1074 ζῶναι
596 1008 653 1062 δὲ
676 1007 768 1061 ἐπὶ
796 1007 895 1078 τῆς
921 1007 1025 1077 γῆς
1047 1023 1060 1037 ·
1095 1005 1342 1076 κόλουροι
1371 1003 1428 1057 δέ
1450 1004 1587 1056 εἰσιν
1617 1008 1691 1066 ς’.

3503 423 3641 482 “46

3067 586 3084 602 .
3132 559 3198 602 ex
3251 545 3450 601 aethere
3492 562 3642 603 com-

2074 643 2294 705 pactum
2329 655 2342 691 :
2377 638 2471 707 qui
2520 652 2646 692 cum
2685 637 3004 708 splendidus
3037 637 3333 709 igneusque
3363 639 3456 705 sit,
3491 640 3643 695 nullo

2074 734 2316 795 tempore
2340 727 2704 796 conquiescit,
2747 729 2838 783 sed
2870 729 2925 782 in
2949 727 3137 782 orbem
3157 736 3419 799 perpetuo
3453 745 3642 786 move-

2074 821 2186 869 tur.
2224 814 2388 870 Polos
2415 817 2697 887 appellant
2729 817 2848 879 loca
2880 817 3128 888 quaedam
3159 818 3214 872 in
3257 818 3482 888 sphaera:
3523 836 3645 876 ver-

2073 905 2180 959 tice
2215 924 2227 959 :
2263 920 2417 960 axem
2459 922 2609 973 vero,
2663 908 2917 978 spiritum
2971 909 3066 979 qui
3108 909 3378 979 sphaeram
3409 911 3643 966 mediam

2074 999 2345 1069 pervadit,
2394 1000 2500 1055 hoc
2543 1007 2630 1057 est
2679 1003 2879 1057 lineam
2937 1001 3092 1074 145
3125 1011 3348 1058 rectam.
3395 1001 3646 1058 Circulos

2075 1089 2426 1148 nominamus
2459 1093 2516 1148 in
2563 1093 2706 1153 cmlo
2738 1111 2752 1148 :
2802 1108 2972 1149 zonas
2999 1094 3056 1149 in
3081 1101 3247 1149 terra.
3301 1091 3489 1162 Coluri
3519 1100 3648 1148 sunt

2075 1195 2196 1236 sex.

2149 1270 2257 1330 Sed
2289 1273 2344 1329 hi
2375 1282 2504 1330 sunt
2551 1276 2790 1332 maxime
2816 1275 3116 1332 necessarii
3148 1294 3162 1330 :
3196 1274 3561 1340 meridianus;
3593 1281 3650 1329 et

2086 1365 2184 1436 qui
2217 1366 2457 1422 medium
2492 1377 2662 1423 secat.
2701 1368 2880 1438 Atque
2924 1368 2980 1422 hi
3028 1368 3248 1439 quidem
3290 1367 3649 1436 intelligentia

2080 1459 2220 1519 sola,
2277 1475 2387 1513 non
2441 1459 2624 1530 reipsa
2674 1462 3000 1515 consistunt.
3028 1462 3100 1514 At
3144 1459 3353 1514 lacteus
3405 1458 3648 1513 circulus

2079 1562 2248 1627 sensu
2311 1563 2528 1618 quoque
2585 1548 2906 1618 percipitur.
2951 1547 3120 1603 Porro
3175 1562 3336 1617 quem
3383 1546 3649 1602 circulum

2089 1655 2282 1695 secare
2307 1640 2545 1695 medium
2583 1640 2842 1704 diximus,
2883 1639 3024 1695 idem
3073 1647 3126 1694 et
3159 1639 3383 1693 horizon
3429 1636 3648 1692 dicitur.

472 1280 630 1342 Οὗτοι
661 1287 718 1342 δὲ
745 1288 793 1340 οἱ
821 1285 1136 1354 ἀναγκαῖοί·
1157 1286 1186 1338 6
1209 1283 1602 1357 μεσημϐρινὸς,
1627 1281 1723 1335 καὶ
1757 1281 1785 1334 ὁ
1812 1277 1906 1333 τοῦ
1931 1277 1978 1311 ⁸“

406 1381 567 1452 μέσον
612 1379 846 1451 τέμνων.
896 1378 1096 1449 Νοητοὶ
1137 1377 1236 1448 μὲν
1283 1373 1377 1430 οὖν
1403 1371 1548 1431 οὗτοι
1573 1390 1584 1406 ε
1633 1371 1889 1443 αἰσθητὸς
1919 1371 1977 1424 δὲ

402 1477 431 1527 6
459 1472 742 1543 γαλαξίας.
782 1471 840 1524 Ὀ
871 1471 1085 1540 τέμνων
1112 1470 1206 1524 καὶ
1235 1470 1431 1541 ὁρίζων
1462 1467 1630 1522 ἐστίν.
1673 1463 1899 1537 Ὀρίζων
1921 1463 1978 1516 δὲ

403 1564 619 1631 λέγεται
652 1565 680 1616 6
703 1560 909 1624 διιστὰς
929 1561 1040 1614 τῶν
1063 1560 1358 1632 ὁρωμένων
1394 1558 1466 1612 τὰ
1497 1557 1571 1628 μὴ
1595 1554 1849 1628 ὁρώμενα
1878 1551 1978 1622 τῆς

405 1655 643 1727 σφαίρας
662 1671 677 1686 ο
713 1654 806 1707 καὶ
839 1652 952 1707 ἐστι
973 1669 1079 1707 των
1115 1651 1407 1722 μεγίστων.
1436 1649 1638 1719 Τέμνει
1671 1646 1728 1700 δὲ
1754 1645 1846 1699 τὸν
1873 1643 1980 1708 ζω-

403 1744 612 1807 διακὸν,
644 1743 738 1796 καὶ
767 1743 1021 1812 τέμνεται
1053 1741 1144 1795 ὑπ’
1184 1736 1369 1793 αὑτοῦ.
1413 1738 1564 1790 ’Ὀλοι
1587 1737 1634 1789 δ’
1661 1735 1767 1788 εἰσὶ
1791 1732 1980 1787 κύκλοι

2096 1731 2437 1786 Horizontem
2460 1747 2740 1792 vocamus.
2770 1732 2864 1802 qui
2896 1732 3124 1802 sphaera:
3151 1738 3334 1800 partes
3373 1744 3489 1793 eas,
3531 1744 3652 1800 qua:

403 1832 482 1899 ἒξ,
510 1834 558 1887 οἱ
589 1833 873 1904 τράνοντες
901 1834 922 1865 ⁸
947 1831 1039 1884 καὶ
1069 1828 1392 1900 διορίζοντες
1420 1826 1490 1881 τὰ
1513 1822 1976 1896 δωδεκατημόρια.

2096 1822 2354 1887 videntur,
2403 1829 2620 1893 separat
2665 1823 2733 1877 ab
2789 1822 2858 1878 iis
2911 1837 3031 1891 qua:
3083 1821 3309 1875 minime
3354 1819 3650 1884 videntur;

403 1919 894 1990 Δωδεκατημόριον
929 1918 986 1972 δέ
1017 1919 1163 1970 ἐστιν
1191 1917 1422 1970 ἕκαστον
1447 1913 1644 1987 τμῆμα
1671 1913 1780 1967 τῶν
1823 1914 1880 1966 ἐν
1907 1909 1987 1982 τῷ

2096 1913 2248 1984 isque
2280 1913 2422 1968 inter
2462 1914 2731 1969 maximos
2781 1921 3194 1977 annumeratur,
3227 1925 3422 1968 secans
3464 1909 3654 1964 zodia-

403 2008 672 2078 ζωδιακῷ.
2083 2020 2232 2070 cum,
2266 2013 2322 2060 et
2353 2005 2597 2060 vicissim
2640 2006 2711 2059 ab
2755 2021 2822 2060 eo
2853 2014 3057 2060 sectus.
3113 2003 3252 2058 Sunt
3301 2009 3482 2058 autem
3530 1999 3657 2054 uni-

403 2119 559 2158 verse
581 2104 770 2158 circuli
801 2119 918 2168 sex,
948 2103 1039 2172 qui
1071 2099 1511 2156 dodecatemoria
1539 2098 1885 2170 distinguunt
1922 2109 1988 2151 ac
2024 2096 2409 2157 determinant.
2451 2099 2951 2156 Dodecatemorium
2979 2106 3065 2154 est
3119 2104 3456 2169 segmentum
3481 2090 3657 2164 quod-

405 2196 537 2250 libet
565 2211 752 2250 eorum
784 2210 904 2264 quae
924 2204 1053 2250 sunt
1083 2195 1140 2248 in
1168 2191 1418 2246 zodiaco.

728 2307 790 2361 Τί
823 2305 1086 2376 διαφέρει
1130 2303 1359 2373 ἄστρον
1391 2302 1664 2370 ἀστέρος.

2333 2297 2476 2364 Quid
2505 2299 2714 2353 intersit
2740 2307 2946 2351 astrum
2968 2296 3108 2349 inter
3129 2301 3180 2347 et
3207 2291 3435 2346 stellam.

480 2423 554 2474 E'.
587 2420 842 2492 Διαφέρει
871 2420 927 2473 δὲ
962 2418 1163 2490 ἄστρον
1195 2417 1444 2488 ἀστέρος.
1477 2413 1550 2468 Τὸ
1583 2412 1680 2484 μὲν
1704 2424 1812 2482 γαρ
1837 2411 1989 2464 ἐστιν

2158 2406 2225 2462 ν.
2260 2405 2449 2463 Diﬂert
2465 2416 2671 2464 astrum
2701 2425 2730 2463 a
2756 2409 2930 2464 stella.
2965 2407 3059 2462 Est
3074 2407 3218 2462 enim
3237 2406 3366 2460 illud
3390 2407 3568 2476 imago
3595 2421 3660 2461 ex

406 2514 623 2568 εἴδωλον
669 2515 732 2566 ὲκ
778 2511 987 2566 πολλῶν
1033 2511 1276 2582 ἀστέρων
1324 2506 1752 2581 μεμορφωμένον
1773 2522 1787 2535 ·
1835 2503 1897 2558 τὸ
1931 2503 1989 2557 δὲ

2096 2499 2280 2554 multis
2311 2499 2485 2555 stellis
2510 2499 2776 2570 eﬂigiata;
2809 2500 2924 2553 haec
2954 2513 3086 2553 vero
3117 2497 3370 2566 simplex,
3404 2504 3457 2551 et
3503 2499 3662 2550 unica

405 2605 546 2660 κατὰ
600 2606 728 2676 μίαν
775 2605 993 2676 γραφὴν
1049 2600 1514 2674 περιοριζόμενον.
1567 2599 1794 2667 Φέρεται
1854 2595 1912 2650 δὲ
1963 2595 1993 2648 ὁ

2101 2588 2468 2660 descriptione
2509 2596 2795 2645 constans.
2829 2587 3095 2642 Caeterum
3141 2585 3223 2641 sol
3275 2593 3465 2639 contra
3499 2594 3663 2654 atque

405 2699 553 2768 ἥλιος
711 2673 960 2749 ἐναντίαν
997 2673 1169 2766 φοράν
1209 2692 1286 2763 τῷ
1329 2690 1542 2764 οὐρανῷ
1567 2707 1582 2722 ο
1625 2689 1765 2742 ὥστε
1798 2688 1994 2757 δισσὴν

2096 2682 2293 2736 malum
2322 2683 2560 2752 agitatur
2584 2720 2599 2746 ,
2635 2681 2771 2736 adeo
2805 2687 2864 2732 ut
2895 2677 3164 2747 duplicem
3197 2682 3405 2754 motum
3436 2673 3659 2728 haheat:

406 2786 570 2840 αὐτοῦ
631 2785 844 2855 κίνησιν
898 2779 1037 2837 εἶναι
1061 2798 1076 2813 ο
1117 2782 1218 2852 τὴν
1276 2781 1373 2851 μὲν
1404 2781 1500 2834 σὺν
1525 2779 1602 2850 τῷ
1642 2779 1852 2849 κόσμῳ,
1896 2777 1997 2848 τὴν

2102 2773 2332 2827 alterum
2369 2786 2715 2827 communem
2761 2784 2884 2824 cum
2916 2767 3139 2830 mundo,
3177 2751 3503 2835 peculiarem
3530 2764 3667 2818 alte-

405 2879 463 2932 δὲ
495 2879 615 2931 κατ’
659 2841 793 2930 ίδίαν
820 2876 888 2928 ¹⁰.
939 2875 1093 2945 Ἔχει
1125 2841 1185 2926 δέ
1207 2841 1300 2925 τοίῖ
1333 2871 1432 2942 μὲν
1491 2841 1684 2940 θέρους
1714 2841 1759 2940 ἡ.
1792 2841 1998 2940 ἡμέρα,

2099 2880 2238 2919 rum.
2267 2863 2440 2920 Habet
2460 2872 2640 2919 autem
2673 2863 2894 2917 aestivus
2916 2861 3053 2923 dies,
3079 2857 3297 2929 quando
3325 2857 3404 2932 sol
3430 2841 3663 2920 obtinet,

406 2929 670 3023 ὁτεέστὶν
709 2969 738 3021 6
766 2968 917 3037 ἥλιος
945 2929 1345 3036 ένΛΚαρκίνῳ,¹
1368 2960 1511 3015 κατὰ
1539 2929 1637 3032 τὴν
1664 2929 1924 3013 -Ἑλλάδαί

2096 2957 2153 3011 ἱη
2197 2954 2426 3021 Graecia,
2635 2969 2744 3008 nox
2786 2964 2916 3006 vero
2948 2947 3084 3004 duas
3115 2929 3372 3018 quintas';
3403 2952 3456 2998 at
3489 2944 3666 3000 hieme

407 3061 466 3115 δὲ
499 3061 595 3126 νὺξ
623 3060 718 3114 καὶ
747 3059 840 3112 δύο
867 3057 1090 3129 πέμπτη
1124 3056 1259 3128 μόνα
1285 3054 1326 3086 ¹¹
1348 3071 1362 3084 ⁶
1406 3053 1499 3125 ἐπὶ
1540 3053 1597 3106 δὲ
1643 3049 1912 3123 χειμῶνος
1933 3049 1994 3102 τὸ

2098 3056 2290 3103 contra
2314 3062 2435 3103 sese
2472 3062 2562 3101 res
2602 3045 2783 3100 habet.
2819 3042 3010 3097 Sidera
3047 3041 3338 3110 ἀμφιφανη
3375 3042 3663 3099 vocantur,

411 3125 698 3206 ἀνάπαλιν.
732 3125 954 3221 Ἀστραί
987 3125 1276 3220 ἀμφι-φανῆ
1318 3146 1402 3210 δὶς
1440 3145 1551 3217 γὰρ
1596 3145 1694 3216 τὴν
1730 3145 1773 3175 ¹³
1822 3142 1992 3214 αὐτὴν

2099 3156 2221 3212 quae
2249 3140 2335 3195 bis
2365 3139 2556 3195 eadem
2587 3145 2749 3193 nocte
2791 3142 3111 3191 cernuntur.
3141 3130 3200 3185 In
3251 3128 3479 3184 australi
3529 3125 3667 3182 nihil

411 3245 600 3315 ὁρᾶται
625 3242 816 3297 νύκτα.
837 3242 924 3296 Ἐν
944 3239 1023 3311 τῷ
1055 3239 1210 3310 νοτίῳ
1238 3239 1338 3292 οὐκ
1354 3237 1497 3290 ἔστιν
1529 3235 1655 3290 ἰδεῖν
1666 3234 1992 3288 τιτοιοῦτον.

2101 3211 2324 3306 apparet
2348 3229 2642 3303 ejusmodi.

2619 3425 2762 3492 Quot
2806 3424 2913 3477 sint
2956 3420 3145 3476 stella.

2165 3540 2257 3596 Vl.
2291 3539 2488 3596 Stellas
2532 3553 2724 3594 omnes
2767 3535 3109 3606 Hipparchus
3131 3530 3329 3588 asserit
3355 3544 3478 3586 esse
3498 3528 3668 3584 1080;

2097 3648 2218 3704 quae
2244 3632 2505 3687 nimirum
2551 3629 2998 3685 constellationes
3050 3631 3369 3694 apparentes
3413 3619 3670 3675 eﬂiciunt.

2098 3724 2363 3796 Opposita
2404 3723 2561 3792 signa
2591 3725 2756 3776 sunt:
2782 3717 2961 3780 Aries,
2994 3713 3195 3779 Chelae;
3232 3711 3465 3774 Taurus,
3510 3707 3675 3762 Scor~

2097 3820 2243 3892 pius;
2265 3816 2502 3882 Gemini,
2521 3813 2872 3885 Sagittarius;
2894 3810 3022 3864 item
3048 3805 3412 3877 Capricornus
3435 3800 3676 3868 Cancro,

2099 3911 2269 3969 Leoni
2301 3909 2597 3980 Aquarius,
2624 3904 2839 3976 Virgini
2860 3901 3072 3958 Pisces.

790 3450 978 3504 Πόσοι
1009 3450 1063 3501 οὶ
1091 3446 1314 3511 πάντες
1339 3441 1612 3512 ἀστέρες.

490 3566 580 3632 ς’.
596 3562 735 3627 Τοὺς
748 3562 954 3626 πάντας
975 3560 1207 3632 ἀστέρας
1229 3555 1671 3627 εῐναιἾππαρχός
1685 3570 1852 3625 φησιν
1867 3558 1992 3617 ,απὀ

412 3657 527 3710 ὅσοι
554 3650 645 3709 οὖν
675 3651 942 3725 πληροῦσι
975 3652 1045 3706 τὰ
1077 3653 1136 3705 ὲν
1173 3653 1289 3714 τοῖς
1327 3647 1673 3718 φαινομένοις
1716 3643 1994 3717 ὁρώμενα.

427 3747 716 3816 Ἀντίζυγα
743 3747 800 3800 δέ
832 3749 948 3800 ἐστι
976 3743 1144 3808 {eam
1166 3743 1292 3798 τάδε
1313 3761 1326 3773 ο
1367 3742 1557 3813 Κριὸς,
1601 3737 1778 3810 Χηλαί
1798 3755 1812 3769 ο
1853 3736 1998 3790 Ταῦ-

418 3858 530 3913 ρος,
572 3839 872 3910 Σκορπίος·
919 3838 1180 3907 Δίδυμοι,
1226 3833 1495 3904 Τοξότης·
1545 3831 1643 3886 καὶ
1684 3829 1998 3902 Αίγόκερως

417 3930 676 4001 Καρκίνῳ
698 3945 712 3959 ο
744 3927 933 3982 Λέοντι
973 3926 1257 3998 ’Υδροχόος
1278 3942 1294 3956 ο
1329 3923 1593 3996 Παρθένῳ
1633 3920 1856 3992 Ἰχθύες.

657 4061 788 4130 Περὶ
823 4059 946 4115 τῶν
972 4059 1083 4128 τῆς
1115 4057 1389 4127 σελήνης
1421 4053 1768 4127 σχημάτων.

2573 4041 2651 4097 De
2681 4039 2868 4112 ﬁguris
2905 4033 3205 4091 lunaribus.

490 4177 565 4229 Z'.
599 4173 721 4228 Τῶν
754 4173 811 4226 δὲ
842 4173 1135 4243 σχημάτων
1159 4173 1256 4243 τῆς
1287 4170 1516 4243 σελήνης
1546 4167 1822 4238 φωτεινῶν
1866 4167 2002 4218 εἰσιν

424 4269 530 4324 οἵδε
559 4265 731 4340 [μέν.]
757 4264 1060 4337 Μηνοειδὴς
1093 4264 1188 4335 μὲν
1220 4257 1311 4316 οὖν
1338 4264 1506 4326 ἐστιν,
1533 4262 1660 4314 ὅταν
1691 4257 1796 4312 ὑπό
1823 4274 2003 4329 γραμ-

427 4363 544 4434 μῶν
591 4361 945 4433 περιφέρειαν
996 4357 1353 4428 περιέχηταιο
1416 4353 1700 4426 διχότομος
1744 4349 1822 4416 δὲ,
1875 4350 2004 4403 ὅταν

421 4453 2002 4525 ἡμικύκλων..............

497 4543 768 4617 Διαφορὰς
804 4539 1096 4613 τέμνεσθαι
1128 4539 1226 4609 τῆς
1259 4523 1526 4607 σφαίραςο
1558 4534 1658 4604 τὴν
1697 4531 1754 4585 δὲ
1795 4529 2005 4601 παράλ-
2034 4561 2080 4617 D

425 4637 583 4708 ληλον
615 4637 709 4688 καὶ
739 4635 838 4706 τὴν
867 4630 1166 4702 λεγομένην
1199 4626 1359 4699 λοξὴν
1380 4645 1394 4659 ο
1431 4626 1511 4679 ἔτι
1545 4625 1602 4678 δὲ
1629 4625 1726 4696 τὴν
1761 4621 2002 4694 ὁρθινήν.

429 4727 811 4798 Παραλλήλους
866 4726 962 4796 μὲν
1009 4726 1064 4777 ὲν
1111 4720 1190 4792 τῷ
1224 4719 1415 4790 κόσμῳ
1449 4715 1763 4787 συμϐέϐηκε
1803 4712 2005 4780 λέγειν,

428 4822 542 4874 ὅσοι
566 4818 654 4872 τὸν
684 4816 845 4871 αὐτὸν
869 4813 1049 4885 έχουσι
1080 4811 1241 4865 πόλον
1271 4811 1336 4881 τῇ
1372 4808 1510 4878 αὑτῇ
1546 4805 1753 4874 σφαίρᾳ.
1772 4822 1785 4835 ·
1813 4801 2008 4874 ὀρθοὺς

428 4912 486 4965 δὲ
513 4909 700 4964 τούσδε
728 4909 853 4970 τοὺς
877 4906 985 4960 ἀπὸ
1021 4904 1128 4957 τῶν
1155 4901 1354 4956 πόλων.
1386 4899 1585 4964 Λοξοὺς
1609 4897 1664 4949 δὲ
1689 4889 1762 4948 ὧν
1795 4893 1864 4947 τὰ
1895 4893 2012 4945 ἐπί-

432 5003 567 5056 ποδα
604 5001 908 5071 κέκρυπται
941 4999 984 5029 ³³
1022 4997 1158 5068 πρὸς
1186 4994 1311 5057 τοὺς
1343 4991 1668 5062 λεγομένους
1695 4987 1888 5060 ὀρθοὺς
1912 4984 2008 5038 καὶ

429 5097 556 5158 τοὺς
587 5091 983 5167 παραλλήλους.
1025 5087 1292 5156 Ἀπείρως
1324 5084 1382 5138 δὲ
1412 5079 1744 5136 ἐπινοεῖσθαι
1769 5074 2007 5146 δυναμέ-

432 5205 538 5240 νων
587 5187 642 5238 ὲν
688 5185 835 5256 τρισὶ
879 5183 1164 5252 διαφοραῖς
1208 5177 1447 5238 κύκλων,
1482 5173 1701 5244 νοητέον
1745 5169 1850 5222 ὑπὸ
1899 5165 2008 5219 τῶν

439 5275 836 5349 μαθηματικῶν
896 5274 1022 5336 τοὺς
1082 5273 1162 5333 εἰς
1214 5268 1314 5340 τὴν
1375 5266 1562 5340 χρείαν
1620 5264 1720 5334 τῆς
1777 5258 2011 5330 θεωρίας

436 5372 626 5443 ἔχοντα
661 5368 1050 5441 παρειλῆφθαι.
1085 5362 1473 5434 Παραλλὴλους
1513 5361 1569 5413 δὲ
1603 5358 1691 5412 τόν
1719 5373 1779 5409 τε
1812 5356 2007 5426 ἀρκτι-

434 5463 530 5518 κὸν
563 5462 655 5516 καὶ
685 5461 776 5514 τὸν
805 5461 1014 5532 θερινὸν
1048 5457 1328 5530 τροπικὸν,
1363 5455 1458 5509 καὶ
1499 5452 1588 5506 τὸν
1622 5445 2005 5520 ἀνταρκτικὸν.

440 5556 584 5626 Ἀρα
605 5570 666 5607 τε
703 5552 760 5606 δὲ
787 5552 968 5616 αὐτὸς,
993 5551 1088 5604 καὶ
1118 5548 1163 5584 ⁸⁸
1189 5549 1277 5603 ἀεὶ
1306 5545 1558 5617 φανερὸς,
1591 5541 1677 5595 διὰ
1703 5540 1764 5594 τό
1787 5556 1848 5592 τε
1873 5536 2010 5591 πάν-

2171 4162 2285 4218 Vll.
2325 4160 2645 4215 llluminata:
2674 4163 2813 4210 lunae
2841 4152 3050 4223 efﬁgies
3086 4152 3206 4204 ista:
3241 4153 3390 4202 sunt.
3415 4143 3682 4199 Cornicu-

2100 4253 2212 4308 lata
2256 4251 2477 4314 dicitur,
2525 4246 2745 4318 quando
2789 4243 2935 4298 illius
2961 4241 3198 4295 ambitus
3227 4236 3387 4291 lineis
3435 4234 3681 4288 contine-

2103 4353 2214 4400 tur.
2237 4342 2527 4397 Dimidiata
2555 4354 2704 4402 vero,
2735 4350 2860 4390 cum
2901 4373 2916 4388 .
2961 4373 2976 4388 .
3021 4373 3035 4388 .
3077 4370 3092 4385 .
3137 4369 3152 4384 .
3191 4369 3206 4384 .
3249 4366 3264 4380 .
3307 4367 3321 4382 .
3367 4367 3383 4381 .
3425 4363 3438 4378 .
3487 4363 3501 4377 .
3541 4363 3555 4375 .
3602 4360 3616 4375 .
3661 4360 3678 4376 .

2169 4517 2608 4590 Equidistantes
2647 4511 2987 4582 appellantur
3031 4507 3085 4560 in
3137 4502 3360 4566 mundo,
3393 4498 3483 4569 qui
3531 4512 3682 4551 eum-

2108 4613 2231 4669 dem
2259 4587 2474 4665 habent
2511 4622 2635 4661 cum
2678 4604 2890 4674 sphaera
2925 4601 3043 4670 ipsa
3083 4598 3264 4666 polum
3293 4612 3305 4646 :
3340 4594 3430 4661 qui
3461 4587 3682 4659 quidem

2107 4720 2230 4762 cum
2250 4702 2388 4774 polis
2408 4697 2731 4770 comparati,
2748 4693 2882 4750 recti
2901 4690 3273 4746 nominantur.
3293 4683 3508 4752 Obliqui
3530 4687 3680 4742 sunt,

2107 4769 2343 4868 quorum
2391 4793 2551 4863 plana
2595 4787 2932 4843 inclinantur
2979 4780 3048 4836 ad
3098 4786 3299 4840 rectos,
3349 4783 3404 4829 et
3457 4769 3684 4840 tequidi-

2108 4865 2338 4947 stantes.
2370 4887 2505 4941 Cum
2538 4891 2718 4937 autem
2754 4879 2984 4934 inﬁnitis
3023 4874 3200 4930 modis
3227 4865 3523 4937 excogitari
3556 4876 3684 4933 pos-

2111 4986 2223 5041 sint
2255 4983 2310 5035 in
2336 4977 2539 5049 triplici
2561 4973 2866 5030 differentia
2887 4968 3102 5030 circuli,
3132 4959 3543 5032 intelligendum
3575 4960 3682 5049 est,

2113 5091 2208 5130 eos
2244 5041 2508 5126 duntaitat
2547 5083 2578 5121 a
2621 5061 3021 5119 mathematicis
3059 5056 3333 5111 adhibitos
3369 5049 3558 5109 fuisse,
3590 5041 3684 5113 qui

2115 5166 2182 5220 ad
2210 5166 2425 5217 illarum
2453 5173 2631 5213 rerum
2657 5151 3170 5220 contemplationem
3211 5141 3462 5199 utilitatis
3483 5132 3687 5205 aliquid

2114 5257 2389 5312 aﬂerrent.
2420 5249 2667 5306 l’aralleli
2707 5255 2852 5307 sunt,
2878 5243 3134 5305 arcticus,
3163 5237 3386 5292 aestivus
3423 5229 3686 5298 tropicus,

2110 5356 2170 5418 et
2199 5345 2558 5400 antarcticus.
2591 5338 2850 5393 Arcticus
2880 5335 3017 5386 alias
3047 5343 3263 5399 semper
3294 5335 3562 5394 apparens
3591 5325 3689 5414 vo-

2115 5447 2290 5500 catur,
2330 5433 2475 5505 quod
2506 5436 2769 5502 perpetuo
2801 5423 3070 5485 videatur,
3104 5434 3201 5473 nec
3250 5426 3489 5483 unquam
3541 5403 3690 5461 occi-

2116 5531 2247 5585 dat.
2285 5565 2299 5580 .
2437 5565 2451 5578 .
2498 5524 2846 5578 Concurrunt
2893 5530 2993 5586 pro
3041 5511 3327 5582 regionum
3385 5502 3685 5559 varietate:

543 5777 564 5806 "
598 5775 637 5844 f.
671 5773 843 5828 πόλοι.
919 5772 964 5804 ⁸⁸
995 5771 1034 5841 f.
1201 5768 1222 5800 ’
1256 5762 1667 5844 f._'rpa_._vo§v'r‘ec‘.
1735 5758 1780 5789 ¹⁰

2096 5749 2238 5801 dosa.
2320 5745 2360 5776 “
2393 5743 2433 5807 f.
2461 5739 2872 5810 πεμπτημόρια,
2953 5737 2992 5766 η
3021 5734 3060 5804 ί,
3090 5728 3226 5784 κατὰ
3249 5728 3363 5796 τήν,
3444 5723 3485 5755 η
3514 5722 3550 5791 ί,
3581 5717 3692 5772 ἐπε,

2108 5837 2167 5844 μ.
2219 5815 2302 5844 ται.
2334 5815 2392 5844 ..λ
2423 5811 2648 5844 ...ιω-’.φρ

451 5846 583 5902 πεδα
619 5845 886 5898 κέκλιται.

964 5811 1517 5909 ’ξ’[ίάρκτίκὸ-ςῗνδέϋὸ
1729 5827 1844 5892 καί,
1882 5834 1980 5880 etc.
2039 5819 2092 5875 Μ
2101 5837 2189 5885 0.1:,
2217 5815 2304 5871 διὰ
2333 5815 2393 5868 τὸ
2423 5811 2672 5866 πάντοτε.
