4132 6410
495 384 665 484 ἰιιν

1544 421 1634 474 AD
1672 419 1943 478 EUSEBII
1980 417 2378 476 CHRONICON
2420 421 2782 478 APPENDIX.

3639 429 3770 485 1148

525 545 769 602 verticali
801 549 1004 615 puncto
1030 540 1099 597 ad
1125 549 1392 606 austrum,
1419 540 1504 594 vel
1537 538 1845 610 aquilonem
1884 536 2094 606 longius

2201 552 2315 588 τοτε
2366 537 2681 604 φαίνεσθαι,
2742 552 2836 591 και
2895 539 3160 610 μηδέποτε
3204 541 3400 599 δύνειν.
3432 585 3444 598 .
3472 585 3486 600 .
3517 585 3531 599 .
3565 546 3772 617 Συμπίο

524 641 874 698 abscedente.

593 823 860 894 Tropicus
914 823 1154 877 circulus
1201 822 1282 878 sic
1330 820 1712 878 informandus
1758 821 1942 876 animo
1989 828 2095 885 est,

526 923 790 985 tanquam
819 915 901 970 sol
937 915 994 968 in
1027 914 1220 970 aestivo
1253 914 1490 970 solstitio
1527 915 1739 984 positus
1779 913 2098 983 parallelum

523 1007 692 1062 istum
724 1022 753 1060 a
787 1022 846 1062 se
874 1006 1210 1077 descriptum
1245 1007 1502 1062 sensibus
1551 1006 1808 1075 objiciat:
1863 1005 2102 1074 aequino-

523 1099 706 1154 ctialis
733 1098 856 1154 ideo
886 1100 1109 1163 dicitur,
1134 1100 1278 1170 quod
1301 1100 1556 1154 noctibus
1581 1098 1697 1153 dies
1725 1107 2096 1169 exaequentur,

524 1204 650 1244 cum
683 1189 750 1243 ad
776 1205 898 1245 eum
934 1191 1202 1244 circulum
1259 1191 1562 1246 secundum
1608 1205 1831 1245 sensum
1879 1189 1962 1244 sol
2007 1203 2098 1242 ac-

524 1279 791 1344 cesserit;
815 1280 1080 1335 hibernus
1111 1280 1356 1350 tropicus
1386 1287 1634 1342 vocatur,
1665 1279 1808 1347 quod
1839 1293 1960 1332 eum
1992 1279 2101 1332 cir-

525 1370 708 1423 culum
761 1371 845 1424 sol
915 1371 1190 1440 attingens
1248 1369 1536 1424 hibernum
1583 1369 1875 1424 solstitium
1937 1367 2097 1435 facit;

2196 641 2388 678 πτουσι
2417 629 2558 681 κατὰ
2592 629 2691 692 τὰς
2719 630 3012 702 διαφόρους
3040 633 3302 704 οἰκήσεις,
3325 635 3417 688 τοῦ
3441 637 3581 690 κατὰ
3610 657 3770 712 κορυ-

2198 717 2302 788 φὴν
2333 719 2560 788 σημείου
2590 721 2907 792 νοτιωτέρου
2933 721 2965 793 ἢ
2993 723 3330 795 βορειοτέρου
3360 728 3662 798 γινομένου.

2270 810 2518 862 Νοείσθω
2549 811 2592 864 δ’
2622 814 2650 864 6
2693 813 2790 881 μὲν
2825 812 3034 882 θερινὸς
3059 818 3335 886 τροπικὸς,
3366 818 3460 871 τοῦ
3498 820 3651 890 ἡλίου
3680 822 3770 875 ἐπὶ

2200 900 2426 972 θερινῶν
2453 903 2670 973 τροπῶν
2699 905 3012 974 γενομένου,
3048 907 3144 960 καὶ
3172 909 3306 979 πρὸς
3340 909 3588 982 αἴσθησιν
3615 913 3770 967 τοῦτο

2201 991 2546 1062 παράλληλον
2577 995 2878 1064 γράφοντος
2902 1013 2915 1026 ο
2943 997 2970 1048 ὁ
2999 996 3056 1048 δὲ
3104 999 3432 1070 ἰσημερινός,
3465 1002 3552 1056 διὰ
3583 1004 3642 1056 τὸ
3671 1004 3771 1067 τὰς

2199 1085 2414 1156 ἡμέρας
2440 1089 2561 1150 ταῖς
2586 1087 2733 1153 νυξὶν
2766 1087 3092 1154 ἐξισοῦσθαι,
3119 1094 3212 1147 τοῦ
3241 1095 3389 1166 ἡλίου
3420 1099 3561 1152 κατὰ
3586 1099 3772 1154 τοῦτον

2199 1176 2486 1245 γινομένου
2517 1177 2608 1229 τὸν
2642 1177 2842 1232 κύκλον
2881 1181 3017 1252 πρὸς
3057 1183 3341 1255 αἴσθησιν·
3377 1188 3405 1238 6
3445 1188 3502 1240 δὲ
3531 1207 3772 1260 χειμερι⁴

2201 1265 2311 1328 νὸς,
2337 1267 2424 1319 διὰ
2449 1267 2510 1319 τὸ
2532 1268 2623 1320 τὸν
2652 1268 2823 1338 ἥλιον,
2849 1273 2988 1325 κατὰ
3014 1273 3202 1328 τοῦτον
3239 1277 3519 1348 γινόμενον
3547 1280 3636 1333 τὸν
3678 1282 3774 1334 x5-

2203 1357 2350 1423 κλον,
2394 1359 2708 1432 χειμερινὰς
2739 1363 2946 1434 τροπὰς
2993 1365 3294 1420 ποιεῖσθαι’
3328 1369 3686 1439 ἀνταρκτικὸς
3729 1372 3773 1424 δ’

526 1461 864 1514 antarcticus
919 1461 1028 1515 alio
1090 1461 1630 1530 nomine‘nunquam
1696 1476 1950 1530 apparens
2017 1460 2100 1514 di.

2202 1445 2374 1514 οὗτος.
2417 1453 2508 1506 καὶ
2543 1455 2630 1506 ἀεὶ
2671 1455 2881 1526 ἀφανὴς
2926 1457 3036 1511 ἀπὸ
3076 1459 3170 1512 τοῦ
3207 1461 3610 1532 συμϐεϐηκότος
3639 1465 3772 1535 ἔχει,

525 1552 673 1604 citur
695 1565 762 1604 ex
798 1565 864 1605 eo
898 1551 1046 1620 quod
1091 1553 1274 1620 reipsa
1304 1552 1610 1622 contingit,
1653 1559 1714 1605 ut
1758 1551 1910 1605 nullo
1940 1552 2102 1606 modo

526 1642 804 1697 videatur.
841 1641 1199 1713 Obliquorum
1231 1644 1340 1697 duo
1380 1653 1530 1709 sunt,
1567 1644 1661 1713 qui
1695 1644 1751 1697 in
1781 1659 1979 1699 sensus
2018 1644 2104 1697 in-

527 1741 782 1796 currunt,
821 1734 1081 1789 zodiacus
1118 1742 1174 1791 et
1217 1737 1460 1802 lacteus;
1529 1742 1584 1789 at
1625 1735 1943 1792 horizontes
1989 1736 2103 1790 sola

2203 1546 2299 1600 καὶ
2329 1545 2580 1598 οὐδέποτε
2633 1548 2908 1616 φαίνεταιο
2958 1550 3065 1603 τῶν
3103 1551 3161 1603 δὲ
3208 1551 3376 1618 λοξῶν
3425 1555 3518 1608 δύο
3558 1557 3656 1627 μὲν
3689 1560 3775 1612 ὀν-

2202 1655 2311 1690 των
2342 1638 2385 1670 ³⁸
2416 1639 2551 1709 πρὸς
2579 1639 2850 1711 αἴσθησιν,
2882 1643 2910 1695 ὃ
2933 1659 2991 1695 τε
3021 1642 3280 1709 ζωδιακὸς
3307 1647 3400 1699 καὶ
3427 1651 3454 1700 ὁ
3481 1650 3574 1717 γα)
3587 1652 3740 1715 αξίας
3759 1671 3773 1684 ·

2204 1729 2254 1783 οἱ
2285 1730 2342 1782 δὲ
2379 1730 2652 1801 ὁρίζοντες
2692 1734 2905 1805 ἐπινοίᾳ
2953 1735 3110 1806 μόνον
3154 1725 3536 1807 λαμϐάνονται.
3567 1742 3685 1795 Τῶν
3717 1743 3776 1796 δὲ

527 1827 728 1880 mentis
754 1827 1086 1895 cogitatione
1112 1835 1390 1882 constant.
1422 1827 1463 1880 E
1496 1829 1662 1884 rectis
1705 1828 1879 1883 coluri
1903 1843 2100 1883 nomen

2205 1820 2383 1892 ὀρθῶν
2404 1824 2452 1874 οἱ
2489 1822 2586 1892 μὲν
2613 1823 2857 1896 κόλουροι
2887 1824 2984 1895 τὴν
3003 1826 3294 1896 ὀνομασίαν
3319 1827 3529 1896 ἔχοντες
3548 1830 3656 1883 ἀπὸ
3679 1833 3774 1884 τοῦ

525 1933 592 1973 ex
637 1934 704 1972 eo
755 1920 934 1974 sortiti
979 1929 1127 1984 sunt,
1163 1921 1308 1989 quod
1352 1920 1528 1974 mutili
1575 1921 1705 1983 sint,
1750 1935 1852 1974 nec
1905 1920 2103 1990 integri

527 2021 830 2065 cernantur
873 2012 928 2066 in
975 2014 1339 2068 conversione
1385 2013 1630 2082 spinam.
1677 2013 2102 2084 Equinoctialis

529 2100 654 2154 inde
700 2101 923 2167 dicitur,
972 2104 1120 2172 quod
1169 2105 1224 2158 in
1266 2119 1335 2158 eo
1383 2104 1713 2174 mquinoetia
1755 2106 2099 2175 contingant.

529 2191 732 2248 Omnes
787 2195 880 2248 isti
947 2201 1095 2249 recta
1158 2203 1212 2249 et
1261 2195 1676 2265 arquidistantes
1742 2195 2104 2263 incumbunt;

528 2286 736 2355 obliqui
770 2303 900 2342 vero
934 2288 1004 2342 ab
1040 2304 1098 2342 re
1126 2289 1245 2360 ipsa
1267 2291 1595 2346 vocabulum
1622 2289 1804 2360 adepti
1839 2297 1991 2345 sunt.

599 2376 736 2431 Cum
771 2387 948 2434 autem
982 2380 1208 2449 sphazra:
1249 2382 1446 2436 similis
1488 2383 1659 2453 ﬁgura
1689 2383 1761 2438 sit
1802 2384 2012 2448 mundi,
2049 2392 2106 2440 et

528 2464 597 2519 ad
627 2481 750 2520 eum
789 2475 1104 2537 comparata
1150 2477 1294 2524 terra
1343 2473 1519 2526 centri
1567 2473 1833 2528 rationem
1875 2474 2104 2541 habeat;

528 2575 649 2629 qua:
676 2575 770 2629 per
807 2561 1052 2630 ipsorum
1095 2563 1335 2618 medium
1379 2565 1609 2634 trajecta
1652 2567 1928 2636 cogitatur
1954 2573 2106 2620 recta

527 2649 692 2714 linea,
721 2667 882 2720 quam
912 2653 1120 2707 circum
1155 2663 1470 2709 manentem
1506 2664 1560 2710 et
1583 2657 1916 2712 immobilem
1943 2673 2106 2710 mun-

526 2739 632 2796 dus
671 2743 933 2806 vertitur,
969 2731 1088 2798 aiis
1134 2744 1462 2813 appellatur,
1511 2745 1672 2815 cujus
1712 2755 1954 2801 extrema
1995 2748 2104 2817 poli

529 2830 921 2886 nominantur:
955 2847 1076 2901 quae
1109 2834 1326 2902 quidem
1355 2842 1602 2890 extrema
1634 2838 1878 2890 nonnulli
1908 2852 2105 2906 parvas

526 2937 651 2977 esse
681 2919 870 2980 stellas
913 2924 1204 2992 dixerunt;
1239 2927 1330 2981 alii
1366 2936 1569 2997 puncta
1607 2930 1943 2999 cogitatione
1971 2947 2107 2984 con-

528 3014 755 3076 stantia,
785 3031 907 3084 qua:
949 3023 1032 3071 est
1067 3017 1221 3070 Arati
1266 3019 1558 3072 sententia.
1607 3017 1818 3074 llorum
1855 3021 2104 3089 polorum

527 3103 667 3158 alter
693 3105 944 3159 sublimis
983 3114 1088 3168 est,
1118 3107 1387 3177 nobisque
1421 3108 1790 3178 conspicuus;
1827 3110 1964 3165 alter
1998 3111 2105 3164 mi-

2131 1879 2182 1941 Β

2188 1913 2419 1968 ’κολοϐοὶ
2457 1915 2552 1968 καὶ
2599 1914 2674 1986 μὴ
2707 1915 2968 1980 ὁλοτελεῖς
3005 1918 3287 1986 φαίνεσθαι
3320 1919 3460 1972 κατὰ
3495 1923 3592 1992 τῆς
3621 1939 3776 1994 στρο-

2207 2007 2316 2077 φῆς
2347 2008 2447 2078 τῆς
2495 2008 2767 2078 σφαίρας·
2808 2010 2838 2061 6
2895 2009 2954 2064 δὲ
3005 2011 3336 2082 ίσημερινὺς,
3385 2013 3618 2068 ἀπὸτοῦ
3655 2019 3777 2070 κατ’

2205 2097 2368 2152 αὐτὸν
2420 2097 2667 2168 γίνεσθαι
2724 2097 2822 2162 τὰς
2879 2101 3257 2173 μεσημϐρινάς
3301 2103 3365 2156 η.
3411 2105 3671 2173 Λέγονται
3720 2106 3780 2158 δὲ

2205 2189 2405 2254 πάντες
2448 2185 2591 2245 οὗτοι
2646 2191 2780 2264 πρὸς
2827 2191 2926 2254 τὰς
2970 2191 3140 2263 ὀρθὰς
3183 2195 3583 2267 παραλλήλους·
3633 2199 3684 2249 oi
3723 2197 3781 2250 δὲ

2203 2281 2348 2346 λοξοὶ
2390 2283 2505 2337 ἀπὸ
2531 2283 2625 2336 τοῦ
2665 2283 3071 2354 συμϐεϐηκότος
3105 2284 3288 2356 έχουσι
3330 2288 3428 2359 τὴν
3463 2289 3778 2359 ὀνομασίαν.

2275 2373 2382 2427 Τοῦ
2429 2376 2469 2407 ¹⁷
2506 2375 2710 2446 κόσμου
2749 2376 3118 2446 σφαιροειδοῦς
3144 2379 3524 2450 ὑποκειμένου,
3567 2383 3660 2435 καὶ
3683 2384 3783 2454 τῆς

2205 2467 2307 2537 γῆς
2336 2465 2473 2535 πρὸς
2501 2465 2661 2519 αὑτὸν
2698 2465 2922 2536 κέντρου
2956 2467 3114 2536 λόγον
3141 2469 3468 2540 ἐπεχούσης,
3495 2474 3529 2542 ἡ
3553 2471 3640 2525 διὰ
3679 2473 3779 2542 μέ-

2207 2575 2301 2611 σου
2331 2556 2509 2610 αὐτῶν
2546 2557 2788 2626 ἀγομένη
2825 2557 3006 2610 εὐθεῖα
3039 2558 3225 2630 νοητὴ,
3266 2561 3391 2630 περὶ
3419 2562 3484 2631 ἣν
3515 2561 3783 2628 μένουσαν

2203 2651 2232 2702 6
2281 2649 2484 2719 κόσμος
2535 2649 2847 2719 στρέφεται,
2897 2648 3038 2714 ἄξων
3071 2651 3334 2715 καλεῖται,
3362 2653 3455 2704 καὶ
3486 2653 3553 2705 τὰ
3592 2654 3782 2707 τούτου

2205 2738 2416 2808 πέρατα
2440 2738 2613 2800 πόλοι,
2641 2738 2782 2808 ἆπερ
2809 2739 2952 2802 τινὲς
2989 2740 3090 2810 μὲν
3117 2740 3354 2811 ἀστέρας
3386 2737 3525 2795 εἶναι
3555 2745 3784 2813 μικροὺς

2205 2829 2441 2898 ἔφασαν·
2491 2829 2621 2882 ένιοι
2664 2829 2722 2883 δὲ
2755 2833 2954 2899 σημεῖα
2987 2831 3175 2902 νοητὰ,
3208 2831 3354 2886 καθὰ
3404 2835 3498 2886 καὶ
3527 2836 3780 2904 Ἄρατος.

2205 2920 2422 2974 Τούτων
2476 2919 2533 2973 δὲ
2563 2923 2591 2973 6
2637 2921 2736 2991 μὲν
2784 2920 2899 2974 ἔστι
2954 2923 3226 2993 μετέωρος
3269 2924 3362 2976 καὶ
3409 2924 3783 2997 φανερώτερος

2206 3014 2358 3082 ἡμῖν,
2387 3015 2415 3066 6
2442 3011 2498 3064 δὲ
2521 3013 2619 3082 οὐχ
2652 3013 2846 3084 ὁρᾶται
2870 3014 2958 3083 ὑφ’
2989 3015 3164 3085 ἡμῶν.
3196 3016 3306 3069 Καὶ
3347 3017 3592 3070 καλεῖται
3618 3020 3647 3071 6
3684 3019 3783 3088 μὲν

2206 3105 2298 3161 ἀεὶ
2327 3103 2585 3175 φανερὸς
2618 3105 2711 3159 καὶ
2733 3107 2994 3176 βόρειος,
3018 3109 3046 3160 6
3073 3107 3130 3161 δὲ
3161 3107 3254 3162 ἀεὶ
3284 3107 3524 3183 ἀφανὴς
3551 3109 3649 3163 καὶ
3683 3112 3784 3165 νό-

526 3193 676 3247 nime
717 3207 747 3246 a
791 3195 949 3248 nobis
992 3196 1256 3251 cernitur.
1319 3195 1477 3253 Prior
1524 3214 1646 3253 cum
1701 3215 1900 3268 semper
1935 3217 2099 3270 appa-
2131 3223 2177 3280 ς
2208 3217 2353 3266 τιος.

525 3299 667 3347 rens,
719 3292 832 3337 tum
873 3285 1058 3340 boreus
1106 3289 1443 3358 appellatur;
1488 3292 1758 3360 posterior
1793 3307 1992 3360 semper
2021 3309 2107 3347 oc-

525 3374 699 3428 cultus
721 3383 770 3428 et
800 3377 1076 3432 australis.

595 3463 714 3519 Jam
767 3467 961 3521 circuli
1012 3483 1138 3522 cum
1193 3469 1622 3530 innumerabiles
1676 3477 1986 3547 cogitentur
2046 3478 2103 3533 in

2278 3464 2509 3519 Κύκλων
2532 3464 2588 3518 δὲ
2612 3466 2671 3519 ὲν
2705 3464 2784 3536 τῷ
2811 3463 3001 3536 κόσμῳ
3023 3463 3142 3537 [καὶ
3169 3463 3266 3537 μὴ]
3299 3463 3600 3536 νοουμένων
3626 3463 3782 3518 ἀπείη

525 3558 754 3621 mundo,
787 3558 877 3612 alii
908 3569 1054 3623 sunt,
1099 3575 1239 3630 quos
1270 3563 1566 3632 parallelos
1611 3575 1830 3632 vocant,
1872 3570 1962 3623 alii
2008 3587 2100 3640 per

2211 3575 2316 3628 ρων
2361 3557 2411 3610 οἱ
2444 3556 2541 3628 μὲν
2580 3556 2914 3628 παράλληλοι
2939 3555 3314 3626 ὀνομάζονται,
3352 3556 3402 3608 οἱ
3439 3555 3496 3607 δὲ
3540 3555 3628 3608 διὰ
3670 3555 3781 3608 τῶν

528 3649 684 3718 polos
707 3657 1016 3713 transeunt,
1045 3652 1134 3706 alii
1163 3652 1430 3717 ﬁnitores,
1465 3658 1669 3728 obliqui
1708 3661 1799 3714 alii
1824 3669 1969 3718 sunt.
1997 3662 2104 3718 Pa-

529 3743 707 3796 ralleli
755 3752 986 3812 quatuor
1019 3752 1170 3808 sunt,
1203 3746 1296 3815 qui
1327 3747 1547 3802 eosdem
1572 3765 1695 3804 cum
1718 3753 1921 3807 mundo
1948 3756 2104 3824 polos

528 3827 754 3882 habent.
791 3827 1032 3899 Obliqui,
1073 3831 1168 3898 qui
1200 3846 1308 3884 non
1347 3832 1508 3904 146
1532 3837 1751 3891 eosdem
1780 3839 2100 3897 habent.....

528 3934 624 3987 per
653 3920 808 3987 polos
852 3921 1045 3974 circuli
1083 3929 1374 3976 vocantur.
1423 3924 1652 3989 Quidam
1697 3929 1755 3982 in
1795 3931 2105 3989 circumfe—

528 4009 707 4063 rentia
738 4025 838 4064 sua
869 4011 1055 4065 mundi
1081 4014 1237 4081 polos
1266 4019 1581 4082 continent;
1605 4017 1877 4089 iidemque
1901 4021 2098 4088 coluri,

527 4107 583 4154 et
609 4101 898 4156 meridiani
921 4111 1184 4171 praeterea
1214 4115 1514 4174 vocantur;
1553 4109 1797 4166 ﬁnitores
1825 4119 1976 4177 sunt,
2007 4115 2102 4183 qui

527 4202 876 4264 apparentem
913 4197 1342 4269 mundijpartem
1367 4210 1637 4271 separant.
1674 4245 1694 4260 .,
1727 4243 1742 4258 .
1782 4243 1798 4259 .
1831 4245 1846 4258 .
1883 4206 1988 4260 hoc
2017 4216 2102 4264 est

482 4281 486 4286 ’
527 4299 668 4348 eam,
705 4301 824 4355 quae
851 4301 1016 4356 supra
1041 4295 1240 4342 terram
1267 4297 1370 4356 est,
1406 4292 1475 4345 ab
1501 4308 1563 4347 ea
1584 4309 1704 4364 qua:
1727 4295 1878 4352 infra
1899 4307 2101 4354 terram

526 4373 803 4428 conditur.
849 4374 914 4429 lli
956 4391 1120 4446 porro
1174 4387 1474 4446 mutantur,
1508 4398 1608 4452 pro
1654 4400 1720 4440 eo
1743 4401 1810 4440 ac
1838 4389 2102 4445 verticale

525 4473 786 4536 punctum
820 4467 966 4522 aliud
993 4476 1100 4535 est,
1128 4471 1222 4540 qui
1253 4481 1337 4527 est
1366 4473 1524 4543 polus
1561 4475 1886 4535 borizontis.

597 4641 798 4698 Aratus
840 4659 996 4710 vero,
1027 4647 1119 4717 qui
1149 4648 1216 4702 ad
1246 4650 1658 4711 inclinationem
1687 4657 1910 4714 Graeciae
1945 4661 2098 4732 phae-

525 4749 758 4788 nomena
785 4749 884 4789 sua
912 4741 1268 4807 comparavit,
1293 4758 1487 4798 novem
1512 4751 1891 4805 tantummodo
1917 4753 2097 4808 circu-

523 4825 701 4878 lorum
757 4828 1089 4894 meminit,e
1147 4831 1349 4902 quibus
1411 4842 1538 4890 octo
1597 4839 1714 4892 sola
1761 4842 2098 4910 cogitatione

524 4915 870 4984 consistunt;
917 4935 1058 4973 unus
1094 4921 1291 4990 majori
1323 4935 1476 4992 parte
1517 4927 1772 4984 sensibus
1813 4931 2093 5000 objicitur,

522 5008 616 5078 qui
672 5010 882 5066 lacteus
937 5011 1160 5065 dicitur.
1213 5011 1350 5066 Nam
1395 5023 1451 5070 et
1500 5017 1556 5072 in
1597 5018 1718 5089 ipso
1764 5037 1900 5078 suus
1953 5023 2097 5079 inest

522 5103 840 5172 cogitationi
906 5105 1080 5159 locus.
1131 5103 1211 5159 Ex
1268 5105 1336 5162 iis
1391 5109 1614 5166 circulis
1669 5115 1912 5182 paralleli
1968 5125 2098 5170 sunt

521 5196 765 5266 quinque
797 5217 810 5251 :
840 5198 1354 5263 arcticus,a:stivus
1377 5205 1640 5274 tropicus,
1671 5207 2094 5280 aequinoctialis,

521 5286 788 5343 hibernus
827 5290 1095 5358 tropicus,
1139 5293 1519 5362 antarcticus;
1557 5296 1762 5366 obliqui
1798 5307 1928 5352 sunt
1959 5300 2090 5364 duo,

521 5378 781 5434 zodiacus
804 5387 857 5433 et
879 5380 1109 5443 lacteus,
1143 5384 1234 5452 qui
1264 5385 1543 5440 contrario
1577 5387 1809 5444 invicem
1857 5391 1966 5444 situ
1998 5406 2094 5460 per

520 5472 768 5540 tropicos
796 5473 1021 5543 oblique
1053 5475 1377 5544 sinuantur;
1412 5493 1510 5546 per
1538 5479 1694 5548 polos
1741 5481 2096 5551 trajiciuntur

521 5562 631 5616 duo
659 5582 672 5617 :
707 5565 1046 5620 meridianus
1071 5575 1124 5621 et
1151 5569 1400 5626 horizon.
1419 5569 1624 5625 Horum
1653 5574 1898 5627 omnium
1930 5575 2098 5628 maxi-

526 5652 597 5705 mi
654 5663 824 5720 sunt,
869 5657 1270 5727 aequinoctialis
1318 5667 1373 5714 et
1427 5661 1675 5734 obliqui,
1735 5681 1949 5720 necnon
1997 5681 2095 5736 per

613 5808 654 5839 "
689 5809 730 5874 Ι.
758 5807 926 5874 ὀντες.
1015 5814 1056 5844 “‘
1081 5812 1118 5881 f.
1161 5814 1467 5886 ίσημερίας.
1545 5819 1586 5850 ⁸⁷
1614 5818 1653 5887 Ῑ,
1686 5818 1775 5872 τιοῦ
1803 5819 1880 5874 δέ.

2207 3649 2405 3712 πόλων,
2439 3651 2492 3702 0i
2520 3649 2577 3702 δὲ
2601 3648 2896 3719 ὁρίζοντες,
2925 3651 2972 3701 οἱ
3004 3647 3062 3701 δὲ
3105 3647 3262 3714 λοξοί.
3292 3648 3404 3701 Καὶ
3431 3649 3480 3700 οἱ
3517 3648 3780 3718 τέσσαρες

2205 3741 2537 3813 παράλληλοι
2584 3741 2682 3812 μέν
2706 3743 2845 3794 είσιν
2875 3742 2922 3794 οί
2961 3740 3088 3803 τοὺς
3117 3741 3315 3802 αὐτοὺς
3346 3741 3539 3804 πόλους
3566 3739 3780 3810 ἔχοντες

2203 3833 2282 3903 τῷ
2325 3833 2514 3903 κόσμῳ
2539 3850 2552 3863 ο
2587 3832 2732 3897 λοξοὶ
2771 3834 2828 3886 δὲ
2859 3834 2907 3886 οἱ
2939 3834 3014 3906 μὴ
3051 3835 3178 3897 τοὺς
3207 3833 3402 3895 αὐτοὺς
3435 3871 3449 3885 .
3475 3868 3491 3885 .
3515 3869 3530 3884 .
3555 3832 3644 3885 διὰ
3670 3831 3780 3884 τῶν

2204 3925 2382 3978 πόλων
2412 3924 2600 3978 κύκλοι
2628 3923 2917 3978 καλοῦνται
2941 3942 2956 3956 ·
2993 3927 3044 3978 οἱ
3074 3926 3131 3979 δὲ
3158 3927 3250 3978 ἐπὶ
3281 3925 3380 3995 τῆς
3423 3924 3593 3994 αὐτῆς
3619 3941 3777 3995 περι-

2204 4013 2424 4086 φερείας
2452 4015 2580 4077 τοὺς
2608 4013 2700 4067 τοῦ
2733 4015 2940 4085 κόσμου
2968 4016 3164 4079 πόλους
3194 4015 3409 4086 ἔχοντες
3427 4032 3440 4044 ”
3471 4015 3520 4067 οἱ
3547 4014 3602 4066 δὲ
3628 4015 3780 4067 αὐτοὶ

2202 4101 2346 4162 οὗτοι
2379 4107 2529 4178 ὀρθοί
2559 4125 2618 4161 τε
2652 4108 2748 4161 καὶ
2785 4107 3054 4179 κόλουροι,
3089 4109 3183 4163 καὶ
3219 4107 3581 4181 μεσημϐρινοὶ
3613 4123 3780 4174 προσ-

2201 4198 2581 4270 ονομάζονται’
2617 4198 2890 4270 ὁρίζοντες
2923 4199 2980 4251 δὲ
3014 4200 3062 4250 οἱ
3095 4196 3420 4271 διορίζοντες
3449 4199 3580 4268 ἡμῖν
3609 4197 3666 4249 τό
3717 4211 3779 4249 τε

2203 4287 2432 4360 φανερὸν
2479 4287 2573 4341 τοῦ
2619 4289 2828 4359 κόσμου
2875 4331 2887 4342 .
2917 4327 2931 4341 .
2962 4330 2975 4342 .
3006 4288 3251 4340 τουτέστι
3284 4288 3344 4340 τό
3385 4303 3446 4340 τε
3492 4286 3630 4357 ὑπὲρ
3675 4285 3778 4354 γῆν

2202 4380 2295 4432 καὶ
2323 4378 2386 4431 τὸ
2434 4378 2539 4431 ὑπὸ
2584 4379 2708 4450 γῆν.
2759 4373 2918 4431 Οὗτοι
2956 4377 3013 4430 δὲ
3057 4377 3502 4448 μεταϐάλλουσιν,
3545 4377 3672 4430 ὅταν
3714 4375 3777 4427 τὸ

2202 4467 2342 4521 κατὰ
2388 4467 2631 4538 κορυφὴν
2677 4469 2900 4538 σημεῖον
2952 4467 3137 4539 ἕτερον
3180 4468 3430 4539 γένηταιο
3465 4466 3620 4521 τοῦτο
3667 4466 3774 4537 γάρ

2129 4571 2175 4628 ι)
2200 4561 2314 4613 ἐστι
2349 4559 2509 4622 πόλος
2536 4557 2832 4630 ὁρίζοντος.

2279 4651 2515 4721 Ἀρατος
2547 4649 2666 4720 μὲν,
2698 4649 2835 4720 πρὸς
2862 4651 2923 4703 τὸ
2945 4649 3046 4720 τῆς
3087 4649 3335 4714 Ἑλλάδος
3362 4649 3530 4721 κλίμα
3557 4650 3622 4704 τὰ
3651 4668 3780 4720 φαι-

2202 4740 2399 4811 νόμενα
2435 4741 3017 4813 πραγματευσάμενος,
3057 4743 3212 4795 ἐννέα
3253 4743 3426 4813 μόνων
3456 4741 3774 4812 ἐπεμνήσθη

2203 4832 2438 4898 κύκλων,
2471 4831 2616 4886 ὀκτὼ
2651 4833 2750 4904 μὲν
2774 4833 3000 4905 νοητῶν·
3021 4833 3278 4902 αἰσθητοῦ
3306 4834 3382 4898 δὲ,
3421 4834 3514 4886 καὶ
3544 4833 3684 4886 κατὰ
3713 4831 3775 4885 τὸ

2202 4924 2361 4978 πλέον
2387 4925 2524 4988 ἑνὸς,
2547 4923 2643 4977 τοῦ
2668 4925 3002 4996 καλουμένου
3025 4924 3280 4993 γαλαξίου
3302 4924 3363 4976 ⁸⁸.
3391 4925 3499 4976 Καὶ
3522 4925 3578 4976 ἐν
3601 4923 3775 4994 τούτῳ

2200 5019 2311 5091 γὰρ
2354 5021 2554 5072 νοεῖται
2583 5017 2672 5072 διὰ
2708 5017 2898 5071 τούτου
2939 5018 3032 5072 τοῦ
3082 5017 3303 5070 κύκλου.
3339 5016 3557 5069 Τούτων
3589 5017 3632 5069 δ’
3667 5017 3774 5070 είσὶ

2201 5111 2533 5183 παράλληλοι
2555 5117 2594 5164 ε’
2614 5127 2629 5142 ο
2665 5110 2944 5182 ἀρκτικὸς,
2974 5109 3182 5182 θερινὸς
3211 5109 3488 5180 τροπικὸς,
3527 5111 3774 5178 ἰσημερι-

2197 5202 2307 5268 νὸς,
2342 5201 2668 5273 χειμερινὸς,
2697 5201 3077 5272 ἀνταρκτικὸς,
3117 5198 3258 5264 λοίξ,ο“ι¹
3288 5199 3400 5264 δύο,
3427 5199 3456 5252 ὃ
3491 5215 3550 5251 τε
3579 5198 3772 5262 ζωδια-

2198 5294 2292 5356 κὸς
2323 5295 2417 5347 καὶ
2451 5295 2478 5344 ὁ
2507 5291 2790 5362 γαλαξίας,
2822 5293 3078 5355 ἐναντίως
3113 5292 3361 5363 ἀλλήλοις
3390 5291 3530 5344 κατὰ
3555 5291 3649 5360 τὴν
3679 5290 3772 5343 θέ-

2199 5401 2283 5436 σιν
2308 5384 2397 5437 διὰ
2435 5385 2542 5436 τῶν
2569 5383 2846 5454 τροπικῶν
2875 5382 3257 5453 λελοξωμένον
3293 5383 3387 5436 καὶ
3433 5381 3526 5435 δύο
3549 5381 3636 5435 διὰ
3663 5380 3774 5434 τῶν

2199 5476 2404 5529 πόλων·
2438 5473 2805 5546 μεσημϐρινός
2830 5491 2888 5526 τε
2911 5469 2990 5536 εἷς
3023 5474 3118 5527 καὶ
3141 5475 3168 5525 6
3188 5473 3384 5544 ὁρίζων
3406 5473 3610 5545 ἕτερος.
3641 5472 3775 5524 Τού-

2197 5588 2305 5624 των
2329 5570 2386 5623 δέ
2420 5571 2524 5622 είσι
2551 5567 2794 5640 μέγιστοι
2819 5568 2847 5620 ὅ
2871 5583 2930 5618 τε
2959 5567 3272 5636 ίσημερινὸς
3299 5565 3392 5618 καὶ
3417 5567 3466 5618 οἱ
3493 5563 3654 5629 λοξοὶ,
3678 5564 3775 5617 καὶ

2197 5666 2244 5716 οἱ
2276 5661 2362 5716 διὰ
2394 5659 2502 5716 τῶν
2533 5659 2732 5715 πόλων.
2768 5658 3041 5726 Μέγισται,
3072 5657 3131 5716 δὲ
3164 5656 3475 5724 καλοῦνται,
3512 5649 3587 5711 ὧν
3613 5655 3672 5711 ai'
3708 5671 3784 5713 ττι

1962 5821 2004 5853 ¹⁸
2039 5819 2165 5875 Παῖς
2191 5815 2437 5873 mendosa
2471 5823 2613 5868 sunt.
