4132 6410
491 367 662 460 "just

1559 391 1653 446 AD
1691 390 1960 448 EUSEB"
2003 391 2401 450 CllRONlCON
2437 393 2799 450 APPENDIX.

3649 399 3791 456 “5?.

524 499 614 555 36.
643 498 782 555 Hinc
796 497 864 554 ad
887 500 1134 556 aestivum
1159 501 1452 572 tropicum,
1476 502 1580 570 30;
1613 504 1684 560 ah
1713 506 1817 560 hoc
1838 507 1905 561 ad
1934 507 2106 577 tequi-

2215 509 2425 581 Βερινὸν
2457 510 2718 581 τροπικὸν
2759 507 2803 560 λ’
2831 522 2846 537 '
2867 507 2961 579 ἀφ’
2987 500 3050 562 οὗ
3079 507 3173 564 ἐπὶ
3199 508 3294 564 τδν
3321 510 3634 584 ἰσημερινὸν
3675 515 3752 567 κδ’
3769 530 3788 548 ο

522 591 815 647 noctialem
847 590 956 659 24;
987 592 1114 647 inde
1159 593 1225 648 ad
1257 596 1645 659 antarcticum,
1682 596 1783 659 '50;
1839 613 1869 651 a
1899 614 2008 668 quo
2036 598 2104 651 ad

522 679 710 748 polum
756 680 1053 734 australem
1097 679 1187 734 56.
1235 679 1330 738 Has
1379 692 1509 738 sunt
1556 683 1660 738 180
1706 694 1892 755 partes
1940 703 2105 756 supra

523 781 724 826 terram
773 773 1106 842 emergentis
1150 773 1564 844 hemisphaerii:
1602 778 1828 849 reliqua:
1876 780 2104 835 alterius

522 871 652 922 sunt
679 863 782 920 sub
814 872 961 919 terra
992 865 1220 921 conditi.

1160 976 1239 1032 De
1280 979 1464 1034 astris.

591 1089 728 1146 Vill.
761 1090 1052 1147 Astrorum
1094 1092 1200 1146 alia
1229 1092 1356 1157 ﬁxa,
1375 1094 1480 1147 alia
1517 1095 1761 1149 errantia
1794 1106 2098 1151 vocantur:
2140 1059 2154 1075 ’

521 1183 628 1238 ﬁxa
640 1183 918 1246 dicuntur,
932 1199 1052 1254 quae
1066 1183 1121 1238 in
1143 1184 1332 1238 mundi
1359 1185 1768 1255 superficienon
1789 1193 2099 1246 moventur,

520 1275 620 1332 sed
651 1276 906 1331 eumdem
959 1275 1208 1331 ordinem
1243 1277 1388 1331 inter
1438 1292 1498 1331 se
1553 1285 1814 1347 perpetuo
1853 1285 2096 1332 servant.

521 1367 772 1423 Errantia
801 1375 930 1424 sunt
977 1369 1059 1424 sol
1087 1376 1142 1424 et
1173 1369 1323 1435 luna,
1354 1383 1419 1423 ac
1453 1369 1634 1424 caeteri
1671 1370 1899 1439 plancta:
1941 1371 2100 1440 quin-

523 1475 651 1530 que.
702 1461 779 1514 Ex
823 1460 910 1514 his
942 1459 1088 1515 enim
1143 1459 1227 1513 sol
1263 1497 1279 1513 .
1307 1501 1321 1515 .
1357 1500 1371 1514 .
1406 1459 1462 1513 in
1500 1474 1609 1514 uno
1652 1460 1864 1514 zodiaci
1906 1461 2099 1514 circuli

522 1551 642 1604 loco
666 1557 970 1613 moventur,
1010 1549 1303 1605 stationem
1336 1548 1634 1605 faciunt....
1678 1549 2008 1619 repedantes
2031 1549 2098 1602 ad

526 1651 892 1714 permeautem
924 1643 1102 1697 media
1137 1644 1296 1713 signa
1341 1642 1614 1696 circulum
1649 1661 1663 1696 :
1696 1649 1750 1696 et
1783 1642 1850 1694 ad
1884 1650 2100 1711 septen-

524 1737 754 1799 triones,
789 1745 882 1789 aut
909 1733 1065 1806 147
1084 1734 1688 1804 meridiem,a3qualiter
1714 1734 1778 1788 ad
1805 1740 2101 1802 utrumque

523 1825 896 1881 deﬂectentes.
935 1824 1298 1878 lnerrantium
1329 1823 1613 1879 stellarum
1641 1823 1761 1876 alia:
1791 1823 1859 1877 ad
1883 1823 2098 1892 aquilo-

531 1934 652 1972 nem
687 1933 716 1970 a
752 1917 978 1972 zodiaco
1001 1916 1210 1970 circulo
1239 1915 1504 1970 recedunt
1533 1933 1547 1970 :
1581 1915 1647 1968 ad
1673 1922 1920 1969 austrum
1953 1915 2095 1968 alia).

529 2009 798 2062 Dicuntur
845 2015 1026 2062 autem
1067 2007 1317 2062 boreales
1349 2015 1554 2076 partes,
1587 2005 1815 2071 dextrae,
1850 2007 2104 2074 superio-

528 2112 766 2166 resque:
823 2105 883 2151 ut
936 2113 1056 2166 quae
1089 2096 1437 2151 sublimiores
1485 2097 1756 2152 exsistant
1797 2097 2091 2161 australes,

529 2190 788 2252 sinistrae,
818 2196 873 2243 et
907 2189 1212 2243 inferiores.
1242 2186 1360 2242 1am
1393 2204 1525 2242 vero
1568 2204 1693 2243 cum
1751 2189 1992 2243 mundus
2035 2189 2104 2243 ab

526 2292 649 2337 ortu
677 2289 959 2335 moveatur
984 2281 1038 2334 in
1064 2295 1344 2345 occasum,
1370 2281 1650 2334 contrario
1688 2289 1838 2334 motu
1876 2281 2106 2350 planetae

524 2373 890 2430 nihilominus
951 2376 1276 2444 agitantur:
1331 2388 1396 2428 ac
1447 2381 1672 2444 propter
1729 2373 2107 2430 conversionis

525 2463 715 2519 mundi
748 2465 1109 2531 celeritatem,
1144 2463 1336 2521 itidem
1370 2471 1430 2519 ut
1467 2464 1776 2522 inerrantes
1819 2463 1876 2521 in
1918 2465 2104 2521 orbem

525 2556 746 2611 cientur

1179 2758 1258 2823 De
1289 2760 1461 2816 zonis.

598 2880 691 2936 IX.
710 2879 993 2936 Parallelis
1009 2879 1235 2935 circulis
1251 2894 1403 2933 zona:
1419 2877 1662 2948 quinque
1676 2873 1939 2944 subjectae
1964 2878 2113 2927 sunt:

526 2971 786 3036 borealis,
807 2985 928 3040 qua:
957 2977 1070 3024 tota
1101 2982 1267 3038 supra
1287 2976 1486 3022 terram
1507 2966 1756 3020 eminens
1783 2970 1887 3027 est,
1906 2958 2120 3014 inhabi-

528 3064 735 3127 tabilis,
761 3063 984 3129 alsiosa,
1013 3060 1254 3116 Saturno
1275 3060 1451 3114 dicata
1473 3055 1844 3126 ;sexagesima
1862 3049 2120 3121 scrupula

527 3171 624 3212 sex
644 3162 858 3226 patens,
889 3170 953 3210 ac
973 3154 1275 3209 stadiorum
1304 3151 1537 3218 25,200;
1571 3163 1696 3201 nam
1721 3144 1979 3215 scrupulo
1999 3141 2120 3197 cui-

2213 602 2306 670 ἀφ’
2334 596 2396 656 οὗ
2425 604 2520 656 ἐπὶ
2551 602 2644 654 τὸν
2689 602 2947 672 ἀρκτικὸν
2977 604 3021 635 ’⁷
3052 602 3117 656 λ’.
3151 602 3315 656 Ὅθεν
3347 605 3438 658 ἐπὶ
3481 605 3572 657 τὸν
3607 605 3789 676 ἀφανῆ

2211 692 2376 747 πόλον
2403 694 2511 758 λς’.
2542 693 2651 748 Καί
2679 695 2816 746 εἰσιν
2843 687 3003 746 αὗται
3024 692 3119 746 τοῦ
3145 693 3283 765 ὑπὲρ
3307 694 3409 765 γῆν
3431 696 3788 766 ἡμισφαιρίου

2214 784 2418 858 μοιρῶν
2453 791 2562 858 ρπ’,
2591 787 2647 839 αἱ
2685 785 2744 838 δὲ
2771 784 2954 838 λοιπαὶ
2986 783 3081 838 τοῦ
3116 785 3220 838 ὑπὸ
3243 787 3364 858 γῆν.

2779 981 2921 1051 Περὶ
2952 982 3208 1051 ἄστρων.

2284 1092 2367 1147 Η’.
2404 1092 2525 1148 Τῶν
2548 1094 2604 1148 δὲ
2631 1093 2846 1166 ἄστρων
2868 1093 2938 1147 τὰ
2969 1095 3068 1164 μὲν
3089 1095 3304 1166 ἀπλανῆ
3338 1095 3599 1160 καλεῖται,
3634 1096 3703 1150 τὰ
3729 1097 3788 1150 δὲ

2209 1183 2532 1255 πλανώμενα
2549 1203 2561 1214 ο
2599 1185 2814 1256 ἀπλανῆ
2841 1186 2938 1256 μὲν
2961 1187 3028 1239 τὰ
3055 1187 3195 1240 κατὰ
3223 1187 3319 1260 τὴν
3347 1189 3669 1258 ἐπιφάνειαν
3691 1188 3786 1242 τοῦ

2209 1274 2415 1344 κόσμου
2454 1274 2527 1346 μὴ
2554 1275 2869 1346 κινούμενα,
2903 1276 3016 1328 ἀλλ’
3041 1277 3128 1329 ἀεὶ
3151 1277 3247 1348 τὴν
3278 1278 3447 1349 αὐτὴν
3474 1279 3666 1348 ἔχοντα
3694 1280 3787 1333 τά-

2208 1363 2290 1430 ξιν
2323 1367 2460 1436 πρὸς
2503 1366 2744 1437 ἄλληλα·
2785 1367 3116 1438 πλανώμενα
3161 1369 3218 1422 δέ
3265 1371 3414 1422 ἐστιν
3450 1371 3479 1424 ὅ
3526 1388 3586 1423 τε
3637 1371 3790 1440 ἥλιος

2206 1457 2301 1510 καὶ
2343 1458 2376 1529 ἡ
2417 1457 2636 1530 σελήνη,
2680 1460 2774 1512 καὶ
2809 1461 2858 1512 οἱ
2899 1465 2940 1511 ε’
2972 1460 3237 1531 πλανῆται
3281 1461 3530 1532 ἀστέρες.
3571 1463 3789 1515 Τούτων

2206 1547 2315 1619 γὰρ
2344 1551 2372 1600 ὁ
2416 1550 2513 1620 μὲν
2545 1549 2695 1620 ἥλιος
2723 1593 2736 1605 .
2766 1588 2782 1604 .
2806 1589 2821 1604 .
2848 1593 2861 1606 .
2901 1551 2986 1619 ἐφ’
3019 1551 3137 1616 ὲνδς
3183 1552 3346 1605 τόπου
3387 1552 3649 1617 ζωδιακοῦ
3689 1554 3790 1606 κύ·-

2205 1640 2336 1693 κλου
2362 1643 2654 1706 κινοῦνται,
2677 1643 3021 1715 στηρίζονται
3042 1659 3056 1674 ⁸
3093 1685 3104 1698 .
3134 1685 3144 1696 .
3175 1684 3188 1697 .
3217 1684 3231 1697 .
3257 1644 3670 1708 ἀναποδίζοντες
3699 1647 3793 1698 ἐπὶ

2205 1731 2297 1786 τὸν
2325 1732 2412 1786 διὰ
2448 1733 2614 1804 μέσου
2643 1734 2733 1788 τὸν
2777 1733 3038 1799 ζωδιακὸν
3061 1733 3281 1799 κύκλον,
3324 1735 3616 1806 παριόντες
3657 1734 3792 1804 πρός

2205 1842 2264 1876 τε
2297 1825 2398 1889 τὰς
2429 1826 2694 1896 ἀρκτικὰς
2753 1827 2846 1879 καὶ
2893 1827 3029 1898 πρὸς
3061 1826 3408 1898 μεσημϐρίαν
3454 1825 3516 1879 τὸ
3557 1825 3668 1879 ἴσον
3707 1825 3792 1893 ἐφ’

2202 1917 2460 1988 ἑκάτερα.
2508 1917 2630 1972 Τῶν
2671 1917 2729 1970 δὲ
2763 1918 3054 1989 πλανήτων
3091 1918 3134 1950 ³³
3164 1918 3232 1971 τὰ
3271 1918 3370 1990 μὲν
3414 1917 3553 1987 πρὸς
3591 1917 3794 1989 βορρᾶν

2202 2010 2382 2061 κεῖται
2405 2007 2502 2061 τοῦ
2539 2008 2807 2074 ζωδιακοῦ
2838 2009 3062 2076 κύκλου,
3103 2009 3174 2063 τὰ
3203 2009 3260 2061 δὲ
3300 2009 3437 2080 πρὸς
3471 2010 3644 2062 νότον.
3676 2011 3794 2062 Κα-

2201 2099 2373 2152 λεῖται
2398 2099 2455 2152 δὲ
2494 2101 2562 2154 τὰ
2602 2101 2700 2170 μὲν
2734 2099 2924 2172 βόρεια
2957 2101 3098 2172 μέρη
3140 2100 3292 2167 δεξιά
3332 2118 3391 2154 τε
3435 2102 3530 2154 καὶ
3561 2101 3693 2166 ἄνω,
3737 2101 3796 2152 ὲν

2205 2191 2332 2260 ὕψει
2358 2190 2557 2261 μᾶλλον
2592 2191 2931 2263 ὑπάρχοντα,
2969 2191 3038 2245 τὰ
3069 2192 3125 2244 δὲ
3149 2192 3303 2246 νότια
3329 2189 3586 2263 εὐώνυμα
3606 2209 3666 2244 τε
3703 2193 3798 2248 καὶ

2205 2283 2379 2338 κάτω.
2415 2283 2523 2336 Τοῦ
2557 2283 2741 2354 μέντοι
2769 2285 2977 2356 κόσμου
3015 2284 3114 2356 τὴν
3155 2286 3250 2338 ἀπ’
3285 2285 3555 2355 ἀνατολῆς
3589 2285 3682 2337 ἐπὶ
3714 2285 3800 2338 δύο

2207 2391 2294 2429 σιν
2327 2375 2502 2447 φορὰν
2551 2376 2944 2447 στρεφομένου,
2976 2378 3077 2448 τὴν
3121 2378 3372 2431 ἐναντίαν
3399 2377 3549 2448 αὐτῷ
3584 2380 3634 2430 οἱ
3664 2377 3798 2430 πλα-

2207 2471 2368 2539 νῆται
2411 2470 2727 2540 ποιούμενοι
2765 2470 2990 2540 πορείαν
3023 2470 3175 2524 οὐδὲν
3200 2467 3363 2543 ἦττον
3394 2470 3475 2543 [ἢ]
3504 2471 3592 2524 διὰ
3618 2469 3679 2524 τὸ
3705 2470 3800 2525 τά·

2207 2579 2302 2634 χος
2335 2563 2438 2634 τῆς
2466 2563 2559 2617 τοῦ
2592 2564 2799 2635 κόσμου
2828 2565 3224 2636 περιστροφῆς,
3252 2565 3799 2638 συμπεριστρεφόμε-

2215 2673 2293 2710 θοι
2322 2657 2524 2728 ὁμοίως
2552 2657 2616 2730 δὴ
2640 2659 2753 2720 τοῖς
2777 2657 3073 2712 ἀπλανέσιν
3101 2659 3343 2728 ἄστροις.

2639 2769 2782 2840 Περὶ
2799 2769 2921 2825 τῶν
2937 2771 3026 2842 λέν
3053 2769 3133 2842 τῇ
3163 2769 3377 2831 ζωνῶν.

2287 2882 2368 2938 Θ¹.
2389 2882 2568 2937 Ζῶναι
2598 2883 2656 2936 δέ
2698 2885 2804 2937 εισι
2835 2882 2938 2952 τῆς
2972 2882 3077 2953 γῆς
3113 2882 3220 2935 ὑπὸ
3252 2883 3379 2948 τοὺς
3423 2879 3802 2954 παραλλήλους

2220 2977 2454 3041 κύκλους
2477 2978 2677 3049 ὁμοίως
2713 2985 2752 3030 ε’
2773 2995 2787 3008 ο
2819 2977 3048 3048 βόρειος,
3077 2976 3174 3047 ὅλη
3207 2976 3500 3047 μετέωρος,
3530 2974 3800 3046 ἀοίκητος,

2225 3069 2634 3140 κατεψυγμένη,
2684 3067 2933 3140 Κρόνου’,
2991 3066 3301 3138 ἐξηκοστῶν
3331 3066 3428 3136 μὲν
3462 3064 3537 3130 ς’,
3577 3065 3803 3119 σταδίων

2226 3161 2284 3214 δὲ
2302 3160 2607 3230 δισμυρίων
2653 3166 2747 3231 ,εσ’
2767 3176 2781 3190 ·
2812 3158 2874 3212 τὸ
2899 3157 3011 3231 γὰρ
3056 3159 3348 3229 ἑξηκοστὸν
3379 3157 3607 3211 σταδίων
3632 3156 3800 3222 ἐστὶν,

526 3211 867 3318 que-stadia;
889 3251 1205 3316 competunt
1241 3211 1404 3308 1,200
1446 3211 1580 3312 limo
1619 3211 2110 3310 4,200];_azstiva,

2219 3211 2325 3324 ,avc"
2347 3211 2897 3322 ’θιοθερινὴίπλείονα
2913 3211 3222 3321 ’ξίουσῖτὰ
3245 3249 3385 3321 ὑπὲρ
3410 3247 3500 3302 τὸν
3531 3211 3800 3318 ὁρίζονταί

527 3339 692 3409 cujus
733 3339 908 3408 major
933 3353 1062 3408 pars
1109 3350 1274 3406 supra
1310 3334 1582 3388 ilnitorem
1631 3330 1950 3396 extollitur;
1981 3335 2119 3382 tem-

529 3441 740 3503 perata,
775 3431 831 3485 in
863 3445 972 3500 qua
1003 3429 1156 3499 regio
1189 3434 1383 3482 nostra
1413 3425 1520 3480 sita
1545 3430 1660 3488 est;
1692 3421 1957 3475 attributa
1973 3417 2116 3483 Jovi,

529 3523 912 3593 scrupulorum
953 3521 1217 3593 quinque,
1265 3517 1572 3574 stadiorum
1602 3512 1840 3580 21,000;
1875 3511 2121 3582 aequino-

531 3617 711 3672 ctialis
745 3615 1010 3686 aequalem
1043 3627 1232 3684 supra,
1281 3609 1533 3679 infraque
1585 3603 1926 3660 horizontem
1972 3603 2119 3658 obti-

532 3725 670 3765 nens
704 3717 915 3779 partem
935 3745 955 3773 ,
982 3704 1357 3760 inhabitabilis
1384 3710 1492 3768 est,
1533 3707 1748 3763 exusta,
1778 3697 1970 3752 Martis
2000 3708 2123 3765 pro-

534 3801 676 3871 pria,
703 3797 1064 3869 amplitudine
1083 3793 1468 3865 scrupulorum
1486 3798 1633 3858 octo,
1647 3791 1752 3843 hoc
1770 3795 1856 3843 est
1881 3789 1948 3843 ab
1971 3795 2122 3841 utra-

535 3907 644 3960 que
698 3887 1100 3959 atquinoctialis
1151 3894 1306 3956 parte
1357 3895 1631 3954 quatuor;
1690 3880 1782 3933 hic
1819 3879 1965 3933 enim
2011 3886 2122 3932 tam

535 3983 734 4054 ipsam,
759 3995 924 4052 quam
953 3987 1123 4033 totam
1149 3977 1418 4046 sphaeram
1440 3971 1679 4028 mediam
1702 3969 1918 4025 dividit.
1947 3967 2123 4023 Habet

535 4077 835 4134 stadiorum
859 4072 1091 4139 55,600;
1118 4069 1370 4125 hiemalis
1387 4074 1582 4123 contra
1605 4072 1770 4134 atque
1797 4063 1986 4118 aestiva
2008 4075 2125 4115 ma-

523 4170 640 4241 jori
677 4169 764 4224 sui
794 4175 950 4239 parte
977 4166 1081 4222 sub
1105 4164 1389 4218 horizonte
1409 4161 1577 4224 latet,
1608 4156 1948 4220 habitabilis,
1986 4161 2126 4209 tem-

534 4266 757 4332 perata,
797 4257 981 4312 dicata
1014 4254 1245 4317 Veneri,
1267 4249 1964 4322 scrupulorum'quinque,
2007 4255 2124 4302 sta-

535 4354 754 4409 diorum
784 4350 1025 4417 21,000;
1049 4347 1328 4412 australis,
1363 4359 1484 4415 quae
1507 4350 1620 4398 tota
1647 4340 1940 4403 delitescit,
1967 4338 2126 4393 inha-

533 4441 800 4505 bitabilis,
833 4439 1053 4510 frigida,
1089 4437 1158 4492 ad
1188 4434 1519 4490 Mercurium
1547 4432 1861 4502 pertinens,
1893 4444 2127 4498 scrupu-

2217 3343 2502 3414 εὔκρατος,
2535 3344 2594 3395 ὲν
2698 3343 2849 3397 ἐστιν
2885 3342 2920 3413 ἡ
2952 3340 3074 3395 καθ’
3113 3343 3264 3412 ἡμᾶς
3306 3339 3598 3411 οἰκουμένη
3618 3378 3633 3403 ,
3659 3338 3800 3403 Διὸς,

2219 3433 2524 3506 ἑξηκοστῶν
2540 3433 2604 3500 ε’,
2619 3433 2848 3487 σταδίων
2865 3433 2922 3486 δὲ
2939 3432 3238 3504 δισμυρίων
3259 3432 3416 3503 καὶ,α
3433 3449 3448 3464 ·
3491 3430 3802 3502 ἰσημερινὴ,

2222 3526 2335 3579 ίσον
2392 3525 2589 3596 ἔχουσα
2621 3523 2713 3578 τὸν
2751 3524 2892 3595 ὑπὲρ
2948 3523 3053 3595 γῆν
3091 3523 3343 3594 ὁρίζοντα
3377 3522 3454 3595 τῷ
3481 3523 3571 3576 ὑπ’
3617 3523 3803 3586 αὐτὸν,

2220 3618 2498 3689 ἀοίκητος,
2523 3615 2948 3688 διακεκαυμένη,
2974 3617 3207 3688 ¹Ἄρεως,
3252 3613 3560 3685 ὲξηκοστῶν
3604 3615 3704 3685 μὲν
3731 3620 3803 3685 η’,

2222 3709 2283 3776 ἐξ
2304 3709 2566 3782 ἑκατέρου
2598 3709 2800 3780 μέρους
2817 3708 2912 3762 τοῦ
2952 3705 3270 3779 ἰσημερινώ
3304 3708 3585 3777 τεσσάρων
3607 3722 3619 3734 ο
3649 3700 3805 3768 οὗτος

2221 3802 2332 3872 γὰρ
2383 3801 2553 3872 αὐτὴν
2606 3801 2701 3854 καὶ
2750 3799 2850 3871 τὴν
2905 3799 3032 3869 ὅλην
3095 3801 3330 3870 σφαῖραν
3356 3798 3547 3868 τέμνει
3592 3796 3804 3867 μέσην·

2225 3893 2452 3948 σταδίων
2472 3893 2512 3946 δ’
2549 3893 2892 3964 τρισμυρίων
2925 3892 3020 3945 καὶ
3052 3898 3149 3963 ,γχ¹
3167 3909 3182 3922 ο
3218 3889 3821 3965 χειμερινὴ,ἁνάπαλιψ

2223 3989 2290 4058 τῇ
2319 3986 2506 4057 θερινῇ
2531 3983 2714 4036 πλεῖον
2748 3981 2947 4053 ἔχουσα
2968 3982 3031 4035 τὸ
3061 3981 3203 4052 ὑπὲρ
3236 3982 3282 4013 ³ο
3313 3980 3406 4033 τὸν
3428 3980 3698 4050 ὁρίζοντα,
3728 3981 3810 4032 οἰ-

2223 4078 2486 4150 κουμένη,
2530 4075 2816 4147 εὔκρατος,
2859 4074 3196 4146 Ἀφροδίτης,
3245 4073 3554 4144 ἐξηκοστῶν
3587 4080 3648 4136 ε’,
3680 4089 3820 4127 στα--

2223 4171 2354 4225 δίων
2387 4169 2446 4223 δὲ
2479 4167 2783 4239 δισμυρίων
2819 4167 2916 4220 καὶ
2944 4183 3028 4237 ια·
3065 4166 3259 4229 νότιος,
3291 4166 3388 4236 ὅλη
3425 4166 3659 4235 ἀφανὴς,
3692 4164 3808 4217 tioi-

2225 4280 2424 4334 κητος,
2469 4258 2858 4330 κατεψυγμένη
2883 4298 2899 4325 ,
2943 4257 3168 4328 Ἑρμοῦ,
3218 4255 3525 4328 ὲξηκοστῶν
3589 4256 3688 4326 μὲν
3730 4262 3819 4320 ς¹,-

2229 4354 2458 4408 σταδίων
2509 4353 2568 4406 δὲ
2622 4349 2924 4422 δισμυρίων
2947 4347 3056 4421 ιεσ’.
3101 4348 3187 4412 Ὦς
3221 4344 3360 4401 εἶναι
3403 4347 3542 4420 ὑπὲρ
3580 4347 3672 4399 τὸν
3695 4345 3815 4416 ὁρί-

2228 4445 2388 4511 ζοντα
2416 4446 2745 4517 περίμετρον
2785 4443 2884 4514 τῆς
2913 4442 3018 4514 γῆς
3046 4440 3318 4514 έξηκοστὰ
3347 4440 3444 4513 μὲν
3467 4439 3532 4506 λ’,
3577 4439 3815 4493 σταδίων

537 4537 716 4592 lorum
738 4550 855 4598 sex,
897 4531 1202 4588 stadiorum
1229 4527 1455 4592 25,200.
1493 4524 1840 4596 Colliguntur
1879 4521 2113 4576 ambitus

2225 4537 2500 4613 μυριάδων
2529 4537 2588 4592 δὲ
2630 4536 2695 4607 ιβ’
2721 4534 2816 4590 καὶ
2851 4552 2929 4606 ,ςκ

540 4635 703 4682 terra:
731 4639 898 4697 supra
933 4623 1225 4684 finitorem,
1261 4618 1522 4688 scrupula
1539 4617 1642 4681 30,
1676 4613 2124 4671 stadiorumvero

541 4721 800 4788 126,000.

610 4815 875 4870 Caeterum
905 4811 1000 4884 qui
1031 4809 1088 4864 in
1123 4806 1314 4865 eodem
1347 4805 1553 4877 degunt
1602 4800 1987 4872 hemisphaerio
2027 4798 2128 4855 bo-

538 4909 715 4963 reales
755 4908 1156 4976 australesque,
1201 4903 1461 4957 dicuntur
1507 4896 1875 4959 antichtones,
1931 4893 2026 4963 qui
2070 4893 2129 4947 in

541 4999 756 5054 duobus
787 4995 1192 5068 hemisphaeriis
1240 5005 1409 5062 supra
1435 4988 1690 5056 infraque
1718 4992 1946 5050 terram,
1986 4983 2130 5039 anti-

545 5091 737 5147 nodes.

617 5203 906 5274 Catalogus
937 5202 1294 5274 scriptorum,
1307 5197 1400 5268 qui
1419 5196 1646 5250 Aratum
1661 5191 2058 5248 commentariis

1075 5273 1187 5326 suis
1234 5269 1594 5324 illustrarunt.

764 5391 976 5446 Attalus
1004 5387 1273 5442 Rhodius.

762 5460 1118 5516 Aristarchus
1147 5456 1387 5511 Samius.

760 5530 1076 5600 Apollonius
1102 5534 1396 5600 geometra.

763 5595 1066 5672 Antigonus
1087 5595 1495 5669 grammaticus.

2303 4801 2610 4858 Καλοῦνται
2661 4800 2719 4854 δὲ
2773 4801 2850 4866 οἱ]
2885 4798 2984 4870 μὲν
3022 4795 3240 4852 ἐπὶτοῦ
3265 4795 3429 4850 αὐτοῦ
3454 4793 3811 4867 ἡμισφαιρίου

2235 4896 2435 4969 βόρειοι
2467 4913 2527 4949 τε
2545 4896 2638 4950 καὶ
2658 4893 2874 4949 νοτιώτε
2883 4911 2966 4966 ροι
2987 4892 3366 4955 κατοικοῦντες
3386 4887 3704 4960 αὐτόχθονες
3727 4886 3769 4917 ³¹
3795 4900 3808 4914 ·

2233 4995 2284 5046 οἱ
2316 4992 2373 5044 δὲ
2401 4991 2486 5060 ἐφ’
2511 4987 2774 5059 ἐκατέρου
2799 4986 2908 5040 τῶν
2941 4983 3314 5057 ἡμισφαιρίων
3338 4981 3480 5053 ὑπὲρ
3501 4981 3605 5052 γῆν
3629 4995 3688 5033 τε
3719 4976 3814 5032 καὶ

2237 5083 2342 5138 ὑπὸ
2359 5085 2463 5154 γῆν
2497 5079 2805 5142 ἀντίποδες.
3877 5091 3879 5094 ·

2455 5195 2518 5248 Οἱ
2545 5191 2680 5261 περὶ
2702 5189 2809 5244 τοῦ
2840 5187 3088 5256 ποιητοῦ
3117 5185 3560 5256 συνταξάμενοι
3583 5199 3598 5214 ο

2451 5371 2713 5433 ’Ἄτταλος
2755 5366 2973 5431 Ῥόδιος.

2458 5442 2814 5512 Ἀρίσταρχος
2847 5438 3070 5512 Σάμιρςο

2459 5508 2810 5572 Ἀπολλώνιος
2841 5508 3181 5579 γεωμέτρης.

2460 5583 2762 5651 Ἀντίγονος
2797 5577 3198 5649 γραμματικός.

627 5784 672 5817 ³⁷
705 5782 830 5839 Cor.
873 5782 1251 5850 ἀνταρκτικὸν.
1328 5781 1373 5813 ’⁸
1403 5779 1522 5836 1ηιο
1551 5777 1823 5833 ἀπλανῶν.
1900 5776 1945 5808 ’θ
1980 5774 2108 5830 Post

2215 5782 2226 5826 t
2257 5772 2396 5826 ratio
2422 5769 2528 5834 ,δσ¹.
2609 5767 2652 5800 ³ο
2689 5765 2804 5822 Imo
2833 5762 2957 5821 ὑπό.
3036 5763 3077 5794 ³¹
3106 5761 3230 5816 Cor.
3262 5759 3590 5830 ἀντίχθονες.
