  <div class='ocr_page' id='page_1' title='image "/cluster/home/n/w/nwhite01/storage/ocr_20150623/19/nnc1.0037127454/599.png"; bbox 0 0 4132 6410; ppageno 0'>
   <div class='ocr_carea' id='block_1_1' title="bbox 486 400 628 457">
    <p class='ocr_par' dir='ltr' id='par_1_1' title="bbox 486 400 628 457">
     <span class='ocr_line' id='line_1_1' title="bbox 486 400 628 457; baseline 0.014 -2"><span class='ocrx_word' id='word_1_1' title='bbox 486 400 628 457; x_wconf 79' lang='grc'><strong>1155</strong></span> 
     </span>
    </p>
   </div>
   <div class='ocr_carea' id='block_1_2' title="bbox 1506 399 2734 462">
    <p class='ocr_par' dir='ltr' id='par_1_2' title="bbox 1506 399 2734 462">
     <span class='ocr_line' id='line_1_2' title="bbox 1506 399 2734 462; baseline -0.002 0"><span class='ocrx_word' id='word_1_2' title='bbox 1506 404 1852 462; x_wconf 77' lang='grc' dir='ltr'><strong>ΑΡΡΕΝΒΙΧ</strong></span> <span class='ocrx_word' id='word_1_3' title='bbox 1879 403 1973 460; x_wconf 82' lang='lat' dir='ltr'><strong>AD</strong></span> <span class='ocrx_word' id='word_1_4' title='bbox 2009 399 2283 458; x_wconf 83' lang='lat' dir='ltr'><strong>EUSEBII</strong></span> <span class='ocrx_word' id='word_1_5' title='bbox 2311 401 2734 460; x_wconf 80' lang='lat' dir='ltr'><strong>CHRONICON.</strong></span> 
     </span>
    </p>
   </div>
   <div class='ocr_carea' id='block_1_3' title="bbox 3585 405 3720 462">
    <p class='ocr_par' dir='ltr' id='par_1_3' title="bbox 3585 405 3720 462">
     <span class='ocr_line' id='line_1_3' title="bbox 3585 405 3720 462; baseline 0.015 -2"><span class='ocrx_word' id='word_1_6' title='bbox 3585 405 3720 462; x_wconf 78' lang='lat'><strong>“56</strong></span> 
     </span>
    </p>
   </div>
   <div class='ocr_carea' id='block_1_4' title="bbox 483 519 2048 596">
    <p class='ocr_par' dir='ltr' id='par_1_4' title="bbox 483 519 2044 596">
     <span class='ocr_line' id='line_1_4' title="bbox 483 519 2044 596; baseline 0.003 -21"><span class='ocrx_word' id='word_1_7' title='bbox 483 528 540 575; x_wconf 90' lang='lat' dir='ltr'><strong>et</strong></span> <span class='ocrx_word' id='word_1_8' title='bbox 569 519 695 578; x_wconf 88' lang='lat' dir='ltr'><strong>Sais</strong></span> <span class='ocrx_word' id='word_1_9' title='bbox 720 522 851 583; x_wconf 86' lang='lat' dir='ltr'><strong>urbs</strong></span> <span class='ocrx_word' id='word_1_10' title='bbox 873 529 956 578; x_wconf 87' lang='lat' dir='ltr'><strong>est</strong></span> <span class='ocrx_word' id='word_1_11' title='bbox 979 521 1034 577; x_wconf 91' lang='lat' dir='ltr'><strong>in</strong></span> <span class='ocrx_word' id='word_1_12' title='bbox 1065 521 1320 588; x_wconf 85' lang='lat' dir='ltr'><strong>Thracia,</strong></span> <span class='ocrx_word' id='word_1_13' title='bbox 1347 525 1420 592; x_wconf 91' lang='lat' dir='ltr'><strong>ei,</strong></span> <span class='ocrx_word' id='word_1_14' title='bbox 1451 541 1573 596; x_wconf 87' lang='lat' dir='ltr'><strong>quae</strong></span> <span class='ocrx_word' id='word_1_15' title='bbox 1596 531 1681 580; x_wconf 84' lang='lat' dir='ltr'><strong>est</strong></span> <span class='ocrx_word' id='word_1_16' title='bbox 1711 524 1765 579; x_wconf 91' lang='lat' dir='ltr'><strong>in</strong></span> <span class='ocrx_word' id='word_1_17' title='bbox 1789 523 2044 596; x_wconf 64' lang='lat' dir='ltr'><strong>Egypto,</strong></span> 
     </span>
    </p>
   </div>
   <div class='ocr_carea' id='block_1_5' title="bbox 2150 519 3719 596">
    <p class='ocr_par' dir='ltr' id='par_1_5' title="bbox 2151 521 3719 596">
     <span class='ocr_line' id='line_1_5' title="bbox 2151 521 3719 596; baseline 0.004 -22"><span class='ocrx_word' id='word_1_18' title='bbox 2151 539 2250 594; x_wconf 90' lang='grc' dir='ltr'><strong>μος</strong></span> <span class='ocrx_word' id='word_1_19' title='bbox 2278 523 2336 575; x_wconf 83' lang='grc' dir='ltr'><strong>ὲν</strong></span> <span class='ocrx_word' id='word_1_20' title='bbox 2384 521 2665 593; x_wconf 79' lang='grc' dir='ltr'><strong>Αἰγύπτῳ.</strong></span> <span class='ocrx_word' id='word_1_21' title='bbox 2713 522 2851 574; x_wconf 89' lang='grc' dir='ltr'><strong>Ἀλλ’</strong></span> <span class='ocrx_word' id='word_1_22' title='bbox 2873 521 2982 576; x_wconf 82' lang='grc' dir='ltr'><strong>ἀπὸ</strong></span> <span class='ocrx_word' id='word_1_23' title='bbox 3022 521 3122 592; x_wconf 80' lang='grc' dir='ltr'><strong>μὲν</strong></span> <span class='ocrx_word' id='word_1_24' title='bbox 3163 522 3268 594; x_wconf 82' lang='grc' dir='ltr'><strong>τῆς</strong></span> <span class='ocrx_word' id='word_1_25' title='bbox 3289 523 3349 576; x_wconf 79' lang='grc' dir='ltr'><strong>ἐν</strong></span> <span class='ocrx_word' id='word_1_26' title='bbox 3379 523 3642 596; x_wconf 71' lang='grc' dir='ltr'><strong>Αἰγύπτῳ</strong></span> <span class='ocrx_word' id='word_1_27' title='bbox 3671 527 3719 580; x_wconf 81' lang='lat' dir='ltr'><strong>oi</strong></span> 
     </span>
    </p>
   </div>
   <div class='ocr_carea' id='block_1_6' title="bbox 484 613 2052 686">
    <p class='ocr_par' dir='ltr' id='par_1_6' title="bbox 484 613 2052 686">
     <span class='ocr_line' id='line_1_6' title="bbox 484 613 2052 686; baseline 0.003 -19"><span class='ocrx_word' id='word_1_28' title='bbox 484 614 845 685; x_wconf 73' lang='lat' dir='ltr'><strong>cognominis.</strong></span> <span class='ocrx_word' id='word_1_29' title='bbox 884 613 990 668; x_wconf 87' lang='lat' dir='ltr'><strong>Sed</strong></span> <span class='ocrx_word' id='word_1_30' title='bbox 1015 615 1083 669; x_wconf 90' lang='lat' dir='ltr'><strong>ab</strong></span> <span class='ocrx_word' id='word_1_31' title='bbox 1109 614 1383 686; x_wconf 56' lang='lat' dir='ltr'><strong>Egyptia,</strong></span> <span class='ocrx_word' id='word_1_32' title='bbox 1419 614 1585 672; x_wconf 74' lang='lat' dir='ltr'><strong>Saita:</strong></span> <span class='ocrx_word' id='word_1_33' title='bbox 1618 635 1632 671; x_wconf 87' lang='lat'><strong>:</strong></span> <span class='ocrx_word' id='word_1_34' title='bbox 1663 617 1732 671; x_wconf 90' lang='lat' dir='ltr'><strong>ab</strong></span> <span class='ocrx_word' id='word_1_35' title='bbox 1771 616 2052 672; x_wconf 89' lang='lat' dir='ltr'><strong>Threcen—</strong></span> 
     </span>
    </p>
   </div>
   <div class='ocr_carea' id='block_1_7' title="bbox 484 703 2048 770">
    <p class='ocr_par' dir='ltr' id='par_1_7' title="bbox 484 703 2048 770">
     <span class='ocr_line' id='line_1_7' title="bbox 484 703 2048 770; baseline 0.002 -11"><span class='ocrx_word' id='word_1_36' title='bbox 484 704 555 770; x_wconf 89' lang='lat' dir='ltr'><strong>si,</strong></span> <span class='ocrx_word' id='word_1_37' title='bbox 589 703 702 759; x_wconf 85' lang='lat' dir='ltr'><strong>Saii</strong></span> <span class='ocrx_word' id='word_1_38' title='bbox 729 707 876 760; x_wconf 82' lang='lat' dir='ltr'><strong>cives</strong></span> <span class='ocrx_word' id='word_1_39' title='bbox 905 706 1278 770; x_wconf 88' lang='lat' dir='ltr'><strong>nominantur,</strong></span> <span class='ocrx_word' id='word_1_40' title='bbox 1309 717 1369 761; x_wconf 92' lang='lat' dir='ltr'><strong>ut</strong></span> <span class='ocrx_word' id='word_1_41' title='bbox 1395 715 1626 763; x_wconf 91' lang='lat' dir='ltr'><strong>testatur</strong></span> <span class='ocrx_word' id='word_1_42' title='bbox 1645 708 2009 762; x_wconf 86' lang='lat' dir='ltr'><strong>Archilochus</strong></span> <span class='ocrx_word' id='word_1_43' title='bbox 2033 726 2048 762; x_wconf 90' lang='lat'>:</span> 
     </span>
    </p>
   </div>
   <div class='ocr_carea' id='block_1_8' title="bbox 485 817 2050 962">
    <p class='ocr_par' dir='ltr' id='par_1_8' title="bbox 485 817 2050 962">
     <span class='ocr_line' id='line_1_8' title="bbox 485 817 2050 962; baseline 0.002 -91"><span class='ocrx_word' id='word_1_44' title='bbox 485 817 676 887; x_wconf 82' lang='lat' dir='ltr'><strong>Clypeo</strong></span> <span class='ocrx_word' id='word_1_45' title='bbox 697 817 904 887; x_wconf 83' lang='lat' dir='ltr'><strong>quidem</strong></span> <span class='ocrx_word' id='word_1_46' title='bbox 929 817 1179 874; x_wconf 89' lang='lat' dir='ltr'><strong>Saiorum</strong></span> <span class='ocrx_word' id='word_1_47' title='bbox 1209 821 1403 890; x_wconf 76' lang='lat' dir='ltr'><strong>aliquis</strong></span> <span class='ocrx_word' id='word_1_48' title='bbox 1433 822 1758 962; x_wconf 64' lang='lat' dir='ltr'><strong>gloriatur[:f</strong></span> <span class='ocrx_word' id='word_1_49' title='bbox 1782 839 1933 947; x_wconf 45' lang='lat' dir='ltr'><strong>quam</strong></span> <span class='ocrx_word' id='word_1_50' title='bbox 1981 821 2050 875; x_wconf 91' lang='lat' dir='ltr'><strong>ad</strong></span> 
     </span>
     <span class='ocr_line' id='line_1_9' title="bbox 1756 909 1982 946; baseline 0.004 -1"><span class='ocrx_word' id='word_1_51' title='bbox 1756 909 1819 945; x_wconf 87' lang='lat' dir='ltr'><strong>ru</strong></span> <span class='ocrx_word' id='word_1_52' title='bbox 1893 909 1982 946; x_wconf 90' lang='lat' dir='ltr'><strong>um</strong></span> 
     </span>
    </p>
   </div>
   <div class='ocr_carea' id='block_1_9' title="bbox 1756 909 1982 946">
    <p class='ocr_par' dir='ltr' id='par_1_9' title="bbox 1756 909 1982 946">
     <span class='ocr_line' id='line_1_10' title="bbox 1756 909 1982 946; baseline 0.004 -1"><span class='ocrx_word' id='word_1_53' title='bbox 1756 909 1982 946; x_wconf 86' lang='lat' dir='ltr'><strong>rutetum</strong></span> 
     </span>
    </p>
   </div>
   <div class='ocr_carea' id='block_1_10' title="bbox 485 955 1492 1030">
    <p class='ocr_par' dir='ltr' id='par_1_10' title="bbox 485 955 1492 1030">
     <span class='ocr_line' id='line_1_11' title="bbox 485 955 1492 1030; baseline 0.006 -21"><span class='ocrx_word' id='word_1_54' title='bbox 485 955 637 1010; x_wconf 86' lang='lat' dir='ltr'><strong>Intus</strong></span> <span class='ocrx_word' id='word_1_55' title='bbox 660 957 983 1026; x_wconf 79' lang='lat' dir='ltr'><strong>inculpatum</strong></span> <span class='ocrx_word' id='word_1_56' title='bbox 1011 959 1200 1030; x_wconf 82' lang='lat' dir='ltr'><strong>reliqui</strong></span> <span class='ocrx_word' id='word_1_57' title='bbox 1223 960 1492 1030; x_wconf 76' lang='lat' dir='ltr'><strong>ingratiis.</strong></span> 
     </span>
    </p>
   </div>
   <div class='ocr_carea' id='block_1_11' title="bbox 482 1068 2052 1143">
    <p class='ocr_par' dir='ltr' id='par_1_11' title="bbox 482 1068 2052 1143">
     <span class='ocr_line' id='line_1_12' title="bbox 482 1068 2052 1143; baseline 0.005 -21"><span class='ocrx_word' id='word_1_58' title='bbox 482 1068 693 1126; x_wconf 80' lang='lat' dir='ltr'><strong>Rursus</strong></span> <span class='ocrx_word' id='word_1_59' title='bbox 734 1071 958 1127; x_wconf 66' lang='lat' dir='ltr'><strong>Athena:</strong></span> <span class='ocrx_word' id='word_1_60' title='bbox 1010 1073 1128 1127; x_wconf 68' lang='lat' dir='ltr'><strong>aliae</strong></span> <span class='ocrx_word' id='word_1_61' title='bbox 1173 1081 1302 1128; x_wconf 91' lang='lat' dir='ltr'><strong>sunt</strong></span> <span class='ocrx_word' id='word_1_62' title='bbox 1337 1074 1392 1128; x_wconf 93' lang='lat' dir='ltr'><strong>in</strong></span> <span class='ocrx_word' id='word_1_63' title='bbox 1434 1073 1634 1143; x_wconf 87' lang='lat' dir='ltr'><strong>Attica,</strong></span> <span class='ocrx_word' id='word_1_64' title='bbox 1672 1075 1795 1131; x_wconf 67' lang='lat' dir='ltr'><strong>alite</strong></span> <span class='ocrx_word' id='word_1_65' title='bbox 1847 1076 1902 1129; x_wconf 92' lang='lat' dir='ltr'><strong>in</strong></span> <span class='ocrx_word' id='word_1_66' title='bbox 1942 1075 2052 1130; x_wconf 89' lang='lat' dir='ltr'><strong>Eu-</strong></span> 
     </span>
    </p>
   </div>
   <div class='ocr_carea' id='block_1_12' title="bbox 482 1161 2049 1240">
    <p class='ocr_par' dir='ltr' id='par_1_12' title="bbox 482 1161 2049 1240">
     <span class='ocr_line' id='line_1_13' title="bbox 482 1161 2049 1240; baseline 0.004 -25"><span class='ocrx_word' id='word_1_67' title='bbox 482 1161 632 1230; x_wconf 82' lang='lat' dir='ltr'><strong>bcea;</strong></span> <span class='ocrx_word' id='word_1_68' title='bbox 651 1178 880 1233; x_wconf 87' lang='lat' dir='ltr'><strong>quarum</strong></span> <span class='ocrx_word' id='word_1_69' title='bbox 897 1165 1142 1222; x_wconf 88' lang='lat' dir='ltr'><strong>meminit</strong></span> <span class='ocrx_word' id='word_1_70' title='bbox 1158 1165 1214 1219; x_wconf 92' lang='lat' dir='ltr'><strong>in</strong></span> <span class='ocrx_word' id='word_1_71' title='bbox 1228 1165 1427 1220; x_wconf 80' lang='lat' dir='ltr'><strong>Glauco</strong></span> <span class='ocrx_word' id='word_1_72' title='bbox 1445 1168 1708 1222; x_wconf 89' lang='lat' dir='ltr'><strong>maritimo</strong></span> <span class='ocrx_word' id='word_1_73' title='bbox 1721 1166 2012 1240; x_wconf 67' lang='lat' dir='ltr'><strong>Aiscbylus</strong></span> <span class='ocrx_word' id='word_1_74' title='bbox 2034 1185 2049 1222; x_wconf 89' lang='lat'><strong>:</strong></span> 
     </span>
    </p>
   </div>
   <div class='ocr_carea' id='block_1_13' title="bbox 481 1357 1460 1420">
    <p class='ocr_par' dir='ltr' id='par_1_13' title="bbox 481 1357 1460 1420">
     <span class='ocr_line' id='line_1_14' title="bbox 481 1357 1460 1420; baseline 0.008 -8"><span class='ocrx_word' id='word_1_75' title='bbox 481 1357 688 1416; x_wconf 76' lang='lat' dir='ltr'><strong>Exinde</strong></span> <span class='ocrx_word' id='word_1_76' title='bbox 711 1361 943 1416; x_wconf 85' lang='lat' dir='ltr'><strong>Athenas</strong></span> <span class='ocrx_word' id='word_1_77' title='bbox 973 1363 1174 1418; x_wconf 85' lang='lat' dir='ltr'><strong>Daidas</strong></span> <span class='ocrx_word' id='word_1_78' title='bbox 1198 1382 1225 1418; x_wconf 90' lang='lat' dir='ltr'><strong>e</strong></span> <span class='ocrx_word' id='word_1_79' title='bbox 1255 1364 1460 1420; x_wconf 87' lang='lat' dir='ltr'><strong>Persis.</strong></span> 
     </span>
    </p>
   </div>
   <div class='ocr_carea' id='block_1_14' title="bbox 481 1470 2050 1550">
    <p class='ocr_par' dir='ltr' id='par_1_14' title="bbox 481 1470 2050 1550">
     <span class='ocr_line' id='line_1_15' title="bbox 481 1470 2050 1550; baseline 0.007 -25"><span class='ocrx_word' id='word_1_80' title='bbox 481 1470 683 1527; x_wconf 82' lang='lat' dir='ltr'><strong>Verum</strong></span> <span class='ocrx_word' id='word_1_81' title='bbox 737 1475 806 1529; x_wconf 88' lang='lat' dir='ltr'><strong>ab</strong></span> <span class='ocrx_word' id='word_1_82' title='bbox 858 1476 1088 1532; x_wconf 82' lang='lat' dir='ltr'><strong>Athenis</strong></span> <span class='ocrx_word' id='word_1_83' title='bbox 1137 1479 1352 1543; x_wconf 82' lang='lat' dir='ltr'><strong>Atticis,</strong></span> <span class='ocrx_word' id='word_1_84' title='bbox 1403 1479 1787 1550; x_wconf 80' lang='lat' dir='ltr'><strong>Athenienses,</strong></span> <span class='ocrx_word' id='word_1_85' title='bbox 1823 1481 1891 1536; x_wconf 89' lang='lat' dir='ltr'><strong>ab</strong></span> <span class='ocrx_word' id='word_1_86' title='bbox 1939 1481 2050 1536; x_wconf 91' lang='lat' dir='ltr'><strong>Eu-</strong></span> 
     </span>
    </p>
   </div>
   <div class='ocr_carea' id='block_1_15' title="bbox 481 1563 2052 1643">
    <p class='ocr_par' dir='ltr' id='par_1_15' title="bbox 481 1563 2052 1643">
     <span class='ocr_line' id='line_1_16' title="bbox 481 1563 2052 1643; baseline 0.007 -26"><span class='ocrx_word' id='word_1_87' title='bbox 481 1563 796 1619; x_wconf 74' lang='lat' dir='ltr'><strong>bmensibus</strong></span> <span class='ocrx_word' id='word_1_88' title='bbox 837 1566 1117 1623; x_wconf 84' lang='lat' dir='ltr'><strong>Athenetae</strong></span> <span class='ocrx_word' id='word_1_89' title='bbox 1155 1572 1615 1641; x_wconf 76' lang='lat' dir='ltr'><strong>cognominantur</strong></span> <span class='ocrx_word' id='word_1_90' title='bbox 1648 1592 1660 1627; x_wconf 94' lang='lat'>:</span> <span class='ocrx_word' id='word_1_91' title='bbox 1690 1580 1750 1626; x_wconf 87' lang='lat' dir='ltr'><strong>ut</strong></span> <span class='ocrx_word' id='word_1_92' title='bbox 1792 1573 1847 1627; x_wconf 92' lang='lat' dir='ltr'><strong>in</strong></span> <span class='ocrx_word' id='word_1_93' title='bbox 1877 1574 2052 1643; x_wconf 89' lang='lat' dir='ltr'><strong>primo</strong></span> 
     </span>
    </p>
   </div>
   <div class='ocr_carea' id='block_1_16' title="bbox 481 1651 2053 1736">
    <p class='ocr_par' dir='ltr' id='par_1_16' title="bbox 481 1651 2053 1736">
     <span class='ocr_line' id='line_1_17' title="bbox 481 1651 2053 1736; baseline 0.008 -31"><span class='ocrx_word' id='word_1_94' title='bbox 481 1651 822 1725; x_wconf 74' lang='lat' dir='ltr'><strong>Geographiw</strong></span> <span class='ocrx_word' id='word_1_95' title='bbox 844 1658 984 1712; x_wconf 90' lang='lat' dir='ltr'><strong>libro</strong></span> <span class='ocrx_word' id='word_1_96' title='bbox 1009 1667 1200 1714; x_wconf 82' lang='lat' dir='ltr'><strong>auctor</strong></span> <span class='ocrx_word' id='word_1_97' title='bbox 1222 1672 1306 1716; x_wconf 89' lang='lat' dir='ltr'><strong>est</strong></span> <span class='ocrx_word' id='word_1_98' title='bbox 1333 1661 1744 1718; x_wconf 85' lang='lat' dir='ltr'><strong>Eratosthenes.</strong></span> <span class='ocrx_word' id='word_1_99' title='bbox 1769 1663 1858 1719; x_wconf 90' lang='lat' dir='ltr'><strong>Sic</strong></span> <span class='ocrx_word' id='word_1_100' title='bbox 1886 1665 2053 1736; x_wconf 79' lang='lat' dir='ltr'><strong>igitur</strong></span> 
     </span>
    </p>
   </div>
   <div class='ocr_carea' id='block_1_17' title="bbox 480 1743 2049 1826">
    <p class='ocr_par' dir='ltr' id='par_1_17' title="bbox 480 1743 2049 1826">
     <span class='ocr_line' id='line_1_18' title="bbox 480 1743 2049 1826; baseline 0.008 -29"><span class='ocrx_word' id='word_1_101' title='bbox 480 1745 548 1799; x_wconf 85' lang='lat' dir='ltr'><strong>ab</strong></span> <span class='ocrx_word' id='word_1_102' title='bbox 571 1743 734 1809; x_wconf 90' lang='lat' dir='ltr'><strong>Solis,</strong></span> <span class='ocrx_word' id='word_1_103' title='bbox 785 1749 878 1818; x_wconf 90' lang='lat' dir='ltr'><strong>qui</strong></span> <span class='ocrx_word' id='word_1_104' title='bbox 910 1761 1036 1804; x_wconf 91' lang='lat' dir='ltr'><strong>sunt</strong></span> <span class='ocrx_word' id='word_1_105' title='bbox 1064 1751 1119 1806; x_wconf 89' lang='lat' dir='ltr'><strong>in</strong></span> <span class='ocrx_word' id='word_1_106' title='bbox 1147 1752 1360 1818; x_wconf 78' lang='lat' dir='ltr'><strong>Cilicia,</strong></span> <span class='ocrx_word' id='word_1_107' title='bbox 1412 1753 1668 1810; x_wconf 86' lang='lat' dir='ltr'><strong>Solenses</strong></span> <span class='ocrx_word' id='word_1_108' title='bbox 1695 1773 1708 1808; x_wconf 89' lang='lat'>:</span> <span class='ocrx_word' id='word_1_109' title='bbox 1739 1757 1808 1810; x_wconf 88' lang='lat' dir='ltr'><strong>ab</strong></span> <span class='ocrx_word' id='word_1_110' title='bbox 1855 1757 1924 1811; x_wconf 87' lang='lat' dir='ltr'><strong>iis</strong></span> <span class='ocrx_word' id='word_1_111' title='bbox 1954 1758 2049 1826; x_wconf 91' lang='lat' dir='ltr'><strong>qui</strong></span> 
     </span>
    </p>
   </div>
   <div class='ocr_carea' id='block_1_18' title="bbox 479 1838 2044 1910">
    <p class='ocr_par' dir='ltr' id='par_1_18' title="bbox 479 1838 2044 1910">
     <span class='ocr_line' id='line_1_19' title="bbox 479 1838 2044 1910; baseline 0.008 -19"><span class='ocrx_word' id='word_1_112' title='bbox 479 1846 607 1891; x_wconf 91' lang='lat' dir='ltr'><strong>sunt</strong></span> <span class='ocrx_word' id='word_1_113' title='bbox 636 1839 690 1892; x_wconf 92' lang='lat' dir='ltr'><strong>in</strong></span> <span class='ocrx_word' id='word_1_114' title='bbox 711 1838 908 1910; x_wconf 86' lang='lat' dir='ltr'><strong>Cypro,</strong></span> <span class='ocrx_word' id='word_1_115' title='bbox 938 1841 1068 1896; x_wconf 90' lang='lat' dir='ltr'><strong>Solii</strong></span> <span class='ocrx_word' id='word_1_116' title='bbox 1092 1847 1468 1899; x_wconf 84' lang='lat' dir='ltr'><strong>nominantur.</strong></span> <span class='ocrx_word' id='word_1_117' title='bbox 1515 1845 1721 1901; x_wconf 85' lang='lat' dir='ltr'><strong>Horum</strong></span> <span class='ocrx_word' id='word_1_118' title='bbox 1747 1847 1950 1903; x_wconf 86' lang='lat' dir='ltr'><strong>mentio</strong></span> <span class='ocrx_word' id='word_1_119' title='bbox 1990 1853 2044 1902; x_wconf 80' lang='lat' dir='ltr'><strong>tit</strong></span> 
     </span>
    </p>
   </div>
   <div class='ocr_carea' id='block_1_19' title="bbox 478 1927 2044 2009">
    <p class='ocr_par' dir='ltr' id='par_1_19' title="bbox 478 1927 2044 2009">
     <span class='ocr_line' id='line_1_20' title="bbox 478 1927 2044 2009; baseline 0.008 -29"><span class='ocrx_word' id='word_1_120' title='bbox 478 1943 510 1980; x_wconf 90' lang='lat' dir='ltr'><strong>a</strong></span> <span class='ocrx_word' id='word_1_121' title='bbox 538 1927 736 1986; x_wconf 89' lang='lat' dir='ltr'><strong>Solone</strong></span> <span class='ocrx_word' id='word_1_122' title='bbox 765 1932 820 1986; x_wconf 89' lang='lat' dir='ltr'><strong>in</strong></span> <span class='ocrx_word' id='word_1_123' title='bbox 865 1931 1087 2004; x_wconf 83' lang='lat' dir='ltr'><strong>Elegiis,</strong></span> <span class='ocrx_word' id='word_1_124' title='bbox 1141 1950 1278 2005; x_wconf 89' lang='lat' dir='ltr'><strong>quas</strong></span> <span class='ocrx_word' id='word_1_125' title='bbox 1325 1937 1392 1990; x_wconf 91' lang='lat' dir='ltr'><strong>ad</strong></span> <span class='ocrx_word' id='word_1_126' title='bbox 1441 1937 1812 2008; x_wconf 88' lang='lat' dir='ltr'><strong>Cypranorem</strong></span> <span class='ocrx_word' id='word_1_127' title='bbox 1862 1954 2044 2009; x_wconf 83' lang='lat' dir='ltr'><strong>regem</strong></span> 
     </span>
    </p>
   </div>
   <div class='ocr_carea' id='block_1_20' title="bbox 479 2021 2051 2091">
    <p class='ocr_par' dir='ltr' id='par_1_20' title="bbox 479 2021 2051 2091">
     <span class='ocr_line' id='line_1_21' title="bbox 479 2021 2051 2091; baseline 0.008 -19"><span class='ocrx_word' id='word_1_128' title='bbox 479 2021 701 2090; x_wconf 82' lang='lat' dir='ltr'><strong>scripsit</strong></span> <span class='ocrx_word' id='word_1_129' title='bbox 732 2039 745 2075; x_wconf 90' lang='lat'>:</span> <span class='ocrx_word' id='word_1_130' title='bbox 778 2022 873 2091; x_wconf 90' lang='lat' dir='ltr'><strong>qui</strong></span> <span class='ocrx_word' id='word_1_131' title='bbox 903 2022 969 2077; x_wconf 91' lang='lat' dir='ltr'><strong>de</strong></span> <span class='ocrx_word' id='word_1_132' title='bbox 997 2021 1214 2080; x_wconf 90' lang='lat' dir='ltr'><strong>Solonis</strong></span> <span class='ocrx_word' id='word_1_133' title='bbox 1249 2027 1481 2081; x_wconf 89' lang='lat' dir='ltr'><strong>consilio</strong></span> <span class='ocrx_word' id='word_1_134' title='bbox 1511 2041 1636 2081; x_wconf 92' lang='lat' dir='ltr'><strong>cum</strong></span> <span class='ocrx_word' id='word_1_135' title='bbox 1667 2028 1858 2082; x_wconf 87' lang='lat' dir='ltr'><strong>urbem</strong></span> <span class='ocrx_word' id='word_1_136' title='bbox 1917 2045 2051 2084; x_wconf 82' lang='lat' dir='ltr'><strong>con-</strong></span> 
     </span>
    </p>
   </div>
   <div class='ocr_carea' id='block_1_21' title="bbox 477 2107 2047 2189">
    <p class='ocr_par' dir='ltr' id='par_1_21' title="bbox 477 2107 2047 2189">
     <span class='ocr_line' id='line_1_22' title="bbox 477 2107 2047 2189; baseline 0.007 -26"><span class='ocrx_word' id='word_1_137' title='bbox 477 2107 731 2174; x_wconf 79' lang='lat' dir='ltr'><strong>didisset,</strong></span> <span class='ocrx_word' id='word_1_138' title='bbox 781 2126 900 2165; x_wconf 90' lang='lat' dir='ltr'><strong>eam</strong></span> <span class='ocrx_word' id='word_1_139' title='bbox 949 2112 1004 2165; x_wconf 92' lang='lat' dir='ltr'><strong>in</strong></span> <span class='ocrx_word' id='word_1_140' title='bbox 1033 2113 1200 2182; x_wconf 86' lang='lat' dir='ltr'><strong>hujus</strong></span> <span class='ocrx_word' id='word_1_141' title='bbox 1234 2117 1465 2185; x_wconf 83' lang='lat' dir='ltr'><strong>gratiam</strong></span> <span class='ocrx_word' id='word_1_142' title='bbox 1508 2115 1667 2172; x_wconf 93' lang='lat' dir='ltr'><strong>Solos</strong></span> <span class='ocrx_word' id='word_1_143' title='bbox 1711 2120 2047 2189; x_wconf 84' lang='lat' dir='ltr'><strong>appellavit:</strong></span> 
     </span>
    </p>
   </div>
   <div class='ocr_carea' id='block_1_22' title="bbox 480 2200 2051 2269">
    <p class='ocr_par' dir='ltr' id='par_1_22' title="bbox 480 2200 2051 2269">
     <span class='ocr_line' id='line_1_23' title="bbox 480 2200 2051 2269; baseline 0.009 -17"><span class='ocrx_word' id='word_1_144' title='bbox 480 2207 539 2253; x_wconf 91' lang='lat' dir='ltr'><strong>nt</strong></span> <span class='ocrx_word' id='word_1_145' title='bbox 569 2215 667 2269; x_wconf 88' lang='lat' dir='ltr'><strong>pro</strong></span> <span class='ocrx_word' id='word_1_146' title='bbox 697 2200 824 2256; x_wconf 88' lang='lat' dir='ltr'><strong>dato</strong></span> <span class='ocrx_word' id='word_1_147' title='bbox 859 2204 1092 2259; x_wconf 90' lang='lat' dir='ltr'><strong>consilio</strong></span> <span class='ocrx_word' id='word_1_148' title='bbox 1116 2204 1170 2259; x_wconf 88' lang='lat' dir='ltr'><strong>id</strong></span> <span class='ocrx_word' id='word_1_149' title='bbox 1197 2207 1248 2260; x_wconf 91' lang='lat' dir='ltr'><strong>ei</strong></span> <span class='ocrx_word' id='word_1_150' title='bbox 1277 2207 1505 2262; x_wconf 85' lang='lat' dir='ltr'><strong>honoris</strong></span> <span class='ocrx_word' id='word_1_151' title='bbox 1535 2208 1816 2264; x_wconf 88' lang='lat' dir='ltr'><strong>tribueret.</strong></span> <span class='ocrx_word' id='word_1_152' title='bbox 1877 2209 2051 2266; x_wconf 85' lang='lat' dir='ltr'><strong>Verba</strong></span> 
     </span>
    </p>
   </div>
   <div class='ocr_carea' id='block_1_23' title="bbox 479 2287 1189 2360">
    <p class='ocr_par' dir='ltr' id='par_1_23' title="bbox 479 2287 1189 2360">
     <span class='ocr_line' id='line_1_24' title="bbox 479 2287 1189 2360; baseline 0.01 -18"><span class='ocrx_word' id='word_1_153' title='bbox 479 2287 697 2344; x_wconf 87' lang='lat' dir='ltr'><strong>Solonis</strong></span> <span class='ocrx_word' id='word_1_154' title='bbox 725 2291 995 2360; x_wconf 87' lang='lat' dir='ltr'><strong>ejusmodi</strong></span> <span class='ocrx_word' id='word_1_155' title='bbox 1027 2300 1151 2348; x_wconf 91' lang='lat' dir='ltr'><strong>sunt</strong></span> <span class='ocrx_word' id='word_1_156' title='bbox 1175 2312 1189 2350; x_wconf 93' lang='lat'>:</span> 
     </span>
    </p>
   </div>
   <div class='ocr_carea' id='block_1_24' title="bbox 478 2401 2046 2486">
    <p class='ocr_par' dir='ltr' id='par_1_24' title="bbox 478 2401 2046 2486">
     <span class='ocr_line' id='line_1_25' title="bbox 478 2401 2046 2486; baseline 0.009 -30"><span class='ocrx_word' id='word_1_157' title='bbox 478 2401 638 2458; x_wconf 85' lang='lat' dir='ltr'><strong>Nunc</strong></span> <span class='ocrx_word' id='word_1_158' title='bbox 666 2421 782 2459; x_wconf 82' lang='lat' dir='ltr'><strong>vero</strong></span> <span class='ocrx_word' id='word_1_159' title='bbox 811 2416 866 2460; x_wconf 89' lang='lat' dir='ltr'><strong>tu</strong></span> <span class='ocrx_word' id='word_1_160' title='bbox 897 2408 1105 2480; x_wconf 84' lang='lat' dir='ltr'><strong>quidem</strong></span> <span class='ocrx_word' id='word_1_161' title='bbox 1129 2410 1268 2481; x_wconf 88' lang='lat' dir='ltr'><strong>apud</strong></span> <span class='ocrx_word' id='word_1_162' title='bbox 1298 2411 1473 2466; x_wconf 88' lang='lat' dir='ltr'><strong>Solias</strong></span> <span class='ocrx_word' id='word_1_163' title='bbox 1513 2413 1606 2467; x_wconf 91' lang='lat' dir='ltr'><strong>diu</strong></span> <span class='ocrx_word' id='word_1_164' title='bbox 1637 2415 1757 2468; x_wconf 85' lang='lat' dir='ltr'><strong>istic</strong></span> <span class='ocrx_word' id='word_1_165' title='bbox 1798 2431 2046 2486; x_wconf 85' lang='lat' dir='ltr'><strong>regnans,</strong></span> 
     </span>
    </p>
   </div>
   <div class='ocr_carea' id='block_1_25' title="bbox 562 2540 1654 2620">
    <p class='ocr_par' dir='ltr' id='par_1_25' title="bbox 562 2540 1654 2620">
     <span class='ocr_line' id='line_1_26' title="bbox 562 2540 1654 2620; baseline 0.01 -25"><span class='ocrx_word' id='word_1_166' title='bbox 562 2540 714 2596; x_wconf 83' lang='lat' dir='ltr'><strong>Hanc</strong></span> <span class='ocrx_word' id='word_1_167' title='bbox 733 2544 912 2599; x_wconf 87' lang='lat' dir='ltr'><strong>urbem</strong></span> <span class='ocrx_word' id='word_1_168' title='bbox 939 2545 1164 2620; x_wconf 80' lang='lat' dir='ltr'><strong>incolas,</strong></span> <span class='ocrx_word' id='word_1_169' title='bbox 1197 2541 1478 2620; x_wconf 59' lang='lat' dir='ltr'><strong>genusque’</strong></span> <span class='ocrx_word' id='word_1_170' title='bbox 1485 2559 1654 2606; x_wconf 86' lang='lat' dir='ltr'><strong>tuum.</strong></span> 
     </span>
    </p>
   </div>
   <div class='ocr_carea' id='block_1_26' title="bbox 477 2608 1738 2690">
    <p class='ocr_par' dir='ltr' id='par_1_26' title="bbox 477 2608 1738 2690">
     <span class='ocr_line' id='line_1_27' title="bbox 477 2608 1738 2690; baseline 0.009 -27"><span class='ocrx_word' id='word_1_171' title='bbox 477 2608 577 2690; x_wconf 48' lang='lat' dir='ltr'><strong>Me&#39;</strong></span> <span class='ocrx_word' id='word_1_172' title='bbox 593 2629 708 2690; x_wconf 76' lang='lat' dir='ltr'><strong>vero</strong></span> <span class='ocrx_word' id='word_1_173' title='bbox 731 2630 847 2667; x_wconf 81' lang='lat' dir='ltr'><strong>cum</strong></span> <span class='ocrx_word' id='word_1_174' title='bbox 887 2619 1007 2690; x_wconf 78' lang='lat' dir='ltr'><strong>navi</strong></span> <span class='ocrx_word' id='word_1_175' title='bbox 1040 2608 1422 2690; x_wconf 48' lang='lat' dir='ltr'><strong>celerivinclyt&#39;a</strong></span> <span class='ocrx_word' id='word_1_176' title='bbox 1455 2621 1517 2674; x_wconf 86' lang='lat' dir='ltr'><strong>ab</strong></span> <span class='ocrx_word' id='word_1_177' title='bbox 1556 2621 1738 2674; x_wconf 84' lang='lat' dir='ltr'><strong>insula</strong></span> 
     </span>
    </p>
   </div>
   <div class='ocr_carea' id='block_1_27' title="bbox 549 2680 1786 2758">
    <p class='ocr_par' dir='ltr' id='par_1_27' title="bbox 549 2680 1786 2758">
     <span class='ocr_line' id='line_1_28' title="bbox 549 2680 1786 2758; baseline 0.008 -24"><span class='ocrx_word' id='word_1_178' title='bbox 549 2680 872 2738; x_wconf 88' lang='lat' dir='ltr'><strong>Incolumem</strong></span> <span class='ocrx_word' id='word_1_179' title='bbox 893 2685 1116 2743; x_wconf 82' lang='lat' dir='ltr'><strong>deducat</strong></span> <span class='ocrx_word' id='word_1_180' title='bbox 1136 2680 1490 2758; x_wconf 53' lang='lat' dir='ltr'><strong>Cypris&#39;viola</strong></span> <span class='ocrx_word' id='word_1_181' title='bbox 1518 2693 1786 2745; x_wconf 88' lang='lat' dir='ltr'><strong>redimita.</strong></span> 
     </span>
    </p>
   </div>
   <div class='ocr_carea' id='block_1_28' title="bbox 552 2793 2046 2872">
    <p class='ocr_par' dir='ltr' id='par_1_28' title="bbox 552 2793 2046 2872">
     <span class='ocr_line' id='line_1_29' title="bbox 552 2793 2046 2872; baseline 0.007 -26"><span class='ocrx_word' id='word_1_182' title='bbox 552 2793 700 2848; x_wconf 77' lang='lat' dir='ltr'><strong>Vixit</strong></span> <span class='ocrx_word' id='word_1_183' title='bbox 726 2795 928 2852; x_wconf 87' lang='lat' dir='ltr'><strong>Aratus</strong></span> <span class='ocrx_word' id='word_1_184' title='bbox 952 2798 1057 2854; x_wconf 84' lang='lat' dir='ltr'><strong>sub</strong></span> <span class='ocrx_word' id='word_1_185' title='bbox 1087 2799 1360 2870; x_wconf 85' lang='lat' dir='ltr'><strong>Antigono</strong></span> <span class='ocrx_word' id='word_1_186' title='bbox 1401 2800 1732 2856; x_wconf 81' lang='lat' dir='ltr'><strong>Macedoniae</strong></span> <span class='ocrx_word' id='word_1_187' title='bbox 1766 2817 1914 2872; x_wconf 84' lang='lat' dir='ltr'><strong>rege,</strong></span> <span class='ocrx_word' id='word_1_188' title='bbox 1957 2818 2046 2872; x_wconf 82' lang='lat' dir='ltr'><strong>qui</strong></span> 
     </span>
    </p>
   </div>
   <div class='ocr_carea' id='block_1_29' title="bbox 474 2887 2047 2964">
    <p class='ocr_par' dir='ltr' id='par_1_29' title="bbox 474 2887 2047 2964">
     <span class='ocr_line' id='line_1_30' title="bbox 474 2887 2047 2964; baseline 0.003 -22"><span class='ocrx_word' id='word_1_189' title='bbox 474 2887 716 2944; x_wconf 88' lang='lat' dir='ltr'><strong>Gonatas</strong></span> <span class='ocrx_word' id='word_1_190' title='bbox 747 2895 832 2944; x_wconf 91' lang='lat' dir='ltr'><strong>est</strong></span> <span class='ocrx_word' id='word_1_191' title='bbox 860 2889 1064 2956; x_wconf 87' lang='lat' dir='ltr'><strong>dictus,</strong></span> <span class='ocrx_word' id='word_1_192' title='bbox 1110 2889 1369 2945; x_wconf 86' lang='lat' dir='ltr'><strong>Demetrii</strong></span> <span class='ocrx_word' id='word_1_193' title='bbox 1409 2891 1730 2948; x_wconf 72' lang='lat' dir='ltr'><strong>Poliorceta:</strong></span> <span class='ocrx_word' id='word_1_194' title='bbox 1767 2893 1899 2957; x_wconf 86' lang='lat' dir='ltr'><strong>tilio,</strong></span> <span class='ocrx_word' id='word_1_195' title='bbox 1952 2893 2047 2964; x_wconf 93' lang='lat' dir='ltr'><strong>qui</strong></span> 
     </span>
    </p>
   </div>
   <div class='ocr_carea' id='block_1_30' title="bbox 479 2977 2050 3053">
    <p class='ocr_par' dir='ltr' id='par_1_30' title="bbox 479 2977 2050 3053">
     <span class='ocr_line' id='line_1_31' title="bbox 479 2977 2050 3053; baseline 0.003 -21"><span class='ocrx_word' id='word_1_196' title='bbox 479 2993 701 3032; x_wconf 81' lang='lat' dir='ltr'><strong>uxorem</strong></span> <span class='ocrx_word' id='word_1_197' title='bbox 726 2979 915 3033; x_wconf 89' lang='lat' dir='ltr'><strong>habuit</strong></span> <span class='ocrx_word' id='word_1_198' title='bbox 948 2977 1183 3044; x_wconf 86' lang='lat' dir='ltr'><strong>Philam,</strong></span> <span class='ocrx_word' id='word_1_199' title='bbox 1221 2977 1452 3035; x_wconf 89' lang='lat' dir='ltr'><strong>Seleuco</strong></span> <span class='ocrx_word' id='word_1_200' title='bbox 1475 2991 1529 3036; x_wconf 91' lang='lat' dir='ltr'><strong>et</strong></span> <span class='ocrx_word' id='word_1_201' title='bbox 1557 2981 1868 3036; x_wconf 86' lang='lat' dir='ltr'><strong>Stratonica</strong></span> <span class='ocrx_word' id='word_1_202' title='bbox 1897 2983 2050 3053; x_wconf 85' lang='lat' dir='ltr'><strong>geni-</strong></span> 
     </span>
    </p>
   </div>
   <div class='ocr_carea' id='block_1_31' title="bbox 473 3070 2046 3143">
    <p class='ocr_par' dir='ltr' id='par_1_31' title="bbox 473 3070 2046 3143">
     <span class='ocr_line' id='line_1_32' title="bbox 473 3070 2046 3143; baseline 0.001 -19"><span class='ocrx_word' id='word_1_203' title='bbox 473 3080 604 3125; x_wconf 88' lang='lat' dir='ltr'><strong>tam.</strong></span> <span class='ocrx_word' id='word_1_204' title='bbox 643 3070 746 3136; x_wconf 86' lang='lat' dir='ltr'><strong>Qui</strong></span> <span class='ocrx_word' id='word_1_205' title='bbox 779 3087 904 3125; x_wconf 91' lang='lat' dir='ltr'><strong>cum</strong></span> <span class='ocrx_word' id='word_1_206' title='bbox 945 3071 1251 3125; x_wconf 84' lang='lat' dir='ltr'><strong>litterarum</strong></span> <span class='ocrx_word' id='word_1_207' title='bbox 1283 3072 1564 3127; x_wconf 89' lang='lat' dir='ltr'><strong>studiosus</strong></span> <span class='ocrx_word' id='word_1_208' title='bbox 1597 3081 1766 3139; x_wconf 89' lang='lat' dir='ltr'><strong>esset,</strong></span> <span class='ocrx_word' id='word_1_209' title='bbox 1811 3089 2046 3143; x_wconf 69' lang='lat' dir='ltr'><strong>prmser-</strong></span> 
     </span>
    </p>
   </div>
   <div class='ocr_carea' id='block_1_32' title="bbox 473 3161 2046 3234">
    <p class='ocr_par' dir='ltr' id='par_1_32' title="bbox 473 3161 2046 3234">
     <span class='ocr_line' id='line_1_33' title="bbox 473 3161 2046 3234; baseline 0.004 -19"><span class='ocrx_word' id='word_1_210' title='bbox 473 3163 680 3234; x_wconf 90' lang='lat' dir='ltr'><strong>timque</strong></span> <span class='ocrx_word' id='word_1_211' title='bbox 703 3163 927 3232; x_wconf 65' lang='lat' dir='ltr'><strong>poetica:</strong></span> <span class='ocrx_word' id='word_1_212' title='bbox 948 3162 1189 3227; x_wconf 89' lang='lat' dir='ltr'><strong>deditus,</strong></span> <span class='ocrx_word' id='word_1_213' title='bbox 1220 3161 1370 3218; x_wconf 88' lang='lat' dir='ltr'><strong>dedit</strong></span> <span class='ocrx_word' id='word_1_214' title='bbox 1391 3179 1634 3234; x_wconf 84' lang='lat' dir='ltr'><strong>operam.</strong></span> <span class='ocrx_word' id='word_1_215' title='bbox 1663 3175 1721 3218; x_wconf 92' lang='lat' dir='ltr'><strong>ut</strong></span> <span class='ocrx_word' id='word_1_216' title='bbox 1748 3179 1874 3219; x_wconf 90' lang='lat' dir='ltr'><strong>cum</strong></span> <span class='ocrx_word' id='word_1_217' title='bbox 1909 3165 2046 3221; x_wconf 89' lang='lat' dir='ltr'><strong>alios</strong></span> 
     </span>
    </p>
   </div>
   <div class='ocr_carea' id='block_1_33' title="bbox 2152 611 3719 686">
    <p class='ocr_par' dir='ltr' id='par_1_33' title="bbox 2152 611 3719 686">
     <span class='ocr_line' id='line_1_34' title="bbox 2152 611 3719 686; baseline 0.002 -21"><span class='ocrx_word' id='word_1_218' title='bbox 2152 612 2367 666; x_wconf 83' lang='grc' dir='ltr'><strong>πολῖται</strong></span> <span class='ocrx_word' id='word_1_219' title='bbox 2397 611 2585 666; x_wconf 75' lang='grc' dir='ltr'><strong>Σαῗται</strong></span> <span class='ocrx_word' id='word_1_220' title='bbox 2615 611 2924 677; x_wconf 77' lang='grc' dir='ltr'><strong>καλοῦνται,</strong></span> <span class='ocrx_word' id='word_1_221' title='bbox 2977 614 3026 666; x_wconf 79' lang='lat' dir='ltr'><strong>oi</strong></span> <span class='ocrx_word' id='word_1_222' title='bbox 3064 611 3122 664; x_wconf 81' lang='grc' dir='ltr'><strong>δὲ</strong></span> <span class='ocrx_word' id='word_1_223' title='bbox 3159 613 3258 683; x_wconf 85' lang='grc' dir='ltr'><strong>τῆς</strong></span> <span class='ocrx_word' id='word_1_224' title='bbox 3280 612 3501 686; x_wconf 78' lang='grc' dir='ltr'><strong>Θρᾴκης</strong></span> <span class='ocrx_word' id='word_1_225' title='bbox 3536 615 3719 668; x_wconf 85' lang='grc' dir='ltr'><strong>Σάῖοι·</strong></span> 
     </span>
    </p>
   </div>
   <div class='ocr_carea' id='block_1_34' title="bbox 2151 701 2944 773">
    <p class='ocr_par' dir='ltr' id='par_1_34' title="bbox 2151 701 2944 773">
     <span class='ocr_line' id='line_1_35' title="bbox 2151 701 2944 773; baseline 0.003 -20"><span class='ocrx_word' id='word_1_226' title='bbox 2151 701 2228 765; x_wconf 88' lang='grc' dir='ltr'><strong>ώς</strong></span> <span class='ocrx_word' id='word_1_227' title='bbox 2271 703 2365 754; x_wconf 80' lang='grc' dir='ltr'><strong>καὶ</strong></span> <span class='ocrx_word' id='word_1_228' title='bbox 2401 702 2709 773; x_wconf 60' lang='grc' dir='ltr'><strong>Ἀρχίλοχός</strong></span> <span class='ocrx_word' id='word_1_229' title='bbox 2738 719 2902 773; x_wconf 85' lang='grc' dir='ltr'><strong>φησιν</strong></span> <span class='ocrx_word' id='word_1_230' title='bbox 2930 719 2944 732; x_wconf 81' lang='lat'><strong><em>°</em></strong></span> 
     </span>
    </p>
   </div>
   <div class='ocr_carea' id='block_1_35' title="bbox 2164 814 3725 888">
    <p class='ocr_par' dir='ltr' id='par_1_35' title="bbox 2164 814 3725 888">
     <span class='ocr_line' id='line_1_36' title="bbox 2164 814 3725 888; baseline 0.002 -19"><span class='ocrx_word' id='word_1_231' title='bbox 2164 815 2390 870; x_wconf 81' lang='grc' dir='ltr'><strong>Ἀσπίδι</strong></span> <span class='ocrx_word' id='word_1_232' title='bbox 2399 816 2517 887; x_wconf 82' lang='grc' dir='ltr'><strong>μὲν</strong></span> <span class='ocrx_word' id='word_1_233' title='bbox 2536 817 2728 871; x_wconf 79' lang='grc' dir='ltr'><strong>Σαΐων</strong></span> <span class='ocrx_word' id='word_1_234' title='bbox 2750 833 2840 882; x_wconf 85' lang='grc' dir='ltr'><strong>τις</strong></span> <span class='ocrx_word' id='word_1_235' title='bbox 2850 816 3205 886; x_wconf 70' lang='grc' dir='ltr'><strong>ἀγάλλεταιο</strong></span> <span class='ocrx_word' id='word_1_236' title='bbox 3231 814 3312 884; x_wconf 80' lang='grc' dir='ltr'><strong>ἣν</strong></span> <span class='ocrx_word' id='word_1_237' title='bbox 3337 817 3496 886; x_wconf 82' lang='grc' dir='ltr'><strong>παρὰ</strong></span> <span class='ocrx_word' id='word_1_238' title='bbox 3522 817 3725 888; x_wconf 85' lang='grc' dir='ltr'><strong>θάμνῳ</strong></span> 
     </span>
    </p>
   </div>
   <div class='ocr_carea' id='block_1_36' title="bbox 2271 949 3588 1020">
    <p class='ocr_par' dir='ltr' id='par_1_36' title="bbox 2271 949 3588 1020">
     <span class='ocr_line' id='line_1_37' title="bbox 2271 949 3588 1020; baseline -0.001 -15"><span class='ocrx_word' id='word_1_239' title='bbox 2271 951 2479 1017; x_wconf 82' lang='grc' dir='ltr'><em>Ἐντὸς</em></span> <span class='ocrx_word' id='word_1_240' title='bbox 2509 951 2830 1020; x_wconf 80' lang='grc' dir='ltr'><strong>ἀμώμητον</strong></span> <span class='ocrx_word' id='word_1_241' title='bbox 2865 949 3184 1015; x_wconf 74' lang='grc' dir='ltr'><strong>κάλλιπον,</strong></span> <span class='ocrx_word' id='word_1_242' title='bbox 3212 951 3324 1003; x_wconf 83' lang='grc' dir='ltr'><strong>οὐκ</strong></span> <span class='ocrx_word' id='word_1_243' title='bbox 3347 949 3588 1004; x_wconf 73' lang='grc' dir='ltr'><strong>ἐθέλων.</strong></span> 
     </span>
    </p>
   </div>
   <div class='ocr_carea' id='block_1_37' title="bbox 2151 1060 3728 1134">
    <p class='ocr_par' dir='ltr' id='par_1_37' title="bbox 2151 1060 3728 1134">
     <span class='ocr_line' id='line_1_38' title="bbox 2151 1060 3728 1134; baseline -0.003 -15"><span class='ocrx_word' id='word_1_244' title='bbox 2151 1066 2261 1120; x_wconf 71' lang='grc' dir='ltr'><strong>Καὶ</strong></span> <span class='ocrx_word' id='word_1_245' title='bbox 2297 1064 2456 1119; x_wconf 87' lang='grc' dir='ltr'><strong>πάλιν</strong></span> <span class='ocrx_word' id='word_1_246' title='bbox 2492 1062 2714 1133; x_wconf 79' lang='grc' dir='ltr'><strong>Ἀθῆναι</strong></span> <span class='ocrx_word' id='word_1_247' title='bbox 2763 1061 2860 1134; x_wconf 88' lang='grc' dir='ltr'><strong>μέν</strong></span> <span class='ocrx_word' id='word_1_248' title='bbox 2899 1063 3005 1115; x_wconf 75' lang='grc' dir='ltr'><strong>εἰσι</strong></span> <span class='ocrx_word' id='word_1_249' title='bbox 3048 1061 3148 1131; x_wconf 85' lang='grc' dir='ltr'><strong>τῆς</strong></span> <span class='ocrx_word' id='word_1_250' title='bbox 3207 1060 3486 1132; x_wconf 77' lang='grc' dir='ltr'><strong>Ἀττικῆςο</strong></span> <span class='ocrx_word' id='word_1_251' title='bbox 3523 1062 3629 1114; x_wconf 77' lang='grc' dir='ltr'><strong>εἰσὶ</strong></span> <span class='ocrx_word' id='word_1_252' title='bbox 3667 1062 3728 1115; x_wconf 87' lang='grc' dir='ltr'><strong>δὲ</strong></span> 
     </span>
    </p>
   </div>
   <div class='ocr_carea' id='block_1_38' title="bbox 2151 1152 3727 1226">
    <p class='ocr_par' dir='ltr' id='par_1_38' title="bbox 2151 1152 3727 1226">
     <span class='ocr_line' id='line_1_39' title="bbox 2151 1152 3727 1226; baseline -0.003 -15"><span class='ocrx_word' id='word_1_253' title='bbox 2151 1157 2373 1226; x_wconf 78' lang='grc' dir='ltr'><strong>καὶτῆς</strong></span> <span class='ocrx_word' id='word_1_254' title='bbox 2404 1156 2633 1219; x_wconf 78' lang='grc' dir='ltr'><strong>Εὐϐοίας</strong></span> <span class='ocrx_word' id='word_1_255' title='bbox 2666 1156 2731 1209; x_wconf 84' lang='grc'><strong>³³.</strong></span> <span class='ocrx_word' id='word_1_256' title='bbox 2773 1154 3071 1226; x_wconf 83' lang='grc' dir='ltr'><strong>Ἀθηναίων</strong></span> <span class='ocrx_word' id='word_1_257' title='bbox 3113 1153 3330 1216; x_wconf 79' lang='grc' dir='ltr'><strong>Δαῖδαις</strong></span> <span class='ocrx_word' id='word_1_258' title='bbox 3366 1152 3638 1226; x_wconf 79' lang='grc' dir='ltr'><strong>μέμνηται</strong></span> <span class='ocrx_word' id='word_1_259' title='bbox 3669 1155 3727 1206; x_wconf 80' lang='grc' dir='ltr'><strong>ὲν</strong></span> 
     </span>
    </p>
   </div>
   <div class='ocr_carea' id='block_1_39' title="bbox 2151 1246 2945 1317">
    <p class='ocr_par' dir='ltr' id='par_1_39' title="bbox 2151 1246 2945 1317">
     <span class='ocr_line' id='line_1_40' title="bbox 2151 1246 2945 1317; baseline -0.005 -15"><span class='ocrx_word' id='word_1_260' title='bbox 2151 1250 2406 1316; x_wconf 82' lang='grc' dir='ltr'><strong>Γλαύκῳ</strong></span> <span class='ocrx_word' id='word_1_261' title='bbox 2433 1248 2656 1315; x_wconf 80' lang='grc' dir='ltr'><em>ποντίῳ</em></span> <span class='ocrx_word' id='word_1_262' title='bbox 2682 1246 2945 1317; x_wconf 79' lang='grc' dir='ltr'><strong>Αἰσχύλος</strong></span> 
     </span>
    </p>
   </div>
   <div class='ocr_carea' id='block_1_40' title="bbox 2150 1357 3478 1428">
    <p class='ocr_par' dir='ltr' id='par_1_40' title="bbox 2150 1357 3478 1428">
     <span class='ocr_line' id='line_1_41' title="bbox 2150 1357 3478 1428; baseline -0.004 -12"><span class='ocrx_word' id='word_1_263' title='bbox 2150 1362 2386 1416; x_wconf 81' lang='grc' dir='ltr'><strong>Κᾶπειτ’</strong></span> <span class='ocrx_word' id='word_1_264' title='bbox 2421 1360 2666 1428; x_wconf 79' lang='grc' dir='ltr'><strong>Ἀθήνας</strong></span> <span class='ocrx_word' id='word_1_265' title='bbox 2688 1359 2902 1424; x_wconf 83' lang='grc' dir='ltr'><strong>Δάϊδας</strong></span> <span class='ocrx_word' id='word_1_266' title='bbox 2937 1359 3072 1428; x_wconf 84' lang='grc' dir='ltr'><strong>παρ’</strong></span> <span class='ocrx_word' id='word_1_267' title='bbox 3110 1359 3179 1412; x_wconf 84' lang='grc' dir='ltr'><strong>ἐκ</strong></span> <span class='ocrx_word' id='word_1_268' title='bbox 3214 1357 3478 1426; x_wconf 83' lang='grc' dir='ltr'><strong>Περσῶν.</strong></span> 
     </span>
    </p>
   </div>
   <div class='ocr_carea' id='block_1_41' title="bbox 2164 1468 3723 1543">
    <p class='ocr_par' dir='ltr' id='par_1_41' title="bbox 2164 1468 3723 1543">
     <span class='ocr_line' id='line_1_42' title="bbox 2164 1468 3723 1543; baseline -0.004 -17"><span class='ocrx_word' id='word_1_269' title='bbox 2164 1475 2302 1526; x_wconf 89' lang='grc' dir='ltr'><strong>Ἀλλ’</strong></span> <span class='ocrx_word' id='word_1_270' title='bbox 2327 1475 2434 1527; x_wconf 83' lang='grc' dir='ltr'><strong>ἀπὸ</strong></span> <span class='ocrx_word' id='word_1_271' title='bbox 2473 1473 2582 1527; x_wconf 90' lang='grc' dir='ltr'><strong>τῶν</strong></span> <span class='ocrx_word' id='word_1_272' title='bbox 2631 1474 2690 1526; x_wconf 83' lang='grc' dir='ltr'><strong>ὲν</strong></span> <span class='ocrx_word' id='word_1_273' title='bbox 2719 1475 2787 1543; x_wconf 83' lang='grc' dir='ltr'><strong>τῇ</strong></span> <span class='ocrx_word' id='word_1_274' title='bbox 2839 1473 3055 1542; x_wconf 83' lang='grc' dir='ltr'><strong>Ἀττικῇ</strong></span> <span class='ocrx_word' id='word_1_275' title='bbox 3085 1471 3135 1523; x_wconf 84' lang='grc' dir='ltr'><strong>οἱ</strong></span> <span class='ocrx_word' id='word_1_276' title='bbox 3170 1469 3381 1522; x_wconf 75' lang='grc' dir='ltr'><strong>πολῖται</strong></span> <span class='ocrx_word' id='word_1_277' title='bbox 3430 1468 3723 1540; x_wconf 83' lang='grc' dir='ltr'><strong>Ἀθηναῖοι,</strong></span> 
     </span>
    </p>
   </div>
   <div class='ocr_carea' id='block_1_42' title="bbox 2151 1559 3726 1634">
    <p class='ocr_par' dir='ltr' id='par_1_42' title="bbox 2151 1559 3726 1634">
     <span class='ocr_line' id='line_1_43' title="bbox 2151 1559 3726 1634; baseline -0.005 -14"><span class='ocrx_word' id='word_1_278' title='bbox 2151 1566 2259 1620; x_wconf 82' lang='grc' dir='ltr'><strong>ἀπὸ</strong></span> <span class='ocrx_word' id='word_1_279' title='bbox 2287 1566 2342 1618; x_wconf 84' lang='grc' dir='ltr'><strong>δὲ</strong></span> <span class='ocrx_word' id='word_1_280' title='bbox 2374 1566 2483 1618; x_wconf 86' lang='grc' dir='ltr'><strong>τῶν</strong></span> <span class='ocrx_word' id='word_1_281' title='bbox 2530 1569 2588 1620; x_wconf 83' lang='grc' dir='ltr'><strong>ἐν</strong></span> <span class='ocrx_word' id='word_1_282' title='bbox 2627 1564 2830 1634; x_wconf 79' lang='grc' dir='ltr'><strong>Εὐϐοίᾳ</strong></span> <span class='ocrx_word' id='word_1_283' title='bbox 2885 1562 3176 1634; x_wconf 82' lang='grc' dir='ltr'><strong>Ἀθηνῆται</strong></span> <span class='ocrx_word' id='word_1_284' title='bbox 3214 1562 3490 1629; x_wconf 87' lang='grc' dir='ltr'><strong>λέγονται·</strong></span> <span class='ocrx_word' id='word_1_285' title='bbox 3535 1559 3726 1630; x_wconf 86' lang='grc' dir='ltr'><strong>ῶσπερ</strong></span> 
     </span>
    </p>
   </div>
   <div class='ocr_carea' id='block_1_43' title="bbox 2165 1649 3727 1730">
    <p class='ocr_par' dir='ltr' id='par_1_43' title="bbox 2165 1649 3727 1730">
     <span class='ocr_line' id='line_1_44' title="bbox 2165 1649 3727 1730; baseline -0.006 -19"><span class='ocrx_word' id='word_1_286' title='bbox 2165 1657 2556 1730; x_wconf 79' lang='grc' dir='ltr'><strong>Ἐρατοσθένης</strong></span> <span class='ocrx_word' id='word_1_287' title='bbox 2596 1657 2761 1727; x_wconf 68' lang='grc' dir='ltr'><strong>φησιν</strong></span> <span class='ocrx_word' id='word_1_288' title='bbox 2799 1657 2858 1707; x_wconf 83' lang='grc' dir='ltr'><strong>ὲν</strong></span> <span class='ocrx_word' id='word_1_289' title='bbox 2896 1653 2973 1724; x_wconf 82' lang='grc' dir='ltr'><strong>τῷ</strong></span> <span class='ocrx_word' id='word_1_290' title='bbox 3021 1651 3220 1724; x_wconf 80' lang='grc' dir='ltr'><strong>πρώτῳ</strong></span> <span class='ocrx_word' id='word_1_291' title='bbox 3269 1649 3727 1720; x_wconf 63' lang='grc' dir='ltr'><strong>Γεωγραφουμέ-</strong></span> 
     </span>
    </p>
   </div>
   <div class='ocr_carea' id='block_1_44' title="bbox 2151 1741 3726 1812">
    <p class='ocr_par' dir='ltr' id='par_1_44' title="bbox 2151 1741 3726 1812">
     <span class='ocr_line' id='line_1_45' title="bbox 2151 1741 3726 1812; baseline -0.006 -10"><span class='ocrx_word' id='word_1_292' title='bbox 2151 1766 2290 1802; x_wconf 85' lang='grc' dir='ltr'><em>νων.</em></span> <span class='ocrx_word' id='word_1_293' title='bbox 2332 1747 2518 1811; x_wconf 79' lang='grc' dir='ltr'><strong>Οὖτως</strong></span> <span class='ocrx_word' id='word_1_294' title='bbox 2567 1743 2659 1800; x_wconf 82' lang='grc' dir='ltr'><strong>οὖν</strong></span> <span class='ocrx_word' id='word_1_295' title='bbox 2691 1746 2782 1800; x_wconf 77' lang='grc' dir='ltr'><strong>καὶ</strong></span> <span class='ocrx_word' id='word_1_296' title='bbox 2816 1745 2925 1798; x_wconf 79' lang='grc' dir='ltr'><strong>ἀπὸ</strong></span> <span class='ocrx_word' id='word_1_297' title='bbox 2955 1744 3064 1798; x_wconf 89' lang='grc' dir='ltr'><strong>τῶν</strong></span> <span class='ocrx_word' id='word_1_298' title='bbox 3093 1745 3152 1796; x_wconf 82' lang='grc' dir='ltr'><strong>έν</strong></span> <span class='ocrx_word' id='word_1_299' title='bbox 3183 1742 3408 1812; x_wconf 82' lang='grc' dir='ltr'>Κιλικίᾳ</span> <span class='ocrx_word' id='word_1_300' title='bbox 3453 1741 3627 1794; x_wconf 90' lang='grc' dir='ltr'><strong>Σόλων</strong></span> <span class='ocrx_word' id='word_1_301' title='bbox 3674 1741 3726 1792; x_wconf 81' lang='grc' dir='ltr'><strong>οἱ</strong></span> 
     </span>
    </p>
   </div>
   <div class='ocr_carea' id='block_1_45' title="bbox 2153 1833 3730 1906">
    <p class='ocr_par' dir='ltr' id='par_1_45' title="bbox 2153 1833 3730 1906">
     <span class='ocr_line' id='line_1_46' title="bbox 2153 1833 3730 1906; baseline -0.004 -14"><span class='ocrx_word' id='word_1_302' title='bbox 2153 1840 2363 1892; x_wconf 88' lang='grc' dir='ltr'><strong>πολῖται</strong></span> <span class='ocrx_word' id='word_1_303' title='bbox 2386 1841 2565 1904; x_wconf 83' lang='grc' dir='ltr'><strong>Σολεῖς</strong></span> <span class='ocrx_word' id='word_1_304' title='bbox 2584 1857 2596 1870; x_wconf 91' lang='grc'><strong>·</strong></span> <span class='ocrx_word' id='word_1_305' title='bbox 2621 1839 2728 1892; x_wconf 84' lang='grc' dir='ltr'><strong>ἀπὸ</strong></span> <span class='ocrx_word' id='word_1_306' title='bbox 2753 1838 2808 1891; x_wconf 83' lang='grc' dir='ltr'><strong>δὲ</strong></span> <span class='ocrx_word' id='word_1_307' title='bbox 2836 1835 2944 1890; x_wconf 86' lang='grc' dir='ltr'><strong>τῶν</strong></span> <span class='ocrx_word' id='word_1_308' title='bbox 2967 1840 3024 1890; x_wconf 82' lang='grc' dir='ltr'><strong>ὲν</strong></span> <span class='ocrx_word' id='word_1_309' title='bbox 3043 1835 3253 1906; x_wconf 77' lang='grc' dir='ltr'><strong>Κύπρῳ</strong></span> <span class='ocrx_word' id='word_1_310' title='bbox 3281 1835 3476 1887; x_wconf 86' lang='grc' dir='ltr'><strong>Σόλιοι.</strong></span> <span class='ocrx_word' id='word_1_311' title='bbox 3511 1833 3730 1902; x_wconf 71' lang='grc' dir='ltr'><strong>Μέμνη-</strong></span> 
     </span>
    </p>
   </div>
   <div class='ocr_carea' id='block_1_46' title="bbox 2149 1925 3726 1998">
    <p class='ocr_par' dir='ltr' id='par_1_46' title="bbox 2149 1925 3726 1998">
     <span class='ocr_line' id='line_1_47' title="bbox 2149 1925 3726 1998; baseline -0.007 -11"><span class='ocrx_word' id='word_1_312' title='bbox 2149 1951 2239 1987; x_wconf 85' lang='grc' dir='ltr'><strong>ται</strong></span> <span class='ocrx_word' id='word_1_313' title='bbox 2273 1934 2330 1987; x_wconf 55' lang='lat' dir='ltr'><strong>es</strong></span> <span class='ocrx_word' id='word_1_314' title='bbox 2371 1933 2573 1987; x_wconf 88' lang='grc' dir='ltr'><strong>τούτων</strong></span> <span class='ocrx_word' id='word_1_315' title='bbox 2609 1933 2785 1986; x_wconf 84' lang='grc' dir='ltr'><strong>Σόλων</strong></span> <span class='ocrx_word' id='word_1_316' title='bbox 2818 1932 2876 1984; x_wconf 82' lang='grc' dir='ltr'><strong>ὲν</strong></span> <span class='ocrx_word' id='word_1_317' title='bbox 2909 1933 3028 1994; x_wconf 90' lang='grc' dir='ltr'><strong>ταῖς</strong></span> <span class='ocrx_word' id='word_1_318' title='bbox 3079 1931 3394 1998; x_wconf 76' lang='grc' dir='ltr'><strong>Ἐλεγ-είαις</strong></span> <span class='ocrx_word' id='word_1_319' title='bbox 3431 1930 3550 1990; x_wconf 87' lang='grc' dir='ltr'><strong>ταῖς</strong></span> <span class='ocrx_word' id='word_1_320' title='bbox 3589 1925 3726 1996; x_wconf 86' lang='grc' dir='ltr'><strong>πρὸς</strong></span> 
     </span>
    </p>
   </div>
   <div class='ocr_carea' id='block_1_47' title="bbox 2150 2017 3728 2096">
    <p class='ocr_par' dir='ltr' id='par_1_47' title="bbox 2150 2017 3728 2096">
     <span class='ocr_line' id='line_1_48' title="bbox 2150 2017 3728 2096; baseline -0.006 -18"><span class='ocrx_word' id='word_1_321' title='bbox 2150 2026 2484 2096; x_wconf 77' lang='grc' dir='ltr'><strong>Κυπράνορα</strong></span> <span class='ocrx_word' id='word_1_322' title='bbox 2538 2025 2629 2078; x_wconf 84' lang='grc' dir='ltr'><strong>τὸν</strong></span> <span class='ocrx_word' id='word_1_323' title='bbox 2679 2023 2938 2095; x_wconf 83' lang='grc' dir='ltr'><strong>βασιλέα’</strong></span> <span class='ocrx_word' id='word_1_324' title='bbox 2998 2023 3089 2086; x_wconf 89' lang='grc' dir='ltr'><strong>ὃς,</strong></span> <span class='ocrx_word' id='word_1_325' title='bbox 3148 2019 3566 2091; x_wconf 74' lang='grc' dir='ltr'><strong>συμϐουλευθεὶς</strong></span> <span class='ocrx_word' id='word_1_326' title='bbox 3621 2017 3728 2071; x_wconf 82' lang='grc' dir='ltr'><strong>ὑπὸ</strong></span> 
     </span>
    </p>
   </div>
   <div class='ocr_carea' id='block_1_48' title="bbox 2149 2110 3726 2186">
    <p class='ocr_par' dir='ltr' id='par_1_48' title="bbox 2149 2110 3726 2186">
     <span class='ocr_line' id='line_1_49' title="bbox 2149 2110 3726 2186; baseline -0.006 -17"><span class='ocrx_word' id='word_1_327' title='bbox 2149 2117 2386 2180; x_wconf 88' lang='grc' dir='ltr'><strong>Σόλωνος</strong></span> <span class='ocrx_word' id='word_1_328' title='bbox 2407 2117 2591 2169; x_wconf 84' lang='grc' dir='ltr'><strong>κτίσαι</strong></span> <span class='ocrx_word' id='word_1_329' title='bbox 2622 2115 2720 2186; x_wconf 84' lang='grc' dir='ltr'><strong>τὴν</strong></span> <span class='ocrx_word' id='word_1_330' title='bbox 2762 2115 2937 2179; x_wconf 88' lang='grc' dir='ltr'><strong>πόλιν,</strong></span> <span class='ocrx_word' id='word_1_331' title='bbox 2979 2115 3140 2186; x_wconf 85' lang='grc' dir='ltr'><strong>χάριν</strong></span> <span class='ocrx_word' id='word_1_332' title='bbox 3172 2110 3266 2165; x_wconf 76' lang='grc' dir='ltr'><strong>τοῦ</strong></span> <span class='ocrx_word' id='word_1_333' title='bbox 3305 2111 3498 2182; x_wconf 84' lang='grc' dir='ltr'><strong>ἀνδρὸς</strong></span> <span class='ocrx_word' id='word_1_334' title='bbox 3531 2110 3726 2170; x_wconf 79' lang='grc' dir='ltr'><strong>Σόλους</strong></span> 
     </span>
    </p>
   </div>
   <div class='ocr_carea' id='block_1_49' title="bbox 2149 2199 3725 2279">
    <p class='ocr_par' dir='ltr' id='par_1_49' title="bbox 2149 2199 3725 2279">
     <span class='ocr_line' id='line_1_50' title="bbox 2149 2199 3725 2279; baseline -0.006 -18"><span class='ocrx_word' id='word_1_335' title='bbox 2149 2207 2464 2279; x_wconf 86' lang='grc' dir='ltr'><strong>ὠνόμασεν·</strong></span> <span class='ocrx_word' id='word_1_336' title='bbox 2509 2208 2741 2277; x_wconf 79' lang='grc' dir='ltr'><strong>ἀμοιόὴν</strong></span> <span class='ocrx_word' id='word_1_337' title='bbox 2795 2206 3000 2277; x_wconf 85' lang='grc' dir='ltr'><strong>ταύτην</strong></span> <span class='ocrx_word' id='word_1_338' title='bbox 3047 2204 3230 2275; x_wconf 83' lang='grc' dir='ltr'><strong>νέμων</strong></span> <span class='ocrx_word' id='word_1_339' title='bbox 3269 2203 3369 2274; x_wconf 83' lang='grc' dir='ltr'><strong>τῆς</strong></span> <span class='ocrx_word' id='word_1_340' title='bbox 3415 2199 3725 2271; x_wconf 78' lang='grc' dir='ltr'><strong>συμϐουλῆς</strong></span> 
     </span>
    </p>
   </div>
   <div class='ocr_carea' id='block_1_50' title="bbox 2150 2296 3098 2370">
    <p class='ocr_par' dir='ltr' id='par_1_50' title="bbox 2150 2296 3098 2370">
     <span class='ocr_line' id='line_1_51' title="bbox 2150 2296 3098 2370; baseline -0.003 -18"><span class='ocrx_word' id='word_1_341' title='bbox 2150 2298 2319 2370; x_wconf 81' lang='grc' dir='ltr'><strong>αὐτῷ.</strong></span> <span class='ocrx_word' id='word_1_342' title='bbox 2355 2299 2518 2368; x_wconf 83' lang='grc' dir='ltr'><strong>Λέγει</strong></span> <span class='ocrx_word' id='word_1_343' title='bbox 2543 2298 2599 2350; x_wconf 87' lang='grc' dir='ltr'><strong>δὲ</strong></span> <span class='ocrx_word' id='word_1_344' title='bbox 2625 2301 2653 2350; x_wconf 93' lang='lat'><strong>6</strong></span> <span class='ocrx_word' id='word_1_345' title='bbox 2684 2297 2859 2351; x_wconf 89' lang='grc' dir='ltr'><strong>Σόλων</strong></span> <span class='ocrx_word' id='word_1_346' title='bbox 2890 2296 3064 2359; x_wconf 78' lang='grc' dir='ltr'><strong>οὕτως</strong></span> <span class='ocrx_word' id='word_1_347' title='bbox 3084 2314 3098 2328; x_wconf 82' lang='grc'><em>’</em></span> 
     </span>
    </p>
   </div>
   <div class='ocr_carea' id='block_1_51' title="bbox 2147 2405 3725 2480">
    <p class='ocr_par' dir='ltr' id='par_1_51' title="bbox 2147 2405 3725 2480">
     <span class='ocr_line' id='line_1_52' title="bbox 2147 2405 3725 2480; baseline -0.004 -15"><span class='ocrx_word' id='word_1_348' title='bbox 2147 2410 2278 2465; x_wconf 86' lang='grc' dir='ltr'><strong>Νῦν</strong></span> <span class='ocrx_word' id='word_1_349' title='bbox 2313 2411 2380 2465; x_wconf 79' lang='grc' dir='ltr'><strong>δὲ</strong></span> <span class='ocrx_word' id='word_1_350' title='bbox 2417 2411 2498 2465; x_wconf 87' lang='grc' dir='ltr'><strong>σὺ</strong></span> <span class='ocrx_word' id='word_1_351' title='bbox 2521 2411 2661 2480; x_wconf 87' lang='grc' dir='ltr'><strong>μὲν,</strong></span> <span class='ocrx_word' id='word_1_352' title='bbox 2709 2411 2978 2466; x_wconf 78' lang='grc' dir='ltr'><strong>Σολίοισι</strong></span> <span class='ocrx_word' id='word_1_353' title='bbox 3011 2411 3208 2465; x_wconf 78' lang='grc' dir='ltr'><strong>πολὺν</strong></span> <span class='ocrx_word' id='word_1_354' title='bbox 3253 2410 3478 2480; x_wconf 74' lang='grc' dir='ltr'><strong>χρόνον</strong></span> <span class='ocrx_word' id='word_1_355' title='bbox 3518 2405 3725 2480; x_wconf 69' lang='grc' dir='ltr'><strong>ἐνθάδ’</strong></span> 
     </span>
    </p>
   </div>
   <div class='ocr_carea' id='block_1_52' title="bbox 3392 2478 3724 2550">
    <p class='ocr_par' dir='ltr' id='par_1_52' title="bbox 3392 2478 3724 2550">
     <span class='ocr_line' id='line_1_53' title="bbox 3392 2478 3724 2550; baseline -0.009 -18"><span class='ocrx_word' id='word_1_356' title='bbox 3392 2478 3724 2550; x_wconf 83' lang='grc' dir='ltr'><strong>[ἀνάσσων,</strong></span> 
     </span>
    </p>
   </div>
   <div class='ocr_carea' id='block_1_53' title="bbox 2223 2549 3495 2622">
    <p class='ocr_par' dir='ltr' id='par_1_53' title="bbox 2223 2549 3495 2622">
     <span class='ocr_line' id='line_1_54' title="bbox 2223 2549 3495 2622; baseline 0.014 -18"><span class='ocrx_word' id='word_1_357' title='bbox 2223 2550 2410 2619; x_wconf 84' lang='grc' dir='ltr'><strong>Τήνδε</strong></span> <span class='ocrx_word' id='word_1_358' title='bbox 2435 2552 2615 2622; x_wconf 71' lang='grc' dir='ltr'><strong>πόλιν</strong></span> <span class='ocrx_word' id='word_1_359' title='bbox 2642 2551 2834 2622; x_wconf 73' lang='grc' dir='ltr'><strong>ναίοις</strong></span> <span class='ocrx_word' id='word_1_360' title='bbox 2856 2552 2956 2622; x_wconf 75' lang='grc' dir='ltr'><strong>καὶ</strong></span> <span class='ocrx_word' id='word_1_361' title='bbox 2978 2551 3151 2622; x_wconf 75' lang='grc' dir='ltr'><strong>γένος</strong></span> <span class='ocrx_word' id='word_1_362' title='bbox 3173 2549 3464 2622; x_wconf 66' lang='grc' dir='ltr'><strong>ὑμέτερὸν</strong></span> <span class='ocrx_word' id='word_1_363' title='bbox 3481 2567 3495 2580; x_wconf 74' lang='grc'>⁸</span> 
     </span>
    </p>
   </div>
   <div class='ocr_carea' id='block_1_54' title="bbox 2147 2619 3556 2691">
    <p class='ocr_par' dir='ltr' id='par_1_54' title="bbox 2147 2619 3556 2691">
     <span class='ocr_line' id='line_1_55' title="bbox 2147 2619 3556 2691; baseline -0.002 -14"><span class='ocrx_word' id='word_1_364' title='bbox 2147 2624 2342 2690; x_wconf 81' lang='grc' dir='ltr'><strong>Αὐτὰρ</strong></span> <span class='ocrx_word' id='word_1_365' title='bbox 2375 2621 2479 2691; x_wconf 81' lang='grc' dir='ltr'><strong>ἐμὲ</strong></span> <span class='ocrx_word' id='word_1_366' title='bbox 2501 2621 2616 2687; x_wconf 81' lang='grc' dir='ltr'><strong>ξὺν</strong></span> <span class='ocrx_word' id='word_1_367' title='bbox 2646 2621 2749 2689; x_wconf 86' lang='grc' dir='ltr'><strong>νηῒ</strong></span> <span class='ocrx_word' id='word_1_368' title='bbox 2799 2621 2910 2690; x_wconf 77' lang='grc' dir='ltr'><strong>6οῄ⁹</strong></span> <span class='ocrx_word' id='word_1_369' title='bbox 2937 2619 3185 2689; x_wconf 67' lang='grc' dir='ltr'><strong>κλεινῆς</strong></span> <span class='ocrx_word' id='word_1_370' title='bbox 3212 2619 3331 2675; x_wconf 78' lang='grc' dir='ltr'><strong>ἀπὸ</strong></span> <span class='ocrx_word' id='word_1_371' title='bbox 3359 2619 3556 2687; x_wconf 73' lang='grc' dir='ltr'><strong>νήσου</strong></span> 
     </span>
    </p>
   </div>
   <div class='ocr_carea' id='block_1_55' title="bbox 2234 2691 3384 2762">
    <p class='ocr_par' dir='ltr' id='par_1_55' title="bbox 2234 2691 3384 2762">
     <span class='ocr_line' id='line_1_56' title="bbox 2234 2691 3384 2762; baseline -0.001 -17"><span class='ocrx_word' id='word_1_372' title='bbox 2234 2691 2485 2761; x_wconf 80' lang='grc' dir='ltr'><strong>Ἁσκηθῆ</strong></span> <span class='ocrx_word' id='word_1_373' title='bbox 2502 2691 2723 2761; x_wconf 80' lang='grc' dir='ltr'><strong>πέμποι</strong></span> <span class='ocrx_word' id='word_1_374' title='bbox 2749 2693 2974 2762; x_wconf 81' lang='grc' dir='ltr'><strong>Κύπρις</strong></span> <span class='ocrx_word' id='word_1_375' title='bbox 3006 2691 3384 2760; x_wconf 71' lang='grc' dir='ltr'><strong>ἰοστέφανος.</strong></span> 
     </span>
    </p>
   </div>
   <div class='ocr_carea' id='block_1_56' title="bbox 2217 2802 3728 2878">
    <p class='ocr_par' dir='ltr' id='par_1_56' title="bbox 2217 2802 3728 2878">
     <span class='ocr_line' id='line_1_57' title="bbox 2217 2802 3728 2878; baseline -0.001 -20"><span class='ocrx_word' id='word_1_376' title='bbox 2217 2805 2411 2874; x_wconf 81' lang='grc' dir='ltr'><strong>Γέγονε</strong></span> <span class='ocrx_word' id='word_1_377' title='bbox 2434 2804 2492 2858; x_wconf 83' lang='grc' dir='ltr'><strong>δὲ</strong></span> <span class='ocrx_word' id='word_1_378' title='bbox 2521 2807 2550 2858; x_wconf 98' lang='lat'><strong>6</strong></span> <span class='ocrx_word' id='word_1_379' title='bbox 2575 2807 2811 2878; x_wconf 86' lang='grc' dir='ltr'><strong>’Ἀρατος</strong></span> <span class='ocrx_word' id='word_1_380' title='bbox 2843 2804 2984 2859; x_wconf 86' lang='grc' dir='ltr'><strong>κατὰ</strong></span> <span class='ocrx_word' id='word_1_381' title='bbox 3041 2803 3344 2872; x_wconf 88' lang='grc' dir='ltr'><strong>Ἀντίγονον</strong></span> <span class='ocrx_word' id='word_1_382' title='bbox 3379 2802 3468 2856; x_wconf 80' lang='grc' dir='ltr'><strong>τὸν</strong></span> <span class='ocrx_word' id='word_1_383' title='bbox 3491 2802 3587 2873; x_wconf 79' lang='grc' dir='ltr'><strong>τῆς</strong></span> <span class='ocrx_word' id='word_1_384' title='bbox 3608 2803 3728 2856; x_wconf 84' lang='grc' dir='ltr'><strong>Μα-</strong></span> 
     </span>
    </p>
   </div>
   <div class='ocr_carea' id='block_1_57' title="bbox 2149 2891 3728 2968">
    <p class='ocr_par' dir='ltr' id='par_1_57' title="bbox 2149 2891 3728 2968">
     <span class='ocr_line' id='line_1_58' title="bbox 2149 2891 3728 2968; baseline -0.004 -16"><span class='ocrx_word' id='word_1_385' title='bbox 2149 2899 2392 2960; x_wconf 86' lang='grc' dir='ltr'><strong>κεδονίας</strong></span> <span class='ocrx_word' id='word_1_386' title='bbox 2429 2896 2675 2968; x_wconf 85' lang='grc' dir='ltr'><strong>βασιλέα,</strong></span> <span class='ocrx_word' id='word_1_387' title='bbox 2729 2897 2789 2961; x_wconf 87' lang='grc' dir='ltr'><strong>ὃς</strong></span> <span class='ocrx_word' id='word_1_388' title='bbox 2853 2897 3170 2950; x_wconf 76' lang='grc' dir='ltr'><strong>ἐπεκαλεῖτο</strong></span> <span class='ocrx_word' id='word_1_389' title='bbox 3223 2896 3480 2958; x_wconf 79' lang='grc' dir='ltr'><strong>Γονατᾶς.</strong></span> <span class='ocrx_word' id='word_1_390' title='bbox 3526 2891 3634 2947; x_wconf 85' lang='grc' dir='ltr'><strong>Ἦν</strong></span> <span class='ocrx_word' id='word_1_391' title='bbox 3669 2894 3728 2946; x_wconf 76' lang='grc' dir='ltr'><strong>δὲ</strong></span> 
     </span>
    </p>
   </div>
   <div class='ocr_carea' id='block_1_58' title="bbox 2149 2981 3724 3062">
    <p class='ocr_par' dir='ltr' id='par_1_58' title="bbox 2149 2981 3724 3062">
     <span class='ocr_line' id='line_1_59' title="bbox 2149 2981 3724 3062; baseline -0.004 -18"><span class='ocrx_word' id='word_1_392' title='bbox 2149 2991 2265 3054; x_wconf 82' lang='grc' dir='ltr'><strong>υίὸς</strong></span> <span class='ocrx_word' id='word_1_393' title='bbox 2313 2990 2624 3062; x_wconf 78' lang='grc' dir='ltr'><strong>Δημητρίου</strong></span> <span class='ocrx_word' id='word_1_394' title='bbox 2653 2989 2748 3044; x_wconf 81' lang='grc' dir='ltr'><strong>τοῦ</strong></span> <span class='ocrx_word' id='word_1_395' title='bbox 2793 2988 3162 3060; x_wconf 79' lang='grc' dir='ltr'><strong>Πολιορκητοῦ</strong></span> <span class='ocrx_word' id='word_1_396' title='bbox 3190 3005 3204 3018; x_wconf 73' lang='grc' dir='ltr'><strong>ο</strong></span> <span class='ocrx_word' id='word_1_397' title='bbox 3232 2989 3328 3042; x_wconf 78' lang='grc' dir='ltr'><strong>καὶ</strong></span> <span class='ocrx_word' id='word_1_398' title='bbox 3357 2989 3588 3056; x_wconf 87' lang='grc' dir='ltr'><strong>γυναῖκα</strong></span> <span class='ocrx_word' id='word_1_399' title='bbox 3613 2981 3724 3055; x_wconf 70' lang='grc' dir='ltr'><strong>εἶχε</strong></span> 
     </span>
    </p>
   </div>
   <div class='ocr_carea' id='block_1_59' title="bbox 2147 3075 3728 3154">
    <p class='ocr_par' dir='ltr' id='par_1_59' title="bbox 2147 3075 3728 3154">
     <span class='ocr_line' id='line_1_60' title="bbox 2147 3075 3728 3154; baseline -0.002 -19"><span class='ocrx_word' id='word_1_400' title='bbox 2147 3082 2309 3136; x_wconf 80' lang='grc' dir='ltr'><strong>Φίλαν</strong></span> <span class='ocrx_word' id='word_1_401' title='bbox 2334 3083 2433 3152; x_wconf 81' lang='grc' dir='ltr'><strong>τὴν</strong></span> <span class='ocrx_word' id='word_1_402' title='bbox 2461 3081 2723 3136; x_wconf 85' lang='grc' dir='ltr'><strong>Σελεύκου</strong></span> <span class='ocrx_word' id='word_1_403' title='bbox 2753 3082 2849 3136; x_wconf 68' lang='grc' dir='ltr'><strong>καὶ</strong></span> <span class='ocrx_word' id='word_1_404' title='bbox 2880 3081 3245 3154; x_wconf 83' lang='grc' dir='ltr'><strong>Στρατονίκης</strong></span> <span class='ocrx_word' id='word_1_405' title='bbox 3290 3080 3585 3150; x_wconf 81' lang='grc' dir='ltr'><strong>θυγατέρα.</strong></span> <span class='ocrx_word' id='word_1_406' title='bbox 3618 3075 3728 3132; x_wconf 85' lang='grc' dir='ltr'><strong>Ἦν</strong></span> 
     </span>
    </p>
   </div>
   <div class='ocr_carea' id='block_1_60' title="bbox 2147 3168 3728 3243">
    <p class='ocr_par' dir='ltr' id='par_1_60' title="bbox 2147 3168 3728 3243">
     <span class='ocr_line' id='line_1_61' title="bbox 2147 3168 3728 3243; baseline -0.006 -17"><span class='ocrx_word' id='word_1_407' title='bbox 2147 3174 2204 3227; x_wconf 89' lang='grc' dir='ltr'><strong>δὲ</strong></span> <span class='ocrx_word' id='word_1_408' title='bbox 2225 3172 2504 3243; x_wconf 85' lang='grc' dir='ltr'><strong>φιλολόγος</strong></span> <span class='ocrx_word' id='word_1_409' title='bbox 2549 3172 2838 3243; x_wconf 87' lang='grc' dir='ltr'><strong>γενόμενος</strong></span> <span class='ocrx_word' id='word_1_410' title='bbox 2859 3187 2873 3202; x_wconf 89' lang='grc'><strong>·</strong></span> <span class='ocrx_word' id='word_1_411' title='bbox 2916 3172 3009 3225; x_wconf 79' lang='grc' dir='ltr'><strong>καὶ</strong></span> <span class='ocrx_word' id='word_1_412' title='bbox 3041 3170 3169 3241; x_wconf 74' lang='grc' dir='ltr'><strong>περὶ</strong></span> <span class='ocrx_word' id='word_1_413' title='bbox 3206 3168 3495 3238; x_wconf 82' lang='grc' dir='ltr'><strong>ποιητικὴν</strong></span> <span class='ocrx_word' id='word_1_414' title='bbox 3534 3169 3728 3219; x_wconf 75' lang='grc' dir='ltr'><strong>ἐσπου-</strong></span> 
     </span>
    </p>
   </div>
   <div class='ocr_carea' id='block_1_61' title="bbox 472 3237 2048 3337">
    <p class='ocr_par' dir='ltr' id='par_1_61' title="bbox 472 3254 2044 3325">
     <span class='ocr_line' id='line_1_62' title="bbox 472 3254 2044 3325; baseline 0.002 -17"><span class='ocrx_word' id='word_1_415' title='bbox 472 3256 780 3325; x_wconf 85' lang='lat' dir='ltr'><strong>complures</strong></span> <span class='ocrx_word' id='word_1_416' title='bbox 811 3254 954 3325; x_wconf 90' lang='lat' dir='ltr'><strong>apud</strong></span> <span class='ocrx_word' id='word_1_417' title='bbox 979 3270 1038 3310; x_wconf 89' lang='lat' dir='ltr'><strong>se</strong></span> <span class='ocrx_word' id='word_1_418' title='bbox 1063 3254 1310 3310; x_wconf 89' lang='lat' dir='ltr'><strong>eruditos</strong></span> <span class='ocrx_word' id='word_1_419' title='bbox 1338 3255 1562 3310; x_wconf 88' lang='lat' dir='ltr'><strong>haberet</strong></span> <span class='ocrx_word' id='word_1_420' title='bbox 1609 3256 1880 3323; x_wconf 90' lang='lat' dir='ltr'><strong>homines,</strong></span> <span class='ocrx_word' id='word_1_421' title='bbox 1929 3266 2044 3311; x_wconf 91' lang='lat' dir='ltr'><strong>tum</strong></span> 
     </span>
    </p>
   </div>
   <div class='ocr_carea' id='block_1_62' title="bbox 2150 3237 3728 3337">
    <p class='ocr_par' dir='ltr' id='par_1_62' title="bbox 2150 3237 3728 3337">
     <span class='ocr_line' id='line_1_63' title="bbox 2150 3237 3728 3337; baseline -0.006 -18"><span class='ocrx_word' id='word_1_422' title='bbox 2150 3237 2345 3334; x_wconf 76' lang='grc' dir='ltr'><strong>δακὼς,</strong></span> <span class='ocrx_word' id='word_1_423' title='bbox 2377 3237 2504 3337; x_wconf 75' lang='grc' dir='ltr'><strong>περὶ</strong></span> <span class='ocrx_word' id='word_1_424' title='bbox 2522 3237 2714 3318; x_wconf 54' lang='grc' dir='ltr'><strong>πολλοῖι</strong></span> <span class='ocrx_word' id='word_1_425' title='bbox 2734 3264 3027 3334; x_wconf 76' lang='grc' dir='ltr'><strong>ἐποιήσατο</strong></span> <span class='ocrx_word' id='word_1_426' title='bbox 3043 3237 3272 3324; x_wconf 83' lang='grc' dir='ltr'><strong>πολλοὺς</strong></span> <span class='ocrx_word' id='word_1_427' title='bbox 3302 3237 3399 3331; x_wconf 85' lang='grc' dir='ltr'><strong>μὲν</strong></span> <span class='ocrx_word' id='word_1_428' title='bbox 3417 3260 3509 3312; x_wconf 78' lang='grc' dir='ltr'><strong>καὶ</strong></span> <span class='ocrx_word' id='word_1_429' title='bbox 3537 3258 3728 3320; x_wconf 81' lang='grc' dir='ltr'><strong>ἄλλους</strong></span> 
     </span>
    </p>
   </div>
   <div class='ocr_carea' id='block_1_63' title="bbox 472 3345 2047 3418">
    <p class='ocr_par' dir='ltr' id='par_1_63' title="bbox 472 3345 2047 3418">
     <span class='ocr_line' id='line_1_64' title="bbox 472 3345 2047 3418; baseline 0.003 -17"><span class='ocrx_word' id='word_1_430' title='bbox 472 3347 529 3402; x_wconf 91' lang='lat' dir='ltr'><strong>in</strong></span> <span class='ocrx_word' id='word_1_431' title='bbox 553 3347 744 3418; x_wconf 89' lang='lat' dir='ltr'><strong>primis</strong></span> <span class='ocrx_word' id='word_1_432' title='bbox 770 3348 1016 3402; x_wconf 86' lang='lat' dir='ltr'><strong>Aratum.</strong></span> <span class='ocrx_word' id='word_1_433' title='bbox 1051 3345 1151 3402; x_wconf 89' lang='lat' dir='ltr'><strong>Hic</strong></span> <span class='ocrx_word' id='word_1_434' title='bbox 1199 3347 1366 3418; x_wconf 88' lang='lat' dir='ltr'><strong>igitur</strong></span> <span class='ocrx_word' id='word_1_435' title='bbox 1391 3347 1460 3402; x_wconf 89' lang='lat' dir='ltr'><strong>ad</strong></span> <span class='ocrx_word' id='word_1_436' title='bbox 1491 3363 1674 3418; x_wconf 82' lang='lat' dir='ltr'><strong>regem</strong></span> <span class='ocrx_word' id='word_1_437' title='bbox 1703 3362 1829 3402; x_wconf 90' lang='lat' dir='ltr'><strong>cum</strong></span> <span class='ocrx_word' id='word_1_438' title='bbox 1861 3349 2047 3405; x_wconf 90' lang='lat' dir='ltr'><strong>venis-</strong></span> 
     </span>
    </p>
   </div>
   <div class='ocr_carea' id='block_1_64' title="bbox 472 3438 2049 3510">
    <p class='ocr_par' dir='ltr' id='par_1_64' title="bbox 472 3438 2049 3510">
     <span class='ocr_line' id='line_1_65' title="bbox 472 3438 2049 3510; baseline 0.002 -17"><span class='ocrx_word' id='word_1_439' title='bbox 472 3447 576 3503; x_wconf 87' lang='lat' dir='ltr'><strong>set,</strong></span> <span class='ocrx_word' id='word_1_440' title='bbox 608 3445 774 3508; x_wconf 89' lang='lat' dir='ltr'><strong>atque</strong></span> <span class='ocrx_word' id='word_1_441' title='bbox 795 3447 849 3493; x_wconf 91' lang='lat' dir='ltr'><strong>et</strong></span> <span class='ocrx_word' id='word_1_442' title='bbox 871 3439 926 3492; x_wconf 93' lang='lat' dir='ltr'><strong>in</strong></span> <span class='ocrx_word' id='word_1_443' title='bbox 957 3438 1064 3492; x_wconf 91' lang='lat' dir='ltr'><strong>alio</strong></span> <span class='ocrx_word' id='word_1_444' title='bbox 1102 3453 1300 3510; x_wconf 86' lang='lat' dir='ltr'><strong>genere</strong></span> <span class='ocrx_word' id='word_1_445' title='bbox 1327 3438 1610 3504; x_wconf 85' lang='lat' dir='ltr'><strong>doctrinae,</strong></span> <span class='ocrx_word' id='word_1_446' title='bbox 1642 3445 1696 3494; x_wconf 92' lang='lat' dir='ltr'><strong>et</strong></span> <span class='ocrx_word' id='word_1_447' title='bbox 1731 3438 1788 3492; x_wconf 93' lang='lat' dir='ltr'><strong>in</strong></span> <span class='ocrx_word' id='word_1_448' title='bbox 1838 3441 2049 3509; x_wconf 87' lang='lat' dir='ltr'><strong>poetica</strong></span> 
     </span>
    </p>
   </div>
   <div class='ocr_carea' id='block_1_65' title="bbox 472 3531 2048 3601">
    <p class='ocr_par' dir='ltr' id='par_1_65' title="bbox 472 3531 2048 3601">
     <span class='ocr_line' id='line_1_66' title="bbox 472 3531 2048 3601; baseline 0.004 -17"><span class='ocrx_word' id='word_1_449' title='bbox 472 3531 709 3585; x_wconf 82' lang='lat' dir='ltr'><strong>maxime</strong></span> <span class='ocrx_word' id='word_1_450' title='bbox 731 3546 853 3586; x_wconf 90' lang='lat' dir='ltr'><strong>sese</strong></span> <span class='ocrx_word' id='word_1_451' title='bbox 880 3531 959 3584; x_wconf 92' lang='lat' dir='ltr'><strong>illi</strong></span> <span class='ocrx_word' id='word_1_452' title='bbox 1002 3532 1316 3601; x_wconf 89' lang='lat' dir='ltr'><strong>probasset,</strong></span> <span class='ocrx_word' id='word_1_453' title='bbox 1367 3531 1655 3601; x_wconf 90' lang='lat' dir='ltr'><strong>ipsiusmet</strong></span> <span class='ocrx_word' id='word_1_454' title='bbox 1685 3532 1906 3586; x_wconf 88' lang='lat' dir='ltr'><strong>hortatu</strong></span> <span class='ocrx_word' id='word_1_455' title='bbox 1954 3549 2048 3590; x_wconf 83' lang='lat' dir='ltr'><strong>re-</strong></span> 
     </span>
    </p>
   </div>
   <div class='ocr_carea' id='block_1_66' title="bbox 473 3622 2050 3694">
    <p class='ocr_par' dir='ltr' id='par_1_66' title="bbox 473 3622 2050 3694">
     <span class='ocr_line' id='line_1_67' title="bbox 473 3622 2050 3694; baseline 0.001 -18"><span class='ocrx_word' id='word_1_456' title='bbox 473 3623 558 3693; x_wconf 88' lang='lat' dir='ltr'><strong>gis</strong></span> <span class='ocrx_word' id='word_1_457' title='bbox 590 3622 660 3676; x_wconf 89' lang='lat' dir='ltr'><strong>ad</strong></span> <span class='ocrx_word' id='word_1_458' title='bbox 691 3623 980 3678; x_wconf 88' lang='lat' dir='ltr'><strong>scribenda</strong></span> <span class='ocrx_word' id='word_1_459' title='bbox 1003 3622 1357 3678; x_wconf 66' lang='lat' dir='ltr'><strong>Phaenemena</strong></span> <span class='ocrx_word' id='word_1_460' title='bbox 1373 3623 1617 3677; x_wconf 88' lang='lat' dir='ltr'><strong>animum</strong></span> <span class='ocrx_word' id='word_1_461' title='bbox 1646 3623 1848 3694; x_wconf 87' lang='lat' dir='ltr'><strong>adjecit</strong></span> <span class='ocrx_word' id='word_1_462' title='bbox 1877 3643 1892 3680; x_wconf 92' lang='lat'><strong>:</strong></span> <span class='ocrx_word' id='word_1_463' title='bbox 1925 3639 2050 3679; x_wconf 89' lang='lat' dir='ltr'><strong>cum</strong></span> 
     </span>
    </p>
   </div>
   <div class='ocr_carea' id='block_1_67' title="bbox 474 3713 2053 3786">
    <p class='ocr_par' dir='ltr' id='par_1_67' title="bbox 474 3713 2053 3786">
     <span class='ocr_line' id='line_1_68' title="bbox 474 3713 2053 3786; baseline 0.001 -18"><span class='ocrx_word' id='word_1_464' title='bbox 474 3715 543 3768; x_wconf 87' lang='lat' dir='ltr'><strong>ab</strong></span> <span class='ocrx_word' id='word_1_465' title='bbox 587 3714 778 3769; x_wconf 91' lang='lat' dir='ltr'><strong>eodem</strong></span> <span class='ocrx_word' id='word_1_466' title='bbox 831 3713 1044 3768; x_wconf 82' lang='lat' dir='ltr'><strong>Eudoxi</strong></span> <span class='ocrx_word' id='word_1_467' title='bbox 1091 3713 1292 3770; x_wconf 89' lang='lat' dir='ltr'><strong>librum</strong></span> <span class='ocrx_word' id='word_1_468' title='bbox 1343 3714 1668 3784; x_wconf 88' lang='lat' dir='ltr'><strong>accepisset,</strong></span> <span class='ocrx_word' id='word_1_469' title='bbox 1726 3713 1874 3786; x_wconf 91' lang='lat' dir='ltr'><strong>quod</strong></span> <span class='ocrx_word' id='word_1_470' title='bbox 1907 3713 2053 3769; x_wconf 87' lang='lat' dir='ltr'><strong>Eno-</strong></span> 
     </span>
    </p>
   </div>
   <div class='ocr_carea' id='block_1_68' title="bbox 471 3804 2050 3878">
    <p class='ocr_par' dir='ltr' id='par_1_68' title="bbox 471 3804 2050 3878">
     <span class='ocr_line' id='line_1_69' title="bbox 471 3804 2050 3878; baseline 0 -18"><span class='ocrx_word' id='word_1_471' title='bbox 471 3819 648 3875; x_wconf 75' lang='lat' dir='ltr'><strong>ptrum</strong></span> <span class='ocrx_word' id='word_1_472' title='bbox 698 3804 1065 3875; x_wconf 66' lang='lat' dir='ltr'><strong>inscribitur,</strong></span> <span class='ocrx_word' id='word_1_473' title='bbox 1099 3813 1349 3878; x_wconf 85' lang='lat' dir='ltr'><strong>rogante</strong></span> <span class='ocrx_word' id='word_1_474' title='bbox 1398 3807 1478 3862; x_wconf 88' lang='lat' dir='ltr'><strong>uti</strong></span> <span class='ocrx_word' id='word_1_475' title='bbox 1514 3811 1636 3876; x_wconf 65' lang='lat' dir='ltr'><strong>quae</strong></span> <span class='ocrx_word' id='word_1_476' title='bbox 1676 3807 1733 3860; x_wconf 91' lang='lat' dir='ltr'><strong>in</strong></span> <span class='ocrx_word' id='word_1_477' title='bbox 1793 3822 1860 3863; x_wconf 89' lang='lat' dir='ltr'><strong>eo</strong></span> <span class='ocrx_word' id='word_1_478' title='bbox 1910 3806 2050 3861; x_wconf 90' lang='lat' dir='ltr'><strong>libro</strong></span> 
     </span>
    </p>
   </div>
   <div class='ocr_carea' id='block_1_69' title="bbox 473 3877 2051 3971">
    <p class='ocr_par' dir='ltr' id='par_1_69' title="bbox 473 3877 2051 3971">
     <span class='ocr_line' id='line_1_70' title="bbox 473 3877 2051 3971; baseline 0.001 -19"><span class='ocrx_word' id='word_1_479' title='bbox 473 3914 638 3971; x_wconf 84' lang='lat' dir='ltr'><strong>prosa</strong></span> <span class='ocrx_word' id='word_1_480' title='bbox 687 3899 936 3954; x_wconf 88' lang='lat' dir='ltr'><strong>oratione</strong></span> <span class='ocrx_word' id='word_1_481' title='bbox 968 3877 1173 3968; x_wconf 76' lang='lat' dir='ltr'><strong>scripta</strong></span> <span class='ocrx_word' id='word_1_482' title='bbox 1201 3907 1410 3966; x_wconf 89' lang='lat' dir='ltr'><strong>essent,</strong></span> <span class='ocrx_word' id='word_1_483' title='bbox 1459 3899 1714 3954; x_wconf 83' lang='lat' dir='ltr'><strong>versibus</strong></span> <span class='ocrx_word' id='word_1_484' title='bbox 1757 3897 2051 3953; x_wconf 88' lang='lat' dir='ltr'><strong>redderen-</strong></span> 
     </span>
    </p>
   </div>
   <div class='ocr_carea' id='block_1_70' title="bbox 473 3986 2052 4060">
    <p class='ocr_par' dir='ltr' id='par_1_70' title="bbox 473 3986 2052 4060">
     <span class='ocr_line' id='line_1_71' title="bbox 473 3986 2052 4060; baseline -0.001 -18"><span class='ocrx_word' id='word_1_485' title='bbox 473 3999 565 4044; x_wconf 89' lang='lat' dir='ltr'><strong>tur</strong></span> <span class='ocrx_word' id='word_1_486' title='bbox 597 4007 612 4044; x_wconf 89' lang='lat'>:</span> <span class='ocrx_word' id='word_1_487' title='bbox 647 4004 711 4042; x_wconf 89' lang='lat' dir='ltr'><strong>ac</strong></span> <span class='ocrx_word' id='word_1_488' title='bbox 750 3990 912 4044; x_wconf 85' lang='lat' dir='ltr'><strong>simul</strong></span> <span class='ocrx_word' id='word_1_489' title='bbox 951 3988 1164 4044; x_wconf 89' lang='lat' dir='ltr'><strong>dicente</strong></span> <span class='ocrx_word' id='word_1_490' title='bbox 1197 4009 1210 4043; x_wconf 88' lang='lat'><strong>:</strong></span> <span class='ocrx_word' id='word_1_491' title='bbox 1253 3987 1624 4059; x_wconf 70' lang='grc' dir='ltr'><strong>Εὺδοξότερον,</strong></span> <span class='ocrx_word' id='word_1_492' title='bbox 1655 3987 1710 4040; x_wconf 89' lang='lat' dir='ltr'><strong>id</strong></span> <span class='ocrx_word' id='word_1_493' title='bbox 1762 3995 1846 4043; x_wconf 91' lang='lat' dir='ltr'><strong>est</strong></span> <span class='ocrx_word' id='word_1_494' title='bbox 1893 3986 2052 4060; x_wconf 68' lang='grc'><strong>149</strong></span> 
     </span>
    </p>
   </div>
   <div class='ocr_carea' id='block_1_71' title="bbox 472 4077 2049 4150">
    <p class='ocr_par' dir='ltr' id='par_1_71' title="bbox 472 4077 2049 4150">
     <span class='ocr_line' id='line_1_72' title="bbox 472 4077 2049 4150; baseline 0 -18"><span class='ocrx_word' id='word_1_495' title='bbox 472 4080 871 4150; x_wconf 82' lang='lat' dir='ltr'><strong>gloriosiorem,</strong></span> <span class='ocrx_word' id='word_1_496' title='bbox 941 4095 1007 4136; x_wconf 91' lang='lat' dir='ltr'><strong>eo</strong></span> <span class='ocrx_word' id='word_1_497' title='bbox 1064 4079 1208 4134; x_wconf 80' lang='lat' dir='ltr'><strong>facto</strong></span> <span class='ocrx_word' id='word_1_498' title='bbox 1268 4077 1574 4134; x_wconf 90' lang='lat' dir='ltr'><strong>reddideris</strong></span> <span class='ocrx_word' id='word_1_499' title='bbox 1622 4077 1906 4145; x_wconf 82' lang='lat' dir='ltr'><strong>Eudoxum</strong></span> <span class='ocrx_word' id='word_1_500' title='bbox 1937 4117 1953 4145; x_wconf 91' lang='lat'><strong>,</strong></span> <span class='ocrx_word' id='word_1_501' title='bbox 2001 4079 2049 4133; x_wconf 83' lang='lat' dir='ltr'><strong>si</strong></span> 
     </span>
    </p>
   </div>
   <div class='ocr_carea' id='block_1_72' title="bbox 474 4165 2049 4238">
    <p class='ocr_par' dir='ltr' id='par_1_72' title="bbox 474 4165 2049 4238">
     <span class='ocr_line' id='line_1_73' title="bbox 474 4165 2049 4238; baseline 0.002 -18"><span class='ocrx_word' id='word_1_502' title='bbox 474 4167 544 4220; x_wconf 81' lang='lat' dir='ltr'><strong>ab</strong></span> <span class='ocrx_word' id='word_1_503' title='bbox 587 4181 652 4222; x_wconf 91' lang='lat' dir='ltr'><strong>eo</strong></span> <span class='ocrx_word' id='word_1_504' title='bbox 697 4167 896 4222; x_wconf 86' lang='lat' dir='ltr'><strong>tradita</strong></span> <span class='ocrx_word' id='word_1_505' title='bbox 940 4169 1279 4223; x_wconf 90' lang='lat' dir='ltr'><strong>carminibus</strong></span> <span class='ocrx_word' id='word_1_506' title='bbox 1307 4169 1618 4238; x_wconf 62' lang='lat' dir='ltr'><strong>(exprimas.</strong></span> <span class='ocrx_word' id='word_1_507' title='bbox 1676 4165 1823 4221; x_wconf 78' lang='lat' dir='ltr'><strong>Vixit</strong></span> <span class='ocrx_word' id='word_1_508' title='bbox 1869 4178 2049 4223; x_wconf 91' lang='lat' dir='ltr'><strong>autem</strong></span> 
     </span>
    </p>
   </div>
   <div class='ocr_carea' id='block_1_73' title="bbox 472 4257 2051 4331">
    <p class='ocr_par' dir='ltr' id='par_1_73' title="bbox 472 4257 2051 4331">
     <span class='ocr_line' id='line_1_74' title="bbox 472 4257 2051 4331; baseline 0.001 -19"><span class='ocrx_word' id='word_1_509' title='bbox 472 4260 776 4330; x_wconf 89' lang='lat' dir='ltr'><strong>Antigonus</strong></span> <span class='ocrx_word' id='word_1_510' title='bbox 837 4257 1157 4331; x_wconf 87' lang='lat' dir='ltr'><strong>Olympiade</strong></span> <span class='ocrx_word' id='word_1_511' title='bbox 1195 4276 1334 4316; x_wconf 78' lang='lat' dir='ltr'><strong>cxxv</strong></span> <span class='ocrx_word' id='word_1_512' title='bbox 1370 4278 1384 4314; x_wconf 94' lang='lat'><strong>:</strong></span> <span class='ocrx_word' id='word_1_513' title='bbox 1416 4275 1524 4331; x_wconf 91' lang='lat' dir='ltr'><strong>quo</strong></span> <span class='ocrx_word' id='word_1_514' title='bbox 1566 4267 1808 4330; x_wconf 91' lang='lat' dir='ltr'><strong>tempore</strong></span> <span class='ocrx_word' id='word_1_515' title='bbox 1865 4259 2051 4316; x_wconf 79' lang='lat' dir='ltr'><strong>ﬂoruit</strong></span> 
     </span>
    </p>
   </div>
   <div class='ocr_carea' id='block_1_74' title="bbox 473 4351 2051 4422">
    <p class='ocr_par' dir='ltr' id='par_1_74' title="bbox 473 4351 2051 4422">
     <span class='ocr_line' id='line_1_75' title="bbox 473 4351 2051 4422; baseline 0.001 -18"><span class='ocrx_word' id='word_1_516' title='bbox 473 4351 710 4416; x_wconf 86' lang='lat' dir='ltr'><strong>Aratus,</strong></span> <span class='ocrx_word' id='word_1_517' title='bbox 761 4361 818 4406; x_wconf 90' lang='lat' dir='ltr'><strong>et</strong></span> <span class='ocrx_word' id='word_1_518' title='bbox 865 4351 1171 4409; x_wconf 81' lang='lat' dir='ltr'><strong>Alexander</strong></span> <span class='ocrx_word' id='word_1_519' title='bbox 1228 4353 1470 4410; x_wconf 69' lang='lat' dir='ltr'><strong>Etolus.</strong></span> <span class='ocrx_word' id='word_1_520' title='bbox 1540 4352 1785 4408; x_wconf 87' lang='lat' dir='ltr'><strong>Meminit</strong></span> <span class='ocrx_word' id='word_1_521' title='bbox 1842 4351 2051 4422; x_wconf 87' lang='lat' dir='ltr'><strong>Speculi</strong></span> 
     </span>
    </p>
   </div>
   <div class='ocr_carea' id='block_1_75' title="bbox 471 4440 2047 4518">
    <p class='ocr_par' dir='ltr' id='par_1_75' title="bbox 471 4440 2047 4518">
     <span class='ocr_line' id='line_1_76' title="bbox 471 4440 2047 4518; baseline 0.002 -24"><span class='ocrx_word' id='word_1_522' title='bbox 471 4441 620 4495; x_wconf 90' lang='lat' dir='ltr'><strong>illius</strong></span> <span class='ocrx_word' id='word_1_523' title='bbox 652 4440 883 4506; x_wconf 85' lang='lat' dir='ltr'><strong>Eudoxi,</strong></span> <span class='ocrx_word' id='word_1_524' title='bbox 929 4449 983 4496; x_wconf 92' lang='lat' dir='ltr'><strong>et</strong></span> <span class='ocrx_word' id='word_1_525' title='bbox 1025 4443 1284 4513; x_wconf 87' lang='lat' dir='ltr'><strong>Antigoni</strong></span> <span class='ocrx_word' id='word_1_526' title='bbox 1328 4451 1494 4514; x_wconf 88' lang='lat' dir='ltr'><strong>atque</strong></span> <span class='ocrx_word' id='word_1_527' title='bbox 1545 4442 1842 4518; x_wconf 81' lang='lat' dir='ltr'><strong>Alexandri</strong></span> <span class='ocrx_word' id='word_1_528' title='bbox 1876 4443 2047 4497; x_wconf 70' lang='grc' dir='ltr'><strong>Ᾱῑιοιί</strong></span> 
     </span>
    </p>
   </div>
   <div class='ocr_carea' id='block_1_76' title="bbox 2147 3350 3728 3426">
    <p class='ocr_par' dir='ltr' id='par_1_76' title="bbox 2147 3350 3728 3426">
     <span class='ocr_line' id='line_1_77' title="bbox 2147 3350 3728 3426; baseline -0.004 -18"><span class='ocrx_word' id='word_1_529' title='bbox 2147 3355 2255 3409; x_wconf 90' lang='grc' dir='ltr'><strong>τῶν</strong></span> <span class='ocrx_word' id='word_1_530' title='bbox 2303 3357 2750 3426; x_wconf 85' lang='grc' dir='ltr'><strong>πεπαιδευμένων</strong></span> <span class='ocrx_word' id='word_1_531' title='bbox 2779 3356 2922 3426; x_wconf 74' lang='grc' dir='ltr'><strong>ἔχειν</strong></span> <span class='ocrx_word' id='word_1_532' title='bbox 2944 3356 3074 3426; x_wconf 90' lang='grc' dir='ltr'><strong>παρ’</strong></span> <span class='ocrx_word' id='word_1_533' title='bbox 3097 3353 3266 3424; x_wconf 81' lang='grc' dir='ltr'><strong>αὐτῷ,</strong></span> <span class='ocrx_word' id='word_1_534' title='bbox 3294 3353 3389 3406; x_wconf 76' lang='grc' dir='ltr'><strong>καὶ</strong></span> <span class='ocrx_word' id='word_1_535' title='bbox 3419 3351 3483 3423; x_wconf 83' lang='grc' dir='ltr'><strong>δὴ</strong></span> <span class='ocrx_word' id='word_1_536' title='bbox 3509 3351 3605 3405; x_wconf 73' lang='grc' dir='ltr'><strong>καὶ</strong></span> <span class='ocrx_word' id='word_1_537' title='bbox 3637 3350 3728 3403; x_wconf 83' lang='grc' dir='ltr'><strong>τὸν</strong></span> 
     </span>
    </p>
   </div>
   <div class='ocr_carea' id='block_1_77' title="bbox 2152 3442 3729 3520">
    <p class='ocr_par' dir='ltr' id='par_1_77' title="bbox 2152 3442 3729 3520">
     <span class='ocr_line' id='line_1_78' title="bbox 2152 3442 3729 3520; baseline -0.006 -18"><span class='ocrx_word' id='word_1_538' title='bbox 2152 3449 2386 3520; x_wconf 87' lang='grc' dir='ltr'><strong>’Ἀρατον</strong></span> <span class='ocrx_word' id='word_1_539' title='bbox 2406 3465 2420 3478; x_wconf 74' lang='grc' dir='ltr'><strong>ο</strong></span> <span class='ocrx_word' id='word_1_540' title='bbox 2447 3448 2526 3513; x_wconf 86' lang='grc' dir='ltr'><strong>ὃς,</strong></span> <span class='ocrx_word' id='word_1_541' title='bbox 2561 3446 2714 3519; x_wconf 86' lang='grc' dir='ltr'><strong>παρὰ</strong></span> <span class='ocrx_word' id='word_1_542' title='bbox 2736 3446 2814 3517; x_wconf 82' lang='grc' dir='ltr'><strong>τῷ</strong></span> <span class='ocrx_word' id='word_1_543' title='bbox 2838 3446 3048 3516; x_wconf 87' lang='grc' dir='ltr'><strong>βασιλεῖ</strong></span> <span class='ocrx_word' id='word_1_544' title='bbox 3066 3444 3376 3516; x_wconf 88' lang='grc' dir='ltr'><strong>γενόμενος,</strong></span> <span class='ocrx_word' id='word_1_545' title='bbox 3407 3444 3502 3497; x_wconf 71' lang='grc' dir='ltr'><strong>καὶ</strong></span> <span class='ocrx_word' id='word_1_546' title='bbox 3521 3442 3729 3495; x_wconf 77' lang='grc' dir='ltr'><strong>εὐδοκι-</strong></span> 
     </span>
    </p>
   </div>
   <div class='ocr_carea' id='block_1_78' title="bbox 2153 3537 3730 3610">
    <p class='ocr_par' dir='ltr' id='par_1_78' title="bbox 2153 3537 3730 3610">
     <span class='ocr_line' id='line_1_79' title="bbox 2153 3537 3730 3610; baseline -0.004 -17"><span class='ocrx_word' id='word_1_547' title='bbox 2153 3540 2329 3610; x_wconf 89' lang='grc' dir='ltr'><strong>μήσας</strong></span> <span class='ocrx_word' id='word_1_548' title='bbox 2355 3538 2412 3592; x_wconf 76' lang='grc' dir='ltr'><strong>ἐν</strong></span> <span class='ocrx_word' id='word_1_549' title='bbox 2434 3557 2495 3593; x_wconf 88' lang='grc' dir='ltr'><strong>τε</strong></span> <span class='ocrx_word' id='word_1_550' title='bbox 2514 3542 2582 3610; x_wconf 81' lang='grc' dir='ltr'><strong>τῇ</strong></span> <span class='ocrx_word' id='word_1_551' title='bbox 2603 3539 2736 3610; x_wconf 81' lang='grc' dir='ltr'><strong>ἄλλῃ</strong></span> <span class='ocrx_word' id='word_1_552' title='bbox 2759 3537 3100 3609; x_wconf 76' lang='grc' dir='ltr'><strong>πολυμαθείᾳ</strong></span> <span class='ocrx_word' id='word_1_553' title='bbox 3142 3537 3238 3592; x_wconf 75' lang='grc' dir='ltr'><strong>καὶ</strong></span> <span class='ocrx_word' id='word_1_554' title='bbox 3270 3537 3551 3606; x_wconf 81' lang='grc' dir='ltr'><strong>ποιητικῇ,</strong></span> <span class='ocrx_word' id='word_1_555' title='bbox 3601 3548 3730 3604; x_wconf 91' lang='grc' dir='ltr'><strong>προ-</strong></span> 
     </span>
    </p>
   </div>
   <div class='ocr_carea' id='block_1_79' title="bbox 2149 3625 3726 3700">
    <p class='ocr_par' dir='ltr' id='par_1_79' title="bbox 2149 3625 3726 3700">
     <span class='ocr_line' id='line_1_80' title="bbox 2149 3625 3726 3700; baseline -0.003 -18"><span class='ocrx_word' id='word_1_556' title='bbox 2149 3631 2361 3700; x_wconf 89' lang='grc' dir='ltr'><strong>ετράπη</strong></span> <span class='ocrx_word' id='word_1_557' title='bbox 2383 3631 2474 3683; x_wconf 86' lang='grc' dir='ltr'><strong>ὑπ’</strong></span> <span class='ocrx_word' id='word_1_558' title='bbox 2495 3629 2658 3683; x_wconf 81' lang='grc' dir='ltr'><strong>αὐτοῦ</strong></span> <span class='ocrx_word' id='word_1_559' title='bbox 2686 3630 2754 3683; x_wconf 83' lang='grc' dir='ltr'><strong>τὰ</strong></span> <span class='ocrx_word' id='word_1_560' title='bbox 2769 3631 3100 3698; x_wconf 84' lang='grc' dir='ltr'><strong>Φαινόμενα</strong></span> <span class='ocrx_word' id='word_1_561' title='bbox 3111 3627 3318 3699; x_wconf 75' lang='grc' dir='ltr'><strong>γράψαι</strong></span> <span class='ocrx_word' id='word_1_562' title='bbox 3335 3626 3427 3681; x_wconf 84' lang='grc' dir='ltr'><strong>τοῦ</strong></span> <span class='ocrx_word' id='word_1_563' title='bbox 3445 3625 3726 3696; x_wconf 84' lang='grc' dir='ltr'><strong>βασιλέως,</strong></span> 
     </span>
    </p>
   </div>
   <div class='ocr_carea' id='block_1_80' title="bbox 2150 3716 3727 3792">
    <p class='ocr_par' dir='ltr' id='par_1_80' title="bbox 2150 3716 3727 3792">
     <span class='ocr_line' id='line_1_81' title="bbox 2150 3716 3727 3792; baseline -0.004 -18"><span class='ocrx_word' id='word_1_564' title='bbox 2150 3721 2378 3788; x_wconf 81' lang='grc' dir='ltr'><strong>Εὐδόξου</strong></span> <span class='ocrx_word' id='word_1_565' title='bbox 2419 3720 2856 3792; x_wconf 74' lang='grc' dir='ltr'><strong>ἐπιγραφόμενον</strong></span> <span class='ocrx_word' id='word_1_566' title='bbox 2908 3719 3107 3790; x_wconf 79' lang='grc' dir='ltr'><strong>βιϐλίον</strong></span> <span class='ocrx_word' id='word_1_567' title='bbox 3153 3719 3497 3786; x_wconf 85' lang='grc' dir='ltr'><strong>Κατόπτρου</strong></span> <span class='ocrx_word' id='word_1_568' title='bbox 3547 3716 3727 3779; x_wconf 83' lang='grc' dir='ltr'><strong>δόντος</strong></span> 
     </span>
    </p>
   </div>
   <div class='ocr_carea' id='block_1_81' title="bbox 2114 3799 3728 3881">
    <p class='ocr_par' dir='ltr' id='par_1_81' title="bbox 2114 3799 3728 3881">
     <span class='ocr_line' id='line_1_82' title="bbox 2114 3799 3728 3881; baseline -0.004 -18"><span class='ocrx_word' id='word_1_569' title='bbox 2114 3799 2328 3881; x_wconf 48' lang='grc' dir='ltr'><strong>λαύτῷ,</strong></span> <span class='ocrx_word' id='word_1_570' title='bbox 2381 3810 2476 3864; x_wconf 71' lang='grc' dir='ltr'><strong>καὶ</strong></span> <span class='ocrx_word' id='word_1_571' title='bbox 2534 3809 2865 3874; x_wconf 79' lang='grc' dir='ltr'><strong>ἀξιώσαντος</strong></span> <span class='ocrx_word' id='word_1_572' title='bbox 2914 3808 2984 3862; x_wconf 82' lang='grc' dir='ltr'><strong>τὰ</strong></span> <span class='ocrx_word' id='word_1_573' title='bbox 3038 3809 3097 3862; x_wconf 84' lang='grc' dir='ltr'><strong>ὲν</strong></span> <span class='ocrx_word' id='word_1_574' title='bbox 3152 3807 3300 3879; x_wconf 81' lang='grc' dir='ltr'><strong>αὐτῷ</strong></span> <span class='ocrx_word' id='word_1_575' title='bbox 3354 3804 3728 3875; x_wconf 82' lang='grc' dir='ltr'><strong>καταλογάδην</strong></span> 
     </span>
    </p>
   </div>
   <div class='ocr_carea' id='block_1_82' title="bbox 2150 3895 3727 3973">
    <p class='ocr_par' dir='ltr' id='par_1_82' title="bbox 2150 3895 3727 3973">
     <span class='ocr_line' id='line_1_83' title="bbox 2150 3895 3727 3973; baseline -0.004 -18"><span class='ocrx_word' id='word_1_576' title='bbox 2150 3902 2407 3973; x_wconf 87' lang='grc' dir='ltr'><strong>λεχθέντα</strong></span> <span class='ocrx_word' id='word_1_577' title='bbox 2452 3902 2579 3970; x_wconf 69' lang='grc' dir='ltr'><strong>περὶ</strong></span> <span class='ocrx_word' id='word_1_578' title='bbox 2609 3900 2718 3954; x_wconf 89' lang='grc' dir='ltr'><strong>τῶν</strong></span> <span class='ocrx_word' id='word_1_579' title='bbox 2765 3899 3105 3971; x_wconf 83' lang='grc' dir='ltr'><strong>φαινομένων</strong></span> <span class='ocrx_word' id='word_1_580' title='bbox 3137 3899 3317 3970; x_wconf 88' lang='grc' dir='ltr'><strong>μέτρῳ</strong></span> <span class='ocrx_word' id='word_1_581' title='bbox 3347 3898 3394 3930; x_wconf 75' lang='grc'>³⁸</span> <span class='ocrx_word' id='word_1_582' title='bbox 3424 3895 3562 3951; x_wconf 80' lang='grc' dir='ltr'><strong>εἶναι</strong></span> <span class='ocrx_word' id='word_1_583' title='bbox 3589 3911 3602 3924; x_wconf 89' lang='grc'><strong>·</strong></span> <span class='ocrx_word' id='word_1_584' title='bbox 3633 3897 3727 3949; x_wconf 79' lang='grc' dir='ltr'><strong>καὶ</strong></span> 
     </span>
    </p>
   </div>
   <div class='ocr_carea' id='block_1_83' title="bbox 2151 3987 3726 4061">
    <p class='ocr_par' dir='ltr' id='par_1_83' title="bbox 2151 3987 3726 4061">
     <span class='ocr_line' id='line_1_84' title="bbox 2151 3987 3726 4061; baseline -0.005 -15"><span class='ocrx_word' id='word_1_585' title='bbox 2151 3991 2266 4061; x_wconf 74' lang='grc' dir='ltr'><strong>ἅμα</strong></span> <span class='ocrx_word' id='word_1_586' title='bbox 2310 3991 2574 4054; x_wconf 84' lang='grc' dir='ltr'><strong>εἰπόντος,</strong></span> <span class='ocrx_word' id='word_1_587' title='bbox 2608 3990 2684 4054; x_wconf 88' lang='grc' dir='ltr'><strong>ώς</strong></span> <span class='ocrx_word' id='word_1_588' title='bbox 2729 3989 3085 4060; x_wconf 79' lang='grc' dir='ltr'><strong>Εὐδοξότερον</strong></span> <span class='ocrx_word' id='word_1_589' title='bbox 3130 3993 3303 4052; x_wconf 86' lang='grc' dir='ltr'><strong>ποιεῖς</strong></span> <span class='ocrx_word' id='word_1_590' title='bbox 3343 3989 3433 4042; x_wconf 85' lang='grc' dir='ltr'><strong>τὸν</strong></span> <span class='ocrx_word' id='word_1_591' title='bbox 3476 3987 3726 4052; x_wconf 77' lang='grc' dir='ltr'><strong>Εὔδοξον,</strong></span> 
     </span>
    </p>
   </div>
   <div class='ocr_carea' id='block_1_84' title="bbox 2151 4079 3730 4154">
    <p class='ocr_par' dir='ltr' id='par_1_84' title="bbox 2151 4079 3730 4154">
     <span class='ocr_line' id='line_1_85' title="bbox 2151 4079 3730 4154; baseline -0.004 -17"><span class='ocrx_word' id='word_1_592' title='bbox 2151 4083 2397 4146; x_wconf 73' lang='grc' dir='ltr'><strong>ἐκτείνας</strong></span> <span class='ocrx_word' id='word_1_593' title='bbox 2445 4083 2514 4137; x_wconf 77' lang='grc' dir='ltr'><strong>τὰ</strong></span> <span class='ocrx_word' id='word_1_594' title='bbox 2568 4083 2700 4154; x_wconf 83' lang='grc' dir='ltr'><strong>παρ’</strong></span> <span class='ocrx_word' id='word_1_595' title='bbox 2724 4081 2875 4152; x_wconf 81' lang='grc' dir='ltr'><strong>αὺτῷ</strong></span> <span class='ocrx_word' id='word_1_596' title='bbox 2920 4082 3149 4153; x_wconf 83' lang='grc' dir='ltr'><strong>κείμενα</strong></span> <span class='ocrx_word' id='word_1_597' title='bbox 3199 4080 3402 4152; x_wconf 90' lang='grc' dir='ltr'><strong>μέτρῳ.</strong></span> <span class='ocrx_word' id='word_1_598' title='bbox 3431 4079 3627 4147; x_wconf 90' lang='grc' dir='ltr'><strong>Γέγονε</strong></span> <span class='ocrx_word' id='word_1_599' title='bbox 3671 4079 3730 4131; x_wconf 81' lang='grc' dir='ltr'><strong>δὲ</strong></span> 
     </span>
    </p>
   </div>
   <div class='ocr_carea' id='block_1_85' title="bbox 2164 4171 3733 4245">
    <p class='ocr_par' dir='ltr' id='par_1_85' title="bbox 2164 4171 3733 4245">
     <span class='ocr_line' id='line_1_86' title="bbox 2164 4171 3733 4245; baseline -0.001 -19"><span class='ocrx_word' id='word_1_600' title='bbox 2164 4174 2462 4243; x_wconf 86' lang='grc' dir='ltr'><strong>Ἀντίγονος</strong></span> <span class='ocrx_word' id='word_1_601' title='bbox 2493 4173 2633 4227; x_wconf 85' lang='grc' dir='ltr'><strong>κατὰ</strong></span> <span class='ocrx_word' id='word_1_602' title='bbox 2649 4174 2746 4244; x_wconf 84' lang='grc' dir='ltr'><strong>τὴν</strong></span> <span class='ocrx_word' id='word_1_603' title='bbox 2787 4180 2895 4245; x_wconf 80' lang='grc' dir='ltr'><strong>ρκε¹</strong></span> <span class='ocrx_word' id='word_1_604' title='bbox 2933 4173 3272 4244; x_wconf 81' lang='grc' dir='ltr'><strong>Ὀλυμπιάδα</strong></span> <span class='ocrx_word' id='word_1_605' title='bbox 3295 4189 3309 4204; x_wconf 76' lang='grc' dir='ltr'><strong><em>ο</em></strong></span> <span class='ocrx_word' id='word_1_606' title='bbox 3361 4171 3484 4225; x_wconf 84' lang='grc' dir='ltr'><strong>καθ’</strong></span> <span class='ocrx_word' id='word_1_607' title='bbox 3524 4171 3584 4224; x_wconf 85' lang='grc' dir='ltr'><strong>ὃν</strong></span> <span class='ocrx_word' id='word_1_608' title='bbox 3613 4171 3733 4241; x_wconf 85' lang='grc' dir='ltr'><strong>χρό-</strong></span> 
     </span>
    </p>
   </div>
   <div class='ocr_carea' id='block_1_86' title="bbox 2150 4261 3726 4346">
    <p class='ocr_par' dir='ltr' id='par_1_86' title="bbox 2150 4261 3726 4346">
     <span class='ocr_line' id='line_1_87' title="bbox 2150 4261 3726 4346; baseline -0.001 -30"><span class='ocrx_word' id='word_1_609' title='bbox 2150 4281 2240 4317; x_wconf 79' lang='grc' dir='ltr'><strong>νον</strong></span> <span class='ocrx_word' id='word_1_610' title='bbox 2267 4265 2516 4336; x_wconf 74' lang='grc' dir='ltr'><strong>ἤκμασεν</strong></span> <span class='ocrx_word' id='word_1_611' title='bbox 2547 4264 2576 4316; x_wconf 89' lang='lat'><strong>6</strong></span> <span class='ocrx_word' id='word_1_612' title='bbox 2618 4264 2874 4335; x_wconf 75' lang='grc' dir='ltr'><strong>Ἄρατος,</strong></span> <span class='ocrx_word' id='word_1_613' title='bbox 2908 4264 3001 4316; x_wconf 72' lang='grc' dir='ltr'><strong>καὶ</strong></span> <span class='ocrx_word' id='word_1_614' title='bbox 3037 4263 3384 4346; x_wconf 81' lang='grc' dir='ltr'><strong>Ἀλέξανδρος</strong></span> <span class='ocrx_word' id='word_1_615' title='bbox 3407 4265 3436 4315; x_wconf 90' lang='grc' dir='ltr'><strong>ό</strong></span> <span class='ocrx_word' id='word_1_616' title='bbox 3467 4261 3726 4324; x_wconf 78' lang='grc' dir='ltr'><strong>Αἰτωλός.</strong></span> 
     </span>
    </p>
   </div>
   <div class='ocr_carea' id='block_1_87' title="bbox 2150 4351 3734 4425">
    <p class='ocr_par' dir='ltr' id='par_1_87' title="bbox 2150 4351 3734 4425">
     <span class='ocr_line' id='line_1_88' title="bbox 2150 4351 3734 4425; baseline -0.001 -18"><span class='ocrx_word' id='word_1_617' title='bbox 2150 4354 2446 4425; x_wconf 87' lang='grc' dir='ltr'><strong>Μέμνηται</strong></span> <span class='ocrx_word' id='word_1_618' title='bbox 2494 4353 2552 4406; x_wconf 85' lang='grc' dir='ltr'><strong>δὲ</strong></span> <span class='ocrx_word' id='word_1_619' title='bbox 2598 4351 2691 4406; x_wconf 81' lang='grc' dir='ltr'><strong>τοῦ</strong></span> <span class='ocrx_word' id='word_1_620' title='bbox 2741 4353 3090 4421; x_wconf 73' lang='grc' dir='ltr'><strong>Κατόπτρου</strong></span> <span class='ocrx_word' id='word_1_621' title='bbox 3143 4352 3391 4418; x_wconf 80' lang='grc' dir='ltr'><strong>Εὐδόξου,</strong></span> <span class='ocrx_word' id='word_1_622' title='bbox 3432 4353 3526 4404; x_wconf 76' lang='grc' dir='ltr'><strong>καὶ</strong></span> <span class='ocrx_word' id='word_1_623' title='bbox 3566 4351 3734 4405; x_wconf 81' lang='grc' dir='ltr'><strong>Ἀντι-</strong></span> 
     </span>
    </p>
   </div>
   <div class='ocr_carea' id='block_1_88' title="bbox 2150 4439 3731 4516">
    <p class='ocr_par' dir='ltr' id='par_1_88' title="bbox 2150 4439 3731 4516">
     <span class='ocr_line' id='line_1_89' title="bbox 2150 4439 3731 4516; baseline -0.003 -18"><span class='ocrx_word' id='word_1_624' title='bbox 2150 4446 2308 4514; x_wconf 90' lang='grc' dir='ltr'><strong>γόνου</strong></span> <span class='ocrx_word' id='word_1_625' title='bbox 2368 4445 2720 4516; x_wconf 79' lang='grc' dir='ltr'><strong>Ἀλεξάνδρου</strong></span> <span class='ocrx_word' id='word_1_626' title='bbox 2751 4446 2796 4477; x_wconf 82' lang='grc'>³⁵</span> <span class='ocrx_word' id='word_1_627' title='bbox 2825 4444 2918 4498; x_wconf 79' lang='grc' dir='ltr'><strong>τοῦ</strong></span> <span class='ocrx_word' id='word_1_628' title='bbox 2967 4443 3227 4509; x_wconf 78' lang='grc' dir='ltr'><strong>Αἰτωλοῦ,</strong></span> <span class='ocrx_word' id='word_1_629' title='bbox 3269 4445 3362 4497; x_wconf 59' lang='grc' dir='ltr'><strong>καὶ⁹</strong></span> <span class='ocrx_word' id='word_1_630' title='bbox 3405 4443 3483 4506; x_wconf 84' lang='grc' dir='ltr'><strong>ὡς</strong></span> <span class='ocrx_word' id='word_1_631' title='bbox 3523 4439 3731 4511; x_wconf 75' lang='grc' dir='ltr'><strong>ἠξιώθη</strong></span> 
     </span>
    </p>
   </div>
   <div class='ocr_carea' id='block_1_89' title="bbox 473 4535 2048 4624">
    <p class='ocr_par' dir='ltr' id='par_1_89' title="bbox 473 4535 2044 4606">
     <span class='ocr_line' id='line_1_90' title="bbox 473 4535 2044 4606; baseline 0.003 -18"><span class='ocrx_word' id='word_1_632' title='bbox 473 4536 530 4588; x_wconf 92' lang='lat' dir='ltr'><strong>in</strong></span> <span class='ocrx_word' id='word_1_633' title='bbox 557 4535 802 4605; x_wconf 77' lang='lat' dir='ltr'><strong>epistolis</strong></span> <span class='ocrx_word' id='word_1_634' title='bbox 824 4535 1068 4602; x_wconf 89' lang='lat' dir='ltr'><strong>Aratus;</strong></span> <span class='ocrx_word' id='word_1_635' title='bbox 1119 4545 1288 4606; x_wconf 87' lang='lat' dir='ltr'><strong>utque</strong></span> <span class='ocrx_word' id='word_1_636' title='bbox 1321 4551 1417 4591; x_wconf 82' lang='lat' dir='ltr'><strong>rex</strong></span> <span class='ocrx_word' id='word_1_637' title='bbox 1452 4536 1517 4591; x_wconf 92' lang='lat' dir='ltr'><strong>ad</strong></span> <span class='ocrx_word' id='word_1_638' title='bbox 1547 4537 1896 4592; x_wconf 89' lang='lat' dir='ltr'><strong>scribendum</strong></span> <span class='ocrx_word' id='word_1_639' title='bbox 1919 4553 2044 4592; x_wconf 92' lang='lat' dir='ltr'><strong>eum</strong></span> 
     </span>
    </p>
   </div>
   <div class='ocr_carea' id='block_1_90' title="bbox 2150 4535 3730 4624">
    <p class='ocr_par' dir='ltr' id='par_1_90' title="bbox 2153 4535 3730 4609">
     <span class='ocr_line' id='line_1_91' title="bbox 2153 4535 3730 4609; baseline -0.003 -19"><span class='ocrx_word' id='word_1_640' title='bbox 2153 4537 2258 4590; x_wconf 82' lang='grc' dir='ltr'><strong>ὑπὸ</strong></span> <span class='ocrx_word' id='word_1_641' title='bbox 2281 4537 2374 4591; x_wconf 79' lang='grc' dir='ltr'><strong>τοῦ</strong></span> <span class='ocrx_word' id='word_1_642' title='bbox 2399 4537 2665 4608; x_wconf 84' lang='grc' dir='ltr'><strong>βασιλέως</strong></span> <span class='ocrx_word' id='word_1_643' title='bbox 2728 4536 2958 4609; x_wconf 81' lang='grc' dir='ltr'><strong>γράψαι,</strong></span> <span class='ocrx_word' id='word_1_644' title='bbox 2998 4538 3056 4589; x_wconf 79' lang='grc' dir='ltr'><strong>έν</strong></span> <span class='ocrx_word' id='word_1_645' title='bbox 3084 4540 3204 4599; x_wconf 87' lang='grc' dir='ltr'><strong>ταῖς</strong></span> <span class='ocrx_word' id='word_1_646' title='bbox 3238 4537 3394 4598; x_wconf 85' lang='grc' dir='ltr'><strong>ἰδίαις</strong></span> <span class='ocrx_word' id='word_1_647' title='bbox 3421 4535 3730 4596; x_wconf 77' lang='grc' dir='ltr'><strong>ἐπιστολαῖς</strong></span> 
     </span>
    </p>
   </div>
   <div class='ocr_carea' id='block_1_91' title="bbox 470 4625 2046 4699">
    <p class='ocr_par' dir='ltr' id='par_1_91' title="bbox 470 4625 2046 4699">
     <span class='ocr_line' id='line_1_92' title="bbox 470 4625 2046 4699; baseline 0.002 -19"><span class='ocrx_word' id='word_1_648' title='bbox 470 4627 722 4681; x_wconf 87' lang='lat' dir='ltr'><strong>hortatus</strong></span> <span class='ocrx_word' id='word_1_649' title='bbox 745 4627 838 4682; x_wconf 93' lang='lat' dir='ltr'><strong>sit.</strong></span> <span class='ocrx_word' id='word_1_650' title='bbox 874 4625 1072 4681; x_wconf 91' lang='lat' dir='ltr'><strong>Fertur</strong></span> <span class='ocrx_word' id='word_1_651' title='bbox 1102 4635 1154 4682; x_wconf 89' lang='lat' dir='ltr'><strong>et</strong></span> <span class='ocrx_word' id='word_1_652' title='bbox 1181 4626 1438 4699; x_wconf 83' lang='lat' dir='ltr'><strong>Dionysio</strong></span> <span class='ocrx_word' id='word_1_653' title='bbox 1461 4627 1794 4683; x_wconf 72' lang='lat' dir='ltr'><strong>Heracleotae</strong></span> <span class='ocrx_word' id='word_1_654' title='bbox 1823 4643 2046 4698; x_wconf 89' lang='lat' dir='ltr'><strong>operam</strong></span> 
     </span>
    </p>
   </div>
   <div class='ocr_carea' id='block_1_92' title="bbox 471 4719 2048 4791">
    <p class='ocr_par' dir='ltr' id='par_1_92' title="bbox 471 4719 2048 4791">
     <span class='ocr_line' id='line_1_93' title="bbox 471 4719 2048 4791; baseline -0.002 -15"><span class='ocrx_word' id='word_1_655' title='bbox 471 4721 709 4776; x_wconf 81' lang='lat' dir='ltr'><strong>dedisse.</strong></span> <span class='ocrx_word' id='word_1_656' title='bbox 765 4720 910 4776; x_wconf 88' lang='lat' dir='ltr'><strong>Idem</strong></span> <span class='ocrx_word' id='word_1_657' title='bbox 962 4719 1254 4791; x_wconf 77' lang='lat' dir='ltr'><strong>Odysseam</strong></span> <span class='ocrx_word' id='word_1_658' title='bbox 1309 4722 1583 4784; x_wconf 87' lang='lat' dir='ltr'><strong>correxit;</strong></span> <span class='ocrx_word' id='word_1_659' title='bbox 1637 4728 1692 4776; x_wconf 92' lang='lat' dir='ltr'><strong>et</strong></span> <span class='ocrx_word' id='word_1_660' title='bbox 1741 4721 2048 4775; x_wconf 90' lang='lat' dir='ltr'><strong>emendatio</strong></span> 
     </span>
    </p>
   </div>
   <div class='ocr_carea' id='block_1_93' title="bbox 471 4810 2048 4881">
    <p class='ocr_par' dir='ltr' id='par_1_93' title="bbox 471 4810 2048 4881">
     <span class='ocr_line' id='line_1_94' title="bbox 471 4810 2048 4881; baseline -0.001 -17"><span class='ocrx_word' id='word_1_661' title='bbox 471 4811 720 4881; x_wconf 62' lang='lat' dir='ltr'><strong>quaedam</strong></span> <span class='ocrx_word' id='word_1_662' title='bbox 747 4811 893 4865; x_wconf 88' lang='lat' dir='ltr'><strong>illius</strong></span> <span class='ocrx_word' id='word_1_663' title='bbox 922 4812 1171 4879; x_wconf 66' lang='lat' dir='ltr'><strong>{nomine</strong></span> <span class='ocrx_word' id='word_1_664' title='bbox 1219 4810 1414 4865; x_wconf 87' lang='lat' dir='ltr'><strong>Aratea</strong></span> <span class='ocrx_word' id='word_1_665' title='bbox 1462 4811 1690 4875; x_wconf 93' lang='lat' dir='ltr'><strong>dicitur,</strong></span> <span class='ocrx_word' id='word_1_666' title='bbox 1733 4811 1882 4865; x_wconf 86' lang='lat' dir='ltr'><strong>velut</strong></span> <span class='ocrx_word' id='word_1_667' title='bbox 1923 4811 2048 4865; x_wconf 82' lang='lat' dir='ltr'><strong>Ari-</strong></span> 
     </span>
    </p>
   </div>
   <div class='ocr_carea' id='block_1_94' title="bbox 473 4903 2047 4974">
    <p class='ocr_par' dir='ltr' id='par_1_94' title="bbox 473 4903 2047 4974">
     <span class='ocr_line' id='line_1_95' title="bbox 473 4903 2047 4974; baseline -0.002 -15"><span class='ocrx_word' id='word_1_668' title='bbox 473 4903 722 4959; x_wconf 89' lang='lat' dir='ltr'><strong>starchea</strong></span> <span class='ocrx_word' id='word_1_669' title='bbox 750 4910 804 4958; x_wconf 91' lang='lat' dir='ltr'><strong>et</strong></span> <span class='ocrx_word' id='word_1_670' title='bbox 841 4903 1259 4973; x_wconf 83' lang='lat' dir='ltr'><strong>AristOphanea.</strong></span> <span class='ocrx_word' id='word_1_671' title='bbox 1290 4903 1560 4958; x_wconf 86' lang='lat' dir='ltr'><strong>Asserunt</strong></span> <span class='ocrx_word' id='word_1_672' title='bbox 1592 4903 1763 4974; x_wconf 88' lang='lat' dir='ltr'><strong>aliqui</strong></span> <span class='ocrx_word' id='word_1_673' title='bbox 1806 4903 1960 4958; x_wconf 92' lang='lat' dir='ltr'><strong>illum</strong></span> <span class='ocrx_word' id='word_1_674' title='bbox 1991 4904 2047 4956; x_wconf 87' lang='lat' dir='ltr'><strong>in</strong></span> 
     </span>
    </p>
   </div>
   <div class='ocr_carea' id='block_1_95' title="bbox 474 4994 2050 5066">
    <p class='ocr_par' dir='ltr' id='par_1_95' title="bbox 474 4994 2050 5066">
     <span class='ocr_line' id='line_1_96' title="bbox 474 4994 2050 5066; baseline 0 -18"><span class='ocrx_word' id='word_1_675' title='bbox 474 4994 687 5066; x_wconf 87' lang='lat' dir='ltr'><strong>Syriam</strong></span> <span class='ocrx_word' id='word_1_676' title='bbox 721 4995 1024 5064; x_wconf 78' lang='lat' dir='ltr'><strong>profectum</strong></span> <span class='ocrx_word' id='word_1_677' title='bbox 1054 4996 1199 5065; x_wconf 87' lang='lat' dir='ltr'><strong>apud</strong></span> <span class='ocrx_word' id='word_1_678' title='bbox 1228 4995 1556 5049; x_wconf 90' lang='lat' dir='ltr'><strong>Antiochum</strong></span> <span class='ocrx_word' id='word_1_679' title='bbox 1589 4995 1824 5064; x_wconf 79' lang='lat' dir='ltr'><strong>degisse,</strong></span> <span class='ocrx_word' id='word_1_680' title='bbox 1866 4994 1932 5047; x_wconf 92' lang='lat' dir='ltr'><strong>ab</strong></span> <span class='ocrx_word' id='word_1_681' title='bbox 1955 5009 2050 5048; x_wconf 89' lang='lat' dir='ltr'><strong>eo-</strong></span> 
     </span>
    </p>
   </div>
   <div class='ocr_carea' id='block_1_96' title="bbox 471 5086 2050 5157">
    <p class='ocr_par' dir='ltr' id='par_1_96' title="bbox 471 5086 2050 5157">
     <span class='ocr_line' id='line_1_97' title="bbox 471 5086 2050 5157; baseline 0.002 -17"><span class='ocrx_word' id='word_1_682' title='bbox 471 5103 577 5156; x_wconf 91' lang='lat' dir='ltr'><strong>que</strong></span> <span class='ocrx_word' id='word_1_683' title='bbox 606 5094 853 5157; x_wconf 81' lang='lat' dir='ltr'><strong>rogatum</strong></span> <span class='ocrx_word' id='word_1_684' title='bbox 877 5102 1020 5151; x_wconf 88' lang='lat' dir='ltr'><strong>esse,</strong></span> <span class='ocrx_word' id='word_1_685' title='bbox 1053 5095 1116 5140; x_wconf 87' lang='lat' dir='ltr'><strong>ut</strong></span> <span class='ocrx_word' id='word_1_686' title='bbox 1145 5086 1371 5141; x_wconf 86' lang='lat' dir='ltr'><strong>Iliadem</strong></span> <span class='ocrx_word' id='word_1_687' title='bbox 1413 5088 1732 5157; x_wconf 84' lang='lat' dir='ltr'><strong>corrigeret,</strong></span> <span class='ocrx_word' id='word_1_688' title='bbox 1779 5087 1924 5156; x_wconf 87' lang='lat' dir='ltr'><strong>quod</strong></span> <span class='ocrx_word' id='word_1_689' title='bbox 1955 5088 2050 5143; x_wconf 79' lang='lat' dir='ltr'><strong>de-</strong></span> 
     </span>
    </p>
   </div>
   <div class='ocr_carea' id='block_1_97' title="bbox 472 5179 2048 5253">
    <p class='ocr_par' dir='ltr' id='par_1_97' title="bbox 472 5179 2048 5253">
     <span class='ocr_line' id='line_1_98' title="bbox 472 5179 2048 5253; baseline 0.001 -20"><span class='ocrx_word' id='word_1_690' title='bbox 472 5187 695 5250; x_wconf 85' lang='lat' dir='ltr'><strong>pravata</strong></span> <span class='ocrx_word' id='word_1_691' title='bbox 729 5185 876 5234; x_wconf 91' lang='lat' dir='ltr'><strong>esset</strong></span> <span class='ocrx_word' id='word_1_692' title='bbox 903 5194 931 5232; x_wconf 89' lang='lat' dir='ltr'><strong>a</strong></span> <span class='ocrx_word' id='word_1_693' title='bbox 973 5180 1178 5234; x_wconf 90' lang='lat' dir='ltr'><strong>multis.</strong></span> <span class='ocrx_word' id='word_1_694' title='bbox 1213 5179 1568 5253; x_wconf 69' lang='lat' dir='ltr'><strong>Nicandrum</strong></span> <span class='ocrx_word' id='word_1_695' title='bbox 1600 5194 1730 5234; x_wconf 88' lang='lat' dir='ltr'><strong>vero</strong></span> <span class='ocrx_word' id='word_1_696' title='bbox 1772 5179 2048 5250; x_wconf 85' lang='lat' dir='ltr'><strong>Colopho-</strong></span> 
     </span>
    </p>
   </div>
   <div class='ocr_carea' id='block_1_98' title="bbox 470 5271 2044 5344">
    <p class='ocr_par' dir='ltr' id='par_1_98' title="bbox 470 5271 2044 5344">
     <span class='ocr_line' id='line_1_99' title="bbox 470 5271 2044 5344; baseline -0.003 -17"><span class='ocrx_word' id='word_1_697' title='bbox 470 5275 623 5327; x_wconf 89' lang='lat' dir='ltr'><strong>nium</strong></span> <span class='ocrx_word' id='word_1_698' title='bbox 659 5287 784 5326; x_wconf 92' lang='lat' dir='ltr'><strong>cum</strong></span> <span class='ocrx_word' id='word_1_699' title='bbox 812 5271 981 5327; x_wconf 82' lang='lat' dir='ltr'><strong>Arato</strong></span> <span class='ocrx_word' id='word_1_700' title='bbox 1029 5272 1172 5342; x_wconf 86' lang='lat' dir='ltr'><strong>apud</strong></span> <span class='ocrx_word' id='word_1_701' title='bbox 1212 5273 1541 5344; x_wconf 87' lang='lat' dir='ltr'><strong>Antigonum</strong></span> <span class='ocrx_word' id='word_1_702' title='bbox 1589 5273 1792 5328; x_wconf 80' lang='lat' dir='ltr'><strong>vixisse</strong></span> <span class='ocrx_word' id='word_1_703' title='bbox 1832 5272 1924 5341; x_wconf 90' lang='lat' dir='ltr'><strong>qui</strong></span> <span class='ocrx_word' id='word_1_704' title='bbox 1957 5271 2044 5325; x_wconf 84' lang='lat' dir='ltr'><strong>di-</strong></span> 
     </span>
    </p>
   </div>
   <div class='ocr_carea' id='block_1_99' title="bbox 470 5363 2044 5434">
    <p class='ocr_par' dir='ltr' id='par_1_99' title="bbox 470 5363 2044 5434">
     <span class='ocr_line' id='line_1_100' title="bbox 470 5363 2044 5434; baseline -0.003 -15"><span class='ocrx_word' id='word_1_705' title='bbox 470 5372 636 5431; x_wconf 86' lang='lat' dir='ltr'><strong>cunt;</strong></span> <span class='ocrx_word' id='word_1_706' title='bbox 663 5379 727 5418; x_wconf 89' lang='lat' dir='ltr'><strong>ac</strong></span> <span class='ocrx_word' id='word_1_707' title='bbox 751 5371 862 5417; x_wconf 89' lang='lat' dir='ltr'><strong>tam</strong></span> <span class='ocrx_word' id='word_1_708' title='bbox 891 5363 1117 5418; x_wconf 91' lang='lat' dir='ltr'><strong>Aratum</strong></span> <span class='ocrx_word' id='word_1_709' title='bbox 1157 5380 1338 5419; x_wconf 91' lang='lat' dir='ltr'><strong>rerum</strong></span> <span class='ocrx_word' id='word_1_710' title='bbox 1369 5363 1701 5430; x_wconf 73' lang='lat' dir='ltr'><strong>cmlestium,</strong></span> <span class='ocrx_word' id='word_1_711' title='bbox 1748 5378 1911 5434; x_wconf 76' lang='lat' dir='ltr'><strong>quam</strong></span> <span class='ocrx_word' id='word_1_712' title='bbox 1947 5364 2044 5416; x_wconf 89' lang='lat' dir='ltr'><strong>Ni-</strong></span> 
     </span>
    </p>
   </div>
   <div class='ocr_carea' id='block_1_100' title="bbox 472 5455 2044 5527">
    <p class='ocr_par' dir='ltr' id='par_1_100' title="bbox 472 5455 2044 5527">
     <span class='ocr_line' id='line_1_101' title="bbox 472 5455 2044 5527; baseline -0.001 -18"><span class='ocrx_word' id='word_1_713' title='bbox 472 5458 736 5511; x_wconf 88' lang='lat' dir='ltr'><strong>candrum</strong></span> <span class='ocrx_word' id='word_1_714' title='bbox 777 5457 1058 5512; x_wconf 67' lang='lat' dir='ltr'><strong>medicinae</strong></span> <span class='ocrx_word' id='word_1_715' title='bbox 1103 5457 1386 5527; x_wconf 91' lang='lat' dir='ltr'><strong>imperitos</strong></span> <span class='ocrx_word' id='word_1_716' title='bbox 1451 5455 1620 5511; x_wconf 80' lang='lat' dir='ltr'><strong>fuisse</strong></span> <span class='ocrx_word' id='word_1_717' title='bbox 1676 5456 1852 5525; x_wconf 89' lang='lat' dir='ltr'><strong>(aiunt</strong></span> <span class='ocrx_word' id='word_1_718' title='bbox 1897 5455 2044 5509; x_wconf 88' lang='lat' dir='ltr'><strong>enim</strong></span> 
     </span>
    </p>
   </div>
   <div class='ocr_carea' id='block_1_101' title="bbox 471 5548 2040 5620">
    <p class='ocr_par' dir='ltr' id='par_1_101' title="bbox 471 5548 2040 5620">
     <span class='ocr_line' id='line_1_102' title="bbox 471 5548 2040 5620; baseline -0.004 -16"><span class='ocrx_word' id='word_1_719' title='bbox 471 5551 799 5619; x_wconf 83' lang='lat' dir='ltr'><strong>Antigonum</strong></span> <span class='ocrx_word' id='word_1_720' title='bbox 836 5550 1025 5616; x_wconf 88' lang='lat' dir='ltr'><strong>Arato,</strong></span> <span class='ocrx_word' id='word_1_721' title='bbox 1075 5550 1166 5620; x_wconf 88' lang='lat' dir='ltr'><strong>qui</strong></span> <span class='ocrx_word' id='word_1_722' title='bbox 1221 5549 1563 5619; x_wconf 79' lang='lat' dir='ltr'><strong>professione</strong></span> <span class='ocrx_word' id='word_1_723' title='bbox 1610 5548 1856 5604; x_wconf 88' lang='lat' dir='ltr'><strong>medicus</strong></span> <span class='ocrx_word' id='word_1_724' title='bbox 1902 5554 2040 5611; x_wconf 88' lang='lat' dir='ltr'><strong>erat,</strong></span> 
     </span>
    </p>
   </div>
   <div class='ocr_carea' id='block_1_102' title="bbox 472 5635 2043 5708">
    <p class='ocr_par' dir='ltr' id='par_1_102' title="bbox 472 5635 2043 5708">
     <span class='ocr_line' id='line_1_103' title="bbox 472 5635 2043 5708; baseline -0.001 -17"><span class='ocrx_word' id='word_1_725' title='bbox 472 5639 872 5707; x_wconf 76' lang='lat' dir='ltr'><strong>mandassent</strong></span> <span class='ocrx_word' id='word_1_726' title='bbox 917 5639 1272 5708; x_wconf 66' lang='lat' dir='ltr'><strong>phaznomena</strong></span> <span class='ocrx_word' id='word_1_727' title='bbox 1315 5638 1719 5704; x_wconf 87' lang='lat' dir='ltr'><strong>conscriberet;</strong></span> <span class='ocrx_word' id='word_1_728' title='bbox 1767 5635 2043 5691; x_wconf 83' lang='lat' dir='ltr'><strong>Nicandro</strong></span> 
     </span>
    </p>
   </div>
   <div class='ocr_carea' id='block_1_103' title="bbox 2150 4626 3734 4698">
    <p class='ocr_par' dir='ltr' id='par_1_103' title="bbox 2150 4626 3734 4698">
     <span class='ocr_line' id='line_1_104' title="bbox 2150 4626 3734 4698; baseline -0.001 -18"><span class='ocrx_word' id='word_1_729' title='bbox 2150 4629 2404 4698; x_wconf 77' lang='grc' dir='ltr'><strong>Ἀρατος.</strong></span> <span class='ocrx_word' id='word_1_730' title='bbox 2439 4627 2673 4695; x_wconf 71' lang='grc' dir='ltr'><strong>Λέγεται</strong></span> <span class='ocrx_word' id='word_1_731' title='bbox 2698 4627 2756 4681; x_wconf 84' lang='grc' dir='ltr'><strong>δὲ</strong></span> <span class='ocrx_word' id='word_1_732' title='bbox 2783 4627 3132 4698; x_wconf 79' lang='grc' dir='ltr'><strong>ὲσχολακέναι</strong></span> <span class='ocrx_word' id='word_1_733' title='bbox 3178 4627 3437 4697; x_wconf 83' lang='grc' dir='ltr'><strong>Διονυσίῳ</strong></span> <span class='ocrx_word' id='word_1_734' title='bbox 3460 4626 3538 4696; x_wconf 86' lang='grc' dir='ltr'><strong>τῷ</strong></span> <span class='ocrx_word' id='word_1_735' title='bbox 3569 4627 3734 4698; x_wconf 82' lang='grc' dir='ltr'><strong>Ἥρα-</strong></span> 
     </span>
    </p>
   </div>
   <div class='ocr_carea' id='block_1_104' title="bbox 2148 4719 3728 4792">
    <p class='ocr_par' dir='ltr' id='par_1_104' title="bbox 2148 4719 3728 4792">
     <span class='ocr_line' id='line_1_105' title="bbox 2148 4719 3728 4792; baseline -0.002 -19"><span class='ocrx_word' id='word_1_736' title='bbox 2148 4719 2399 4792; x_wconf 84' lang='grc' dir='ltr'><strong>κλειώτῃ.</strong></span> <span class='ocrx_word' id='word_1_737' title='bbox 2459 4722 2572 4774; x_wconf 71' lang='grc' dir='ltr'><strong>Καὶ</strong></span> <span class='ocrx_word' id='word_1_738' title='bbox 2618 4720 2718 4791; x_wconf 79' lang='grc' dir='ltr'><strong>τὴν</strong></span> <span class='ocrx_word' id='word_1_739' title='bbox 2775 4719 3127 4774; x_wconf 84' lang='grc' dir='ltr'><strong>Ὀδύσσειαν</strong></span> <span class='ocrx_word' id='word_1_740' title='bbox 3175 4720 3232 4773; x_wconf 82' lang='grc' dir='ltr'><strong>δὲ</strong></span> <span class='ocrx_word' id='word_1_741' title='bbox 3272 4720 3585 4791; x_wconf 88' lang='grc' dir='ltr'><strong>διώρθωσε·</strong></span> <span class='ocrx_word' id='word_1_742' title='bbox 3633 4719 3728 4771; x_wconf 75' lang='grc' dir='ltr'><strong>καὶ</strong></span> 
     </span>
    </p>
   </div>
   <div class='ocr_carea' id='block_1_105' title="bbox 2147 4810 3732 4882">
    <p class='ocr_par' dir='ltr' id='par_1_105' title="bbox 2147 4810 3732 4882">
     <span class='ocr_line' id='line_1_106' title="bbox 2147 4810 3732 4882; baseline -0.002 -17"><span class='ocrx_word' id='word_1_743' title='bbox 2147 4812 2392 4865; x_wconf 83' lang='grc' dir='ltr'><strong>καλεῖταί</strong></span> <span class='ocrx_word' id='word_1_744' title='bbox 2415 4829 2498 4874; x_wconf 88' lang='grc' dir='ltr'><strong>τις</strong></span> <span class='ocrx_word' id='word_1_745' title='bbox 2526 4811 2808 4882; x_wconf 86' lang='grc' dir='ltr'><strong>διόρθωσις</strong></span> <span class='ocrx_word' id='word_1_746' title='bbox 2823 4811 2994 4874; x_wconf 77' lang='grc' dir='ltr'><strong>οὕτως</strong></span> <span class='ocrx_word' id='word_1_747' title='bbox 3019 4811 3316 4882; x_wconf 84' lang='grc' dir='ltr'><strong>Ἀράτειος,</strong></span> <span class='ocrx_word' id='word_1_748' title='bbox 3337 4811 3414 4874; x_wconf 85' lang='grc' dir='ltr'><strong>ὠς</strong></span> <span class='ocrx_word' id='word_1_749' title='bbox 3443 4810 3732 4881; x_wconf 88' lang='grc' dir='ltr'><strong>Ἀριστάρ-</strong></span> 
     </span>
    </p>
   </div>
   <div class='ocr_carea' id='block_1_106' title="bbox 2148 4903 3731 4974">
    <p class='ocr_par' dir='ltr' id='par_1_106' title="bbox 2148 4903 3731 4974">
     <span class='ocr_line' id='line_1_107' title="bbox 2148 4903 3731 4974; baseline -0.001 -18"><span class='ocrx_word' id='word_1_750' title='bbox 2148 4921 2311 4974; x_wconf 88' lang='grc' dir='ltr'><strong>χειος,</strong></span> <span class='ocrx_word' id='word_1_751' title='bbox 2344 4904 2439 4956; x_wconf 73' lang='grc' dir='ltr'><strong>καὶ</strong></span> <span class='ocrx_word' id='word_1_752' title='bbox 2475 4903 2932 4972; x_wconf 76' lang='grc' dir='ltr'><strong>Ἀριστοφάνειος.</strong></span> <span class='ocrx_word' id='word_1_753' title='bbox 2958 4904 3117 4966; x_wconf 85' lang='grc' dir='ltr'><strong>Τινὲς</strong></span> <span class='ocrx_word' id='word_1_754' title='bbox 3143 4903 3200 4956; x_wconf 81' lang='grc' dir='ltr'><strong>δὲ</strong></span> <span class='ocrx_word' id='word_1_755' title='bbox 3224 4903 3384 4956; x_wconf 81' lang='grc' dir='ltr'><strong>αὑτὸν</strong></span> <span class='ocrx_word' id='word_1_756' title='bbox 3415 4905 3495 4965; x_wconf 85' lang='grc' dir='ltr'><strong>εἰς</strong></span> <span class='ocrx_word' id='word_1_757' title='bbox 3529 4903 3731 4974; x_wconf 83' lang='grc' dir='ltr'><strong>Συρίαν</strong></span> 
     </span>
    </p>
   </div>
   <div class='ocr_carea' id='block_1_107' title="bbox 2149 4993 3732 5066">
    <p class='ocr_par' dir='ltr' id='par_1_107' title="bbox 2149 4993 3732 5066">
     <span class='ocr_line' id='line_1_108' title="bbox 2149 4993 3732 5066; baseline -0.001 -19"><span class='ocrx_word' id='word_1_758' title='bbox 2149 4993 2464 5066; x_wconf 78' lang='grc' dir='ltr'><strong>ἐληλυθέναι</strong></span> <span class='ocrx_word' id='word_1_759' title='bbox 2494 4995 2647 5062; x_wconf 75' lang='grc' dir='ltr'><strong>φασὶ,</strong></span> <span class='ocrx_word' id='word_1_760' title='bbox 2697 4995 2791 5048; x_wconf 76' lang='grc' dir='ltr'><strong>καὶ</strong></span> <span class='ocrx_word' id='word_1_761' title='bbox 2835 4995 3116 5062; x_wconf 86' lang='grc' dir='ltr'><strong>γεγονέναι</strong></span> <span class='ocrx_word' id='word_1_762' title='bbox 3149 4996 3280 5065; x_wconf 82' lang='grc' dir='ltr'><strong>παρ’</strong></span> <span class='ocrx_word' id='word_1_763' title='bbox 3319 4995 3598 5065; x_wconf 83' lang='grc' dir='ltr'><strong>Ἀντιόχῳ,</strong></span> <span class='ocrx_word' id='word_1_764' title='bbox 3637 4995 3732 5047; x_wconf 76' lang='grc' dir='ltr'><strong>καὶ</strong></span> 
     </span>
    </p>
   </div>
   <div class='ocr_carea' id='block_1_108' title="bbox 2151 5084 3731 5157">
    <p class='ocr_par' dir='ltr' id='par_1_108' title="bbox 2151 5084 3731 5157">
     <span class='ocr_line' id='line_1_109' title="bbox 2151 5084 3731 5157; baseline -0.003 -17"><span class='ocrx_word' id='word_1_765' title='bbox 2151 5086 2414 5156; x_wconf 79' lang='grc' dir='ltr'><strong>ἠξιῶσθαι</strong></span> <span class='ocrx_word' id='word_1_766' title='bbox 2440 5085 2529 5140; x_wconf 80' lang='grc' dir='ltr'><strong>ὑπ’</strong></span> <span class='ocrx_word' id='word_1_767' title='bbox 2561 5085 2727 5138; x_wconf 81' lang='grc' dir='ltr'><strong>αὑτοῦ</strong></span> <span class='ocrx_word' id='word_1_768' title='bbox 2753 5086 2892 5139; x_wconf 82' lang='grc' dir='ltr'><strong>ὥστε</strong></span> <span class='ocrx_word' id='word_1_769' title='bbox 2918 5085 3015 5157; x_wconf 76' lang='grc' dir='ltr'><strong>τὴν</strong></span> <span class='ocrx_word' id='word_1_770' title='bbox 3059 5085 3276 5139; x_wconf 74' lang='grc' dir='ltr'><strong>Ἰλιάδα</strong></span> <span class='ocrx_word' id='word_1_771' title='bbox 3310 5084 3731 5156; x_wconf 81' lang='grc' dir='ltr'><strong>διορθώσασθαι,</strong></span> 
     </span>
    </p>
   </div>
   <div class='ocr_carea' id='block_1_109' title="bbox 2151 5175 3730 5248">
    <p class='ocr_par' dir='ltr' id='par_1_109' title="bbox 2151 5175 3730 5248">
     <span class='ocr_line' id='line_1_110' title="bbox 2151 5175 3730 5248; baseline -0.003 -18"><span class='ocrx_word' id='word_1_772' title='bbox 2151 5177 2240 5230; x_wconf 78' lang='grc' dir='ltr'><strong>διὰ</strong></span> <span class='ocrx_word' id='word_1_773' title='bbox 2291 5177 2353 5229; x_wconf 80' lang='grc' dir='ltr'><strong>τὸ</strong></span> <span class='ocrx_word' id='word_1_774' title='bbox 2397 5177 2501 5229; x_wconf 82' lang='grc' dir='ltr'><strong>ὑπὸ</strong></span> <span class='ocrx_word' id='word_1_775' title='bbox 2553 5176 2764 5230; x_wconf 83' lang='grc' dir='ltr'><strong>πολλῶν</strong></span> <span class='ocrx_word' id='word_1_776' title='bbox 2789 5175 3144 5248; x_wconf 88' lang='grc' dir='ltr'><strong>λελυμάνθαι.</strong></span> <span class='ocrx_word' id='word_1_777' title='bbox 3178 5178 3241 5229; x_wconf 83' lang='lat' dir='ltr'><strong>Ol</strong></span> <span class='ocrx_word' id='word_1_778' title='bbox 3278 5175 3334 5228; x_wconf 84' lang='grc' dir='ltr'><strong>δὲ</strong></span> <span class='ocrx_word' id='word_1_779' title='bbox 3354 5175 3605 5242; x_wconf 86' lang='grc' dir='ltr'><strong>λέγοντες</strong></span> <span class='ocrx_word' id='word_1_780' title='bbox 3627 5175 3730 5226; x_wconf 87' lang='lat' dir='ltr'><strong>Nl-</strong></span> 
     </span>
    </p>
   </div>
   <div class='ocr_carea' id='block_1_110' title="bbox 2151 5267 3732 5341">
    <p class='ocr_par' dir='ltr' id='par_1_110' title="bbox 2151 5267 3732 5341">
     <span class='ocr_line' id='line_1_111' title="bbox 2151 5267 3732 5341; baseline -0.001 -21"><span class='ocrx_word' id='word_1_781' title='bbox 2151 5268 2380 5340; x_wconf 83' lang='grc' dir='ltr'><strong>κανδρον</strong></span> <span class='ocrx_word' id='word_1_782' title='bbox 2434 5268 2525 5322; x_wconf 82' lang='grc' dir='ltr'><strong>τὸν</strong></span> <span class='ocrx_word' id='word_1_783' title='bbox 2565 5268 2908 5338; x_wconf 82' lang='grc' dir='ltr'><strong>Κολοφώνιον</strong></span> <span class='ocrx_word' id='word_1_784' title='bbox 2962 5269 3100 5340; x_wconf 80' lang='grc' dir='ltr'><strong>μετὰ</strong></span> <span class='ocrx_word' id='word_1_785' title='bbox 3151 5270 3376 5341; x_wconf 84' lang='grc' dir='ltr'><strong>Ἀράτου</strong></span> <span class='ocrx_word' id='word_1_786' title='bbox 3444 5267 3732 5337; x_wconf 81' lang='grc' dir='ltr'><strong>Ἀντιγόνῳ</strong></span> 
     </span>
    </p>
   </div>
   <div class='ocr_carea' id='block_1_111' title="bbox 2153 5357 3730 5433">
    <p class='ocr_par' dir='ltr' id='par_1_111' title="bbox 2153 5357 3730 5433">
     <span class='ocr_line' id='line_1_112' title="bbox 2153 5357 3730 5433; baseline -0.002 -20"><span class='ocrx_word' id='word_1_787' title='bbox 2153 5360 2651 5433; x_wconf 87' lang='grc' dir='ltr'><strong>συγκεχρονικέναι,</strong></span> <span class='ocrx_word' id='word_1_788' title='bbox 2695 5362 2789 5414; x_wconf 73' lang='grc' dir='ltr'><strong>καὶ</strong></span> <span class='ocrx_word' id='word_1_789' title='bbox 2822 5363 3054 5432; x_wconf 86' lang='grc' dir='ltr'><strong>Ἀρατον</strong></span> <span class='ocrx_word' id='word_1_790' title='bbox 3103 5361 3178 5431; x_wconf 84' lang='grc' dir='ltr'><strong>μὴ</strong></span> <span class='ocrx_word' id='word_1_791' title='bbox 3211 5357 3348 5414; x_wconf 82' lang='grc' dir='ltr'><strong>εἶναι</strong></span> <span class='ocrx_word' id='word_1_792' title='bbox 3391 5361 3730 5429; x_wconf 78' lang='grc' dir='ltr'><strong>ἐπιστήμονα</strong></span> 
     </span>
    </p>
   </div>
   <div class='ocr_carea' id='block_1_112' title="bbox 2149 5450 3731 5525">
    <p class='ocr_par' dir='ltr' id='par_1_112' title="bbox 2149 5450 3731 5525">
     <span class='ocr_line' id='line_1_113' title="bbox 2149 5450 3731 5525; baseline -0.004 -18"><span class='ocrx_word' id='word_1_793' title='bbox 2149 5455 2258 5508; x_wconf 89' lang='grc' dir='ltr'><strong>τῶν</strong></span> <span class='ocrx_word' id='word_1_794' title='bbox 2280 5454 2567 5525; x_wconf 81' lang='grc' dir='ltr'><strong>οὐρανίων,</strong></span> <span class='ocrx_word' id='word_1_795' title='bbox 2599 5455 2735 5525; x_wconf 87' lang='grc' dir='ltr'><strong>μήτε</strong></span> <span class='ocrx_word' id='word_1_796' title='bbox 2751 5453 3049 5524; x_wconf 86' lang='grc' dir='ltr'><strong>Νίκανδρον</strong></span> <span class='ocrx_word' id='word_1_797' title='bbox 3064 5453 3173 5506; x_wconf 89' lang='grc' dir='ltr'><strong>τῶν</strong></span> <span class='ocrx_word' id='word_1_798' title='bbox 3189 5451 3447 5523; x_wconf 77' lang='grc' dir='ltr'><strong>ἰατρικῶν</strong></span> <span class='ocrx_word' id='word_1_799' title='bbox 3491 5450 3731 5520; x_wconf 88' lang='grc' dir='ltr'><strong>(λέγουσι</strong></span> 
     </span>
    </p>
   </div>
   <div class='ocr_carea' id='block_1_113' title="bbox 2149 5537 3731 5615">
    <p class='ocr_par' dir='ltr' id='par_1_113' title="bbox 2149 5537 3731 5615">
     <span class='ocr_line' id='line_1_114' title="bbox 2149 5537 3731 5615; baseline -0.003 -20"><span class='ocrx_word' id='word_1_800' title='bbox 2149 5543 2281 5615; x_wconf 78' lang='grc' dir='ltr'><strong>γὰρ,</strong></span> <span class='ocrx_word' id='word_1_801' title='bbox 2311 5544 2386 5606; x_wconf 89' lang='grc' dir='ltr'><strong>ώς</strong></span> <span class='ocrx_word' id='word_1_802' title='bbox 2417 5544 2523 5614; x_wconf 84' lang='grc' dir='ltr'><strong>ἄρα</strong></span> <span class='ocrx_word' id='word_1_803' title='bbox 2556 5545 2584 5596; x_wconf 92' lang='grc' dir='ltr'>ὁ</span> <span class='ocrx_word' id='word_1_804' title='bbox 2639 5543 2938 5612; x_wconf 84' lang='grc' dir='ltr'><strong>Ἀντίγονος</strong></span> <span class='ocrx_word' id='word_1_805' title='bbox 2993 5543 3202 5614; x_wconf 85' lang='grc' dir='ltr'><strong>Ἀράτῳ</strong></span> <span class='ocrx_word' id='word_1_806' title='bbox 3257 5541 3355 5610; x_wconf 81' lang='grc' dir='ltr'><strong>μὲν</strong></span> <span class='ocrx_word' id='word_1_807' title='bbox 3398 5541 3512 5593; x_wconf 83' lang='grc' dir='ltr'><strong>όντι</strong></span> <span class='ocrx_word' id='word_1_808' title='bbox 3563 5537 3731 5609; x_wconf 80' lang='grc' dir='ltr'><strong>ἰατρῷ</strong></span> 
     </span>
    </p>
   </div>
   <div class='ocr_carea' id='block_1_114' title="bbox 2151 5631 3731 5707">
    <p class='ocr_par' dir='ltr' id='par_1_114' title="bbox 2151 5631 3731 5707">
     <span class='ocr_line' id='line_1_115' title="bbox 2151 5631 3731 5707; baseline -0.003 -19"><span class='ocrx_word' id='word_1_809' title='bbox 2151 5635 2380 5700; x_wconf 77' lang='grc' dir='ltr'><strong>ἐπέταξε</strong></span> <span class='ocrx_word' id='word_1_810' title='bbox 2407 5635 2477 5689; x_wconf 82' lang='grc' dir='ltr'><strong>τὰ</strong></span> <span class='ocrx_word' id='word_1_811' title='bbox 2500 5637 2832 5707; x_wconf 83' lang='grc' dir='ltr'><strong>Φαινόμενα</strong></span> <span class='ocrx_word' id='word_1_812' title='bbox 2860 5635 3089 5707; x_wconf 77' lang='grc' dir='ltr'><strong>γράψαι,</strong></span> <span class='ocrx_word' id='word_1_813' title='bbox 3123 5633 3411 5704; x_wconf 82' lang='grc' dir='ltr'><strong>Νικάνδρῳ</strong></span> <span class='ocrx_word' id='word_1_814' title='bbox 3431 5631 3510 5699; x_wconf 87' lang='grc' dir='ltr'><strong>δὲ,</strong></span> <span class='ocrx_word' id='word_1_815' title='bbox 3533 5632 3731 5700; x_wconf 83' lang='grc' dir='ltr'><strong>ἀστρο-</strong></span> 
     </span>
    </p>
   </div>
   <div class='ocr_carea' id='block_1_115' title="bbox 545 5789 2458 5866">
    <p class='ocr_par' dir='ltr' id='par_1_115' title="bbox 545 5789 2458 5866">
     <span class='ocr_line' id='line_1_116' title="bbox 545 5789 2458 5866; baseline -0.004 -16"><span class='ocrx_word' id='word_1_816' title='bbox 545 5792 592 5825; x_wconf 81' lang='grc'><strong><em>³³</em></strong></span> <span class='ocrx_word' id='word_1_817' title='bbox 611 5792 735 5864; x_wconf 78' lang='lat' dir='ltr'><strong>ch.</strong></span> <span class='ocrx_word' id='word_1_818' title='bbox 773 5793 1012 5866; x_wconf 80' lang='grc' dir='ltr'><strong>Ἀθῆναι,</strong></span> <span class='ocrx_word' id='word_1_819' title='bbox 1045 5789 1119 5852; x_wconf 82' lang='grc' dir='ltr'><strong>ὧν</strong></span> <span class='ocrx_word' id='word_1_820' title='bbox 1147 5793 1434 5866; x_wconf 84' lang='grc' dir='ltr'><strong>μέμνηται.</strong></span> <span class='ocrx_word' id='word_1_821' title='bbox 1511 5795 1556 5828; x_wconf 67' lang='grc'><strong>³⁸</strong></span> <span class='ocrx_word' id='word_1_822' title='bbox 1583 5793 1622 5862; x_wconf 78' lang='lat' dir='ltr'><strong>f.</strong></span> <span class='ocrx_word' id='word_1_823' title='bbox 1651 5792 1919 5864; x_wconf 71' lang='grc' dir='ltr'><strong>ἔμμετρα.</strong></span> <span class='ocrx_word' id='word_1_824' title='bbox 1998 5790 2041 5822; x_wconf 83' lang='grc'><strong>³⁵</strong></span> <span class='ocrx_word' id='word_1_825' title='bbox 2079 5789 2241 5862; x_wconf 57' lang='grc' dir='ltr'><strong>Ῑ.-κα“ι</strong></span> <span class='ocrx_word' id='word_1_826' title='bbox 2287 5789 2458 5857; x_wconf 77' lang='grc' dir='ltr'><strong>Ἀλεξ.</strong></span> 
     </span>
    </p>
   </div>
   <div class='ocr_carea' id='block_1_116' title="bbox 4124 523 4132 714">
    <p class='ocr_par' dir='ltr' id='par_1_116' title="bbox 4124 523 4132 714">
     <span class='ocr_line' id='line_1_117' title="bbox 4124 523 4132 714; baseline 0 0"><span class='ocrx_word' id='word_1_827' title='bbox 4124 523 4132 714; x_wconf 70' lang='lat'>1</span> 
     </span>
    </p>
   </div>
  </div>
