4132 6410
381 397 517 458 M57
1785 389 1993 446 ARATI
2037 379 2227 447 VITA.
3501 379 3643 436 ηδε

376 515 519 584 λόγῳ
535 510 852 582 ὑπάρχοντι,
875 508 944 562 τά
976 506 1236 575 Θηριακὰ
1257 504 1357 560 καὶ
1383 503 1453 557 τὰ
1468 503 1953 574 Ἀλεξιφάρμακα·

2077 510 2190 561 vero
2220 503 2516 574 astrologo,
2561 501 2802 557 theriaca
2854 505 2911 556 ct
2952 497 3390 569 alexipharmaca
3422 513 3437 552 :
3475 498 3545 551 ob
3565 495 3644 550 id-

377 601 499 655 ὅθεν
533 600 627 652 καὶ
659 597 916 668 ἑκάτερον
959 595 1138 648 αὐτῶν
1177 593 1439 661 ἐσφάλθαι
1485 593 1960 647 κατολισθαὶνοντα

2077 617 2176 671 que
2209 599 2398 652 ambos
2427 597 2734 656 aberrasse,
2773 593 2840 648 ad
2889 606 2954 647 ea
2997 606 3120 662 qua:
3166 596 3323 645 erant
3355 588 3489 642 artis
3530 604 3644 643 suae

379 693 472 746 ἐπὶ
497 691 565 744 τὰ
588 691 694 744 ἴδια
724 691 821 760 τῆς
863 688 1094 759 τέχνης)
1120 727 1134 751 ,
1171 686 1478 756 ψεύδονται.
1522 684 1796 753 Ἀγνοοῦσι
1829 684 1958 755 γὰρ,

381 786 456 848 ὡς
483 784 543 837 οὐ
594 783 908 852 συνήκμασε
932 780 1010 848 τῷ
1055 779 1264 848 Ἀράτῳ
1299 776 1596 847 Νίκανδρος
1619 794 1632 806 ·
1662 776 1774 828 ἀλλ’
1814 777 1960 830 ἔστιν

384 875 546 929 αὑτοῦ
581 873 714 926 πολὺ
750 872 1031 942 νεώτερος.
1080 869 1381 938 Ἀντίγονος
1417 869 1547 941 γὰρ,
1570 863 1614 936 ᾧ
1646 868 1962 936 συνεγένετο

390 969 643 1038 ιἌρατος,
673 964 815 1019 κατὰ
843 964 934 1015 τὸν
961 961 1175 1032 πρῶτον
1205 961 1295 1014 καὶ
1320 960 1568 1031 δεύτερον
1601 960 1788 1029 γέγονε
1820 962 1961 1013 Πτο-

387 1060 638 1130 λεμαῖον·
671 1055 972 1125 Νίκανδρος
999 1054 1055 1106 δὲ
1089 1053 1231 1107 κατά
1261 1053 1351 1107 τὸν
1376 1053 1646 1123 πέμπτον.
1672 1053 1962 1124 Μέμνηται

388 1153 520 1220 γοῦν
541 1149 703 1204 αὑτοῦ
729 1151 821 1203 καὶ
837 1147 1182 1218 Καλλίμαχος
1203 1147 1278 1210 ὠς
1313 1145 1680 1217 πρεσϐυτέρου
1709 1147 1767 1197 οὐ
1806 1145 1963 1215 μόνον

391 1245 449 1297 ἐν
474 1246 585 1306 τοῖς
601 1242 1084 1312 Ἐπιγράμμασιν,
1114 1239 1247 1294 ἀλλά
1268 1241 1361 1292 καὶ
1389 1241 1446 1292 ἐν
1470 1241 1580 1300 τοῖς
1604 1238 1739 1309 πρὸς
1768 1238 1964 1309 Πραξι-

393 1336 591 1405 φάνην,
643 1334 784 1388 πάνυ
813 1331 1049 1385 ἐπαινῶν
1079 1331 1257 1397 αὑτὸν,
1285 1331 1360 1394 ὡς
1385 1329 1670 1400 πολυμαθῆ
1714 1329 1809 1382 καὶ
1839 1329 1964 1400 ἀρι-

396 1444 518 1481 στον
534 1427 782 1496 ποιητήν.
808 1425 999 1493 Γέγονε
1025 1423 1082 1475 δὲ
1106 1426 1134 1476 6
1150 1425 1383 1494 ’Ἄρατος
1413 1421 1659 1492 ζηλωτὴς
1687 1420 1926 1473 Ἡσιόδου
1945 1437 1961 1453 ·

392 1519 467 1582 ὡς
495 1518 589 1572 καὶ
635 1516 980 1587 Καλλίμαχος
1017 1514 1444 1584 παρεσημήνατο
1471 1511 1628 1565 τοῦτο
1656 1510 1743 1564 διὰ
1762 1509 1854 1564 τοῦ
1885 1513 1964 1575 εἰς

393 1609 554 1662 αὐτὸν
581 1608 997 1679 ἐπιγράμματος
1025 1605 1224 1669 οὕτως’

405 1783 675 1838 Ἠσιόδου
703 1782 753 1835 δ’
776 1782 820 1814 ³⁸
836 1780 1072 1850 ἄεισμα,
1102 1779 1203 1850 καί
1219 1783 1251 1834 ό
1274 1779 1510 1847 τρόπος,
1530 1781 1600 1832 οὐ
1628 1779 1734 1832 τὸν
1758 1777 1963 1832 ἀοιδὸν

467 1856 785 1921 Ἔσχατον.
824 1849 981 1906 au"
996 1849 1365 1921 ὀκαισώμητο
1387 1852 1822 1918 μελιχρότατον

399 1923 522 1979 Τῶν
541 1917 733 1977 siem—
761 1922 790 1975 ὃ
823 1921 1049 1986 Σολεὺς
1073 1917 1436 1988 ἀπεμάξατο.
1460 1921 1720 1986 Χαίρετε,
1744 1917 1961 1972 λεπταί.

476 1993 725 2064 Ῥήσεις,
756 1990 978 2060 ἀρήτου
999 1993 1303 2059 σύγγονος
1331 1990 1372 2021 ³⁷
1403 1990 1753 2058 ἀγρυπνίης.

399 2106 648 2178 Ἔγραψε
680 2107 737 2160 δὲ
766 2107 860 2160 καὶ⁹
890 2105 1024 2160 ἄλλα
1049 2106 1330 2175 ποιήματα
1357 2104 1484 2175 περί
1515 2122 1575 2157 τε
1613 2105 1849 2176 Ὀμήρου
1878 2105 1971 2158 καὶ

409 2199 687 2265 Ἰλιάδος,
745 2200 806 2252 οὐ
877 2198 1034 2269 μόνον
1077 2197 1145 2250 τὰ
1199 2198 1552 2266 Φαινόμενα,
1609 2197 1704 2249 καὶ
1753 2196 1970 2250 ὀστολο-

397 2293 557 2379 ᾒαν,
594 2290 970 2362 καὶιίατρικάς
1004 2290 1295 2359 δυνάμεις,
1339 2289 1431 2342 καὶ
1469 2290 1548 2352 εἰς
1585 2290 1740 2342 Πᾶνα
1784 2287 1970 2358 ὕμνον,

397 2378 494 2438 καὶ
542 2386 623 2447 είς
662 2383 842 2454 Μύριν
873 2382 965 2435 τὸν
1005 2381 1230 2450 ἀδελφὸν
1270 2380 1608 2450 ἐπικήδειον,
1657 2378 1751 2431 καὶ
1793 2378 1975 2449 διοση-

399 2477 564 2546 μείας
587 2515 601 2540 ,
637 2476 731 2530 καὶ
764 2474 1025 2528 Σκυθικὸν
1045 2513 1060 2538 ,
1094 2473 1189 2526 καὶ
1221 2472 1362 2526 κατά
1393 2472 1586 2525 λεπτὸν
1627 2471 1779 2526 ἄλλα.
1823 2473 1975 2524 Ἐπι-

401 2568 775 2639 τετευγμένως
823 2567 879 2619 δὲ
924 2565 1071 2636 αὐτῷ
1114 2566 1326 2637 ἐγράφη
1375 2565 1445 2618 τὰ
1495 2567 1859 2634 Φαινόμεναο
1901 2563 1976 2627 ὡς

405 2654 942 2726 παρευδοκιμηθῆναι
995 2653 1204 2717 πάντας
1260 2655 1351 2705 ὑπ’
1411 2653 1659 2726 Ἀράτου.
1709 2654 1819 2706 Καὶ
1868 2653 1977 2725 γάρ

401 2745 632 2812 Εὔδοξος
668 2747 697 2797 6
729 2745 941 2809 Κνίδιος
987 2745 1193 2816 ἔγραψε
1222 2745 1532 2816 (φαινόμενα
1553 2785 1567 2809 ,
1598 2746 1694 2798 καὶ
1741 2745 1920 2808 Λάσος
1949 2747 1978 2798 6

405 2838 672 2907 Μάγνηςο,
708 2835 828 2906 οὐχὶ
871 2838 898 2888 6
941 2836 1288 2908 Ἑρμιονεὺς,
1335 2835 1448 2888 ἀλλ’
1493 2835 1780 2908 ὁμώνυμος
1821 2836 1980 2901 ἄλλος

404 2929 570 2997 Λάσῳ
589 2925 667 2996 τῷ
698 2924 992 2996 Ἑρμιονεῖ·
1017 2927 1109 2979 καὶ
1133 2925 1468 2996 Ἕρμιππος,
1500 2927 1594 2980 καὶ
1627 2926 1977 2998 Ἡγησιάναξ,

408 3021 502 3072 καὶ
542 3019 930 3090 Ἀριστοφάνης
957 3022 985 3072 6
1013 3015 1327 3082 Βυζάντιος,
1362 3017 1455 3072 καὶ
1480 3017 1626 3070 ἄλλοι
1654 3017 1836 3071 πολλοί
1859 3036 1872 3048 ·
1905 3011 1982 3072 ὧν

408 3112 504 3165 καὶ
549 3110 880 3182 Πτολεμαῖος
927 3111 1197 3183 μέμνηται
1239 3112 1268 3164 6
1317 3109 1567 3182 βασιλεὺς
1599 3111 1891 3181 ἰδιοφυέσιν
1937 3113 1982 3145 ³⁸

408 3220 583 3265 ουτως
602 3220 616 3234 ο

409 3313 591 3368 Uda-0’
634 3312 990 3384 Ἡγησιάναξ
1023 3330 1089 3366 τε
1125 3314 1222 3367 καὶ
1257 3315 1585 3383 Ἕρμιππος
1617 3317 1744 3368 κατ’
1773 3316 1987 3383 αἴθρην

488 3384 706 3452 Τείρεα,
739 3384 837 3436 καὶ
860 3384 1075 3452 πολλοὶ
1105 3385 1288 3452 ταῦτα
1316 3386 1389 3435 τὰ
1416 3387 1747 3452 φαινόμενα

411 3451 653 3519 Bibi-26¢
695 3451 1078 3522 ἐγκατέθεντο
1097 3469 1111 3482 ο
1143 3451 1263 3507 ἀπὸ
1291 3453 1527 3506 σκοποῦ
1555 3451 1602 3484 ⁸⁸⁵
1633 3453 1683 3506 δ’
1710 3453 1984 3522 ἀφάμαρ-

495 3593 670 3648 Ἇλλὰ
715 3595 848 3648 τότε
893 3593 937 3626 δι
982 3593 1358 3662 λεπτολόγου
1409 3592 1689 3663 σκήπτου
1732 3524 1985 3716 ἶξῖἔὲτος

1745 3681 1913 3735 [εχει.

413 3779 524 3832 Καὶ
552 3777 700 3832 ἄλλοι
729 3779 786 3833 δὲ
817 3777 1002 3831 πολλοὶ
1028 3777 1314 3848 γεγόνασιν
1341 3777 1587 3848 Ἀρατοι,
1618 3774 1809 3846 ἄνδρες
1835 3773 1986 3826 ἐλλό-

411 3885 587 3940 γιμοι,
619 3871 1021 3942 ἱστοριογράφοι
1041 3887 1056 3903 ·
1083 3870 1271 3941 ὥσπερ
1304 3871 1333 3922 6
1356 3868 1572 3930 Κνίδιος
1592 3907 1607 3932 ,
1638 3861 1700 3921 οὗ
1730 3866 1986 3938 φέρονται

414 3962 761 4031 Αἰγυπτιακὰ
789 3963 1033 4034 ίστορικά
1067 3963 1472 4034 συγγράμματα
1497 3978 1512 3992 ⁸
1546 3961 1640 4014 καὶ
1669 3961 1852 4032 τρίτος
1877 3963 1990 4013 ἐπι-

415 4053 722 4124 σημότατος
749 4052 1072 4117 Σικυώνιος,
1108 4049 1169 4108 οὗ
1215 4055 1362 4106 ἐστιν
1398 4054 1431 4122 ἡ
1477 4051 1799 4114 ⁸ιτολύόιὸλος
1843 4053 1986 4104 ἱστο-

416 4147 531 4217 ρία,
568 4145 707 4217 ὑπὲρ
734 4145 803 4198 τὰ
827 4145 870 4198 λ’
903 4144 1082 4215 βιϐλία
1111 4144 1328 4215 ἔχουσα.
1369 4143 1480 4207 Τὰς
1519 4144 1576 4197 δὲ
1615 4144 1842 4214 Ἀράτου
1870 4145 1988 4196 ἐπι-

417 4237 629 4300 στολὰς,
648 4232 722 4291 ὧν
744 4237 999 4309 ἀνωτέρω
1015 4236 1388 4308 ἐμνήσθημεν,
1405 4235 1623 4289 πάντων
1648 4235 1830 4306 σχεδὸν
1852 4253 1915 4288 συ
1923 4252 1988 4305 μ-

417 4329 736 4399 φωνούντων
771 4330 869 4393 τάς
895 4332 974 4393 εἰς
1008 4330 1170 4382 αὑτὸν
1204 4327 1615 4399 ἀναφερομένας
1640 4325 1803 4380 αὐτοῦ
1828 4323 1985 4388 εἶναι,

418 4423 511 4476 διαὶ
538 4421 937 4492 ὁμολογούντων
966 4422 1192 4492 γνησίας
1235 4423 1435 4489 αὐτὰς,
1469 4423 1628 4494 μόνος
1671 4419 1989 4473 Ἀπολλωνί-

414 4513 510 4584 δης
530 4512 790 4583 ὁΚηφεὺς
812 4516 868 4566 ἐν
888 4513 968 4584 τῷ
990 4515 1160 4584 ὀγδόῳ
1177 4515 1313 4582 Περὶ
1329 4511 1823 4582 κατεψευσμένης
1839 4515 1990 4564 lato-

408 4575 574 4669 ρίας,
601 4575 701 4654 οὸἐς
728 4575 865 4655 εἶναι
887 4575 1056 4666 «vita;
1095 4575 1320 4673 Ἀράτου
1356 4575 1541 4675 φησίν,
1568 4575 1703 4657 ἀλλά
1732 4575 1985 4672 Σαϐιρίου
2018 4575 2063 4629 D

417 4691 709 4755 Πόλλωνος.
745 4691 851 4744 Τοῢ
894 4693 951 4746 δὲ
995 4693 1159 4747 αὐτοῦ
1202 4695 1390 4748 τούτου
1429 4693 1593 4764 φησὶν
1627 4689 1765 4747 εἷναι
1797 4695 1986 4747 ἐπινε-

413 4783 739 4854 γραμμένας
762 4784 1056 4854 Εὐριπίδου
1083 4785 1393 4848 ἐπιστολάς.

931 4896 1074 4964 Περὶ
1110 4897 1471 4967 ἐξηγήσεως.

412 5038 419 5045 -
486 5009 598 5079 Τὴν
652 5009 708 5060 δέ
750 5007 858 5062 τῶν
909 5008 1246 5078 φαινομένων
1303 5009 1560 5079 ἐξήγησιν
1618 5007 1833 5079 πρῶτον
1880 5009 1979 5079 μὲν

413 5099 656 5169 ἑστώσης
696 5100 794 5168 τῆς
837 5099 1102 5170 σφαίρας,
1150 5099 1288 5169 μετά
1327 5100 1383 5153 δὲ
1417 5099 1590 5153 ταῦτα
1638 5098 1982 5171 κινουμένης,

412 5192 704 5261 ἐποιήσατο
741 5191 994 5260 Ἀρατος.
1027 5191 1118 5243 Διὸ
1144 5191 1455 5262 συμϐέϐηκε
1480 5191 1660 5255 πάσας
1696 5192 1794 5255 τὰς
1823 5192 1983 5260 σφαί-

413 5299 515 5352 ρας
569 5283 627 5336 ἐν
684 5283 924 5355 ἁμαρτίᾳ
975 5283 1080 5336 ὑπὸ
1129 5284 1238 5338 τῶν
1295 5285 1598 5355 ζωγράφων
1651 5284 1979 5357 γράφεσθαι.

421 5374 660 5428 Ἐστῶτα
694 5376 801 5446 γὰρ
845 5377 938 5429 καὶ
990 5377 1220 5448 ἀκίνητα
1263 5379 1562 5447 γράφοντες
1609 5376 1767 5442 αὐτὰ,
1809 5377 1979 5446 σφάλ-

413 5481 560 5534 ματα
584 5464 752 5518 πολλά
782 5467 839 5518 ἐν
869 5469 936 5536 τῇ
960 5470 1170 5536 κινήσει
1193 5470 1251 5520 ἐν
1275 5471 1388 5530 τοῖς
1418 5468 1858 5522 συνανατέλλουσι
1886 5470 1979 5522 καὶ

411 5555 773 5612 ἁντιδύνουσιν
805 5558 1023 5630 ἄστροις
1051 5560 1115 5613 ⁸³.
1146 5560 1364 5613 Ποιοῦσι
1398 5559 1455 5612 δὲ
1477 5560 1572 5631 τὴν
1605 5561 1779 5632 ἀρχὴν
1810 5560 1980 5614 ἐστώ-

509 5746 554 5816 ξ’
575 5746 616 5814 f.
657 5748 783 5801 τόδ’.
839 5749 989 5816 Mox,
1058 5751 1271 5812 ἀοιδῶν.

1395 5753 1515 5836 ³⁷].
1547 5754 1806 5836 ἀρρήτου,
1865 5762 1936 5836 εξ.
1980 5753 2251 5836 gnatm.

2065 691 2307 761 propria,
2340 686 2618 756 delapsos)
2657 704 2670 739 :
2706 685 2821 738 haec
2849 682 2942 753 qui
2996 683 3207 748 dicunt,
3259 680 3371 734 falli
3400 694 3496 734 eos
3549 693 3646 732 ne-

2064 798 2219 837 cesse
2251 788 2353 836 est.
2386 779 2503 833 Non
2533 777 2676 833 enim
2702 777 2883 832 sciunt
2915 789 3038 828 cum
3069 773 3237 825 Arato
3260 786 3368 824 non
3390 770 3647 825 ﬂoruisse

1999 929 2026 954 ο
2064 874 2398 929 Nicandrum
2423 913 2438 936 ,
2472 869 2567 925 sed
2594 884 2660 922 eo
2683 865 3145 936 multojuniorem
3176 863 3452 918 exstitisse:
3477 880 3491 927 ;
3518 875 3644 914 nam

2063 967 2393 1035 Antigonus,
2421 977 2660 1034 quocum
2690 959 2792 1014 fuit
2830 958 3054 1019 Aratus,
3084 955 3262 1025 primo
3305 969 3368 1007 ac
3402 951 3646 1008 secundo

2064 1058 2358 1112 Ptolemaeo
2410 1062 2676 1125 regnante
2736 1051 2912 1115 vixit;
2955 1047 3228 1101 Nicander
3278 1045 3381 1100 sub
3433 1045 3645 1113 quinto.

2070 1152 2260 1220 Itaque
2289 1148 2661 1203 Callimachus
2687 1143 2840 1198 Arati
2873 1149 3133 1210 tanquam
3164 1137 3456 1192 anterioris
3494 1151 3649 1190 men-

2066 1242 2268 1296 tionem
2299 1239 2450 1305 facit,
2480 1253 2586 1292 non
2633 1237 2810 1291 solum
2858 1234 2913 1286 in
2966 1229 3489 1301 Epigrammatibus,
3550 1226 3645 1282 sed

2065 1331 2224 1385 etiam
2253 1331 2307 1384 in
2338 1330 2404 1384 iis
2443 1343 2565 1398 quae
2593 1328 2661 1382 ad
2707 1325 3108 1394 Praxipbanem
3149 1319 3415 1388 scripsit;
3451 1318 3545 1372 ubi
3593 1325 3650 1371 et

2066 1422 2218 1475 illum
2243 1420 2491 1490 impense
2524 1416 2822 1480 collaudat,
2850 1425 3111 1485 tanquam
3130 1412 3402 1468 eruditum
3427 1417 3481 1464 et
3507 1410 3651 1479 opti-

2065 1527 2218 1566 mum
2274 1520 2511 1582 poetam.
2559 1509 2828 1564 Caeterum
2883 1505 3178 1560 Hesiodum
3227 1502 3514 1556 mniulatus
3567 1509 3652 1555 est

2064 1602 2303 1668 Aratus;
2362 1600 2509 1672 quod
2541 1599 2911 1654 Callimachus
2957 1597 3352 1666 epigrammate
3413 1593 3650 1665 quodam

2073 1694 2131 1750 in
2157 1711 2282 1750 eum
2308 1696 2513 1764 scripto
2544 1701 2773 1748 testatus
2804 1699 2888 1746 est
2913 1690 2999 1744 his
3024 1688 3208 1744 verbis
3242 1705 3255 1740 :

2090 1798 2100 1807 ‘
2143 1788 2361 1842 Hesiodi
2391 1787 2486 1840 hoc
2511 1802 2743 1848 carmen,
2766 1794 2815 1839 et
2832 1782 3040 1846 modus,
3061 1798 3167 1835 non
3193 1793 3510 1849 poetarum;

2215 1859 2636 1912 Postremum...
2773 1891 2775 1894 ‹

2139 1929 2446 1985 Carminum
2475 1926 2709 1981 Solensis
2746 1923 3021 1992 expressit.
3071 1920 3295 1993 Salvete,
3329 1919 3549 1993 subtilia

2213 1999 2392 2063 Dicta,
2416 1996 2803 2066 inexplicabilis
2825 2009 3080 2064 germana
3110 1992 3325 2061 vigilia’.

2141 2115 2348 2170 Prmter
2386 2112 2737 2166 Phwnomena
2781 2109 3006 2178 scripsit
3040 2116 3094 2162 et
3121 2107 3228 2160 alia
3264 2110 3538 2177 poemata,
3588 2101 3657 2158 de

2075 2207 2311 2262 llomero
2367 2211 2421 2259 et
2476 2201 2681 2265 Iliade;
2735 2200 2802 2255 de
2855 2199 3098 2263 ossibus,
3152 2213 3217 2251 ac
3283 2195 3514 2250 medicis
3576 2193 3657 2247 fa-

2075 2297 2391 2360 cultatibus,
2421 2295 2682 2365 hymnum
2716 2293 2771 2346 in
2801 2291 2972 2356 Pana,
3004 2290 3310 2361 epicedium
3363 2289 3417 2342 in
3476 2286 3656 2357 Myrin

2076 2390 2324 2453 fratrem,
2368 2387 2436 2442 de
2476 2386 2745 2441 ostentis:
2775 2383 3116 2454 Scythicum,
3161 2389 3214 2436 et
3261 2382 3368 2435 alia
3409 2379 3659 2450 quaedam

2076 2481 2311 2536 minuta.
2362 2477 2419 2532 lu
2471 2477 2840 2532 Phaznomenis
2895 2490 3024 2529 vero
3069 2473 3378 2529 scribendis
3434 2469 3663 2541 potissio

2077 2589 2225 2626 mum
2251 2571 2528 2637 excelluit,
2578 2569 2713 2623 adeo
2767 2576 2828 2622 ut
2865 2577 3093 2622 caeteros
3142 2567 3300 2636 longe
3351 2571 3657 2634 superaret.

2077 2663 2212 2718 Nam
2240 2661 2498 2717 Eudoxus
2529 2675 2746 2730 quoque
2770 2659 3000 2712 Cnidius
3037 2657 3104 2711 de
3133 2657 3507 2727 phaznomenis
3532 2655 3662 2709 scri-

2078 2756 2207 2826 psit,
2245 2763 2300 2808 et
2321 2753 2495 2808 Lasus
2520 2751 2764 2822 Magnes,
2807 2766 2918 2806 non
2954 2746 3389 2808 Hermionensis,
3466 2745 3562 2800 sed
3608 2745 3658 2799 ei

2080 2846 2175 2917 qui
2204 2844 2614 2899 Hermionensis
2643 2853 2783 2908 erat,
2833 2840 3207 2912 cognominis;
3255 2853 3471 2892 necnon
3525 2836 3664 2890 lier-

2081 2939 2318 3008 mippus,
2353 2935 2715 3006 Hegesianax,
2758 2933 3154 3003 Aristophanes
3197 2930 3514 3001 Byzantius,
3548 2928 3667 2981 alii-

2083 3046 2189 3100 que
2222 3029 2566 3099 complures;
2601 3027 2670 3084 de
2691 3026 2894 3098 quibus
2927 3025 3173 3080 meminit
3205 3022 3556 3090 Ptolemaeus,
3587 3023 3664 3076 ita

2086 3119 2332 3176 scribens
2358 3137 2372 3174 :

2154 3318 2348 3373 Omnia
2385 3318 2738 3387 Hegesianax,
2766 3326 2814 3371 et
2853 3317 3172 3386 Hermippus
3205 3315 3433 3371 aetherea

2230 3391 2393 3443 Astra
2409 3399 2456 3442 et
2477 3390 2652 3456 plures
2684 3389 2794 3442 haec
2814 3389 3159 3456 phwnomena

2157 3460 2332 3516 Libris
2360 3463 2732 3514 commiserunt
2757 3474 2777 3523 ;
2803 3458 2893 3513 sed
2925 3475 2958 3510 a
2985 3473 3140 3525 scopo
3163 3456 3501 3511 aberrarunt.

2235 3592 2429 3648 Verum
2486 3590 2697 3646 subtilis
2747 3591 3018 3660 scriptoris
3068 3591 3433 3661 principatum
3465 3589 3666 3644 Aratus

3359 3658 3598 3733 [obtinet.

2154 3780 2360 3836 Praeter
2400 3781 2550 3836 hunc
2606 3779 2936 3835 exstiterunt
2981 3777 3075 3832 alii
3129 3777 3439 3848 complures
3487 3777 3666 3842 Arati,

2087 3875 2336 3930 celebres
2391 3872 2643 3929 historici
2678 3891 2690 3926 :
2724 3872 2874 3926 velut
2929 3869 3180 3936 Cnidius,
3230 3871 3390 3938 cujus
3445 3874 3665 3925 exstant

2088 3965 2538 4037 Egyptiacarum
2572 3965 2926 4020 historiarum
2973 3963 3141 4030 libri;
3172 3963 3369 4018 tertius
3407 3963 3538 4018 item
3567 3975 3670 4016 no-

2086 4059 2252 4114 minis
2283 4057 2528 4128 ejusdem
2562 4054 2873 4127 Sicyonius,
2903 4055 3064 4126 longe
3079 4054 3463 4119 clarissimus;
3495 4067 3528 4108 a
3557 4065 3669 4122 quo

2086 4151 2278 4205 multis
2308 4150 2470 4205 libris
2507 4148 2656 4204 edita
2690 4157 2775 4203 est
2793 4147 3045 4204 historia.
3087 4146 3227 4202 Sunt
3248 4147 3395 4202 enim
3431 4147 3669 4215 amplius

2088 4245 2327 4314 triginta.
2362 4242 2520 4308 Quod
2555 4242 2622 4296 ad
2647 4243 2908 4313 epistolas
2951 4241 3105 4296 Arati
3147 4246 3378 4310 spectat,
3432 4253 3667 4308 quarum

2087 4350 2250 4405 supra
2279 4336 2628 4392 meminimus
2652 4375 2665 4397 .
2695 4351 2819 4392 cum
2853 4337 2906 4388 in
2933 4334 3037 4388 hoc
3073 4332 3419 4388 consentiant
3450 4344 3664 4392 omnes,

2087 4427 2236 4482 illius
2263 4442 2356 4481 eas
2388 4442 2514 4483 esse
2541 4443 2852 4498 germanas,
2893 4440 3013 4497 quae
3037 4425 3140 4495 ipsi
3173 4424 3528 4478 tribuuntur:
3577 4436 3667 4476 so-

2091 4518 2178 4574 lus
2202 4519 2525 4589 Apollonius
2553 4518 2803 4589 Cepheus
2828 4519 2882 4572 in
2922 4526 3117 4572 octavo
3140 4515 3217 4569 De
3244 4515 3385 4585 falsa
3417 4514 3662 4577 historia,

2091 4619 2254 4680 negat
2279 4625 2372 4667 eas
2393 4611 2544 4666 Arati
2575 4626 2718 4679 esse,
2751 4611 2847 4665 sed
2879 4608 3079 4666 Sabirii
3112 4607 3373 4663 Pollonis.
3397 4606 3443 4658 A
3477 4620 3586 4675 quo
3611 4612 3667 4659 et

2091 4702 2214 4756 illas
2244 4717 2368 4757 esse
2395 4704 2630 4772 scriptas
2658 4703 2924 4772 epistolas
2972 4700 3175 4755 asserit
3219 4712 3340 4770 quae
3390 4695 3665 4767 Euripidis

2058 4871 2062 4877 Ι
2090 4794 2313 4849 nomine
2335 4794 2820 4849 circumferuntur.

2362 4905 2440 4960 De
2465 4907 2800 4961 enarratione
2828 4907 3194 4976 apparentium
3218 4904 3392 4959 Arati.

2157 5020 2555 5092 Apparentium
2606 5022 2876 5076 rationem
2937 5021 3016 5076 sic
3062 5019 3263 5074 Aratus
3293 5016 3563 5088 exposuit,
3607 5025 3667 5070 ut

2092 5112 2373 5167 immotam
2410 5114 2588 5182 primo
2617 5114 2909 5182 sphaeram,
2944 5121 3070 5182 post
3095 5111 3338 5167 eamdem
3365 5124 3484 5166 sese
3530 5123 3664 5163 con-

2093 5211 2390 5259 vertentem
2422 5205 2712 5275 aspiceret.
2752 5204 2892 5260 Hinc
2919 5212 3144 5275 apparet
3187 5203 3430 5273 splmras
3473 5216 3684 5256 omnes.

2089 5308 2120 5346 a
2151 5294 2454 5363 pictoribus
2493 5312 2602 5349 non
2634 5297 2749 5350 sine
2779 5311 2966 5350 errore
3010 5295 3180 5365 pingi.
3223 5292 3357 5347 Cum
3394 5292 3536 5347 enim
3570 5306 3664 5345 eo-

2089 5385 2213 5439 dem
2262 5387 2384 5441 loco
2437 5389 2798 5443 consistentia
2850 5398 2903 5443 et
2954 5387 3255 5458 immobilia
3311 5385 3660 5446 describant,

2088 5475 2276 5545 plures
2305 5492 2372 5532 ex
2403 5493 2470 5532 eo
2506 5494 2733 5534 necesse
2753 5487 2838 5534 est
2872 5478 2928 5532 in
2958 5476 3262 5532 orientibus
3288 5473 3452 5529 simul
3483 5482 3537 5528 et
3568 5488 3663 5528 oc-

2087 5564 2398 5623 cidentibus
2430 5567 2704 5624 sideribus
2733 5583 2950 5624 errores
2981 5565 3238 5622 incidere.
3275 5565 3436 5618 Initio
3476 5564 3662 5634 itaque

2354 5757 2398 5830 ξε
2427 5756 2510 5809 Αη
2536 5756 2728 5830 ίδὶως,
2771 5758 2863 5814 καί
2898 5775 3081 5830 φησιν.
3191 5756 3235 5788 ³9
3271 5753 3389 5810 Scr.
3419 5753 3487 5810 τά
3513 5750 3657 5808 κατ’.

411 5812 461 5846 ⁸⁸
491 5812 608 5871 Scr.
629 5812 983 5876 ἀποσκόπιοι.
1051 5825 1092 5855 ¹’¹
1120 5822 1236 5879 Scr.
1267 5822 1348 5891 τό,
1413 5812 1484 5878 ρι’
1518 5812 1812 5894 σκῆξττρον.
1889 5823 1936 5861 ’δ’
1973 5871 1977 5878 .

2077 5812 2108 5879 ὁ
2132 5826 2370 5882 nonnihil
2396 5826 2664 5884 mendosa.
