4132 6410
499 383 640 441 “59

1530 379 1622 435 AD
1658 378 1926 437 EUSEBII
1962 375 2357 434 CHRONICON
2399 375 2763 432 APPENDIX.

3622 381 3759 436 “60

498 503 568 557 ab
597 499 809 572 sphaera
839 501 1176 557 consistente
1201 499 1368 568 facto,
1395 498 1462 556 de
1486 515 1610 566 axe,
1645 479 1792 572 polo,
1826 509 1882 557 et
1913 501 1981 556 iis
2001 502 2073 558 si-

2179 517 2279 571 σης
2310 499 2409 571 τῆς
2439 499 2675 570 σφαίρας
2724 498 2854 569 περὶ
2896 495 3078 562 ἄξονος
3133 498 3228 552 καὶ
3275 499 3485 562 πόλων,
3528 501 3625 555 καὶ
3651 503 3760 556 τῶν

497 594 745 658 deribus,
791 608 912 664 qua;
949 593 1139 647 arctici
1195 593 1391 647 circuli
1447 593 1654 647 ambitu
1718 593 2072 659 clauduntur,

499 699 806 738 sermonem
827 683 1099 750 instituit;
1129 683 1439 754 cujusmodi
1472 693 1621 748 sunt,
1667 682 1841 749 Ursae,
1877 683 2073 750 Draco,

498 781 554 829 et
578 790 699 845 quae
731 775 800 828 ab
824 775 1044 845 cingulo
1074 775 1141 828 ad
1171 776 1336 846 pedes
1369 774 1573 845 Cephei
1619 777 1929 845 pertinent;
1959 783 2076 830 tum

497 862 566 918 de
610 863 678 917 iis
718 877 840 933 qua:
886 863 1151 918 arcticum
1195 866 1340 919 inter
1389 872 1445 920 et
1492 864 1779 920 zodiacum
1812 866 2076 919 collocata

495 955 766 1009 videntur.
798 954 878 1010 Ac
905 955 972 1010 de
1000 955 1068 1011 iis
1089 956 1331 1026 quidem,
1384 971 1507 1028 quae
1551 956 1694 1010 inter
1727 957 1990 1011 arcticum
2021 963 2077 1011 et
2101 937 2138 964 ⁸

496 1048 803 1113 zodiacum,
837 1055 1002 1117 atque
1031 1047 1396 1102 antarcticum
1426 1049 1534 1103 sita
1565 1055 1715 1112 sunt,
1736 1048 1812 1101 ita
1846 1047 2072 1103 scribit:

497 1161 663 1228 Atque
697 1157 809 1211 alia
839 1158 1047 1227 quidem
1080 1158 1217 1211 inter
1256 1158 1558 1228 aquilonem
1603 1168 1652 1212 et
1680 1162 1780 1212 iter
1815 1159 1942 1213 solis

497 1227 564 1280 In
595 1228 762 1282 medio
781 1229 906 1296 [usa
921 1237 1063 1292 sunt;
1087 1229 1198 1281 alia
1220 1228 1283 1281 ab
1304 1227 1545 1298 inferiori
1559 1241 1710 1298 parte
1727 1230 2006 1299 incipiunt.

495 1339 698 1396 Verum
772 1357 1094 1397 conversam
1145 1351 1337 1412 postea
1375 1343 1775 1412 contemplatus
1827 1341 2074 1397 eamdem

497 1434 785 1504 sphaeram,
817 1433 975 1504 150
1002 1443 1244 1500 ortuum,
1267 1450 1330 1490 ac
1361 1435 1526 1490 simul
1569 1435 1863 1490 orientium
1893 1443 1950 1490 et
1980 1450 2074 1489 oc-

496 1525 796 1580 cidentium
849 1527 1255 1581 enarrationem
1305 1527 1429 1581 iniit
1471 1527 1540 1582 ab
1578 1528 1789 1582 oriente
1835 1526 2069 1592 Cancro,

494 1617 831 1672 culminante
855 1616 1057 1683 Ariete,
1088 1625 1143 1673 et
1164 1619 1447 1674 occidente
1495 1617 1854 1688 Capricorno.
1900 1617 2072 1674 Orsus

496 1718 678 1763 autem
710 1709 778 1763 ab
799 1718 994 1763 exortu
1023 1709 1246 1774 Cancri,
1284 1726 1410 1764 cum
1440 1725 1616 1781 eoque
1654 1711 1817 1766 simul
1839 1711 2072 1766 orientia

494 1807 551 1854 et
580 1799 885 1855 occidentia
914 1816 982 1856 ex
1026 1800 1259 1857 adverso
1293 1801 1474 1857 sidera
1518 1803 2069 1872 persecutus,[dein-

2181 591 2335 655 ἐντὸς
2365 590 2458 645 τοῦ
2489 590 2754 662 ἀρκτικοῦ
2793 589 2990 645 κύκλου
3021 592 3237 662 ἄστρων
3281 591 3374 644 τὸν
3403 590 3559 660 λόγον
3587 597 3760 648 ποιεῖ-

2181 700 2292 736 ται.
2331 683 2489 751 Λέγω
2517 684 2574 736 δὲ
2603 684 2875 753 ΙἌρκτων,
2907 684 3000 736 καὶ
3028 683 3350 753 Δράκοντος,
3387 683 3481 736 καὶ
3517 683 3628 736 τῶν
3654 686 3761 740 ἀπὸ

2181 775 2281 846 τῆς
2309 774 2483 847 ζώνης
2520 775 2682 846 μέχρι
2713 773 2889 826 ποδῶν
2914 774 3008 827 τοῦ
3045 774 3282 845 Κηφέως
3305 791 3318 804 ·
3356 771 3474 828 εἶτα
3505 777 3762 848 περὶτῶν

2185 870 2390 943 μεταξὺ
2429 866 2524 922 τοῦ
2573 865 2832 937 ἀρκτικοῦ
2863 865 2959 919 καὶ
2987 864 3253 929 ζωδιακοῦ
3299 862 3436 920 εῖναι
3475 868 3763 939 νομιζομέ-

2181 979 2309 1018 νων.
2358 960 2521 1029 Λέγει
2561 959 2618 1012 δὲ
2668 958 2795 1028 περὶ
2826 957 2933 1010 τῶν
2968 957 3173 1026 μεταξὺ
3216 959 3311 1010 τοῦ
3353 959 3618 1030 ἀρκτικοῦ
3669 960 3762 1034 καςι

2181 1053 2468 1122 ζωδιακοῦ,
2501 1053 2597 1106 καὶ
2625 1050 2986 1122 ἀνταρκτικοῦ
3011 1049 3184 1114 οὕτως
3210 1067 3224 1081 ο

2180 1170 2290 1224 Καὶ
2316 1171 2389 1222 τὰ
2411 1168 2527 1238 μὲν
2550 1163 2666 1222 οὗν
2686 1165 2881 1233 ,βορέω
2899 1164 3011 1238 ,καί
3040 1165 3298 1238 ἀλήσιος
3321 1165 3550 1238 ᾐελίοιο

2179 1234 2510 1309 Μεσσηγσὺς
2538 1238 2783 1307 κέχυται
2802 1253 2815 1264 ·
2851 1235 2922 1289 τὰ
2953 1236 3021 1289 δὲ
3047 1237 3278 1289 νειόθεν
3306 1235 3547 1304 ἄρχεται
3575 1234 3756 1290 ἄλλα.

2179 1358 2342 1411 Κινου
2352 1355 2517 1426 μένης
2537 1354 2594 1407 δὲ
2616 1355 2716 1424 τῆς
2741 1352 2997 1424 σφαίρας,
3015 1351 3060 1382 ⁸³
3075 1349 3185 1403 τῶν
3208 1351 3501 1415 ἀνατολῶν,
3520 1351 3614 1404 καὶ
3638 1368 3760 1403 συν-

2179 1447 2573 1502 ανατελλόντων
2606 1446 2700 1499 καὶ
2723 1444 3109 1498 ἀντιδυνόντων
3140 1443 3432 1513 πεποίηται
3463 1443 3571 1495 ἀπὸ
3609 1444 3761 1514 Καρ-

2179 1541 2331 1595 κίνου
2365 1538 2768 1600 ἀνατέλλοντος,
2809 1536 2905 1589 καὶ
2945 1532 3405 1605 μεσουρανοῦντος
3433 1531 3627 1604 Κριοῦ,
3665 1534 3759 1585 καὶ

2177 1630 2460 1702 Δίγόκερω
2487 1628 2760 1690 δύνοντος.
2807 1624 3139 1696 Ἀρξάμενος
3175 1622 3356 1694 μέντοι
3393 1622 3500 1674 ἀπὸ
3545 1622 3756 1692 Καρκί-

2177 1742 2269 1778 νου
2300 1721 2700 1786 ἀνατέλλοντος,
2728 1717 2824 1772 καὶ
2851 1718 2896 1749 ’⁸⁸
2926 1715 3150 1788 προσέτι
3193 1715 3260 1768 τὰ
3301 1713 3758 1767 συνανατέλλοντα

2184 1815 2332 1886 αὐτῷ
2365 1813 2540 1885 ἄστρα
2561 1854 2576 1880 ,
2609 1811 2704 1865 καὶ
2738 1808 3081 1864 ἀντιδύνοντα
3115 1810 3172 1860 έν
3204 1809 3315 1869 τοῖς
3349 1805 3477 1876 ἑξῆς
3509 1805 3608 1857 οὐκ
3632 1805 3758 1874 ἐτή-

495 1906 624 1961 ceps
655 1891 907 1946 eumdem
939 1892 1191 1946 ordinem
1225 1906 1335 1946 non
1361 1893 1668 1955 tenuit,sed
1696 1895 1865 1951 variis
1895 1894 2073 1950 modis

2179 1883 2315 1978 ρησε
2339 1883 2544 1975 ταύτῆν
2587 1903 2686 1974 τὴν
2727 1900 2915 1965 τάξιν·
2951 1897 3088 1953 ἀλλά
3127 1897 3434 1968 διαφόρως,
3473 1895 3604 1948 ποτὲ
3658 1895 3757 1966 μὲν

494 1997 630 2038 usus
661 1991 745 2038 est
773 1990 924 2040 :‘ute
945 1983 1168 2054 regione
1186 1983 1462 2039 interdum
1486 1985 1792 2040 occidentia
1815 1987 2072 2056 primum,

494 2082 622 2146 post
652 2075 816 2129 simul
845 2075 1077 2130 orientia
1099 2075 1439 2130 describeret
1464 2092 1479 2142 ;
1510 2077 1566 2130 in
1599 2077 1722 2132 aliis
1753 2077 1871 2132 vice
1893 2093 2070 2142 versa,

494 2181 524 2219 a
552 2166 926 2221 coorientibus
971 2166 1257 2236 inciperet,
1308 2168 1486 2238 iisque
1529 2169 1870 2223 contrarium
1911 2184 2074 2224 occa-

494 2271 618 2314 sum
647 2257 904 2312 facientia
925 2257 1245 2327 subjiceret.

563 2345 672 2400 Sed
726 2347 998 2416 poeticum
1047 2347 1151 2402 hoc
1201 2362 1340 2418 opus
1389 2348 1635 2418 plerique
1682 2349 2071 2420 depravarunt,

493 2437 756 2508 pictores,
799 2439 1121 2503 astronomi,
1163 2439 1528 2508 grammatici,
1573 2449 1898 2510 geometra};
1949 2458 2074 2497 cum

493 2524 562 2579 ad
610 2541 766 2582 suam
799 2527 1034 2597 quisque
1068 2536 1306 2582 mentem
1343 2543 1408 2583 ac
1451 2530 1785 2585 voluntatem
1834 2532 2076 2604 privatas

490 2617 737 2686 picturas
764 2622 820 2672 et
852 2617 1333 2686 interpretationes
1369 2620 1637 2691 exigeret.

559 2707 922 2764 Proferuntur
969 2723 1000 2762 a
1051 2708 1332 2765 nonnullis
1375 2709 1733 2767 Phwnomena
1787 2712 1908 2768 sine
1962 2712 2076 2768 ullo

491 2801 762 2872 prommio
793 2801 850 2855 in
877 2799 1024 2855 hunc
1064 2802 1290 2855 modum
1323 2819 1338 2857 :

491 2913 593 2969 11w
619 2915 828 2986 quidem
851 2914 1190 2969 nihilominus
1226 2914 1431 2981 multa,
1466 2923 1516 2970 et
1538 2915 1668 2970 alibi
1711 2917 1836 2974 alite
1863 2921 2075 2988 posita';

489 3026 709 3098 quidam
745 3027 961 3082 diversa
989 3026 1257 3096 prooemia
1289 3025 1556 3092 referunt,
1591 3027 1744 3082 [velut
1780 3048 1795 3085 :

667 3140 746 3194 De
775 3140 884 3194 sole
911 3149 960 3193 et
991 3140 1185 3209 insigni
1214 3139 1344 3195 luna

662 3211 834 3266 Dicite
857 3211 1004 3274 mihi,
1038 3209 1222 3270 Musca.

490 3321 554 3379 lu
582 3322 706 3377 aliis
733 3320 1142 3391 exemplaribus
1167 3339 1184 3377 :

487 3437 709 3497 Anclide
733 3438 996 3510 hospitum
1029 3452 1243 3510 sacrum
1273 3453 1530 3510 germen,
1583 3455 1678 3510 age
1709 3448 1766 3494 tu
1806 3441 1935 3496 mihi

488 3511 762 3568 Caelestem
796 3509 1032 3578 attingas
1055 3507 1124 3560 ad
1151 3507 1432 3572 semitam;

664 3765 943 3834 Antigone,
972 3763 1238 3833 hospitum
1267 3777 1479 3816 sacrum
1503 3777 1734 3832 germen.

487 3879 688 3936 Verum
734 3879 881 3933 omni
929 3893 1158 3950 prorsus
1195 3890 1386 3932 carere
1423 3875 1692 3946 prooemio
1725 3889 1865 3946 opus
1897 3874 2068 3940 istud,

486 3970 806 4026 indecorum
835 3976 959 4036 est;
995 3983 1061 4023 ac
1102 3983 1226 4024 cum
1263 3965 1432 4037 hujus
1478 3975 1651 4036 poeta:
1689 3966 1971 4036 praestanti
2000 3965 2074 4018 fa-

484 4064 706 4129 cultate,
738 4073 850 4115 tum
880 4075 1012 4116 vero
1036 4059 1177 4114 tanti
1211 4058 1520 4129 argumenti
1553 4057 1839 4128 majestate
1885 4059 2071 4114 minus

483 4155 740 4224 dignum,
767 4153 850 4208 sic
889 4152 1036 4207 enim
1065 4150 1208 4205 initii
1253 4165 1318 4204 ac
1343 4149 1493 4204 velut
1521 4149 1718 4218 capitis
1747 4163 1941 4218 expers
1981 4165 2072 4206 es-

483 4255 570 4304 set
591 4247 693 4302 hoc
716 4259 930 4316 poema.
956 4244 1039 4297 Ab
1068 4242 1138 4297 iis
1169 4251 1351 4296 autem
1382 4240 1627 4296 exordiis
1665 4241 1933 4304 inchoari,
1961 4241 2071 4295 An-

485 4338 651 4403 clide',
693 4345 748 4391 et
787 4335 840 4389 id
877 4349 1051 4405 genus
1088 4331 1335 4395 caeteris,
1386 4345 1497 4384 non
1525 4345 1591 4385 eo
1627 4330 1806 4386 solum
1854 4330 2072 4385 videtur

485 4427 804 4492 absurdum,
828 4426 970 4496 quod
997 4433 1219 4496 propter
1258 4423 1590 4478 cacozeliam
1638 4422 1708 4477 ab
1737 4422 1892 4476 Arati
1927 4423 2068 4494 stylo

2172 1996 2243 2050 τὰ
2274 1994 2618 2050 ἀντιδύνοντα
2650 1991 2844 2064 πρῶτα
2873 1991 3058 2055 λέγει,
3093 1987 3317 2060 ὕστερον
3342 1988 3398 2041 δὲ
3430 1987 3496 2040 τὰ
3528 2005 3756 2040 συνανα-

2174 2088 2461 2141 τέλλοντα’
2494 2086 2588 2139 ἐπὶ
2638 2085 2697 2138 δέ
2738 2101 2898 2138 τινων
2948 2082 3251 2137 ἀνάπαλιν
3301 2079 3495 2151 πρῶτα
3543 2080 3640 2150 μὲν
3686 2079 3756 2131 τὰ

2175 2179 2654 2243 συνανατέλλοντα,
2689 2177 2914 2248 ὕστερον
2943 2175 3013 2228 τὰ
3032 2173 3396 2228 ἀντιδύνοντα.

2259 2359 2564 2432 Ἐλύμηναν
2608 2357 2666 2410 δὲ
2704 2355 2892 2409 πολλοὶ
2928 2353 3088 2408 τοῦτο
3134 2354 3194 2408 τὸ
3227 2356 3440 2426 ποίημα
3475 2352 3755 2424 ζωγράφοι

2175 2455 2270 2509 καὶ
2299 2451 2661 2525 ἀστρονόμοι,
2700 2448 2795 2502 καὶ¹
2841 2447 3219 2519 γραμματικοὶ
3245 2491 3258 2514 ,
3292 2445 3386 2500 καὶ⁸
3419 2445 3752 2516 γεωμέτραι,

2173 2547 2401 2609 ἕκαστος
2429 2542 2609 2597 αὐτῶν
2639 2540 2777 2612 πρὸς
2806 2538 2869 2592 τὸ
2902 2538 3148 2610 βούλημα
3170 2537 3232 2592 τὸ
3264 2537 3391 2593 ἴδιον
3425 2536 3640 2610 γραφὰς
3664 2536 3756 2588 καὶ

2176 2637 2464 2709 ιξηγήσεις
2496 2635 2632 2698 ἰδίας
2651 2631 2985 2700 ποιούμενοι.

2245 2730 2472 2803 Φέρεται
2503 2728 2570 2800 δὴ
2617 2727 2687 2782 τά
2723 2723 3058 2794 Φαιγόμενα
3095 2721 3200 2777 ὑπὸ
3237 2722 3336 2794 μέν
3375 2737 3538 2775 τινων
3589 2722 3756 2791 ἀπρο-

2173 2822 2434 2895 οιμίαστα
2456 2836 2472 2852 °

2181 2939 2246 2991 οι
2269 2933 2386 3006 μὲν
2410 2933 2567 3004 ὁμῶς
2590 2933 2804 3000 πολέες
2830 2950 2894 2986 τε
2913 2933 3012 2986 καὶ
3036 2928 3294 2996 ἄλλυδις
3313 2928 3491 2982 ἄλλοι
3517 2928 3720 2994 ἐόντες
3738 2945 3751 2957 ·

2177 3027 2283 3082 ὑπὸ
2307 3027 2367 3080 δέ
2388 3044 2548 3081 τινων
2573 3026 2807 3099 διάφορα
2837 3024 3120 3098 προοίμια,
3151 3025 3326 3094 ἀρχὴν
3352 3022 3543 3092 ἔχοντα
3562 3037 3576 3050 °

2329 3140 2494 3208 Ἆμςρί
2521 3157 2624 3209 μοι
2655 3139 2883 3207 ἠελίοιο
2915 3135 3307 3206 περικλειτοῒό
3331 3151 3394 3188 τε
3414 3131 3614 3203 μήνης

2326 3210 2578 3263 Ἕσπετέ
2600 3226 2725 3280 μοι,
2753 3209 2992 3263 Μοῦσαι

2175 3327 2299 3382 τινὰ
2327 3327 2384 3379 δὲ
2412 3325 2523 3378 τῶν
2555 3324 2907 3394 ἀντιγράφων
2927 3340 2940 3353 ·

2190 3437 2491 3508 Ἀγκλείδη
2517 3436 2733 3499 ξείνων
2757 3435 2921 3508 ἱερόν
2951 3433 3159 3508 θάλος,
3187 3437 3240 3489 εί
3257 3434 3310 3489 δ’
3340 3434 3447 3505 ἅτε
3468 3435 3548 3487 σύ
3569 3451 3668 3503 μοι

2172 3505 2472 3578 Οὐρανίην
2500 3508 2806 3576 ψαύσειας
2829 3505 2928 3559 ἐπὶ
2955 3506 3187 3574 τρίϐον·

2174 3624 2292 3678 ἔνια
2323 3621 2382 3675 δέ
2401 3638 2414 3652 '

2326 3735 2638 3804 Ἀντίγονε,
2667 3731 2880 3798 ξείνων
2910 3730 3071 3800 ἱερὸν
3092 3733 3297 3798 θάλος.

2173 3850 2247 3904 Τὸ
2283 3849 2382 3920 μὲν
2405 3843 2498 3902 οῦν
2533 3846 2962 3919 ἀπροοιμίαστον
2985 3844 3247 3917 φέρεσθαι
3279 3845 3338 3898 τὸ
3368 3845 3582 3916 ποίημα
3617 3864 3756 3900 παν-

2169 3941 2339 4006 τελῶς
2377 3943 2526 3994 ἐστιν
2573 3940 2819 4012 ἀπρεπὲς
2862 3939 2958 3993 καὶ
2995 3935 3214 4003 ἀνάξιον
3253 3937 3353 4008 τῆς
3391 3936 3484 3990 τοῦ
3530 3938 3758 4008 ποιητοῦ

2171 4034 2370 4106 ἀρετῆς
2419 4034 2514 4086 καὶ
2563 4032 2666 4102 τῆς
2727 4030 3060 4102 τηλικαύτης
3123 4028 3431 4092 ὑποθέσεως
3457 4046 3470 4060 ⁸
3522 4030 3762 4100 ἄναρχον

2171 4128 2279 4200 γὰρ
2323 4127 2420 4181 καὶ
2453 4125 2727 4196 ἀκέφαλον
2771 4125 2924 4180 ἔσται
2966 4123 3028 4178 τὸ
3057 4123 3268 4194 ποίημα
3289 4138 3302 4154 ο
3333 4123 3394 4176 τὸ
3433 4122 3491 4176 δὲ
3521 4122 3628 4176 ἀπὸ
3657 4123 3760 4176 τοῦ

2183 4221 2520 4293 Ἂγκλείδη,
2570 4220 2665 4274 καὶ
2711 4218 2820 4273 τῶν
2871 4219 3001 4289 ἑξῆς
3043 4217 3329 4289 ἄρχεσθαι,
3372 4219 3511 4289 πρὸς
3548 4217 3626 4287 τῷ
3663 4218 3763 4271 διὰ

2170 4315 2504 4388 κακοζηλίαν
2551 4315 2811 4384 ἐκφυγεῖν
2851 4312 3021 4366 ταῦτα
3061 4311 3133 4365 τά
3183 4310 3288 4381 ἔπη
3337 4310 3426 4364 τὸν
3465 4311 3761 4387 ,Ἀράτειον

2169 4385 2515 4480 χαρακτῆρα,
2549 4406 2627 4459 ἔτι
2659 4405 2752 4460 καὶ
2782 4403 3093 4474 ἐναντίωμα
3131 4402 3245 4474 ἔχει
3277 4403 3339 4455 τὸ
3363 4385 3568 4456 οἴεσθαι
3595 4401 3761 4455 ἑϐδο-

484 4523 574 4578 isti
603 4537 795 4577 versus
833 4521 1196 4586 abhorreant;
1232 4517 1330 4574 sed
1369 4517 1515 4572 inest
1549 4515 1604 4571 id
1648 4516 1704 4570 in
1737 4531 1804 4572 eo
1849 4493 2068 4587 quoque

2176 4503 2643 4575 μηκονταετηρίδα
2687 4497 2851 4566 εἶναι,
2883 4500 2942 4555 ὲν
2990 4493 3024 4570 ᾗ
3071 4497 3508 4552 ἀποκαθίσταται
3539 4497 3568 4548 ὁ
3598 4495 3768 4566 ἥλιος

482 4628 735 4686 pugnans
753 4655 768 4678 ,
801 4611 948 4682 quod
975 4611 1136 4666 annis
1159 4609 1502 4679 septuaginta
1538 4608 1606 4663 ad
1636 4608 1780 4662 idem
1803 4586 2066 4678 punctum

2176 4597 2278 4652 ἀπὸ
2312 4596 2539 4668 σημείου
2569 4595 2661 4648 ἐπὶ
2686 4595 2930 4664 σημεῖον.
2967 4592 3120 4664 Ἔχει
3145 4591 3254 4661 γὰρ
3286 4591 3349 4644 τὸ
3373 4589 3774 4661 κατεψευσμέ-
3822 4636 3844 4671 μ

482 4700 728 4757 revocari
756 4699 890 4754 solis
927 4696 1204 4752 curricula
1245 4695 1564 4750 credantur.
1616 4691 1749 4748 Tale
1795 4700 1881 4748 est
1920 4691 2066 4746 enim

483 4791 917 4849 commentitium
938 4787 1072 4843 illud
1099 4789 1384 4843 exordium
1405 4807 1418 4841 :

484 4907 686 4976 Septies
715 4921 835 4960 eum
863 4904 1126 4959 decenniis
1149 4902 1412 4957 conversis
1442 4900 1617 4955 annis.

483 5015 617 5072 Cum
642 5024 825 5070 tamen
846 5015 1050 5068 Aratus
1076 5011 1452 5067 novemdecim
1475 5021 1743 5063 annorum
1775 5007 1952 5078 spatio
1981 5021 2070 5062 re—

482 5107 638 5165 stitui
653 5107 822 5162 solem
839 5106 896 5161 in
913 5105 1056 5160 idem
1073 5103 1400 5176 principium
1419 5100 1654 5167 noverit,
1674 5100 1752 5154 ita
1779 5098 2030 5154 scribens
2048 5114 2066 5155 :

635 5259 650 5272 .
695 5262 708 5274 .
755 5261 770 5273 .
804 5257 818 5272 .
853 5215 981 5271 Iam
1011 5217 1151 5271 enim
1179 5214 1430 5269 celebrati
1458 5222 1582 5268 sunt

485 5259 1548 5356 ὶιόὁεῖηἱιεὲιὶηᾟὲιῖἱῖὲῷιὲἷὶἇὲἀῖἷοῐὲζ

485 5362 620 5416 Tum
651 5369 978 5431 quotcunque
1006 5357 1071 5431 ab
1105 5351 1314 5426 cingulo
1348 5362 1415 5431 ad
1462 5351 2026 5431 extremumﬂrionem

485 5432 611 5486 Nox
637 5424 842 5494 evolvit,
883 5424 932 5483 et
971 5429 1038 5482 ad
1069 5424 1253 5481 canem
1283 5426 1538 5480 audacem
1575 5424 1812 5480 Orionis.

484 5542 640 5601 Uade
684 5546 730 5600 si
771 5541 1100 5615 prooemium
1142 5538 1278 5595 illud
1320 5538 1736 5602 admiserimus,
1787 5535 1843 5591 in
1881 5549 1946 5590 eo
1975 5548 2062 5588 se-

485 5637 765 5707 ptuaginta
807 5649 1076 5689 annorum
1127 5633 1317 5688 orbem
1367 5642 1527 5703 poeta
1587 5626 2059 5685 constituerit:in

555 5793 603 5825 “
638 5791 790 5845 Deest
813 5807 996 5845 nomen
1035 5790 1229 5861 ἀρχήν.
1323 5788 1370 5822 ⁸⁵
1401 5788 1556 5843 Deest
1604 5785 1829 5855 aliquid.

2169 4706 2259 4743 νον
2295 4687 2582 4759 προοίμιον
2608 4684 2782 4748 οὕτως
2810 4701 2824 4714 ·

2175 4890 2442 4957 Ἕπταχα
2466 4887 2587 4942 σὺν
2619 4885 2900 4940 δεκάδεσι
2927 4881 3380 4953 περιπλομένων
3401 4880 3733 4937 ενιαυτῶν.

2173 5000 2282 5056 Τοῦ
2326 4999 2557 5071 Ἀράτου
2596 4995 3208 5068 ὲννεακαιδεκαετηρίδα
3234 4993 3433 5057 εἰδότος
3467 4995 3786 5050 ἀποκατα-

2175 5093 2436 5164 στατικὴν
2461 5090 2554 5144 τοῦ
2581 5090 2732 5162 ἡλίου
2759 5089 2846 5143 διά
2869 5087 3102 5142 τούτων’

2172 5253 2188 5266 .
2235 5249 2247 5260 .
2293 5248 2307 5262 .
2343 5247 2356 5260 .
2398 5246 2411 5258 .
2450 5245 2462 5258 .
2509 5246 2521 5258 .
2556 5243 2569 5257 .
2617 5205 2694 5256 Τὰ
2725 5203 2838 5272 γὰρ
2867 5197 3358 5272 συναγείρεταιγδδ
3390 5195 3507 5266 ἤδη

2183 5275 2636 5332 Ἐννεακαίδεκα
2657 5277 2853 5327 κύκλα
2880 5271 3131 5340 φαεινοῦ
3164 5271 3394 5338 ἠελίοιο
3418 5286 3430 5299 ·

2174 5351 2367 5402 Ὄσσα
2395 5349 2442 5399 τ’
2476 5345 2592 5400 ἀπὸ
2624 5343 2807 5409 ζώνης
2843 5347 2930 5408 είς
2953 5341 3218 5409 ἔσχατον
3248 5340 3491 5408 Ὠρίωνα

2170 5418 2299 5482 Νὺξ
2327 5415 2692 5481 ἐπιδινεῖται,
2729 5415 2897 5468 Κύνα
2928 5429 2991 5466 τε
3028 5410 3262 5480 θρασὺν
3296 5411 3586 5477 Ὠρίωνος.

2173 5533 2336 5585 Ὥστε
2364 5532 2412 5582 εἰ
2451 5526 2912 5600 προσδεχθείημεν
2941 5524 3003 5578 τιὸ
3036 5523 3342 5595 προοίμιον,
3378 5523 3436 5576 ἐν
3470 5521 3629 5592 αὐτῷ
3674 5529 3807 5599 μὲν

2169 5620 2770 5694 ἑϐδομηκονταετηρίδα
2802 5619 2952 5674 ἔσται
2999 5617 3176 5686 λέγων
3214 5619 3242 5668 ὁ
3284 5614 3547 5687 ποιητὴς,
3587 5617 3667 5673 ὲν
3735 5624 3808 5678 δὲ

1927 5782 1972 5814 ⁸⁵
2004 5780 2047 5848 f.
2086 5776 2446 5835 συναείδεται.
