4132 6410
367 429 498 485 ιιοι

1795 413 2004 473 ARATI
2041 404 2226 470 ἮΤΔ.

367 550 481 613 τοῖς
537 545 666 619 ἑξῆς
716 540 1360 614 ὲννεακαιδεκαετηρίδα*
1419 540 1515 594 καὶ
1558 539 1719 602 αὐτὸς
1767 533 1947 608 ἑαυτῷ

2073 528 2429 603 equentibus,
2459 540 2732 583 annorum
2768 523 3147 581 novemdecim
3180 539 3197 592 ;
3230 536 3297 579 ac
3311 522 3636 592 secumipse

368 637 808 709 ἐναντιούμενος·
853 637 989 707 ὅπερ
1050 636 1270 690 ἄτοπον.
1322 632 1578 704 Ἄμεινον
1626 625 1719 684 οὖν
1753 628 1815 682 τὸ
1857 627 1945 709 δια

368 729 476 785 τῶν
513 708 779 783 πλείστων
804 725 1152 798 ἀντιγράφων
1182 723 1480 796 φερόμενον
1512 720 1853 795 προσίεσθαι,
1884 708 1946 771 οὗ

373 822 402 894 ἢ
427 822 570 894 ἀρχή
600 837 615 851 '

379 887 482 987 ;E2i
503 887 637 1001 didi;
660 932 1017 1003 ἀρχώμεσθα
1036 948 1050 963 ’
1075 930 1183 985 τὸν
1200 887 1472 984 οὐδέποτ’
1501 925 1717 995 ἄνδρες
1736 922 1948 993 ἐῶμεν.
2002 932 2013 939 ·

380 1045 679 1119 ’Δρμόττον
705 1046 812 1117 γὰρ
847 1045 912 1099 ἂν
945 1045 1031 1116 είη
1061 1044 1155 1097 ἀπ’
1186 1043 1351 1098 αὐτοῦ
1390 1041 1489 1112 τὴν
1514 1039 1688 1112 ἀρχὴν
1724 1039 1954 1109 ποιήσα-

373 1138 496 1194 σθαι
528 1139 618 1193 τὸν
645 1140 770 1211 περὶ
797 1137 905 1192 τῶν
940 1137 1209 1209 οὐρανίων
1234 1133 1615 1207 ἐξηγούμενον.
1658 1130 1863 1202 Πρέπει
1894 1129 1953 1184 δὲ

372 1233 466 1286 καὶ
495 1234 746 1304 ποιηταῖς
781 1231 1017 1302 μάλιστα
1039 1228 1179 1300 αὕτη
1206 1231 1241 1300 η
1275 1228 1417 1300 ἀρχή
1445 1244 1458 1258 ·
1492 1226 1616 1280 ἐπεὶ
1635 1224 1730 1279 καὶ
1756 1224 1816 1276 ὲν
1841 1223 1953 1285 τοῖς

375 1324 697 1394 συμποσίοις
741 1325 891 1395 τρεῖς
925 1320 1211 1393 κρατῆρας
1254 1320 1520 1392 ἑκίρνωνυ
1564 1316 1659 1371 καὶ
1720 1314 1809 1369 τὸν
1855 1311 1954 1383 μὲν

376 1416 592 1489 πρῶτον
614 1416 735 1480 Διὸς
775 1415 1089 1487 Ὀλυμπίου,
1121 1413 1215 1467 τὸν
1242 1412 1299 1466 δὲ
1331 1411 1583 1483 δεύτερον
1615 1406 1956 1479 Διοσκούρων

377 1507 474 1561 καὶ⁵
500 1504 718 1578 ἡρώων,
745 1505 837 1561 τὸν
873 1505 931 1559 δὲ
971 1503 1155 1578 τρίτον
1193 1501 1315 1567 Διὸς
1361 1500 1630 1573 σωτῆρος.
1668 1498 1763 1552 Διὸ
1807 1498 1904 1554 καὶ
1926 1497 1958 1551 6

375 1597 670 1672 Θεόκριτος
687 1615 702 1629 θ

388 1690 486 1746 Ἐκ
530 1691 666 1759 Διὸς
713 1689 1104 1761 ἁρχώμεσθα,
1132 1687 1299 1761 φησὶ,
1346 1686 1444 1743 καὶ
1490 1687 1558 1759 ἐς
1586 1683 1959 1829 ἳῇῗοέἕέῗῗεο

2048 623 2354 696 pugnabit;
2402 619 2551 692 quod
2608 625 2696 676 est
2743 616 3069 674 absurdum.
3110 614 3297 671 Satius
3340 620 3428 671 est
3471 614 3632 684 igitur

2049 716 2268 772 initium
2296 712 2432 768 illud
2460 711 2793 773 adsciscere,
2823 709 2973 783 quod
3001 710 3059 766 in
3089 707 3495 780 exemplaribus
3524 708 3640 778 ple-

2048 807 2237 877 risque
2262 805 2526 869 cernitur,
2565 803 2824 857 nimirum
2857 821 2871 858 :

2050 921 2132 976 Ab
2160 921 2290 977 Jove
2323 921 2660 988 auspicemur
2682 933 2701 972 :
2728 933 2885 990 quem
2932 931 3204 989 nunquam
3250 915 3352 971 uiri
3394 915 3638 971 sinimus.

2051 1035 2150 1109 Est
2190 1036 2337 1092 enim
2369 1039 2799 1089 consentaneum
2848 1030 2974 1087 in‘de
3010 1031 3164 1086 illum
3210 1028 3506 1100 auspicari,
3546 1029 3641 1099 qui

2052 1130 2122 1184 de
2158 1127 2482 1183 cmlcstibus
2516 1127 2683 1182 rebus
2713 1124 2988 1195 explicare
3026 1122 3287 1179 instituit.
3329 1120 3641 1189 Quinetiam

2055 1221 2232 1293 poetis
2258 1221 2495 1275 maxime
2517 1218 2772 1274 convenit
2790 1218 2896 1271 hoc
2926 1216 3235 1272 exordium.
3258 1213 3393 1269 Nam
3419 1215 3474 1268 in
3505 1228 3644 1269 con-

2055 1314 2217 1369 viviis
2243 1321 2356 1368 tres
2383 1312 2689 1367 miscebant
2713 1317 2958 1366 crateras
2976 1329 2990 1366 :
3007 1310 3240 1379 primum
3271 1307 3423 1364 Jovis
3455 1305 3645 1379 Olym-

2056 1406 2164 1478 pii,
2216 1404 2521 1461 secundum
2564 1402 2857 1459 Castorum
2895 1410 2951 1458 et
2991 1402 3242 1467 heroum,
3285 1401 3509 1458 tertium
3546 1396 3645 1453 Jo-

2058 1503 2144 1557 vis
2179 1499 2566 1571 Sospitatoris.
2599 1495 2758 1553 Unde
2783 1496 3111 1552 Theocritus
3143 1513 3159 1550 :

2059 1677 2142 1733 Ab
2163 1676 2315 1744 Jove,
2335 1677 2536 1750 inquit,
2573 1677 2918 1749 incipiamus,
2968 1684 3020 1732 et
3065 1677 3123 1732 in
3168 1673 3646 1818 Jovemlgis‘igiia,

390 1875 450 1930 '0
475 1874 534 1929 δὲ
575 1874 807 1947 Ὀρφεὺς
832 1872 1009 1928 πάντα
1037 1873 1228 1944 καιρὸν
1258 1869 1546 1942 ἀνατίθησι
1570 1870 1675 1936 Διὶ,
1703 1869 1879 1939 λέγων
1897 1884 1914 1900 ·

2073 1861 2316 1935 Orpheus
2340 1877 2472 1918 vero
2503 1870 2722 1933 tempus
2748 1875 2912 1954 omne
2930 1857 3051 1915 Jovi
3091 1858 3287 1916 tribuit
3312 1857 3399 1913 his
3425 1857 3643 1912 verbis:

382 1990 533 2058 Ζεὺς
558 1988 748 2060 ἀρχή·
787 1989 938 2057 Ζεὺς
956 1987 1190 2058 μέσα-α’
1222 1987 1354 2055 Διὸς
1380 1986 1432 2041 δ’
1455 1987 1524 2042 ἐκ
1565 1984 1763 2129 mir-tle:
1795 1983 1962 2041 τέτυ-

1732 2073 1886 2111 xeat.

1732 2073 1886 2111 κται.

383 2153 547 2210 Ὅθεν
574 2153 881 2218 ἀκολούθως
903 2154 997 2208 καὶ
1027 2153 1106 2225 τῷ
1135 2153 1247 2209 ἔθει
1274 2152 1353 2224 τῷ
1368 2151 1582 2224 παλαιῷ
1615 2151 1710 2207 καὶ
1736 2153 1802 2223 τῇ
1835 2152 1966 2206 ὑπο-

382 2248 616 2323 κειμένῃ
642 2247 896 2302 ὑποθέσει
924 2246 1031 2302 ἀπὺ
1063 2246 1183 2310 Διὸς
1215 2244 1511 2317 πεποίηται
1544 2243 1642 2315 τὴν
1670 2243 1868 2315 ἀρχήν.

468 2415 820 2481 Ἐπικαλοῦσι
873 2425 931 2480 δὲ
966 2424 1119 2496 αὐτῷ
1156 2422 1256 2496 τὴν
1299 2442 1318 2476 ι
1359 2424 1426 2478 ὲκ
1467 2442 1488 2477 ι
1530 2423 1791 2497 πρόθεσιν
1846 2426 1970 2480 ἀντὶ

385 2518 485 2590 τῆς
523 2538 541 2570 ι
582 2518 689 2572 ἀπὸ
731 2538 749 2570 ι
794 2517 1172 2589 παρειληφότι.
1214 2517 1362 2571 Ἔδει
1401 2514 1529 2589 γὰρ,
1562 2516 1748 2586 φασὶν,
1771 2518 1968 2584 εἰπεῖν,

393 2629 413 2663 ι
435 2610 543 2664 ἀπὸ
582 2611 724 2674 Διός.
752 2629 772 2662 δ
819 2611 1098 2680 Ἀγνοοῦσι
1135 2609 1225 2674 δὲ,
1260 2611 1342 2665 ὅτι
1374 2612 1468 2665 καὶ
1517 2609 1781 2683 Πίνδαρος
1838 2628 1971 2666 κατ-

385 2705 657 2776 εχρήσατο
680 2702 759 2774 τῷ
789 2702 899 2757 ἔθει
920 2703 1116 2775 τούτῳ,
1139 2703 1314 2772 λέγων
1337 2722 1349 2734 υ
1380 2706 1550 2759 Ὅθεν
1564 2717 1675 2774 περ
1696 2705 1793 2758 καὶ
1810 2704 1975 2774 Ὁμη-

388 2793 566 2864 ρίδαι,
592 2791 841 2862 ῥαπτῶν
865 2794 1058 2849 ἐπέων
1096 2793 1169 2848 τὰ
1207 2795 1409 2848 πολλὰ
1447 2793 1657 2859 ἀοιδοὶ,
1690 2793 1974 2866 ἄρχονται

389 2888 526 2956 Διὸς
574 2888 643 2942 ὲκ
705 2888 1049 2957 προοιμίου·
1098 2887 1193 2940 καὶ
1244 2881 1524 2957 Ἀλκμάν·
1580 2885 1720 2957 Ἐγὼ
1762 2887 1832 2941 δὲ
1882 2887 1977 2943 ἀεί

390 2982 494 3037 σοι
547 2981 622 3053 (α)
649 2997 726 3050 με
764 2980 833 3034 ἐκ
873 2979 1006 3046 Διὸς
1037 2979 1360 3049 ἀρχόμενα.
1399 2977 1610 3043 Ἀλλως
1661 2978 1719 3034 δὲ
1765 2980 1862 3034 καὶ
1911 2979 1975 3034 τὺ

397 3071 538 3127 iam
573 3090 592 3124 ι
617 3069 896 3142 δύσφημόν
932 3072 1078 3124 ἐστιν
1099 3086 1113 3101 ο
1148 3070 1225 3135 ὡς
1259 3070 1314 3124 εί
1338 3088 1423 3136 τις
1447 3070 1618 3140 λέγοι,
1649 3090 1669 3124 ι
1702 3072 1923 3127 ἄποθεν.
1952 3091 1972 3125 ι

467 3332 565 3386 Δία
593 3331 652 3386 δὲ
688 3333 739 3385 οἱ
792 3331 890 3403 μὲν
934 3331 1025 3386 τὸν
1056 3330 1303 3403 οὐρανὸν,
1337 3332 1386 3385 οἱ
1420 3331 1478 3385 δὲ
1519 3332 1611 3386 τὸν
1636 3332 1808 3405 ἥλιον,
1840 3335 1889 3387 oi
1920 3333 1980 3386 δὲ

394 3424 487 3479 τὸν
522 3424 751 3497 μυθικὸν
787 3424 1117 3491 ἐξεδέξαντο.
1164 3426 1227 3478 Oi
1265 3424 1362 3495 μὲν
1394 3419 1487 3479 οὖν
1517 3425 1609 3479 τὸν
1639 3426 1867 3497 οὐρανὸν
1895 3426 1983 3480 λέο

395 3533 606 3587 γοντες,
635 3513 1026 3587 παρατίθενται
1055 3515 1148 3568 τὸν
1178 3515 1409 3587 ποιητὴν
1433 3514 1662 3585 λέγοντα
1681 3533 1695 3547 ο

408 3714 506 3781 Ὠς
532 3714 584 3768 δ’
617 3713 716 3769 ὅτε
746 3714 1016 3783 ταρφειαὶ
1055 3714 1304 3784 νιφάδες
1335 3713 1472 3779 Διὸς
1502 3713 1910 3768 ἐκποτέονταιο

398 3828 678 3882 τουτέστιν
717 3847 736 3880 ι
776 3829 837 3894 ἐξ
866 3828 1127 3900 ούρανοῐὶ⁸
1157 3848 1175 3880 ι
1209 3829 1303 3882 καὶ
1336 3829 1570 3900 ’Δρατον
1599 3828 1763 3883 αὐτὸν
1794 3830 1852 3882 ὲν
1872 3832 1985 3895 τοῖς

398 3919 526 3993 ἑξῆς
583 3920 809 3989 λέγοντα
849 3922 977 3991 περὶ
1008 3920 1104 3973 τοῦ
1140 3921 1340 3974 Ἵππου
1362 3938 1374 3949 ·
1417 3923 1515 3975 Ἐν
1543 3921 1678 3988 Διὸς
1705 3922 1983 3977 εἱλεῖται·

398 4014 429 4067 ὅ
454 4016 604 4069 ἐστιν
632 4033 649 4066 ι
684 4015 740 4066 ὲν
769 4012 848 4084 τῷ
877 4012 1111 4085 οὐρανῷ·
1141 4033 1162 4065 ι
1189 4015 1238 4067 οἱ
1263 4014 1322 4067 δὲ
1345 4012 1443 4067 Δία
1470 4013 1562 4068 τὸν
1589 4014 1789 4087 αἰθέρα
1810 4032 1988 4086 παρα-

399 4106 654 4171 λαϐόντες
689 4106 1081 4177 παρατίθενται
1107 4106 1408 4181 Εύριπίδην
1443 4106 1702 4175 λέγοντα’

412 4198 599 4270 Ὁρᾷς,
621 4200 779 4254 τόνδ’
809 4199 994 4270 ὑψοῦ,
1030 4198 1189 4252 τόνδ’
1224 4198 1474 4270 ἄπειρον
1500 4197 1726 4270 αἰθέρα,

400 4267 653 4341 Καϊγῆν
686 4269 858 4341 πέριξ
883 4270 1079 4341 ἔχονθ’
1107 4268 1316 4341 ὑγραῖς
1338 4269 1406 4321 ἐν
1425 4267 1750 4341 ’ἀγκάλαις

407 4338 628 4397 Τοῦτον
651 4338 849 4410 νόμιζε
876 4338 1043 4408 Ζῆνα
1061 4379 1075 4404 ,
1108 4339 1269 4392 τόνδ’
1299 4338 1452 4408 ἡγοῦ
1487 4341 1654 4393 Θεόν.

473 4435 585 4488 Καὶ
642 4434 773 4497 iam;
827 4433 977 4504 Ζῆνά
1007 4450 1092 4496 τις
1119 4432 1282 4487 αὑτὸν
1309 4431 1523 4504 καλοίη,
1550 4431 1641 4485 διὰ
1671 4433 1732 4487 τὸ
1764 4432 1986 4506 πυρώδη

404 4521 545 4579 εῐναι
578 4525 670 4578 τὸν
722 4524 942 4597 αίθέρα’
990 4523 1098 4578 ἀπὸ
1139 4524 1237 4595 μὲν
1270 4522 1365 4577 τοῦ
1414 4524 1712 4590 αἴθεσθαι,
1753 4524 1983 4599 αίθέραο

404 4618 514 4672 ἀπὸ
544 4617 601 4671 δὲ
630 4616 726 4670 τοῦ
755 4616 864 4687 ζῇν
889 4616 934 4649 ⁸⁸
960 4618 1055 4670 καὶ
1083 4617 1236 4687 παρὰ
1276 4616 1375 4689 τὴν
1406 4615 1676 4687 ζήτησιν,
1710 4618 1856 4688 Ζῆνα
1880 4636 1893 4650 ·
1936 4619 1985 4672 οἱ

404 4708 461 4763 δὲ
486 4710 585 4763 Δία
612 4709 703 4762 τὸν
729 4708 882 4779 ἥλιον
916 4710 1209 4781 νοήσαντες
1251 4709 1526 4778 λέγουσιν,
1562 4710 1646 4764 ὃτι
1690 4711 1785 4765 καὶ
1817 4711 1987 4782 Σοφο-

406 4801 541 4873 κλῆς
573 4802 671 4856 Δία
696 4802 787 4857 τὸν
818 4800 968 4873 ἥλιον
1003 4801 1159 4855 καλεί
1184 4801 1359 4871 λέγων
1377 4819 1392 4834 ·
1662 4787 1667 4792 ’

414 5125 428 5140 .
460 5125 474 5137 .
513 5125 526 5140 .
555 5125 569 5140 .
602 5124 618 5141 .
659 5086 911 5142 Ἠελίοιο
942 5088 1190 5156 acts/pere
1215 5088 1341 5157 ἐμέ·

403 5158 469 5209 οι
497 5158 674 5228 σοφοί
696 5160 737 5189 ’⁷
760 5161 1028 5228 ,λέγουσι
1059 5158 1358 5228 γεννητὴν
1392 5157 1561 5225 θεῶν,

407 5226 642 5295 Πατέρα
685 5226 948 5282 πάντων.

408 5318 520 5373 Καὶ
545 5319 753 5373 ἔννοιαν
790 5322 890 5393 τῆς
917 5320 1073 5393 δόξης
1107 5319 1311 5393 ταύτης
1345 5321 1509 5393 φασιν
1532 5321 1677 5394 ἔχειν
1707 5321 1800 5376 τὸν
1823 5339 1987 5394 ποιη-

407 5410 530 5482 τὴν,
556 5412 682 5466 ὅταν
710 5413 846 5486 λέγῃ
864 5431 877 5444 ·

421 5501 565 5575 Ἡχὴ
596 5504 648 5559 δ’
682 5506 1031 5577 ἀμφοτέρων
1058 5508 1203 5562 ἵκετ’
1235 5506 1442 5576 αιθέρα
1470 5505 1569 5563 καὶ
1597 5506 1732 5573 Διὸς
1763 5504 1953 5576 αὐγάς
1972 5522 1988 5537 °

410 5656 508 5709 atat
546 5656 625 5721 τὸ,

2062 1977 2274 2052 Jupiter
2300 1981 2548 2046 initium;
2578 1979 2791 2051 Jupiter
2818 1978 3047 2035 medium
3068 1997 3088 2046 ;
3115 1979 3181 2034 ab
3205 1978 3335 2123 Jovle
3372 1980 3552 2035 omnia
3574 1979 3654 2051 {a-

3323 2061 3410 2104 cla
3436 2062 3580 2106 sunt.

3323 2061 3410 2104 cla
3436 2062 3580 2106 sunt.

2065 2146 2457 2214 Quamobrem,
2512 2153 2575 2200 ut
2624 2153 2679 2201 et
2720 2153 2875 2202 vetus
2925 2143 3268 2199 consuetudo
3306 2143 3549 2207 ferebat,
3597 2144 3653 2200 'ct

2068 2240 2355 2311 proposito
2409 2247 2732 2312 argumento
2800 2239 3156 2313 congruebat,
3201 2237 3272 2292 ab
3312 2235 3449 2294 Jove
3487 2239 3654 2309 cmpit

2069 2331 2380 2388 exordium.

2145 2425 2287 2482 Sunt
2306 2426 2399 2496 qui
2424 2424 2831 2495 reprehendant
2867 2432 3108 2496 poetam,
3131 2424 3279 2497 quod
3318 2425 3658 2496 praepositio-

2073 2533 2197 2575 nem
2261 2534 2282 2572 ι
2306 2534 2371 2574 ex
2409 2536 2430 2571 ι
2465 2518 2672 2588 potius,
2726 2532 2891 2589 quam
2941 2536 2961 2570 ι
2990 2518 3060 2573 ab
3086 2536 3106 2571 ο
3153 2516 3523 2589 usurpaverit.
3565 2516 3659 2571 Di-

2074 2609 2308 2665 cendum
2371 2608 2518 2666 enim
2563 2609 2760 2675 fuerat,
2807 2608 3084 2680 inquiunt,
3146 2609 3257 2665 «ab
3292 2607 3493 2674 Jove,»
3545 2624 3656 2664 non

2081 2722 2101 2755 ι
2130 2718 2197 2759 ex
2234 2700 2389 2759 Jove.
2415 2722 2434 2756 ι
2501 2699 2605 2758 Sed
2664 2702 2919 2757 nesciunt
2965 2702 3225 2757 nimirum
3264 2701 3456 2758 eodem
3505 2716 3663 2757 more

2076 2793 2337 2864 loquendi
2369 2808 2529 2849 usum
2560 2808 2686 2849 esse
2716 2793 3103 2848 Pindarumita
3121 2794 3448 2849 scribentem
3472 2812 3486 2849 :
3511 2789 3662 2847 Unde

2078 2896 2130 2942 et
2171 2885 2500 2952 Homeridaz,
2543 2895 2883 2941 consutorum
2910 2886 3207 2941 carminum
3237 2893 3424 2955 poetae,
3464 2885 3660 2954 swpius

2079 2979 2340 3049 incipiunt
2375 2977 2524 3035 lovis
2560 2994 2626 3033 ea:
2676 2980 2950 3049 prooemio.
2979 2998 2999 3032 ι
3028 2977 3160 3034 Item
3206 2978 3469 3034 Alcman:
3499 2996 3519 3031 ι
3544 2976 3662 3049 Ego

2081 3089 2198 3129 vero
2241 3088 2446 3141 semper
2498 3070 2595 3126 tibi
2628 3088 2710 3125 me
2768 3086 2834 3125 ea:
2876 3068 3007 3125 Jove
3061 3070 3341 3140 incipiens.
3392 3070 3475 3124 Ac
3508 3068 3663 3124 vide-

2082 3172 2174 3219 tur
2200 3174 2463 3236 praeterea
2508 3164 2600 3219 illa
2639 3178 2742 3220 vox
2781 3180 2801 3214 ι
2824 3162 2894 3217 ab
2917 3181 2937 3214 ι
2973 3163 3161 3219 nescio
3189 3161 3317 3234 quid
3357 3162 3500 3217 male
3525 3161 3665 3217 omi-

2082 3266 2271 3315 natum
2294 3259 2496 3313 habere
2523 3277 2535 3312 :
2563 3260 2721 3328 quasi
2747 3258 2901 3313 dicas
2935 3275 2950 3312 :
2985 3275 3004 3308 ι
3034 3257 3228 3327 procul
3268 3256 3357 3312 ab.
3381 3275 3402 3308 ι

2152 3349 2421 3406 Caeterum
2457 3348 2645 3405 Jovem
2704 3350 2795 3403 alii
2832 3350 3031 3405 coelum
3071 3350 3521 3420 interpretantur.
3569 3347 3660 3401 alii

2081 3442 2308 3505 :ethera,
2339 3442 2434 3496 alii
2457 3442 2652 3504 solem,
2677 3442 2769 3496 alii
2817 3441 2885 3496 ad
2925 3441 3236 3496 fabulosum
3290 3442 3444 3496 illum
3474 3438 3666 3496 Jovem

2083 3535 2352 3590 referunt.
2377 3535 2481 3602 Qui
2508 3536 2707 3589 coelum
2742 3551 2865 3591 esse
2889 3535 3209 3602 defendunt,
3243 3550 3343 3606 pro
3364 3550 3423 3591 se
3451 3543 3667 3606 poetam

2083 3627 2257 3681 citant
2285 3627 2361 3681 ita
2390 3629 2702 3697 loquentem
2737 3646 2751 3684 :

2089 3717 2245 3789 151
2284 3719 2363 3773 Ac
2398 3720 2560 3774 ueluti
2588 3736 2710 3775 cum
2747 3721 2945 3777 crebra:
2974 3721 3115 3775 nives
3155 3719 3220 3774 ab
3249 3718 3379 3775 Jove
3413 3719 3668 3781 volitant;

2085 3830 2141 3884 id
2180 3839 2300 3897 est,
2349 3850 2369 3884 ι
2407 3847 2438 3888 e
2498 3832 2660 3889 coelo.
2717 3852 2737 3886 ι
2783 3832 3006 3889 Necnon
3064 3834 3358 3904 ipsummet
3406 3837 3665 3898 Aratum,

2025 3968 2030 3973 .
2084 3924 2178 3992 qui
2226 3924 2281 3977 in
2338 3926 2695 3994 sequentibus
2744 3926 2813 3982 de
2865 3926 3018 3997 Equo
3061 3927 3144 3982 sic
3191 3927 3405 3988 scribit,
3439 3925 3505 3981 In
3540 3924 3672 3980 lore

2085 4015 2346 4082 volvitur;
2373 4017 2470 4074 sed
2491 4019 2584 4089 qui
2610 4019 2680 4074 de
2704 4020 2907 4076 aethere
2924 4020 3112 4076 Jovem
3141 4021 3438 4090 accipiunt,
3474 4028 3665 4076 testem

2087 4107 2404 4180 Euripidem
2435 4111 2750 4177 adducunt,
2788 4112 2948 4181 cujus
2978 4113 3093 4167 haec
3120 4112 3288 4167 verba
3317 4119 3447 4167 sunt
3477 4131 3490 4168 :

2098 4202 2252 4268 Vides
2281 4203 2416 4258 Itum:
2442 4205 2498 4258 in
2518 4205 2737 4260 sublimi
2759 4206 3072 4259 immensum
3100 4205 3334 4268 wihera;

2090 4267 2195 4339 Qui
2223 4284 2415 4327 terram
2445 4276 2645 4328 circum
2669 4275 3160 4330 continet'lmmidis
3192 4278 3245 4329 in
3266 4267 3409 4329 ulnis
3438 4291 3458 4329 :

2089 4343 2248 4398 Hunc
2281 4353 2336 4397 tu
2363 4354 2493 4412 puta
2516 4343 2699 4399 Jovem
2728 4362 2747 4400 :
2778 4346 2914 4399 hunc
2943 4345 3206 4400 arbitrare
3232 4344 3421 4400 Deum.

2160 4436 2237 4490 Ac
2292 4437 2481 4492 nescio
2541 4451 2725 4491 annon
2782 4439 2928 4510 Ζῆνα
2984 4446 3271 4508 propterea
3332 4438 3458 4510 quis
3517 4439 3670 4496 illum

2091 4527 2314 4591 dixerit,
2343 4528 2489 4598 quod
2535 4528 2729 4599 igneus
2762 4528 2834 4584 sit
2865 4529 3058 4586 aether.
3090 4529 3299 4599 Quippe
3328 4530 3397 4585 ab
3428 4545 3494 4586 eo
3525 4532 3673 4602 quod

2093 4626 2178 4673 est
2208 4618 2478 4683 αἴθεσθαι,
2518 4619 2570 4674 id
2600 4628 2685 4675 est
2728 4619 2945 4685 ardere,
2993 4621 3309 4677 nominatus
3342 4629 3430 4678 est
3465 4622 3672 4678 mlier:

2095 4714 2164 4768 ab
2216 4729 2281 4769 eo
2321 4731 2469 4781 vero,
2511 4716 2655 4786 quod
2707 4724 2792 4771 est
2845 4714 2979 4785 ζεῖν,
3019 4731 3084 4773 ac
3125 4725 3349 4788 propter
3378 4716 3670 4782 fervorem,

2099 4810 2245 4880 Ζῆνα
2274 4810 2550 4864 dixerunt.
2582 4808 2701 4864 Jam
2731 4810 2826 4881 qui
2860 4807 3049 4865 Jovem
3084 4812 3295 4867 malunt
3323 4825 3447 4867 esse
3479 4810 3672 4873 solem.

2099 4900 2254 4954 aiunt
2279 4899 2603 4971 Sophoclem
2631 4901 2822 4956 codem
2850 4901 3117 4956 vocabulo
3147 4901 3318 4958 solem
3349 4901 3672 4972 appellasse.

2097 5009 2219 5048 cum
2252 4986 2525 5062 scripsit':

2099 5127 2115 5142 .
2155 5124 2171 5140 .
2211 5126 2224 5139 .
2267 5084 2362 5141 Sol
2394 5085 2696 5139 miserescat
2728 5084 2861 5149 mei;

2099 5155 2265 5227 Quem
2297 5158 2555 5224 sapientes
2586 5157 2737 5210 aiunt
2770 5157 3060 5227 genitorem
3085 5154 3261 5221 deum,

2098 5225 2419 5297 Patremque
2448 5229 2700 5283 omnium.

2098 5316 2269 5388 Cujus
2304 5319 2583 5389 opinionis
2629 5320 2686 5373 in
2722 5326 2958 5375 mentem
2999 5319 3218 5376 venisse
3242 5324 3418 5389 poeta
3445 5315 3673 5385 volunt;

2098 5426 2225 5465 cum
2254 5411 2329 5465 ita
2352 5410 2594 5480 loquitur
2616 5426 2632 5466 :

2100 5500 2273 5557 Sanus
2311 5501 2586 5556 amborum
2626 5502 2855 5570 pervenit
2890 5502 2944 5556 in
2978 5501 3196 5570 (ethera,
3222 5498 3679 5643 Jouislrgtzeesgifn-

3582 5607 3602 5636 ι

2102 5661 2230 5717 item
2256 5681 2268 5717 :

354 5762 369 5809 ί
481 5772 529 5804 “
553 5772 597 5843 Ῑ.
628 5772 760 5840 ξεῖν,
788 5785 839 5830 et
871 5793 995 5833 mox
1025 5778 1193 5844 ζέσιν.
1284 5779 1329 5812 ⁸⁷
1358 5781 1399 5850 Ῑ.
1428 5780 1606 5851 ἠέλιος
1639 5781 1929 5855 οίκτείρειέ
1963 5801 2049 5856 με’
2092 5783 2150 5837 ὃν
2184 5783 2233 5836 οἱ
2264 5781 2437 5852 σοφοί,
2478 5790 2577 5835 etc.
2607 5778 2756 5847 Mos,
2792 5780 2885 5834 καὶ
2917 5779 3149 5853 πατέρα.

485 5869 562 5937 (α)
616 5865 732 5922 Ἀεί
765 5869 870 5922 σοι
897 5887 994 5939 με.
1031 5871 1192 5927 Forte
1223 5872 1499 5944 ἀείσομαι.
1543 5874 1679 5930 Εοιι·

738 5963 1011 6026 ΡΑτιιοι..
1043 5965 1163 6027 Gtt.
1204 5966 1374 6028 XIX.
