4132 6410
486 389 656 444 ;Ἰίῧὸ
1505 381 1597 436 AD
1636 378 1907 437 EUSEBII
1943 375 2342 435 CHRONICUN
2379 375 2746 434 APPENDIX.
3631 379 3774 437 “5‘

513 502 728 573 Solque,
753 501 1056 571 qui.cuncta
1088 498 1252 564 vides,
1286 497 1540 567 nudisque
1564 509 1774 553 cuncta.
2121 504 2145 558 Α

2139 504 2170 558 ι
2208 496 2437 562 Ἠέλιός
2459 495 2613 563 θ’,ὃς
2633 494 2789 548 πάντ
2829 492 3070 564 ἐφορᾷς,
3105 495 3204 550 καὶ
3235 492 3411 564 ,πάντ’
3433 495 3771 568 ἐπακούεις.

511 613 809 684 Pr0pterea
849 614 994 684 quod
1034 614 1219 667 omnia
1253 611 1520 682 conspicit
1571 610 1723 666 Jovis
1772 611 1986 675 oculus,
2033 617 2087 664 et

2189 609 2340 681 Παρό
2380 611 2498 663 ἐστι
2546 609 2725 664 πάντα
2765 609 2922 673 εἰδὼς
2963 613 2992 662 ὁ
3036 609 3131 663 τοῦ
3178 611 3301 674 Διὸς
3347 610 3647 683 ὀφθαλμὸς,
3680 613 3776 668 καὶ

512 706 698 759 omnia
731 705 1034 774 cognoscit.
1062 702 1385 770 QuiJovem
1420 718 1600 756 aerem
1633 703 2084 772 interpretantur,

2189 705 2365 757 πάντα
2417 703 2572 758 νοῶν.
2621 705 2684 757 Ol
2734 703 2791 757 δὲ
2840 703 2938 756 Δία
2976 703 3068 756 τὸν
3111 703 3252 774 ἀέρα
3301 703 3653 770 ἀκούσαντες,
3679 705 3778 775 φέ-

512 799 830 852 testimonio
863 796 1058 850 comici
1086 793 1421 850 Philemonis
1465 801 1727 860 utuntur;
1775 794 1935 862 cujus
1973 794 2088 848 haec

2192 812 2343 865 ρουσι
2389 795 2597 866 μάρτυν
2649 795 2924 866 Φιλήμονα
2973 795 3065 848 τὸν
3130 797 3408 866 κωμικόν·
3447 796 3583 866 φησὶ
3632 797 3772 868 γάρ·

510 888 676 942 verba
709 893 837 942 sunt
873 905 884 939 :
919 885 1084 951 Quem
1123 903 1272 940 nemo
1307 887 1456 950 latet,
1491 902 1652 956 neque
1683 885 1894 949 bonum,
1928 900 2088 954 neque

2194 891 2297 942 Ὃν
2322 888 2465 942 οὐδὲ
2490 884 2578 954 εἷς
2595 887 2874 957 λέληθεν,
2899 888 3036 942 οὔτε
3060 889 3251 943 κακὸν
3266 889 3333 954 ⁸⁸,
3361 889 3499 944 οὔτε
3525 891 3773 946 ἐσθλόνο

511 981 712 1034 malum
745 1020 758 1033 .
804 1022 816 1034 .
859 1022 872 1034 .
909 979 991 1033 hic
1024 997 1140 1034 sum
1175 997 1267 1040 aer
1295 996 1445 1050 quem
1481 981 1664 1031 merito
1695 979 1810 1048 quis
1847 979 2086 1046 appella-

2188 975 2369 1047 οὗτός
2404 985 2520 1051 εἰμι
2546 981 2660 1052 ἐγὼ
2689 981 2826 1050 ἀὴρ,
2859 981 2931 1035 ὃν
2958 982 3035 1036 ἂν
3055 998 3148 1048 τις
3177 981 3492 1052 ὀνομάσειε
3518 983 3614 1038 καὶ
3646 985 3768 1037 Δία.

507 1076 639 1130 terit
661 1083 711 1129 et
736 1073 940 1130 Jovem.
975 1073 1112 1128 Hinc
1143 1074 1371 1127 Aratum
1405 1069 1680 1126 addidisse
1709 1072 1897 1124 volunt
1931 1091 1944 1125 :

1447 1069 1680 1126 ddidisse
1709 1072 1897 1124 volunt
1931 1091 1944 1125 :
2190 1075 2280 1126 Διὸ
2308 1074 2399 1126 καὶ
2424 1075 2516 1129 τὸν
2553 1076 2789 1145 Ἄρατον
2823 1075 3079 1143 ἐπάγειν·

690 1229 704 1243 .
749 1228 764 1241 .
813 1187 1023 1260 ,γΡιειιὶ
1054 1195 1229 1260 autem
1255 1186 1402 1240 Jovis
1431 1195 1556 1240 sunt
1582 1202 1757 1240 omnes
1789 1186 1908 1250 vici,
2265 1230 2276 1242 ,
2316 1231 2322 1244 ,

2265 1230 2276 1242 .
2316 1231 2327 1244 .
2367 1232 2380 1244 .
2419 1232 2428 1241 .
2470 1231 2484 1244 .
2517 1229 2531 1243 .
2564 1191 2789 1245 Μεσταὶ
2822 1190 2889 1243 δὲ
2926 1193 3060 1257 Διὸς
3089 1189 3277 1246 πᾶσαι
3300 1189 3416 1259 μὲν
3443 1191 3666 1260 ἀγυιαὶ,

513 1259 806 1330 Omniaque
835 1259 1103 1312 hominum
1136 1258 1276 1326 fora.

2189 1261 2386 1315 Πᾶσαι
2423 1260 2474 1313 δ’
2511 1261 2838 1330 ἀνθρώπων
2868 1263 3097 1332 ἀγοραί.

509 1375 646 1428 Nam
704 1375 760 1429 in
813 1376 1071 1430 omnibus
1131 1373 1273 1429 Jove
1331 1388 1469 1443 opus
1523 1372 1807 1426 habemus.
1878 1370 2090 1439 Quippe

2187 1371 2372 1443 Πάντη
2429 1373 2540 1444 γὰρ
2604 1373 2726 1436 Διὸς
2796 1371 3142 1443 κεχρήμεθα.
3205 1371 3461 1436 Σπῶντες
3516 1371 3628 1443 γὰρ
3683 1373 3772 1425 τδν

509 1467 828 1522 haurientes
861 1482 1040 1522 aerem
1077 1467 1433 1536 respiramus.
1471 1465 1614 1530 Quin
1641 1465 1914 1519 communi
1950 1463 2090 1517 inter

2189 1466 2326 1537 ἀέρα
2373 1465 2734 1535 ἀναπνέομεν.
2778 1464 2937 1517 Ἀλλὰ
2978 1465 3082 1535 μὴν
3116 1466 3208 1518 καὶ
3245 1468 3304 1518 ὲν
3335 1464 3412 1534 τῷ
3448 1464 3548 1535 βίῳ
3597 1465 3773 1535 φαμὲν

508 1561 758 1615 homines
799 1575 900 1614 usu
941 1560 1198 1629 loquendi
1238 1558 1495 1622 dicimus,
1534 1577 1552 1610 ι
1592 1557 1782 1626 pluere
1801 1554 2027 1621 Jovem;
2064 1573 2082 1605 ι

2196 1577 2214 1609 ι
2252 1557 2343 1612 τὸν
2364 1558 2462 1609 Διὰ
2490 1555 2604 1608 ὕειν
2628 1574 2639 1586 ·
2683 1575 2701 1606 ι
2738 1557 2831 1608 καὶ
2869 1576 2884 1606 ι
2913 1556 3238 1625 Διοσημείας
3277 1575 3296 1608 ι
3325 1550 3597 1624 καλοῦμεν
3621 1571 3635 1585 ’
3681 1555 3773 1606 καὶ

507 1651 639 1705 item
691 1649 1037 1720 Διοσημεεας,
1078 1647 1233 1718 quasi
1269 1645 1477 1702 «.Jovis
1511 1654 1750 1707 ostenta,
1789 1665 1806 1696 ι
1843 1644 2090 1697 nomina-

2197 1667 2214 1699 ι
2251 1646 2702 1718 Νεφεληγερέτην
2725 1665 2742 1697 ι
2793 1647 2945 1716 παρὰ
2989 1649 3100 1709 τοῖς
3135 1649 3384 1717 ποιηταῖς
3424 1647 3768 1717 εὑρίσκομεν.

509 1757 670 1807 mus;
723 1749 778 1795 et
834 1759 852 1790 ι
893 1740 1280 1810 Nubicogums
1332 1739 1474 1808 apud
1529 1747 1718 1807 poetas
1759 1735 2086 1788 invenimus.

2193 1738 2375 1792 Ταῦτα
2402 1740 2459 1792 δὲ
2493 1740 2587 1791 καὶ
2631 1739 2701 1790 τὰ
2753 1737 2979 1790 τοιαῦτα.
3024 1741 3202 1794 πάντα
3250 1743 3307 1792 ὲν
3354 1738 3431 1809 τῷ
3462 1739 3604 1810 ἀέρι.
3625 1740 3688 1793 υἱ
3716 1737 3771 1790 δὲ

501 1833 641 1900 Quae
670 1834 872 1898 omnia,
907 1841 960 1888 et
1001 1834 1198 1887 horum
1246 1831 1446 1888 similia
1492 1831 1546 1884 in
1586 1843 1710 1883 aere
1741 1826 2083 1896 contingunt.
2119 1865 2133 1919 1

2139 1866 2160 1919 3
2191 1831 2289 1884 Δία
2319 1831 2410 1883 τὸν
2446 1830 2673 1901 μυθικὸν
2701 1831 2793 1883 τὸν
2823 1831 3028 1900 Κρόνου
3059 1832 3223 1886 παῖδα
3255 1832 3485 1885 νοοῦσιν.
3517 1833 3686 1902 .Ἡμῖν
3713 1832 3771 1884 δὲ

506 1925 611 1978 Alii
657 1923 846 1979 Jovem
902 1924 1055 1977 illum
1108 1938 1140 1978 e
1185 1921 1382 1977 fabulis
1428 1918 1669 1974 Saturno
1713 1917 1957 1988 genitura
2005 1918 2089 1970 in—
2120 1917 2138 1919 “

2135 1917 2146 1919 -
2191 1923 2336 1976 δοκεῖ
2368 1923 2570 1995 τριχῶς
2602 1924 2705 1976 ὑπὸ
2730 1924 2823 1975 τοῦ
2870 1924 3097 1995 Ἀράτου
3121 1925 3210 1978 τὸν
3235 1924 3332 1977 Δία
3368 1923 3767 1996 προφέρεσθαι·

508 2018 781 2086 telligunt.
817 2014 930 2071 Nos
976 2013 1246 2068 trifariam
1298 2015 1366 2067 ab
1414 2013 1584 2066 Arato
1630 2011 1862 2082 proferri
1900 2008 2085 2065 Jovem

1416 2013 1584 2066 Arato
1630 2011 1862 2082 proferri
1900 2008 2085 2065 Jovem
2193 2016 2437 2088 μυθικῶς
2469 2017 2589 2087 μὲν,
2621 2017 2696 2081 ὡς
2730 2017 2857 2069 ὅταν
2887 2016 3048 2090 λέγῃ.

502 2109 842 2162 arbitramur
867 2107 1150 2177 :..primutn
1189 2105 1460 2169 fabulose,
1489 2111 1548 2158 ut
1581 2119 1705 2158 cum
1729 2104 1803 2157 ait
1821 2122 1841 2156 .:

689 2265 703 2278 .
737 2219 918 2276 ....Si.
937 2236 1116 2273 revera
1153 2228 1290 2272 certe
1663 2286 1668 2287 γ
2262 2257 2278 2274 .
2313 2258 2321 2275 .

1663 2286 1668 2287 ί
2262 2219 2957 2287 ......Εὶέτεὸνδὴ

507 2291 557 2347 Ε
583 2291 742 2348 Creta
769 2293 878 2345 illae
908 2291 1085 2360 utique
1113 2289 1258 2343 Jouis
1287 2289 1465 2358 magni
1500 2286 1721 2341 consilio
1738 2302 1762 2352 ;

2185 2257 2496 2359 Κροήτῆθὲνί
2525 2257 2980 2360 éaiéaTg'A‘Zé}
3011 2287 3279 2358 μεγάλου
3310 2291 3517 2358 ἰότητι·

506 2409 633 2464 licet
665 2407 808 2463 enim
855 2413 1021 2461 et-ex
1065 2420 1250 2461 rerum
1302 2412 1520 2468 natura,
1550 2410 1604 2456 et
1651 2417 1719 2456 ex
1775 2400 2083 2455 fabularum

2180 2401 2433 2472 ἔστιγὰρ
2462 2404 2554 2458 καὶ
2580 2402 2826 2473 φυσικῶς
2877 2405 2972 2458 καὶ
3024 2401 3270 2474 μυθικῶς
3313 2403 3680 2476 ἐξηγήσασθαι
3705 2403 3767 2456 τὸ

505 2497 833 2552 commentis
861 2510 1122 2551 enarrare
1155 2494 1483 2564 prooemium
1505 2509 1520 2558 ;
1545 2492 1661 2561 jam
1694 2491 1827 2546 illud
1861 2510 1872 2544 :

1084 2511 1122 2551 'e
1155 2494 1483 2564 prooemium
1505 2509 1520 2558 ;
1545 2492 1661 2561 jam
1694 2491 1827 2546 illud
1861 2510 1872 2544 :
2188 2503 2475 2574 προοίμιον
2500 2518 2514 2532 .
2548 2499 2610 2554 τὸ
2641 2500 2716 2564 δὲ,

498 2610 578 2664 -Ut
603 2618 778 2664 autem
799 2607 1141 2662 cum’crebrce
1171 2607 1312 2661 nives
1341 2620 1406 2659 ea:
1427 2603 1556 2660 Jove
1587 2603 1830 2666 volitant,

2192 2617 2294 2682 Ὦς
2321 2616 2374 2668 δ’
2408 2615 2507 2669 ὅτε
2534 2613 2802 2683 ταρφειαὶ
2844 2611 3094 2681 νιφάδες
3129 2611 3262 2677 Διὸς
3289 2609 3695 2672 ἐκποτέονται,

505 2720 886 2792 sicaccipere,
917 2719 1076 2788 quasi
1116 2717 1258 2772 idem
1292 2717 1364 2771 sit
1397 2724 1558 2787 atque
1593 2735 1610 2766 ι
1653 2730 1683 2769 e
1709 2717 1848 2768 cmlo
1869 2753 1883 2778 ,
1919 2734 1938 2766 ι
1988 2729 2081 2784 pe-

2186 2729 2246 2794 ὲξ
2281 2727 2510 2801 οὐρανοῦ
2543 2729 2760 2799 νοῆσαι,
2809 2728 2930 2782 ὅλον
2962 2729 3079 2781 ἐστὶ
3106 2727 3350 2797 πλάσμα.
3379 2728 3626 2797 ’Όμηρος
3658 2724 3767 2794 γὰρ

502 2817 655 2867 nitus
707 2821 794 2868 est
843 2814 1161 2867 conlictum.
1197 2809 1476 2880 Siquidem
1520 2807 1786 2863 Homerus
1825 2808 2080 2862 imbrium

2180 2819 2288 2877 οἵδε
2323 2824 2414 2876 τὸν
2440 2825 2537 2876 Δία
2576 2823 2798 2894 ὄμϐρων
2830 2822 3138 2893 παραίτιον.
3161 2821 3273 2874 Καὶ
3306 2820 3469 2874 πάλιν
3504 2820 3585 2884 τὸ,
3614 2839 3633 2870 ι
3665 2818 3768 2873 Ἐν

505 2914 784 2960 auctorem
822 2905 952 2959 facit
973 2903 1196 2958 "Jovem.
1223 2900 1329 2957 Sic
1351 2900 1484 2955 illud
1519 2916 1738 2970 quoque
1770 2920 1782 2955 :
1824 2919 1842 2951 ι
1882 2899 1946 2953 In
1977 2899 2077 2954 Jo-

2181 2914 2315 2980 Διὸς
2354 2915 2622 2978 εἱλεῖται,
2689 2915 2951 2978 ὡσαύτως
3002 2913 3336 2985 παραλαϐεῖν
3391 2912 3634 2982 ἀνόητον.
3689 2908 3765 2962 Οὐ

504 2999 580 3052 vis
629 2996 885 3061 volvitur;
945 2995 1134 3050 eodem
1193 2995 1538 3064 interpretari
1581 3009 1765 3056 sensu,
1821 2993 2076 3047 stolidum

2179 3006 2288 3080 γὰρ
2313 3003 2484 3069 εἶπεν,
2517 3027 2535 3059 ι
2559 3009 2648 3060 Ἐν
2686 3009 2820 3070 Διί,›
2851 3007 2991 3069 ἀλλ’,
3022 3008 3110 3060 Ἑν
3138 3005 3214 3076 τῷ
3252 3005 3346 3059 τοῦ
3389 3005 3511 3068 Διὸς
3543 3002 3765 3074 κλίματι

501 3096 609 3145 est.
637 3087 756 3143 Non
783 3090 927 3144 enim
972 3088 1197 3160 scripsit
1227 3106 1241 3141 :
1276 3105 1295 3138 ι
1329 3085 1387 3140 in
1409 3084 1562 3148 Jove,
1601 3105 1618 3136 ι
1663 3083 1758 3140 sed
1793 3105 1805 3138 :
1837 3084 1897 3138 In
1927 3082 2077 3138 Jovis

2179 3099 2211 3170 ἢ
2245 3099 2562 3170 οἰκητηρίῳ,
2592 3099 2806 3171 οὖρανῷ
2838 3099 2978 3152 κατὰ
3004 3096 3324 3170 παράλειψιν
3343 3114 3356 3128 ο
3392 3095 3469 3159 ὡς
3499 3114 3518 3148 ι
3551 3097 3608 3148 ὲν
3637 3110 3764 3147 παι-

502 3190 681 3237 tractu
736 3181 822 3236 vel
862 3180 1176 3247 domicilio;
1222 3179 1480 3234 nimirum
1527 3179 1584 3233 in
1619 3179 1779 3241 coelo,
1807 3192 1902 3246 per
1943 3177 2077 3231 sub-
2109 3202 2134 3260 ί

1440 3195 1480 3232 [η
1527 3179 1584 3233 in
1619 3179 1779 3241 οοειοο
1807 3192 1902 3246 Per
1943 3177 2077 3231 5‘11"
2109 3202 2152 3260 ο
2184 3190 2452 3262 δοτρίσου,
2491 3212 2509 3244 ›
2537 3192 2571 3262 ἢ
2615 3209 2633 3243 ι
2672 3191 3007 3263 κιθαριστοῦ.
3055 3211 3072 3243 ι

503 3273 874 3338 auditionem;
912 3269 1370 3342 quemadmodum
1418 3269 1676 3335 dicimus,
1739 3287 1758 3320 ι
1796 3268 1937 3339 apud
1969 3283 2083 3334 pae-

497 3364 754 3429 dotribae,
796 3382 814 3416 ι
849 3364 934 3418 vel
968 3381 986 3414 ι
1027 3363 1283 3418 tidicinis.
1323 3379 1342 3412 ι

576 3454 875 3525 Aptissime
899 3469 1066 3524 porro
1098 3453 1165 3508 ab
1193 3451 1324 3508 Jove
1359 3466 1523 3507 orsus
1552 3457 1660 3514 est,
1688 3450 1836 3504 velut
1866 3449 2082 3519 opifice,

2255 3452 2576 3506 Οὶκειότατα
2608 3451 2664 3504 δὲ
2703 3454 2813 3506 ἀπὸ
2856 3454 2978 3518 Διὸς
3017 3453 3238 3524 ἤρξατο,
3269 3452 3344 3516 ὡς
3380 3449 3628 3521 ποιητοῦ,
3668 3447 3764 3504 καὶ

503 3562 568 3601 ac
607 3560 788 3601 rerum
819 3544 1066 3600 omnium
1103 3541 1649 3606 domino.-Quocirca
1674 3548 1869 3594 caetera
1900 3554 2086 3609 prom-

2183 3541 2292 3593 τῶν
2316 3542 2451 3596 ὅλων
2481 3543 2759 3598 δεσπότου.
2790 3546 2950 3597 ’Ὠστε
2975 3543 3043 3598 τὰ
3075 3544 3236 3597 λοιπὰ
3268 3542 3525 3614 προοίμια
3559 3556 3764 3613 παραι-

504 3638 614 3690 mia
662 3636 1001 3707 repudianda
1060 3643 1209 3691 sunt.
1269 3634 1478 3689 Etenim
1549 3631 1849 3696 Hesiodus,
1921 3647 2084 3701 quem

2183 3631 2393 3702 τητέον.
2432 3634 2543 3685 Καὶ
2572 3634 2681 3705 γὰρ
2723 3636 2983 3699 Ἡσίοδος,
3015 3631 3075 3691 οὗ
3109 3636 3342 3706 μάλιστα
3382 3634 3627 3706 ζηλωτὴν
3667 3633 3763 3689 τὸν

495 3743 673 3781 «illum
695 3744 759 3782 ex
789 3728 1044 3783 omnibus
1075 3728 1388 3782 aemulatur-1
1425 3727 1660 3780 maxime
1693 3741 1815 3781 esse
1845 3725 2083 3780 dicimus

1887 3725 2083 3780 icimus
2189 3723 2423 3794 ’Ἄρατόν
2451 3741 2632 3794 φαμεν
2669 3727 2974 3794 γεγονέναι,
3004 3728 3112 3781 ἀπὸ
3139 3729 3260 3791 Διὸς
3292 3727 3514 3800 ἤρξατο.

505 3822 734 3873 Aratum
756 3859 771 3882 ,
805 3820 875 3874 ab
899 3817 1032 3874 Jove
1059 3823 1243 3889 ccepit.

575 3906 753 3963 Fuere
789 3909 882 3979 qui
931 3917 1150 3978 poetam
1196 3909 1553 3978 castigarem,
1586 3909 1730 3980 quod
1783 3910 2014 3964 litteram
2052 3927 2084 3962 σ

2266 3905 2585 3976 ᾝτιάσαντο
2608 3904 2664 3957 δέ
2691 3923 2863 3969 τινες,
2887 3907 2967 3958 ὅτι
2991 3905 3235 3974 ἔγκειται
3262 3906 3324 3958 τὸ
3354 3921 3398 3960 σ
3422 3906 3500 3978 τῷ
3530 3926 3548 3958 ι
3582 3905 3761 3981 ἀρχώ-

496 4000 1090 4055 inserueritvocabulo
1116 3999 1470 4071 ἀρχώμεσθα.
1507 4002 1614 4058 Sed
1641 4002 1771 4056 huic
1795 4002 1971 4057 simile
1996 4009 2081 4056 est

2188 3995 2378 4066 μεσθα.
2423 4015 2442 4047 ι
2482 3998 2705 4066 Ὅμοιον
2743 3997 2799 4050 δέ
2827 3999 2942 4051 ἐστι
2977 3998 3055 4068 τῷ
3085 3998 3237 4070 παρὰ
3264 3997 3341 4069 τῷ
3368 4001 3566 4071 ποιητῇ
3604 4017 3624 4050 ι
3659 4017 3758 4070 χα-

505 4090 650 4161 apud
678 4100 891 4161 poetam
919 4089 1268 4161 χαζώμεσθα.
1297 4089 1437 4144 Tum
1468 4107 1621 4156 vero,
2122 4127 2128 4132 -

1047 4089 1268 4160 ὒμεσοα.
1297 4089 1437 4144 Tum
1468 4107 1621 4156 vero,
2122 4127 2128 4132 -
2184 4087 2460 4157 ζὼμεσθα.
2495 4107 2513 4139 ι
2548 4089 2679 4153 Καὶ,

575 4205 772 4262 Tecum
809 4219 987 4258 omnes
1017 4211 1304 4267 certamus,
2181 4204 2207 4255 λ

2181 4201 2283 4255 Σοὶ
2311 4201 2533 4268 πάντες
2555 4205 2910 4274 μαχόμεσθα
2928 4246 2942 4270 ,

501 4321 660 4385 dixit,
691 4327 950 4390 tanquam
974 4317 1283 4373 communia
1319 4315 1576 4372 omnibus
1604 4316 1829 4383 dicens;
1855 4329 1985 4378 non,
2021 4324 2080 4369 ut

2179 4310 2236 4364 δὲ
2268 4311 2440 4376 εἶπεν,
2467 4311 2542 4376 ὡς
2571 4313 2725 4366 κοινὰ
2759 4315 2892 4366 πᾶσι
2915 4315 3170 4385 γράφων*
3205 4315 3326 4386 οὐχ,
3362 4315 3438 4379 ὡς
3483 4313 3755 4369 Ἀπολλὼ-

499 4412 790 4484 Apollonio
823 4411 998 4466 visum
1038 4418 1142 4478 est,
1171 4425 1236 4466 ex
1269 4409 1491 4481 propria
1536 4409 1917 4464 tantummodo
1941 4425 2079 4480 per-

1475 4425 1491 4464 ι
1536 4409 1917 4464 tantummodo
1941 4425 2079 4480 ,ρετ-
2181 4421 2312 4468 νιος,
2343 4404 2401 4468 ἐξ
2437 4405 2566 4458 ἰδίου
2599 4405 2760 4476 μόνου
2790 4406 3107 4475 προσώπου.

495 4519 658 4560 80112.
2103 4536 2154 4591 D

561 4639 740 4696 'Orsus
766 4656 799 4692 α
830 4647 897 4703 te,
931 4637 1145 4702 'Phaebe,
1180 4652 1330 4707 quem
1347 4652 1685 4708 nunquam...

2267 4626 2614 4696 Ἀρχόμενος
2653 4629 2782 4693 σέο,
2815 4630 3007 4696 Φοῖϐε,
3037 4631 3145 4686 τὸν
3169 4632 3545 4686 οὐδέποτε....

567 4751 842 4805 "Articulus
872 4748 1251 4820 prmpositivus
1275 4763 1372 4818 pro
1398 4747 1746 4818 subjunctivo
1784 4746 1865 4810 ὃν,
1900 4745 1967 4800 ad
1996 4746 2074 4800 vi-

2255 4737 2492 4809 ’Δρθρον
2529 4742 2895 4810 προτακτικὸν
2923 4744 3045 4797 ἀντὶ
3079 4742 3445 4798 ὑποτακτικοῦ
3469 4763 3487 4795 ι
3515 4744 3595 4810 ὃν,
3625 4763 3642 4796 ι
3666 4745 3755 4800 διὰ

490 4839 717 4895 tandam
766 4838 1122 4893 collisioncm.
1176 4837 1390 4910 Ἀνδρός
1413 4838 1699 4900 vocabulo,
1740 4837 1792 4890 id
1825 4845 1908 4892 est
1951 4837 2069 4902 viri,

2177 4827 2267 4880 τὸν
2312 4831 2713 4900 συγκρουσμόν.
2767 4851 2786 4885 ι
2830 4833 3047 4905 ’Λνδρὸς
3089 4854 3107 4887 ι
3147 4835 3204 4888 δὲ
3246 4835 3408 4889 ἱδικὸν
3439 4837 3561 4890 ἀντὶ¹
3608 4855 3755 4906 γενι-

493 4931 642 5003 quod
677 4928 1001 5001 particulare
1033 4936 1139 4993 est,
1185 4945 1284 4999 pro
1309 4929 1570 5000 generali,
1595 4928 1844 4991 hominis,
1869 4926 1946 4981 uti
1973 4942 2068 4980 vo-

1759 4928 1844 4991 ιὶδ,
1869 4926 1946 4981 uti
1973 4942 2068 4980 vo.
2177 4918 2296 4984 κοῦ,
2331 4937 2351 4968 ι
2381 4919 2475 4971 τοῦ
2509 4920 2817 4994 ἀνθρώπου·
2867 4945 2886 4978 ι
2930 4927 3022 4980 καὶ
3069 4928 3254 4997 ὅμοιον
3285 4928 3391 4999 τῷ·

494 5021 631 5088 luit;
663 5021 753 5075 cui
781 5021 960 5076 simile
988 5021 1135 5076 istud
1163 5029 1246 5076 est
1271 5040 1281 5074 :

493 5113 604 5167 Alii
631 5111 839 5184 quidem
865 5113 964 5176 dii,
996 5112 1170 5165 etviri
1195 5126 1260 5164 ex
1295 5111 1439 5180 equis
1465 5119 1777 5179 pugnantes.

2182 5111 2389 5164 Ἀλλοι
2419 5109 2528 5176 μέν
2551 5110 2631 5184 ῥα
2662 5110 2784 5163 θεοί
2823 5127 2886 5163 τε
2925 5110 3024 5164 καὶ
3060 5112 3270 5182 ἀνέρες
3294 5115 3749 5182 ἱπποκορυσταί.

489 5225 675 5280 Plena:
714 5223 1057 5298 autemolove
1102 5233 1224 5278 sunt
1275 5241 1451 5278 omnes
1490 5224 1698 5293 quidem
1735 5225 1852 5277 vite.
1887 5221 2066 5279 Poeta:

2171 5223 2401 5278 Μεσταὶ
2451 5221 2520 5276 δὲ
2567 5223 2699 5289 Διὸς
2745 5222 2935 5278 πᾶσαι
2969 5224 3084 5295 μὲν
3130 5228 3350 5297 ἀγυιαί.
3378 5229 3500 5282 Ὅτι
3561 5229 3656 5282 καὶ
3701 5231 3751 5282 οἱ

491 5318 885 5370 omnituentem
924 5316 1080 5385 152
1132 5317 1334 5386 ubique
1380 5315 1566 5369 Jovem
1615 5315 1919 5378 nominant,
1954 5322 2058 5369 ut:

2172 5315 2394 5388 ποιηταὶ
2434 5316 2716 5387 πανόπτην
2763 5317 2986 5370 καλοῦσι
3026 5319 3324 5390 πανταχοῦ·
3362 5316 3428 5374 ’Ὦ
3460 5321 3576 5374 Ζεῦ
3597 5337 3748 5376 παν-

493 5405 537 5460 0
563 5403 775 5476 Jupiter
819 5408 1152 5470 omnituens;
1183 5407 1333 5470 item,
1369 5405 1462 5460 Sol
1486 5407 1576 5475 qui
1621 5408 1800 5460 omnia
1839 5407 2060 5461 lustras.

2171 5405 2356 5457 όπτα’
2396 5404 2510 5468 καὶ,
2553 5403 2802 5471 Ἠέλιος,
2839 5405 2907 5472 ὃς
2931 5405 3104 5460 πάντ’
3138 5407 3380 5477 ἐφορᾷς.
3423 5427 3442 5459 ι
3488 5407 3701 5478 Ἀγυιαὶ
3725 5428 3742 5461 ι

498 5500 712 5566 ³Αγυιαί
757 5509 886 5555 sunt
924 5501 1048 5563 vici,
1090 5516 1184 5570 per
1214 5516 1335 5571 quae
1375 5503 1540 5570 γυῖα,
1580 5500 1846 5562 membra,
1881 5515 2064 5555 move-

2169 5497 2224 5550 δὲ
2258 5496 2326 5551 τὰ
2367 5497 2604 5568 ἄμφοδα,
2641 5498 2707 5551 δι’
2759 5492 2834 5552 ὧν
2879 5519 2897 5550 ι
2933 5498 3178 5569 τὰλγυία
3210 5519 3230 5551 ›
3264 5501 3538 5573 φέρομενο
3567 5519 3586 5552 ι
3615 5502 3745 5569 ἁγο-

488 5605 640 5654 nms;
696 5598 751 5644 at
781 5591 903 5658 [ora
957 5603 1083 5647 sunt
1137 5593 1429 5646 conciones.
1467 5591 1603 5645 Nam
1648 5597 1702 5645 et
1741 5589 1976 5656 Balteus,
2012 5591 2063 5644 id

2175 5592 2264 5662 ραὶ
2301 5611 2318 5643 ι
2352 5590 2408 5644 δὲ
2434 5610 2452 5642 ι
2476 5591 2532 5642 αἱ
2563 5590 2851 5663 ἐκκλησίαι
2878 5611 2895 5645 ι
2932 5592 3096 5667 καὶ-αἱ
3119 5593 3344 5648 σύνοδοι.
3377 5593 3610 5662 Λέγεται
3639 5592 3744 5664 γὰρ

558 5744 604 5780 ⁵³⁵
638 5744 792 5798 Deest
817 5747 1151 5816 participium
1181 5745 1405 5818 δράσας,
1443 5755 1534 5800 aut
1576 5744 1748 5800 simile
1780 5743 1956 5799 aliud.
2005 5744 2254 5799 Videntur
2285 5753 2461 5798 autem
2501 5747 2718 5800 senarii.
