4132 6410
393 433 534 491 1165

1835 434 2045 492 ΔΒΔΤΙ
2086 433 2269 490 VITA.

3510 426 3650 483 “lib

392 551 488 603 καὶ
545 547 839 615 Βουλαῒος
879 550 1036 615 Ζεὺς,
1086 550 1162 615 ὡς
1214 550 1454 618 Ξένιος·
1502 553 1594 606 καὶ
1646 551 1972 622 Ἑταιρεῖος,

2080 561 2165 609 est
2181 549 2561 616 Consiliarius,
2583 549 2887 620 appellatur
2901 547 3135 621 Jupiter;
3163 547 3308 604 sicut
3325 545 3648 617 Hospitalis,

392 641 594 707 Φίλος,
619 639 975 708 Φυτάλιιιος,
1018 643 1414 713 Ἐπικάρπιος.

458 730 669 800 Μεστὴ
701 730 771 785 δὲ
801 732 1105 799 θάλασσα,
1131 734 1230 788 καὶ
1249 735 1512 804 λιμένες.
1550 737 1888 806 Ἐπιπόριος
1904 736 1972 802 δ’,

390 823 488 878 καὶ
528 823 824 892 Λιμένιος,
871 826 968 879 καὶ
1018 825 1291 893 Κερδῷος
1341 831 1452 892 τοῖς
1498 828 1781 900 ἐμπόροις.
1825 831 1878 882 ’0
1920 829 1973 883 δ’

389 913 572 986 ἤπιος
605 915 1030 985 ἀνθρώποισιν·
1072 918 1195 971 ἐπεὶ
1225 919 1422 988 πατὴρ
1453 920 1689 989 ἀνδρῶν
1729 938 1793 975 τε
1825 921 1975 977 θεῶν

389 1025 481 1075 re.
506 1008 605 1063 Διὰ
651 1008 810 1062 τοῦτο
845 1009 939 1062 καὶ
971 1007 1151 1078 ἤπιος
1181 1027 1196 1040 ·

458 1165 473 1179 .
512 1163 528 1177 .
566 1162 581 1177 .
619 1161 634 1175 .
667 1161 684 1175 .
722 1162 738 1178 .
776 1122 980 1191 Πατὴρ
1011 1122 1064 1175 δ’
1102 1123 1182 1190 ὡς
1221 1121 1398 1191 ἤπιος
1435 1118 1565 1193 ἦεν.

461 1237 630 1308 Λέγει
674 1238 727 1291 δ’
762 1238 862 1292 ὅτε
886 1236 1091 1304 ,βῶλος
1121 1238 1361 1306 ἀρίστη.
1390 1238 1665 1310 Γράφεται
1697 1239 1791 1293 καὶ
1834 1240 1973 1309 dpo-

388 1328 507 1397 στὴ
529 1330 562 1399 ὴ
589 1329 878 1401 ιάροσίμη·
895 1349 913 1381 ι
933 1329 980 1361 ⁸ο
996 1328 1122 1401 [οὐχ
1145 1329 1406 1401 ἁρμόττει
1432 1329 1546 1401 δέ
1577 1330 1818 1399 ἐπιλέγει
1838 1332 1969 1403 γὰρ,

381 1420 574 1485 ,βουσί
618 1438 683 1474 τε
728 1420 828 1474 καὶ
864 1420 1188 1491 μακέλῃσι.
1226 1421 1504 1485 Μακέλαις
1535 1421 1592 1476 δὲ
1616 1423 1718 1475 οὐκ
1742 1421 1971 1494 ἀροῦται

387 1524 493 1571 τις.
553 1509 865 1576 Γυρῶσαι,
937 1510 1122 1581 κύκλῳ
1181 1511 1540 1582 περισκὰψαι.
1590 1513 1707 1565 Πᾶν
1750 1513 1857 1587 γὰρ
1911 1513 1972 1567 τὸ

387 1599 714 1672 κυκλοτερὲς
756 1601 949 1673 γυρόνο
984 1602 1181 1669 Γυρὸς
1211 1604 1281 1657 ἐν
1307 1601 1578 1672 ὤμοισιν.
1622 1604 1818 1671 Αὐτὸς
1857 1605 1971 1675 γὰρ

387 1688 530 1745 τάδε
577 1690 794 1760 σήματ’
837 1692 908 1745 ὲν
937 1690 1169 1761 οειρανῷ
1211 1692 1525 1762 ἐστήριξε,
1578 1695 1705 1758 τοὺς
1737 1694 1970 1767 ἀστέρας

387 1781 491 1836 καὶ
518 1782 591 1837 τὰ
634 1783 848 1838 εἴδωλα.
878 1784 1039 1855 Παρὰ
1060 1784 1119 1837 δὲ
1150 1783 1211 1837 τὸ
1240 1784 1561 1857 ἐστηρίχθαι
1592 1787 1969 1858 ὴτυμολόγησε

387 1872 495 1926 τῶν
511 1874 755 1945 ἀστέρων
777 1875 838 1928 τὸ
861 1876 1050 1946 ὄνομα.
1072 1875 1255 1930 ’Ἄλλοι
1275 1877 1335 1930 δέ
1352 1894 1516 1946 φασιν
1534 1877 1642 1932 ἀπὸ
1656 1879 1963 1951 Ἀστραίου.

387 1966 489 2018 Διὰ
545 1965 603 2020 δὲ
646 1934 728 2031 τὸ,
774 1934 1108 2037 Ἐστήριξε,
1151 1968 1215 2022 τὸ
1255 1934 1514 2042 ἀκίνητον
1559 1970 1670 2025 τῶν
1715 1934 1969 2027 ἀπλανῶν
2001 1934 2046 1989 Β

388 2057 624 2131 ἐδήλωσε
643 2076 660 2092 ο
725 2060 1053 2130 τετυγμένα
1073 2100 1087 2124 ,
1141 2064 1548 2133 παρῳχημένου
1600 2063 1791 2135 χρόνου
1848 2065 1972 2119 ἀντὶ

391 2150 709 2220 μέλλοντος·
749 2152 825 2216 ὼς
858 2152 1011 2224 παρὰ
1041 2151 1122 2223 τῷ
1163 2157 1363 2225 ποιητῇ
1384 2171 1400 2187 ο

387 2264 459 2317 Ει
472 2263 726 2334 δύναμαι
746 2265 985 2319 τελέσαι
1008 2281 1095 2334 γε,
1116 2264 1216 2320 καὶ
1236 2268 1287 2319 εὶ
1306 2267 1739 2337 τετελεσμένον
1763 2268 1936 2324 ἐστίν
1952 2285 1966 2300 ·

386 2377 507 2430 ἀντὶ
537 2377 631 2430 τοῦ
662 2396 680 2429 ι
705 2377 1186 2450 τελεσθησόμενον.
1234 2399 1253 2432 ι
1307 2381 1468 2450 Ὄφρ’
1506 2382 1733 2450 ἔμπεδα
1775 2383 1972 2439 πάντα

386 2470 964 2540 φύωνταιμὼφαλῶς
990 2470 1317 2539 φυτεύσωσι,
1339 2473 1656 2547 »παθητικῷ
1684 2475 1805 2530 ἀντὶ
1820 2479 1971 2550 ἐνερ-

386 2559 646 2630 γητικοῦ,
694 2559 727 2628 ἦ
780 2561 868 2613 ἵνα
897 2561 1173 2633 φαίνηται,
1203 2563 1280 2627 ὡς
1318 2582 1337 2615 ι
1367 2564 1606 2634 σπάρτα
1658 2565 1966 2622 λέλυνται.

400 2648 719 2718 Ἀνδράσιν
735 2650 967 2719 ὡράων
999 2653 1121 2706 ἀντὶ
1142 2653 1235 2707 τοῦ
1257 2673 1276 2707 ι
1299 2653 1477 2726 ὡρῶν.
1503 2674 1523 2707 ι
1543 2654 1743 2725 Χαῖρε,
1761 2657 1966 2727 πάτερ,

383 2738 538 2811 μέγα
587 2740 804 2809 θαῦμα,
827 2739 957 2812 μέγ’
985 2742 1390 2812 ἀνθρώποισιν
1429 2742 1643 2815 ὄνειαρ.
1674 2747 1748 2799 Οὐ
1797 2746 1967 2817 λέγει,

395 2818 533 2886 ικαὶ
572 2832 770 2902 μέγα.»
806 2831 983 2902 Χαζοε
1018 2834 1222 2901 αὐτὸς,
1254 2835 1351 2889 καὶ
1378 2834 1632 2905 προτέρη
1670 2838 1868 2907 γενεή.
1901 2836 1972 2894 Ὦ

388 2921 516 2988 Ζεῦ,
552 2924 616 2977 σὺ
649 2924 742 2977 καὶ
772 2926 805 2994 ἡ
835 2925 900 2997 σὴ
938 2927 1130 2993 γενεάν
1166 2926 1286 2996 ἦτοι
1316 2926 1365 2979 οἱ
1395 2925 1644 2992 Τιτᾶνες.
1685 2930 1845 2996 Ἴσως
1874 2934 1970 2986 καὶ

387 3015 540 3089 παρὰ
578 3018 907 3088 ’Δντιμάχῳ’

386 3131 692 3201 Γηγενέας
724 3147 791 3185 τε
833 3130 1030 3198 θεοὺς,
1077 3134 1547 3206 προτερηγενέας
1586 3152 1651 3189 τε
1696 3134 1965 3207 Τιτῆνας.

388 3240 501 3295 Καὶ
528 3241 778 3314 Ὄμηρος
798 3258 812 3272 ’

402 3353 685 3409 Ὠκεανόν
711 3369 775 3407 τε
811 3353 962 3408 θεῶν
996 3353 1260 3425 γένεσιν,
1290 3356 1389 3409 καὶ
1418 3357 1648 3426 μητέρα
1681 3358 1896 3427 Τηθύν.

458 3459 595 3514 Εἰδὲ
617 3458 692 3523 ὠς
715 3459 853 3530 πρὸς
885 3458 1207 3532 ἀνθρώπους
1235 3462 1493 3530 προτέρα
1511 3464 1797 3534 νοήσομεν,
1821 3463 1970 3533 λέγοι

390 3548 459 3606 ἂν
507 3550 606 3622 τὴν
659 3550 931 3622 τετάρτην
986 3552 1094 3605 ἀπὸ
1143 3552 1237 3606 τοῦ
1281 3553 1484 3625 χρυσοῦ
1522 3555 1708 3624 γένους
1740 3556 1839 3614 τὴν
1863 3556 1971 3609 τῶν

387 3643 652 3721 ⁴ἡμιθέων.
688 3646 879 3716 Ἡμεῖς
919 3647 1030 3718 γὰρ
1061 3647 1161 3718 τῆς
1198 3647 1457 3719 πέμπτης
1485 3650 1699 3718 γενεᾶς.
1737 3648 1972 3718 Τιτῆνας

389 3734 448 3789 δὲ
481 3736 568 3789 διὰ
605 3735 761 3792 τοῦτο
808 3736 954 3806 λέγει
1005 3738 1247 3811 χαίρειν,
1283 3739 1468 3812 ἐπειδὴ
1498 3741 1594 3794 καὶ
1623 3741 1680 3793 ἐν
1709 3742 1819 3803 τοῖς
1844 3740 1972 3812 ἑξῆς

404 3826 706 3902 ’Δστριτοκη
736 3828 831 3881 ἕνα
858 3829 965 3883 τῶν
994 3830 1236 3885 Τιτάνων
1268 3830 1416 3898 ὄντα,
1446 3832 1626 3903 ὑμνεῖ,
1655 3831 1828 3901 λέγων
1846 3849 1860 3862 ·

389 4027 509 4102 ζῆτ’
536 4022 650 4084 οὖν
682 4028 999 4102 ’ᾼστραίου
1032 4032 1236 4102 κείνου
1267 4029 1462 4101 γένος’
1480 4031 1553 4086 ὅν
1578 4030 1660 4100 ῥά
1688 4029 1752 4086 τέ
1782 4047 1973 4102 φασιν

395 4097 667 4166 Ἀστρων
687 4097 942 4168 ἀρχαῖον
964 4100 1165 4169 πατέρ’
1194 4097 1460 4171 ἔμμεναι.
1494 4143 1509 4157 .
1543 4140 1557 4157 .
1581 4097 1603 4156 ’.
1636 4143 1650 4158 .
1684 4140 1701 4153 .

461 4209 697 4264 Δύναται
746 4211 803 4264 δὲ
858 4212 919 4264 τὸ
963 4213 1097 4266 αὐτὸ
1138 4214 1376 4278 καὶτοῖς
1403 4214 1846 4287 προειρημένοις,
1877 4214 1972 4269 καὶ

393 4303 506 4363 τοῖς
533 4300 944 4372 ἐπιφερομένοις
969 4301 1356 4358 συνάπτεσθαι⁸
1387 4302 1575 4377 ὥσπερ
1596 4304 1711 4370 καὶ,
1730 4306 1972 4373 Χαίρετε

393 4388 479 4454 δὲ,
503 4390 759 4457 Μοῦσαι,
782 4390 905 4444 καθ’
934 4392 1122 4447 ἑαυτό*
1151 4388 1289 4462 εἶτα,
1316 4392 1485 4462 μάλα
1523 4392 1732 4462 πᾶσαι,
1764 4396 1851 4465 ὑφ’
1890 4395 1968 4449 ἓν·

399 4628 467 4668 ._.
500 4632 516 4648 .
552 4633 566 4668 τ
600 4632 618 4647 .
648 4633 663 4648 .
713 4595 872 4665 Ἐμοί
899 4615 965 4668 γε
988 4596 1248 4667 ἀστέρας
1275 4600 1467 4654 εἰπεῖν

398 4659 471 4718 El
501 4662 685 4733 θέμις,
731 4659 1035 4737 εὖχομένῳ
1062 4659 1390 4738 τεῖιμῆρατε
1423 4667 1631 4725 πᾶσαν
1659 4672 1894 4743 ἀοιδήν.

289 4779 292 4781 λ
391 4775 485 4841 Τὸ,
521 4775 704 4846 θέμις,
743 4778 1062 4849 ἀμφίϐολον.
1110 4782 1266 4835 Ἤτοι
1305 4781 1413 4854 γὰρ
1444 4781 1807 4855 τῷπροτέρῳ
1847 4800 1971 4837 συν-

392 4868 613 4934 απτέον,
640 4869 679 4949 ¹ἢ
705 4869 784 4939 τῷ
811 4871 957 4941 ἑξῆς·
995 4873 1136 4944 ἦτοι,
1154 4871 1412 4942 ἀστέρας
1445 4875 1657 4940 εἰπεῖν,
1676 4875 1757 4943 ὡς
1786 4891 1972 4944 προσ-

390 4959 563 5030 ῆκον,
605 4961 963 5031 τεκμήρατε·
1011 4964 1070 5035 ἢ,
1118 4962 1425 5035 εὐχομένω
1457 4966 1537 5033 ὡς
1578 4966 1973 5037 προσήκοντα

393 5052 730 5121 παράσχετε
753 5053 945 5107 εἰπεῖν
964 5094 979 5119 ,
1006 5050 1055 5109 ὦ
1080 5055 1336 5111 Μοῦσαι.
1366 5055 1726 5126 Τεκμήρατε,
1762 5076 1780 5109 ι
1809 5056 1970 5129 μέχρι

392 5143 575 5207 τέλους
595 5142 816 5197 εἴπατε’
843 5163 862 5196 ι
890 5144 1117 5217 τέκμωρ
1135 5146 1245 5218 γὰρ
1271 5146 1333 5200 τὸ
1366 5166 1383 5199 ι
1408 5148 1584 5213 τέλος.
1615 5168 1634 5200 ι

2074 642 2327 710 Socialis,
2354 643 2593 707 Amicus,
2622 640 2828 704 Serius,
2857 639 3125 711 Frugifer.

2144 736 2371 792 Plenum
2402 744 2480 790 est
2501 751 2668 798 mare,
2698 744 2747 787 et
2776 742 2980 798 portus.
3022 730 3234 785 Dicitur
3274 729 3420 787 enim
3454 728 3646 784 Portu-

2070 842 2228 887 mnus
2249 835 2302 881 et
2328 825 2521 879 Lucrio
2547 824 3001 896 negotiatoribus.
3029 821 3133 875 Hic
3165 837 3283 876 vero
3307 820 3451 875 mitis
3478 820 3652 875 homi-

2072 918 2251 982 nibus,
2300 917 2560 987 quoniam
2604 924 2756 984 pater
2790 924 2870 969 est
2929 914 3200 983 uirumque
3244 911 3519 983 deumque.
3566 908 3650 965 0b

2071 1010 2129 1066 id
2159 1020 2214 1067 et
2247 1011 2390 1065 mitis
2421 1008 2644 1064 dicitur.

2076 1166 2092 1181 .
2135 1163 2151 1180 .
2194 1163 2209 1179 .
2250 1123 2416 1178 Pater
2443 1138 2562 1177 vero
2587 1136 2680 1175 ceu
2705 1120 2848 1173 mitis
2878 1126 3015 1173 erat.

2142 1238 2401 1295 Admonet
2426 1247 2605 1293 autem
2627 1235 2967 1308 quandonam
2984 1231 3137 1304 gleba
3159 1231 3359 1300 optima
3376 1239 3475 1286 est.
3496 1229 3649 1287 Alias

2070 1330 2296 1402 ἁροστή,
2328 1329 2383 1383 id
2419 1339 2505 1384 est
2539 1347 2559 1380 ι
2583 1328 2825 1383 arabilis.
2855 1346 2874 1379 ι
2915 1326 3019 1382 Sed
3048 1342 3157 1381 non
3191 1324 3463 1397 congruit.
3511 1322 3649 1379 Nam

2073 1419 2297 1488 subjieit
2334 1438 2347 1473 :
2383 1418 2546 1475 bobus
2595 1430 2642 1473 et
2679 1418 2962 1490 ligonibus.
2993 1417 3063 1472 At
3101 1417 3374 1489 ligonibus
3406 1423 3527 1470 arat
3552 1430 3653 1471 ne-

2069 1509 2604 1567 mo.Circumvallare
2618 1519 2703 1566 est
2725 1531 2743 1564 ι
2754 1509 3171 1566 circumfodere.
3187 1528 3206 1561 ι
3227 1508 3438 1579 Quippe
3452 1509 3649 1563 rotun-

2070 1593 2201 1656 dum
2231 1618 2392 1657 omne
2419 1603 2586 1674 γυρόν
2613 1602 2939 1672 appellatur,
2967 1608 3048 1667 ut,
3077 1599 3336 1654 rotundus
3370 1599 3428 1653 in
3463 1599 3651 1653 hume-

2069 1696 2166 1750 ris.
2201 1693 2490 1765 Sequitur:
2520 1695 2642 1763 lpse
2670 1694 2807 1747 enim
2843 1692 2948 1747 luce
2970 1693 3123 1762 signa
3154 1692 3211 1745 in
3237 1690 3366 1746 caelo
3393 1690 3647 1761 ﬁrmauit,

2069 1798 2266 1853 nempe
2296 1783 2486 1838 stellas
2537 1793 2591 1839 et
2643 1783 2933 1853 imagines.
2970 1782 3158 1853 itaque
3200 1781 3271 1837 ab
3295 1797 3362 1836 eo
3388 1781 3537 1853 quod
3563 1788 3651 1837 est

2070 1871 2409 1944 ὲστηρίχθαι,
2442 1872 2698 1944 ἀστέρας,
2724 1872 2781 1927 id
2808 1879 2895 1927 est
2929 1871 3141 1937 stellas,
3177 1873 3411 1928 vocavit.
3434 1871 3541 1926 Alii
3578 1872 3650 1927 ab

2070 1963 2284 2018 Astraeo
2333 1964 2515 2019 dictas
2566 1963 2780 2018 volunt.
2823 1962 3004 2032 Atque
3032 1961 3138 2017 hoc
3168 1962 3420 2033 ﬁrmandi
3458 1962 3646 2029 verbo,

2071 2055 2139 2109 ad
2169 2054 2400 2109 lixarum
2435 2054 2872 2110 immobilitatem
2904 2054 3125 2121 allusit;
3165 2054 3339 2122 facta,
3371 2057 3649 2127 praterito

2071 2164 2207 2204 usus
2232 2158 2317 2203 est
2341 2163 2441 2219 pro
2466 2148 2693 2217 futuro;
2725 2155 2785 2203 ut
2814 2148 2956 2220 apud
2981 2156 3196 2219 poetam
3222 2166 3236 2203 :

2071 2257 2135 2314 Si
2162 2259 2369 2330 quidem
2400 2275 2613 2328 possum
2640 2261 2908 2331 perﬁcere,
2937 2270 2987 2315 et
3015 2261 3062 2314 si
3088 2268 3373 2329 perfectum
3406 2269 3505 2314 est.

2140 2367 2256 2424 Hoc
2276 2378 2379 2435 est,
2412 2370 2487 2426 (si
2522 2379 2701 2441 potest
2726 2372 2934 2441 perﬁci.
2974 2366 3191 2442 Pergit:
3223 2371 3290 2426 Ut
3311 2381 3454 2427 stata
3471 2375 3653 2430 omnia

2070 2470 2396 2528 nascantur;
2438 2462 2543 2518 boc
2568 2470 2673 2530 est,
2700 2481 2716 2515 ι
2750 2471 2808 2517 ιιι
2839 2471 2957 2518 tuto
2986 2473 3296 2530 conserant,
3318 2484 3337 2517 ι
3368 2467 3649 2537 passivum

2071 2568 2174 2633 pro
2201 2553 2413 2620 activo;
2443 2561 2539 2608 aut
2561 2562 2619 2608 ut
2644 2554 2921 2620 videatur,
2948 2564 3199 2627 tanquam
3221 2556 3373 2626 funes
3401 2557 3651 2614 dissoluti

2070 2656 2214 2698 sunt.
2275 2644 2417 2699 Viris
2467 2653 2870 2715 tempestatum,
2905 2660 3007 2717 pro
3051 2646 3229 2720 ὡρῶν.
3268 2646 3443 2716 Salve,
3474 2659 3647 2721 pater,

2072 2752 2319 2807 magnum
2348 2738 2698 2804 miraculum,
2731 2755 2923 2810 magna
2947 2739 3245 2795 hominibus
3268 2742 3498 2799 utilitas.
3528 2741 3649 2801 Non

2071 2827 2226 2893 dicit,
2269 2847 2290 2880 ι
2313 2838 2368 2885 et
2385 2845 2600 2902 magna.
2626 2850 2647 2883 ι
2676 2829 2833 2885 Salve
2854 2839 2914 2885 tu
2936 2832 3067 2903 ipse,
3099 2840 3149 2887 et
3187 2834 3337 2901 prior
3357 2836 3645 2905 generatio.

2071 2919 2117 2976 Ο
2152 2919 2392 2992 Jupiter,
2424 2930 2483 2976 tu
2539 2930 2595 2979 et
2646 2922 2937 2994 progenies
2990 2930 3085 2978 tua
3116 2942 3131 2980 :
3160 2939 3357 2996 nempe
3402 2924 3644 2984 Titanes.

2072 3013 2233 3070 Velut
2267 3014 2413 3087 apud
2439 3014 2826 3071 Antimachum
2857 3033 2871 3069 :

2073 3129 2484 3202 Terrigenasque
2520 3131 2645 3186 deos
2663 3169 2683 3199 ,
2711 3131 3136 3201 aluiquioresque
3169 3131 3371 3203 origine
3402 3130 3646 3188 Titanas.

1996 3278 2040 3337 ο
2075 3242 2169 3300 Sic
2194 3244 2483 3312 Homerus,

2073 3357 2443 3430 Oceanumque
2472 3358 2643 3413 Deum
2671 3358 2948 3429 originem,
2969 3366 3020 3412 et
3050 3365 3272 3412 matrem
3298 3356 3343 3413 Τ
3343 3358 3521 3430 etltyn.

2138 3470 2346 3538 Quodsi
2391 3470 2459 3525 ad
2509 3471 2760 3526 homines
2811 3484 2916 3524 vox
2962 3469 3055 3524 illa
3082 3509 3098 3534 ,
3130 3470 3313 3538 prior,
3360 3469 3649 3527 referenda

2071 3563 2178 3627 sit,
2214 3562 2282 3618 de
2313 3571 2510 3632 quarta
2562 3562 2631 3617 ab
2671 3577 2839 3617 aureo
2882 3577 3079 3633 genere
3116 3563 3480 3620 semideorum
3522 3580 3646 3635 pro-

2071 3653 2229 3723 genie
2258 3652 2533 3722 loquetur.
2564 3651 2700 3706 Nam
2746 3668 2849 3708 nos
2893 3653 2948 3707 in
2991 3653 3186 3724 quinta
3229 3654 3489 3725 progenie
3518 3669 3648 3710 cen-

2071 3757 2276 3798 semur.
2311 3743 2392 3798 Ac
2436 3749 2728 3813 propterea
2776 3740 3003 3799 Titanas
3046 3743 3261 3821 salvere
3302 3743 3479 3813 jubet,
3511 3761 3648 3815 quo-

2069 3831 2216 3885 niam
2244 3831 2301 3886 in
2329 3832 2685 3902 sequentibus
2719 3830 3012 3901 Astraeum,
3051 3849 3222 3890 unum
3243 3833 3311 3890 de
3338 3833 3647 3905 Titanibus,

2070 3923 2331 3993 praedicat
2354 3923 2443 3979 bis
2472 3924 2693 3980 verbis:

2073 4037 2195 4112 Sive
2218 4037 2381 4107 igitur
2412 4038 2610 4112 Astraei
2634 4039 2780 4095 illius
2800 4040 2974 4111 proles
3009 4058 3026 4098 :
3065 4056 3219 4112 quem
3255 4041 3406 4098 aiunt

2071 4108 2353 4163 Astrorum
2383 4110 2657 4181 antiquum
2684 4108 2889 4179 patrem
2916 4127 3049 4166 esse.

2143 4220 2261 4278 Hoc
2305 4222 2485 4292 ipsum
2515 4237 2645 4277 vero
2684 4232 2795 4277 tam
2837 4238 2963 4279 cum
2998 4225 3452 4297 praecedentibus,
3484 4243 3648 4300 quam

2074 4328 2200 4368 cum
2249 4313 2610 4383 sequentibus
2662 4314 2907 4382 copulari
2952 4323 3153 4385 potest,
3191 4319 3649 4387 quemadmodum

2074 4404 2222 4459 istud
2254 4423 2267 4458 :
2298 4403 2527 4467 Salvete,
2558 4400 2751 4467 Musae,
2783 4405 3143 4476 perseipsum
3176 4425 3190 4462 :
3218 4406 3434 4472 deinde,
3467 4408 3638 4463 admo-

2075 4495 2201 4549 dum
2230 4511 2428 4560 omnes,
2458 4494 2796 4565 conjunctim
2829 4512 2843 4549 :

1999 4620 2046 4676 ι)
2076 4653 2092 4669 .
2129 4648 2146 4664 .
2182 4647 2200 4664 .
2239 4649 2252 4664 .
2287 4650 2301 4663 .
2338 4606 2474 4661 Mihi
2499 4605 2710 4678 quidem
2739 4605 2808 4660 ad
2836 4606 3019 4660 stellas
3048 4606 3296 4663 dicendas

2077 4681 2139 4739 Si
2161 4681 2246 4750 [as
2267 4688 2367 4745 est,
2396 4678 2634 4749 precanti
2655 4678 2880 4747 promite
2906 4694 3107 4731 omnem
3130 4691 3364 4734 cantum.

2074 4791 2196 4847 Vox
2222 4792 2335 4855 illa,
2389 4790 2498 4860 fas,
2533 4789 2789 4860 ambigua
2821 4798 2926 4845 est.
2955 4786 3091 4842 Nam
3143 4800 3238 4844 aut
3277 4789 3648 4846 antecedenti-

2076 4886 2202 4950 bus,
2235 4892 2330 4938 aut
2379 4881 2736 4952 sequentibus
2778 4881 3116 4936 annectenda
3149 4889 3252 4937 est.
3296 4880 3560 4938 Videlicet
3592 4893 3645 4938 ut

2078 4979 2155 5031 ita
2186 4983 2538 5033 construatur
2575 4992 2589 5028 :
2622 4973 2691 5028 ad
2733 4974 2918 5029 stellas
2947 4972 3221 5040 dicendas,
3251 4985 3310 5028 ut
3330 4975 3496 5039 decet,
3528 4991 3642 5043 pro-

2081 5068 2238 5134 mite;
2266 5067 2349 5123 vcl
2383 5086 2397 5122 :
2435 5065 2672 5134 precanti
2713 5073 2772 5118 ut
2812 5062 3052 5117 decentia
3088 5063 3212 5119 date
3245 5065 3372 5119 mihi
3395 5065 3586 5129 dicere,
3619 5083 3648 5120 ο

2079 5159 2271 5216 llusle.
2289 5159 2384 5215 Est
2397 5167 2575 5214 autem
2586 5158 2761 5229 τεκμή
2769 5173 2917 5229 ρατε,
2935 5175 2955 5208 ι
2968 5155 3034 5209 ad
3053 5156 3212 5212 linem
3230 5173 3402 5229 usque
3416 5156 3582 5214 dicite
3598 5174 3649 5226 ς»

2078 5253 2303 5325 τέκμωρ
2333 5252 2478 5309 enim
2516 5267 2535 5303 ι
2569 5250 2733 5306 linem
2773 5268 2793 5301 ι
2828 5248 3122 5318 signiﬁcat.

466 5414 513 5449 "
548 5416 590 5486 Ι.
625 5416 906 5489 ἑμπόριος.
979 5414 1025 5448 ⁸⁸
1057 5412 1212 5470 Deest
1247 5409 1471 5484 aliquid.
1514 5408 1695 5493 (Quod
1727 5423 1828 5465 nos
1849 5405 2154 5480 supplendo
2184 5420 2212 5460 e
2244 5403 2516 5474 versione,
2550 5404 2708 5462 uncis
2734 5402 3076 5460 inclusimus.
3109 5400 3291 5475 Eutr.)

1791 5692 2281 5721 ’.ιιι-...ηὐν-
