4112 6440
461 464 599 519 HG?

548 642 773 656 ...ο-,ο

1477 450 1566 506 AD
1605 445 1875 504 EUSEBII
1913 440 2310 500 CHRONICON
2348 434 2719 496 ΑΡΡΕΝΙἊΚᾏ⁸

1371 604 3669 644 ____________________________._____._______—————

1561 772 2657 921 ΘΕΟΔΩΡΟΥ

1743 1020 2000 1110 ΠΕΡΙ
2036 1016 2440 1107 ΜΗΝΩΝ

836 1298 1464 1396 THEODORI
1559 1298 1888 1393 GAZZE
2025 1293 2394 1384 LIBER
2464 1287 2611 1378 DE
2685 1272 3295 1374 MENSIBUS

1441 1486 1748 1550 JOANNE
1787 1485 2171 1544 PERRELLO
2212 1475 2715 1541 INTERPRETE.

538 1708 696 1781 153
729 1705 770 1764 l.
802 1705 991 1779 Opera:
1012 1704 1233 1776 quidem
1271 1702 1505 1773 pretium
1545 1706 1650 1764 est,
1684 1705 1738 1753 et
1771 1697 2041 1753 mensium

2214 1693 2291 1747 A'.
2335 1687 2448 1757 Πρὸ
2483 1685 2645 1757 ἔργου
2694 1681 2792 1753 μὲν
2826 1677 2920 1733 καὶ
2956 1675 3019 1730 τδ
3043 1673 3143 1738 τὰς
3183 1664 3479 1741 ὀνομασίας
3521 1665 3719 1781 εὶδεναι

467 1802 861 1875 appellationes
889 1813 1172 1871 pernosse,
1197 1806 1253 1852 et
1274 1796 1331 1875 in
1360 1794 1428 1849 iis
1452 1791 1668 1849 utendis
1687 1791 1929 1845 Atticum
1951 1805 2043 1846 or-

466 1872 650 1951 dinem
679 1894 870 1964 sequi:
905 1905 1217 1962 quanquam
1242 1872 1295 1944 id
1323 1886 1542 1957 assequi
1582 1900 1691 1940 non
1733 1891 1819 1941 est
1860 1883 2040 1939 facile.

473 1986 758 2057 Siquidem
809 1985 1054 2039 virorum
1088 1982 1268 2052 prisca
1306 1988 1604 2048 nostraque
1629 1983 1790 2031 astate
1834 1975 2044 2030 littera-

469 2093 590 2134 rum
617 2075 871 2131 doctrina
907 2074 1235 2145 insignium,
1282 2071 1479 2141 partim
1511 2069 1581 2125 de
1611 2069 1806 2124 ordine
1852 2083 2044 2124 eorum

468 2178 523 2222 et
547 2183 650 2223 usu
686 2166 889 2220 nullam
917 2163 1250 2219 mentionem
1289 2161 1572 2227 fecerunt;
1623 2160 1824 2230 partim
1856 2159 2045 2214 nescio

468 2257 603 2330 quid
649 2255 860 2314 ordinis
893 2252 1280 2308 tradiderunt:
1324 2266 1514 2306 verum
1570 2249 1701 2304 dum
1751 2264 1810 2305 se
1849 2258 2046 2320 putant

470 2357 789 2422 perpetuam
814 2347 1013 2402 seriem
1044 2341 1528 2414 eolligere,procul
1552 2356 1583 2394 a
1611 2348 1758 2395 recta
1789 2340 2046 2395 aberrare

472 2442 648 2510 palam
712 2445 1036 2510 arguuntur.
1094 2433 1355 2489 Nonnulli
1421 2447 1550 2488 vero
1617 2432 2046 2503 interpretantes

470 2533 723 2603 quisnam
748 2532 819 2587 sit
847 2530 1050 2585 mensis
1074 2527 1513 2593 llecatumbmon,
1534 2525 1725 2596 quisve
1748 2523 2045 2587 Posideon,

470 2635 526 2678 et
556 2638 665 2692 quo
694 2631 853 2693 pacto
892 2622 1227 2691 reliquorum
1256 2619 1455 2688 cuique
1488 2632 1613 2670 cum
1642 2617 1916 2672 mensium
1942 2629 2047 2669 no-

474 2716 714 2770 minibus
745 2713 1076 2776 conveniat,
1126 2718 1186 2766 ut
1221 2727 1252 2765 a
1282 2710 1544 2765 Romanis
1576 2717 1817 2779 tempora
1849 2721 2046 2762 nume-

474 2813 693 2869 rantur,
723 2803 1147 2858 nibilenarrant
1196 2800 1347 2864 sani,
1396 2814 1575 2869 neque
1622 2805 1770 2853 certe
1803 2809 2047 2851 consona

474 2897 617 2951 inter
644 2911 703 2950 se
730 2898 1198 2959 commemorant;
1231 2893 1327 2948 sed
1355 2892 1443 2946 hic
1468 2890 1719 2945 Martium
1753 2887 2047 2949 Hecatom-

478 2988 719 3042 breonem
749 2991 929 3049 vocat,
958 2985 1049 3039 ille
1072 2981 1279 3038 Iulium
1304 3000 1318 3049 ;
1349 2982 1643 3052 itidemque
1674 2982 1727 3036 in
1750 2981 1875 3035 aliis
1904 2981 2048 3035 inter

2142 1787 2249 1841 τῶν
2277 1753 2483 1856 μηνῶν,
2513 1753 2609 1832 καὶ
2648 1775 2800 1841 τάξει
2842 1768 3078 1841 χρῆσθαι
3122 1764 3198 1828 ὡς
3231 1762 3506 1856 Ἀθηναῖοι
3543 1753 3715 1856 ἧγονς

2150 1880 2212 1933 οῦ
2245 1847 2424 1951 ράδπιον
2459 1873 2517 1926 δὲ
2541 1869 2702 1924 τοῦτο
2732 1864 2938 1920 λαϐεῖν.
2966 1860 3087 1915 Τῶν
3114 1874 3174 1911 τε
3201 1856 3311 1928 γὰρ
3337 1853 3599 1951 πρότερον
3627 1847 3723 1951 καὶ

2143 1940 2257 2025 τῶν
2279 1940 2399 2022 καθ’
2434 1965 2581 2037 ἡμᾶς
2620 1961 2685 2032 δὴ
2728 1954 3028 2026 ἐλλογίμων
3069 1952 3118 2004 οι
3151 1949 3248 2020 μὲν
3293 1945 3450 2037 οὐθὲν
3480 1940 3723 2037 περιτά-

2148 2059 2279 2126 ista;
2306 2058 2399 2111 καὶ
2430 2033 2618 2126 χρείας
2641 2050 2846 2118 ἔφασαν
2870 2044 3075 2098 τούτων
3098 2059 3111 2072 ’
3140 2041 3190 2093 οἱ
3220 2038 3280 2092 δὲ
3302 2035 3455 2101 τάξιν
3480 2033 3577 2105 μέν
3602 2046 3723 2085 τινα

2146 2123 2547 2210 άποδέδώκασι,
2579 2145 2640 2199 τὸ
2664 2142 2860 2213 ἐφεξῆς
2902 2138 3139 2207 οἰόμενοι
3194 2132 3401 2201 λέγειν·
3453 2128 3643 2199 πὸρῤω
3667 2123 3725 2177 δὲ

2145 2242 2596 2311 ἀποπλανώμενοι
2623 2236 2717 2290 τοῦ
2742 2231 2902 2305 ὀρθοῦ
2927 2230 3237 2299 ἐλέγχονται
3266 2238 3396 2311 φανε
3407 2219 3534 2311 ρῶς.
3555 2218 3619 2271 Ἐ
3635 2231 3727 2270 ,ιιι

2145 2337 2189 2390 δ’
2228 2308 2622 2409 ἑρμηνεύοντες
2646 2368 2660 2393 ,
2691 2328 2839 2387 ὅστις
2873 2322 2972 2394 μὲν
3008 2310 3415 2409 Ἐκατομϐαιὼν
3455 2308 3565 2362 τῶν
3613 2324 3721 2409 μσς)-

2147 2396 2276 2493 νῶν,
2315 2426 2461 2486 ὅστις
2485 2421 2541 2475 δὲ
2561 2416 2884 2480 Ποσειδεὼν,
2907 2409 3124 2466 καὶτῶν
3149 2404 3349 2460 λοιπῶν
3389 2402 3620 2460 ῑκαστος
3646 2396 3725 2459 ὼς

2147 2488 2478 2591 ἐφαρμόττοι
2522 2512 2659 2582 πρὸς
2700 2507 2771 2561 τὰ
2807 2505 3047 2576 ὀνόματα
3077 2498 3183 2552 τῶν
3219 2492 3438 2567 μηνῶν,
3471 2488 3732 2591 καθάπερ

2147 2583 2340 2685 ἄκουσι
2379 2610 2638 2680 Ῥωμαῖοι
2676 2606 2801 2668 τοὺς
2826 2600 3082 2675 χρόνους,
3108 2593 3261 2649 οὐδὲν
3295 2592 3325 2645 ὃ
3355 2586 3541 2685 καὶ
3578 2583 3735 2654 ὑγιὲς

2149 2679 2322 2761 sine?)
2352 2679 2716 2761 ἀποδιδόασιν,
2746 2693 2867 2748 οὐδὲ
2895 2691 2961 2762 δὴ
3002 2685 3217 2757 συνῳδά
3241 2699 3305 2752 γε
3345 2679 3600 2750 ἀλλήλοις
3635 2691 3738 2746 φα-

2150 2798 2235 2852 σίν
2258 2813 2272 2828 ·
2298 2794 2413 2849 ἀλλ’
2440 2794 2469 2846 ὁ
2501 2791 2599 2863 μὲν
2624 2787 2870 2860 Μάρτιον
2904 2784 3053 2851 λέγει
3076 2778 3167 2833 τὸν
3202 2768 3678 2863 Ἑκατομϐαιῶνα,
3709 2766 3739 2817 ὀ

2148 2887 2207 2942 δὲ
2241 2884 2458 2939 Ἰούλιον
2478 2856 2737 2952 ⁸*ὁμοίως
2772 2875 2832 2929 δὲ
2857 2873 2994 2927 κ’ὰτῆ
3029 2870 3137 2924 τῶν
3166 2862 3342 2922 ἄλλων
3375 2856 3736 2952 διαφωνοῦσιν

2150 2978 2420 3050 ἀλλήλοις,
2444 2944 2681 3046 ἃμα-καὶ
2701 2964 3166 3039 διαμαρτάνοντες
3193 2957 3417 3011 ἕκαστοι
3441 2944 3729 3050 τάληθοῦς.

475 3094 536 3133 se
566 3077 915 3143 discordant;
946 3089 1248 3145 omnesque
1278 3074 1443 3128 simul
1482 3088 1513 3127 a
1543 3038 1773 3128 veritate
1798 3072 1917 3144 ipsa
1941 3072 2050 3127 dis-

2153 3038 2520 3141 Kat'mﬁow'v
2542 3066 2585 3119 δ’
2618 3065 2702 3133 ἐφ’
2731 3038 2888 3133 ἡμῶν
2926 3057 3068 3127 ἀνὴρ
3104 3051 3214 3107 τῶν
3243 3042 3537 3145 ἐπιφανῶν,
3571 3038 3731 3145 xeat.

475 3169 700 3224 cedunt.
764 3169 829 3223 Et
874 3184 1006 3224 vero
1058 3167 1287 3222 Pletbon
1324 3167 1424 3222 hoc
1457 3168 1659 3223 saeculo
1689 3167 1776 3219 vir
1820 3165 2006 3222 clarus
2031 3205 2047 3231 ,

475 3277 766 3333 operosum
796 3269 1060 3333 reputans
1094 3260 1337 3315 invenire
1366 3273 1472 3329 qua
1511 3258 1723 3313 ratione
1748 3258 1822 3311 ‘bi
1857 3264 2050 3311 mutuo

476 3356 884 3426 respondeant,
924 3354 1200 3425 inquirere
1232 3353 1477 3420 destitit;
1514 3352 1571 3406 in
1601 3350 2048 3406 commentariis-

475 3463 583 3515 que
613 3447 681 3502 de
725 3428 902 3518 legum
948 3446 1314 3509 institutione,
1345 3460 1471 3499 cum
1499 3443 1566 3499 de
1597 3442 1809 3506 diebus,
1843 3442 2052 3500 mensi-

476 3537 602 3600 bus,
623 3546 678 3592 et
704 3551 848 3591 anno
876 3537 1187 3607 praecipiat;
1251 3550 1357 3606 qua
1415 3543 1594 3589 tamen
1639 3532 1853 3588 ratione
1882 3532 2052 3587 Athe-

476 3631 698 3688 nienses
736 3644 953 3683 menses
997 3642 1128 3682 suos
1159 3634 1422 3698 agerent,
1468 3640 1537 3680 ne
1569 3626 1793 3679 verbum
1828 3624 2051 3695 quidem

478 3723 628 3778 facit.
661 3720 903 3776 Tametsi
939 3721 995 3774 in
1027 3721 1241 3774 caeteris
1268 3719 1453 3783 rebus,
1483 3733 1606 3789 quae
1629 3718 1695 3773 ad
1719 3732 1904 3772 vocem
1928 3730 2054 3785 spe-

360 3876 365 3881 .
478 3822 652 3881 ctant,
683 3829 779 3870 eos
808 3812 1055 3867 :emulari
1085 3811 1298 3882 magnis
1329 3812 1471 3866 votis
1500 3811 1706 3881 expetit
1729 3848 1746 3875 ,
1790 3809 1847 3863 in
1874 3824 2051 3880 eoque

478 3905 691 3968 sedulo,
726 3912 780 3958 ct
807 3904 966 3974 quasi
1006 3901 1256 3959 affectate
1283 3916 1506 3973 operam
1545 3910 1709 3956 navat
1739 3920 1753 3957 :
1785 3901 1880 3957 sed
1907 3901 2055 3973 quod

479 3995 644 4051 faciat
676 3995 858 4066 quivis
888 4011 920 4050 e
952 3996 1116 4066 vulgo
1142 4033 1157 4059 ,
1197 3993 1521 4064 simpliciter
1559 3994 1650 4049 hic
1672 4009 1741 4050 ex
1771 3994 2056 4051 accidente

478 4086 746 4151 nominat,
776 4084 1011 4154 primum
1044 4084 1211 4147 hunc,
1247 4084 1400 4137 illum
1432 4084 1737 4140 secundum
1764 4102 1779 4152 ;
1823 4087 2056 4156 pariter-

478 4191 586 4248 que
618 4175 790 4242 alios,
839 4181 900 4230 ut
928 4174 1197 4245 cujusque
1239 4177 1308 4228 ad
1341 4174 1577 4245 primum
1609 4175 1746 4230 ordo
1779 4190 1902 4231 sese
1953 4175 2053 4230 ha-

478 4269 612 4324 bet:
645 4282 753 4322 non
786 4281 946 4323 secus
977 4281 1041 4321 ac
1082 4269 1130 4321 si
1156 4266 1281 4338 quis
1318 4280 1518 4321 manus
1557 4265 1762 4337 digitos
1800 4267 2056 4322 nomina-

2151 3164 2251 3219 πδν
2279 3131 2580 3233 ἡγούμενος
2608 3131 2788 3227 stipst
2819 3150 2881 3204 τὸ
2914 3147 3178 3214 ἀνάλογον
3211 3139 3420 3233 τούτοις
3442 3176 3454 3200 ,
3484 3132 3571 3188 εἷα
3606 3131 3730 3233 ἑπιιῖ

2151 3222 2367 3328 ζητεῖν·
2399 3222 2503 3306 κάν
2548 3222 2832 3317 τοῖς-περὶ
2873 3238 3196 3312 νομοθεσίας
3239 3233 3304 3304 δὴ
3350 3230 3563 3328 λύγοις,
3606 3222 3734 3328 περὶ

2152 3314 2375 3419 ἧμερῶν
2411 3343 2506 3397 καὶ
2553 3314 2888 3412 μηνῶνξκαὶ
2921 3328 3169 3386 ἐνιαυτοῦ
3204 3314 3734 3419 ὑφηγούμενος,.ούκ

2151 3405 2407 3507 ένομάζει
2434 3433 2510 3496 ὡς
2554 3405 2790 3483 ςΑίιιτικοὶ
2817 3420 2952 3496 ἦγον
2975 3420 3102 3483 τοὺς
3135 3417 3309 3507 μῆνας
3337 3405 3734 3507 ’(καίτοιιτᾶλλα

2150 3527 2221 3583 τὰ
2247 3497 2384 3598 ἰκερ).
2429 3523 2527 3595 τὴν
2568 3518 2751 3589 φωνὴν
2797 3510 3025 3567 ἕπεσθαι
3070 3497 3731 3598 προθυμούμενος-Ἀττι-

2154 3623 2289 3685 κοῖς,
2325 3589 2420 3672 καὶ
2458 3589 2661 3684 σφόδρα
2690 3608 2821 3681 ’περὶ⁵
2850 3605 3008 3659 τοῦτο
3049 3598 3412 3667 σπουδάζων),
3445 3591 3560 3685 ἀλλ’
3596 3589 3735 3685 ὅττερ

2156 3712 2222 3767 ἂν
2308 3706 2487 3780 τυχὼν
2505 3680 2678 3765 sin-0t,
2715 3680 2903 3761 ἁιτλῶς
2926 3696 3096 3757 οὓτως
3120 3693 3185 3745 ὲκ
3206 3690 3302 3743 τοῦ
3330 3680 3737 3780 συμϐεϐηκότος

2155 3803 2340 3865 καλεῖ,
2381 3800 2471 3854 τὸν
2509 3797 2606 3869 μὲν
2652 3793 2889 3864 πρῶτον,
2929 3788 3020 3842 τὸν
3065 3787 3122 3841 δὲ
3158 3784 3443 3853 δεύτερεν,
3482 3774 3736 3836 καὶτοὺς

2155 3896 2346 3957 ἄλλους
2380 3868 2611 3963 ὁμοίως,
2651 3887 2726 3950 ὡς
2779 3885 3011 3945 ἕκαστος
3056 3880 3169 3950 ἔχει
3213 3876 3420 3942 τάξεως
3463 3870 3600 3943 πρὸς
3643 3868 3737 3921 τὸν

2156 3988 2372 4062 πρῶτον
2394 4001 2409 4015 ⁶
2444 3982 2697 4052 καθάπερ
2724 3980 2775 4032 εῐ
2804 3994 2908 4041 τις,
2943 3976 3067 4038 τοὺς
3097 3973 3195 4043 τῆς
3231 3969 3412 4041 χειρὸς
3438 3964 3738 4028 δακτύλους

2155 4056 2416 4154 ὀνομάσαι
2447 4077 2665 4141 ἐθέλων,
2695 4074 2756 4157 ῳ
2800 4071 2892 4125 τὸν
2942 4069 3039 4140 μὲν
3078 4065 3232 4120 καλεῖ
3280 4063 3475 4136 μέγαν.
3514 4059 3549 4157 ᾗ
3582 4056 3737 4157 ἀντι-

2156 4149 2335 4248 χειρα,
2361 4172 2451 4227 τὸν
2465 4171 2522 4225 δὲ
2544 4149 2782 4240 λιχανδν,
2812 4165 2903 4218 τὸν
2931 4163 2989 4216 δὲ
3024 4160 3208 4233 μέσον,
3244 4157 3340 4209 καὶ
3362 4154 3489 4217 τοὺς
3515 4149 3738 4212 λοιποὺς

2156 4244 2417 4331 ῶσαύτως
2439 4283 2450 4298 ·
2498 4263 2613 4319 ἀλλ’
2646 4263 2736 4316 ὑπ’
2771 4259 3004 4328 ἀπορίας
3039 4254 3147 4309 τῶν
3174 4253 3427 4312 ἑκάστοις
3470 4244 3738 4317 κειμένων

482 4364 661 4422 turus,
714 4357 859 4412 hunc
897 4355 1149 4427 pollicem
1177 4337 1292 4412 non
1332 4361 1518 4419 vocet,
1568 4355 1722 4409 illum
1776 4355 2013 4413 indicem
2037 4399 2051 4424 ,

2159 4378 2225 4432 γε
2251 4359 2527 4431 ὀνομάτων
2561 4352 2796 4426 πρῶτον,
2821 4350 2916 4404 καὶ
2937 4346 3213 4418 δεύτερον,
3247 4341 3344 4396 καὶ⁸
3369 4337 3552 4413 τρίτον
3576 4350 3741 4407 προσο

2185 4438 2197 4450 ⁸
2345 4450 2356 4464 σ
2464 4448 2645 4468 an---“
2698 4445 2749 4468 ιι
2786 4442 2917 4468 ..μιιλ
2965 4441 3079 4468 -..τρ
3129 4435 3265 4468 ...λὶὲ-
3312 4432 3516 4468 ...ηιηηρ
3561 4428 3739 4468 ὶᾶδιηυ

481 4449 650 4502 altum
688 4448 948 4511 medium,
975 4455 1031 4504 et
1058 4448 1297 4519 reliquos
1347 4447 1600 4503 similiter
1633 4465 1646 4501 :
1682 4455 1738 4502 at
1774 4464 1888 4521 pra:
1924 4464 2060 4504 con-

482 4542 801 4597 stitutorum
831 4541 1063 4612 singulis
1091 4541 1372 4596 nominum
1398 4542 1647 4613 penuria,
1674 4542 1935 4613 primum,
1972 4557 2059 4598 se-

480 4632 745 4697 cundum,
766 4642 820 4687 et
847 4634 1071 4689 tertium
1086 4632 1255 4688 dicat.
1282 4631 1470 4703 Neque
1504 4649 1634 4689 vero
1664 4634 1733 4688 iis
1760 4634 1853 4704 qui
1879 4634 2058 4689 multo

482 4734 611 4780 ante
658 4724 998 4791 ﬂoruerunt,
1060 4725 1242 4782 minus
1301 4725 1518 4783 difficile
1592 4725 1765 4783 fuisse
1820 4726 2051 4783 vident:

481 4816 922 4887 quandoquidem
976 4818 1167 4874 Pollux
1207 4819 1414 4890 scripto
1455 4818 1533 4873 De
1572 4836 1749 4874 rerum
1783 4819 2054 4875 vocabulis

481 4910 626 4965 libro
649 4911 717 4965 ad
730 4908 1089 4965 Commodum
1119 4910 1412 4979 Caesarem,
1444 4913 1650 4968 mensis
1677 4913 1898 4982 quidem
1938 4913 2058 4969 dies

484 5013 545 5057 ut
593 5003 916 5058 numerandi
974 5012 1102 5059 sunt
1147 5004 1577 5074 nominandique
1620 5004 1790 5071 dicit;
1858 5005 1963 5059 etsi
2004 5004 2058 5058 id

483 5113 594 5151 non
633 5097 767 5152 satis
810 5104 960 5152 recte
992 5113 1010 5164 ;
1055 5097 1207 5167 ipsos
1246 5112 1376 5152 vero
1425 5112 1646 5153 menses
1678 5098 1889 5153 Atticos
1921 5112 2060 5168 prae-

484 5189 755 5246 termittit.
789 5189 954 5259 Atqui
990 5206 1088 5260 par
1112 5200 1229 5245 erat
1260 5206 1384 5245 eum
1419 5192 1743 5260 pmsertim,
1770 5191 1864 5261 qui
1894 5190 2061 5247 Com-

486 5278 705 5333 modum
737 5278 928 5333 alienre
962 5280 1159 5349 linguae
1188 5279 1366 5333 virum
1405 5279 1585 5335 Attice
1616 5280 1764 5351 loqui
1795 5281 2054 5343 doceret,

483 5378 834 5424 enumeratos
866 5385 1202 5439 nuncupare,
1237 5378 1291 5426 et
1322 5372 1393 5441 (si
1424 5372 1585 5426 modo
1628 5373 1814 5440 sciret)
1851 5372 1916 5425 ad
1944 5373 2058 5442 ple-

483 5477 616 5516 num
642 5462 937 5532 explicare.
989 5460 1105 5516 Non
1161 5462 1320 5518 facile
1368 5464 1532 5534 igitur
1579 5465 1791 5519 Atticos
1837 5480 2056 5519 menses

484 5550 749 5608 Romanis
777 5542 1009 5609 reddere
1050 5555 1383 5616 nominibus,
1408 5557 1937 5627 convenientemque
1967 5571 2060 5610 or-

486 5643 670 5698 dinem
694 5645 780 5700 bis
814 5644 1249 5700 accommodare.
1280 5645 1419 5701 Huic
1449 5647 1811 5702 nihilominus
1835 5649 2061 5718 inquisi-

2160 4428 2433 4524 ἀγορεύει.
2464 4448 2648 4502 Ἔοικε
2694 4445 2752 4498 δὲ
2786 4442 2920 4515 μηδὲ
2965 4441 3079 4503 τοῖς
3129 4435 3266 4491 πολὺ
3312 4432 3518 4506 πρόσθε
3547 4428 3739 4524 λρᾴἶδιον

2160 4519 2299 4601 εἶναι
2326 4561 2339 4575 ο
2375 4541 2542 4613 ὅτιδὴ
2566 4539 2663 4594 καὶ
2690 4534 3055 4605 Πολυδεύκης,
3082 4531 3152 4585 τὰ
3178 4522 3573 4598 Ὁνομιιστικὰ
3591 4519 3737 4613 Καιῖ

2118 4652 2127 4659 ’
2162 4654 2288 4709 σαρι
2315 4608 2592 4705 Κομμόδῳ
2638 4624 3059 4699 συγγεγραφὼς,
3091 4623 3191 4685 τὰς
3242 4620 3343 4692 μὲν
3384 4617 3613 4709 ἡμέρας-
3641 4608 3738 4665 τοῦ

2164 4705 2330 4801 μηνὸς
2358 4728 2506 4788 ὃπως
2543 4720 2878 4795 ἀριθμητέον
2921 4736 2983 4771 τε
3033 4717 3129 4770 καὶ
3169 4710 3502 4784 ὀνομαστέον
3556 4705 3740 4801 λέγει,

2160 4796 2350 4875 elixa!
2384 4818 2460 4891 μὴ
2502 4816 2706 4881 καλῶς,
2739 4814 2869 4877 τοὺς
2907 4814 3082 4884 μῆνας
3111 4808 3157 4863 δ’
3184 4807 3383 4867 αὐτοὺς
3416 4796 3741 4872 παρασιτῶν

2161 4912 2466 4969 ἀπολείπει.
2498 4911 2651 4983 Χρῆν
2682 4908 2740 4962 δὲ
2781 4903 3191 4977 καταριθμῆσαι
3221 4900 3318 4953 καὶ
3355 4895 3578 4957 τούτους
3618 4892 3743 4942 ὀνο-

2165 5008 2405 5079 μάζοντα
2441 5006 2535 5059 καὶ
2557 4998 2946 5071 διασαφοῦντα,
2973 4997 3133 5068 εἴπερ
3161 4994 3277 5066 ⁴ᾔδει
3296 5009 3310 5023 ·
3354 4989 3531 5050 ἄλλως
3559 5002 3619 5038 τε
3767 5043 3770 5045 λ

2161 5075 2446 5172 Κόμμοδον
2487 5098 2595 5152 τῶν
2645 5091 3056 5167 ἑτερογλώττων
3086 5088 3209 5142 τινὰ
3252 5082 3575 5146 Ἀττικίζειν
3596 5075 3746 5172 διδάρ

2163 5167 2359 5248 σκοντα
2390 5193 2488 5263 τὴν
2516 5191 2719 5260 φωνήν.
2751 5189 2907 5240 Ἔστι
2950 5185 3048 5256 μὲν
3080 5179 3172 5236 οὖν
3198 5180 3258 5233 οὗ
3293 5176 3478 5249 ῥᾴδιον
3514 5167 3743 5228 ἀπ⁰δ⁰ὖ’

2162 5304 2247 5340 ναι
2280 5289 2393 5349 τοῖς
2428 5262 2713 5354 Ῥωμαίων
2744 5281 2974 5351 ὀνόμασι
3014 5276 3087 5329 τὰ
3116 5273 3224 5328 τῶν
3269 5268 3570 5339 Ἀθηναίων
3609 5262 3743 5333 περὶ

2161 5378 2287 5440 τοὺς
2322 5377 2515 5447 μῆνας,
2543 5375 2640 5427 καὶ
2679 5374 2779 5445 τὴν
2815 5371 3197 5443 προσήκουσαν
3242 5362 3394 5429 τάξιν
3433 5360 3633 5431 εὑρεῖν.
3663 5355 3741 5410 Οὐ

2166 5469 2270 5540 μὴν
2300 5468 2433 5522 ἀλλὰ
2462 5467 2723 5539 ζητητέον
2766 5466 2861 5518 καὶ
2897 5462 3008 5516 τῶν
3037 5462 3130 5514 ἐπὶ
3172 5455 3580 5530 πραγματείαις
3625 5451 3739 5540 διας

2163 5538 2348 5629 ιρόίροις
2390 5552 2877 5627 μνημονευσάντων
2911 5550 3077 5622 μηνός
3115 5564 3209 5601 του
3238 5545 3305 5598 τὰ
3333 5541 3603 5611 λεγόμενα
3628 5538 3724 5589 ἐπι

2165 5649 2423 5703 σκεπτέον
2443 5666 2455 5678 ’
2485 5650 2580 5702 καὶ
2608 5650 2673 5700 ὲκ
2703 5645 2963 5699 πλειόνων
2985 5640 3360 5709 συλλογιστέον
3385 5632 3741 5706 διορίζοντας,

485 5732 620 5785 tioni
650 5748 811 5801 opera
840 5734 1019 5789 danda
1041 5742 1214 5798 est,el.
1251 5750 1440 5790 eorum
1456 5737 1551 5807 qui
1578 5736 1809 5792 diversis
1828 5736 2051 5792 i'nrebus

2167 5743 2252 5812 ἐφ’
2284 5745 2407 5796 ὅσον
2448 5739 2860 5815 διακριϐοῦσθαι
2897 5738 2992 5792 καὶ
3039 5736 3167 5807 περὶ
3217 5731 3327 5786 τῶν
3374 5727 3633 5783 τοιούτων
3678 5722 3742 5776 ἂι

486 5823 692 5879 mensis
718 5824 1031 5895 cuiuspiam
1050 5827 1445 5891 meminerunt,
1476 5829 1619 5885 dicta
1653 5829 2045 5901 inspectanda;

2155 5830 2271 5900 εἴη’
2302 5834 2449 5897 ὅπως
2479 5833 2547 5888 ἂν
2590 5832 2922 5899 Ἑλληνικοῖς
2968 5829 3197 5902 ὀνόμασι
3232 5826 3345 5881 τῶν
3385 5821 3571 5895 μηνῶν
3617 5817 3731 5872 ἔγω
