4112 6440
446 409 586 467 nos

1415 408 1762 469 resonos:
1801 412 2007 467 eam
2039 410 2240 468 uasa
2280 412 2370 468 DE
2401 388 2697 471 uessmu
2709 417 2764 470 s.

3577 386 3716 474 H70

447 546 549 601 μιν
601 528 882 601 χρῆσθαι,
933 532 1263 605 Ἑλληνικῶς
1322 530 1623 604 φράζοντες
1653 574 1668 598 ,
1718 532 1854 586 ἀλλὰ
1916 532 2019 604 μὴ,

2135 543 2249 588 tum
2272 549 2337 590 ex
2375 536 2629 605 pluribus
2669 536 2929 595 distincta
2971 536 3334 607 explicatione
3382 538 3718 592 ratiocinan-

443 620 626 675 ὀθνεῖα
661 621 1127 695 παραμιγνύντες,
1159 621 1458 693 ξενίζωμεν
1482 623 1612 694 περὶ
1645 622 1744 693 τὴν
1770 623 2031 694 πατρῴαν
2066 632 2071 639 '

445 712 654 785 φωνὴν,
683 714 777 768 καὶ
805 715 1011 788 ἐκμελῆ
1044 717 1136 770 τὸν
1168 715 1325 784 λόγον
1350 714 1615 785 ποιῶμεν.
1640 713 1937 783 Φιλοσόφου
1975 713 2041 788 δὲ,

444 805 542 860 καὶ
583 806 645 860 τὸ
690 808 820 880 περὶ
867 807 1058 863 τούτου
1098 807 1393 878 ἐσκέφθαισ
1431 807 1533 876 τῆς
1567 805 1739 875 αὐτῆς
1777 805 1888 875 γὰρ
1918 806 2037 858 ὲπιο

446 898 662 969 στήμης
702 901 850 954 ἐστὶν
873 900 1051 972 ὀρθῶς
1079 918 1139 954 τε
1169 904 1281 965 τοῖς
1327 899 1600 969 κειμένοις
1642 896 1878 969 χρῆσθαι
1909 897 2030 949 ὀνό-

447 1006 602 1060 μασι,
639 992 734 1044 καὶ
775 994 940 1064 μηδὲν
967 992 1248 1057 ἁλλοεθνὲς
1282 990 1636 1056 ἐπιπολάζειν
1667 991 1778 1052 τοῖς
1809 987 2030 1051 οἰκείοις

444 1084 538 1154 ὲᾷν
560 1101 574 1114 ο
606 1083 794 1156 ὥσπερ
824 1086 1015 1157 ἀμέλει
1043 1086 1139 1140 καὶ
1175 1085 1244 1140 τὰ
1280 1084 1379 1156 μὲν
1418 1084 1493 1155 μὴ
1520 1082 1833 1154 ὑπάρχοντα
1871 1096 2030 1150 νομο’

445 1180 618 1232 θετεῖν
641 1221 655 1243 ,
682 1179 751 1233 τά
794 1180 851 1233 δὲ
902 1172 1192 1253 μοχθηρῶς
1238 1178 1605 1250 ὠνομασμένοι
1654 1178 1771 1239 τοῖς
1812 1172 2029 1236 πολλοῖς

440 1270 798 1342 διορθοῦσθαι.
835 1271 991 1326 Οὕτω
1032 1273 1141 1345 γὰρ
1181 1272 1248 1328 ἂν
1291 1272 1495 1343 ἑκάστη
1539 1269 1648 1324 τῶν
1682 1263 2026 1337 ἐπιστημῶν,

442 1362 651 1434 βέλτιον
676 1364 736 1417 τδ
761 1365 932 1435 αὐτῆς
966 1364 1125 1436 ἔργον
1162 1363 1525 1428 ἀποτελοῦσα,
1557 1359 1920 1433 συμϐάλλοιτο
1947 1358 2030 1420 εἰς

439 1456 538 1529 τὴν
580 1457 861 1530 πολιτικὴν
908 1458 1193 1513 κοινωνίαν
1216 1475 1230 1490 ’
1292 1457 1524 1530 μάλιστα
1569 1454 1624 1507 δὲ
1648 1453 1705 1507 αἱ
1742 1450 1872 1522 περὶ
1901 1447 2027 1510 τοὺς

440 1550 654 1618 λόγους.

2134 624 2287 689 dum,
2327 639 2605 698 quatenus
2640 627 2758 683 ﬁeri
2810 629 3012 700 poterit
3064 628 3134 684 de
3171 630 3372 685 talibus
3408 637 3600 685 exacta
3632 632 3718 684 iu-

2133 722 2444 792 vestigatio,
2477 730 2539 777 ut
2561 721 2747 778 Graece
2790 722 3038 778 dicentes
3068 721 3274 779 Graecis
3310 724 3579 779 mensium
3614 741 3717 779 no-

2133 814 2373 870 minibus
2403 823 2665 883 utamur;
2692 822 2747 871 et
2773 831 2842 871 ne
2865 824 3093 871 externa
3115 815 3531 886 permiscentes,
3552 823 3716 886 atque

2132 904 2498 969 inculcantes,
2528 908 2584 961 in
2615 915 2870 964 nostrate
2893 910 3077 979 lingua
3109 910 3266 980 quasi
3296 909 3539 980 hospites
3563 923 3718 979 pere.

2134 997 2354 1067 grinum
2388 999 2649 1069 quiddam
2710 1016 2991 1066 sonemus,
3024 1009 3079 1057 et
3132 1003 3378 1073 ineptum
3429 1003 3716 1057 inconcin-

2135 1102 2376 1159 numque
2404 1105 2719 1147 sermonem
2750 1091 3034 1149 faciamus.
3076 1093 3250 1150 Porro
3282 1094 3587 1165 philosophi
3627 1100 3716 1149 est

2133 1178 2299 1233 etiam
2331 1180 2645 1250 hujusmodi
2693 1186 3130 1241 commentatio:
3183 1201 3306 1242 cum
3353 1186 3572 1257 quidem
3619 1200 3718 1257 pe-

2134 1264 2274 1321 ritiae
2305 1267 2377 1323 sit
2405 1269 2509 1325 rite
2538 1269 2816 1341 impositis
2844 1275 3162 1331 nominibus
3186 1278 3285 1342 uti,
3307 1282 3361 1331 et
3394 1276 3529 1331 nihil
3563 1292 3717 1347 pere-

2133 1357 2349 1428 grinum
2380 1362 2490 1431 pati
2531 1363 2586 1418 in
2624 1365 2867 1436 propriis
2886 1370 3309 1440 vernaculisque
3336 1368 3711 1440 superﬂuere:

2131 1443 2594 1518 quemadmodum
2640 1463 2790 1511 certe
2813 1496 2830 1519 ,
2884 1461 3104 1514 nomina
3135 1462 3181 1517 si
3212 1462 3441 1526 desunt,
3490 1470 3544 1518 et
3572 1478 3713 1518 nova

2132 1538 2371 1598 formare
2386 1553 2439 1599 et
2463 1561 2750 1617 perperam
2781 1565 2813 1603 a
2835 1552 3067 1609 rudibus
3097 1552 3268 1609 indita
3292 1557 3585 1626 corrigere.
3619 1555 3714 1611 Sic

442 1644 586 1698 enim
625 1660 966 1715 unaquaeque
1005 1645 1295 1716 disciplina
1365 1645 1560 1699 melius
1624 1641 1912 1712 magisque
1978 1647 2081 1690 suo
2137 1648 2364 1693 munere
2419 1639 2651 1713 fungens
2710 1646 2983 1704 universa:
3040 1649 3356 1720 reipublicae
3403 1652 3710 1722 conducat;

441 1738 711 1807 imprimis
740 1749 921 1795 autem
951 1756 1029 1796 eae
1057 1749 1206 1797 artes
1234 1756 1355 1811 quae
1398 1740 1711 1796 consistunt
1758 1737 1815 1789 in
1866 1730 2000 1788 recti
2036 1732 2309 1789 sermonis
2333 1736 2566 1794 ratione.

949 1879 1155 1950 Μῆνες
1193 1879 1533 1948 Ἀθηναίων.

514 1990 592 2051 B'.
621 1992 842 2048 Δώδεκα
874 1994 974 2066 μὲν
1008 1993 1306 2054 τοίνυνατὸν
1346 1992 1579 2065 ἀριθμὸν
1609 1988 1749 2045 εἶναι
1786 1991 2026 2060 ὀνόματα

439 2084 626 2158 μηνῶν
648 2086 843 2153 ταῦτα,
865 2086 942 2152 ὡς
975 2087 1243 2159 Ἀθηναῖοι
1266 2083 1425 2168 ἦγον,
1452 2085 1655 2149 πάντες
1679 2080 2022 2156 ὁμολογοῦσυ

788 2260 1160 2333 ιιίουνυχιωνα,

788 2330 1174 2404 θαργηλιῶνα,

795 2402 1234 2476 Σκιροφοριῶνα,

804 2472 1275 2546 Ἑκατομϐαιῶνα,

789 2542 1256 2614 Μεταγειτνιῶνα,

789 2612 1199 2685 Βοηδρομιῶνα,

789 2683 1296 2757 Μαιμακτηριῶνα,

789 2751 1169 2825 Πυανεψιῶνα.

803 2823 1259 2897 ᾊνθεστηριῶνα,

792 2893 1151 2963 Ποσειδεῶνα,

792 2963 1146 3037 ξᾏμηλιῶνα,

800 3034 1259 3108 Ἐλαφηϐολιῶνα.

506 3125 644 3198 Περὶ
668 3126 724 3181 δὲ
750 3128 956 3194 τάξεως
985 3132 1077 3185 καὶ
1116 3132 1207 3187 τοῦ
1250 3120 1450 3206 ἐφεξῆς
1484 3137 1517 3206 ἡ
1553 3135 1786 3208 διαφορά
1824 3153 1883 3191 τε
1926 3138 2019 3191 καὶ

2489 1875 2649 1950 154
2690 1877 2896 1936 Menses
2938 1882 3354 1941 Atheniensium.

2203 1980 2269 2036 ll.
2310 1982 2447 2042 Esse
2471 1987 2641 2059 igitur
2666 1990 2781 2046 haec
2817 1993 3124 2051 Atticorum
3158 2000 3429 2055 mensium
3458 2001 3710 2066 nomina,

2132 2072 2424 2133 duodecim
2468 2096 2722 2149 numero,
2745 2085 3003 2142 omnibus
3035 2087 3092 2142 in
3134 2089 3393 2148 confesso
3427 2101 3533 2149 est.
3571 2091 3713 2150 Sunt

2131 2176 2313 2225 autem
2344 2170 2461 2228 haec
2490 2190 2504 2226 :

2487 2262 2818 2338 ynnychion
2844 2307 2861 2334 ,

2487 2333 2819 2408 Thargelion
2844 2333 2860 2403 ,

2485 2402 2876 2477 §eirophorion

2482 2473 2900 2546 ﬂecat‘ombaon
2927 2520 2944 2546 ,

2485 2543 2840 2618 Metagitnion
2863 2591 2879 2615 ,

2478 2614 2844 2674 Boedromion
2862 2663 2876 2685 ,

2481 2685 2884 2757 Mamacterion
2912 2730 2929 2757 ,

2477 2753 2821 2829 Pyanepsion
2839 2802 2853 2824 ,

2478 2828 2867 2897 Anthesterion
2895 2872 2910 2897 ,

2478 2896 2750 2970 Ifosideon
2767 2944 2783 2970 ,

2479 2967 2805 3033 Gamelion,

2487 3037 2904 3111 Elaphebolion.

2194 3126 2465 3186 Caeterum
2516 3135 2642 3205 quis
2674 3137 2830 3206 ordo,
2857 3144 2912 3193 et
2938 3154 3061 3209 qua:
3100 3156 3293 3206 series,
3326 3149 3488 3215 atque
3539 3145 3704 3199 etiam

432 3218 844 3293 ἀμφισϐήτησίς
889 3225 1039 3277 ἐστι’
1077 3227 1213 3299 πρὸς
1244 3227 1299 3281 δὲ
1333 3231 1427 3283 καὶ
1460 3230 1587 3302 περὶ
1614 3229 1727 3293 τοῦ,
1763 3230 1879 3293 πῶς
1922 3232 2019 3299 δεῖ,

2126 3225 2435 3293 quomodo,
2485 3233 2538 3282 et
2580 3229 2782 3299 quibus
2834 3231 3019 3287 verbis
3074 3232 3129 3287 in
3164 3230 3414 3289 Latinam
3456 3235 3703 3307 linguam

438 3312 845 3384 μεταφέροντας
897 3319 978 3381 εἰς
1030 3317 1129 3390 τὴν
1169 3320 1414 3375 Λατίνων
1462 3321 1675 3393 φωνὴν,
1708 3323 2017 3395 ὀνομάζειν.

435 3400 661 3472 Πρῶτον
704 3403 769 3476 δὴ
816 3408 944 3477 περὶ
986 3408 1192 3475 τάξεως
1238 3413 1332 3466 καὶ
1374 3412 1469 3465 τοῦ
1524 3413 1722 3487 ἐφεξῆς
1771 3416 1975 3470 τούτων
2002 3433 2016 3447 ·

436 3493 627 3548 ἔπειτα
671 3497 798 3565 περὶ
829 3499 1124 3571 ἑρμηνείας
1150 3501 1470 3575 θεωρητέον.
1502 3508 1659 3560 Δοκεῖ
1687 3508 1797 3580 γὰρ
1833 3509 2021 3583 ὥσπερ

435 3591 697 3658 στοιχεῖον
752 3591 1046 3663 ἑρμηνείας
1088 3590 1223 3648 οὖσα
1272 3596 1479 3652 τούτων
1516 3600 1549 3671 ἡ
1594 3599 1784 3665 τάξις·
1814 3602 1907 3654 καὶ
1952 3603 2023 3656 τὰ

434 3680 608 3736 πολλὰ
641 3682 772 3749 ἴσως
810 3685 919 3739 τῶν
944 3686 1080 3758 πρὸς
1114 3689 1214 3759 τὴν
1248 3690 1547 3762 ἑρμηνείαν
1589 3694 1873 3748 τεινόντων
1911 3695 2020 3749 δέοι

432 3771 523 3839 ἂν,
555 3772 933 3845 λαμϐάνοντας
958 3780 1024 3834 ὲκ
1046 3778 1153 3833 τῶν
1175 3781 1275 3851 τῆς
1311 3784 1615 3849 συντάξεως
1642 3785 1878 3851 οἰκείων,
1907 3786 2019 3840 δει-

431 3866 635 3923 κνύειν.
673 3870 827 3925 Μετὰ
867 3872 923 3925 δὲ
960 3872 1134 3927 ταῦτα
1181 3875 1310 3947 περὶ
1339 3877 1530 3947 χρείας
1567 3878 1760 3949 ῥητέον
1786 3895 1800 3910 ·
1827 3878 2018 3933 τούτου

433 3957 545 4031 γὰρ
581 3960 742 4015 ἓνεκα
770 3963 864 4016 καὶ
896 3964 996 4037 τὴν
1027 3966 1181 4031 τάξιν
1214 3968 1412 4024 ειδέναι
1457 3970 1692 4040 μάλιστα
1728 3971 2021 4045 προαιρού-

437 4047 598 4118 μεθα.
630 4050 740 4104 Καὶ
777 4053 911 4125 πρὸς
952 4056 1195 4120 τούτοις,
1224 4058 1280 4111 εί
1312 4077 1362 4112 τι
1403 4060 1532 4114 ἄλλο
1568 4079 1686 4126 πως
1720 4065 1919 4117 οἰκεῖον
1949 4064 2015 4135 τῇ

436 4137 627 4208 σκέψει
677 4141 805 4212 τῇδέ
832 4143 970 4209 ἐστι,
1009 4145 1406 4219 προσληπτέον,
1440 4149 1616 4222 βραχύ
1651 4168 1705 4204 τι
1749 4169 2020 4225 συμπερι-

430 4229 838 4303 λαμϐάνοντας,
862 4229 953 4289 ’ἵνα
992 4237 1068 4309 μὴ
1098 4237 1190 4291 τοῦ
1228 4238 1393 4311 ἔργου
1429 4242 1617 4312 μεῖζον
1644 4244 1707 4298 τὸ
1741 4245 2018 4318 πάρεργον

432 4322 672 4395 ¹γίνηται.

821 4443 962 4509 Περὶ
993 4442 1220 4510 τάξεως
1252 4443 1372 4500 τῶν
1392 4446 1624 4517 μηνῶν.

2122 3316 2518 3376 transferentes
2546 3323 2820 3393 appellare
2851 3332 3140 3395 oporteat,
3189 3328 3279 3383 hic
3316 3320 3608 3385 discrimen
3633 3341 3703 3387 ἐι

2121 3414 2518 3469 controversia.
2552 3413 2799 3470 Primum
2845 3417 3011 3489 igitur
3056 3419 3124 3475 de
3164 3420 3359 3477 ordine
3406 3431 3462 3478 et
3515 3424 3699 3493 serie;

2121 3512 2245 3574 post
2276 3505 2344 3561 de
2393 3506 2844 3579 interpretatione
2896 3512 3380 3572 considerandum.
3429 3514 3701 3572 Nimirum

2121 3596 2258 3651 ordo
2314 3597 2431 3670 ipse
2489 3601 2639 3656 velut
2691 3603 3163 3675 interpretationis
3214 3608 3545 3663 elementum
3576 3613 3701 3677 est,

2122 3702 2245 3741 cum
2274 3698 2328 3743 et
2353 3690 2523 3745 multa
2554 3690 2693 3749 forte
2722 3709 2910 3749 eorum
2946 3713 3069 3768 qua:
3098 3697 3166 3752 ad
3194 3698 3701 3769 interpretationem

2120 3779 2384 3849 tendunt,
2428 3800 2494 3864 ex
2536 3789 2965 3845 constructionis
3004 3790 3324 3863 ordinisque
3374 3793 3702 3864 proprietate

2119 3872 2427 3929 clieientem
2452 3858 2719 3947 .oporteat
2763 3881 3073 3938 ostendere.
3120 3858 3252 3938 Mox-
3274 3884 3341 3940 de
3374 3858 3704 3941 usudicen-

2120 3968 2249 4023 dum
2281 3988 2296 4025 :
2333 3971 2493 4041 cuius
2540 3976 2714 4045 gratia
2757 3977 3005 4032 ordinem
3039 3980 3180 4035 scire
3209 3979 3479 4052 imprimis
3509 3980 3703 4035 statui-

2120 4076 2263 4118 mus.
2291 4063 2372 4118 Ad
2393 4064 2528 4132 hazc,
2548 4067 2593 4123 si
2615 4069 2745 4139 quid
2777 4070 2923 4126 aliud
2955 4071 3081 4127 huic
3097 4072 3547 4128 commentationi
3573 4089 3704 4143 pro.
3784 4130 3787 4133 .

2120 4155 2493 4224 prium,nobis
2514 4164 2904 4218 assumendum
2929 4172 3034 4228 est,
3060 4167 3523 4236 compendiariam
3552 4169 3710 4224 viam‘

2120 4248 2582 4319 amplexantibus,
2614 4263 2675 4308 ut
2695 4271 2765 4312 ne
2792 4257 2975 4327 operis
2996 4257 3379 4315 diverticulum
3411 4258 3505 4314 liat
3531 4273 3697 4331 opere

2119 4339 2370 4398 instituto
2404 4343 2604 4415 majus.

2604 4460 2681 4516 De
2722 4460 2907 4517 ordine
2937 4465 3215 4520 mensium.

500 4551 576 4608 1".
614 4552 870 4625 Εἰλήφθω
909 4556 1201 4629 τοιγαροῦν
1231 4558 1338 4631 μὴν
1384 4563 1413 4614 ό
1449 4561 1629 4633 τυχὼν
1672 4565 1890 4636 πρῶτος
1936 4566 2014 4639 τῷ

2188 4562 2276 4620 Ill.
2339 4564 2600 4624 Sumatur
2655 4544 2841 4641 itaque
2890 4573 3101 4643 primus
3159 4577 3394 4649 quisque
3468 4579 3699 4647 mensis,

427 4645 573 4718 λόγῳ
598 4664 612 4678 ·
647 4646 787 4700 ἔστω
833 4646 912 4712 δὲ,
942 4650 991 4702 εί
1030 4649 1208 4718 δοκεῖ,
1251 4652 1551 4708 Ποσειδεὼν
1574 4672 1588 4686 ⁸
1632 4655 1772 4728 μετὰ
1818 4659 2012 4712 Ποσει-

426 4738 601 4794 δεῶνα
628 4738 692 4811 δὴ
722 4738 884 4804 εὐθὺς
912 4741 952 4793 Γ
954 4741 1223 4813 αμηλιών.
1250 4746 1544 4820 Μάρτυρες
1570 4748 1629 4803 δὲ
1651 4750 1841 4806 τούτου
1868 4752 2013 4824 Ἀρι-

431 4831 685 4902 στοτέλης
709 4850 768 4886 τε
790 4835 886 4888 καὶ
904 4833 1265 4908 Θεόφραστος,
1290 4837 1482 4910 ἄνδρες
1507 4841 1744 4906 παλαιᾶς
1768 4844 2007 4916 μνήμης,

427 4923 521 4979 καὶ
544 4923 824 4997 ἐμπείρως
850 4925 1066 4995 ἔχοντες
1090 4927 1191 4997 τῆς
1238 4928 1534 5000 Ἀθηναίων
1561 4934 1767 5005 φωνῆς.
1790 4938 1884 4990 Δεῖ
1902 4937 2010 5010 γάρ

430 5014 505 5086 μὴ
531 5016 823 5088 ἀμάρτυρα
850 5018 1101 5085 φάσκειν,
1138 5019 1215 5084 ὡς
1242 5021 1292 5074 οἳ
1329 5023 1529 5094 προτοῦ
1566 5025 1742 5091 θέσεις
1776 5028 1911 5100 πρὸς
1932 5029 2010 5101 τῷ

423 5107 610 5178 ψευδεῖ
641 5108 736 5161 καὶ
775 5108 1104 5174 ἀδεσπότους
1145 5110 1555 5181 ἀποδεδώκασι,
1588 5115 1836 5186 λέγοντες
1878 5122 2007 5191 περὶ

424 5199 630 5256 τούτων
656 5215 671 5231 ’
717 5199 830 5253 ἀλλ’
874 5202 959 5272 ἐφ’
1017 5203 1269 5268 ἑκάστοις
1343 5206 1628 5278 μάρτυρας
1674 5211 2006 5282 παρέχεσθαι

424 5294 628 5366 ἄνδρας
652 5293 1020 5361 ἀξιοπίστους,
1051 5296 1241 5370 ὥσπερ
1269 5300 1327 5352 ὲν
1364 5299 1718 5375 δικαστηρίῳ.
1752 5304 1867 5357 Πᾶν
1898 5304 2006 5379 γάρ

423 5387 488 5444 τὸ
524 5389 584 5442 ὲν
610 5389 822 5453 τούτοις
853 5389 1046 5444 πιστὸν
1088 5392 1191 5446 οὐκ
1232 5394 1297 5446 ὲκ
1332 5395 1651 5467 τεκμηρίων
1695 5398 1791 5451 καὶ
1833 5398 2005 5469 λόγων

422 5482 700 5547 τοιούτων,
739 5482 853 5537 ἀλλ’
881 5481 942 5548 ἐξ
972 5476 1050 5537 ὧν
1088 5501 1233 5549 τινες
1259 5485 1373 5542 τῶν
1403 5487 1630 5553 ἐνδόξων
1666 5488 1822 5545 εἶπόν
1861 5492 2003 5548 ἐστι.

423 5573 645 5630 Τούτων
664 5575 728 5647 δὴ
746 5578 775 5630 ό
799 5577 898 5647 μὲν
920 5578 978 5630 ὲν
1000 5579 1064 5649 τῇ
1088 5579 1216 5648 περὶ
1238 5578 1307 5633 τά
1326 5578 1442 5645 ζῶα
1466 5582 1676 5654 ἱστορίᾳ
1696 5576 1799 5639 ὧδε
1821 5584 1968 5656 λέγει
1986 5603 1999 5618 ·
2030 5652 2039 5657 _

431 5686 450 5718 ι
490 5669 555 5723 Ἦ
599 5669 654 5723 δὲ
702 5670 883 5735 θυννὶς
930 5671 1076 5739 ἅπαξ
1122 5671 1296 5725 τίκτει
1324 5690 1338 5704 ο
1384 5673 1521 5729 ἀλλὰ
1561 5676 1651 5731 διὰ
1688 5678 1748 5731 τὸ
1788 5678 1856 5733 τὰ
1906 5681 2005 5751 μὲν

425 5758 625 5830 πρώῖα,
648 5759 717 5814 τὰ
745 5761 801 5814 δὲ
832 5761 959 5831 dalata
989 5763 1293 5834 προΐεσθαι,
1326 5765 1408 5829 δὶς
1427 5767 1577 5821 δοκεῖ
1605 5768 1829 5825 τίκτειν.
1849 5773 2003 5826 Ἔστι

423 5847 482 5904 δὶ
513 5852 542 5903 ό
568 5851 669 5922 μὲν
692 5852 905 5925 πρῶτος
930 5853 1086 5920 τόκος
1121 5856 1246 5925 περὶ
1277 5855 1366 5911 τὸν
1398 5858 1734 5916 Ποσειδεῶνα
1765 5862 1869 5952 πρὸ
1897 5862 2005 5919 τῶν

2118 4670 2240 4713 sese
2262 4664 2323 4712 ut
2352 4659 2586 4717 dicendo
2615 4662 2909 4732 obtulerit;
2955 4666 3170 4736 sitque,
3223 4668 3269 4724 si
3311 4669 3508 4739 placet,
3542 4669 3700 4727 Posi-

2116 4746 2294 4814 deon;
2353 4759 2479 4820 post
2533 4752 2679 4808 hunc
2722 4755 2985 4812 continuo
3033 4755 3337 4815 Gamelion.
3392 4761 3564 4832 Cujus
3618 4763 3699 4819 rei

2118 4845 2288 4895 testes
2320 4841 2643 4899 Aristoteles
2663 4854 2718 4900 et
2740 4845 3170 4918 Theophrastus.
3203 4852 3399 4921 prisca:
3419 4856 3699 4912 memoriae

2118 4931 2240 4997 viri,
2260 4941 2428 5004 atque
2451 4934 2644 4992 Atticae
2668 4938 2865 5010 linguae
2888 4941 3068 5010 periti.
3099 4941 3286 5013 Neque
3310 4946 3456 4999 enim
3481 4946 3569 5002 hic
3588 4962 3697 5004 non

2114 5023 2399 5094 productis
2430 5027 2761 5084 testimoniis
2804 5044 2967 5100 agere
3007 5032 3168 5100 licet,
3226 5036 3412 5107 utqui
3465 5039 3700 5094 antehac

2116 5113 2307 5179 falsas,
2337 5116 2679 5186 testibusque
2700 5126 2924 5188 egentes
2967 5121 3273 5190 positiones
3301 5124 3650 5181 tradiderunt
3677 5166 3694 5191 ,

2115 5205 2260 5260 hanc
2286 5205 2354 5261 de
2384 5208 2666 5264 mensibus
2720 5211 3079 5280 quaestionem
3129 5220 3427 5269 tractantes
3459 5233 3471 5269 :
3504 5231 3695 5271 verum

2072 5315 2080 5323 ·
2113 5298 2170 5352 in
2205 5300 2439 5369 singulis
2467 5307 2639 5356 testes
2661 5303 2933 5368 excitare,
2975 5304 3125 5359 viros
3152 5304 3450 5376 locupletes
3485 5314 3542 5361 et
3590 5306 3697 5362 nde

2112 5390 2307 5462 dignos
2336 5406 2473 5462 opus
2503 5399 2609 5456 est,
2638 5408 2746 5448 non
2776 5410 2936 5450 secus
2965 5406 3128 5466 atque
3164 5400 3217 5452 in
3238 5388 3469 5467 judicio.
3525 5400 3697 5466 Quid-
3762 5454 3772 5463 ,

2112 5483 2244 5554 quid
2270 5485 2415 5539 enim
2457 5487 2515 5539 in
2544 5486 2630 5541 his
2664 5487 2964 5556 probabile,
2998 5505 3106 5543 non
3141 5508 3203 5545 ex
3236 5491 3407 5561 signis
3435 5506 3695 5550 necessa-

2113 5579 2234 5640 riis,
2268 5578 2697 5651 hujusmodique
2742 5582 3049 5637 rationibus
3088 5586 3239 5654 sequi
3281 5594 3542 5655 oportet:
3596 5589 3695 5645 sed

2110 5685 2178 5725 ex
2214 5671 2282 5726 iis
2313 5687 2560 5736 sumere,
2611 5688 2731 5744 qua:
2760 5674 2947 5731 dixere
2983 5677 3118 5731 clari
3165 5678 3522 5749 celebresque
3560 5679 3688 5735 viri.

2112 5763 2320 5823 Horum
2374 5764 2542 5837 igitur
2587 5766 2729 5821 alter
2759 5767 2812 5820 in
2846 5768 3076 5823 historia
3106 5770 3427 5825 animalium
3459 5772 3540 5827 sic
3569 5770 3647 5825 ait
3676 5789 3690 5825 :

2118 5878 2136 5913 ι
2172 5858 2405 5915 Thunna
2457 5858 2619 5914 etiam
2650 5860 2817 5917 semel
2848 5863 3022 5932 parit:
3064 5863 3158 5919 sed
3191 5878 3318 5920 cum
3367 5864 3505 5921 alios
3550 5862 3694 5920 fetus
3749 5890 3758 5923 ι
