4132 6410
414 392 543 448 “7|

1435 398 1525 454 AD
1573 398 1845 457 EUSEBII
1876 399 2275 459 CHROMCON
2315 399 2705 458 APPENDIX.-

3535 394 3676 451 H79

406 517 789 581 prematuros,
815 513 954 572 alios
1000 516 1275 575 serotinos
1320 518 1623 590 producat,
1654 521 1741 577 bis
1777 522 1995 579 videtur

2099 523 2338 596 τροπῶν,
2372 524 2401 575 ὁ
2422 523 2467 575 δ’
2502 522 2728 594 ὕστερος
2752 519 2848 575 τοῦ
2878 518 3062 593 ἔαρος.
3095 539 3113 572 ι
3146 519 3489 592 Θεόφραστος
3516 520 3573 573 δὲ
3613 520 3676 573 ἐν

408 618 603 670 parere
628 623 643 659 :
679 604 902 677 editque
932 606 1172 677 priorem
1202 616 1419 681 partum
1465 610 1691 668 circiter
1719 611 1984 669 Posideo-

408 709 535 749 nem
577 705 705 754 ante
761 697 1012 753 brumam
1034 739 1052 764 ,
1111 702 1473 770 posteriorem
1531 719 1675 761 vere.
1731 725 1751 758 ι
1812 704 1986 762 Porro

410 784 824 858 Theophrastus
852 790 910 847 in
967 792 1193 848 historia
1248 793 1317 850 de
1370 795 1618 865 plantis,
1652 797 1982 869 principium

410 885 668 937 sementis
698 884 949 940 secundm
974 891 1099 955 post
1136 884 1383 943 brumale
1419 888 1714 945 solstitium
1744 904 1867 947 esse
1900 889 1986 945 di-

409 970 507 1035 cit,
530 988 717 1031 mense
743 973 1056 1033 Gamelione
1081 996 1095 1034 :
1149 979 1311 1050 cujus
1337 981 1560 1052 quidem
1598 983 1842 1039 auctoris
1869 983 1985 1039 haec

409 1070 540 1118 sunt
582 1065 747 1122 verba
779 1084 795 1122 :
829 1086 849 1120 ι
879 1067 957 1124 ita
998 1070 1313 1141 appellant,
1356 1090 1379 1122 ι
1402 1072 1599 1144 inquit,
1628 1090 1649 1124 ι
1691 1087 1801 1128 non
1830 1081 1986 1131 satus

409 1156 627 1226 quidem
654 1159 919 1216 rationem
950 1161 1231 1226 habentes,
1259 1162 1355 1219 sed
1376 1172 1533 1219 ortus
1554 1171 1610 1221 et
1638 1179 1773 1219 usus
1797 1165 1987 1234 cujus-

408 1262 556 1317 que:
602 1251 1046 1324 quandoquidem
1088 1265 1245 1312 satus
1284 1257 1344 1311 lit
1379 1258 1677 1313 contrariis
1707 1257 1820 1313 fere
1849 1268 1987 1314 tem-

408 1339 656 1410 poribus.
704 1340 1041 1417 Principium
1071 1348 1217 1402 enim
1254 1347 1469 1404 hiberni
1503 1348 1699 1420 (quem
1750 1349 1985 1418 primam

409 1445 706 1491 sementem
735 1438 1043 1511 appellant)
1095 1447 1221 1511 post
1247 1440 1496 1496 aestivum
1526 1441 1822 1496 solstitium
1864 1451 1983 1506 est,

410 1537 601 1581 mense
648 1525 1079 1601 Metagitnione:
1134 1540 1189 1587 at
1220 1548 1439 1589 rursum
1491 1533 1715 1589 secundi
1743 1573 1758 1596 ,
1800 1548 1988 1589 mense

414 1615 763 1689 Gamelione,
815 1633 940 1693 post
985 1625 1283 1684 solstitium
1335 1625 1648 1681 hibernum.
1694 1644 1714 1677 ι
1756 1625 1812 1680 Si
1856 1639 1988 1695 ergo

417 1710 624 1766 dictum
652 1720 739 1768 est
766 1729 796 1769 a
820 1716 985 1772 claris
1007 1716 1119 1774 illis
1143 1718 1276 1773 viris
1299 1758 1315 1784 ,
1363 1718 1587 1773 circiter
1630 1715 1988 1772 Posideonem

415 1808 544 1859 ante
579 1802 853 1872 brumam,
885 1817 939 1864 et
969 1824 1155 1865 mense
1181 1807 1495 1865 Gamelione
1537 1820 1663 1880 post
1700 1809 1984 1863 brumam:

2089 617 2156 686 τῇ
2188 607 2314 685 περὶ
2342 614 2412 667 τὰ
2437 614 2580 684 φυτά
2615 614 2828 686 ἱστορίᾳ
2867 613 3045 685 ἀρχὴν
3078 606 3218 665 εἷναί
3259 628 3392 682 φησι
3419 610 3515 665 τοῦ
3554 610 3677 665 δευ-

2088 706 2247 778 τέρου
2275 705 2383 760 τῶν
2405 704 2618 778 ἀροτῶν
2652 706 2772 777 μεθ’
2804 705 2955 778 ήλίου
2982 704 3189 777 τροπάς
3218 704 3556 777 χειμερινὰς,
3577 703 3675 758 τοῦ

2090 796 2443 868 Γαμηλιῶνος
2475 796 2664 869 μηνός.
2692 799 2845 869 Ἔχει
2866 798 2922 851 δὲ
2951 799 2984 869 ἠ
3017 796 3162 861 λέξις
3186 795 3334 867 αὐτῷ
3360 789 3483 849 ὧδεο
3518 813 3537 846 ι
3557 797 3676 848 Κα-

2092 888 2245 942 λοῦσι
2278 888 2335 942 δὲ
2360 888 2533 953 οὕτως
2563 890 2625 942 οὐ
2656 888 2792 960 πρὸς
2815 889 2912 959 τὴν
2943 888 3154 959 σπορὰν
3196 886 3503 956 βλέποντες,
3537 883 3679 939 ἀλλὰ

2092 980 2230 1050 πρὸς
2273 979 2371 1051 τὴν
2411 980 2628 1050 γένεσιν
2665 980 2761 1034 καὶ
2791 980 2891 1051 τὴν
2928 979 3118 1052 χρείαν
3156 978 3410 1032 ἑκάστου.
3458 977 3610 1030 Ἐπεὶ
3637 977 3675 1047 ἦ

2091 1087 2155 1140 γε
2187 1070 2367 1143 σπορὰ
2406 1070 2592 1142 σχεδὸν
2617 1071 2675 1124 ὲν
2706 1074 2820 1135 τοῖς
2853 1070 3118 1133 ἐναντίοις
3146 1069 3373 1138 γίνεται.
3410 1069 3678 1139 Χειμερι-

2092 1163 2184 1217 νοῦ
2214 1163 2323 1237 γὰρ
2364 1164 2506 1235 ἀρχὴ
2554 1162 2696 1235 μετὰ
2726 1162 2937 1235 τροπάς
2973 1162 3193 1233 θερινὰς
3217 1201 3231 1225 ,
3262 1161 3359 1215 τοῦ
3401 1162 3674 1233 Μεταγει-

2093 1253 2319 1318 τνιῶνος
2354 1254 2522 1325 μηνὸς
2561 1252 2807 1326 (καλοῦσι
2844 1253 2903 1309 δὲ
2930 1253 3117 1307 τοῦτον
3151 1252 3368 1326 πρῶτον
3400 1251 3509 1305 τῶν
3547 1252 3678 1323 ἀρο-

2090 1344 2220 1408 τῶν)
2237 1363 2249 1374 ·
2279 1343 2373 1398 τοῦ
2396 1346 2650 1416 δευτέρου
2683 1344 2845 1399 πάλιν
2881 1344 2998 1415 μεθ’
3026 1344 3176 1415 ἡλίου
3202 1344 3409 1416 τροπάς
3434 1359 3678 1414 χειμερι-

2092 1436 2211 1501 νὰς,
2237 1435 2331 1490 τοῦ
2359 1435 2709 1507 Γαμηλιῶνος
2736 1436 2921 1507 μηνός.
2945 1454 2964 1486 ι
2997 1435 3061 1487 Εἰ
3090 1435 3153 1507 δὴ
3184 1434 3315 1506 περὶ
3339 1433 3677 1488 Ποσειδεὼν..

2098 1526 2205 1599 πρὸ
2224 1526 2335 1580 τῶν
2364 1525 2604 1599 τροπῶν,
2633 1526 2727 1579 καὶ
2750 1525 3103 1597 Γαμηλιῶνος
3135 1524 3272 1596 μετὰ
3300 1523 3509 1596 τροπάς
3527 1540 3539 1553 ·
3570 1523 3676 1575 Γα-
3746 1561 3767 1583 ,

2098 1618 2345 1690 μηλιῶνα
2375 1617 2514 1689 μετά
2557 1616 2893 1671 Ποσειδεῶνα
2931 1612 3071 1671 εἶναι
3104 1619 3342 1687 ἀνάγκη.
3377 1617 3465 1680 Ὧς
3500 1615 3558 1669 δὲ
3583 1615 3679 1668 καὶ

2094 1709 2313 1781 ἐφεξῆς,
2351 1710 2631 1780 συμφανὲς
2657 1713 2722 1763 ὲκ
2744 1709 2838 1762 τοῦ
2872 1710 3258 1781 προκειμένου,
3289 1709 3383 1762 καὶ
3414 1708 3513 1776 τῆς
3539 1708 3679 1779 φρά-

2097 1820 2235 1866 σεως
2273 1801 2419 1855 τοῦτ’
2458 1802 2680 1856 ἀκούειν
2707 1801 2905 1873 χρεών.
2946 1804 3002 1856 '0
3042 1801 3153 1873 γὰρ
3188 1803 3315 1873 περὶ
3339 1799 3679 1854 Ποσειδεῶνα

413 1893 782 1954 Gamelionem
831 1909 957 1970 post
1004 1898 1365 1957 Posideonem
1411 1901 1539 1957 inde
1588 1915 1711 1957 esse
1763 1914 1992 1955 necesse

2099 1895 2199 1967 πρὸ
2220 1894 2328 1948 τῶν
2348 1894 2565 1966 τροπῶν
2591 1894 2764 1963 λέγων
2787 1895 2880 1948 καὶ
2900 1893 3252 1965 Γαμηλιῶνος
3284 1893 3423 1965 μετά
3449 1892 3677 1964 τροπὰς,

409 1995 515 2044 est.
544 1988 700 2055 Quod
734 1999 915 2047 autem
965 2008 1091 2047 mox
1130 1994 1294 2048 etiam
1339 1999 1620 2063 sequatur,
1651 1992 1877 2048 evidens
1903 1998 1991 2047 est

409 2094 477 2134 ex
500 2081 936 2150 praecedentibus
961 2121 978 2147 ,
1018 2090 1073 2138 et
1119 2098 1187 2139 ex
1221 2084 1531 2140 elocutione
1579 2083 1633 2137 id
1690 2083 1993 2154 intelligere

411 2173 688 2230 convenit.
747 2172 851 2241 Qui
899 2189 1137 2245 namque
1183 2175 1314 2231 dicit
1354 2175 1575 2231 circiter
1630 2174 1990 2231 Posideonem

413 2272 542 2319 ante
583 2265 866 2330 brumam,
909 2273 966 2322 et
1015 2265 1334 2323 Gamelione
1394 2274 1518 2337 post
1569 2268 1859 2334 brumam;
1906 2268 1992 2321 vel

413 2353 571 2407 circa'
592 2369 718 2409 eum
748 2370 991 2411 mensem
1037 2357 1221 2428 (quem
1258 2358 1526 2431 nominat)
1579 2357 1661 2417 id,
1692 2360 1991 2414 solstitium

410 2457 535 2501 esse
561 2445 699 2510 vult,
719 2445 801 2501 vel
833 2454 981 2503 certe
1003 2449 1150 2503 circa
1177 2450 1487 2518 proximum
1523 2450 1831 2507 ostendere.
1855 2449 1991 2505 Nam

410 2535 557 2607 quod
596 2535 860 2593 hibernus
894 2537 969 2593 sit
1014 2537 1307 2604 Posideon,
1337 2554 1405 2594 ex
1436 2540 1505 2594 iis
1538 2540 1592 2593 in
1623 2548 1878 2611 promptu
1906 2546 1992 2595 est

411 2640 536 2697 quae
570 2624 897 2684 Aristoteles
941 2629 997 2683 in
1028 2628 1218 2685 eadem
1267 2629 1499 2685 historia
1525 2669 1541 2694 ,
1594 2630 1663 2686 de
1695 2629 1991 2701 mugilibus

411 2719 659 2792 piscibus
683 2720 1127 2777 commodissime
1154 2721 1439 2776 discernit.
1488 2720 1624 2777 Cum
1656 2722 1800 2777 enim
1837 2720 1991 2792 prius

412 2813 662 2878 dixisset,
692 2813 871 2869 hieme
894 2813 1149 2884 mugilem
1176 2828 1388 2883 parere,
1410 2821 1598 2884 postea
1627 2813 1814 2869 subdit
1835 2828 1991 2867 men-

413 2918 554 2970 sem,
579 2904 728 2960 circa
756 2920 920 2975 quem
949 2904 1113 2975 parit,
1143 2914 1269 2975 puta
1293 2902 1677 2961 Posideonem.
1711 2903 1838 2959 Haec
1865 2919 1994 2959 vero

415 3005 646 3064 utraque
703 2994 761 3049 in
827 2994 1023 3065 quinto
1092 2994 1335 3049 historiae
1389 2994 1479 3051 his
1517 2995 1700 3051 verbis
1752 2995 1991 3051 scribit:

420 3105 441 3136 ε
476 3084 618 3141 Sunt
649 3093 831 3141 autem
860 3102 982 3157 quae
1005 3086 1089 3142 vel
1114 3102 1212 3157 per
1245 3088 1503 3153 hiemem,
1523 3095 1838 3144 zeslatemve
1864 3102 1994 3143 suos

416 3183 610 3248 partus
640 3175 839 3243 edant;
878 3191 977 3247 per
1010 3176 1263 3240 hiemem,
1298 3177 1479 3248 lupus,
1508 3179 1726 3248 mugilis
1748 3221 1762 3245 ,
1807 3194 1940 3234 acus
1976 3199 1991 3236 :

2093 1988 2211 2059 ῆτοι
2238 1988 2367 2059 περὶ
2396 1987 2488 2042 τὸν
2519 1986 2919 2058 ὀνομαζόμενον
2967 1988 3113 2058 μῆνα
3157 1988 3256 2051 τάς
3292 1987 3503 2058 τροπὰς
3540 1981 3679 2039 εἶναι

2096 2079 2364 2150 βούλεται,
2406 2078 2439 2148 ἢ
2490 2078 2618 2151 περὶ
2654 2079 2746 2132 τὸν
2786 2079 3066 2149 ἐγγύτατά
3107 2095 3169 2148 γε
3213 2078 3428 2150 δηλοῦν.
3460 2080 3585 2131 Ὀτι
3621 2078 3695 2131 δι’

2094 2171 2188 2223 καὶ
2217 2169 2527 2242 χειμερινὸς
2570 2165 2638 2222 αὖ
2684 2170 2713 2221 ὁ
2757 2168 3092 2234 Ποσειδεὼν,
3124 2169 3284 2239 δῆλον
3329 2169 3388 2235 ἐξ
3420 2162 3496 2221 ὧν
3532 2168 3680 2238 Ἀρι-

2096 2262 2351 2332 στοτέλης
2381 2264 2440 2316 ἐν
2470 2263 2536 2333 τῇ
2565 2262 2703 2332 αὐτῇ
2743 2261 2955 2333 ἱστορίᾳ
2988 2261 3288 2334 διευκιρνεῖ
3311 2260 3441 2332 περὶ
3483 2260 3683 2332 ἰχθύων

2092 2356 2201 2409 τῶν
2238 2355 2591 2426 καλουμένων
2624 2353 2920 2426 κεστρέων.
2958 2352 3142 2407 Εἰπὼν
3176 2354 3283 2427 γὰρ
3311 2352 3571 2426 πρόσθεν,
3597 2354 3681 2407 ὅτι

2094 2444 2361 2517 χειμῶνος
2406 2446 2435 2498 ὁ
2493 2444 2759 2514 κεστρεὺς
2809 2444 3020 2508 τίκτει,
3058 2444 3196 2515 μετά
3232 2444 3407 2499 ταῦτα
3453 2444 3548 2498 καὶ
3589 2443 3683 2500 τὸν

2097 2538 2266 2608 μῆνα,
2299 2538 2427 2609 περὶ
2453 2536 2513 2590 ὃν
2535 2537 2729 2600 τίκτει,
2755 2535 3013 2608 ὀνομάζει
3046 2538 3240 2607 λέγων,
3272 2539 3353 2592 ὅτι
3382 2536 3682 2592 Ποσειδεῶ-

2094 2646 2202 2693 νος.
2241 2631 2444 2700 Ἀμφω
2489 2627 2548 2681 δὲ
2591 2610 2765 2682 ταῦτα
2796 2631 2854 2681 ὲν
2902 2629 2980 2699 τῷ
3026 2629 3263 2702 πέμπτῳ
3307 2630 3408 2701 τῆς
3443 2630 3685 2702 ἱστορίας

2094 2723 2186 2777 ἐπὶ
2210 2721 2338 2793 τῇδε
2362 2724 2428 2793 τῇ
2464 2720 2610 2786 λέξει
2634 2739 2647 2751 ·
2687 2741 2704 2773 ι
2737 2719 2923 2773 Τίκτει
2946 2719 2989 2772 δ’
3018 2720 3136 2775 ἔνια
3167 2723 3261 2775 καὶ
3293 2721 3561 2797 χειμῶνος
3588 2723 3687 2787 καὶ

2095 2815 2325 2887 θέρους·
2362 2814 2628 2886 χειμῶνος
2682 2814 2781 2885 μὲν
2832 2814 3079 2888 λάϐραξ,
3109 2816 3412 2886 κεστρεὺς,
3462 2814 3681 2885 βελόνηο
3788 2805 3795 2812 θ

2095 2908 2289 2980 θέρους
2318 2906 2376 2960 δὲ
2409 2906 2539 2978 ’περὶ⁸
2571 2905 2662 2959 τὸν
2695 2908 3148 2979 Ἑκατομϐαιῶνα
3178 2906 3416 2969 θυννίδες
3436 2922 3450 2936 ·
3478 2925 3498 2958 ι
3533 2901 3681 2958 εἶταο

2101 3018 2119 3050 ι
2149 3000 2441 3070 Ἀρχονται
2469 2998 2525 3051 δὲ
2551 2999 2757 3052 τίκτειν
2784 3000 2894 3054 τῶν
2923 3000 3198 3069 κεστρέων
3225 3001 3273 3053 οἱ
3332 2999 3430 3070 μὲν
3456 2996 3686 3068 χελῶυες

2095 3091 2190 3145 τοῦ
2216 3090 2598 3155 Ποσειδεῶνος,
2631 3092 2727 3145 καὶ
2756 3094 2785 3145 ὁ
2820 3091 3003 3164 μύξων
3032 3088 3387 3162 καλούμενος,
3419 3090 3515 3142 καὶ¹
3541 3090 3569 3141 ὀ
3597 3088 3689 3143 κέ-

2098 3183 2265 3252 φαλος
2285 3196 2300 3213 ⁸
2332 3183 2523 3236 κυοῦσι
2549 3182 2604 3237 δὲ
2631 3183 2928 3255 τριάκοντα
2954 3182 3189 3255 ἡμέρας.
3222 3201 3241 3235 ι
3279 3180 3452 3235 Τοῦτο
3481 3179 3525 3234 δ’
3557 3176 3691 3238 αὐτὸ

418 3284 518 3338 per
542 3274 787 3323 estatem
832 3267 980 3323 circa
1015 3264 1547 3333 Hecatombaeonem,
1587 3271 1831 3326 thunnze.
1875 3291 1895 3324 ι
1932 3271 1995 3326 Et

2101 3240 2263 3327 πάλιν
2297 3274 2395 3327 καὶ
2430 3275 2489 3326 ὲν
2526 3273 2605 3343 τῷ
2632 3240 2847 3344 ἑϐδόμῳ
2882 3240 3083 3343 φησίν..
3108 3240 3259 3343 “diu
3301 3268 3360 3322 δὲ
3388 3266 3572 3338 δῆλον,
3605 3267 3691 3320 ὅτι

418 3359 582 3429 paulo
603 3367 726 3429 post
751 3377 766 3414 :
807 3376 828 3411 ι
859 3356 1062 3415 Parere
1108 3374 1238 3415 vero
1269 3359 1539 3430 incipiunt
1572 3375 1639 3414 ex
1667 3361 1962 3432 mugilibus
1981 3401 1997 3428 ,

419 3452 681 3508 labeones
707 3451 928 3522 quidem
955 3466 1143 3508 mense
1175 3448 1481 3513 Posideone
1499 3491 1515 3518 ,
1550 3460 1605 3507 et
1633 3467 1920 3518 mucones,
1945 3460 2002 3509 et

419 3546 723 3616 capitones,
751 3552 1053 3616 geruntque
1085 3544 1280 3600 diebus
1327 3544 1574 3600 tricenis.
1633 3564 1653 3596 ι
1688 3542 1805 3598 Hoc
1856 3544 1999 3600 idem

418 3652 643 3693 rursum
667 3634 808 3691 libro
828 3637 1059 3706 septimo
1089 3635 1241 3691 dicit.
1288 3636 1466 3691 Simul
1492 3651 1622 3692 vero
1650 3643 1868 3691 constat
1891 3638 2004 3699 sol-

420 3730 676 3787 stitialem
699 3744 823 3785 esse
849 3725 1230 3784 Posideonem.
1259 3724 1396 3782 Nam
1441 3729 1488 3782 si
1536 3736 1663 3783 ante
1706 3728 2002 3784 solstitium

421 3819 571 3876 circa
604 3816 960 3874 Posideonem
985 3857 1002 3884 ,
1056 3817 1430 3889 hibernusque
1472 3816 1781 3876 Posideon:
1827 3820 2004 3874 mani-

423 3913 622 3970 festum
677 3917 764 3967 est
825 3910 1044 3966 circiter
1099 3908 1460 3966 Posideonem
1507 3911 1802 3967 solstitium
1858 3925 1999 3967 esse.

416 4006 583 4062 llirca
611 4005 757 4059 enim
801 4004 1037 4076 primum
1078 4004 1368 4058 hibernum
1418 4018 1659 4059 mensem
1705 4004 2001 4067 solstitium

423 4095 723 4169 peragitur.
755 4093 821 4149 Et
849 4095 938 4149 illa
987 4094 1206 4164 quidem
1241 4093 1466 4158 locutio,
1510 4112 1528 4147 ι
1566 4094 1712 4150 circa
1747 4094 2002 4151 Posideo-

423 4204 551 4245 ncm
582 4195 709 4245 ante
742 4188 1013 4250 brumam,
1051 4206 1069 4239 ι
1126 4202 1236 4258 quo
1283 4202 1473 4242 mense
1508 4187 1602 4241 liat
1651 4189 2007 4243 circumscri-

424 4281 539 4347 bit;
574 4289 635 4336 ut
688 4278 906 4336 dicendi
943 4293 1163 4351 quoque
1212 4278 1488 4344 formula,
1540 4294 1647 4349 qua
1702 4279 1833 4349 quid
1883 4286 2008 4350 post

423 4374 675 4429 brumam
706 4373 818 4429 lleri
857 4373 1196 4445 perhibetur,
1215 4372 1271 4427 id
1302 4387 1425 4429 esse
1446 4372 1700 4443 designat
1724 4371 1882 4442 155
1900 4374 2009 4427 cir-

423 4468 564 4523 citer
591 4467 841 4523 eumdem
874 4481 1116 4523 mensem
1137 4508 1150 4531 ,
1205 4481 1316 4537 quo
1363 4466 1659 4521 solstitium
1693 4467 2005 4521 confectum

2100 3367 2195 3419 καὶ
2231 3366 2491 3437 τροπικὸς
2530 3368 2559 3419 ὁ
2590 3363 2911 3420 Ποσειδεὼν.
2948 3365 3011 3417 Εἰ
3043 3362 3153 3434 γὰρ
3188 3362 3317 3434 περὶ
3348 3358 3696 3414 Ποσειδεῶνα

2100 3457 2207 3528 πρὸ
2247 3457 2356 3511 τῶν
2387 3457 2606 3530 τροπῶν
2625 3498 2639 3522 ,
2670 3457 2982 3529 χειμερινὸς
3007 3458 3053 3508 δ’
3082 3458 3111 3509 ὁ
3141 3450 3443 3507 Ποσειδεὼν
3468 3469 3482 3482 ⁸
3522 3467 3691 3521 φανε-

2104 3551 2216 3621 ρὸν,
2244 3552 2326 3604 ὅτι
2356 3550 2483 3621 περὶ
2514 3550 2854 3604 Ποσειδεῶνα
2887 3548 2945 3601 αἱ
2982 3547 3206 3619 τροπαί.
3238 3544 3376 3618 Περὶ
3398 3543 3508 3616 γὰρ
3537 3542 3690 3614 πρῶ-

2099 3660 2191 3697 τον
2229 3643 2375 3713 μῆνα
2398 3640 2508 3696 τῶν
2532 3642 2858 3714 χειμερινῶν
2889 3642 3127 3709 γίνονται
3158 3642 3212 3692 αἱ
3250 3637 3473 3710 τροπαί.
3511 3636 3622 3690 Καὶ
3653 3636 3697 3705 ἡ

2108 3752 2126 3785 ι
2154 3733 2282 3803 περὶ
2319 3731 2654 3785 Ποσειδεῶνα
2676 3732 2782 3804 πρὸ
2806 3730 2915 3785 τῶν
2953 3731 3169 3802 τροπῶν
3194 3752 3212 3783 ι
3246 3730 3405 3802 ῥῆσις
3430 3768 3446 3794 ,
3482 3727 3589 3799 ἀρα
3630 3727 3692 3779 τὸ

2102 3823 2232 3877 πότε
2249 3822 2341 3877 τοῦ
2367 3824 2531 3894 μηνὸς
2546 3823 2796 3895 διορίζει*
2813 3823 2887 3887 ὠς
2911 3823 3004 3876 καὶ
3028 3821 3166 3893 μετά
3179 3821 3384 3894 τροπὰς
3406 3817 3691 3889 γινομένου

2102 3915 2196 3969 τοῦ
2237 3915 2359 3989 περὶ
2387 3915 2480 3968 τὸν
2511 3915 2672 3969 αὑτὸν
2714 3916 2880 3987 μῆνα,
2904 3915 3032 3986 περὶ
3060 3914 3117 3968 ὃν
3139 3917 3193 3968 αί
3218 3911 3435 3984 τροπαί.
3467 3910 3542 3965 Οὐ
3587 3909 3693 3981 μὴν

2104 4009 2240 4062 ἀλλά
2265 4009 2358 4062 καὶ
2384 4007 2491 4061 τῶν
2513 4006 2742 4080 ὀρνίθων
2766 4006 2981 4061 ἀλκυὼν
3008 4008 3179 4061 τίκτει
3208 4006 3305 4077 μὲν
3335 4003 3463 4076 περὶ
3486 4001 3694 4074 τροπὰς

2106 4100 2439 4173 χειμερινάς.
2492 4100 2586 4154 Διὸ
2644 4099 2740 4153 καὶ
2774 4098 3266 4164 καλοῦνται,-ὅταν
3318 4095 3577 4149 εὐδιεινα)⁵
3608 4093 3675 4162 γέ

2105 4211 2303 4247 νωνται
2338 4195 2393 4247 αἱ
2426 4193 2646 4265 τροπαὶ,
2685 4191 3022 4246 Ἀλκυόνειαι
3042 4190 3268 4262 ἡμέραι,
3299 4187 3440 4241 ἑπτά
3469 4186 3569 4257 μὲν
3589 4183 3695 4256 πρὸ

2106 4282 2345 4355 τροπῶν,
2382 4282 2524 4335 ἑπτὰ
2566 4280 2623 4335 δὲ
2666 4281 2805 4353 μετὰ
2843 4281 3085 4353 τροιιτάς⁹
3119 4279 3374 4349 καθάπερ
3415 4276 3511 4330 καὶ
3550 4276 3692 4345 Ἀρι·

2112 4374 2366 4446 στοτέλης
2397 4374 2530 4444 φησι
2551 4390 2563 4403 ·
2594 4373 2841 4427 καλεῖται
2868 4373 2927 4427 δὲ
2957 4372 3310 4435 Ποσειδεωνὶς
3338 4372 3451 4432 τοῖς
3484 4367 3693 4429 πολλοῖς

2109 4466 2143 4535 ἡ
2175 4464 2323 4536 ὅρνις
2350 4504 2365 4528 ,
2408 4463 2561 4534 παρά
2586 4479 2680 4517 του
2724 4460 2833 4515 τῶν
2859 4461 3089 4516 ἀστείων
3110 4500 3126 4524 ,
3150 4460 3229 4525 ὡς
3251 4458 3414 4522 ἔοικε,
3461 4453 3694 4525 τοῦνομα

425 4561 519 4617 sit.
546 4558 856 4626 Quinetiam
904 4558 1110 4629 Alcyon
1169 4559 1287 4615 avis
1340 4559 1490 4613 circa
1550 4559 1799 4613 brumam
1845 4558 1986 4628 parit

2114 4556 2385 4626 εἰληφόσι,
2415 4556 2566 4627 παρά
2593 4555 2654 4609 τὸ
2676 4556 2882 4610 τίκτειν
2923 4553 3283 4616 Ποσειδεῶνος
3319 4549 3487 4623 μηνός
3506 4565 3519 4578 ’
3556 4548 3694 4600 ὥστε

425 4651 795 4719 Quamobrem
824 4651 1041 4722 quoties
1070 4651 1264 4705 bruma
1282 4664 1476 4704 serena
1494 4657 1596 4717 est,
1622 4649 1741 4704 dies
1763 4648 2010 4720 Alcyonii

428 4742 773 4814 appellantur
815 4750 1022 4812 septem
1076 4748 1203 4796 ante
1256 4741 1545 4807 brumam,
1611 4746 1665 4795 et
1715 4749 1925 4811 septem
1980 4754 2011 4794 a

426 4835 660 4901 bruma;
694 4839 752 4887 ut
772 4834 937 4888 etiam
959 4834 1282 4887 Aristoteles
1312 4832 1409 4895 ait,
1438 4839 1774 4901 vocaturque
1807 4847 1837 4885 a
1869 4832 2012 4885 mul-

427 4927 504 4981 tis
537 4924 654 4994 ipsa
688 4925 806 4978 avis
836 4921 1182 4986 Posideonis,
1229 4922 1283 4976 id
1336 4929 1420 4978 est
1455 4921 1799 4984 Decembria,
1834 4923 1903 4977 ab
1934 4928 2012 4976 ie-

424 5015 557 5085 pido
589 5015 847 5086 quopiam
878 5022 934 5069 et
973 5016 1187 5069 urbano
1234 5021 1491 5074 auctore,
1530 5021 1592 5067 ut
1625 5013 1875 5073 videtur.
1910 5029 2009 5082 ap-

432 5105 783 5175 pellationem
820 5104 1124 5163 mutuatis,
1186 5102 1332 5171 quod
1383 5102 1564 5172 pariat
1614 5117 1803 5156 mense
1854 5100 2011 5156 Posi-

430 5197 607 5252 deone
633 5216 647 5252 :
685 5195 824 5251 adeo
849 5203 909 5249 ut
932 5194 1063 5249 illud
1100 5194 1317 5248 abunde
1341 5210 1598 5265 magnum
1625 5204 2009 5263 argumentum

2115 4652 2338 4721 σημεῖον
2382 4649 2477 4702 καὶ
2518 4648 2663 4701 τοῦτ’
2689 4649 2754 4704 ἂν
2795 4649 2879 4719 εἴη
2914 4647 3175 4720 τροπικὸν
3214 4642 3353 4699 εἶναι
3384 4643 3483 4696 τὸν
3506 4642 3672 4694 Ποσει
3700 4636 3705 4641 ’

2110 4740 2304 4806 δεῶνα,
2339 4740 2433 4793 καὶ
2471 4739 2580 4793 τῶν
2604 4740 2932 4811 χειμερινῶν
2964 4739 3199 4811 πρῶτον.
3233 4736 3348 4791 Νῦν
3382 4735 3481 4807 μὲν
3507 4729 3602 4786 οὖν
3634 4731 3695 4784 ἐκ
3768 4744 3771 4747 ⁷

2111 4832 2319 4886 τούτων
2365 4830 2609 4901 εἰλήφθω
2651 4831 2960 4904 χειμερινόν
2998 4847 3059 4883 τε
3111 4830 3205 4883 καὶ
3248 4825 3508 4899 τροπικὸν
3560 4819 3701 4877 εἶναι

2111 4925 2203 4978 τὸν
2235 4925 2574 4978 Ποσειδεῶνα
2596 4941 2609 4954 ·
2644 4923 2873 4991 ὕστερον
2914 4922 2970 4975 δὲ
3021 4921 3116 4975 καὶ
3156 4921 3224 4974 δι’
3253 4917 3537 4991 ἀκριϐείας
3572 4914 3685 4985 μᾶλ

2117 5016 2208 5070 λον
2250 5015 2614 5087 δειχθήσεται.
2673 5016 2791 5086 Τὴν·
2843 5015 2887 5067 δ’
2921 5014 3206 5085 ἀκρίϐειαν
3257 5013 3356 5082 οὐχ
3399 5009 3599 5080 ὁμοίως
3641 5008 3702 5060 ὲν..

2120 5107 2322 5161 ἅπασιν
2349 5106 2625 5178 ἐπιζητεῖν
2651 5109 2751 5172 δεῖ,
2782 5107 2896 5160 ἀλλ’
2928 5108 2985 5161 ὲν
3013 5108 3261 5168 ἑκάστοις
3288 5102 3431 5157 κατὰ
3459 5101 3556 5172 τὴν
3576 5100 3691 5152 ὑπο.

2119 5199 2381 5270 κειμένην
2412 5198 2565 5270 ὓλην,
2597 5200 2692 5253 καὶ
2731 5199 2824 5251 ἐπὶ
2855 5197 3128 5258 τοσοῦτον,
3160 5196 3245 5265 ἐφ’
3277 5195 3398 5247 ὅσον
3432 5191 3607 5245 οἰκεία
3630 5192 3704 5260 τῇ

431 5290 524 5351 sit,
568 5288 911 5345 solstitialem
956 5301 1082 5342 esse
1138 5285 1537 5348 Posideonem.
1593 5292 1649 5339 et
1697 5286 2015 5340 hiemalium
2123 5289 2350 5360 μεθόδῳ.

430 5384 706 5440 mensium
731 5382 994 5453 primum.
1024 5379 1182 5435 Nunc
1215 5380 1382 5451 igitur
1408 5395 1474 5434 ex
1510 5380 1597 5435 his
1629 5389 1910 5450 sumptum
1941 5383 2033 5446 sit,
2074 5383 2362 5440 hibernum
2426 5392 2481 5442 et
2524 5385 2869 5441 solstitialem
2914 5399 3039 5439 esse
3079 5381 3480 5440 Posideonem;
3519 5389 3695 5448 quana

430 5492 597 5548 quam
680 5478 846 5531 etiam
925 5475 1243 5545 diligentius
1316 5474 1547 5544 posthac
1619 5473 2105 5530 demonstrabitur.
2167 5475 2274 5531 Sed
2315 5493 2417 5532 nec
2485 5479 2627 5533 hanc
2680 5479 2880 5549 pariter
2951 5477 3006 5530 in
3058 5474 3316 5529 omnibus
3364 5472 3707 5541 diligentiam-

432 5568 715 5638 requirere
764 5575 1017 5638 Oportet;
1073 5583 1259 5622 verum
1318 5568 1373 5622 in
1423 5566 1654 5637 singulis
1710 5567 2017 5622 secundum
2049 5569 2351 5641 subiectam
2386 5571 2694 5633 materiam,
2728 5578 2892 5641 atque
2919 5570 3211 5633 hactenus,
3276 5571 3549 5636 quatenus
3608 5576 3681 5631 pe

433 5664 658 5719 culiaris
686 5670 769 5719 est
800 5664 1034 5718 docendi
1067 5664 1290 5719 rationi.

505 5752 881 5809 Gamelionem
908 5770 1076 5825 porro
1101 5757 1287 5811 statim
1318 5755 1568 5824 sequitur
1593 5753 1983 5824 Elaphehclion

2196 5752 2350 5807 Μετὰ
2378 5753 2434 5805 δὲ
2468 5751 2795 5822 Γαμηλιῶνα
2834 5750 2993 5814 εὐθὺς
3040 5746 3472 5820 Ἐλαφηϐολιών·
3515 5744 3695 5798 τελευδ

449 5845 753 5901 novissimo
779 5846 922 5901 enim
957 5862 1144 5904 mcnsc
1177 5848 1407 5903 brumali
1438 5863 1579 5917 opus
1605 5855 1685 5904 est
1712 5866 1724 5915 ;
1758 5851 1903 5918 atqui
1941 5849 1992 5902 lii

2132 5847 2284 5901 ταίου
2320 5848 2425 5917 γὰρ
2459 5846 2628 5917 μηνὸς.
2655 5845 2762 5899 τῶν
2800 5843 3125 5911 χειμερινῶν
3158 5841 3263 5896 δεῖ·
3301 5840 3484 5895 οὑτοσὶ
3515 5836 3574 5894 δὲ
3608 5847 3695 5887 τυ
