4112 6440
422 409 558 467 H75

1339 407 1686 467 THEODORI
1725 408 1931 466 GAZE
1971 407 2175 466 LIBER
2213 413 2302 468 DE
2334 412 2700 477 MENSIBUS.

3521 411 3658 469 HN

420 529 678 590 λευταῖος.
727 527 961 597 Σημετον
1011 526 1101 580 δέ’
1136 527 1464 600 Θουκυδίδης
1501 530 1607 602 γὰρ
1651 533 1708 583 ἐν
1754 529 1988 601 τετάρτῃ

2098 542 2238 588 certe
2268 545 2600 604 postremus.
2637 536 2808 606 Cujus
2836 535 2913 591 rei
2947 535 3162 606 signum
3189 546 3271 592 est
3293 577 3308 605 ,
3339 536 3482 606 quod
3508 536 3658 589 Thu‘

423 619 522 675 τῶν
558 619 807 689 ἱστοριῶν
855 618 952 691 τὴν
1006 619 1274 674 ἐνιαύσιον
1307 622 1646 691 ἐκεχειρίαν,
1689 621 1785 691 τὴν
1837 637 1990 689 γενο-

419 710 590 783 μένην
633 709 1080 781 Λακεδαιμονίοις
1121 712 1216 764 καὶ
1271 711 1602 781 Ἀθηναίοις,
1635 711 1990 774 τελευτῶντος

418 801 601 872 ὀγδόου
629 801 780 866 ἔτους
812 802 892 873 τῷ
922 803 1165 872 πολέμῳ,
1192 803 1408 873 τετράδι
1441 805 1532 857 ἐπὶ
1561 803 1691 855 δέκα
1715 803 1808 856 τοῦ
1840 803 1989 856 Ἐλα-

419 895 751 968 φηϐολιῶνος
788 896 953 967 μηνὸς
988 895 1366 966 ὁμολογεῖσθαι
1404 912 1536 965 φησι
1558 911 1572 925 ο
1605 895 1704 966 τὴν
1739 896 1782 948 δ’
1818 895 1988 966 αὐτὴν

418 989 726 1060 ἐκεχειρίαν
755 989 851 1042 καὶ
880 987 1180 1048 διελθόντος
1203 987 1296 1041 τοῦ
1327 987 1593 1058 χειμῶνος
1624 989 1740 1056 ἅμα
1768 983 1863 1057 ἦρι
1892 985 1986 1039 τοῦ

420 1077 798 1147 ἐπιγινομένου
848 1077 1039 1147 θέρους
1094 1077 1394 1146 γεγονέναι.
1454 1077 1571 1129 Κάν
1632 1079 1698 1146 τῇ
1762 1076 1988 1147 πέμπτῃ

419 1172 464 1226 δ’
489 1169 558 1226 αὖ
601 1171 705 1224 τῶν
741 1170 918 1225 αὐτῶν
963 1170 1212 1241 ἱστοριῶν
1255 1169 1486 1232 σπονδὰς
1526 1170 1777 1238 γενέσθαι
1823 1169 1988 1240 φησὶν

421 1264 514 1316 ἐπὶ
553 1263 813 1336 ἄρχοντος
865 1263 1151 1335 Ἀθήνῃσιν
1194 1262 1477 1323 Ἀλκαίου,
1525 1260 1989 1330 Ἐλαφηϐολιῶνος

425 1353 592 1424 μηνὸς
635 1353 769 1425 ἕκτῃ
823 1353 1118 1421 φθίνοντος.
1169 1353 1281 1416 Τὰς
1316 1352 1362 1405 δ’
1407 1351 1577 1415 αὐτὰς
1620 1351 1848 1414 σπονδὰς
1898 1351 1990 1404 καὶ

420 1445 780 1508 τελευτῶντος
806 1443 899 1497 τοῦ
935 1445 1200 1515 χειμῶνος
1233 1444 1350 1515 ἅμα
1387 1441 1483 1516 ἦρι
1515 1443 1766 1513 γενέσθαι
1801 1443 1984 1512 φησίν.

427 1539 546 1591 Ἔτι
573 1538 617 1591 δ’
656 1537 1031 1608 Ἀριστοτέλης
1051 1536 1160 1590 τῶν
1185 1535 1387 1607 θηρίων
1417 1537 1514 1608 τὴν
1552 1537 1753 1606 ἄρκτον
1785 1535 1990 1604 ἱστορεῖ

423 1629 519 1698 τὴν
546 1627 726 1698 ὀχείαν
757 1628 1022 1682 ποιεῖσθαι
1048 1628 1140 1681 τοῦ
1168 1628 1333 1699 μηνὸς
1356 1626 1450 1680 τοῦ
1492 1625 1953 1698 Ἐλαφηϐολιῶνος
1970 1640 1986 1657 ο

425 1721 574 1774 κύειν
600 1721 657 1774 δὲ
706 1721 917 1792 ἡμέρας
967 1721 1293 1792 τριάκοντα,
1339 1722 1432 1774 καὶ
1469 1722 1674 1773 τίκτειν
1722 1719 1850 1789 περὶ
1897 1719 1988 1770 τὸν

425 1807 648 1878 καιρὸν,
699 1807 757 1860 ὃν
813 1808 1011 1876 φωλεῖο
1051 1809 1179 1861 ὅταν
1223 1809 1279 1862 δὲ
1319 1809 1556 1880 ἐκθρέψῃ
1605 1810 1774 1880 τρίτῳ
1823 1809 1984 1879 μηνὶ,

2096 623 2320 694 cydides
2346 626 2588 682 historiae
2609 627 2746 682 libro
2768 627 3248 697 quartoinducias-
3270 641 3482 684 annuas
3516 626 3658 680 inter

2094 715 2460 772 Athenienses
2494 715 3044 787 Lacedaemoniosque
3085 717 3293 782 factas,
3343 731 3487 771 anno
3529 716 3656 772 belli

2093 817 2287 861 octavo
2324 809 2650 875 excedente,
2695 811 2902 866 mensis
2941 809 3386 880 Elaphebolionis
3432 815 3659 878 quarto-

2067 899 2310 978 decimo
2344 901 2432 956 die
2476 910 2664 972 pactas
2709 918 2830 958 esse
2878 901 3050 966 dicit,
3094 910 3148 956 et
3192 901 3411 956 easdem
3465 906 3665 954 exacta-

2096 992 2316 1061 quidein
2354 994 2566 1058 hieme,
2598 995 2822 1049 ineunte
2851 994 3014 1049 simul
3045 1009 3172 1048 vere
3214 992 3420 1046 aestatis
3460 990 3656 1060 subse—

2091 1085 2311 1153 quentis
2346 1085 2646 1141 confectas.
2682 1086 2748 1140 Et
2779 1087 2940 1141 etiam
2978 1086 3031 1140 in
3063 1086 3254 1156 quinto
3292 1082 3535 1154 ejusdem
3573 1081 3678 1135 hi-v

2093 1177 2312 1241 storia},
2347 1177 2658 1248 praefectum
2691 1187 2910 1250 gerente
2953 1177 3178 1231 Athenis
3221 1176 3404 1230 Alcaeo
3452 1173 3673 1236 {rudera-

2093 1282 2355 1336 percussa
2404 1283 2528 1324 esse
2567 1267 2737 1334 dicit,
2783 1269 2991 1325 mensis
3019 1267 3462 1339 Elaphebolionis
3503 1272 3660 1321 sexto

2093 1367 2218 1411 ante
2248 1357 2409 1411 finem
2441 1358 2556 1424 die,
2590 1358 2754 1427 idque
2781 1358 2884 1413 sub
2917 1358 3114 1413 hiemis
3141 1364 3448 1412 extremum
3478 1364 3533 1410 et
3562 1369 3659 1410 ve-

2093 1444 2170 1499 ris
2194 1445 2430 1500 initium.
2458 1448 2730 1502 Praeterea
2755 1463 2883 1503 vero
2909 1448 3104 1502 scribit
3131 1447 3453 1502 Aristoteles
3476 1461 3660 1500 ursam

2095 1537 2245 1592 coire
2280 1553 2468 1594 mense
2500 1538 2954 1609 Elaphebolione,
2997 1538 3250 1608 ferreque
3294 1546 3508 1593 uterum
3542 1536 3660 1592 dies

2093 1631 2318 1700 triginta
2341 1670 2356 1695 ,
2383 1639 2435 1685 et
2462 1646 2658 1702 parere
2686 1646 2752 1687 eo
2778 1640 3019 1701 tempore
3046 1646 3155 1702 quo
3183 1633 3350 1697 latet;
3384 1645 3507 1684 cum
3535 1644 3664 1684 vero

2096 1723 2304 1792 prolem
2357 1724 2679 1789 enutrierit,
2732 1723 2880 1779 exire
2929 1739 3116 1778 mense
3141 1723 3253 1792 jam
3283 1724 3432 1778 veris
3473 1723 3659 1776 tertio.

2098 1813 2330 1883 Haecque
2359 1815 2520 1868 habet
2541 1815 2593 1868 in
2620 1813 3127 1883 septimo.Rursum
3147 1815 3202 1868 in
3228 1821 3422 1869 octavo
3447 1814 3660 1884 inquit,

424 1874 693 1954 ἐκϐαίνειν
722 1874 835 1971 ἤδη.
856 1899 948 1953 τοῦ
984 1899 1161 1971 ἐαρος.
1195 1900 1381 1955 Ταῦτα
1407 1874 1451 1954 δ’
1477 1874 1726 1954 εἰπὼν-ἐν
1747 1874 1988 1970 ἰδὲδέψ,

2098 1919 2159 1960 eo
2194 1912 2438 1974 tempore
2468 1920 2654 1959 ursam
2685 1905 2860 1970 eniti,
2903 1905 3204 1975 tandiuque
3247 1906 3443 1970 latere,
3480 1906 3658 1975 quoad

425 1991 588 2046 πάλιν
639 1994 698 2045 ἐν
747 1993 917 2062 ὀγδόῳ
959 1994 1092 2064 φησὶ
1147 1994 1246 2064 τὴν
1303 1978 1503 2064 ἄρκτον
1554 1993 1818 2047 ἐντίκτειν
1863 1994 1991 2064 περὶ

423 2083 610 2136 τοῦτον
641 2083 731 2135 τὸν
764 2083 972 2152 καιρὸν,
997 2085 1090 2136 καὶ
1124 2084 1330 2152 φωλείν»
1353 2085 1456 2148 ἕως
1481 2084 1547 2138 ἂν
1573 2083 1690 2156 ὥρα
1721 2080 1753 2158 ᾗ
1777 2083 1991 2153 ἐξάγειν

424 2175 550 2237 τοὺς
572 2173 841 2244 σκύμνους
862 2191 874 2204 °
901 2174 1057 2228 τοῦτο
1084 2175 1140 2227 δέ
1167 2179 1337 2228 ποιεῖν
1355 2175 1448 2228 τοῦ
1473 2176 1630 2246 ἐαρος
1657 2177 1992 2247 περὶ’τρίτον

426 2267 571 2336 μῆνα
593 2266 699 2320 ἀπὸ
729 2265 836 2319 τῶν
867 2267 1102 2338 τροπῶν.
1124 2268 1272 2319 “Ωστ’
1296 2269 1462 2320 ἐάντε
1495 2268 1700 2320 τίκτειν
1731 2268 1838 2321 ἀπὸ
1865 2279 2010 2338 τρο-’

423 2357 540 2411 πῶν
585 2356 910 2428 χειμερινῶν
942 2358 1069 2430 περ)⁸
1102 2359 1286 2430 τρίτον
1323 2359 1500 2430 μῆνα,
1535 2360 1630 2413 ἐάν
1669 2377 1729 2412 τε
1778 2359 1994 2428 ἐξάγειν

421 2448 530 2502 ἀπὺ
575 2449 796 2520 ἐαρινῆς
852 2449 1140 2521 ἰσημερίας
1191 2451 1320 2521 περὶ
1365 2451 1548 2521 τρίτον
1595 2451 1815 2505 ἀκούειν
1865 2453 1990 2524 δέῃ’

421 2542 540 2593 κατ’
569 2540 736 2610 ἄμφω
761 2539 819 2593 δὲ
850 2541 940 2596 τὸν
975 2542 1408 2612 Ἐλαφηϐολιῶνά
1428 2559 1493 2610 γε
1520 2544 1664 2614 μῆνα
1691 2543 1993 2597 τελευταῖον

422 2627 562 2685 εἶναι
588 2633 695 2685 τῶν
729 2634 1052 2704 χειμερινῶν
1093 2636 1188 2687 καὶ
1215 2634 1396 2705 τρίτον
1436 2635 1742 2706 συμϐαίνει.
1775 2634 1994 2687 Τίκτειν

423 2723 532 2795 γάρ
560 2741 691 2794 φησι
726 2725 853 2796 περὶ
883 2725 941 2779 ὃν
978 2726 1166 2796 καιρὸν
1217 2727 1450 2797 μάλιστα
1495 2726 1661 2796 φωλεῖ
1685 2745 1697 2757 ·
1735 2726 1904 2796 φωλεῑ
1936 2727 1994 2780 δὲ

422 2818 490 2871 τὰ
513 2821 744 2891 χερσαῖα
775 2818 952 2872 πάντα
997 2818 1090 2871 τοῦ
1139 2819 1424 2890 χειμῶνος,
1451 2819 1527 2884 ὡς
1572 2820 1784 2892 εἴρηται
1817 2820 1874 2872 ἐν
1912 2817 1992 2888 τῷ

422 2908 612 2978 ὀγδόῳ.
671 2909 993 2980 Χειμερινὸς
1035 2909 1144 2982 ἄρα
1188 2912 1216 2963 ὁ
1279 2908 1717 2979 Ἐλαφηϐολιὼν,
1759 2909 1888 2980 περὶ
1931 2909 1993 2963 ὂν

423 2999 564 3053 κύει.
594 3000 668 3053 Οὐ
694 2999 909 3071 πρῶτος
935 3001 1011 3065 δὲ,
1040 3001 1157 3053 οὐδὲ
1179 3001 1447 3071 δεύτερος·
1471 3001 1651 3072 τρίτος
1676 3000 1786 3074 ἄρα
1807 3018 1819 3030 ·
1851 3001 1905 3054 εἴ
1927 3016 1993 3068 γε

422 3095 573 3163 τρεῖς
603 3091 731 3162 περὶ
759 3091 995 3162 ἑκάστην
1029 3092 1136 3144 τῶν
1165 3091 1322 3162 ὡρῶν
1355 3091 1522 3162 μῆνές
1555 3092 1713 3144 εἰσιν.

2095 2005 2308 2064 tempus
2339 1996 2444 2063 sit,
2478 2002 2540 2049 ut
2570 2011 2702 2051 suos
2735 1997 2948 2051 catulos
2980 1997 3035 2050 in
3071 2003 3318 2067 apertum
3353 1996 3662 2066 producat;

2094 2082 2258 2155 idque
2291 2101 2461 2140 verno
2495 2095 2776 2154 tempore,
2812 2101 3002 2141 mense
3030 2101 3061 2139 a
3094 2087 3294 2141 bruma
3311 2087 3486 2160 )eitio
3523 2085 3660 2139 ﬁeri.

2095 2177 2363 2244 Quocirca
2393 2178 2508 2233 sive
2538 2178 2840 2232 audiendus
2873 2195 2996 2234 cum
3025 2179 3185 2243 dicit,
3219 2194 3411 2248 parere
3439 2178 3602 2234 tertio
3635 2191 3667 2232 ε

2092 2269 2287 2323 bruma
2336 2284 2556 2334 mense,
2592 2269 2708 2324 sive
2755 2285 2880 2322 cum
2922 2272 3225 2339 producere
3258 2284 3388 2324 suos
3432 2267 3570 2324 fetus
3597 2267 3668 2320 ab

2093 2360 2423 2430 aequinoctio
2451 2375 2618 2414 verno
2649 2360 2812 2414 tertio
2836 2375 3024 2414 mense
3050 2377 3064 2426 ;
3093 2368 3327 2428 utroque
3349 2373 3480 2414 sane
3505 2359 3668 2412 modo

2094 2451 2574 2520 Elaphebolionem
2608 2451 2960 2507 hibernorum
2989 2453 3261 2508 mensium
3293 2452 3542 2506 ultimum
3566 2492 3580 2516 ,
3611 2457 3668 2505 et

2094 2543 2318 2598 tertium
2347 2557 2472 2597 esse
2499 2543 2784 2614 contingit.
2814 2542 3013 2599 Parere
3043 2544 3188 2599 enim
3218 2544 3294 2597 ait
3320 2558 3418 2613 per
3443 2542 3498 2598 id
3527 2551 3664 2598 tem-

2093 2651 2199 2706 pus
2226 2650 2335 2704 quo
2367 2636 2538 2702 latet;
2573 2635 2744 2689 latent
2769 2650 2898 2690 vero
2924 2635 3209 2691 terrestria
3237 2641 3435 2688 cuncta
3465 2634 3664 2698 hieme,

2096 2735 2155 2780 ut
2185 2725 2256 2780 ab
2284 2741 2350 2780 eo
2383 2725 2588 2780 dictum
2619 2732 2703 2780 est
2739 2725 2793 2779 in
2821 2732 3036 2779 octavo.
3075 2726 3353 2780 Hibernus
3381 2733 3467 2782 est
3501 2726 3668 2797 igitur

2095 2817 2528 2888 Elaphebolion,
2584 2833 2694 2888 quo
2737 2831 2925 2872 mense
2982 2831 3114 2871 ursa
3167 2825 3410 2872 ventrem
3468 2826 3664 2888 gestat.

2092 2911 2256 2981 Atqui
2304 2926 2412 2966 non
2468 2911 2714 2980 primus,
2772 2925 2882 2965 non
2930 2907 3242 2975 secundus,
3275 2924 3407 2981 ergo
3448 2911 3667 2964 tertius.

2096 3001 2377 3073 Siquidem
2411 3003 2539 3059 anni
2576 3003 2992 3075 tempestatibus
3041 3003 3182 3058 terni
3235 3017 3452 3059 menses
3498 3003 3669 3058 ascri-

2091 3096 2316 3152 buntur.

507 3184 732 3254 Ἐφεξῆς
779 3182 823 3235 δ’
877 3181 1298 3252 Ἐλαφηϐολιῶνι
1342 3180 1691 3251 Μουνυχιώνο
1738 3181 1992 3252 τέταρτος

2165 3186 2468 3247 Continens
2501 3193 2588 3243 est
2638 3201 2767 3242 vero
2819 3186 3232 3257 Elaphebolioni
3291 3183 3666 3257 Munychiou;

430 3279 529 3350 μὲν
555 3277 662 3349 γὰρ
695 3277 788 3330 ἀπ’
827 3275 1286 3346 Ἐλαφηϐολιῶνος
1311 3274 1702 3345 Σκιροφοριὼν,
1729 3273 1909 3344 τρίτος
1937 3273 1993 3326 δὲ

426 3369 536 3425 ἀπὸ
560 3367 960 3438 Μουνυχιῶνος.
979 3366 1354 3437 Ἀριστοτέλης
1381 3368 1437 3418 ἐν
1456 3369 1522 3437 τῇ
1541 3366 1676 3436 αὐτῇ
1696 3365 1826 3437 περὶ
1842 3363 1995 3429 ζώων

427 3461 641 3532 ἱστορίᾳ
687 3453 788 3514 ὦδε
848 3458 1354 3531 καταριθμούμενος
1400 3457 1626 3529 τέταχεο
1683 3476 1702 3508 ‹
1740 3457 1995 3509 Τίκτουσι

423 3553 470 3605 δ’
495 3553 544 3605 ot
572 3552 813 3604 πλεῖστοι
832 3551 942 3605 τῶν
976 3551 1171 3618 ἰχθύων
1196 3555 1252 3605 ἐν
1277 3552 1410 3622 μησὶ
1433 3552 1599 3622 τρισὶ,
1631 3549 1994 3621 Μουνυχιῶνι,

425 3644 520 3697 καὶ
557 3644 926 3717 Θαργηλιῶνι,
951 3646 1046 3697 καὶ¹
1077 3643 1491 3714 Σκιροφοριῶνι.
1521 3662 1539 3694 ι
1566 3643 1915 3713 Δημοσθένης
1942 3643 1998 3696 δὲ

426 3737 484 3787 ἐν
531 3735 608 3805 τῷ
639 3735 780 3802 Περὶ
820 3736 1300 3803 παραπρεσϐείας
1332 3734 1499 3803 λόγῳ·
1539 3752 1558 3784 ι
1589 3735 1654 3785 Ἠ
1690 3733 1789 3803 μὲν
1820 3734 1998 3786 τοίνυν

427 3829 643 3898 είρήνη,
679 3846 698 3878 υ
746 3828 932 3898 φησιν,
973 3845 991 3877 ι
1041 3825 1500 3896 Ἐλαφηϐολιῶνος
1551 3824 1687 3898 ἕκτῃ
1731 3825 1824 3877 ἐπὶ⁵
1867 3824 1998 3878 δέκα

428 3917 676 3986 ἐγένετο·
718 3917 1150 3988 ἀπεδημήσαμεν
1183 3917 1240 3970 δὲ
1278 3919 1439 3988 ἡμεῖς
1493 3916 1587 3970 ἐπὶ
1630 3918 1756 3980 τοὺς
1803 3917 1998 3987 ὅρκους

428 4013 578 4080 τρεῖς
621 4009 775 4073 ὅλους
807 4010 1002 4080 μῆνας.
1041 4011 1150 4063 Καὶ
1190 4009 1379 4062 τοῦτον
1419 4010 1636 4062 ἅπαντα
1689 4007 1778 4062 τὸν
1811 4009 1999 4080 χρόνον

429 4097 569 4172 ἦσαν
601 4101 651 4154 οί
682 4102 886 4162 Φωκεῖς
920 4100 1067 4154 σῶοι.
1097 4101 1341 4172 Ἢκομεν
1363 4101 1420 4153 δὲ
1451 4101 1559 4153 ἀπὸ
1581 4101 1680 4170 τῆς
1707 4100 2000 4171 πρεσϐείας

430 4194 529 4262 τῆς
561 4193 653 4246 ἐπὶ
702 4193 826 4255 τοὺς
859 4193 1054 4263 ὅρκους
1095 4192 1252 4264 τρίτῃ
1287 4193 1380 4244 ἐπὶ
1421 4192 1553 4245 δέκα
1592 4193 1684 4245 τοῦ
1735 4194 2000 4261 Σκιροφο-

435 4286 646 4359 ριῶνος.
699 4305 718 4336 ›
769 4286 881 4338 Καὶ
935 4284 1192 4354 Αἰσχίνης
1247 4284 1304 4336 δὲ
1371 4285 1429 4337 ἐν
1481 4287 1549 4356 τῇ
1612 4284 1751 4353 Περὶ
1812 4299 1999 4351 παρα-

432 4379 752 4446 πρεσϐείας
793 4377 1108 4443 ἀπολογία,
1145 4374 1425 4439 ὑπειπὼν,
1471 4377 1552 4430 ὅτι
1604 4376 1668 4447 δὴ
1721 4375 1820 4446 τὴν
1879 4378 2001 4428 ἐπι-

435 4471 626 4544 στολὴν
653 4471 883 4543 γράψειε
925 4471 1116 4542 Χάρης
1160 4469 1622 4541 Ἐλαφηϐολιῶνος
1664 4469 1831 4540 μηνὸς
1865 4469 1999 4539 ἕκτῃ

2095 3285 2327 3345 quartus
2359 3277 2507 3330 enim
2539 3277 2609 3332 ab
2643 3276 3066 3346 Elaphebolione
3095 3274 3523 3346 Scirophorion,
3557 3282 3666 3328 ter-
3731 3339 3740 3348 ς

2095 3369 2205 3424 tius
2235 3377 2415 3425 autem
2450 3386 2480 3424 a
2513 3369 2896 3442 Munychione.
2920 3371 3242 3426 Aristoteles
3275 3371 3330 3424 in
3363 3370 3551 3427 eadem
3586 3371 3663 3426 hi-

2099 3464 2268 3520 storia
2317 3464 2386 3519 de
2435 3463 2767 3518 animalibus
2815 3464 2917 3520 hos
2959 3464 3039 3520 sic
3091 3465 3285 3520 ordine
3336 3472 3666 3520 enumerat:

2105 3575 2122 3606 ι
2150 3554 2377 3610 Pariunt
2405 3562 2554 3610 certe
2578 3556 2757 3626 pisces
2782 3555 3006 3626 plurimi
3043 3557 3220 3611 tribus
3250 3557 3336 3613 his
3361 3557 3670 3622 mensibus,

2100 3647 2500 3718 Munychione,
2551 3647 2953 3720 Thargelione,
3007 3647 3450 3718 Scirophorione.
3502 3669 3521 3701 ι
3568 3648 3671 3705 De-

2099 3739 2417 3795 mosthenes
2462 3754 2594 3794 vero
2627 3740 2684 3793 in
2714 3739 2963 3794 oratione
2995 3739 3071 3793 De
3098 3742 3343 3793 ementita
3378 3738 3672 3807 legatione:

2105 3849 2121 3880 σ
2141 3827 2966 3901 .Pax(inquit)Elapbebolionis
2993 3830 3206 3885 decimo
3221 3839 3375 3885 sexto
3405 3830 3494 3885 die
3529 3829 3672 3885 facta

2099 3929 2227 3975 est:
2262 3935 2426 3990 porro
2458 3930 2567 3975 tres
2614 3921 2857 3992 integros
2900 3937 3118 3976 menses
3171 3922 3238 3975 ad
3282 3921 3674 3992 jusjurandum

2100 4010 2475 4080 recipiendum
2512 4024 2742 4080 peregre
2776 4009 3088 4075 abfuimus,
3126 4009 3290 4078 idque
3321 4016 3497 4062 totum
3531 4017 3639 4063 tem
3660 4036 3674 4047 ο

2102 4119 2204 4172 pus
2230 4103 2364 4157 salvi
2396 4100 2548 4156 fuere
2580 4100 2893 4157 Phocenses
2920 4118 2934 4166 ;
2967 4101 3336 4170 rediimusque
3358 4101 3426 4155 ab
3446 4115 3512 4154 ea
3530 4100 3676 4170 lega-

2103 4195 2250 4248 tione
2280 4194 2348 4248 de
2374 4193 2769 4263 jurejurando,
2801 4193 3016 4247 decimo
3047 4193 3210 4247 tertio
3247 4192 3336 4246 die
3376 4189 3675 4261 Sciropho-

2103 4287 2294 4340 rionis.
2345 4305 2364 4337 ι
2412 4283 2478 4338 Ει
2528 4284 2823 4339 Αῐεοίιὶηοε
2873 4299 3005 4338 vero
3060 4285 3114 4338 in
3165 4283 3477 4352 Defensione
3523 4282 3675 4352 falsa
3752 4311 3754 4316 ν

2103 4375 2381 4444 legationis
2405 4413 2421 4437 ,
2472 4389 2596 4428 cum
2629 4381 2755 4428 ante
2787 4373 3050 4437 dixisset,
3083 4371 3371 4442 epistolam
3405 4385 3504 4439 per
3529 4368 3675 4423 Cha-

2104 4477 2271 4522 retem
2304 4466 2562 4535 scriptam
2591 4481 2712 4521 esse
2739 4472 2894 4520 sexto
2917 4465 3020 4520 sub
3047 4465 3205 4518 linem
3232 4461 3679 4532 Elaphebolionis

433 4561 729 4632 φθίνοντος,
769 4562 1040 4632 ἐπήνεγκε
1089 4561 1241 4613 τάδε·
1287 4579 1306 4611 ι
1349 4561 1634 4622 Ἀκούετε,
1677 4560 1759 4612 ὃτι
1792 4561 1976 4612 Μουνυ

2109 4558 2225 4622 die,
2259 4558 2374 4612 haec
2403 4557 2636 4613 subinde
2669 4558 2849 4610 intulit
2884 4575 2898 4610 :
2933 4575 2952 4607 ι
2981 4555 3199 4610 Auditis
3229 4553 3487 4625 (inquit)
3519 4567 3677 4622 roga-

431 4654 626 4725 χιῶνος
669 4652 939 4723 ἐψηφίσθη
976 4651 1131 4723 τρίτῃ
1181 4652 1498 4721 ἱσταμένου·
1540 4654 1568 4704 ὁ
1606 4651 1663 4704 δὲ
1697 4651 1999 4722 Κερσοκλέ-

431 4760 575 4817 πτης
606 4745 800 4808 πόσαις
831 4745 1096 4815 πρότερον
1139 4744 1373 4816 ἡμέραις
1405 4743 1659 4797 ἀπώλεσε
1707 4745 1808 4816 τὴν
1856 4744 2003 4816 Θρᾴ-

431 4852 556 4907 κην,
589 4837 717 4907 πρὶν
762 4836 862 4906 ἐμὲ
891 4835 1140 4901 ἀπιέναι;
1173 4833 1248 4898 ῶς
1295 4852 1427 4905 φησι
1462 4835 1649 4905 Χάρης
1680 4835 1999 4906 στρατηγὸς,

432 4930 528 4983 καὶ
580 4929 869 4999 ἐπιστολὴ,
896 4928 990 4981 τοῦ
1027 4927 1292 4998 προτέρου
1331 4927 1529 4997 μηνός·
1574 4927 1732 4998 εἴπερ
1774 4927 2006 5000 Ἐλαφη-

433 5022 624 5077 ϐολιών
653 5025 766 5075 ἐστι
798 5020 1180 5091 Μουνυχιῶνος
1213 5021 1493 5092 πρότερος.
1529 5040 1546 5073 t

551 5161 672 5212 Ὅτι
701 5157 831 5226 περὶ
863 5153 1257 5225 Μουνυχιῶνα
1286 5156 1323 5222 ἡ
1356 5152 1562 5222 ἐαρινὴ
1590 5153 1900 5225 ὶσημερία..

504 5302 574 5352 Δ’.
613 5298 779 5370 Δῆλον
811 5298 867 5351 δέ
893 5295 1035 5352 τοῦτ’
1070 5297 1201 5348 αὐτὸ
1230 5295 1322 5347 καὶ
1355 5296 1418 5347 ἐκ
1442 5293 1536 5346 τοῦ
1564 5293 1674 5346 δεῖν
1708 5295 1852 5365 μῆνα
1883 5311 2006 5348 συν-

433 5392 531 5463 εχῆ
559 5387 716 5451 εἶναι,
746 5390 874 5461 περὶ
897 5389 955 5442 ὃν
982 5387 1239 5458 ίσημερία
1265 5387 1473 5456 ἐαρινή.
1493 5387 1628 5456 Περὶ
1648 5385 2006 5456 Μουνυχιῶνα

431 5484 489 5537 δὲ
519 5483 675 5554 αὕτη.
695 5482 1037 5552 Θεόφραστος
1058 5479 1166 5549 γὰρ
1201 5481 1257 5531 ἐν
1289 5480 1400 5539 τοῖς
1430 5479 1612 5540 αὐτοῖς
1638 5477 2002 5547 περϊὰροτοῦ,

433 5575 622 5644 ὥσπερ
647 5574 754 5628 διπό
777 5571 992 5642 τροπῶν
1024 5566 1160 5624 εἶναί
1184 5586 1316 5640 φησι
1334 5569 1432 5638 τὴν
1458 5567 1742 5639 ἀρχὴντοῦ
1766 5568 2001 5640 πρώτου,

435 5667 527 5719 καὶ
555 5665 806 5736 δευτέρου
841 5663 946 5717 τῶν
967 5662 1195 5735 ἀροτῶν,
1219 5662 1294 5724 ὡς
1323 5661 1416 5713 καὶ
1440 5659 1537 5731 τὴν
1566 5660 1659 5712 τοῦ
1689 5659 1870 5730 τρίτου
1899 5661 2007 5714 ἀπὸ

439 5759 729 5830 ἰσημερίας
763 5757 984 5829 ἐαρινῆς
1014 5751 1153 5809 εἶναι
1191 5752 1597 5822 ἐνδεικνύμενος
1618 5770 1630 5782 ·
1662 5772 1679 5803 ι
1717 5752 1882 5824 Ἀρχὴ
1911 5751 2004 5805 τοῦ

436 5851 641 5911 τοίτου,
676 5870 692 5902 ι
728 5851 912 5914 φησιν,
951 5849 1045 5902 «δν
1075 5846 1296 5903 καλοῦσι
1323 5845 1553 5912 θερινὸν,
1595 5846 2002 5913 Μ’)υνυχτῶνος’

2105 4651 2308 4706 tionem
2340 4651 2395 4703 in
2427 4650 2628 4720 populo
2662 4649 2856 4703 scitam
2891 4647 3063 4703 fuisse
3093 4647 3255 4702 tertio
3295 4645 3678 4714 Munychionis

2105 4742 2230 4798 die:
2263 4758 2450 4798 verum
2484 4749 2618 4810 quot
2645 4741 2797 4810 prius
2840 4739 3033 4795 diebus
3077 4737 3456 4808 Cersocleptes
3502 4736 3679 4790 Thra-

2105 4836 2249 4889 ciam.
2279 4834 2490 4900 amisit,
2521 4847 2684 4902 quam
2714 4833 2830 4900 ipse
2856 4832 3094 4894 abirem,
3122 4837 3182 4884 ut
3213 4836 3444 4884 testatur
3470 4827 3677 4883 Chares

2107 4927 2426 4995 imperator,
2458 4934 2510 4979 et
2541 4923 2808 4991 epistola,
2864 4922 3136 4992 superiori
3188 4935 3376 4975 mense
3422 4920 3673 4990 epistola.

2104 5018 2242 5073 Nam
2275 5025 2427 5073 certe
2454 5015 2848 5087 Elaphebolion
2878 5015 3243 5086 Munychione
3274 5013 3440 5083 prior.
3477 5031 3496 5063 ι

2110 5154 2264 5223 Quod
2304 5155 2448 5208 circa
2487 5151 2891 5222 Munychionem
2928 5151 2998 5206 sit
3037 5166 3249 5204 vernum
3283 5149 3675 5220 a’qninoctium.

2179 5290 2268 5345 IV.
2309 5289 2428 5343 Jam
2463 5304 2594 5344 vero
2629 5288 2682 5342 id
2717 5289 2895 5358 ipsum
2925 5293 3141 5342 constat
3169 5302 3235 5340 ex
3261 5301 3328 5339 eo
3364 5283 3510 5354 quod
3552 5283 3679 5336 Eia.

2108 5382 2419 5453 phebolioni
2455 5396 2577 5436 eum
2611 5385 2852 5435 mensem
2883 5381 3209 5433 continuum
3237 5392 3360 5432 esse
3391 5383 3678 5446 oporteat,

2107 5475 2254 5528 circa
2311 5487 2470 5542 quem
2520 5471 2592 5525 sit
2641 5469 3026 5540 aequinoctium
3070 5484 3322 5522 vernum.
3375 5467 3445 5520 At
3501 5467 3680 5536 ipsum

2107 5567 2255 5620 circa
2285 5564 2706 5635 Munychionem
2738 5555 2856 5618 cst.’
2879 5560 3015 5615 Nam
3047 5560 3459 5630 Th'e0phrastus
3489 5558 3680 5612 eodem

2107 5673 2217 5729 quo
2248 5671 2413 5726 supra
2448 5656 2516 5710 de
2548 5661 2792 5731 semente
2822 5654 2946 5708 loeo
2966 5695 2982 5720 ,
3027 5650 3484 5722 quemadmodum
3529 5649 3682 5721 prin-

2108 5751 2310 5823 cipium
2339 5749 2602 5804 sementis
2628 5748 2817 5816 prima:
2847 5753 2901 5801 et
2932 5744 3184 5800 secundae
3212 5744 3284 5799 ab
3309 5751 3543 5812 utroque
3573 5741 3682 5796 sol-

2109 5843 2258 5899 stitio
2286 5855 2407 5898 esse
2441 5838 2602 5905 dicit,
2635 5837 2709 5893 ita
2740 5844 2792 5893 et
2823 5837 2992 5892 tertiae
3022 5843 3145 5906 post
3181 5845 3404 5893 vernum
3435 5829 3650 5901 :equino
