4132 6410
420 353 556 412 H75

1405 356 1498 412 AD
1538 355 1803 415 EUSEBII
1836 355 2235 415 CHRONICON
2280 352 2647 411 APPENDIX.

3532 352 3671 414 1176

417 480 586 533 eumn
618 473 705 533 his
734 476 915 535 verbis
941 477 1218 535 ostendit:
1250 495 1270 532 ι
1291 476 1631 550 Principium
1656 481 1805 536 tertii
1839 490 1988 538 satus

2095 482 2157 533 ἐν
2184 471 2229 547 ᾧ
2256 479 2539 551 σπείρεται
2572 477 2777 540 σίκυος,
2814 474 3137 548 κολοκύνθη,
3166 474 3364 547 βλίτον.
3395 493 3416 528 ›
3460 475 3536 530 Οὐ
3568 474 3676 548 μὴν

417 567 642 639 (inquit)
665 583 829 639 quem
852 569 1097 623 mstivum
1119 576 1337 635 vocant,
1362 576 1448 625 est
1465 569 1859 642 Munychione-:
1884 587 1994 642 quo

416 671 665 733 tempore
687 662 890 718 seritur
912 662 1180 726 cucumis,
1204 663 1509 728 cucurbita,
1536 664 1752 718 blitum.
1778 682 1797 715 ι
1850 662 1994 729 Quin

415 748 582 810 etiam
622 756 802 826 pisces
840 754 1106 825 plurimos
1141 754 1299 824 juxta
1329 756 1716 825 aequinoctium
1759 771 1991 811 vernum

416 862 611 919 parere
656 848 731 900 ait
777 846 1142 900 Aristoteles:
1177 854 1231 900 ct
1264 847 1496 917 plurima
1529 862 1595 900 ex
1630 853 1783 916 parte
1814 847 1993 900 tribus

417 939 505 994 his
535 936 818 993 mensibus
839 976 854 1001 ,
887 942 948 991 ut
980 936 1186 991 dictum
1221 944 1302 992 est
1325 977 1340 1000 ,
1378 935 1781 1007 Munychione,
1818 937 1994 990 Thar-

415 1030 632 1101 gelione
656 1069 672 1094 ,
708 1026 1153 1098 Scirophorione.
1204 1027 1278 1084 Eo
1311 1028 1369 1082 tit
1401 1035 1460 1082 ut
1489 1032 1640 1084 circa
1672 1028 1993 1099 Munychio-

414 1136 539 1181 nem
570 1122 641 1178 sit
672 1136 898 1175 vernum
940 1121 1360 1192 aequinoctium,
1409 1130 1462 1177 et
1506 1121 1990 1191 Elapbebolionem

415 1213 598 1267 statim
632 1212 961 1284 Munychion
995 1222 1383 1283 consequatur.
1420 1212 1688 1267 Cmterum
1720 1220 1845 1283 post
1875 1211 1993 1265 Mu-

413 1303 742 1374 nychionem
793 1304 1057 1360 continuo
1108 1303 1524 1384 Thurgelionem
1579 1321 1739 1369 esse,
1793 1303 1993 1360 deinde

415 1392 935 1464 Scirophorionem,
998 1409 1105 1448 non
1162 1394 1323 1450 modo
1369 1410 1435 1451 ex
1490 1396 1559 1452 iis
1602 1396 1988 1461 manifestum,

410 1500 532 1554 quae
556 1500 789 1540 nuncex
813 1485 1106 1540 Aristotele
1129 1485 1415 1541 retulimus
1441 1505 1456 1552 ;
1484 1487 1578 1542 sed
1607 1503 1671 1542 ex
1696 1488 1762 1542 iis
1786 1487 1951 1547 etiam
1972 1526 1987 1553 ,

411 1589 533 1644 quae
564 1574 633 1630 ab
661 1574 781 1646 ipso
808 1574 950 1630 dicta
983 1575 1143 1646 156
1174 1585 1303 1629 sunt
1337 1577 1403 1631 de
1435 1577 1642 1640 bobus.
1680 1586 1734 1633 et
1770 1578 1948 1634 cervis
1971 1618 1988 1643 ,

410 1665 466 1719 in
499 1665 693 1720 iisdem
740 1665 896 1722 libris
930 1665 998 1721 de
1042 1668 1391 1728 animalibus.
1424 1687 1441 1718 ι
1495 1668 1679 1728 Bobus
1730 1669 1988 1740 (inquit)

409 1758 628 1812 initium
677 1758 856 1814 coitus
900 1766 987 1815 est
1035 1773 1223 1814 mense
1273 1758 1635 1829 Thargelione
1688 1767 1743 1815 et
1801 1758 1988 1815 Sciro-

2099 569 2239 623 ἀλλὰ
2275 570 2371 622 καὶ
2416 567 2525 621 τῶν
2563 566 2760 638 ἰχθύων
2806 568 2932 629 τοὺς
2976 565 3262 629 πλείστους
3306 564 3508 618 τίκτειν
3546 567 3676 638 περὶ

2098 659 2320 732 ἐαρινὴν
2344 659 2632 733 ἰσημερίαν
2668 656 3047 729 Ἀριστοτέλης
3081 658 3249 727 φησί’
3284 658 3408 720 τοὺς
3437 656 3494 710 δὲ
3522 656 3675 710 πλεί-

2101 770 2260 819 στους
2298 753 2393 807 καὶ
2437 755 2496 806 ἐν
2527 753 2678 825 τρισὶ
2715 752 2873 822 μησὶ,
2909 749 3274 821 Μουνυχιῶνι,
3306 748 3671 821 Θαργηλιῶνι,

2098 846 2511 918 Σκιροφοριῶνι,
2543 845 2619 908 ὼς
2652 845 2888 916 εἴρηται.
2918 843 3127 896 Οὐκοῦν
3157 843 3284 913 περὶ
3315 843 3673 914 Μουνυχιῶνα

2096 940 2131 1009 ἡ
2164 938 2354 1009 ἐαρινὴ
2386 936 2666 1009 ἰσημερία,
2699 936 2794 990 καὶ
2836 935 3033 1006 ἐφεξῆς
3066 935 3489 1008 Ἐλαφηϐολιῶνι
3528 937 3676 989 Μου-

2096 1028 2316 1100 νυχιὼν.
2366 1028 2523 1083 Μετὰ
2573 1028 2630 1082 δὲ
2666 1027 3026 1098 Μουνυχιῶνα
3077 1027 3238 1091 εὐθὺς
3269 1023 3407 1082 εἶναι
3456 1027 3674 1099 Θαργη-

2094 1122 2282 1187 λιῶνα,
2323 1116 2440 1174 εἶτα
2466 1120 2899 1193 Σκιροφοριῶνα,
2932 1120 3182 1190 ἐπίδηλον
3214 1121 3313 1173 οὐκ
3341 1122 3405 1173 ἐκ
3444 1120 3551 1174 τῶν
3577 1121 3672 1175 νῦν

2093 1214 2158 1285 δὴ
2196 1214 2501 1285 εἰρημένων
2541 1212 2948 1284 Ἀριστοτέλους
2978 1213 3160 1282 μόνον,
3188 1211 3324 1265 ἀλλὰ
3352 1213 3445 1266 καὶ
3474 1213 3538 1265 ἐκ
3563 1212 3671 1266 τῶν

2092 1303 2391 1375 λεχθέντων
2420 1302 2564 1373 αὑτῷ
2592 1303 2721 1375 περὶ
2747 1302 2886 1374 βοῶν
2912 1304 3007 1356 καὶ
3035 1303 3247 1371 ἐλάφων
3274 1305 3331 1355 ἐν
3353 1305 3464 1367 τοῖς
3490 1303 3669 1365 αὐτοῖς

2092 1398 2220 1469 περὶ
2261 1395 2415 1460 ζώων
2460 1395 2884 1467 ἱστορουμένοις.
2916 1413 2933 1447 ι
2963 1396 3254 1466 Ἀρχονται
3292 1397 3392 1465 τῆς
3427 1395 3663 1466 ὀχείας,›

2094 1489 2284 1560 φησὶν,
2318 1488 2422 1541 «εαί
2455 1486 2581 1558 βοῦς
2612 1488 2741 1556 περὶ
2771 1487 2861 1540 τὸν
2890 1486 3246 1558 Θαργηλιῶνα
3277 1486 3423 1558 μῆνα
3456 1487 3550 1540 καὶ
3577 1488 3668 1543 τὸν

2094 1579 2503 1653 Σκιροφοριῶνα
2552 1580 2609 1632 αἱ
2654 1578 2933 1632 πλεῖσται·
2985 1578 3046 1630 οὑ
3088 1576 3194 1650 μὴν
3243 1577 3359 1631 ἀλλ’
3390 1577 3527 1631 ἔνιαι
3576 1576 3669 1632 καὶ

2098 1671 2260 1743 μέχρι
2288 1670 2382 1724 τοῦ
2431 1667 2748 1743 μετοπώρου
2791 1670 3132 1725 κυΐσκονται.
3167 1689 3185 1722 t
3218 1670 3326 1723 Καὶ
3377 1670 3504 1733 τοὺς
3542 1668 3666 1723 ἐλάα

2093 1782 2226 1833 φους
2254 1763 2311 1816 δὲ
2339 1763 2667 1817 ἀποϐάλλειν
2691 1762 2819 1833 περὶ
2847 1761 3208 1834 Θαργηλιῶνα
3242 1760 3310 1815 τὰ
3343 1761 3547 1831 κέρατα
3583 1760 3670 1816 λέ·

410 1850 674 1918 phorione
719 1850 991 1920 plurimis.
1047 1848 1153 1907 Sed
1201 1852 1479 1906 nonnulla:
1522 1854 1683 1906 etiam
1717 1867 1891 1921 usque
1922 1851 1988 1906 ad

2092 1875 2178 1927 γει
2198 1875 2211 1888 ’
2245 1857 2403 1911 τοῦτο
2444 1857 2499 1910 δέ
2540 1857 2775 1929 δευτέρῳ
2806 1859 2937 1928 μηνὶ
2975 1857 3085 1910 τῶν
3116 1853 3345 1926 ἐαρινῶν
3376 1854 3672 1926 συμϐαῖνον

411 1948 736 2009 autumnum
766 1941 998 1997 coeundi
1032 1950 1244 2012 tempus
1293 1943 1589 1997 deducunt.
1633 1960 1650 1992 ι
1680 1941 1743 1996 Ει
1795 1959 1991 2001 cervos

411 2043 672 2103 praeterea
707 2048 914 2099 cornua
944 2034 1195 2088 amittere
1227 2032 1365 2088 dicit
1390 2049 1581 2089 mense
1608 2033 1988 2105 Thargelione.

409 2121 467 2177 ιιι
494 2126 622 2178 vero
653 2138 843 2178 mense
868 2124 1014 2178 veris
1038 2123 1282 2177 secundo
1310 2123 1561 2179 accidere
1590 2124 1987 2193 conspicimus.

411 2212 615 2269 Eodem
646 2230 810 2284 porro
839 2214 1076 2284 pertinet
1103 2215 1265 2269 etiam
1297 2215 1429 2270 illud
1453 2255 1467 2280 ,
1500 2216 1648 2286 quod
1681 2216 1735 2270 in
1768 2230 1834 2271 eo
1860 2231 1992 2286 ope-

411 2322 505 2372 re,
537 2307 680 2377 quod
708 2307 873 2361 Μετὰ
904 2305 975 2360 τὰ
1005 2304 1237 2376 φυσικά
1266 2307 1588 2378 inscripsit,
1631 2327 1649 2360 ι
1680 2308 1989 2378 navigatio-

410 2415 536 2456 nem
561 2419 580 2453 ι
606 2399 797 2454 scribit
824 2418 842 2449 ‹
870 2398 986 2454 ﬁeri
1011 2397 1080 2452 ab
1102 2398 1451 2469 aequinoctio,
1477 2418 1496 2453 ι
1518 2407 1569 2454 et
1593 2417 1611 2450 ί
1635 2415 1701 2454 ex
1717 2398 1991 2471 Dionysiis

410 2488 701 2561 Thargelia
732 2490 905 2546 festa:
943 2510 963 2543 ι
996 2490 1141 2560 quod
1186 2489 1303 2545 haec
1349 2500 1499 2545 certe
1551 2499 1674 2560 post
1707 2490 1988 2564 Dionysia.

410 2582 640 2638 Constat
670 2583 812 2637 enim
843 2582 1065 2637 solitum
1093 2581 1360 2638 celebrari
1387 2580 1587 2638 Libero
1617 2585 1755 2653 patri
1790 2583 1990 2640 festum

410 2689 600 2730 mense
629 2673 1011 2745 Munychione,
1063 2675 1281 2730 circiter
1304 2675 1691 2745 aequinoctium
1739 2692 1990 2731 vernum.

414 2760 900 2833 Scirophorionem
931 2779 1061 2820 vero
1091 2779 1217 2819 mox
1245 2780 1369 2820 esse
1410 2770 1534 2835 post
1574 2763 1992 2835 Thargelionem

412 2863 644 2911 testatur
673 2855 1089 2927 Theophrastus
1133 2857 1189 2912 in
1230 2857 1425 2913 iisdem
1470 2856 1629 2913 libris
1672 2856 1740 2912 de
1788 2858 1993 2928 plantis

409 2948 641 3004 dicens:
676 2965 695 2998 ι
729 2946 960 3012 Pinum,
997 2948 1226 3004 abietem
1251 2988 1266 3014 ,
1302 2949 1472 3003 robur
1506 2948 1871 3005 intermittere
1904 2951 1992 3005 in-

410 3047 782 3101 crementum,
838 3044 1104 3110 ternaque
1155 3038 1318 3099 edere
1366 3038 1656 3109 germina:
1711 3040 1988 3109 primum,

410 3145 628 3187 summo
661 3145 781 3186 vere
809 3130 994 3185 statim
1012 3170 1027 3197 ,
1053 3129 1433 3201 Thargelionis
1456 3130 1651 3200 initio;
1680 3130 1989 3186 secundum

410 3218 744 3275 intermissis
792 3218 984 3274 diebus
1035 3218 1256 3274 circiter
1295 3218 1518 3290 triginta
1546 3258 1563 3282 ,
1616 3219 1701 3274 vel
1738 3219 1988 3289 pauxillo

411 3310 662 3382 pluribus
688 3310 835 3366 circa
861 3307 1339 3380 Scirophorionem
1366 3310 1740 3378 desinentem;
1762 3312 1987 3367 tertium

410 3402 682 3473 denique,
723 3401 1013 3470 interjecto
1049 3401 1162 3457 fere
1187 3400 1500 3472 quindecim
1531 3401 1743 3457 dierum
1782 3404 1984 3473 spatio,

410 3493 692 3558 emittere,
722 3508 823 3549 nec
849 3491 1055 3547 diutius
1078 3493 1228 3549 senis
1257 3500 1351 3547 aut
1382 3493 1625 3565 septenis
1654 3492 1853 3551 diebus
1880 3493 1989 3551 He-

411 3584 827 3641 catombaeonis.
862 3604 880 3635 ι
915 3582 1240 3640 Testimonii
1298 3594 1478 3641 autem
1535 3586 1659 3641 loco
1713 3593 1798 3643 est
1853 3586 1987 3641 illud

412 3692 633 3748 quoque
678 3676 1064 3746 plebiscitum,
1109 3675 1259 3745 quod
1304 3677 1559 3747 producit
1602 3676 1900 3735 Esehines
1931 3678 1989 3732 in

411 3769 663 3823 oratione
691 3767 956 3824 adversus
985 3766 1417 3838 Ctesiphontem.
1451 3768 1595 3827 Dicit
1620 3771 1766 3828 enim
1797 3772 1990 3829 dcere-

411 3869 532 3912 tum
579 3873 705 3915 esse
743 3857 833 3914 die
879 3857 1263 3930 Tbargelionis
1305 3862 1637 3930 penultimo,
1672 3871 1733 3919 ut
1765 3864 1989 3920 comitia

411 3947 749 4003 haberentur
775 3947 1019 4004 ineuntis
1046 3948 1492 4019 Scirophorionis
1521 3953 1762 4009 secundo
1788 3954 1877 4010 die
1903 3955 1990 4011 vel

410 4040 600 4096 tertio.
635 4037 769 4097 Post
800 4037 1286 4112 Scirophorionem
1316 4056 1448 4097 vero
1482 4040 1989 4114 Hecatombagonem

411 4148 570 4198 esse,
620 4147 747 4189 cum
800 4133 858 4186 in
908 4132 1242 4204 supradictis
1272 4131 1517 4189 declarat
1545 4134 1986 4205 Theophrastus,

415 4239 531 4282 tum
559 4227 616 4282 in
656 4226 725 4280 iis
760 4241 884 4296 quae
915 4225 984 4282 de
1014 4226 1387 4296 amputatione
1417 4226 1621 4293 tibialis
1649 4227 1844 4288 calami
1874 4242 1989 4283 me-

412 4317 603 4373 moria:
631 4316 833 4388 prodit.
884 4317 974 4373 Ait
1014 4316 1191 4382 enim,
1236 4317 1370 4374 caedi
1416 4318 1638 4374 solitum
1669 4320 1989 4389 tempestive

413 4423 590 4479 usque
611 4409 681 4464 ad
711 4407 1126 4479 Antigenidem,
1155 4423 1280 4464 cum
1307 4410 1488 4465 adhuc
1511 4410 1747 4480 simplici
1778 4415 1989 4467 musica

2089 1949 2326 2022 ὁρῶμεν.
2363 1950 2459 2013 Εἰς
2483 1949 2652 2002 ταυτὸ
2689 1948 2749 2001 δὲ
2781 1949 2943 2003 τείνει
2973 1949 3066 2002 καὶ
3092 1947 3153 2000 τὸ
3181 1949 3238 2001 ἐν
3260 1949 3373 2011 τοῖς
3395 1945 3556 2001 Μετὰ
3597 1946 3672 2002 τὰ

2089 2043 2322 2114 φυσικὰ
2344 2042 2509 2115 ῥηθέν
2526 2060 2542 2073 ·
2570 2044 2652 2099 ὅτι
2686 2063 2705 2096 ι
2730 2043 2790 2109 ἐξ
2820 2043 3109 2115 ἰσημερίας
3137 2042 3351 2111 ἐγένετο
3374 2042 3403 2093 ὀ
3430 2036 3617 2101 πλοῦς,
3642 2056 3662 2089 ι

2090 2136 2187 2190 καὶ
2214 2155 2233 2186 ι
2264 2137 2328 2192 ἐκ
2357 2136 2645 2191 Διονυσίων
2673 2134 2952 2206 Θαργήλια
2976 2149 2989 2163 ο
3028 2153 3046 2185 ι
3081 2131 3212 2185 διότι
3250 2128 3389 2201 μετὰ
3431 2128 3500 2182 τὰ
3545 2129 3664 2180 Διο·

2089 2226 2269 2281 νύσια.
2294 2227 2463 2298 Δῆλον
2490 2228 2618 2299 γὰρ,
2651 2226 2734 2280 ὃτι
2778 2224 3161 2294 Μουνυχιῶνος
3188 2223 3279 2275 καί
3307 2219 3437 2290 περὶ
3473 2220 3669 2289 ἰσημε-

2090 2319 2214 2391 ρίαν
2254 2318 2474 2390 ἐαρινὴν
2504 2319 2668 2389 ἧγετο
2695 2316 2993 2388 Διονύσῳὴ
3034 2315 3217 2386 ἑορτή.
3262 2309 3671 2383 Σκιροφοριῶνα.

2088 2412 2134 2465 δ’
2164 2410 2294 2480 ἐξῆς
2337 2407 2475 2464 εἶναι
2517 2408 2863 2483 Θαργηλιῶνι
2908 2409 3178 2480 μαρτυρεῖ
3204 2405 3298 2460 καὶ
3326 2404 3668 2475 Θεόφραστος

2089 2509 2148 2561 ἐν
2185 2508 2299 2570 τοῖς
2341 2508 2525 2570 αὐτοῖς
2559 2505 2688 2577 περ)⁸
2722 2502 2939 2574 φυτῶν,
2978 2500 3186 2570 λέγων’
3235 2518 3254 2551 ί
3291 2496 3539 2567 Πεύκην,
3570 2494 3668 2550 καὶ

2091 2597 2325 2668 ἐλάτην,
2384 2598 2482 2651 καὶ
2537 2595 2670 2667 δρῦν
2727 2592 3025 2647 διαλείπειν
3086 2592 3215 2663 περὶ
3260 2588 3359 2660 τὴν
3405 2586 3664 2658 αὔξησιν,

2092 2688 2186 2742 καὶ
2215 2689 2365 2758 τρεῖς
2414 2686 2631 2756 ἀφιέναι
2660 2685 2921 2756 βλαστούς
2940 2701 2953 2715 ο
2991 2684 3082 2737 τὸν
3112 2683 3210 2754 μὲν
3246 2679 3460 2753 πρῶτον
3495 2680 3665 2752 ἄκρου

2090 2777 2272 2849 ἔαρος,
2306 2777 2469 2841 εὐθὺς
2526 2775 2818 2847 ἱσταμένου
2867 2775 2960 2830 τοῦ
2998 2772 3415 2845 Θαργηλιῶνος·
3473 2772 3565 2826 τὸν
3607 2769 3667 2824 δέ

2090 2869 2344 2940 δεύτερον
2399 2868 2751 2931 διαλιποῦσας
2817 2866 2948 2939 περὶ
3009 2867 3333 2938 τριάκοντα,
3384 2863 3417 2936 ἢ
3485 2860 3668 2934 μικρῷ

2094 2961 2312 3024 πλείους
2336 2961 2550 3032 ἡμέρας
2578 2958 2965 3014 ἐπιϐάλλεσθαι
2991 2958 3120 3028 περὶ
3146 2957 3236 3010 τὸν
3259 2953 3668 3026 Σκιροφοριῶνα

2097 3055 2240 3125 μῆνα
2269 3053 2531 3125 λήγοντα·
2566 3052 2659 3106 τὸν
2686 3051 2745 3105 δέ
2785 3049 2967 3122 τρίτον
3000 3048 3350 3111 διαλιποῦσας
3383 3047 3510 3119 περὶ
3538 3064 3668 3100 πεν-

2093 3146 2383 3201 τεκαίδεκα
2416 3145 2630 3217 ἡμέρας
2650 3184 2665 3208 ,
2703 3142 3091 3197 ἐπιϐάλλεσθαι
3136 3140 3194 3208 ἒξ
3222 3140 3254 3209 ἦ
3285 3138 3423 3193 ἐπτὰ
3454 3138 3668 3211 ἡμέρας

2100 3236 2588 3309 Ἑκατομϐαιῶνος.
2628 3256 2647 3289 ι
2683 3234 2999 3307 Μαρτύριον
3045 3233 3103 3287 δέ
3147 3233 3239 3286 καὶ
3277 3231 3339 3285 τὸ
3368 3232 3664 3301 ψήφισμα,

2088 3330 2226 3402 ὅπερ
2250 3329 2509 3400 Αἰσχίνης
2527 3328 2864 3400 προφέρεται
2883 3328 2941 3379 ἐν
2955 3325 3033 3397 τῷ
3052 3323 3216 3379 Κατὰ
3241 3320 3667 3392 Κτησιφῶντος

2088 3420 2253 3490 λόγῳ.
2303 3420 2444 3492 Φησὶ
2499 3419 2610 3491 γὰρ
2684 3416 2995 3489 γεγράφθαι
3055 3413 3437 3488 Θαργηλιῶνος
3496 3411 3665 3484 μηνὸς

2086 3509 2315 3582 δευτέρᾳ
2349 3507 2645 3578 φθίνοντος,
2670 3508 2876 3578 ἀγορὰν
2902 3507 3126 3577 ποιῆσαι
3151 3505 3260 3559 τῶν
3299 3503 3502 3574 φυλῶν,
3535 3503 3665 3557 Σκι-

2092 3598 2422 3671 ροφοριῶνος
2470 3598 2699 3671 δευτέρᾳ
2734 3597 3039 3669 -ἱσταμένου
3081 3596 3175 3651 καὶ
3211 3595 3393 3669 τρίτῃ.
3447 3591 3569 3647 Ἐπὶ
3604 3591 3665 3646 δέ

2089 3688 2480 3763 Σκιροφοριῶνι
2519 3687 2965 3760 Ἑκατομϐαιῶνα
2993 3684 3132 3742 εἶναι
3163 3687 3314 3759 δηλοῖ
3344 3688 3442 3759 μὲν
3473 3686 3567 3740 καὶ
3597 3686 3664 3740 ἐκ

2086 3781 2199 3836 τῶν
2232 3779 2327 3836 νῦν
2362 3780 2666 3853 εἰρημένων
2698 3780 3064 3852 Θεόφραστος,
3105 3781 3204 3852 οὐχ
3242 3780 3442 3852 ἥκιστα
3472 3777 3528 3832 δέ
3568 3776 3666 3832 καὶ

2089 3872 2149 3937 ἐξ
2172 3865 2248 3927 ὧν
2272 3874 2475 3942 ἱστορεί
2493 3872 2623 3943 περὶ
2647 3872 2746 3942 τῆς
2764 3872 2938 3941 τομῆς
2965 3870 3058 3924 τοῦ
3078 3870 3371 3942 αὐλητικοῦ
3392 3869 3665 3940 καλάμου.

2088 3964 2252 4032 Λέγει
2275 3962 2384 4034 γὰρ
2406 3961 2512 4034 πρὸ
2546 3962 2901 4032 ’Δντιγενίδου
2928 3962 3227 4033 μέν,ήνίκα
3258 3962 3457 4033 ηὔλουν
3484 3961 3667 4016 ἀπλά-

2042 4068 2045 4071 ·
2092 4070 2253 4119 στως,
2283 4053 2495 4126 ὡραίαν
2525 4051 2628 4125 τὴν
2672 4053 2844 4125 τομὴν
2872 4048 3012 4109 εἰναι
3046 4054 3136 4107 ὑπ’
3187 4053 3499 4126 Ἀρκτούρῳ
3526 4052 3670 4126 Βοη-

2086 4143 2386 4218 δρομιῶνος
2419 4144 2588 4215 μηνός
2609 4159 2627 4177 ο
2651 4141 2877 4216 ὕστερον
2907 4145 2988 4209 δὲ,
3015 4144 3202 4217 ἐπειδὴ
3222 4147 3301 4209 εἰς
3329 4145 3430 4219 τὴν
3466 4143 3669 4201 πλάσιν

2039 4266 2048 4275 -
2088 4235 2423 4307 μετέϐησαν,
2461 4235 2922 4307 μετακινηθῆναιο
2953 4235 3181 4308 τέμνειν
3204 4235 3315 4308 γὰρ
3342 4234 3445 4293 τοῦ
3473 4234 3666 4308 Σκιρο-

2090 4327 2355 4400 φοριῶνος
2376 4328 2473 4382 καὶ
2508 4327 2981 4399 Ἑκατομϐαιῶνος
2998 4345 3013 4359 ⁸
3039 4328 3280 4401 ὡσπερεὶ
3306 4328 3413 4399 πρὸ
3443 4328 3673 4400 τροπῶν

2094 4420 2307 4491 μικρὸν,
2354 4419 2387 4490 ἢ
2422 4419 2525 4474 ὑπὸ
2558 4420 2789 4492 τροπάς.
2826 4420 2939 4474 Καὶ
2994 4420 3368 4493 Ἀριστοτέλης
3417 4419 3476 4474 δέ
3514 4421 3664 4491 τρεῖς

412 4508 720 4565 uterentur,
746 4500 851 4556 sub
878 4501 1137 4566 Arcturo,
1168 4516 1353 4557 mense
1380 4500 1795 4558 Boedromione.
1825 4500 1986 4558 Post-

2089 4510 2287 4581 ἐφεξῆς
2338 4511 2531 4582 τέταχε
2569 4510 2820 4565 τουτουσί
2870 4511 3075 4581 μῆνας,
3123 4509 3323 4565 εἰπών’
3373 4529 3393 4563 ι
3426 4509 3548 4565 Τῶν
3601 4509 3665 4563 δὲ

408 4608 575 4664 quam
630 4609 763 4649 vero
813 4593 1047 4649 accessit
1100 4593 1279 4660 ﬁctio,
1340 4602 1396 4651 et
1451 4604 1648 4652 cantus
1698 4595 1984 4662 luxuries,

412 4692 676 4739 mutatam
702 4700 967 4740 casuram
985 4725 1001 4751 ,
1023 4684 1268 4755 cardique
1294 4692 1534 4756 emptum
1561 4685 1989 4757 Scirophorione

409 4785 466 4831 et
491 4775 973 4840 Hecatombteone,
1004 4777 1152 4832 velut
1186 4776 1349 4847 paulo
1378 4784 1504 4832 ante
1534 4777 1866 4843 solstitium,
1900 4777 1988 4833 vel

412 4871 513 4924 sub
559 4870 681 4940 ipso
727 4869 983 4925 solstitio.
1039 4869 1107 4924 Et
1149 4869 1475 4925 Aristoteles
1513 4869 1680 4924 etiam
1726 4868 1830 4924 hos
1875 4877 1988 4925 tres

413 4975 630 5016 menses
670 4959 1016 5016 continenter
1058 4968 1222 5030 atque
1262 4960 1457 5015 ordine
1499 4959 1825 5026 constituit,
1861 4974 1987 5015 cum

411 5051 591 5105 dixit:
625 5070 643 5102 ι
672 5050 955 5115 Locustae,
1000 5052 1143 5108 inter
1185 5067 1250 5108 ea
1291 5068 1412 5122 quae
1451 5053 1598 5133 ιορυί
1627 5062 1813 5108 crusta
1842 5052 1986 5107 inte-

408 5149 633 5211 guntur,
668 5156 770 5196 ova
791 5183 804 5208 ,
833 5158 954 5213 quae
985 5152 1109 5212 post
1141 5143 1347 5198 coitum
1373 5154 1774 5215 conceperant,
1808 5144 1986 5201 tribus

410 5240 568 5289 utero
598 5242 796 5304 gerunt
814 5236 1126 5301 mensibus,
1149 5235 1593 5306 Scirophorione,
1615 5235 1988 5291 Hecatombte-

409 5341 514 5379 one
534 5365 549 5388 ,
576 5325 980 5397 Metagitnione.
1013 5347 1032 5379 ι
1060 5330 1289 5398 lusuper
1311 5336 1492 5382 autem
1522 5327 1575 5382 id
1606 5343 1670 5383 ex
1699 5328 1820 5383 aliis
1849 5342 1988 5398 quo-

408 5432 520 5487 que
552 5417 737 5473 multis
765 5426 972 5474 certum
1000 5429 1084 5476 est
1107 5429 1160 5475 et
1182 5421 1542 5490 exploratum.
1568 5419 1806 5475 Mensem
1838 5420 1986 5475 enim

417 5509 740 5565 continuum
773 5512 1030 5567 ordinare
1060 5528 1288 5568 necesse
1320 5521 1437 5579 est,
1468 5514 1524 5567 in
1556 5528 1665 5582 quo
1697 5517 1768 5570 sit
1800 5513 1987 5570 solsti-

412 5599 1120 5680 tiu-upaestivum,quarlum
1143 5604 1363 5674 quidem
1392 5621 1424 5659 a
1457 5604 1844 5677 Munychionc,
1874 5615 1985 5661 uta

410 5703 703 5747 ventorum
728 5696 996 5751 mensium
1015 5698 1209 5766 primo.
1227 5697 1983 5754 Ateircaliecatomhmonem

412 5779 706 5838 solstitium
733 5792 817 5840 est
837 5823 853 5854 ,
884 5794 943 5840 ut
970 5797 1130 5843 etiam
1159 5788 1480 5845 Aristoteles
1513 5790 1565 5846 in
1597 5790 1780 5847 eadem
1810 5790 1985 5846 mani-

2092 4602 2555 4674 μαλακοστράκων
2585 4606 2634 4656 οἱ
2673 4603 2904 4676 κάραϐοι
2935 4602 3074 4674 μετὰ
3104 4603 3202 4674 τὴν
3228 4604 3410 4675 ὀχείαν
3445 4602 3659 4665 κυοῦσι.

2087 4695 2183 4746 καὶ
2217 4693 2424 4764 ἴσχουσι
2451 4694 2521 4747 τὰ
2548 4693 2629 4747 did
2669 4695 2799 4767 περὶ
2835 4697 2983 4766 τρεῖς
3015 4695 3208 4771 μῆνας,
3232 4694 3657 4767 Σκιροφοριῶνα,

2087 4785 2181 4837 καὶ
2233 4784 2709 4855 Ἑκατομϐαιῶνα,
2760 4786 2856 4840 καὶ
2908 4788 3371 4855 Μεταγειτνιῶνα.
3403 4805 3422 4838 ι
3453 4786 3574 4839 Ἔτι
3601 4785 3662 4839 δέ

2091 4874 2308 4945 βέϐαιον
2344 4877 2439 4931 καὶ
2487 4878 2552 4931 ἐκ
2583 4878 2794 4931 πολλῶν
2828 4878 3024 4934 ἄλλων.
3048 4880 3210 4949 Μῆνα
3240 4879 3350 4950 γὰρ
3392 4878 3551 4945 τάξαι
3580 4877 3659 4933 δεῖ

2089 4967 2353 5039 προσεχῆ,
2394 4969 2523 5040 περὶ
2564 4968 2623 5023 ὃν
2663 4972 2720 5023 αἱ
2748 4970 2957 5042 θεριναὶ
3007 4972 3234 5043 τροπαί·
3271 4971 3528 5042 τέταρτον
3553 4971 3668 5042 γὰρ

2089 5059 2197 5113 ἀπὸ
2218 5060 2617 5131 Μουνυχιῶνος,
2636 5062 2695 5125 ὃς
2705 5063 2768 5134 δὴ
2787 5063 3000 5135 πρῶτος
3020 5059 3088 5133 ἦν
3119 5062 3229 5116 τῶν
3251 5063 3501 5134 ἐαρινῶν.
3521 5061 3659 5133 Περὶ

2100 5149 2552 5220 Ἑκατομϐαιῶνα
2573 5151 2630 5204 δὲ
2653 5152 2920 5222 αἰτροπαί
2939 5154 2995 5206 αἱ
3020 5152 3248 5224 θεριναὶ,
3267 5153 3344 5215 ὡς
3380 5153 3471 5207 καὶ
3512 5154 3646 5222 Ἀρι-

2090 5241 2342 5312 στοτέλης
2373 5241 2653 5310 διασαφεῖ,
2679 5242 2852 5311 λέγων
2879 5244 2936 5295 ἐν
2970 5246 3082 5307 τοῖς
3114 5243 3297 5315 αὐτοῖς
3321 5246 3448 5315 περὶ
3475 5242 3628 5308 ζώων
3639 5262 3665 5276 ο*

2093 5351 2111 5382 ι
2139 5333 2293 5384 Ἐνια
2335 5330 2388 5383 δὲ
2431 5331 2600 5384 τίκτει
2659 5331 2921 5402 χειμῶνος
2984 5333 3078 5386 καὶ
3128 5333 3318 5404 θέρους
3337 5349 3358 5387 ’.
3393 5332 3657 5404 χειμῶνος

2091 5421 2190 5493 μὲν
2226 5418 2435 5491 λάϐραξ
2467 5421 2561 5473 καὶ
2587 5421 2872 5491 κεστρεὺς,
2904 5420 3094 5492 θέρους
3118 5422 3176 5475 δὲ
3202 5423 3329 5493 περί
3369 5421 3458 5475 τὸν
3494 5421 3629 5474 Ἕκα

2085 5512 2397 5583 τομϐαιῶνα
2411 5511 2669 5575 θυννίδες,
2689 5512 2817 5584 περὶ
2839 5512 3043 5584 τροπὰς
3064 5512 3301 5584 θερινάς·
3323 5532 3342 5564 ι
3368 5514 3459 5566 καὶ
3474 5511 3636 5567 πάλιν

2092 5627 2109 5656 ι
2161 5604 2466 5675 Ὀχεύονται
2512 5603 2720 5668 θύννοι,
2776 5604 2871 5658 καὶ
2917 5603 3200 5675 σκόμϐροι,
3225 5624 3243 5655 ι
3277 5604 3430 5674 φησὶ,
3471 5621 3491 5655 ι
3530 5604 3648 5674 περ’

2086 5695 2175 5750 τὸν
2218 5695 2656 5768 Ἐλαφηϐολιῶνα
2694 5695 2948 5763 φθίνοντα
2971 5713 2985 5726 ο
3020 5696 3261 5749 τίκτουσι
3301 5695 3357 5748 δὲ
3393 5695 3519 5766 περί
3565 5693 3647 5747 τοι

2100 5787 2543 5861 Ἑκατομϐαιῶνα
2575 5787 2894 5859 ἀρχόμενον.
2927 5806 2946 5840 ι
2985 5788 3049 5839 Ὃ
3093 5785 3200 5857 γὰρ
3240 5786 3502 5858 πρότερον
3530 5786 3666 5855 περὶ

4120 5006 4132 5189 l
