4132 6410
390 420 530 478 H77

1298 416 1655 475 THEODORI
1690 418 1898 475 GAZE
1937 419 2140 475 LIBER
2171 419 2261 475 DE
2300 416 2670 479 MENSIBUS.

3522 426 3662 480 H73

386 533 597 608 τροπὰς
620 531 839 605 θερινὰς
866 549 1009 601 ειπε,
1036 533 1182 587 τοῦτ’
1211 535 1344 589 αὐτὸ
1369 535 1596 607 ὕστερον
1638 539 1771 610 περὶ
1809 526 1966 592 Ἐκα-

2071 538 2234 595 festat
2258 537 2510 595 historia.
2546 557 2566 589 i
2598 537 2858 605 Quaedam
2880 578 2896 601 ,
2938 538 3147 609 inquit,
3187 541 3407 609 pariunt
3443 540 3620 596 hieme
3641 563 3657 586 ν

387 624 704 697 τομϐαιιῖινα
734 622 1034 697 ἀρχόμενον
1064 624 1242 695 λέγει’
1281 626 1356 691 ib;
1394 627 1505 699 ἄρα
1538 628 1668 701 περὶ
1705 629 1967 700 Ἑκατομ-

389 717 598 771 ϐαιῶνα
628 715 929 789 ἀρχόμενον
960 717 1070 770 τῶν
1108 717 1337 788 θερινῶν
1367 719 1666 791 γινομένων
1711 720 1959 792 τροπῶν·

389 807 815 878 ὁμολογούμενον
867 807 925 862 δὲ
985 808 1196 873 τούτοις
1227 811 1323 864 καὶ
1363 815 1425 865 τὸ
1477 812 1605 884 περὶ
1651 818 1824 885 τομῆς
1868 812 1964 868 τοῦ

392 898 685 969 αὐλητικοῦ
738 898 984 970 καλάμου
1025 900 1354 971 Θεοφράστῳ
1378 901 1598 971 λεχθέν·
1640 920 1659 953 i
1699 903 1966 974 Τέμνουσι

392 990 501 1062 γὰρ
543 990 608 1062 δὴ
650 988 768 1055 VCa,
802 1010 820 1043 ι
858 993 1015 1063 φησὶ,
1052 992 1182 1045 «τοῦ
1218 993 1649 1066 Σκιροφοριῶνος
1674 996 1767 1049 καὶ
1812 996 1973 1048 Ἐκα-

391 1082 760 1153 τομϐαιῶνος,
795 1082 1037 1154 ὡσπερεὶ
1087 1084 1194 1155 πρὸ
1238 1084 1459 1155 τροπῶν
1496 1086 1723 1156 μικρὸν,
1775 1086 1808 1157 ἢ
1865 1087 1971 1140 ὑπὸ

391 1174 630 1245 τροπάς-
669 1194 687 1226 ι
727 1173 911 1228 καὶτὸ
958 1175 1223 1247 πρότερον
1251 1175 1313 1246 δὴ
1349 1177 1673 1247 παρατεθὲν,
1703 1178 1784 1231 ὅτι
1830 1195 1971 1250 τρο-

392 1266 500 1328 πὰς
532 1265 770 1336 θερινὰς,
796 1267 890 1320 τοῦ
915 1268 1385 1337 Μεταγειτνιῶνος
1412 1268 1578 1339 μηνός
1600 1286 1613 1300 ’
1646 1270 1700 1323 εἴ
1724 1287 1787 1339 γε
1829 1269 1968 1341 μετὰ

403 1357 855 1429 Ἑκατομϐαιῶνα
882 1359 1293 1428 Μεταγειτνιὼν
1321 1360 1539 1431 ἐφεξῆς.

2071 630 2175 685 alia
2209 639 2439 685 aestate:
2472 630 2681 693 hieme,
2719 631 2905 701 lupus,
2932 631 3190 700 mugilis;
3220 641 3410 687 aestate
3433 673 3448 695 ,
3492 641 3660 703 atque

2071 723 2209 779 adeo
2256 722 2712 779 Hecatombaeone
2757 739 2980 788 mense,
3033 725 3258 780 circiter
3311 725 3649 791 solstitium,

2072 815 2357 870 thumum.)
2379 814 2512 870 item
2534 835 2547 870 :
2573 836 2591 867 i
2617 816 2831 871 Coeunt
2854 816 3050 870 tbunni
3073 824 3127 871 et
3152 818 3418 881 scombri,
3444 817 3655 888 inquit,

2073 909 2178 962 sub
2223 908 2383 963 linem
2438 907 2925 978 Elaphebolionis,
2981 909 3314 979 pariuntque
3368 907 3659 964 Hecatom-

2071 1001 2279 1056 bteonis
2314 1001 2604 1071 principio.
2639 1020 2656 1053 ι
2685 999 2842 1068 Quod
2880 1017 3116 1071 namque
3151 1003 3376 1056 circiter
3404 1002 3657 1056 aestivum

2071 1092 2363 1146 solstitium
2403 1093 2556 1160 prius
2585 1091 2760 1157 dixit,
2806 1092 2860 1145 id
2892 1102 3076 1163 postea
3108 1092 3240 1146 dicit
3284 1092 3440 1146 initio
3483 1089 3660 1146 Heca-

2072 1183 2428 1249 tomhazonis,
2464 1191 2726 1252 tanquam
2762 1185 2976 1239 scilicet
3010 1185 3200 1239 aestivo
3236 1184 3478 1239 solsmio
3512 1185 3659 1240 exsi-

2069 1282 2245 1330 stente
2271 1275 2418 1328 circa
2448 1276 2724 1333 ineuntem
2755 1274 3285 1331 Hecatombieonem.
3330 1273 3452 1330 Jain
3485 1276 3553 1330 ab
3587 1275 3661 1331 ii:

2066 1380 2176 1418 non
2204 1365 2473 1427 alienum,
2512 1368 2655 1436 quod
2691 1366 2759 1421 de
2792 1368 3170 1436 amputatione
3217 1368 3425 1421 tibialis
3457 1366 3654 1421 calami

390 1442 801 1517 Theophrastus
834 1451 1057 1504 retulit:
1088 1469 1106 1502 ι
1136 1450 1396 1518 Caedunt,
1430 1452 1644 1522 inquit,
1683 1453 1784 1508 hac
1822 1461 2149 1525 tempestate
2202 1459 2487 1512 mensibus
2555 1458 2676 1524 bis,
2711 1457 3182 1529 ScirOphorione,
3244 1467 3299 1514 et
3360 1459 3652 1513 Hecatom-

392 1543 610 1596 L-aone:
673 1543 835 1611 paulo
884 1542 1140 1598 videlicet
1186 1554 1314 1599 ante
1362 1545 1683 1608 solstitium.
1733 1547 1818 1601 vel
1868 1549 1972 1602 sub
2010 1550 2170 1619 ipso;
2200 1568 2218 1600 ι
2243 1565 2342 1605 nec
2371 1567 2481 1606 non
2515 1551 2569 1605 id
2600 1553 2781 1623 ipsum
2803 1592 2818 1615 ,
2848 1552 2995 1621 quod
3047 1562 3174 1609 ante
3199 1568 3266 1608 ex
3297 1553 3489 1609 eodem
3550 1570 3656 1608 an-

391 1646 543 1692 ctore
572 1636 640 1693 de
669 1646 913 1695 semente
941 1639 1271 1704 citavimus,
1328 1649 1460 1711 puta
1501 1657 1690 1697 mense
1730 1641 2116 1714 Metagitnione
2165 1656 2288 1715 post
2348 1649 2599 1702 aestivum
2664 1648 2998 1714 solstitium,
3068 1649 3304 1719 primam
3352 1659 3657 1707 sementem

392 1729 551 1796 ﬁeri;
604 1729 872 1800 siquidem
928 1738 1054 1802 post
1104 1730 1618 1788 Hecatombaeonem
1660 1735 1908 1804 proxime
1956 1747 2040 1792 est
2077 1736 2454 1809 Metagitnion.

431 1869 561 1922 Ὅτι
591 1867 748 1938 ἁρχὴ
775 1869 1052 1924 ἐνιαυτοῦ
1079 1870 1398 1939 Ἀθηναίοις
1424 1874 1457 1925 d
1485 1872 1933 1942 Ἑκατομϐαιῶν.

2143 1876 2299 1945 Quod
2334 1878 2650 1947 principium
2689 1877 2819 1932 anni
2848 1877 3017 1931 Attici
3046 1878 3117 1931 sit
3152 1874 3581 1934 Hecatombieon.

465 1981 541 2035 E’.
577 1981 686 2034 Καὶ
730 1979 1004 2052 Ἀθηναῖοι
1055 1980 1112 2033 δὲ
1148 1980 1243 2035 τοῦ
1293 1982 1541 2036 ἐνιαυτοῦ
1581 1984 1813 2055 ἦρχοντο
1861 1984 1970 2038 ἀπὸ

405 2071 896 2143 Ἑκατομϐαιῶνος,
923 2072 1012 2126 διὰ
1039 2072 1102 2126 τὸ
1145 2073 1245 2137 τὰς
1283 2074 1494 2147 τροπὰς
1542 2074 1788 2143 γίνεσθαι
1838 2076 1969 2148 περὶ

391 2165 574 2220 αὐτόν.
616 2166 750 2218 Ἀπὸ
778 2166 887 2237 γὰρ
911 2165 1138 2238 θερινῶν
1165 2167 1380 2239 τροπῶν
1406 2170 1439 2239 ἡ
1468 2168 1610 2239 ἁρχὴ
1643 2164 1711 2240 ἦν
1743 2169 1968 2233 ἐκείνοις

391 2258 487 2311 τοῦ
515 2254 669 2322 ἔτους
689 2274 701 2286 ·
743 2256 932 2327 ῶσπερ
969 2257 1265 2328 Ῥωμαίοις
1296 2257 1522 2330 ὕστερον
1563 2259 1671 2313 ἀπὸ
1698 2259 1806 2314 τῶν
1849 2278 1967 2331 χει-

395 2350 651 2425 μερινῶν.
696 2351 896 2423 Ἀρχὴν
927 2352 1024 2422 μὲν
1052 2348 1146 2406 οὖν
1170 2349 1309 2405 εἶναι
1346 2351 1441 2405 τοῦ
1485 2350 1639 2416 ἔτους
1671 2353 1764 2406 τὸν
1808 2353 1967 2406 Ἐκα-

389 2431 706 2512 τομϐαιῶνα
752 2442 912 2512 δῆλον
960 2444 1309 2514 Δημοσθένης
1358 2447 1505 2497 ποιεῖ
1549 2446 1607 2498 ὲν
1656 2445 1825 2516 τρίτῳ
1858 2445 1966 2499 τῶν

405 2531 833 2599 Ὀλυνθιακῶν,
861 2534 1064 2604 λέγων’
1100 2555 1118 2587 i
1146 2536 1300 2590 Μετὰ
1328 2536 1386 2590 δὲ
1431 2536 1631 2600 ταῦτα,
1670 2536 1964 2603 διελθόντος

387 2624 485 2678 τοῦ
529 2626 778 2679 ἐνιαυτοῦ
818 2626 1031 2689 τούτου,
1068 2627 1476 2699 Ἐκατομϐαιὼν
1497 2668 1512 2688 ,
1538 2620 1960 2698 Μεταγειτνιὼν,

391 2717 767 2790 Βοηδρομιῶνο
800 2718 994 2773 τούτου
1035 2719 1128 2772 τοῦ
1173 2720 1339 2791 μηνὸς
1382 2721 1542 2790 μόγις
1577 2721 1715 2791 μετὰ
1760 2721 1965 2791 μυστή-

395 2829 485 2881 ρια
516 2812 649 2865 δέκα
677 2811 808 2875 ναῦς
856 2812 1235 2868 ἀπεστείλατε.
1275 2832 1294 2865 ι
1334 2813 1698 2867 Ἐπιδείκνυσι
1729 2813 1838 2884 γὰρ
1865 2814 1963 2885 τὴν

403 2902 701 2974 Ἀθηναίων
753 2902 1016 2975 ἀμέλειαν
1054 2905 1147 2958 καὶ
1187 2907 1268 2968 είς
1310 2907 1459 2975 τρεῖς
1502 2904 1583 2958 ἔτι
1643 2906 1817 2977 μῆνας
1866 2905 1961 2958 τοῦ

391 2996 634 3061 ἐπιόντος
684 2996 931 3050 ἐνιαυτοῦ
985 2997 1569 3072 προσπαρατετάσθαι·
1613 2998 1689 3063 ὡς
1751 2998 1797 3052 δ’
1854 2998 1963 3052 άπὸ

391 3089 617 3161 θερινῶν
663 3090 880 3163 τροπῶν
928 3086 1068 3144 εἶναι
1114 3090 1213 3162 τὴν
1245 3090 1453 3164 ἀρχὴν,
1504 3091 1841 3163 Σιμπλίκιος,
1878 3093 1962 3160 ἐξ-

390 3180 524 3251 ηγού
533 3199 687 3252 μενος
702 3185 854 3284 Ξὶρισ
866 3182 1102 3249 τοτέλους
1122 3184 1221 3255 τῆς
1255 3184 1523 3254 φυσικῆς
1542 3185 1886 3254 ἀκροάσεως
1900 3187 1961 3239 τὸ
1989 3223 2036 3284 c

391 3272 666 3344 πέμπτον,
700 3267 804 3326 ὧδε
828 3274 957 3346 περὶ
981 3273 1078 3327 τοῦ
1108 3273 1268 3344 φύσει
1310 3276 1576 3348 προτέρου
1609 3276 1705 3330 καὶ
1732 3276 1961 3349 ὑστέρου

390 3364 566 3434 λέγων
604 3365 915 3420 πιστοῦταιο
948 3387 967 3419 i
1002 3368 1099 3431 Ἀς
1131 3367 1190 3421 δὲ
1226 3370 1388 3439 ἡμεῖς
1424 3367 1728 3439 ποιούμεθα
1766 3368 1960 3441 ἀρχὰς,

391 3457 638 3511 ἐνιαυτοῦ
672 3458 770 3529 μὲν
795 3460 925 3529 περὶ
956 3458 1172 3529 θερινὰς
1203 3460 1431 3531 τροπὰς,
1466 3460 1543 3524 ib;
1582 3460 1852 3532 Ἀθηναῖοι
1875 3477 1890 3493 ·
1926 3459 1960 3532 ἢ

392 3548 524 3620 περὶ
554 3550 952 3621 μετοπωρινὰς,
990 3550 1067 3614 ib;
1104 3551 1305 3623 οἱπερὶ
1332 3551 1432 3623 τὴν
1476 3551 1573 3606 νῦν
1618 3552 1964 3624 καλουμένην

405 3641 618 3695 Ἀσίανο
649 3643 682 3713 ἢ
712 3643 841 3714 περὶ
884 3643 1234 3714 χειμερινὰς,
1282 3644 1360 3709 ὠς
1414 3644 1705 3716 Ῥωμαῖοι·
1748 3644 1781 3716 ἢ
1837 3644 1965 3716 περὶ

392 3734 632 3807 ὲαρινάς,
652 3735 730 3799 ib;
757 3734 996 3807 Ἄραϐες
1034 3736 1126 3789 καὶ
1165 3737 1517 3809 Δαμασκηνοὶ
1536 3755 1550 3768 ·
1592 3737 1758 3808 μηνὸς
1789 3737 1865 3802 δὲ,
1889 3735 1966 3800 ὥς

390 3843 557 3890 τινες,
594 3826 767 3898 ἀρχὴν
792 3827 890 3899 τὴν
919 3827 1256 3899 πανσέληνον
1284 3829 1536 3898 λέγουσιν
1563 3828 1597 3900 ἢ
1646 3829 1747 3900 τὴν
1798 3827 1960 3881 νέανο

394 3918 607 3973 ἔσονται
647 3919 794 3972 θέσει
835 3914 1014 3974 αὗται.
1038 3939 1059 3972 ι
1090 3919 1259 3974 Πάλιν
1280 3922 1329 3974 εἰ
1362 3920 1505 3993 ἀρχὴ
1549 3921 1650 3992 μὲν
1676 3919 1772 3976 τοῦ
1812 3920 1966 3984 ἔτους

392 4012 502 4066 ἀπὸ
523 4011 743 4082 τροπῶν
779 4012 1006 4084 θερινῶν
1044 4013 1366 4085 Ἀθηναίοις,
1397 4014 1474 4076 ib;
1521 4012 1843 4085 Σιμπλίκιος
1874 4011 1965 4064 λέ·-

392 4119 480 4171 γει
499 4117 514 4135 ο
543 4100 735 4173 θέρους
762 4101 819 4155 δὲ
840 4101 968 4173 περὶ
996 4102 1089 4154 τὸν
1123 4100 1573 4172 Ἑκατομϐαιῶνα
1603 4101 1731 4172 περὶ
1758 4098 1965 4173 τροπὰς

391 4191 637 4247 τίκτουσι
666 4190 937 4256 θυννίδες,
982 4190 1058 4255 ib;
1101 4190 1514 4265 Ἀριστοτέληςο
1560 4188 1964 4262 συμπέρασμα,

391 4284 476 4338 δτι
526 4282 670 4356 ἁρχὴ
718 4281 815 4337 τοῦ
862 4282 1017 4347 ετους
1048 4285 1078 4337 ὁ
1122 4282 1556 4354 Ἐκατομϐαιὼν,
1600 4284 1862 4358 τροπικὸς
1888 4282 1967 4339 ὢν

394 4376 625 4450 θερινός.
695 4375 860 4431 Ἀλλὰ
920 4375 1028 4449 μὴν
1093 4377 1187 4430 καὶ
1245 4376 1439 4449 ἑορτὴν
1515 4376 1789 4450 Ἀθηναῖοι
1843 4376 1965 4432 τότε

391 4458 528 4532 ἦγον
555 4462 844 4535 δημοτελῆ,
870 4463 963 4517 καὶ
985 4463 1142 4518 έθυον
1188 4464 1621 4538 μεγαλοπρεπῶς
1658 4466 1737 4538 τῷ
1775 4466 1963 4540 Ἡλίῳ,

2150 1989 2211 2046 ν.
2254 1990 2320 2045 Ει
2352 2006 2557 2045 annum
2591 1989 2813 2061 quidem
2847 1989 3216 2046 Athenienses
3257 1990 3327 2045 ab
3364 1988 3652 2044 Hecatom-

2073 2082 2262 2138 breone
2309 2083 2678 2152 incipiebant,
2733 2082 2882 2152 quod
2935 2096 3003 2138 eo
3053 2097 3244 2138 mense
3299 2089 3655 2153 perageretur

2073 2175 2391 2231 solstitium.
2426 2174 2510 2230 Ab
2535 2177 2725 2229 aestivo
2757 2175 2903 2230 enim
2953 2175 3193 2230 solstitio
3241 2175 3311 2231 iis
3354 2183 3475 2231 erat
3522 2177 3651 2231 anni

2072 2267 2403 2337 principium
2425 2306 2440 2329 ,
2476 2266 2939 2337 quemadmodum
2978 2267 3241 2322 Romanis
3274 2268 3551 2338 posterius
3583 2268 3654 2322 ab

2072 2357 2693 2429 hiberno."Principium
2737 2359 2924 2429 itaque
2973 2360 3101 2412 anni
3130 2375 3254 2414 esse
3278 2357 3654 2414 Hecatombaa-

2071 2467 2229 2507 onem
2251 2490 2266 2515 ,
2293 2467 2359 2506 ex
2386 2450 2750 2507 Demosthene
2770 2451 2824 2505 in
2850 2452 3010 2505 tertia
3034 2450 3475 2523 Olynthiasarum
3498 2465 3651 2506 com-

2070 2557 2284 2617 pertum
2308 2546 2571 2600 habemus
2598 2563 2612 2599 :
2640 2563 2659 2597 i
2689 2543 2895 2600 Deinde
2916 2560 3066 2607 veru,
3082 2565 3099 2596 ι
3127 2546 3356 2614 inquit.i
3383 2544 3489 2599 hoc
3507 2559 3652 2598 anno

2070 2644 2265 2691 exacto
2291 2636 2491 2690 labitur
2520 2635 2935 2690 Hecatombaaon
2954 2674 2970 2699 ,
2995 2634 3347 2707 Metagitnion
3367 2676 3382 2697 ,
3410 2635 3650 2691 Boedro-

2069 2728 2240 2783 mion.
2278 2727 2391 2782 Hoc
2424 2742 2610 2783 mense
2636 2728 2724 2781 vix
2763 2726 2983 2781 tandem
3015 2733 3138 2796 post
3173 2725 3432 2797 mysteria
3459 2725 3649 2781 decem

2068 2833 2236 2873 naves
2260 2817 2540 2873 misistis.»
2569 2816 2916 2872 Demonstrat
2936 2818 3082 2871 enim
3108 2814 3527 2870 Atheniensium
3557 2830 3651 2870 so-

2068 2909 2308 2966 cordiam
2336 2910 2389 2964 in
2415 2909 2634 2965 tertium
2659 2924 2832 2979 usque
2858 2924 3099 2964 mensem
3126 2908 3364 2963 ineuntis
3384 2908 3510 2961 anni
3530 2920 3652 2976 pro-

2066 3009 2297 3056 tractam
2324 3000 2519 3066 fuisse;
2543 3016 2667 3054 nam
2690 3001 2835 3071 quod
2860 3001 2930 3055 ab
2950 3001 3139 3055 aestivo
3167 2999 3404 3055 solstitio
3423 3000 3496 3055 sit
3519 2998 3648 3053 anni

2067 3090 2393 3161 principium
2417 3131 2432 3157 ,
2477 3089 2791 3160 Simplicius
2817 3105 3101 3161 exponens
3128 3090 3379 3161 quintum
3411 3090 3649 3161 physica:

2066 3180 2483 3236 auscultationis
2503 3180 2816 3236 Aristotelis
2836 3220 2851 3245 ,
2880 3181 2953 3249 ita
2976 3180 3044 3234 de
3063 3194 3150 3246 eo,
3179 3178 3325 3250 quod
3348 3188 3432 3233 est
3454 3188 3649 3234 natura

2065 3272 2218 3342 prius
2247 3278 2301 3325 et
2321 3272 2595 3341 posterius
2617 3271 2957 3335 edisserens,
2985 3269 3072 3326 bis
3094 3270 3275 3325 verbis
3297 3268 3457 3324 ﬁdem
3484 3270 3645 3325 facit:

2070 3384 2087 3417 i
2112 3362 2262 3431 Quae,
2291 3382 2311 3415 ι
2330 3363 2504 3432 inquit
2524 3402 2539 3427 ,
2569 3381 2587 3414 i
2610 3361 2840 3417 facimus
2864 3361 3040 3428 initia,
3064 3361 3452 3430 anniquidem,
3477 3361 3558 3416 vel
3579 3359 3648 3414 ad

2064 3455 2310 3511 aestivum
2330 3454 2624 3510 solstitium
2639 3495 2655 3520 ,
2677 3462 2736 3508 ut
2751 3453 2915 3508 Attici
2934 3454 3046 3517 ;vel
3065 3454 3130 3508 ad
3146 3454 3458 3507 autumnale
3473 3452 3648 3522 tequi-

2065 3548 2307 3602 noctium
2324 3587 2338 3613 ,
2357 3557 2416 3603 ut
2438 3556 2617 3608 teme,
2638 3561 2759 3617 qua:
2774 3560 2919 3600 nunc
2932 3545 3060 3600 Asia
3077 3545 3299 3609 dicitur,
3321 3544 3512 3599 incola:
3528 3560 3545 3611 ;
3564 3542 3649 3598 vel

2064 3637 2210 3692 circa
2222 3636 2492 3699 brumam,
2511 3642 2571 3690 ut
2586 3633 2814 3689 Romani
2831 3651 2846 3700 ;
2866 3635 2950 3690 vel
2965 3636 3110 3689 circa
3125 3635 3508 3704 aequinoctium
3526 3650 3650 3690 ver-

2065 3744 2219 3792 num,
2252 3736 2311 3784 ut
2339 3728 2549 3784 Arabes
2576 3739 2630 3784 et
2654 3727 3008 3783 Damasceni:
3039 3727 3246 3782 mensis
3271 3742 3420 3791 vero,
3445 3733 3505 3781 ut
3527 3728 3650 3798 qui-

2065 3821 2188 3877 dam
2214 3822 2401 3876 volunt
2419 3862 2434 3886 ,
2458 3822 2816 3892 plenilunium
2842 3828 2935 3874 aut
2957 3820 3326 3874 novilunium:
3350 3820 3465 3875 haec
3485 3827 3648 3875 erunt

2065 3916 2354 3986 positione.
2369 3913 2636 3971 iRursum
2656 3915 2700 3969 si
2718 3913 3146 3969 Atheniensibus
3170 3913 3297 3967 anni
3315 3913 3646 3984 principium

2064 4015 2182 4074 est,
2201 4013 2261 4061 ut
2286 4006 2452 4064 refert
2477 4006 2794 4076 Simplicius
2813 4047 2829 4071 ,
2856 4006 2925 4060 ab
2955 4006 3142 4061 aestiva
3173 4006 3306 4060 solis
3336 4005 3652 4076 reciprocaa

2063 4099 2250 4161 tione.
2306 4106 2363 4156 et
2409 4106 2599 4155 aestate
2644 4098 2792 4153 circa
2834 4099 3082 4154 eamdem
3126 4097 3349 4152 thunna:
3389 4097 3647 4167 pariunt,

2065 4204 2254 4245 mense
2276 4188 2743 4252 Hecatombteone,
2765 4188 2957 4242 utvult
2976 4187 3331 4242 Aristoteles:
3351 4187 3478 4241 inde
3493 4186 3568 4248 lit.
3581 4193 3648 4240 ut

2026 4309 2034 4318 -
2065 4280 2482 4338 Hecatombazon
2520 4281 2593 4336 sit
2633 4281 2762 4335 anni
2790 4281 3047 4347 initium;
3079 4280 3303 4335 aestivus
3332 4293 3457 4334 cum
3492 4278 3566 4335 sit
3589 4285 3646 4333 et

2066 4372 2402 4429 solstitialis.
2451 4373 2523 4427 At
2548 4388 2681 4429 vero
2725 4372 2894 4431 ferias
2925 4374 3091 4429 etiam
3123 4384 3238 4429 tum
3268 4372 3501 4444 agebant
3538 4387 3644 4441 pu-

2063 4464 2239 4521 blicas
2264 4464 2627 4523 Athenienses
2645 4505 2661 4529 ,
2689 4472 2744 4520 et
2771 4464 3057 4537 splendide
3082 4462 3468 4521 sacriﬁcabant
3492 4460 3643 4517 Soli:

392 4555 469 4619 ib;
501 4555 629 4628 περὶ
670 4557 879 4626 τροπάς
936 4555 1083 4611 όντιε
1117 4556 1241 4612 ὅθεν
1290 4558 1387 4611 καὶ
1436 4556 1675 4631 τοῦνομα
1714 4559 1794 4632 τῷ
1838 4561 1966 4633 μηνὶ

2069 4565 2131 4612 ιιι
2156 4558 2251 4628 qui
2290 4557 2345 4611 in
2383 4555 2621 4613 solstitio
2652 4567 2836 4614 esset:
2871 4557 3017 4613 unde
3044 4567 3100 4611 et
3139 4555 3316 4611 mensi
3348 4554 3643 4610 Hecatom-

405 4643 817 4717 Ἐκατομϐαιὼν
841 4685 857 4710 ,
901 4645 1119 4720 Κρονίῳ
1148 4648 1449 4721 πρότερον,
1504 4650 1580 4717 ib;
1625 4651 1970 4727 Πλούταρχός

394 4752 528 4806 φησι
546 4776 560 4800 ,
587 4736 929 4808 καλουμένῳ.

464 4827 639 4892 Κέκος
663 4828 740 4892 δὲ,
773 4829 1013 4902 Πρόκλου
1052 4829 1346 4902 χλευάζων,
1381 4830 1605 4900 γελοίως
1649 4834 1751 4897 τὰς
1791 4834 1969 4890 Ἠσιό-

392 4919 484 4973 δου
540 4921 815 4991 ἐξηγεῖται
861 4922 1094 4994 ἡμέρας,
1136 4923 1321 4994 ἕτερον
1358 4919 1497 4978 εἶναι
1526 4926 1669 4996 μῆνα
1702 4926 1969 5000 Ἑκατομ-

394 5011 625 5076 ϐαιῶνος
649 5013 741 5066 τὸν
774 5014 1004 5086 Κρόνιον
1045 5014 1463 5085 ὑπολαμϐάνων,
1495 5019 1591 5072 καὶ
1630 5018 1812 5089 τρίτον
1841 5036 1967 5072 συν-

392 5104 603 5158 τάττων
639 5105 749 5158 ἀπδ
785 5105 1286 5176 Ἐκατομϐαιῶνοςο
1331 5109 1424 5161 καὶ
1460 5108 1821 5181 Θαργηλιῶνα
1869 5111 1967 5182 μὲν

395 5194 490 5247 καὶ
520 5196 959 5263 Μεταγειτνιῶνα
978 5197 1240 5269 μηδαμῶς
1265 5198 1544 5269 ὀνομάζων
1578 5201 1671 5253 ὑπ’
1705 5200 1964 5271 ἀμαθίας,

394 5283 684 5355 Ληναιῶνα
729 5286 787 5339 δὲ
832 5285 909 5358 (ὃν
945 5290 1040 5341 καὶ
1078 5290 1241 5354 αὐτὸς
1276 5290 1392 5362 ᾔδει
1444 5292 1768 5364 Ἰανουάριον
1801 5293 1966 5365 ὄντα)

394 5377 708 5447 καταλέγων
746 5381 803 5432 ὲν
850 5382 963 5444 τοῖς
988 5382 1096 5435 τῶν
1136 5382 1434 5454 Ἀθηναίων
1476 5384 1628 5455 μησὶ,
1658 5386 1751 5438 καὶ
1782 5385 1967 5439 δεύτε-

394 5484 489 5540 ρον
512 5468 682 5533 τιθεὶς
714 5470 822 5524 ἀπὺ
852 5471 1343 5544 Ἑκατομϐαιῶνος.
1388 5475 1835 5546 Ἑκατομϐαιῶνα
1870 5479 1967 5548 μὲν

391 5557 485 5616 οὖν
504 5560 641 5618 εἶναι
683 5565 821 5635 μετὰ
850 5566 1256 5638 Σκιροφοριῶνα
1313 5567 1496 5631 εὐθὺς,
1532 5570 1626 5622 καὶ
1644 5569 1773 5641 περὶ
1806 5570 1965 5623 Ἑκα-

390 5653 707 5723 τομϐαιῶνα
758 5656 860 5720 τὰς
915 5657 1134 5729 θερινὰς
1195 5653 1335 5712 εἷναι
1382 5659 1610 5731 τροπὰς,
1642 5659 1873 5732 φανερὸν
1902 5660 1966 5732 δὴ

393 5747 602 5803 ἐνθένδε
627 5764 643 5780 ·
671 5752 1114 5821 Μεταγειτνιῶνα
1145 5754 1189 5806 δ’
1236 5753 1365 5823 ἑξῆς
1393 5749 1553 5816 εἶναι,
1590 5750 1708 5807 εἶτα
1734 5756 1964 5826 Βοηδρο-

396 5840 594 5908 μιῶνα,
626 5843 856 5912 δήλωσις
901 5845 997 5915 μὲν
1046 5846 1138 5900 καὶ
1163 5845 1230 5900 τὰ
1254 5844 1631 5917 Δημοσθένους
1663 5846 1785 5920 ἄρτι
1819 5849 1967 5918 εἰρη-

2068 4649 2242 4705 ιιαιοιιί
2275 4649 2432 4720 157
2465 4664 2696 4716 nomen,
2745 4649 2950 4707 Cronio
2986 4648 3172 4720 prius,
3214 4655 3275 4703 ut
3313 4644 3646 4702 Plutarchus

2068 4742 2247 4814 inquit
2269 4783 2286 4805 ,
2323 4751 2657 4814 uuncupato.

2138 4834 2312 4890 Porro
2338 4833 2518 4891 Cecus
2551 4833 2807 4891 Proclum
2852 4834 3115 4898 irridens,
3150 4833 3271 4889 dies
3304 4829 3530 4908 Hesiodi
3566 4820 3652 4888 ri;

2067 4929 2249 4986 dicule
2286 4930 2706 5000 interpretatur,
2757 4929 2922 4983 alium
2958 4942 3204 4983 mensem
3253 4926 3322 4980 ab
3351 4923 3645 4981 Hecatom-

2067 5021 2258 5077 baeone
2288 5019 2531 5075 Cronion
2572 5035 2695 5075 esse
2729 5019 3071 5082 existimans,
3114 5027 3167 5072 et
3195 5014 3416 5070 tertium
3450 5017 3520 5069 ab
3548 5014 3644 5070 illo

2068 5114 2411 5169 constituens
2447 5130 2461 5166 :
2496 5121 2550 5167 et
2579 5111 2997 5183 Thargelionem
3024 5110 3267 5180 quidem,
3297 5122 3362 5162 ac
3392 5106 3642 5179 Metagit-

2068 5205 2312 5268 nionem,
2368 5218 2479 5274 prie
2527 5203 2821 5274 imperitia,
2879 5203 3031 5257 nullo
3091 5200 3254 5255 modo
3312 5201 3641 5268 nominans;

2066 5296 2391 5352 Lenaeonem
2460 5311 2591 5350 vero
2643 5296 2851 5365 (quem
2914 5294 3056 5350 idem
3129 5291 3450 5348 Ianuarium
3518 5306 3644 5348 esse

2069 5388 2325 5459 sciebat)
2372 5388 2516 5442 inter
2556 5388 2769 5442 Atticos
2815 5401 3031 5442 menses
3066 5399 3382 5448 recensens,
3416 5391 3471 5439 et
3513 5399 3643 5454 pro—

2068 5481 2272 5550 pinqua
2317 5479 2445 5535 sede
2494 5477 2935 5535 Hecatombaaoni
2986 5477 3286 5532 collocans.
3348 5474 3642 5531 Hecatom-

2067 5573 2311 5628 baeonem
2369 5572 2533 5642 igitur
2585 5586 2709 5626 esse
2760 5569 2947 5625 statim
2999 5584 3030 5623 a
3079 5566 3526 5639 Scir0phorione.
3587 5576 3645 5623 et

2067 5664 2217 5717 circa
2265 5661 2777 5717 Hecatombasonem
2804 5662 3052 5716 aestivum
3083 5659 3376 5717 solstitium
3420 5657 3639 5724 conﬁci,

2067 5755 2195 5809 hinc
2220 5761 2434 5810 constat
2452 5753 2709 5810 dilucide.
2740 5753 3009 5808 Caeterum
3040 5750 3482 5822 Mctagitnionem
3514 5765 3640 5806 esse

2067 5847 2350 5918 deinceps,
2383 5857 2570 5921 postea
2612 5845 3086 5909 Boedromionem,
3109 5844 3391 5899 declarant
3420 5842 3647 5901 quidem
