4132 6410
451 390 589 448 H79

1424 391 1516 444 AD
1556 390 1823 447 EUSEBII
1859 391 2259 448 CHRONICON
2298 391 2667 448 APPENDIX.

3564 396 3733 455 μεθ’

449 524 511 563 es
539 520 661 578 qua:
691 520 866 576 nuper
897 521 961 560 ex
993 503 1357 562 Demosthene
1386 507 1735 577 protulimus.
1774 507 2022 578 Metagit-

2141 508 2263 560 ιένα
2282 523 2294 538 ·
2325 511 2692 580 ἐπιμαρτυρεῖ
2723 508 2780 562 δὲ
2809 508 2903 561 καὶ
2933 508 2995 562 τὸ
3039 500 3388 579 Θεοφράστου
3420 510 3546 581 περὶ
3572 512 3703 580 ἀρο-

451 599 667 654 nionem
693 605 875 652 autem
896 612 1019 653 esse
1044 599 1351 667 proximum
1376 600 1831 664 Hecatombaeoni,
1859 601 2023 653 etiam

452 688 588 742 illud
621 687 984 757 Theophrasti
1030 688 1099 743 de
1140 696 1265 744 satu
1299 690 1636 745 antedictum
1670 689 2023 762 suffragatur.

455 780 678 835 Hiberni
705 781 850 834 enim
883 787 1037 835 satus
1066 780 1282 835 initium
1307 797 1430 837 esse
1452 784 1607 846 dicit,
1633 792 1758 853 post
1776 786 2025 841 aestivum

454 871 775 934 solstitium,
833 886 1021 926 mense
1077 871 1506 942 Metagitnione;
1549 875 1846 929 solstitium
1896 890 2027 930 vero

453 962 701 1019 aestivum
733 969 851 1015 erat
888 964 1036 1016 circa
1065 960 1608 1031 llecatomhzeonem;
1643 974 1697 1021 et
1729 966 1861 1021 illud
1891 981 2028 1036 quo-

454 1067 561 1123 que
588 1052 901 1107 Aristotelis
923 1051 990 1106 de
1008 1052 1344 1109 locustarum
1368 1055 1711 1124 graviditate.
1740 1056 1876 1112 Nam
1904 1065 2030 1128 post

457 1142 963 1200 Hccatombzeonem
1024 1147 1207 1201 statim
1256 1145 1697 1217 Mctagitnionem
1750 1158 2025 1207 numerat.

454 1235 904 1293 Boedromionem
939 1247 1121 1294 autem
1152 1255 1275 1294 esse
1311 1248 1434 1309 post
1461 1239 1930 1310 Metagitnionem,
1961 1258 2030 1298 ex

452 1341 523 1382 eo
545 1327 692 1396 quod
752 1327 891 1381 dixit
947 1327 1269 1384 Aristoteles
1324 1328 1392 1383 de
1449 1330 1785 1385 locustarum
1844 1338 2028 1399 partu,

455 1418 713 1488 colligere
744 1427 851 1473 est.
907 1418 1020 1473 Sub
1050 1427 1329 1474 arcturum
1359 1422 1504 1476 enim
1538 1423 1614 1475 ait
1659 1423 1902 1478 locustas
1926 1439 2031 1476 ex-

455 1508 718 1577 cludere;
769 1510 943 1565 tribus
980 1526 1109 1565 vero
1147 1511 1452 1574 mensibus,
1494 1527 1617 1581 qua:
1657 1519 2033 1582 conceperunt

456 1616 580 1663 ova,
614 1602 665 1655 in
689 1612 843 1656 utero
879 1602 1044 1667 ferre,
1081 1602 1526 1672 Scirophorione,
1555 1603 2031 1669 Hecatombaeone,

457 1690 863 1762 Metagitnione.
930 1694 1310 1763 Arcturusque
1367 1698 1516 1750 circa
1579 1695 2030 1750 Boedromionem

456 1783 655 1838 oritur.
682 1781 817 1837 Nam
842 1794 1032 1838 cervas
1053 1785 1203 1839 saliri
1223 1786 1291 1839 ab
1311 1787 1569 1851 Arcturo,
1591 1803 1776 1842 mense
1798 1786 2033 1842 Boedro-

457 1871 642 1927 mione
692 1873 882 1929 refert.
922 1875 988 1926 Et
1015 1873 1426 1945 Tthphrastus
1470 1880 1849 1947 tempestivam
1900 1893 2026 1933 esse
2056 1868 2097 1922 Β

457 1962 656 2017 calami
707 1980 969 2019 caesuram
1026 1967 1129 2021 sub
1181 1976 1422 2021 arcturo.
1471 1967 1647 2023 Porro
1692 1968 1891 2025 Suidas
1940 1969 2032 2025 ille

461 2056 771 2113 dictionarii
816 2062 1075 2129 scriptor,
1114 2072 1260 2118 recte
1299 2065 1402 2118 hoc
1431 2066 1647 2133 quidem
1677 2067 1836 2131 dixit,
1865 2067 2035 2123 Meta-

456 2148 755 2219 gitnionem
802 2154 1104 2206 secundum
1148 2170 1270 2210 esse
1304 2172 1546 2211 mensem
1579 2157 2028 2215 Atheniensibus.

457 2237 529 2292 At
558 2249 681 2309 post
708 2240 1156 2299 Boedromionem
1196 2244 1452 2316 deinceps
1474 2255 1559 2319 est
1583 2248 1981 2306 Maemacterion
2014 2272 2029 2309 :

459 2330 626 2401 idque
654 2332 708 2385 in
739 2344 990 2402 promptu
1022 2345 1124 2390 est.
1168 2335 1303 2391 Nam
1338 2340 1660 2397 Aristoteles
1691 2343 1877 2398 eodem
1923 2360 2033 2414 quo

456 2420 528 2477 de
557 2423 734 2477 cervis
771 2422 914 2488 loco,
946 2425 1090 2480 hunc
1128 2428 1436 2496 proximum
1479 2430 1555 2484 illi
1590 2430 1784 2486 ordine
1826 2435 2035 2487 consti-

458 2513 587 2577 tuit,
616 2528 740 2567 cmn
786 2514 958 2571 dixit:
994 2536 1014 2568 ι
1057 2517 1249 2574 Coitus
1291 2536 1422 2574 vero
1454 2521 1512 2574 lit
1560 2531 1685 2592 post
1714 2524 2031 2593 Arcturum,

463 2604 614 2658 circa
666 2604 1120 2663 Boedromionem
1167 2619 1224 2664 et
1268 2610 1783 2671 Mremacterionem.
1823 2635 1842 2668 ι
1898 2617 2035 2671 Ani-

461 2698 626 2752 malia
649 2713 871 2769 quoque
900 2698 1263 2758 imbecilliora
1294 2704 1447 2774 prius
1478 2705 1711 2775 migrare
1736 2706 1803 2760 ad
1832 2716 2037 2778 tempo-

459 2803 581 2842 rum
611 2790 944 2846 mutationes
986 2791 1169 2855 docet,
1209 2796 1525 2851 coturnices
1547 2796 1767 2866 quidem
1797 2797 2036 2853 Boedro-

461 2879 668 2946 mione,
703 2896 870 2951 grues
937 2893 1119 2938 autem
1172 2883 1629 2953 Maamacterione,
1696 2896 1755 2942 ut
1825 2889 2036 2945 scilicet

461 2971 711 3029 videmus
757 2989 923 3043 grues
958 2984 1222 3045 sequente
1248 2992 1438 3033 mense
1478 2985 1601 3048 post
1630 2981 1940 3036 coturnices
1969 2997 2037 3036 ex

459 3061 678 3133 frigidis
702 3066 837 3121 locis
858 3067 924 3122 ad
954 3068 1173 3137 apricos
1223 3076 1280 3124 et
1302 3070 1515 3139 tepidos
1536 3071 1839 3128 disc’edere.
1862 3072 2037 3128 Simul

464 3163 647 3210 autem
687 3156 816 3213 hinc
857 3174 1076 3228 quoque
1125 3169 1465 3230 compertum
1514 3169 1634 3226 est,
1669 3163 1816 3233 quod
1854 3180 2037 3234 opera:

464 3248 698 3316 pretium
741 3250 812 3305 sit
858 3259 1102 3307 statuere
1146 3267 1408 3317 mensem,
1441 3252 1496 3306 in
1537 3268 1647 3322 quo
1677 3254 1748 3310 sit
1780 3258 2030 3311 autumni

464 3339 877 3408 aequinoctium,
912 3352 1167 3411 quartum
1197 3342 1418 3413 quidem
1452 3345 1520 3399 ab
1549 3344 2037 3415 Ilecatombaaone,

465 3429 619 3486 circa
668 3447 827 3501 quem
872 3434 1122 3489 mstivum
1162 3434 1457 3489 solstitium
1504 3436 1783 3505 agebatur.
1823 3437 2040 3494 Maema-

462 3522 677 3578 cterion
703 3538 833 3579 vero
858 3531 963 3589 est,
982 3524 1035 3579 in
1062 3541 1172 3595 quo
1204 3526 1261 3579 ﬁt
1289 3526 1699 3597 aequinoctium.
1726 3526 1863 3583 Nam
1892 3531 2042 3586 circa

468 3615 765 3669 Arcturum
799 3618 1191 3686 aequinoctium
1217 3608 1353 3685 'est;
1391 3634 1557 3688 porro
1605 3618 2043 3680 Maemacterione

466 3715 553 3760 est
584 3708 802 3760 Arcturi
830 3708 1231 3764 ortus.Harum
1263 3717 1445 3764 autem
1474 3710 1809 3780 positionum
1841 3714 2043 3783 partim

467 3805 662 3851 auctor
712 3797 1144 3869 Theophrastus,
1198 3799 1393 3857 ﬂorere
1455 3802 1713 3874 siliquam
1769 3806 2044 3859 cemniam

466 3888 615 3943 circa
645 3890 1473 3963 Arcturum,a-quinoctiumque
1485 3894 1760 3949 memoria:
1780 3896 2040 3965 prodens;

465 3987 521 4035 et
544 3989 806 4050 praeterea
845 3980 1085 4041 Galenus
1130 3984 1375 4041 medicus
1415 3986 1489 4039 ita
1522 3987 1773 4043 scribens
1807 3990 1861 4041 in
1891 3988 2044 4045 libris

465 4070 537 4125 de
564 4070 914 4127 salubribus:
950 4091 968 4123 ι
998 4072 1092 4128 Est
1113 4074 1494 4141 maturrimum
1517 4116 1532 4139 ,
1558 4095 1575 4127 ι
1596 4076 1771 4146 inquit
1796 4096 1813 4127 ι
1840 4085 2046 4148 tempe-

469 4159 937 4231 stivissimumque
952 4162 1144 4217 abietis
1166 4178 1351 4218 semen
1366 4164 1588 4219 circiter
1603 4166 1819 4221 Arcturi
1842 4176 2043 4233 ortum,

470 4252 617 4323 quod
659 4264 873 4323 tempus
904 4253 1090 4309 Romae
1124 4254 1496 4323 Septembrem
1534 4269 1760 4323 vocant;
1793 4279 1812 4310 ι
1848 4260 2047 4329 partim

470 4344 635 4398 etiam
688 4353 879 4397 auctor
928 4353 1011 4400 est
1044 4345 1368 4402 Aristoteles
1404 4365 1418 4403 :
1460 4368 1478 4399 ι
1510 4346 1642 4403 Post
1674 4349 1991 4415 Arcturum,
2022 4372 2041 4403 ι

472 4433 673 4503 inquit,
711 4452 731 4483 ι
756 4434 1173 4499 Boedromione,
1202 4436 1732 4502 ethrmacterione,
1768 4460 1787 4492 ι
1826 4449 1886 4495 ιιι
1924 4452 2050 4497 ante

2126 599 2219 652 τοῦ
2277 598 2464 669 λεχθὲν
2515 600 2798 671 πρότερον,
2848 600 3290 668 Μεταγειτνιῶνα
3323 599 3518 671 ἐφεξῆς
3563 596 3703 656 εἶναι

2139 689 2589 761 Ἐκατομϐαιῶνι.
2614 690 2720 743 Τοῦ
2750 690 2860 761 γάρ
2880 689 3190 762 χειμερινοῦ
3214 692 3387 763 ἀρχὴν
3421 695 3558 762 μετὰ
3582 708 3706 763 τρο-

2129 783 2235 845 πάς
2271 781 2487 853 θερινάς
2513 782 2607 835 τοῦ
2640 782 3104 851 Μεταγειτνιῶνος
3137 781 3304 852 μηνὸς
3339 778 3476 835 εἶναί
3505 799 3701 853 φησιν’
3732 777 3737 780 ’

2127 876 2184 928 αἱ
2206 874 2263 926 δὲ
2296 873 2506 945 θεριναὶ
2525 875 2722 946 τροπαὶ
2747 874 2873 945 περὶ
2917 872 3360 944 Ἑκατομϐαιῶνα
3395 868 3534 945 ἦσαν
3559 891 3573 905 ’
3609 877 3704 929 καὶ

2128 965 2207 1017 ἔτι
2235 965 2297 1018 τὸ
2354 965 2755 1036 Ἀριστοτέλους
2794 965 2924 1035 περὶ
2978 965 3225 1035 κυήσεως
3266 965 3373 1018 τῶν
3424 965 3702 1036 καράϐων.

2128 1060 2283 1115 Μετὰ
2345 1060 2455 1129 γάρ
2529 1058 2973 1129 Ἑκατομϐαιῶνα
3040 1058 3483 1126 Μεταγειτνιῶνα
3570 1075 3741 1131 κατ-ν

2129 1150 2357 1221 αριθμεῖ
2387 1150 2604 1222 ἐφεξῆς.
2641 1147 3023 1220 Βοηδρομιῶνα
3054 1147 3110 1201 δὲ
3149 1148 3242 1200 ἐπὶ
3280 1146 3706 1215 Μεταγειτνιῶνι

2130 1240 2268 1297 εἷναι
2303 1242 2720 1311 συλλογίσασθαι
2751 1242 2852 1303 δεῖ,
2876 1240 2968 1294 καὶ
2998 1241 3061 1293 ἐκ
3083 1238 3177 1292 τοῦ
3202 1238 3455 1310 ῥηθέντος
3468 1238 3708 1310 Ἀριστο-

2129 1335 2274 1388 τέλει
2324 1334 2453 1405 περὶ
2485 1333 2643 1387 τόκου
2670 1334 2778 1386 τῶν
2820 1331 3075 1405 καράϐων
3108 1331 3245 1384 ἐστί.
3292 1330 3406 1402 Πρὸ
3449 1328 3706 1400 ’Δρκτού-

2132 1447 2227 1502 ρου
2280 1429 2390 1499 γάρ
2430 1445 2563 1498 φησι
2607 1428 2735 1490 τοὺς
2765 1424 3043 1497 καράϐους
3065 1424 3333 1479 ὲκτίκτειν
3357 1441 3371 1454 ο
3410 1422 3600 1477 κυοῦσι
3650 1422 3709 1475 δὲ

2132 1522 2258 1592 περὶ
2309 1522 2483 1592 μῆνας
2528 1522 2698 1590 τρεῖς,
2761 1517 3189 1589 Σκιροφοριῶνα,
3235 1515 3706 1587 Ἑκατομϐαιῶνα,

2131 1608 2572 1676 Μεταγειτνιῶνα
2595 1625 2610 1639 ο
2669 1606 2993 1680 Ἀρκτοῦρος
3048 1624 3109 1660 τε
3162 1606 3290 1678 περὶ
3327 1605 3712 1677 Βοηδρομιιῖηα

2133 1697 2421 1750 ἐπιτέλλει.
2479 1696 2792 1765 Ὀχεύεσθαι
2852 1695 2961 1767 γὰρ
3009 1696 3109 1760 τὰς
3151 1696 3382 1763 ἐλάφους
3424 1695 3557 1764 φησὶ
3593 1696 3713 1764 μετ’

2147 1787 2471 1858 Ἀρκτοῦρον
2539 1790 2666 1859 περὶ
2736 1786 3142 1858 Βοηδρομιῶνα.
3211 1787 3320 1839 Kal
3374 1784 3713 1855 Θεόφραστος

2131 1881 2337 1952 ὡραίαν
2362 1877 2610 1950 εἶναιτὴν
2633 1878 2727 1932 τοῦ
2762 1879 3008 1949 καλάμου
3036 1878 3207 1949 τομὴν
3245 1878 3336 1931 ὑπ’
3373 1877 3711 1948 Ἀρκτούρῳ,

2133 1970 2562 2042 Βοηδρομιῶνος.
2619 1971 2731 2023 Kal
2773 1969 2994 2031 Σουῖδας
3037 1968 3094 2021 δὲ
3134 1968 3198 2039 δὴ
3235 1970 3263 2020 ὁ
3291 1967 3503 2033 λεξικὸς
3566 1967 3715 2034 ὑγιὲς

2134 2059 2324 2131 εἴρηκε
2356 2059 2513 2113 τοῦτό
2539 2077 2623 2129 γε,
2654 2058 2905 2129 δεύτερον
2933 2053 3069 2111 εἶναι
3111 2058 3412 2128 Ἀθηναίοις
3450 2058 3592 2129 μῆνα
3624 2058 3715 2111 τὸν
3762 2116 3765 2119 λ

2134 2151 2577 2220 Μεταγειτνιῶνα
2627 2149 2796 2203 εἰπών
2824 2164 2838 2179 °
2877 2148 3015 2219 μετὰ
3084 2146 3141 2200 δὲ
3180 2147 3565 2219 Βοηδρομιῶνα
3618 2150 3715 2216 ἐφ-

2134 2240 2261 2310 εξῆς
2295 2239 2749 2310 Μαιμακτηριών.
2781 2237 2949 2308 Δῆλον
2988 2236 3067 2290 δέ·
3116 2236 3490 2307 Ἀριστοτέλης
3515 2235 3625 2307 γάρ
3655 2235 3716 2288 ἐν

2133 2334 2245 2395 τοῖς
2272 2333 2454 2395 αὐτοῖς
2486 2332 2613 2402 περὶ
2645 2331 2882 2400 ἐλάφων,
2918 2329 3106 2383 τοῦτον
3132 2329 3256 2400 ἑξῆς
3283 2330 3506 2401 τέταχεν
3523 2327 3713 2383 εἰπών·

2139 2442 2158 2473 ι
2201 2424 2265 2475 Ἡ
2288 2424 2330 2474 δ’
2356 2423 2506 2493 ὀχεία
2528 2422 2737 2491 γίνεται
2762 2423 2878 2491 μετ’
2915 2419 3265 2491 Ἀρκτοῦρον,
3309 2421 3437 2492 περὶ
3461 2422 3552 2473 τὸν
3576 2420 3712 2491 Βοη-

2133 2514 2410 2586 δρομιῶνα
2463 2515 2559 2568 xa‘t
2602 2511 3099 2582 Μαιμακτηριῶνα.
3133 2530 3151 2562 ι
3178 2511 3289 2564 Kal
3332 2511 3441 2566 τῶν
3475 2511 3629 2576 ζώων
3658 2511 3717 2566 δὲ

2134 2607 2204 2660 τὰ
2251 2605 2613 2675 ἀσθενέστερα
2666 2605 2929 2675 πρότερον
2964 2604 3215 2657 ποεῖσθαι
3246 2604 3345 2675 τὴν
3388 2604 3717 2674 μετάστασιν

2136 2699 2273 2768 πρὸς
2300 2698 2400 2761 τὰς
2448 2696 2752 2768 μεταϐολὰς
2784 2697 2893 2749 τῶν
2928 2695 3087 2767 ὡρῶν
3120 2696 3450 2763 ἐπιδεικνὺς,
3482 2697 3719 2767 ῦρτυγας

2139 2791 2238 2861 μὲν
2305 2789 2734 2861 Βοηδρομιῶνος,
2790 2792 3053 2863 γεράνους
3107 2791 3165 2844 δὲ
3218 2789 3718 2860 Μαιμακτηριῶνος

2140 2882 2494 2955 μεταϐάλλειν
2530 2883 2694 2953 φησί·
2737 2882 2988 2953 καθάπερ
3026 2882 3219 2953 ἀμέλει
3256 2880 3320 2953 δὴ
3361 2881 3454 2934 καὶ
3501 2880 3717 2952 ὁρῶμεν

2136 2974 2237 3037 τὰς
2274 2973 2538 3045 γεράνους
2565 2973 2659 3025 τοῦ
2693 2972 2939 3035 ἐπιόντος
2961 2972 3130 3043 μηνὸς
3162 2972 3299 3043 μετὰ
3331 2971 3456 3035 τοὺς
3480 2970 3718 3042 ὄρτυγας

2138 3067 2391 3137 ἀπαίρειν
2419 3069 2485 3119 ὲκ
2525 3066 2633 3118 τῶν
2659 3063 2881 3135 ψυχρῶν
2900 3065 3081 3117 τόπων
3134 3066 3215 3127 εἰς
3251 3064 3377 3126 τοὺς
3414 3061 3710 3126 άλεεινούς.

2143 3158 2294 3227 Ἀμα
2318 3157 2375 3210 δὲ
2400 3155 2559 3226 δῆλον
2583 3155 2676 3208 καὶ⁸
2701 3157 2766 3208 ἐκ
2809 3153 2904 3207 τοῦ
2948 3154 3095 3226 μῆνα
3140 3154 3249 3207 δεῖν
3290 3153 3468 3220 τάξαι,
3500 3153 3628 3225 περὶ
3657 3152 3715 3205 ὃν
3746 3168 3749 3169 ⁷

2140 3252 2173 3320 ἡ
2206 3245 2574 3319 φθινοπωρινὴ
2610 3247 2903 3318 ἰσημερία⁹
2931 3247 3192 3317 τέταρτον
3229 3246 3340 3317 γὰρ
3392 3246 3501 3298 ἀπὸ
3560 3245 3719 3300 Ἐκα-

2140 3339 2497 3411 τομϐαιῶνος,
2532 3339 2661 3409 περὶ
2685 3338 2743 3390 ὃν
2771 3340 2804 3408 ἡ
2839 3337 3025 3408 θερινὴ
3054 3333 3121 3407 ἦν
3165 3339 3359 3408 τροπή.
3390 3336 3716 3407 Μαιμακτη-

2144 3428 2277 3502 ριὼν
2308 3430 2384 3494 δὲ,
2436 3430 2565 3500 περὶ
2592 3429 2653 3481 ὃν
2694 3430 2726 3498 ἡ
2767 3428 3044 3499 ίσημερία.
3084 3429 3219 3499 Περὶ
3260 3429 3587 3500 Ἀρκτοῦρον
3611 3430 3719 3501 γάρ

2142 3522 2176 3591 ὴ
2206 3521 2482 3591 ίσημερία.
2531 3520 2668 3592 Περὶ
2709 3520 3188 3591 Μαιμακτηριῶνα
3212 3521 3269 3575 δὲ
3300 3522 3329 3573 ὁ
3375 3521 3717 3593 Ἀρκτοῦρος.

2144 3608 2263 3663 Τῶν
2305 3610 2363 3662 δὲ
2401 3610 2601 3663 Θέσεων
2630 3613 2694 3680 τῇ
2733 3610 2831 3680 μὲν
2857 3610 3121 3680 αὐθέντης
3149 3610 3514 3681 Θεόφραστος,
3541 3612 3720 3665 ἀνθεῖν

2146 3703 2375 3773 ίστορῶν
2394 3702 2490 3773 τὴν
2512 3703 2778 3773 κερωνίαν
2809 3703 2940 3774 περὶ
2972 3702 3300 3775 Ἀρκτοῦρον
3325 3720 3386 3756 τε
3409 3705 3502 3757 καὶ
3532 3706 3616 3775 ίση
3627 3722 3721 3774 με-

2145 3794 2267 3867 ρίαν
2287 3810 2301 3821 ⁸
2340 3795 2435 3848 καὶ
2459 3795 2681 3865 προσέτι
2702 3795 2981 3866 Γαληνὸςὸ
3015 3795 3222 3866 ἰατρὸς,
3258 3794 3487 3866 γράφων
3517 3796 3575 3848 ὲν
3610 3797 3722 3859 τοῖς

2146 3889 2273 3959 περὶ
2307 3888 2557 3955 ὑγιεινῶν
2589 3887 2767 3956 λόγοις
2820 3881 2952 3941 ὧδε·
2985 3907 3003 3938 ι
3046 3889 3200 3940 Ἔστι
3241 3888 3339 3958 μὲν
3386 3889 3720 3960 ὡραιότατον

2144 3980 2244 4049 τῆς
2281 3981 2479 4050 ἐιλάτης
2523 3981 2583 4033 τὸ
2615 3980 2836 4051 σπέρμα
2874 3982 3003 4052 περὶ
3035 3981 3133 4052 τὴν
3174 3979 3425 4051 ἐπιτολὴν
3455 3981 3550 4034 τοῦ
3598 3979 3724 4053 Ἀρ-

2146 4072 2400 4143 κτοῦρου,
2445 4074 2594 4136 ὅστις
2642 4073 2831 4145 καιρὸς
2861 4075 2919 4126 έν
2960 4071 3144 4144 Ῥώμῃ
3191 4072 3574 4143 ὁκαλούμενος
3623 4070 3723 4143 μὲν

2147 4164 2522 4235 Σεπτέμϐριός
2566 4166 2715 4217 ἐστι’
2751 4183 2770 4215 ›
2797 4166 2863 4234 τῇ
2920 4163 2965 4216 δ’
3000 4163 3267 4235 αὐθέντης
3320 4162 3717 4234 Ἀριστοτέλης

2153 4274 2171 4306 ι
2206 4256 2339 4308 Μετ’
2374 4255 2700 4327 Ἀρκτοῦρον
2735 4274 2754 4307 ι
2780 4256 2913 4326 γὰρ,
2944 4255 3097 4324 φησὶ,
3127 4275 3145 4305 ι
3176 4254 3305 4325 περὶ
3339 4252 3724 4326 Βοηδρομιῶνα

2149 4349 2244 4401 καὶ
2275 4346 2773 4419 Μαιμακτηριῶνα,
2809 4367 2827 4399 ι
2861 4347 2937 4410 ὡς
2965 4349 3199 4418 εἴρηται.
3236 4348 3306 4400 Ἢ
3335 4345 3398 4400 οὐ
3424 4347 3485 4400 τὸ
3523 4347 3726 4416 πάρεγ-

2149 4456 2249 4509 γυς
2282 4438 2346 4492 ἂν
2374 4439 2629 4509 σημαίνοι
2665 4440 2694 4491 ὁ
2732 4437 2876 4491 οῦτω
2913 4439 3155 4512 φράζων.
3201 4436 3371 4491 Τοῦτο
3404 4437 3459 4490 δὲ
3496 4437 3722 4492 ἄτοπον·

470 4522 802 4593 cxplicatum
840 4535 943 4580 est.
973 4525 1229 4594 Alioquin
1282 4528 1554 4582 mensium
1587 4530 2040 4600 propinquitatem

2155 4531 2274 4584 ἐπεὶ
2315 4531 2410 4585 καὶ
2440 4532 2472 4601 ὴ
2517 4530 2678 4599 φύσις
2705 4530 2841 4601 πρὸς
2866 4531 2963 4592 τὰς
2985 4529 3131 4601 ὥρας
3156 4532 3387 4582 ποιεῖται
3418 4529 3518 4593 τὰς
3548 4528 3729 4599 ὀχείας

476 4627 828 4686 nequaquam
882 4618 1239 4688 signiﬁcaret,
1275 4621 1366 4688 qui
1398 4620 1502 4675 hoc
1549 4621 1711 4675 modo
1739 4623 1951 4677 scribit.
1990 4623 2048 4677 Id

471 4721 604 4762 vero
633 4707 958 4771 absurdum,
983 4708 1425 4778 quandoquidem
1466 4711 1634 4765 certis
1668 4713 1797 4765 anni
1838 4720 2048 4783 tempe-

474 4798 712 4854 statibus
741 4798 809 4853 ad
839 4800 1019 4855 coitus
1043 4809 1344 4872 partusque
1364 4802 1665 4857 animantia
1689 4813 1887 4859 natura
1911 4806 2052 4860 inci-

473 4896 577 4954 tat,
604 4897 660 4947 et
689 4891 771 4946 vel
799 4899 913 4946 toto
944 4892 1116 4946 utitur
1138 4903 1407 4963 tempore,
1434 4894 1515 4947 vcl
1545 4895 1781 4950 maxime
1802 4895 2048 4964 ejusdem

475 4982 678 5047 medio,
705 4984 1010 5054 praesertim
1038 4984 1084 5039 si
1113 4984 1226 5053 jam
1254 4984 1583 5054 principium
1616 4989 1919 5059 occuparit.
1946 4990 2051 5043 Ar-

477 5081 796 5144 gumentum
818 5088 951 5128 vero
974 5073 1140 5143 hujus
1163 5074 1506 5130 cohaerentia;
1526 5092 1636 5131 non
1663 5094 1888 5147 parvum
1917 5079 2051 5134 illud

476 5180 717 5235 quoque,
768 5164 917 5236 quod
970 5166 1039 5221 de
1087 5166 1267 5222 bubus
1321 5167 1402 5221 sic
1433 5167 1639 5222 dictum
1672 5176 1801 5223 est:
1848 5188 1867 5221 ι
1910 5170 2053 5225 inci-

480 5258 639 5329 piunt
685 5257 836 5313 coire
883 5258 1049 5313 boves
1107 5256 1474 5329 Thargelione
1521 5269 1574 5314 et
1621 5259 2054 5331 Scirophorione

480 5349 749 5419 plurima.
802 5350 873 5404 At
916 5365 1049 5405 vero
1101 5351 1265 5405 etiam
1316 5352 1511 5421 aliquae
1557 5360 1775 5424 tempus
1819 5359 2053 5413 coeundi

479 5457 657 5511 usque
710 5443 778 5497 ad
824 5451 1146 5497 autumnum
1196 5442 1495 5498 deducunt.
1563 5464 1581 5497 ι
1618 5444 1856 5516 Tempus
1897 5450 2052 5503 enim

480 5533 839 5602 plurimarum
868 5534 1201 5588 contrahens
1231 5534 1298 5588 ad
1324 5534 1462 5589 duos
1484 5536 1605 5592 illos
1636 5554 1853 5595 menses
1880 5538 2053 5593 Thar-

479 5622 767 5694 gelionem-
801 5633 855 5678 et
881 5623 1381 5695 Scirophorionem,
1422 5640 1452 5679 a
1494 5628 1881 5683 nonnullarum
1917 5637 2055 5682 tem-

483 5728 617 5784 pore
647 5717 920 5773 distinxit.
973 5718 1031 5773 In
1068 5734 1305 5783 summa,
1371 5721 1462 5773 ubi
1517 5736 1582 5776 eo
1641 5722 1836 5777 ordine
1887 5722 2057 5777 inter-

484 5814 748 5876 pretatur,
810 5812 945 5867 nihil
994 5812 1320 5883 praecidens,
1375 5813 1730 5881 deliniensve,
1787 5816 2055 5885 temporis

2151 4626 2246 4676 καὶ
2278 4623 2405 4685 τοὺς
2427 4623 2620 4684 τόκους
2655 4621 2763 4674 τῶν
2792 4620 2977 4685 ζώων·
3007 4620 3101 4673 καὶ
3135 4621 3253 4690 ἦτοι
3287 4620 3383 4691 ὅλῃ
3427 4621 3624 4690 χρῆται
3660 4622 3727 4690 τῇ
3828 4614 3833 4623 ’

2151 4711 2290 4783 ὥρᾳ,
2322 4713 2354 4782 ἢ
2390 4710 2466 4781 τῷ
2497 4711 2648 4781 μέσῳ
2686 4728 2786 4763 που
2820 4710 3052 4781 μάλιστα
3100 4710 3197 4779 τῆς
3228 4711 3416 4780 αὐτῆς,
3452 4709 3627 4773 ἄλλως
3669 4724 3731 4761 τε

2153 4804 2327 4856 καὶεί
2363 4805 2430 4874 τῇ
2481 4802 2621 4873 ἀρχῇ
2680 4800 2998 4873 χρησαμένη
3030 4801 3130 4871 ἤδη
3172 4800 3450 4870 τυγχάνοι.
3499 4801 3730 4870 Σημεῖον

2150 4895 2193 4948 δ’
2214 4895 2275 4948 οὐ
2317 4894 2511 4966 μικρὸν
2571 4892 2663 4946 τοῦ
2694 4891 2992 4963 προσεχοῦς
3032 4893 3125 4945 καὶ
3168 4892 3227 4944 τὺ
3253 4891 3380 4963 περὶ
3421 4890 3560 4961 βοῶν
3587 4891 3733 4947 οὕτω

2156 4986 2320 5060 ῥηθέν
2339 5004 2352 5016 ·
2382 5005 2401 5038 ι
2440 4988 2732 5056 Ἀρχονται
2756 4986 2856 5054 τῆς
2878 4985 3062 5055 ὀχείας
3090 4986 3143 5036 ai
3173 4983 3298 5054 βοῦς
3320 4985 3448 5055 περὶ
3468 4985 3557 5038 τὸν
3582 4984 3732 5057 Θαρ-

2153 5079 2394 5151 γηλιῶνα
2421 5079 2565 5150 μῆνα
2620 5079 2715 5131 καὶ
2756 5078 2848 5130 τὸν
2880 5076 3307 5149 Σκιροφοριῶνα.
3361 5078 3436 5131 Ob
3484 5078 3591 5148 μὴν
3615 5076 3734 5131 ἀλλ’

2154 5173 2293 5227 ἔνιαι
2311 5171 2414 5243 ,καὶ
2446 5170 2607 5241 μέχρι
2653 5168 2747 5222 τοῦ
2776 5168 3090 5240 μετοπώρου
3126 5168 3462 5222 κυΐσκονται.
3487 5169 3589 5222 Τὸν
3621 5169 3731 5242 γὰρ

2153 5265 2263 5319 τῶν
2318 5264 2583 5318 πλείστων
2635 5263 2823 5333 χρόνον
2878 5261 3087 5325 ὲνὼσας
3116 5262 3243 5332 περὶ
3284 5262 3410 5324 soil;
3440 5261 3532 5315 δύο
3558 5262 3734 5334 μῆνας

2154 5357 2512 5430 Θαργηλιῶνα
2542 5356 2634 5410 καὶ
2663 5354 3087 5427 Σκιροφοριῶνα,
3115 5352 3438 5406 διεστείλατο
3472 5354 3609 5423 πρὸς
3640 5351 3734 5408 τὸν

2154 5450 2263 5504 τῶν
2315 5450 2493 5504 ἐνίων.
2527 5448 2700 5511 ’Όλως
2732 5464 2790 5500 τε
2817 5448 2950 5500 ὃπου
2999 5448 3115 5500 ποτ’
3147 5445 3212 5499 ἂν
3240 5445 3414 5508 οὕτως
3454 5445 3732 5517 ἑρμηνεῦῃ

2159 5543 2444 5606 συντάξας,
2471 5540 2639 5612 μηθὲν
2662 5536 3072 5610 προσ-διορίζων,
3092 5538 3151 5590 τὸ
3180 5538 3377 5608 ἐφεξῆς
3404 5537 3498 5589 τοῦ
3537 5536 3733 5608 χρόνου

2156 5634 2454 5704 λαμϐάνει·
2487 5633 2642 5703 δῆλον
2668 5633 2724 5685 δὲ
2748 5630 2816 5685 τὰ
2848 5630 2969 5684 καθ’
3016 5630 3223 5683 ἕκαστα
3266 5628 3524 5700 μετιόντι.
3575 5626 3732 5679 Ἀλλὰ

2162 5726 2268 5796 μὴν
2299 5724 2512 5779 καὶτῶν
2539 5723 2748 5793 γαλεῶν
2765 5725 2891 5776 ἁστε
2901 5721 3018 5790 ρίαν
3043 5721 3304 5791 ἄρχεσθαι
3333 5720 3428 5790 μὲν
3446 5716 3732 5789 ὀχεύεσθαι
3788 5716 3793 5719 ’

2163 5816 2328 5887 μηνὸς
2359 5814 2852 5887 Μαιμακτηριῶνος
2879 5829 3031 5883 φησι,
3060 5812 3142 5876 εἷς
3175 5811 3232 5865 δὲ
3264 5810 3355 5864 τοῦ
3389 5807 3557 5881 μηνὸς
3592 5808 3715 5864 dno.
