4132 6410
479 367 620 429 “83

1442 370 1534 425 ΔΙ)
1574 368 1840 425 ευδεθιι
1882 367 2277 426 ΕΗΒΟΝΙΕΟΝ
2312 367 2679 426 ΑΡΡΕΝΟΙΧ.

3601 374 3742 435 ιιδι

475 492 730 552 ratione?
757 491 964 564 Nempe
1004 493 1088 550 sic
1130 508 1254 562 qua:
1286 493 1423 548 dixit
1453 494 1592 550 fiunt
1626 496 2052 566 contemptiora.

2161 495 2332 568 ριῶνα
2371 496 2461 549 τὸν
2518 495 2826 550 τελευταῖον
2849 493 2958 548 τῶν
2999 494 3413 569 φθινοπωρινῶν
3447 499 3741 569 μῆναώιο-

479 586 669 657 Neque
693 585 842 641 enim
900 584 1006 641 ﬁde
1059 583 1279 657 dignior
1326 585 1499 641 videri
1554 595 1719 658 queat
1765 588 1977 643 notatio
2020 602 2050 641 a

476 676 672 735 ﬂorum
703 677 883 748 copia,
930 691 1095 746 quam
1131 677 1201 732 ab
1240 692 1433 733 eorum
1489 678 1695 748 inopia.
1735 678 1871 733 Nam
1905 679 2052 749 quod

2163 586 2367 657 μασθαι
2392 584 2631 657 φαίημεν
2665 585 2729 640 ἂν
2762 588 2925 658 ἡμεῖς
2945 602 2959 616 ·
2996 586 3113 639 εῖτι
3128 587 3239 640 δέοι
3258 588 3353 641 καὶ
3380 591 3495 653 τοῖς
3517 589 3742 663 ὀνόματι

2161 674 2604 730 κατακολουθεῖν.

478 773 533 828 id
577 773 841 843 temporis
898 772 1169 842 contingit
1217 771 1447 827 ﬂoribus
1497 774 1706 838 orbari,
1735 773 2210 830 Antliesterionem
2255 770 2561 827 dixerimus
2588 777 2933 841 postremum
2981 769 3382 825 autumnalium
3433 770 3703 827 mensium
3745 834 3749 843 ι

477 867 526 923 si
590 882 699 939 quo
747 866 886 922 forte
931 866 1095 922 modo
1150 866 1207 923 in
1252 868 1570 924 nominibus
1613 871 1881 926 rationem
1919 868 2074 940 sequi
2104 873 2377 939 oporteat.

728 1069 873 1128 Ordo
902 1086 953 1128 et
985 1077 1147 1132 series
1194 1079 1487 1132 Atticorum
1530 1080 1807 1135 mensium.

530 1199 636 1257 “Vl.
670 1203 855 1262 Series
882 1208 1047 1280 igitur
1067 1211 1375 1266 Atticorum
1402 1219 1671 1270 mensium
1700 1230 1728 1266 τι
1761 1215 1919 1272 nobis
1948 1214 2052 1269 hoc

475 1306 635 1363 pacto
665 1312 729 1351 ex
772 1302 1103 1368 supradictis
1133 1307 1316 1361 causis
1354 1305 1601 1362 ducenda
1629 1314 1714 1363 est
1756 1349 1768 1361 .

650 1386 1099 1461 ﬂecatombteon,

651 1457 1035 1529 Metagituion,

649 1527 793 1602 ιξυωι
803 1527 1037 1602 reunion,

649 1597 1076 1670 Mtemarterinu,

646 1668 1016 1741 Pyunepsinn,

646 1740 1061 1811 éntliestet'ion,

648 1808 943 1878 Posideon,

648 1877 954 1945 Gamelion,

652 1948 1068 2021 Elaphebolion,

650 2020 1009 2093 ynnychion,

648 2090 1002 2162 Tltargelion,

650 2160 1066 2233 Sciropltorion.

826 2295 1006 2355 Causa
1036 2300 1291 2355 mensium
1324 2303 1694 2374 ignorationis.

546 2407 658 2464 VII.
677 2407 881 2465 Harum
910 2422 1090 2468 autem
1127 2430 1313 2469 rerum
1345 2418 1863 2491 ignorationis,qua3
1888 2421 2056 2492 majo-

472 2518 595 2558 rum
616 2514 931 2559 nostrorum
951 2506 1167 2576 ingenia
1181 2512 1411 2564 antehac
1425 2511 1741 2576 obcaecavit,
1760 2528 1924 2567 causa
1939 2513 2055 2569 haec

472 2603 559 2651 est
589 2614 602 2649 :
640 2596 784 2666 quod
817 2596 1049 2653 Romani
1071 2607 1125 2655 et
1155 2616 1360 2656 annum
1383 2604 1746 2668 emendarint,
1778 2614 1830 2661 et
1855 2607 2054 2662 utaliis

474 2690 717 2759 populis,
764 2689 838 2744 ita
864 2690 1065 2747 Graecae
1091 2695 1238 2765 genti
1271 2696 1614 2766 iuiperarint.
1651 2697 1731 2752 Ad
1765 2698 2053 2767 imperium

471 2782 619 2838 enim
672 2792 986 2851 externum,
1051 2789 1289 2857 puritate
1352 2790 1735 2859 elegantiaque
1787 2792 2054 2846 sermonis

475 2872 699 2939 amissa,
732 2874 929 2941 Graeci,
970 2884 1030 2929 ut
1076 2876 1186 2932 fere
1229 2878 1308 2942 ﬁt,
1358 2879 1425 2932 ad
1480 2880 1906 2948 imperitantium
1952 2881 2055 2934 lin-

2414 1073 2485 1129 Τὸ
2527 1071 2753 1143 ἐφεξῆς
2794 1069 2913 1124 τῶν
2951 1066 3231 1125 Ἀττικῶν
3256 1067 3486 1140 μηνῶν.

2232 1214 2323 1283 (τ’.
2352 1213 2426 1265 Τὸ
2458 1212 2556 1283 μὲν
2600 1205 2691 1265 οὖν
2732 1207 2929 1280 ἑφεξῆς
2970 1206 3079 1261 τῶν
3125 1206 3386 1260 Ἀττικῶν
3422 1206 3608 1281 μηνῶν
3640 1201 3741 1263 ὦδε

2156 1307 2289 1377 ⁴ἡμῖν
2319 1303 2405 1357 διὰ
2444 1302 2543 1365 τὰς
2569 1301 2866 1373 εἰρημένας
2893 1299 3073 1362 αίτίας
3103 1297 3419 1369 ὑφηγείσθω
3441 1315 3454 1328 ·

2378 1391 2816 1463 Ἑκατομϐαιὼν,

2368 1462 2798 1531 Μεταγειτνιών,

2370 1535 2739 1605 Βοηδρομιὼν,

2362 1602 2661 1676 Μαιμακτῂη
2669 1602 2823 1676 ρξιὼν,

2364 1673 2706 1743 manem;

2379 1745 2527 1797 ’Ᾱνθε
2538 1743 2797 1815 στηριὼν,

2366 1814 2691 1879 Ποσειδεὼν,

2366 1886 2441 1937 Γα
2451 1885 2680 1956 μηλιὼν,

2377 1953 2800 2025 Ἐλαφηϐολιῶν,

2365 2025 2710 2095 Μουνυχιὼν,

2360 2094 2702 2167 ραργηλιὼν,

2362 2164 2751 2237 Σκιροφοριὼν.

2361 2297 2566 2354 Αἴτιον
2582 2296 2695 2367 τῆς
2718 2296 2852 2367 περὶ
2872 2297 3014 2365 τοὺς
3030 2298 3231 2368 μῆνας
3255 2299 3522 2369 ἀγνοίας.

2221 2411 2295 2463 Ζ’.
2329 2411 2441 2482 Τῆς
2460 2411 2518 2465 δὲ
2552 2411 2678 2482 περὶ
2694 2410 2865 2465 ταῦτα
2884 2412 3106 2480 ἀγνοίας
3130 2414 3242 2476 τοῖς
3260 2412 3365 2485 πρὸ
3391 2414 3423 2484 ἡ
3432 2413 3546 2485 μῶν
3566 2414 3740 2467 αἴτιον

2151 2504 2214 2558 τὺ
2252 2505 2554 2574 Ῥωμαίους
2588 2504 2703 2575 ἅμα
2732 2504 2827 2558 καὶ
2860 2504 3149 2575 διορθῶσαι
3177 2504 3245 2556 τὰ
3274 2504 3402 2577 περὶ
3430 2505 3523 2558 τόν
3555 2506 3735 2559 ἐνιαυ-

2151 2598 2265 2660 τὸν,
2305 2597 2399 2649 καὶ
2447 2595 2631 2668 ἄρξαι,
2672 2594 2863 2667 ὥσπερ
2903 2595 3012 2650 τῶν
3068 2596 3243 2650 ἄλλων
3282 2596 3470 2663 ἐθνῶν,
3512 2596 3733 2650 καὶτοῦ

2164 2686 2496 2758 Ἑλληνικοῦ.
2549 2688 2692 2759 Πρὸς
2719 2687 2829 2759 γὰρ
2853 2686 2932 2759 τῷ
2957 2689 3145 2761 ἄρχειν
3194 2682 3395 2762 ἑτέρων
3423 2690 3518 2743 καὶ
3546 2689 3606 2742 τὸ
3635 2690 3734 2763 τῆς

2154 2780 2337 2851 φωνῆς
2394 2780 2457 2851 δὴ
2508 2781 2748 2853 καθαρὸν
2798 2782 2891 2836 καὶ⁵
2925 2782 3135 2852 κομψὸν
3170 2783 3429 2856 Ἕλληνες
3458 2782 3734 2838 ἀπολωλε-

2153 2872 2330 2937 κότες,
2359 2873 2494 2943 πρὸς
2526 2874 2623 2944 τὴν
2670 2872 2779 2927 τῶν
2826 2874 3099 2946 ἀρχόντων
3131 2870 3393 2948 φωνὴν,
3421 2875 3563 2945 φιλεῖ
3591 2875 3738 2944 γίνε-

474 2981 640 3036 guam
671 2969 1037 3032 transierunt,
1078 2979 1132 3024 et
1162 2967 1358 3024 Latina
1386 2972 1608 3025 nomina
1656 2987 1779 3025 cum
1827 2972 1882 3026 in
1928 2972 2051 3027 aliis

2156 2963 2302 3027 σθαι,
2328 2963 2621 3031 ἐξίσταντο,
2646 2967 2741 3019 καὶ
2766 2966 2873 3019 τῶν
2902 2968 3224 3037 Ῥωμαϊκῶν
3246 2969 3522 3040 ὀνομάτων
3554 2969 3735 3036 ἄλλοις

476 3058 688 3122 multis,
719 3068 834 3115 tum
861 3061 915 3114 in
942 3062 1215 3117 mensium
1261 3064 1497 3132 propriis
1534 3062 1816 3119 vocabulis
1850 3063 2051 3133 permi-

2154 3072 2214 3109 τε
2238 3055 2472 3119 πολλοῖς,
2498 3058 2592 3110 καὶ
2623 3057 2687 3128 δὴ
2720 3056 2812 3110 καὶ
2836 3061 2954 3121 ταῖς
2980 3059 3091 3112 τῶν
3126 3059 3312 3130 μηνῶν
3344 3061 3736 3134 προσηγορίαις

473 3156 715 3214 scentcs,
777 3151 832 3205 in
890 3167 1047 3206 usum
1113 3167 1273 3207 suum
1330 3160 1649 3208 verterunt:
1700 3154 2050 3224 acceptisque

2157 3151 2267 3211 τοῖς
2302 3148 2581 3219 σφετέροις
2629 3149 3021 3220 ἀναμιγνύντες
3069 3150 3335 3223 ἐχρῶντοο
3365 3151 3645 3223 δεξάμενοί
3674 3168 3733 3204 τε

474 3237 848 3296 Romanorum
886 3242 1138 3306 coloniis,
1174 3259 1232 3298 se
1280 3245 1580 3298 etiamnum
1606 3244 1905 3307 Romanos,
1940 3259 2050 3298 non

2155 3238 2413 3303 ἀποικίας
2474 3240 2778 3309 Ῥωμαίων,
2828 3241 3026 3305 αὐτούς
3064 3258 3124 3294 τε
3164 3243 3292 3314 ἄχρι
3339 3243 3433 3296 καὶ
3461 3243 3556 3299 νῦν
3601 3244 3736 3298 Ῥω-
3772 3249 3789 3267 ⁸

475 3330 730 3389 llellenas
784 3344 1001 3400 vocant,
1042 3344 1096 3390 et
1136 3336 1452 3393 nominibus
1483 3338 1754 3393 mensium
1787 3336 2051 3392 Romanis

2157 3329 2351 3400 μαίους
2395 3329 2516 3382 ἀντὶ
2550 3329 2816 3401 Ἑλλήνων
2857 3330 3084 3385 καλοῦσι
3108 3349 3119 3361 ·
3168 3334 3263 3387 καὶ
3297 3331 3486 3404 ὥσπερ
3507 3333 3736 3398 οἰκείαις

475 3433 731 3496 tanquam
751 3427 867 3482 suis
886 3436 1132 3483 utuntur.

833 3630 913 3686 De
941 3634 1199 3688 mensium
1226 3633 1677 3702 interpretatione.

540 3744 683 3805 Vlll.
706 3744 778 3801 Ut
797 3761 928 3802 vero
950 3748 1375 3817 interpretemur
1396 3747 1461 3801 ad
1483 3747 1748 3801 rationem
1778 3744 2055 3801 Romano-

474 3853 597 3895 rum
620 3838 912 3903 mensium,
946 3839 992 3894 si
1027 3847 1247 3909 sumpto
1279 3848 1432 3893 certo
1461 3839 1882 3908 indubitatoque
1906 3840 2056 3909 prin-

474 3931 622 4002 cipio
655 3928 829 3984 unum
869 3932 1107 4001 aliquem
1144 3933 1419 3986 mensium
1450 3934 1553 3987 rite
1583 3931 2054 4002 dcsignaverimus

469 4022 630 4092 juxta
650 4022 888 4077 Atticum
915 4037 1144 4091 morem,
1171 4031 1226 4079 et
1247 4022 1501 4079 eumdem
1526 4023 1715 4087 etiam,
1740 4030 1797 4077 ut
1820 4022 2053 4077 Romani

475 4115 751 4186 appellare
770 4115 1189 4170 consueverint:
1218 4115 1300 4172 sic
1329 4117 1515 4188 utique
1537 4131 1646 4169 non
1677 4115 1859 4185 inepte
1890 4114 2057 4171 fuerit

473 4208 760 4272 traditum,
816 4215 876 4260 ut
937 4207 1188 4261 vertendi
1236 4208 1461 4279 singuli,
1513 4222 1690 4279 quove
1748 4207 1911 4262 modo
1967 4220 2055 4262 eo-

474 4296 725 4353 rumdem
793 4297 1110 4351 nominibus
1165 4298 1412 4365 quolibet
1469 4298 1599 4351 anni
1658 4306 1906 4367 tempore
1982 4295 2056 4352 sit

474 4391 761 4447 utendum.
827 4387 964 4443 Nam
1035 4390 1103 4445 de
1176 4388 1548 4445 Romanorum
1610 4391 1804 4445 ordine
1861 4405 1891 4443 a
1952 4404 2051 4446 ne-

2072 3439 2083 3458 ο
2151 3420 2271 3480 ταῖς
2318 3417 2425 3470 τῶν
2466 3418 2751 3489 Ῥωμαίων
2785 3421 2928 3492 ἀμφὶ
2979 3423 3106 3485 τοὺς
3142 3423 3316 3493 μῆνας
3354 3422 3591 3494 χρῶνται
3618 3424 3736 3477 ὀνο·
3769 3493 3787 3507 ο

2156 3509 2395 3579 μασίαις.

2492 3627 2631 3693 Περὶ
2661 3626 2978 3695 ἑρμηνείας
3023 3627 3143 3681 τῶν
3160 3627 3393 3697 μηνῶν.

2228 3735 2311 3789 Η’.
2351 3734 2678 3807 Ἐρμηνείας
2707 3736 2751 3788 δ’
2773 3735 2939 3790 ’ἑνεκα
2972 3737 3108 3807 πρὸς
3137 3738 3265 3801 τοὺς
3287 3736 3396 3790 τῶν
3447 3737 3734 3809 Ῥωμαίων

2160 3824 2356 3896 μῆνας,
2429 3827 2477 3877 εί
2549 3826 2809 3899 λάϐοιμεν
2868 3829 3043 3899 ἀρχὴν
3112 3829 3547 3901 ὁμολογουμένην
3637 3831 3734 3886 ἕνα

2155 3915 2278 3970 τινὰ
2344 3915 2451 3971 τῶν
2506 3919 2712 3989 μηνῶν,
2744 3921 3109 3991 ὀνομάσαντες
3171 3921 3382 3994 ὀρθῶς,
3439 3922 3516 3987 ὡς
3578 3923 3727 3995 Ἀθη.

2155 4013 2293 4063 ναῖοι
2342 4005 2496 4082 ἦγον,
2568 4014 2660 4065 καὶ
2709 4013 2785 4076 ὡς
2820 4015 3077 4083 Ῥωμαῖοι
3124 4015 3214 4068 τὸν
3265 4015 3427 4069 αὑτὸν
3462 4033 3728 4088 προσαγο-

2159 4100 2337 4171 ρεύειν
2380 4102 2664 4157 εἰώθασιν·
2702 4104 2857 4158 ἔσται
2897 4105 2961 4178 δὴ
3008 4107 3152 4160 οὔτω
3197 4107 3377 4172 καλῶς
3410 4109 3717 4181 ἀποδεδομέ-

2155 4210 2266 4257 νον,
2297 4194 2372 4258 ώς
2430 4196 2690 4259 ἑκάστους
2738 4213 2801 4266 γε
2843 4198 3335 4270 μεθερμηνευτέον,
3367 4202 3460 4255 καὶ
3493 4201 3571 4265 ὡς
3604 4204 3727 4274 περὶ

2154 4288 2389 4357 ἑκάστην
2426 4288 2598 4359 δήπου
2644 4288 2754 4342 τῶν
2791 4289 2948 4361 ὡρῶν
2985 4289 3254 4360 χρηστέον
3287 4294 3402 4355 τοῖς
3436 4292 3728 4363 Ἀθηναίων

2152 4380 2375 4451 ὀνόμασι
2402 4380 2631 4435 τούτοις.
2678 4382 2816 4452 Περὶ
2859 4381 2968 4453 γὰρ
3003 4382 3212 4447 τάξεως·
3247 4383 3357 4437 τῶν
3412 4384 3728 4455 Ῥωμαϊκῶν

474 4482 623 4536 mine
659 4480 819 4552 159
848 4481 1175 4553 ambigitur,
1236 4482 1475 4552 primum
1531 4496 1655 4537 esse
1693 4479 2048 4549 Januarium,

2154 4489 2217 4542 γε
2270 4474 2603 4545 ἀμφισϐητεῖ
2637 4474 2833 4538 οὐδεὶς,
2882 4477 2931 4528 εί
2972 4475 3192 4548 πρῶτος
3226 4475 3570 4548 Ἰανουάριος,
3612 4470 3726 4529 εἶτα

473 4567 675 4627 deinde
703 4570 1085 4635 Februarium,
1118 4580 1310 4643 postea
1368 4571 1658 4639 Martium,
1710 4579 1765 4627 et
1807 4573 1882 4626 ita
1913 4572 2051 4627 alios

2154 4565 2537 4637 Φεϐρουάριος,
2578 4560 2696 4618 εἶτα
2725 4567 2986 4636 Μάρτιος,
3020 4570 3115 4621 καὶ
3148 4571 3197 4622 οἱ
3241 4569 3438 4633 λοιποὶ,
3482 4570 3727 4643 καθάπερ

472 4661 770 4733 deinceps,
806 4670 866 4717 ut
900 4663 1275 4720 nominantur.
1328 4662 1639 4733 Capiendus
1667 4663 1852 4733 itaque
1881 4679 1911 4720 e
1937 4671 2053 4719 tro-

472 4752 612 4823 picis
650 4768 815 4809 unus.
873 4752 1148 4824 Estoque,
1208 4753 1254 4811 si
1304 4754 1561 4821 videtur,
1610 4753 2049 4813 llecatombteon.

475 4844 538 4900 Si
599 4844 769 4911 igitur
838 4846 1264 4905 Atheniensibus
1336 4863 1526 4903 mense
1594 4845 2054 4905 Hecatombaaone

472 4938 771 4995 scistitium
822 4946 927 5004 est,
961 4947 1172 4994 certum
1206 4948 1292 4995 est
1339 4939 1489 4995 circa
1521 4955 1906 5012 quemcunque
1940 4940 2055 4997 Ro-

472 5045 695 5087 manum
729 5046 969 5087 mensem
1005 5030 1169 5087 fuerit
1203 5031 1345 5087 idem
1376 5033 1709 5097 solstitium,
1754 5032 1903 5088 hunc
1929 5049 2053 5091 esse

470 5124 702 5181 Athenis
753 5123 1282 5180 Hecatombaaonem.
1331 5123 1462 5180 Dico
1505 5135 1686 5180 autem
1732 5115 1891 5196 juxta
1922 5141 2051 5197 pro-

471 5216 797 5285 portionem,
829 5224 886 5270 ut
909 5217 1140 5288 sepium,
1164 5234 1249 5284 os,
1274 5219 1513 5288 Spinam.
1547 5217 1666 5273 Non
1703 5220 1880 5274 solum
1904 5219 2049 5274 enim

471 5321 712 5369 menses,
745 5314 803 5361 ut
837 5309 1193 5378 proportione
1226 5310 1366 5363 inter
1407 5325 1466 5364 se
1508 5311 1917 5380 respondeant,
1955 5311 2051 5365 sed

471 5410 669 5456 caetera
731 5417 951 5473 quoque
1012 5403 1198 5458 omnia
1256 5405 1583 5473 simpliciter
1640 5403 2050 5473 interpretanda

471 5504 637 5557 sunt,
693 5493 741 5547 si
796 5494 929 5565 quid
986 5510 1052 5550 ex
1090 5494 1541 5565 interpretatione
1572 5495 1812 5550 .fructus
1845 5495 1911 5549 ad
1952 5510 2050 5550 nos

469 5601 760 5655 speremus
819 5595 1232 5657 perventurum.
1284 5586 1404 5641 Jam
1469 5602 1601 5642 vero
1652 5601 1841 5641 mense
1889 5585 2052 5640 Junio

468 5676 720 5730 testivum
745 5678 1039 5734 solstitium
1069 5688 1174 5746 est,
1204 5688 1264 5734 ut
1289 5679 1545 5735 omnibus
1567 5688 1908 5749 compertum
1938 5686 2048 5735 est.

471 5763 616 5826 Erae
637 5764 835 5825 Junius
880 5776 964 5827 est
1001 5767 1440 5827 Hecatombteon.
1475 5769 1743 5827 Caeterum
1794 5768 2046 5837 ponenti-

2153 4656 2248 4710 καὶ
2272 4656 2519 4725 λέγονται
2543 4657 2762 4727 ἑφεξῆς.
2792 4658 3044 4729 Εἰλήφθω
3068 4660 3132 4731 δὴ
3165 4655 3258 4714 οὖν
3284 4678 3369 4725 τις
3399 4663 3508 4715 τῶν
3539 4679 3713 4734 τροπι-

2153 4748 2287 4803 κῶν.
2336 4749 2517 4802 Ἔστω
2560 4748 2638 4811 δὲ,
2686 4750 2735 4802 εί
2776 4749 2943 4813 δοκεῖ,
2987 4753 3414 4824 Ἑκατομϐαιῶν.
3450 4755 3511 4808 Ei
3554 4756 3726 4810 τοίνυν

2154 4840 2283 4911 περὶ
2322 4840 2771 4912 Ἑκατομϐαιῶνα
2812 4844 2872 4896 αἱ
2915 4844 3126 4915 θεριναὶ
3164 4848 3365 4919 τροπαὶ
3403 4848 3727 4920 Ἀθηναίοις,

2151 4931 2329 5004 δῆλον,
2354 4934 2436 4987 ὃτι
2458 4935 2585 5007 περὶ
2609 4934 2667 4988 ὃν
2694 4935 2761 4990 ἀν
2780 4952 2911 4989 ποτε
2937 4930 3038 4990 ὦσι
3068 4938 3361 5009 Ῥωμαίοις
3384 4941 3493 4993 τῶν
3517 4941 3728 4995 οἰκείων

2155 5023 2343 5096 μηνῶν
2385 5028 2441 5080 ai
2474 5027 2637 5082 αὐταὶ
2669 5028 2888 5099 τροπαὶ,
2921 5024 3075 5092 οὗτός
3107 5031 3254 5084 ἐστιν
3299 5029 3727 5102 Ἑκατομϐαιῶν.

2152 5115 2312 5186 Λέγω
2326 5116 2382 5171 δὲ
2398 5119 2521 5172 κατ’
2550 5118 2861 5189 ἀναλογίαν,
2881 5118 3071 5192 ῶσπερ
3100 5122 3319 5192 σήπιον,
3346 5124 3442 5177 καὶ
3465 5122 3727 5188 ἄκανθαν,

2153 5210 2248 5264 καὶ
2281 5209 2492 5266 ὀστοῦν.
2539 5211 2828 5281 Ἀνάλογον
2852 5210 2982 5283 γὰρ,
3014 5213 3108 5266 καὶ
3142 5214 3320 5269 πάντα
3344 5214 3529 5279 ἁπλῶς
3557 5215 3728 5286 ἑρμη·

2153 5303 2329 5357 νεύειν
2356 5304 2454 5367 δεῖ,
2479 5302 2553 5374 μὴ
2567 5304 2648 5357 ὄτι
2672 5307 2797 5369 τοὺς
2816 5306 3010 5376 μῆνας,
3029 5308 3078 5360 εί
3098 5306 3283 5377 μέλλοι
3307 5325 3359 5361 τι
3384 5308 3576 5376 ὄφελος
3590 5305 3728 5365 εἶναι

2152 5396 2252 5464 τῆς
2265 5395 2577 5466 ἑρμηνείας,
2600 5396 2737 5467 Περὶ
2751 5396 2961 5451 Ἰούνιον
2977 5398 3032 5450 δὲ
3048 5398 3336 5468 Ῥωμαίοις
3352 5400 3435 5452 ἀεὶ
3452 5401 3507 5452 αί
3523 5399 3729 5469 θεριναὶ

2152 5488 2369 5557 τροπαὶ,
2397 5488 2472 5550 ὼς
2502 5488 2649 5539 ἴσασι
2680 5488 2879 5553 πάντες
2901 5505 2913 5518 ·
2944 5492 2972 5542 ὀ
2996 5490 3105 5560 ἀρα
3145 5489 3359 5554 Ἰούνιός
3382 5493 3531 5544 ἐστιν
3570 5491 3720 5543 Ἐκα-

2152 5575 2447 5647 τομϐαιὼν.
2479 5578 2737 5649 Θεμένοις
2760 5580 2816 5633 δὲ
2841 5580 2904 5651 δὴ
2939 5581 3153 5634 Ἰούνιον
3179 5578 3317 5635 εἷναι
3339 5582 3432 5635 τὸν
3467 5583 3727 5654 Ἑκατομ-

2153 5668 2380 5731 ϐαιῶνα,
2414 5669 2575 5740 ἔργον
2608 5671 2757 5723 οὐδὲν
2781 5672 2888 5724 τῶν
2911 5672 3083 5725 ἄλλων
3113 5674 3342 5727 ἕκαστον
3369 5674 3728 5746 ἑρμηνεῦσαι.

2166 5764 2224 5818 ’0
2250 5763 2355 5837 γὰρ
2385 5765 2470 5818 ἀεὶ
2501 5765 2670 5820 ὲπιὼν
2702 5766 2809 5819 τῶν
2856 5766 3111 5820 Ἀττικῶν
3138 5767 3280 5821 κατά
3320 5767 3419 5841 τὴν
3449 5769 3730 5823 {mmihi-
