4132 6410
407 446 544 505 1188

1326 444 1679 502 THEOD‘JRI
1719 447 1925 502 GAZJE
1965 445 2170 502 ιωειι
2210 445 2299 500 DE
2338 445 2707 502 MENSIBUS.

3521 448 3666 504 “86

408 575 507 615 σαν
538 557 809 626 σύνταξιν.
846 556 926 631 τῷ
955 557 1043 614 ἀεὶ
1071 559 1278 614 ἐπιόντι
1313 560 1423 614 τῶν
1454 560 1780 634 Ῥωμαϊκῶν
1811 564 1983 633 ἐφαρ-

2097 559 2190 617 bus
2219 556 2443 617 Iunium
2477 574 2600 617 esse
2633 559 3145 616 Hecatombaaonem
3172 601 3188 626 ,
3223 558 3336 630 jam
3370 561 3554 618 nullus
3581 573 3667 618 est

407 650 638 723 μόττων,
668 651 764 706 καὶ
790 652 927 722 πρὸς
954 650 1055 714 τὰς
1095 649 1245 722 ῶρας
1274 650 1370 705 τοῦ
1400 651 1646 706 ἐνιαυτοῦ
1676 650 1986 722 συμφωνῶν

407 743 657 817 ὕπάρξει.
697 743 1019 815 Ἀπορήσειε
1060 742 1106 796 δ’
1139 744 1205 799 ἄν
1237 760 1342 808 τις,
1395 743 1449 797 εἰ
1490 760 1555 813 γε
1593 744 1722 808 τοὺς
1763 744 1988 815 χρόνους

419 835 692 907 Ἀθηναῖοι
718 830 855 906 ἦγον
895 834 1041 888 κατὰ
1077 833 1176 907 τήν
1227 834 1458 907 σελήνης
1497 834 1692 907 φορὰν,
1730 835 1989 907 Ῥωμαῖοι

408 928 467 983 δὲ
500 928 642 982 κατὰ
678 927 777 999 τὴν
805 928 957 997 ήλίου
983 926 1308 997 λογίζονται,
1353 927 1471 992 πῶς
1500 928 1567 982 ἂν
1604 929 1653 982 οἰ
1680 927 1789 983 τῶν
1832 929 1993 1000 Ἀθη-

411 1022 576 1076 ναίων
602 1018 993 1092 ἐφαρμόζοιντο
1020 1023 1134 1084 τοῖς
1169 1021 1266 1092 μὲν
1303 1020 1588 1092 Ῥωμαίων
1624 1022 1812 1092 μησὶν,
1848 1019 1990 1074 ὥστε

412 1116 507 1169 καὶ
547 1114 867 1186 ἀπαρτίζειν
911 1114 1021 1178 ἀεὶ,
1060 1116 1157 1168 καὶ
1206 1112 1422 1167 Ἰούνιον
1458 1114 1556 1184 μὲν
1594 1113 1687 1167 τὸν
1725 1115 1994 1186 Ἑκατομ-

412 1208 639 1274 ϐαιῶνα,
687 1206 905 1261 Ἰούλιον
948 1206 1007 1261 δὲ
1050 1206 1142 1260 τὸν
1181 1206 1624 1276 Μεταγειτνιῶνα
1671 1207 1992 1280 ἑρμηνεύειν

411 1300 587 1372 ὀρθῶς
609 1316 626 1332 ο
655 1298 916 1363 ὡσαύτως
946 1297 1004 1351 δὲ
1036 1299 1128 1352 καὶ
1153 1297 1246 1350 ἐπὶ
1271 1297 1382 1353 τῶν
1410 1299 1602 1355 ἄλλων.
1632 1301 1708 1353 Οὐ
1743 1300 1850 1372 γὰρ
1888 1302 1995 1354 ἰσο-

410 1391 583 1463 ταχὴς
612 1392 646 1462 ή
687 1390 885 1461 σελήνη
927 1388 1007 1460 τῷ
1034 1389 1204 1461 ήλίῳο
1248 1390 1358 1443 οὐδ’
1404 1390 1521 1460 ἅμα
1562 1389 1853 1444 τελευτῶσι
1899 1391 1993 1444 καὶ

412 1481 691 1552 ἄρχονται,
724 1479 800 1542 ῶς
846 1480 1039 1544 εἰπεῖν,
1080 1480 1210 1551 περὶ
1255 1479 1347 1532 τὸν
1392 1480 1485 1533 τοῦ
1518 1478 1786 1544 ζωδιακοῦ
1838 1498 1996 1553 μερι-

413 1574 569 1645 σμόν.
612 1573 852 1645 Ἀνάγκη
902 1572 967 1644 δὴ
1020 1572 1483 1644 ἐπαμφοτερίζειν
1521 1574 1649 1637 τοὺς
1691 1573 1800 1627 τῶν
1839 1574 1996 1647 Ἀθη-

410 1666 578 1720 ναίων
619 1666 816 1738 μῆνας.
850 1666 915 1719 Εἰ
943 1664 1001 1718 δὲ
1044 1665 1109 1736 δὴ
1147 1664 1378 1728 ἕκαστος
1411 1665 1860 1738 ἐπαμφοτερίζων
1889 1669 1997 1739 ἀμ-

412 1760 555 1829 φοῖν,
614 1758 936 1829 ἐπιλήψεται
991 1757 1086 1810 τοῦ
1139 1774 1200 1810 τε
1261 1756 1551 1829 προτέρου,
1600 1757 1677 1822 ὡς
1734 1750 1995 1830 Ῥωμαῖοι

411 1848 629 1918 ἇγουσι;
666 1849 760 1902 καὶ
801 1847 896 1901 τοῦ
930 1846 1160 1918 ὑστέρου
1208 1844 1396 1918 μηνὸς,
1423 1845 1474 1898 τί
1520 1845 1720 1918 μᾶλλον
1764 1847 1871 1900 ἀπὸ
1900 1846 1994 1900 τοῦ

410 1941 677 2013 προτέρου
707 1938 1247 2011 μεθερμηνευόμενος
1272 1937 1592 2010 ὀνομάζοιτο
1629 1938 1695 1992 ἂν
1736 1939 1917 2000 καλῶς
1953 1939 1987 2009 ἢ

2090 653 2244 709 labor
2303 652 2546 723 reliquos
2605 652 3031 725 interpretandi.
3100 652 3328 724 Semper
3375 646 3669 711 entorse-

2088 745 2281 815 quenti
2317 745 2498 801 Attico
2527 745 2685 815 juxta
2707 745 3054 817 suppositum
3079 744 3332 801 ordinem
3366 761 3492 801 cum
3541 745 3670 802 sub-

2088 835 2215 893 inde
2240 837 2491 908 sequenti
2526 836 2777 893 Romano
2799 836 3108 901 conveniet,
3143 843 3197 893 et
3226 837 3413 893 eadem
3443 837 3511 893 ad
3535 838 3664 892 anni
3705 904 3708 911 ι

2089 935 2274 1000 partes
2298 930 2405 984 erit
2433 930 2815 986 consonantia.
2850 928 2955 985 Sed
2981 928 3123 985 forte
3148 929 3275 1000 quis
3302 929 3667 997 dubitaverit,
3698 922 3704 939 ⁸

2090 1035 2215 1073 cum
2237 1019 2598 1078 Athenienses
2631 1020 2700 1076 ad
2729 1022 2873 1076 lunae.
2896 1060 2912 1084 ,
2966 1020 3034 1075 ad
3076 1021 3210 1077 solis
3258 1035 3392 1077 vero
3444 1036 3669 1078 cursum

2090 1109 2325 1166 Romani
2357 1114 2631 1169 calculum
2664 1120 2971 1184 temporum
2993 1113 3366 1170 subducerent
3399 1132 3414 1170 :
3447 1129 3556 1186 qua
3580 1130 3674 1169 ra.

2091 1200 2242 1258 tione
2278 1203 2393 1259 ﬁeri
2424 1207 2622 1275 possit,
2653 1213 2711 1259 ut
2741 1205 3029 1277 utriusque
3058 1207 3239 1277 gentis
3261 1221 3481 1263 menses
3510 1205 3671 1264 alteri

2091 1311 2214 1352 cum
2270 1296 2459 1353 alteris
2515 1296 2597 1352 sic
2647 1305 2999 1368 competant,
3055 1304 3117 1351 ut
3173 1296 3410 1353 invicem
3457 1298 3675 1354 dierum

2093 1400 2304 1441 summa
2337 1401 2551 1456 semper
2596 1389 2875 1458 quadrans
2904 1387 3013 1448 sit.
3055 1394 3111 1442 et
3142 1388 3280 1441 nihil
3308 1390 3363 1442 in
3395 1388 3678 1444 alterutris

2091 1485 2388 1534 excurrat:
2424 1486 2594 1549 utque
2646 1478 3067 1535 llecatombtcon
3111 1490 3262 1535 recte
3311 1477 3680 1535 transferatur

2091 1567 2309 1634 Junius,
2336 1579 2390 1625 et
2421 1568 2777 1641 Metagitnion
2807 1569 3020 1635 Julius,
3071 1570 3147 1625 ita
3181 1585 3402 1641 quoque
3431 1570 3499 1627 de
3530 1571 3673 1627 aliis.

2093 1660 2280 1731 Neque
2311 1661 2456 1717 enim
2487 1664 2586 1718 soli
2621 1661 2835 1723 eadem.
2867 1678 2991 1734 quae
3025 1664 3204 1728 lu‘uae,
3251 1672 3338 1719 est
3380 1666 3633 1720 celeritas
3660 1682 3678 1719 :

2093 1770 2270 1825 neque
2301 1771 2411 1809 una
2438 1755 2699 1811 desinunt
2726 1757 3065 1828 incipiuntve
3099 1755 3169 1811 ad
3223 1756 3494 1829 signiferi,
3531 1756 3680 1829 quod

2095 1862 2264 1917 prope
2290 1846 2542 1912 dixerim,
2570 1846 2946 1917 partitionem.
2979 1847 3121 1919 Ergo
3157 1864 3381 1905 necesse
3419 1860 3503 1905 est
3532 1850 3680 1905 Atti-

2097 1953 2193 1994 cos
2224 1954 2439 1994 menses
2472 1939 2721 2005 variare,
2777 1947 2832 1996 et
2866 1940 3124 2010 ambiguo
3180 1942 3505 2012 plerumque
3549 1958 3675 1999 esse

413 2031 522 2086 ἀπὸ
549 2032 644 2086 τοῦ
676 2032 936 2103 ὑστέρου;
967 2033 1062 2086 Ὃν
1101 2031 1165 2103 δὴ
1210 2031 1411 2102 τρόπον
1453 2032 1547 2086 καὶ
1590 2030 1826 2103 Γαληνὸς
1871 2032 1995 2104 περὶ

2102 2030 2245 2085 inter
2272 2030 2509 2101 priorem
2553 2030 2807 2086 Latinum
2831 2071 2847 2097 ,
2875 2042 2930 2087 et
2954 2033 3311 2102 posteriorem
3344 2035 3485 2089 loco.
3521 2035 3681 2102 Quod

409 2122 507 2177 τοῦ
531 2124 629 2195 τῆς
655 2122 851 2193 ἐλάτης
881 2122 1195 2194 σπέρματος
1222 2122 1471 2194 γράφων,
1508 2141 1525 2173 ι
1564 2123 1752 2187 Ὅστις
1787 2123 1993 2195 καιρὸς,

416 2217 602 2288 φησὶν,
626 2217 684 2270 ὲν
726 2215 914 2287 Ῥώμῃ
939 2215 1036 2285 μὲν
1059 2217 1087 2268 6
1113 2214 1447 2283 καλούμενος
1482 2215 1588 2285 μὴν
1628 2214 1996 2286 Σεπτέμὸριός

410 2308 582 2370 ἐστιν,
630 2308 689 2361 ὲν
741 2306 1019 2378 Περγάμῳ
1053 2306 1110 2359 δὲ
1154 2308 1285 2377 παρ’
1338 2308 1469 2376 ἡμῖν
1523 2307 1993 2379 Ὑπερϐερεταῐος,

424 2400 681 2472 Ἀθήνῃσι
731 2399 789 2452 δὲ
842 2400 1154 2468 Μυστήρια.
1210 2416 1228 2449 ι
1283 2398 1364 2451 Τὰ
1421 2399 1528 2471 γάρ
1587 2416 1669 2452 τοι
1724 2401 1996 2471 μυστήρια

415 2490 824 2563 Βοηδρομιῶνος
844 2485 931 2561 ἦν.
955 2490 1091 2561 Περὶ
1113 2488 1304 2542 εἰκάδα
1328 2489 1436 2560 γὰρ
1461 2488 1555 2542 τοῦ
1590 2489 1996 2562 Βοηδρομιῶνος

411 2586 444 2637 ὀ
474 2583 733 2655 μυστικὸς
759 2584 979 2653 Ἴακχος
1002 2581 1246 2651 ἐξήγετο,
1270 2581 1345 2644 ὡς
1369 2581 1462 2634 καὶ
1492 2581 1832 2652 Πλούταρχος
1858 2583 1998 2635 ἱστο-

415 2678 519 2748 ρεῖ.
555 2677 740 2729 Ἔοικε
783 2675 840 2728 δὲ
874 2674 970 2728 καὶ
1009 2676 1038 2727 6
1079 2674 1347 2745 Ῥωμαῖος
1378 2674 1615 2737 Πλίνιος,
1649 2674 1996 2745 παντοδαπῆς

415 2767 660 2839 ἱστορίας
710 2766 1079 2838 συγγραφεὺς,
1120 2764 1262 2819 οὕτω
1310 2766 1630 2838 μεταφέρων
1687 2767 1995 2837 Ἀριστοτέ-

413 2859 539 2924 λους
582 2858 644 2912 τὸ
701 2859 827 2931 περὶ
882 2858 1041 2911 τόκου
1100 2857 1208 2910 τῶν
1269 2857 1485 2928 ἰχθύων,
1531 2859 1604 2922 ὡς
1649 2861 1698 2911 ot
1755 2859 1994 2911 πλεῖστοι

408 2953 687 3007 τίκτουσιν
716 2953 775 3005 ὲν
823 2953 968 3023 τρισί
1015 2951 1167 3023 μησὶ,
1218 2950 1579 3022 Μουνυχιῶνι,
1630 2951 1992 3024 Θαργηλιῶνι,

415 3044 831 3119 Σκιροφοριῶνι,
867 3044 1031 3113 φάναι
1066 3046 1123 3097 ὲν
1151 3044 1348 3115 τρισὶν,
1385 3043 1619 3115 Ἀπρίλι,
1652 3046 1834 3116 Μαΐῳ,
1867 3047 1996 3098 Ἰου-

414 3139 533 3209 νίῳ,
565 3138 771 3191 τίκτειν
810 3138 937 3200 τοὺς
981 3135 1289 3199 πλείστους.
1324 3137 1446 3188 Ἔτι
1479 3136 1573 3190 τοῦ
1606 3137 1875 3201 ἐνιαυτοῦ,
1920 3137 1996 3202 ὡς

415 3231 516 3299 μὲν
549 3230 812 3300 Ῥωμαῖοι
857 3230 1072 3297 ἄγουσι,
1106 3227 1417 3298 τριακόσιαι
1466 3230 1559 3282 καὶ
1598 3228 1864 3301 ἐξήκοντα
1900 3231 1995 3283 καὶ

366 3348 371 3353 ·
415 3318 577 3377 πέντε
602 3318 805 3390 ἡμέραι
836 3317 1005 3372 εἰσίν’
1038 3317 1507 3388 ἀκριϐολογεῖσθαι
1540 3320 1586 3373 δ’
1619 3322 1698 3382 εἰς
1726 3320 1786 3373 τὸ
1822 3319 1995 3391 παρὸν

2100 3324 2308 3385 tribus,
2364 3322 2585 3392 Aprili,

412 3411 480 3466 οὐ
528 3411 640 3464 δεί’
691 3410 767 3474 ὡς
818 3409 874 3463 δὲ
934 3409 1226 3480 Ἀθηναῖοι,
1283 3413 1424 3466 κατὰ
1480 3413 1576 3483 μὲν
1630 3412 1993 3483 Ἀριστοτέλη,

414 3502 723 3573 τριακόσιαι
750 3503 842 3555 καὶ
874 3500 1156 3573 ἑξήκοντα.
1195 3520 1213 3553 ι
1266 3502 1443 3569 Ἔνιαι
1483 3502 1560 3566 δὲ,
1607 3505 1760 3574 φησὶ,
1808 3501 1997 3556 κύουσι

413 3592 524 3647 τῶν
556 3594 734 3648 κυνῶν
781 3594 1028 3664 πέμπτον
1079 3593 1244 3664 μέρος
1286 3592 1379 3646 τοῦ
1428 3594 1696 3657 ἐνιαυτοῦ,
1743 3593 1900 3647 τοῦτο
1941 3593 1999 3646 δέ

415 3686 563 3739 ἐστιν
605 3686 820 3757 ἡμέρας
850 3685 1221 3757 ἑϐδομήκοντα
1263 3685 1357 3738 καὶ
1389 3684 1514 3738 δύο·
1551 3705 1569 3737 ι
1609 3686 1733 3739 καθ’
1776 3685 1997 3756 Ἠρόδο-

415 3794 508 3832 iw
543 3778 601 3831 δὲ
629 3779 724 3832 καί¹
774 3777 987 3841 ἄλλους,
1026 3778 1333 3850 τριακόσιαι
1376 3778 1995 3850 πεπηκοντατέσσαρες.

424 3869 518 3932 Ὣς
550 3870 820 3923 τοσούτων
865 3870 929 3940 δὴ
970 3870 1292 3941 γινομένων,
1342 3869 1391 3921 εἰ
1424 3867 1533 3922 τῶν
1582 3870 1769 3940 μηνῶν
1810 3871 1858 3922 oi
1899 3869 1999 3940 μὲν

414 3961 644 4034 πλήρεις
680 3979 740 4014 τε
771 3963 864 4016 καί
891 3961 1368 4035 τριακονθήμεροι.
1410 3962 1460 4014 οἱ
1498 3960 1554 4013 δὲ
1598 3960 1767 4014 κοῖλοι
1809 3978 1867 4014 τε
1905 3960 1998 4013 καὶ

419 4056 519 4127 μιᾷ
544 4054 654 4108 τῶν
686 4055 886 4126 ἑτέρων
913 4054 1096 4126 ήμέρᾳ
1121 4055 1434 4125 λειπόμενοι
1472 4053 1698 4119 ἐναλλὰξ
1727 4051 1833 4106 εἷεν
1866 4052 1996 4125 παρ’

416 4148 534 4213 ἕνα,
563 4148 837 4221 ὁποτέρως
862 4148 906 4201 δ’
937 4148 1003 4202 ἂν
1029 4149 1147 4223 ἔχῃ.
1182 4149 1243 4202 τὸ
1270 4150 1422 4203 ἐπιὸν
1453 4148 1516 4219 δὴ
1541 4148 1659 4213 έτος
1692 4149 1778 4201 ἀεὶ
1805 4165 2001 4219 προτε-

419 4244 598 4313 ρήσει,
631 4242 724 4295 καὶ
757 4244 822 4295 ὲκ
855 4242 1221 4313 προσαγωγῆς
1259 4244 1338 4305 εἰς
1377 4241 1626 4305 ἐναντίας
1653 4239 1802 4312 ὧρας
1833 4243 1998 4292 ὲκπευ

421 4332 638 4386 σοῦνται
671 4334 721 4385 οἰ
764 4333 931 4403 μῆνες
967 4333 1387 4404 ὑποφερόμενοι.
1428 4332 1595 4385 Πάλιν
1636 4335 1685 4385 εἰ
1731 4332 1792 4385 τὸ
1837 4332 1998 4386 Ἴλιον

420 4425 534 4495 ἥλω
564 4426 920 4488 τελευτῶντος
950 4427 1043 4480 τοῦ
1072 4426 1250 4497 ἔαρος,
1281 4426 1438 4497 ὀγδόῃ
1474 4426 1749 4497 φθίνοντος
1778 4426 1996 4498 Θαργη-

417 4517 609 4581 )ιιῖ›νος
653 4518 840 4590 μηνὸς,
888 4518 1254 4572 ἑπτακαίδεκα
1309 4518 1574 4589 πρότερον
1621 4516 1857 4589 ἡμέραις
1898 4517 1998 4586 τῆς

414 4611 641 4684 θερινῆς
664 4612 895 4682 τροπῆς,
926 4612 1001 4676 ὡς
1035 4612 1063 4664 ὀ
1105 4611 1563 4682 Ἁλικαρνασσεὺς
1596 4611 1873 4675 Διονύσιος
1898 4613 1998 4684 ἀρ-

2098 2122 2143 2178 si
2179 2124 2468 2193 ambiguus
2499 2125 2732 2194 quisque
2763 2122 3050 2179 amborum
3085 2124 3181 2180 ﬁat
3224 2126 3533 2197 particeps,
3579 2141 3684 2182 cur

2097 2215 2279 2284 potius
2298 2222 2332 2268 ’a
2353 2215 2536 2284 priore
2562 2214 2846 2279 vertendo,
2866 2230 3030 2286 quam
3052 2230 3082 2269 a
3107 2217 3412 2286 posteriore
3428 2217 3682 2273 nominee

2098 2310 2223 2364 tur?
2261 2310 2379 2377 Quo
2419 2325 2550 2364 sane
2589 2309 2750 2364 modo
2776 2308 3017 2365 Galenus
3046 2309 3175 2364 fecit
3201 2348 3216 2374 ,
3268 2309 3337 2364 de
3372 2310 3568 2365 abietis
3599 2325 3685 2366 se-

2097 2402 2281 2456 mine:
2331 2420 2351 2453 ‹
2390 2401 2545 2468 Quod
2586 2410 2822 2471 tempus.
2865 2420 2885 2453 ι
2927 2401 3132 2471 inquit,
3168 2420 3189 2452 ι
3230 2399 3419 2457 Romae
3462 2413 3548 2457 est
3581 2400 3682 2457 Se-

2097 2493 2376 2563 ptember,
2433 2490 2683 2562 Pergami
2732 2491 2875 2562 apud
2932 2508 3035 2548 nos
3094 2492 3301 2547 mensis
3338 2490 3681 2563 llyperbere-

2098 2592 2257 2647 taaus,
2291 2584 2521 2639 Athenis
2557 2600 2686 2637 vero
2716 2583 2993 2655 Mysteria.
3050 2603 3068 2635 ι
3127 2579 3203 2637 Ea
3253 2599 3490 2655 namque
3523 2590 3687 2639 erant

2098 2674 2513 2743 Boedromionc.
2553 2673 2686 2729 Nam
2721 2677 2868 2731 circa
2901 2675 3319 2733 Boe‘dro‘mionis
3349 2677 3677 2732 vicesimum

2098 2768 2239 2823 diem
2269 2769 2532 2840 mysticus
2560 2768 2807 2824 Bacchus
2838 2769 2906 2824 ab
2940 2770 3074 2824 urbe
3113 2769 3585 2836 transferebatur;
3619 2778 3676 2823 ut

2096 2862 2258 2915 etiam
2284 2859 2614 2915 Plutarchus
2645 2860 2862 2919 scribit.
2912 2858 3142 2915 Videtur
3189 2874 3410 2930 quoque
3457 2859 3672 2916 Plinius

2097 2955 2401 3009 omnifarite
2431 2955 2666 3023 scriptor
2700 2953 2962 3019 historiae,
3006 2952 3088 3008 sic
3141 2953 3494 3023 interpretari
3544 2953 3678 3010 illud

2097 3045 2411 3101 Aristotelis
2442 3044 2508 3100 de
2544 3044 2779 3115 piscium
2809 3053 2967 3116 partu
2991 3085 3005 3111 ,
3039 3044 3299 3098 nimirum
3340 3046 3521 3116 pisces
3552 3046 3679 3117 plu-

2098 3138 2235 3191 rima
2260 3139 2343 3193 sui
2370 3145 2521 3206 parte
2543 3138 2718 3192 tribus
2752 3137 2836 3192 his
2863 3137 3148 3194 mensibus
3175 3137 3459 3203 fetiﬁcare,
3486 3138 3681 3212 Muny-

2099 3230 2314 3296 chione,
2347 3229 2745 3301 Thargelione,
2780 3228 3243 3300 Scirophorione,
3299 3239 3358 3288 ut
3400 3233 3547 3289 dicat
3593 3235 3682 3290 bis

2661 3322 2841 3388 Maio,
2916 3321 3100 3379 Junio.
3162 3322 3392 3394 Insuper
3449 3328 3681 3382 trecenti

2098 3415 2381 3484 sexaginta
2411 3414 2657 3484 quinque
2688 3414 2806 3469 dies
2853 3421 2983 3469 sunt
3025 3414 3153 3468 anni
3184 3413 3461 3483 Romani;
3508 3418 3683 3473 subti-

2098 3507 2205 3563 lius
2254 3508 2400 3562 enim
2453 3508 2510 3562 in
2562 3500 2803 3577 praesens
2835 3515 3134 3577 supputare
3184 3510 3410 3565 minime
3440 3521 3680 3582 oportet.

2097 3600 2451 3657 Atheniensis
2482 3616 2611 3655 vero
2638 3601 2791 3668 anni,
2828 3615 2895 3655 ex
2932 3599 3240 3656 Aristotelis
3273 3603 3496 3672 quidem
3551 3620 3682 3660 sen-

2098 3692 2292 3755 tentia,
2326 3693 2556 3746 trecenti
2586 3692 2869 3762 sexaginta
2924 3702 3089 3747 sunt:
3130 3710 3149 3742 ι
3196 3693 3350 3758 Pars,
3387 3714 3407 3747 ι
3466 3695 3679 3766 inquit,

2104 3803 2123 3835 ι
2169 3799 2367 3839 canum
2395 3784 2500 3838 fert
2524 3793 2769 3839 ventrem
2799 3783 3048 3853 quintam
3085 3794 3298 3853 partem
3329 3787 3482 3850 anni,
3510 3786 3564 3841 ld
3596 3795 3682 3842 est

2099 3875 2216 3931 dies
2248 3875 2387 3930 duos
2427 3882 2481 3931 et
2532 3877 2909 3946 septuaginta;
2953 3894 2972 3927 ι
3008 3886 3064 3929 at
3097 3877 3402 3931 secundum
3437 3876 3684 3936 Herodo-

2099 3976 2215 4022 tum
2247 3968 2534 4038 aliosque,
2592 3967 2823 4021 trecenti
2860 3975 3099 4037 quatuor
3145 3974 3202 4021 et
3257 3968 3682 4040 quinquaginta.

2099 4060 2202 4114 Tot
2233 4058 2397 4130 igitur
2434 4073 2559 4112 cum
2609 4058 2722 4112 sint
2747 4100 2761 4124 ,
2806 4057 2853 4113 si
2885 4073 3104 4114 menses
3132 4058 3224 4112 alii
3261 4059 3405 4129 pleni
3436 4068 3490 4116 et
3525 4060 3685 4118 trice-

2099 4149 2271 4215 narii;
2305 4149 2394 4203 alii
2426 4148 2624 4210 mutili,
2654 4148 2771 4201 cavi
2798 4190 2814 4216 ,
2845 4160 2899 4202 et
2938 4164 3050 4202 uno
3079 4148 3168 4204 die
3199 4150 3416 4205 ueteris
3437 4151 3682 4222 impares

2100 4240 2156 4295 in
2188 4255 2420 4294 numero
2452 4240 2762 4303 alternant,
2808 4254 3141 4309 quocunque
3173 4241 3335 4295 modo
3360 4256 3448 4295 res
3486 4256 3547 4296 se
3582 4243 3682 4299 ha-

2100 4332 2244 4399 beat,
2276 4348 2515 4402 sequens
2546 4348 2724 4387 annus
2749 4348 2965 4402 semper
2996 4340 3302 4402 praevertet,
3334 4342 3387 4388 et
3417 4334 3679 4403 paulatim

2098 4438 2165 4478 ex
2200 4425 2521 4479 accessione
2582 4424 2636 4478 in
2697 4426 3007 4479 contrarias
3058 4431 3416 4495 tempestates
3465 4440 3685 4483 menses

2097 4515 2361 4581 incident,
2396 4514 2516 4570 loco
2552 4514 2854 4585 diebusque
2886 4516 3046 4570 statis
3071 4517 3259 4570 emoti.
3294 4515 3422 4569 item
3457 4517 3501 4572 si
3526 4513 3683 4570 Ilium

2098 4615 2317 4676 captum
2377 4616 2463 4662 est
2514 4608 2749 4662 abeunte
2785 4623 2944 4670 vere,
2991 4619 3184 4662 Octavo
3219 4606 3329 4670 die,
3365 4607 3471 4662 sub
3518 4608 3684 4663 linem

419 4703 716 4776 χαιολογῶν
743 4704 813 4757 τά
843 4704 1125 4775 Ῥωμαϊκά
1155 4720 1319 4775 φησι·
1357 4703 1475 4767 πῶς
1507 4704 1764 4774 τροπικὸς
1790 4702 1995 4774 θερινὸς

2104 4694 2518 4764 Thargelionis,
2565 4696 2957 4767 septemdecim
3015 4698 3210 4752 diebus
3265 4706 3393 4753 a‘nte
3432 4697 3684 4753 mstivum

414 4800 450 4851 6
488 4795 932 4868 Ἑκατομϐαιώνς
961 4796 1087 4849 ’Ὁδε
1115 4796 1224 4868 γάρ
1253 4799 1283 4850 6
1309 4795 1464 4865 λόγος
1496 4796 1787 4865 ἀποφαίνει
1816 4797 2001 4868 Σκιρο-

420 4890 663 4964 φοριῶνα
690 4886 829 4944 εἷναι
858 4890 1117 4963 τροπικὸν
1161 4889 1392 4961 θερινόν.
1433 4888 1783 4959 Ἀνομόλογον
1813 4888 1869 4941 δὲ
1903 4890 1999 4942 καὶ

417 4983 480 5035 τὸ
521 4981 891 5053 Θεοφράστου,
924 4982 1005 5034 ὅτι
1049 4979 1218 5052 ἄκρου
1268 4980 1431 5051 ἔαρος
1474 4980 1655 5044 εὐθὺς,
1707 4980 1995 5052 ἱσταμένου

418 5072 514 5128 τοῦ
546 5071 951 5145 Θαργηλιῶνος.
982 5072 1043 5125 Εἰ
1070 5073 1179 5145 γὰρ
1203 5072 1372 5144 ἄκρου
1403 5071 1561 5143 ἔαρος
1599 5073 1627 5125 ὀ
1651 5071 1993 5143 Θαργηλιὼν,

418 5164 519 5217 οὐκ
558 5164 623 5217 ἂν
654 5163 910 5236 τροπικὸς
940 5164 969 5216 ὀ
1005 5161 1412 5233 Ἐκατομόαιῶν
1440 5164 1525 5235 εἰη
1546 5180 1559 5193 ·
1598 5163 1732 5218 πολὺ
1759 5164 1803 5217 δ’
1835 5158 1998 5235 ἦττον

417 5255 449 5307 6
492 5252 807 5324 Μουνυχιὼν
853 5253 1067 5325 ὲαρινός
1099 5270 1159 5306 τε
1207 5253 1303 5306 καὶ
1346 5253 1678 5326 ἰσημερινός.
1730 5254 1910 5307 Ἔοικε
1951 5254 1996 5307 δ’

417 5346 759 5417 ἀπεμφαῦον
798 5346 891 5399 καὶ
918 5346 978 5399 τὸ
999 5344 1094 5399 τοῦ
1125 5344 1494 5415 Πλουτάρχου-
1531 5364 1549 5395 ι
1582 5344 1996 5416 Συγκομιζομέ-

415 5454 516 5509 νης
546 5438 768 5510 ὀπώρας
814 5437 1193 5508 Πυανεψιῶνος
1229 5437 1389 5509 ὀγδόῃ
1424 5438 1734 5508 ἱσταμένου.
1775 5456 1794 5489 ι
1843 5442 2001 5492 Δοκεῖ

384 5531 395 5551 ‘
415 5530 527 5602 γὰρ
555 5532 585 5584 6
620 5529 938 5602 Πυανεψιὼν
974 5529 1171 5602 μᾶλλον
1206 5526 1344 5583 εἶναι
1379 5530 1694 5601 ἰσημερινὺς
1727 5531 1999 5598 φθινοπω-

419 5623 626 5697 ρινὸςή
667 5628 696 5680 6
740 5624 1199 5696 Μαιμακτηριὼν,
1234 5625 1287 5677 εἰ
1316 5640 1379 5692 γε
1417 5623 1728 5695 ἀμπελικῆς
1770 5623 1992 5694 ὀπώρας

417 5720 451 5787 ἡ
477 5717 670 5789 κομιδὴ
699 5714 787 5791 ἦν.

2105 4789 2439 4853 solstitium,
2495 4797 2554 4843 ut
2585 4789 2879 4860 Dionysius
2913 4788 3368 4846 Halicarnasseus
3424 4792 3539 4856 ait,
3596 4806 3687 4847 res

2105 4881 2316 4950 priscas
2343 4879 2715 4937 Romanorum
2755 4881 3002 4936 historia:
3037 4881 3307 4937 mandans
3336 4900 3350 4937 :
3381 4898 3490 4953 quo
3526 4891 3687 4953 pacto

2104 4972 2527 5030 Hecatombazon
2562 4973 2872 5029 solstitialis
2919 4973 3146 5028 aestivus
3189 4974 3300 5029 sit?
3346 4974 3551 5046 Nempe
3596 4977 3688 5032 hic

2105 5080 2287 5122 sermo
2317 5067 2576 5130 ostendit,
2603 5064 3032 5137 Scirophorione
3060 5082 3184 5122 esse
3224 5068 3538 5124 solstitium.
3565 5069 3689 5124 Dis-

2105 5167 2428 5215 sentaneum
2465 5161 2630 5215 etiam
2668 5171 2753 5216 est
2782 5160 2913 5214 illud
2946 5158 3350 5230 Theophrasti,
3403 5178 3529 5217 cum
3557 5163 3689 5219 dicit

2106 5269 2356 5317 summo,
2397 5255 2728 5325 inennteque
2757 5271 2921 5318 vere.
2952 5253 3335 5325 Thargelionis
3391 5257 3685 5327 principio.

2106 5343 2166 5399 Si
2195 5344 2339 5400 enim
2374 5353 2458 5402 est
2486 5361 2762 5402 summum
2796 5362 2887 5401 ver
2928 5345 3290 5416 Thargelion,
3340 5362 3687 5417 nequaquam

2104 5452 2228 5493 esse
2253 5447 2420 5507 queat
2446 5439 2755 5494 solstitialis
2784 5437 3204 5494 Hecatombaeon
3224 5478 3240 5504 ,
3293 5448 3348 5494 et
3379 5440 3555 5494 multo
3588 5441 3688 5494 mi-

2105 5544 2212 5584 nus
2243 5544 2447 5585 vernus
2475 5536 2531 5585 et
2564 5530 2965 5600 aequinoctialis
2999 5528 3353 5602 Munychion.
3388 5528 3525 5585 illud
3556 5546 3689 5600 quo-

2105 5637 2213 5693 que
2239 5619 2520 5677 Plutarchi
2548 5623 2845 5679 dissentire
2870 5623 3085 5679 videtur
3106 5663 3122 5688 ,
3169 5621 3444 5678 dicentis:
3488 5640 3507 5674 ι
3548 5620 3687 5677 Dum

2108 5714 2323 5770 fructus
2353 5715 2629 5786 leguntur,
2660 5729 2714 5771 et
2744 5715 3023 5771 vindemia
3053 5721 3468 5785 comportatur.
3493 5721 3690 5769 octavo

417 5812 508 5867 die
530 5812 922 5884 Pyanepsionis
961 5812 1295 5882 incipientis.
1346 5830 1364 5863 ι
1397 5810 1494 5867 llis
1526 5810 1671 5866 enim
1698 5808 1878 5865 verbis
1914 5808 2131 5865 videtur
2187 5807 2535 5881 Pyanepsion
2571 5809 2628 5865 in
2680 5826 2741 5867 se
2799 5811 3088 5867 continere
3141 5806 3393 5864 autumni
3441 5809 3687 5878 equino-

418 5910 586 5957 ctium
618 5905 817 5975 potius,
854 5921 1016 5976 quam
1051 5903 1453 5960 Maemactcrion
1477 5943 1493 5970 ,
1549 5901 1820 5974 siquidem
1881 5910 2000 5958 erat
2031 5900 2627 5969 vindemiarcollectio.
