4132 6410
458 330 595 387 “87

1449 332 1541 386 AD
1586 331 1857 388 EUSEBII
1895 332 2291 389 CHBONICON
2335 330 2698 387 APPENDIX.

3570 324 3711 381 “88

529 440 789 499 Solvendi
843 444 1007 515 igitur
1028 453 1176 501 -sunt
1223 445 1279 499 bi
1327 446 1618 501 dubiorum
1649 447 1801 511 nodi,
1835 457 1892 501 ut
1928 447 2032 502 rite

2208 447 2382 500 Λῦσαι
2419 446 2485 516 δὴ
2514 445 2595 498 δεῖ
2626 445 2695 498 τὰ
2722 441 3072 512 ἀπορούμενα
3102 438 3294 503 ταῦτα,
3329 439 3395 493 ἵν’
3428 439 3464 511 ἦ
3499 456 3561 494 τε
3590 440 3716 494 σκέ-

460 536 553 588 liat
583 535 697 588 haec
732 544 919 590 nostra
949 537 1341 592 commentatio
1363 577 1377 601 ,
1431 546 1485 592 et
1544 538 1806 606 majorem
1871 538 2032 592 ﬁdem

459 623 601 677 dicta
634 631 821 678 nostra
845 625 1134 695 accipiant.
1175 626 1447 692 Quocirca
1474 628 1882 682 vetustissimos
1911 629 2034 682 illos

457 714 708 769 homines
744 716 890 768 nulla
919 717 1131 772 ratione
1152 758 1167 781 ,
1213 719 1474 788 nulloque
1506 719 1701 774 ordine
1752 720 2034 774 mensibus

459 817 612 866 usos,
645 811 807 871 atque
838 804 997 859 aliter
1031 807 1168 860 alios
1198 823 1404 863 annum
1434 810 1611 878 ipsum
1635 810 1867 878 partitos
1886 826 2031 876 esse,

458 908 582 946 cum
612 893 680 946 ab
707 894 850 957 aliis,
882 905 994 949 tum
1046 898 1129 950 vel
1165 899 1403 952 maxime
1456 914 1487 952 a
1539 898 1863 963 Plutarcho,
1913 900 2035 954 viro

457 984 823 1056 undecunque
853 987 1196 1054 doctissimo,
1237 991 1363 1045 licet
1393 991 1712 1061 intelligere.
1746 992 1879 1046 Nam
1910 994 2036 1047 bar-

456 1075 713 1129 barorum
735 1079 977 1131 nonnulli
1003 1080 1327 1135 trimestrem
1353 1099 1553 1139 annum
1574 1085 1869 1151 habebant,
1896 1093 1947 1139 et
1969 1102 2035 1139 ex

455 1163 659 1220 Graecis
695 1166 937 1223 Arcades
979 1170 1470 1239 quadrimestrem;
1511 1173 1827 1228 Acarnanes
1861 1189 2035 1228 seme-

455 1266 646 1313 strem.
708 1257 981 1330 Egyptiis
1036 1270 1218 1316 autem
1274 1271 1591 1319 menstruus
1641 1272 1759 1319 erat
1818 1279 2031 1328 annus,

455 1347 652 1403 deinde
683 1352 1136 1419 quadrimestris,
1200 1361 1259 1407 ut
1307 1355 1479 1411 aiunt.
1526 1355 1735 1410 Idcirco
1767 1356 2036 1425 antiquis-

456 1441 579 1495 simi
621 1441 875 1494 videntur
930 1442 1253 1496 immensam
1305 1459 1570 1497 annorum
1627 1445 2034 1500 multitudinem

455 1534 559 1587 sibi
596 1541 1021 1588 annumerantes
1048 1552 1062 1600 ;
1099 1542 1159 1587 ut
1190 1535 1281 1604 qui
1315 1543 1461 1591 certe
1490 1553 1691 1591 annum
1724 1553 1912 1592 mense
1939 1539 2035 1591 de-

454 1625 695 1679 ﬁnirem.
741 1625 969 1678 Romani
1001 1641 1129 1679 vero
1161 1628 1311 1696 prius
1367 1628 1554 1683 decem
1610 1632 1880 1683 mensium
1930 1644 2034 1682 an-

453 1732 588 1770 num
614 1717 869 1787 agebant,
900 1726 954 1770 et
988 1732 1206 1771 menses
1237 1719 1375 1774 alios
1401 1736 1578 1789 neque
1616 1724 1868 1774 vicenum
1918 1721 2034 1775 die-

454 1812 755 1873 rum,alios
782 1812 1052 1865 triceuum
1093 1812 1342 1881 quinum,
1388 1814 1526 1867 alios
1564 1814 1728 1868 etiam
1758 1816 2029 1884 plurium:

456 1901 700 1970 illudque
732 1901 907 1955 solum
940 1902 1398 1965 considerabant,
1446 1912 1505 1955 ut
1560 1910 1927 1958 trecentorum
1979 1914 2034 1959 et

456 1996 737 2066 sexaginta
767 1994 978 2048 dierum
1012 2010 1146 2049 suus
1176 2004 1323 2049 esset
1359 2012 1536 2050 annus
1557 2038 1569 2059 ,
1606 2012 1705 2050 nec
1736 2014 1856 2066 quze
1889 2006 2036 2053 esset

454 2087 590 2141 sclis
641 2094 695 2140 et
740 2085 883 2139 luna:
929 2086 1270 2154 inzequalitas
1306 2087 1605 2157 quidquam
1660 2089 1815 2158 pensi
1869 2090 2036 2144 habe-

456 2181 606 2234 bant.
643 2178 748 2232 Sed
787 2185 977 2246 postea
1022 2179 1179 2249 160
1204 2193 1296 2234 rex
1341 2178 1517 2232 Numa
1566 2178 1870 2251 Pompilius
1896 2180 2037 2235 duos

458 2287 678 2327 menses
724 2270 992 2339 adjecisse
1041 2270 1245 2334 fertur,
1290 2279 1347 2325 et
1397 2271 1696 2326 discrimen
1753 2272 1919 2340 hujus
1952 2273 2037 2327 in-

457 2362 786 2434 aequalitatis
822 2362 1069 2415 undecim
1104 2362 1316 2417 dierum
1345 2378 1468 2417 esse
1496 2371 1760 2433 reputans
1789 2382 1804 2416 :
1849 2374 2037 2434 utpote

458 2470 603 2508 anno
632 2454 809 2508 lunari
840 2461 1116 2507 trecentos
1152 2453 1552 2524 quinquaginta
1600 2466 1838 2524 quatuor
1873 2456 1991 2512 dies
2016 2496 2031 2521 ,

459 2547 625 2601 solari
662 2554 841 2600 autem
872 2552 1146 2599 trecentos
1174 2546 1458 2615 sexaginta
1481 2546 1721 2617 quinque
1756 2547 1991 2603 habente
2018 2566 2034 2615 ;

458 2638 716 2693 undecim
747 2638 848 2692 hos
881 2637 999 2692 dies
1032 2636 1342 2706 duplicatos
1375 2638 1605 2693 alternis
1656 2641 1816 2694 annis
1865 2640 2036 2694 interm

458 2730 726 2785 calatione
754 2729 895 2783 facta
915 2729 1057 2800 (quae
1075 2728 1306 2783 duorum
1332 2737 1386 2784 et
1408 2730 1599 2800 viginti
1630 2731 1842 2785 dierum
1868 2730 2035 2800 esset)

458 2822 516 2876 in
540 2821 895 2877 Februarium
946 2820 1229 2875 induxisse
1257 2840 1270 2875 :
1310 2822 1536 2891 verique
1581 2822 1761 2877 simile
1790 2830 1897 2888 est,
1925 2823 2039 2878 haec

458 2916 612 2969 illum
634 2930 700 2970 ex
732 2915 1037 2968 imitatione
1058 2913 1291 2983 quadam
1319 2912 1632 2968 Graecorum
1663 2913 1878 2970 fecisse.
1920 2913 2039 2968 Pri-

457 3023 608 3061 mum
637 3006 782 3062 enim
813 3004 1070 3060 Solonem
1124 3006 1279 3060 aiunt
1317 3005 1548 3061 Athenis
1594 3006 1736 3060 hanc
1767 3007 2037 3061 mensium

456 3114 650 3168 vagam
676 3106 730 3153 et
756 3098 934 3153 adhuc
970 3099 1234 3154 incertam
1267 3099 1697 3153 inconstantiam
1732 3098 2036 3169 deprehen-

2137 536 2229 605 ψις
2258 536 2475 605 γίνηται
2505 535 2646 589 κατὰ
2677 532 2899 604 τρόπον,
2935 531 3028 584 καὶ
3054 530 3115 583 τὸ
3156 531 3346 583 πιστὸν
3375 530 3575 601 μᾶλλον
3615 529 3716 602 ἔχῃ

2136 627 2203 679 τά
2228 626 2514 696 εἰρημένα.
2542 625 2681 688 Τοὺς
2717 625 2813 694 μὲν
2841 618 2933 676 οὖν
2960 622 3098 675 πάνυ
3129 620 3390 691 ἀρχαίους
3418 620 3716 689 ἀλογίστως

2134 736 2194 770 τε
2224 718 2315 771 καὶ
2341 717 2590 785 ἀτάκτως
2619 715 2918 787 κεχρῆσθαι
2947 716 3059 777 τοῖς
3095 714 3251 784 μησὶ,
3286 713 3380 767 καὶ
3413 713 3593 775 ἄλλοις
3615 713 3711 769 ἄλ-

2134 812 2241 872 λως
2262 810 2352 862 τὸν
2378 808 2621 862 ἐνιαυτὸν
2643 807 2921 879 ὡρικέναι,
2947 806 3098 878 παρά
3122 822 3180 858 τε
3203 805 3377 860 ἄλλων
3422 807 3518 861 καὶ
3542 807 3717 861 Πλου·
3766 838 3769 839 ν

2135 899 2335 969 τάρχου
2400 898 2592 969 ἀνδρὸς
2663 897 3138 966 πολυμαθεστάτου
3212 895 3477 949 πυθέσθαι
3541 896 3709 950 ἐστιν.

2140 992 2307 1043 Ἔνιοι
2337 991 2466 1058 γοῦν
2489 990 2595 1043 τῶν
2630 989 2919 1061 βαρϐάρων
2955 989 3133 1060 τρισὶν
3162 988 3402 1059 ἐχρῶντο
3434 990 3600 1059 μησὶν
3632 989 3714 1053 εἰς

2136 1086 2225 1137 τὸν
2255 1084 2526 1136 ἐνιαυτόν·
2566 1084 2660 1136 καὶ
2692 1083 2800 1135 τῶν
2838 1081 3101 1154 Ἑλλήνων
3144 1082 3404 1152 Ἀρκάδες
3449 1082 3549 1152 μὲν
3592 1084 3714 1136 τέτ-

2134 1193 2346 1248 ταρσιν,
2383 1176 2711 1247 Ἀκαρνᾶνες
2738 1174 2796 1228 δὲ
2817 1172 2897 1238 ἐξ.
2925 1172 3241 1242 Αἰγυπτίοις
3269 1173 3326 1226 δὲ
3363 1176 3609 1244 μηνιαῖος
3642 1170 3711 1246 ἦν

2134 1271 2164 1323 ὁ
2205 1269 2448 1332 ἐνιαυτὸς
2467 1308 2481 1331 ,
2517 1264 2637 1320 εἶτα
2678 1266 3038 1337 τετράμηνός,
3069 1264 3146 1329 ὥς
3182 1282 3336 1334 φασι.
3367 1265 3459 1318 Διὸ
3488 1266 3583 1318 καὶ
3613 1266 3715 1337 ἀρ-

2135 1360 2408 1430 χαιότατοι
2433 1357 2571 1412 εἶναι
2597 1358 2832 1423 δοκοῦσι,
2864 1357 3064 1428 πλῆθος
3090 1356 3225 1410 ἐτῶν
3251 1355 3712 1427 καταριθμοῦντες

2139 1452 2317 1521 σφίσιν
2356 1452 2656 1521 ἀμῆχανον,
2697 1449 2792 1503 ἆτε
2833 1448 2897 1520 δὴ
2938 1450 3064 1511 τοὺς
3110 1448 3285 1519 μῆνας
3319 1448 3591 1519 τιθέμενοι
3633 1451 3714 1512 εἰς

2137 1543 2277 1596 ἐτῶν
2309 1543 2558 1614 ἀριθμόν.
2584 1542 2695 1595 Καὶ
2727 1542 2983 1611 Ῥωμαῖοι
3007 1540 3066 1593 δὲ
3104 1540 3370 1611 πρότερον
3402 1540 3711 1611 δεκάμηνον

2135 1632 2269 1707 ἦγον
2314 1637 2404 1688 τὸν
2444 1635 2707 1697 ἐνιαυτὸν,
2759 1635 2853 1687 καὶ
2892 1633 3000 1686 τῶν
3049 1631 3233 1703 μηνῶν
3275 1633 3402 1696 τοὺς
3451 1632 3551 1702 μὲν
3590 1631 3711 1686 οὐδὲ

2137 1729 2342 1782 εἴκοσιν
2383 1727 2624 1798 ἡμερῶν,
2665 1728 2791 1789 τοὺς
2827 1726 2884 1779 δὲ
2916 1725 3080 1778 πέντε
3112 1726 3204 1778 καὶ
3235 1726 3712 1797 τριάκονταητοὺς

2135 1821 2192 1873 δέ
2246 1820 2342 1873 καὶ
2383 1819 2675 1872 πλειόνων·
2719 1818 2894 1871 ἐκεῖνό
2932 1835 2993 1871 τε
3036 1817 3196 1887 μόνον
3238 1818 3524 1883 ἐσκόπουν,
3564 1818 3712 1881 ὅπως

2137 1914 2400 1983 ἐξήκοντα
2428 1910 2522 1963 καὶ
2562 1911 2889 1981 τριακοσίων
2924 1910 3144 1981 ἡμερῶν
3172 1910 3200 1962 ὁ
3238 1910 3481 1973 ἐνιαυτὸς
3520 1909 3673 1963 ἔσται
3694 1926 3709 1940 ο

2136 2002 2343 2057 ἔννοιαν
2370 2004 2427 2057 δὲ
2451 2004 2550 2073 τῆς
2590 2003 2880 2074 γινομένης
2919 2003 3046 2074 περὶ
3073 2002 3170 2073 τὴν
3216 2001 3446 2073 σελήνην
3493 2004 3587 2056 καὶ
3622 2001 3711 2055 τὸν

2134 2096 2285 2167 ἣλιον
2314 2096 2627 2166 ἀνωμαλίας
2651 2097 2750 2148 οὐκ
2783 2092 2945 2165 εἶχον.
2980 2097 3246 2167 ’Ύστερον
3271 2095 3327 2148 δέ
3355 2097 3543 2165 Νομᾶς
3567 2096 3710 2166 Πομ-

2136 2188 2312 2250 πίλιος
2342 2187 2638 2257 βασιλεύων
2680 2187 2895 2256 λέγεται
2933 2188 3024 2241 δύο
3059 2205 3118 2240 τε
3162 2188 3475 2258 προσθεῖναι
3512 2188 3708 2258 μῆνας,

2137 2279 2229 2332 καὶ
2260 2280 2323 2331 τὸ
2362 2278 2728 2352 παράλλαγμα
2766 2280 2865 2349 τῆς
2910 2279 3222 2349 ἀνωμαλίας
3253 2280 3478 2350 ἡμερῶν
3521 2278 3712 2333 ἕνδεκα

2136 2371 2383 2439 γίνεσθαι
2414 2370 2793 2441 λογιζόμενος
2840 2372 2914 2434 ὡς
2941 2370 3034 2425 τοῦ
3067 2372 3163 2442 μὲν
3205 2370 3525 2442 σεληνιακοῦ
3555 2371 3708 2435 ἔτους

2135 2465 2454 2535 τριακοσίας
2489 2464 3095 2535 πεντηκοντατέσσαρας
3114 2463 3327 2533 ἔχοντος
3348 2464 3580 2535 ἡμέρας,
3616 2463 3709 2517 τοῦ

2136 2554 2192 2607 δὲ
2225 2554 2448 2625 ἡλιακοῦ
2488 2554 2807 2628 τριακοσίας
2855 2555 3314 2626 ἐξηκονταπέντε·
3368 2555 3468 2618 τὰς
3518 2556 3711 2609 ἕνδεκα

2135 2646 2336 2710 ταύτας
2378 2646 2756 2709 διπλασιάσας,
2807 2648 3107 2714 ἐπαγαγεῖν
3153 2647 3278 2719 παρ’
3322 2648 3565 2701 ἐνιαυτὸν
3616 2649 3710 2701 ἐπὶ

2138 2740 2215 2811 τῷ
2239 2741 2587 2811 Φεϐρουαρίῳ
2618 2740 2746 2810 μηνὶ
2770 2741 2863 2793 τὸν
2896 2740 3213 2810 ἐμϐόλιμον,
3247 2739 3419 2793 εἴκοσι
3446 2741 3539 2795 καὶ
3564 2740 3709 2793 δυοῖν

2138 2831 2360 2902 ἡμερῶν
2411 2832 2559 2884 ὄντα.
2600 2832 2760 2893 Εἰκὸς
2801 2831 2845 2884 δ’
2882 2834 3085 2884 ἐκεῖνον
3131 2829 3303 2883 ταῦτα
3346 2830 3481 2901 πρὸς
3522 2831 3713 2901 ὁμοίαν

2137 2923 2259 2976 τινὰ
2303 2923 2599 2994 Ἀθηναίων
2658 2924 2852 2994 χρῆσιν
2913 2922 3290 2992 πεποιηκέναι.
3340 2922 3551 2976 Σόλωνα
3601 2921 3712 2993 γὰρ

2134 3006 2353 3086 πρῶτον
2399 3015 2654 3088 Ἀθήνῃσι
2692 3016 2789 3088 τὴν
2831 3018 2958 3088 περὶ
2994 3020 3120 3081 τοὺς
3173 3018 3350 3089 μῆνας
3400 3018 3712 3090 ἀνωμαλίαν

2142 3108 2368 3162 συνιδεῖν
2399 3125 2528 3176 φασι
2550 3126 2564 3139 ·
2596 3109 2688 3162 καὶ
2713 3109 2809 3181 τὴν
2835 3111 2932 3179 μὲν
2959 3112 3191 3183 ἡμέραν,
3217 3111 3339 3165 καθ’
3365 3111 3431 3182 ἢν
3456 3114 3489 3183 ἡ
3516 3111 3711 3182 σελήνη

458 3190 606 3245 disse
633 3209 645 3244 :
681 3198 735 3245 et
764 3192 905 3245 diem
936 3206 1046 3260 quo
1088 3192 1216 3244 luna
1245 3191 1415 3246 solem
1444 3191 1757 3260 assequitur
1791 3198 1845 3247 et
1868 3200 2035 3247 trans-

2139 3200 2545 3269 καταλαμϐάνει
2584 3218 2642 3254 τε
2697 3202 2792 3254 καὶ
2829 3202 3164 3274 παρέρχεται
3221 3204 3314 3257 τὸν
3347 3205 3518 3276 ἥλιον,
3553 3205 3712 3272 τάξαι

458 3284 645 3346 mittit,
679 3283 807 3356 ἓνην
836 3283 930 3336 καὶ
955 3283 1104 3348 νέαν,
1135 3282 1188 3337 id
1228 3289 1345 3343 est.
1403 3282 1683 3350 antiquam
1741 3291 1795 3337 et
1839 3298 2033 3338 novam

459 3377 665 3443 lunam,
702 3378 816 3432 sive
856 3384 1154 3431 extremam
1190 3383 1244 3431 et
1276 3375 1541 3445 primam,
1575 3375 1680 3430 hoc
1712 3384 1827 3441 est,
1864 3377 2035 3432 inter-

460 3470 669 3523 lunium
699 3468 882 3522 vocari
913 3467 1221 3522 instituisse
1252 3485 1266 3521 :
1301 3472 1355 3521 et
1394 3476 1711 3536 sequentem
1744 3467 2036 3539 νουμηνίαν

460 3562 513 3617 id
543 3569 663 3627 est,
709 3562 1049 3616 noviluniam
1081 3599 1097 3627 ,
1148 3560 1265 3615 sive
1317 3558 1591 3613 Kalendas
1645 3561 2033 3630 appellavisse,

460 3670 814 3725 mensemque
843 3655 1066 3723 triginta
1099 3654 1314 3708 dierum
1345 3652 1703 3708 constituisse
1729 3671 1742 3706 :
1774 3660 1828 3706 et
1856 3654 1912 3706 in
1943 3668 2037 3723 ge-

460 3764 591 3802 nere
621 3762 824 3801 annum
882 3747 1062 3815 ipsum
1104 3746 1160 3799 in
1199 3746 1612 3801 concinniorem
1661 3744 1910 3799 ordinem
1952 3744 2037 3798 di-

459 3840 718 3910 gessisse.
752 3838 1103 3893 lntercalaris
1139 3852 1264 3892 vero
1302 3834 1509 3893 mensis
1542 3853 1701 3893 usum
1732 3836 2038 3906 antiquitus

457 3927 631 3993 fuisse
661 3928 889 3991 Graecis,
921 3927 1165 3983 declarat
1188 3925 1498 3983 Herodotus
1532 3947 1544 3982 :
1588 3947 1606 3979 ι
1646 3925 1839 3990 Graeci,
1881 3945 1900 3978 ι
1953 3925 2040 3978 in-

456 4023 598 4093 quit,
632 4038 652 4072 ι
689 4021 852 4076 tertio
882 4035 1112 4090 quoque
1144 4033 1289 4073 anno
1339 4020 1814 4073 intercalationem
1869 4017 2040 4071 inter-

458 4120 690 4177 serunt,
746 4119 1056 4180 temporum
1113 4109 1288 4179 gratia
1322 4128 1335 4163 :
1368 4108 1611 4181 Egyptii
1653 4124 1782 4163 vero
1813 4108 2039 4161 tricenis

456 4206 673 4267 diebus,
702 4204 902 4274 quibus
931 4202 1221 4256 duodecim
1258 4217 1476 4256 menses
1518 4201 1647 4254 anni
1703 4206 1913 4263 laxant,
1940 4214 2039 4253 au-

456 4299 630 4352 ctario
666 4297 805 4351 facto
837 4296 902 4350 ad
934 4311 1058 4350 eum
1097 4311 1409 4361 numerum,
1442 4296 1560 4350 dies
1600 4295 1844 4363 quinque
1874 4299 2040 4363 quot-

458 4390 1030 4462 annis‘superaddunt
1058 4408 1071 4445 :
1103 4397 1159 4443 et
1203 4391 1273 4444 iis
1304 4390 1444 4443 ratio
1478 4388 1675 4442 circuli
1728 4394 2038 4457 temporum

457 4492 675 4539 constat
705 4483 895 4540 eodem
930 4483 1236 4538 redeuntis.
1276 4502 1295 4533 ι
1329 4482 1486 4548 Quod
1530 4481 1575 4535 si
1617 4480 1792 4533 Numa
1815 4480 2037 4549 quidem

2136 3291 2263 3363 ἐνην
2305 3293 2401 3346 καὶ
2442 3293 2565 3346 νέαν
2606 3292 2918 3347 καλεῖσθαι⁶
2961 3295 3059 3364 τὴν
3098 3295 3142 3348 δ’
3176 3295 3373 3365 ἐφεξῆς
3418 3296 3713 3366 νουμηνίαν

2137 3382 2607 3455 προσαγορεῦσαι·
2636 3385 2764 3455 ἄχρι
2784 3401 2843 3437 τε
2870 3385 3157 3456 τριακάδος
3185 3387 3275 3439 τὸν
3304 3388 3448 3457 μῆνα
3477 3388 3716 3459 ἠριθμηο

2136 3475 2290 3529 κέναι
2315 3492 2329 3504 ⁸
2384 3477 2479 3529 καὶ
2510 3476 2645 3540 ὅλως
2676 3476 2771 3529 ἐπὶ
2801 3477 2861 3529 τὸ
2907 3477 3114 3546 βέλτιον
3156 3478 3438 3534 διαθέσθαι
3477 3480 3547 3532 τὰ
3585 3481 3714 3551 περὶ

2135 3568 2225 3620 τὸν
2260 3568 2522 3622 ἐνιαυτόν.
2557 3569 2766 3639 Χρῆσιν
2798 3568 2840 3621 δ’
2872 3570 3166 3640 ἐμϐολίμου
3198 3571 3364 3642 μηνὸς
3400 3571 3492 3623 καὶ
3520 3571 3715 3640 Ἕλλη-

2139 3677 2221 3712 σιν
2244 3659 2511 3714 ἀνέκαθεν
2535 3657 2674 3713 εἶναι
2706 3660 2857 3730 δηλοῖ
2885 3663 2977 3715 καὶ
2993 3663 3292 3733 Ἡρόδοτος,
3325 3663 3494 3731 λέγων
3512 3680 3526 3693 ·
3555 3682 3571 3715 ι
3592 3664 3713 3717 Ἕλ-

2137 3752 2296 3824 ληνες
2333 3752 2430 3822 μέν
2459 3752 2548 3805 διὰ
2578 3753 2761 3823 τρίτου
2807 3751 2954 3815 ἔτεος
2990 3752 3281 3823 ἐμϐόλιμον
3312 3753 3712 3822 ἐπεμϐάλλουσι

2136 3845 2245 3899 τῶν
2274 3845 2459 3915 ὡρέων
2506 3845 2744 3897 εἵνεκεν·
2780 3844 3063 3913 Αἰγύπτιοι
3103 3843 3178 3909 δέ,
3222 3845 3716 3919 τριακονθημέρους

2138 3937 2359 4004 ἄγοντες
2391 3938 2516 3999 τοὺς
2538 3936 2745 3990 δώδεκα
2775 3938 2970 4007 μῆνας,
3003 3937 3298 4006 ἐπάγουσιν
3328 3939 3430 3992 ἀνὰ
3461 3942 3570 3993 πᾶν
3596 3940 3715 4004 ἔτος

2140 4027 2299 4080 πέντε
2327 4027 2538 4098 ἡμέρας
2572 4028 2745 4098 παρὲξ
2764 4028 2858 4082 τοῦ
2891 4027 3157 4099 ἀριθμοῦο
3190 4029 3284 4083 καί
3315 4046 3440 4098 σφιν
3462 4030 3491 4081 ό
3519 4030 3717 4093 κύκλος

2138 4116 2246 4169 τῶν
2289 4116 2475 4187 ὡρέων
2507 4119 2587 4179 εἰς
2623 4117 2787 4170 ταυτὸ
2835 4118 3059 4189 περιιὼν
3097 4119 3476 4191 παραγίνεται.
3514 4140 3533 4172 ›
3566 4122 3629 4174 El
3660 4121 3718 4175 δὲ

2138 4208 2328 4277 Νομᾶς
2367 4211 2464 4277 μὲν
2509 4210 2683 4262 εἴκοσι
2719 4210 2813 4263 καὶ
2854 4210 2997 4263 δυοῖν
3030 4212 3256 4283 ἡμερῶν
3286 4213 3379 4266 τὸν
3422 4214 3715 4285 ἐμϐόλιμον

2139 4296 2348 4363 ἔταξεν,
2401 4298 2684 4370 Ἡρόδοτος
2724 4300 2781 4353 δὲ
2830 4301 3297 4372 τριακονθήμερον
3346 4303 3713 4374 καταριθμεί“

2138 4388 2294 4444 οὐθὲν
2336 4392 2485 4444 τουτὶ
2533 4392 2670 4462 πρὸς
2710 4392 2801 4445 τὸν
2834 4391 2928 4445 νῦν
2960 4392 3135 4461 λόγον.
3181 4392 3319 4446 Ἀλλ’
3354 4395 3530 4448 ἐκεῖνο
3557 4396 3717 4466 δῆλον

2140 4485 2249 4536 κὰκ
2270 4483 2491 4548 τούτων,
2526 4484 2602 4548 ὼς
2643 4484 2909 4554 Ἀθηναῖοι
2951 4485 3222 4558 χρώμενοι
3257 4487 3535 4559 ἐμϐολίμῳ
3557 4504 3719 4559 προσ-

458 4576 929 4632 intercalationem
963 4574 1198 4629 duorum
1241 4583 1295 4631 et
1325 4575 1518 4645 viginti
1553 4574 1768 4629 dierum
1813 4574 2035 4628 ordina-

2142 4576 2478 4647 ανεπλὴρουν
2512 4578 2573 4630 τὸ
2611 4578 2854 4631 ἐλλεῖπον
2888 4555 3024 4650 πρός
3052 4581 3150 4651 τὴν
3178 4555 3308 4651 ὅλην
3336 4555 3584 4651 περίοδον
3603 4555 3716 4632 -τοῦ

459 4669 563 4735 vit;
600 4667 909 4724 Herodotus
937 4682 1065 4721 vero
1094 4667 1318 4737 triginta
1351 4668 1563 4721 dierum
1604 4673 1873 4730 recenset,
1899 4667 2037 4720 nihil

2143 4668 2294 4737 ἡλίου
2319 4667 2427 4720 τῶν
2455 4667 2613 4739 ὡρῶν
2652 4669 2833 4724 ἕνεκα.

460 4766 564 4815 hoc
603 4759 670 4814 ad
697 4759 1146 4830 disceptationem
1194 4768 1538 4829 praesentem.
1577 4756 1778 4813 Verum
1829 4773 1897 4814 ex
1945 4759 2031 4814 bis
2071 4759 2235 4814 datur
2293 4761 2430 4815 illud
2456 4761 2712 4831 intelligi,
2742 4762 3107 4820 Athenienses
3142 4778 3334 4820 mense
3368 4763 3718 4820 intercalario

462 4860 677 4909 utentes
705 4852 833 4906 anni
861 4853 946 4907 sui
970 4849 1242 4905 defectum
1271 4850 1629 4919 supplevisse,
1647 4859 1706 4904 ut
1728 4859 2036 4920 temporum
2068 4852 2207 4907 ratio
2235 4851 2457 4908 facilius
2479 4854 2611 4909 solis
2634 4855 2815 4910 itineri
2849 4862 3194 4927 congrueret.

1116 4943 1187 4996 De
1218 4959 1378 4996 anno.

526 5035 617 5091 1X.
649 5033 908 5089 Bll‘ariam
928 5048 1059 5103 ergo
1080 5048 1282 5085 annum
1309 5030 1734 5087 considerabant
1758 5069 1773 5093 .
1823 5039 1882 5085 ut
1933 5030 2032 5100 qui

461 5128 659 5200 partim
689 5142 718 5180 a
743 5126 859 5181 sole
877 5126 1138 5181 trecentis
1160 5125 1443 5195 sexaginta
1465 5123 1657 5178 diebus
1681 5123 2028 5187 deﬁniretur,

460 5230 682 5293 propter
711 5218 1009 5273 sectionem
1045 5217 1251 5286 obliqui
1288 5215 1537 5286 signiferi
1565 5214 1619 5267 in
1653 5213 1878 5267 totidem
1910 5228 2037 5282 gra-

460 5315 584 5368 dus.
618 5312 685 5366 Et
711 5312 873 5380 hujus
901 5316 1047 5365 certe
1076 5310 1323 5379 quintam
1356 5315 1566 5380 partem
1594 5306 1923 5361 Aristoteles
1950 5306 2034 5360 di-

458 5405 536 5458 cit
558 5420 680 5459 esse
706 5404 844 5458 duos
877 5409 932 5457 et
987 5401 1328 5470 septuaginta
1364 5399 1519 5454 dies:
1582 5400 1780 5469 partim
1829 5413 1858 5451 a
1907 5398 2032 5451 luna

460 5495 653 5548 diebus
706 5503 941 5561 quatuor
983 5499 1038 5546 et
1082 5491 1480 5561 quinquaginta
1534 5505 1698 5559 supra
1735 5496 2031 5543 trecentos.

461 5580 663 5635 Eadem
702 5584 866 5636 etiam
903 5580 1113 5635 ratione
1144 5581 1427 5635 mensibus
1458 5580 1655 5649 partim
1706 5579 1773 5633 ad
1828 5580 2035 5641 solem,

462 5665 659 5743 partim
712 5673 778 5727 ad
823 5673 1005 5727 lunam
1044 5671 1312 5734 deductis,
1353 5672 1582 5742 aliisque
1609 5672 1769 5726 annis
1798 5671 1914 5727 dies
1945 5672 2037 5725 tri-

461 5763 612 5833 ginta
668 5763 1028 5833 adjiciebant;
1092 5764 1215 5820 aliis
1256 5765 1494 5835 quinque
1527 5782 1540 5819 :
1588 5770 1641 5819 et
1675 5764 1721 5819 si
1754 5764 1883 5834 quid
1920 5778 2036 5819 am-

2692 4946 2833 5015 Περὶ
2865 4946 3167 5002 ἐνιαυτοῦ.

2210 5033 2287 5089 Θ’.
2317 5033 2489 5105 Διχῶς
2513 5030 2606 5087 οὖν
2636 5034 2901 5106 ἐθεώρουν
2926 5035 3017 5090 τὴν
3044 5035 3306 5101 ἐνιαυτὸν,
3335 5031 3444 5089 οἷον
3475 5036 3567 5089 τὸν
3612 5034 3713 5105 μὲν

2144 5124 2407 5192 ἐξήκοντα
2454 5127 2547 5178 καὶ¹
2597 5127 2933 5197 τριακοσίαις
2983 5127 3222 5198 ἡμέραις
3269 5126 3582 5197 ὁριζόμενον
3639 5128 3720 5196 τῷ

2143 5215 2297 5286 ἡλίῳ,
2339 5218 2428 5272 διά
2477 5219 2571 5288 τὴν
2620 5221 2699 5282 εἰς
2737 5218 3002 5282 τοσαύτας
3049 5219 3241 5289 μοίρας
3282 5218 3595 5289 κατατομὴν
3625 5216 3722 5271 τοῦ

2141 5307 2326 5372 λοξοῦ·
2374 5310 2467 5362 καὶ
2511 5309 2696 5362 τούτου
2741 5309 2805 5380 δὴ
2853 5309 3016 5379 μέρος
3064 5308 3311 5379 πέμπτον
3348 5308 3722 5379 Ἀριστοτέλης

2143 5394 2281 5450 εἷναί
2310 5416 2472 5469 φησιν
2500 5399 2712 5469 ἡμέρας
2737 5399 3102 5470 ἐϐδομήκοντα
3131 5400 3224 5452 καὶ
3254 5398 3374 5453 δύο·
3402 5399 3492 5452 τὸν
3519 5398 3577 5452 δέ
3604 5399 3725 5451 τέτ-

2144 5508 2303 5560 ταρσι
2350 5491 2446 5544 καὶ
2495 5492 2832 5562 πεντήκοντα
2876 5492 2970 5544 καὶ
3012 5490 3350 5562 τριακοσίαις
3399 5494 3463 5562 τῇ
3500 5491 3719 5563 σελήνῃ.

2160 5581 2443 5650 Ἀνάλογον
2468 5582 2525 5635 δέ
2570 5582 2667 5636 καὶ
2712 5583 2840 5645 τοὺς
2885 5584 3058 5654 μῆνας
3100 5581 3256 5654 ἦγον,
3288 5584 3413 5645 τοὺς
3454 5583 3550 5653 μὲν
3582 5581 3724 5636 κατὰ

2143 5672 2235 5725 τὸν
2262 5671 2433 5742 ἥλιον,
2463 5672 2588 5734 τοὺς
2626 5670 2682 5723 δὲ
2723 5669 2865 5723 κατὰ
2892 5669 2991 5741 τὴν
3039 5670 3267 5741 σελήνην
3289 5684 3304 5699 ⁸
3335 5666 3628 5721 ἐπέϐαλλόν
3660 5681 3721 5717 τε

2144 5768 2255 5830 τοῖς
2286 5765 2384 5835 μὲν
2413 5764 2700 5835 τριάκοντα
2722 5764 2959 5834 ἡμέρας,
2986 5765 3096 5827 τοῖς
3129 5762 3185 5817 δὲ
3220 5761 3403 5829 πέντε,
3433 5760 3528 5817 καὶ
3551 5760 3607 5817 εἴ
3627 5774 3722 5814 τοι)
