4112 6440
419 408 554 467 “89

1339 398 1693 456 THEODORI
1728 398 1937 456 GAZAE
1978 395 2185 453 LIBER
2227 394 2314 447 DE
2354 394 2725 449 MENSIBUS.

3550 404 3690 453 H90

420 526 665 589 πλείονος
711 524 820 578 δέοι
849 523 939 578 διά
979 522 1242 594 τετάρτου
1276 521 1547 576 ἐνιαυτοῦ.
1573 520 1654 574 Τὰ
1676 521 1722 573 δ’
1751 520 1860 593 ἄρα
1888 519 2006 590 βοή-

2109 515 2254 586 plius
2281 529 2420 585 opus
2442 525 2578 581 erat,
2612 520 2811 584 quarto
2833 527 3052 583 quoque
3075 527 3239 567 anno.
3275 512 3509 585 Haecque
3531 525 3690 571 erant

420 618 540 673 θεια
566 612 657 689 ἦν,
685 615 1021 670 διατείνουσα
1051 615 1150 685 μὲν
1175 615 1237 668 ού
1261 614 1470 687 πόρρω,
1504 614 1664 686 ἱκανὴ
1700 613 1885 683 μέντοι
1929 613 2009 675 εἰς

420 709 482 762 τὸ
511 707 642 761 αὐτὸ
681 706 1150 767 ἀντικαθιστάναι,
1197 705 1293 759 καὶ
1328 705 1533 777 εἴργειν
1575 707 1633 758 ἐν
1669 708 1784 768 τοῖς
1826 704 2009 769 αὐτοῖς

421 813 525 852 που
554 799 701 869 ὅροις
731 797 859 859 τοὺς
890 796 1065 868 μῆνας
1086 811 1098 824 ·
1131 796 1268 866 ἵαμά
1294 813 1353 849 τε
1378 796 1478 865 τῆς
1507 795 1821 866 ἀνωμαλίας
1853 795 2011 862 ἐτύγ-

422 908 583 961 χανεν
608 890 688 954 ὃν,
723 888 799 953 ὼς
837 889 932 942 καὶ
959 887 1303 959 Πλούταρχος
1352 887 1520 955 λέγει,
1558 886 1816 958 μειζόνων
1850 887 2010 956 ἰαμά-

421 997 529 1035 των
561 979 847 1053 δεήσεσθαι
876 972 1087 1049 μέλλον.
1115 982 1333 1049 Καῖσαρ
1366 976 1459 1032 οὖν
1506 980 1534 1031 ὁ
1562 977 1779 1049 πρῶτος
1810 994 2009 1048 μοναρ-

423 1074 593 1143 χήσας
645 1072 954 1141 Ῥωμαίων,
997 1073 1111 1133 τοῖς
1153 1070 1399 1141 ἀρίστοις
1449 1071 1557 1122 τῶν
1610 1068 2007 1141 μαθηματικῶν

423 1162 874 1233 πρόϐλημαπερὶ
897 1160 1087 1213 τούτου
1118 1160 1363 1230 προθεὶς,
1402 1161 1466 1212 ὲκ
1496 1159 1605 1212 τῶν
1633 1159 2006 1230 ὑποκειμένων

422 1251 524 1324 ἤδη
574 1252 812 1323 μεθόδων
864 1252 996 1305 ίδίαν
1032 1250 1155 1304 τινά
1194 1250 1288 1303 καὶ
1336 1249 1773 1323 διηκριϐωμένην
1808 1250 2006 1319 μᾶλλον

424 1345 793 1416 ἐπανόρθωσιν
848 1343 1023 1416 ἔμιξε.
1079 1342 1305 1396 Δοκοῦσι
1361 1343 1406 1396 δ’
1460 1342 1747 1413 Αἰγύπτιοι
1800 1343 2006 1413 πρῶτοι

427 1436 564 1507 μησὶ
592 1438 902 1508 χρήσασθαι
933 1437 1053 1490 καθ’
1086 1436 1237 1506 ἥλιον
1266 1436 1750 1508 τριακονθημέροις
1776 1436 2003 1500 δώδεκα,

422 1530 519 1582 καὶ
548 1530 709 1581 πέντε
743 1531 955 1601 ἡμέρας
990 1531 1289 1600 ἐπαγαγεῖν
1318 1534 1438 1586 κατ’
1466 1532 1709 1584 ἐνιαυτὸν
1743 1530 2004 1582 ’ἑκαστονο

423 1621 485 1674 τό
515 1638 575 1673 τε
608 1622 892 1692 ἐπιτρέχον
928 1624 1112 1693 μόριον
1146 1624 1244 1694 τῆς
1287 1622 1499 1694 ἡμέρας
1538 1624 1617 1685 εἰς
1661 1621 2007 1692 ἐκπλήρωσιν

422 1710 517 1765 τοῦ
551 1711 670 1765 ὅλου
702 1712 948 1765 ἐνιαυτοῦ
991 1715 1054 1765 ἐκ
1088 1712 1351 1782 περιόδων
1396 1712 1653 1765 πλειόνων
1691 1710 1828 1764 ἐτῶν
1867 1712 2006 1764 ἀπο-

416 1803 697 1866 λαϐόντες,
731 1802 1017 1857 συνθέσθαι
1067 1803 1193 1874 μίαν
1230 1805 1462 1875 ἡμέραν.
1500 1803 1761 1875 ’Έλληνες
1788 1803 1844 1856 δὲ
1874 1802 2004 1874 παρ’

2110 605 2379 670 subsidia,
2423 619 2544 675 qua:
2584 621 2693 659 non
2738 605 2904 661 latius
2934 603 3153 676 quidem
3202 611 3486 674 paterent,
3539 604 3690 661 sulti-

2110 697 2310 750 cientia
2342 704 2523 751 tamen
2552 697 2843 753 restituere
2874 712 3091 753 menses
3119 698 3246 761 sibi,
3274 706 3329 753 et
3357 698 3548 754 iisdem
3574 700 3689 755 fere

2110 787 2311 843 ﬁnibus
2343 802 2440 842 eos
2472 802 2761 852 coercere;
2801 802 2975 857 eaque
3008 787 3396 858 inzequalitatis
3424 790 3645 845 curatio
3669 828 3685 855 ,

2108 887 2168 933 ut
2220 879 2523 949 majoribus
2579 881 2710 935 olim
2769 880 3026 935 remediis
3075 879 3389 951 indigeret,
3441 882 3687 938 futurum

2106 979 2246 1037 erat,
2280 973 2741 1042 quemadmodum
2772 972 2939 1028 refert
2970 972 3323 1029 Plutarchus.
3367 974 3553 1032 Caesar
3583 977 3687 1031 ita-

2106 1080 2235 1134 que,
2274 1066 2322 1119 is
2359 1066 2454 1134 qui
2504 1065 2716 1135 primus
2768 1065 3055 1135 imperium
3104 1066 3307 1122 invasit
3336 1075 3392 1123 et
3422 1068 3491 1124 ad
3524 1068 3687 1137 cujus

2108 1158 2273 1212 unius
2303 1156 2598 1211 arbitrium
2650 1172 2739 1212 res
2784 1154 3030 1211 Romana
3081 1157 3337 1213 devoluta
3369 1166 3486 1224 est,
3538 1176 3682 1231 qua-

2107 1249 2286 1304 stione
2336 1247 2441 1303 hac
2490 1247 2559 1304 de
2592 1264 2651 1303 re
2679 1248 2903 1319 eptimis
2935 1249 3340 1307 mathematicis
3368 1252 3684 1321 proposita,

2105 1356 2173 1395 ex
2229 1340 2524 1395 substratis
2571 1340 2686 1410 jam
2744 1341 2848 1395 viis
2910 1341 3371 1413 rationibusque,
3404 1346 3685 1414 propriam

2105 1432 2401 1501 quamdam
2454 1439 2509 1486 et
2541 1434 2885 1486 accuratiore
2934 1448 3067 1487 cura
3100 1435 3465 1504 excogitatam
3501 1451 3689 1491 emen-

2107 1523 2380 1579 dationem
2411 1522 2668 1577 confecit.
2700 1522 2870 1576 l‘rimi
2913 1535 3095 1578 autem
3110 1508 3387 1577 domnium
3439 1523 3685 1596 Egyptii

2107 1616 2177 1670 ad
2214 1616 2385 1670 solem
2417 1616 2706 1671 duodecim
2744 1616 3023 1672 mensibus
3079 1620 3165 1672 usi
3209 1617 3497 1679 videntur,
3531 1628 3585 1673 et
3616 1619 3684 1675 iis

2108 1710 2328 1780 quidem
2385 1702 2697 1767 tricenariis
2728 1752 2743 1778 ,
2807 1718 2861 1765 et
2917 1712 3160 1782 quinque
3211 1712 3329 1768 dies
3389 1714 3687 1782 quotannis

2111 1805 2379 1874 adjecisse
2418 1846 2433 1871 ,
2507 1804 2945 1875 particulamque
3010 1804 3118 1859 diei
3173 1814 3555 1861 excurrentem
3616 1806 3686 1861 ad

424 1894 649 1949 ἐκείνων
675 1894 808 1949 ἄλλα
849 1912 909 1948 τε
955 1870 1123 1948 πλείω
1160 1870 1566 1967 τῶν-ούρανίων
1609 1870 2001 1967 θεωρημάτων,

2109 1896 2544 1965 supplementum
2587 1896 2756 1951 totius
2782 1896 2932 1959 anni,
2960 1911 3027 1950 ex
3061 1894 3246 1950 multis
3278 1909 3550 1950 annorum
3579 1897 3688 1952 cir-

425 1988 518 2041 καὶ
548 1986 720 2040 ταῦτα
754 1987 1081 2059 παρέλαϐον,
1106 1987 1176 2041 τά
1212 1988 1311 2059 μὲν
1341 1988 1888 2060 μεθερμηνευθέντων
1922 1991 2002 2052 εἰς

424 2076 484 2130 τὸ
524 2078 831 2150 Ἑλληνικὸν
858 2079 966 2132 τῶν
1009 2080 1435 2151 ὑπομνημάτων,
1463 2081 1530 2134 τά
1568 2080 1625 2134 δὲ
1664 2080 1757 2133 καὶ
1789 2079 2004 2134 συνδια-

423 2169 713 2239 τρίψαντες
740 2173 852 2235 τοῖς
884 2173 1000 2224 ἐκεῖ
1042 2171 1269 2243 ἱερεῦσι,
1314 2174 1589 2243 περιττοῖς
1615 2168 1732 2225 οὖσι
1770 2171 1867 2243 τὴν
1893 2171 2002 2226 τῶν

423 2262 688 2332 οὐρανίων
727 2264 1055 2334 ἐπιστήμην.
1098 2264 1360 2317 Πλάτωνα
1396 2263 1526 2333 γοῦν
1561 2264 1692 2332 φα¹σί
1731 2281 1876 2328 τινες
1909 2266 2002 2318 καὶ

424 2351 671 2418 Εὔδοξον,
700 2353 1157 2425 ἀποδημήσαντας
1184 2356 1264 2417 είς
1285 2355 1581 2424 Αἴγυπτον,
1604 2355 1863 2426 ὁμιλῆσαι
1892 2359 2003 2419 τοῖς

426 2444 630 2517 ἱερεῦσι
658 2446 1013 2518 τρισκαίδεκα
1043 2445 1156 2517 ἔτη.
1200 2447 1514 2509 Μυστικοὺς
1561 2447 1671 2518 γὰρ
1710 2447 1869 2506 ὂντας
1911 2447 2003 2500 καὶ

424 2536 871 2609 δυσμεταδὸτους,
913 2537 1019 2590 ἔδει
1060 2537 1139 2608 τῷ
1180 2538 1355 2609 χρόνῳ
1393 2538 1490 2591 καὶ
1526 2542 1647 2603 ταῖς
1688 2537 2004 2609 θεραπείαις

424 2626 809 2698 ἐκλιπαρῆσαι,
837 2627 975 2681 ὥστε
1007 2628 1128 2682 τινὰ
1166 2628 1275 2683 τῶν
1303 2628 1673 2700 θεωρημάτων
1701 2630 2000 2699 ἱστορῆσαι.

427 2717 610 2771 Ταῦτα
642 2718 742 2789 μὲν
770 2718 913 2772 οὕτω
947 2719 1175 2790 διαιρεῖν
1218 2719 1347 2783 ἴσως
1375 2720 1436 2771 οὐ
1474 2722 1686 2791 χεῖρονο
1723 2719 1784 2772 τό
1823 2736 1880 2772 τε
1921 2719 2001 2771 διο

419 2808 771 2881 ηπορημένον
820 2809 1007 2879 φανεὶς
1030 2812 1059 2863 ὁ
1085 2810 1377 2881 ἐμϐόλιμος
1402 2809 1540 2865 λύει.
1576 2809 1685 2863 Καὶ
1726 2811 1781 2864 εῖ
1822 2828 1875 2863 τι
1915 2811 2003 2864 διά

429 2900 673 2965 πλείονος
706 2900 786 2954 ἔτι
814 2902 1006 2973 χρόνου
1036 2901 1418 2971 παραλλάττει,
1446 2901 1591 2964 εἰκὸς
1624 2901 1719 2955 καὶ
1751 2904 1875 2966 τοὺς
1902 2904 2005 2957 πά-

422 2991 517 3046 λαι
547 2992 883 3065 συνορῶντας
917 2993 1012 3046 καὶ
1042 2992 1199 3046 τοῦτο
1230 2992 1401 3065 δήπου
1441 2993 1889 3067 ἐπανορθοῦσθαι,
1916 2995 2005 3048 ὁτὲ

424 3084 531 3154 μὲν
576 3084 931 3156 μακρότερον,
980 3084 1067 3138 ὁτὲ
1112 3084 1170 3137 δὲ
1217 3084 1546 3157 βραχύτερον
1591 3086 1680 3139 τὸν
1712 3086 2004 3157 ἐμϐόλιμον

428 3175 800 3247 ποιουμένους.
834 3176 906 3228 Τὸ
934 3175 977 3228 δ’
1005 3175 1414 3247 ἀκριϐέστατον,
1441 3177 1535 3230 καὶ
1563 3176 1697 3248 μηδὲ
1721 3177 1850 3248 παρ’
1892 3177 2003 3231 ὁλί-
2031 3213 2075 3272 c

427 3281 524 3331 γον
553 3282 604 3317 τι
632 3264 988 3334 πλημμελεῖν,
1017 3265 1117 3317 οὐκ
1137 3264 1412 3335 ἐπιζητεῖν
1435 3265 1513 3318 δεῖ
1531 3282 1544 3295 ⁸
1577 3266 1738 3319 ὁπότε
1764 3268 1857 3320 καὶ
1884 3266 2001 3331 νῦν,

428 3355 665 3409 ἐπίδοσιν
695 3355 795 3425 τῆς
836 3355 1194 3428 ἀστρολογίας
1236 3355 1505 3427 τοσαύτην
1532 3354 1825 3428 λαϐούσης,
1857 3357 2006 3426 ὅμως

426 3448 459 3516 ἢ
492 3446 592 3515 τῆς
614 3448 882 3517 κινήσεως
909 3446 1193 3517 ἀνωμαλία
1220 3445 1499 3515 διαφεύγει
1523 3448 1614 3502 τὸν
1636 3448 1814 3517 λόγον,
1850 3465 2005 3519 περι-

426 3537 687 3609 γινομένη
716 3538 815 3607 τῆς
840 3536 948 3590 τῶν
978 3536 1376 3607 μαθηματικῶν
1397 3538 1711 3609 ἐμπειρίας.
1741 3538 1851 3602 Τάς
1882 3539 2009 3610 μέν·

425 3644 508 3680 τοι
544 3627 651 3680 τῶν
684 3628 868 3699 μηνῶν
900 3628 1181 3699 περιόδους
1220 3630 1501 3700 ὁμολογεῖν
1545 3632 1666 3693 ταῖς
1706 3629 1877 3701 ὥραις
1920 3629 2008 3682 ἀεὶ

425 3721 573 3773 ποιεῖ
613 3720 642 3772 ὁ
691 3718 985 3789 ἐμϐόλιμος
1033 3718 1113 3789 τῷ
1157 3721 1325 3792 τρίτῳ
1380 3720 1465 3774 ἀεὶ
1516 3720 1854 3791 ἐπαγόμενος
1898 3720 2007 3775 τῶν

427 3809 586 3862 ἐτῶν.
619 3809 692 3861 Τὸ
718 3809 775 3861 δὲ
812 3809 943 3879 πρὶν
974 3809 1292 3881 ὲμϐολάσαι,
1331 3813 1424 3864 καὶ
1460 3812 1585 3881 περὶ
1626 3812 1687 3864 τὸ
1709 3811 2008 3882 ἐμϐολάζον

428 3902 561 3955 αὐτὸ
604 3900 722 3965 ἔτος
753 3902 1044 3975 ύπενεχθέν
1082 3921 1141 3957 τε
1188 3905 1281 3957 κα)⁵
1321 3904 1625 3969 ἐπαλλάξαν
1657 3905 1766 3958 τῶν
1799 3906 2005 3977 μηνῶν,

423 3993 510 4045 ῑτι
546 3993 713 4046 δεῖται
762 3993 942 4062 λόγου,
983 3995 1100 4058 πῶς
1152 3996 1219 4049 ἂν
1266 3997 1701 4067 ἑρμηνευόμενον
1752 3999 2007 4069 τυγχάνοι

426 4083 522 4136 τοῦ
564 4082 767 4136 ίκανοῦ.
799 4084 968 4154 Δῆλον
997 4085 1125 4156 γὰρ,
1153 4086 1234 4139 ὃτι
1266 4086 1327 4139 τὸ
1351 4086 1648 4157 ἐμϐολάζον
1680 4087 1850 4157 συχνὰ
1876 4089 2007 4160 παρ’

424 4175 526 4230 ἕνα
562 4192 665 4229 που
713 4174 823 4240 ἔξει
866 4177 993 4240 τοὺς
1035 4177 1209 4247 μῆνας
1252 4177 1609 4249 άνομολὸγους
1655 4180 1774 4242 ταῖς
1814 4177 2004 4251 ὥραις.

428 4267 520 4320 Διὸ
563 4266 658 4321 καὶ
706 4265 1071 4339 Θεόφραστος,
1107 4287 1125 4319 ι
1165 4269 1362 4340 ’Έαρος
1407 4269 1568 4333 εὐθὺς
1596 4270 1883 4341 ἱσταμένου
1911 4269 2008 4322 τοῦ

423 4356 830 4429 Θαργηλιῶνος,
863 4377 882 4409 ›
917 4359 1099 4428 φησιν,
1126 4359 1202 4422 ὡς
1229 4359 1321 4412 τοῦ
1352 4360 1727 4430 Μουνυχιῶνος
1771 4376 2013 4430 χειμερι-

430 4450 522 4503 νοῦ
571 4450 636 4521 δὴ
668 4449 959 4521 γενομένου
981 4466 994 4479 ·
1039 4449 1134 4504 τοῦ
1159 4451 1204 4503 δ’
1233 4450 1530 4522 ἐμϐολίμου
1573 4449 1785 4524 θερινοῦ
1817 4468 2009 4523 τροπι-

2107 1987 2347 2042 cuitibus
2376 1995 2717 2052 acervatam,
2762 1987 2818 2040 in
2864 2002 3033 2041 unum
3073 1987 3215 2042 diem
3250 1988 3519 2059 integrum
3548 2005 3684 2045 con-

2102 2080 2321 2149 jecisse.
2354 2080 2527 2135 Graeci
2560 2095 2688 2136 vero
2724 2080 2792 2135 ab
2843 2080 2971 2145 illis,
3004 2095 3129 2133 cum
3164 2081 3269 2135 alia
3299 2084 3567 2151 permulta
3598 2098 3686 2137 re-

2106 2186 2229 2226 rum
2260 2172 2597 2237 caelestium;
2637 2180 2750 2225 tum
2801 2171 2914 2225 haec
2960 2174 3231 2241 prazcipue
3278 2180 3469 2227 mutuo
3523 2189 3684 2229 acce-

2107 2270 2340 2331 perunt;
2374 2262 2569 2331 partim
2603 2262 2872 2316 traductis
2904 2263 2958 2315 in
2991 2263 3232 2332 linguam
3258 2262 3506 2318 Graecam
3530 2280 3682 2318 com-

2105 2352 2423 2416 mentariis;
2454 2353 2653 2422 partim
2678 2368 2803 2406 cum
2826 2367 3015 2407 eorum
3047 2353 3429 2410 sacerdotibus
3453 2355 3683 2421 versati,

2106 2443 2320 2514 egregie
2345 2443 2665 2513 divinarum
2700 2445 3118 2515 ctelestiumque
3146 2446 3499 2502 scientiarum
3529 2449 3678 2517 peri-

2107 2540 2201 2594 tis.
2232 2537 2436 2593 Ferunt
2469 2540 2653 2609 itaque
2681 2540 2988 2603 Platonem,
3039 2549 3093 2592 et
3128 2536 3414 2593 Eudbxum
3457 2555 3687 2611 peregre

2108 2633 2163 2687 in
2198 2631 2491 2703 ngyptum
2526 2632 2832 2702 profectos,
2867 2631 3026 2686 annis
3059 2630 3319 2687 tredecim
3350 2634 3490 2703 apud
3512 2631 3684 2705 Egy-

2106 2723 2250 2791 ptios
2304 2722 2619 2776 sacerdotes
2663 2721 2975 2788 mansisse;
3009 2728 3161 2775 tanta
3198 2718 3342 2777 enim
3383 2731 3685 2778 consuetu-

2107 2813 2254 2880 dine,
2278 2820 2499 2884 tamque
2528 2813 2742 2869 diutino
2773 2813 3041 2883 obsequio
3072 2821 3230 2868 erant
3282 2813 3545 2869 exorandi
3570 2853 3585 2879 ,
3629 2822 3685 2869 et

2106 2906 2263 2975 quasi
2291 2905 2674 2969 eblandiendi,
2724 2913 2783 2960 ut
2829 2905 2924 2974 qui
2958 2920 3140 2959 rerum
3172 2919 3501 2959 arcanarum
3532 2914 3685 2959 tena-

2107 3014 2220 3063 ces,
2251 2999 2510 3068 avarique
2543 2997 2863 3067 elargitores
2900 3003 3083 3051 essent
3111 2996 3526 3067 disciplinarum
3557 3012 3686 3052 sua-

2107 3105 2263 3157 rum;
2329 3104 2439 3160 quo
2495 3089 2702 3161 aliquid
2778 3089 3084 3144 caelestium
3159 3089 3682 3160 eontemplationum

2108 3180 2469 3255 impertirent.
2501 3177 2629 3233 Haec
2661 3192 2791 3233 vero
2822 3177 2896 3231 ita
2939 3176 3298 3247 distinguere,
3349 3184 3408 3229 ut
3441 3176 3641 3245 opinor
3664 3214 3681 3239 ,

2108 3286 2217 3325 non
2250 3270 2607 3341 improbabile
2638 3276 2721 3324 est
2749 3286 2762 3322 :
2797 3276 2911 3322 tum
2963 3267 3109 3337 quod
3156 3267 3299 3321 inest
3330 3267 3515 3332 dubii,
3563 3282 3685 3339 qua:

2107 3370 2298 3432 postea
2331 3359 2558 3414 emersit
2583 3356 2925 3413 intercalatio
2957 3355 3141 3410 solvit.
3194 3356 3374 3426 Atque
3419 3355 3585 3411 etiam
3634 3356 3683 3412 si

2106 3449 2238 3521 quid
2272 3450 2516 3520 longiore
2546 3448 2806 3516 temporis
2852 3445 3138 3500 intervallo
3166 3445 3344 3499 adhuc
3389 3445 3681 3507 evariaret,

2108 3543 2368 3597 credibile
2394 3548 2479 3597 est
2525 3541 2610 3594 vel
2654 3540 2908 3607 antiquos
2941 3539 3091 3608 ipsos
3145 3537 3577 3609 perspicientes,
3629 3537 3686 3591 id

2108 3647 2327 3704 quoque
2355 3628 2759 3703 quodammodo
2785 3630 3130 3696 correxisse;
3171 3628 3335 3682 modo
3362 3629 3683 3698 longiorem,

2108 3722 2273 3777 modo
2311 3721 2614 3776 breviorem
2653 3720 3119 3774 intercalationem
3175 3718 3461 3774 facientes.
3496 3718 3687 3791 Neque

2107 3828 2239 3868 vero
2263 3822 2516 3868 exactam
2549 3813 2605 3865 in
2638 3812 2724 3866 his
2757 3810 3119 3880 diligentiam,
3150 3821 3204 3865 et
3237 3810 3306 3864 al)
3332 3811 3480 3865 omni
3503 3825 3690 3866 errore

2108 3903 2194 3958 vel
2228 3904 2505 3958 levissimo
2539 3910 2709 3956 tutam
2739 3902 2955 3971 exigere
2984 3909 3219 3970 oportet,
3248 3901 3687 3972 quandoquidem

2108 3996 2213 4050 hoc
2240 4011 2454 4066 quoque
2481 3995 2681 4049 saeculo
2707 4034 2722 4059 ,
2776 4010 2886 4064 quo
2936 3993 3231 4063 astrologia
3258 4000 3470 4047 tantum
3504 3994 3705 4050 iners-i

2111 4083 2279 4136 menti
2351 4082 2788 4153 prmstantiaeqne
2847 4082 3043 4151 adepta
3093 4089 3212 4148 est,
3265 4091 3443 4137 tamen
3504 4090 3690 4139 mortus

2110 4175 2445 4245 disparilitas
2468 4175 2980 4229 mathematicorum
3004 4174 3245 4229 rationes
3275 4175 3412 4247 fugit
3440 4194 3453 4231 :
3486 4178 3689 4247 quippe

2111 4283 2232 4338 qua:
2258 4272 2509 4337 superior
2541 4270 2613 4322 sit
2645 4283 2833 4322 eorum
2867 4269 3082 4337 peritia.
3146 4268 3253 4324 Sed
3303 4276 3485 4323 tamen
3535 4287 3691 4327 men-

2112 4361 2253 4416 sium
2280 4376 2500 4423 cursus,
2529 4367 2586 4414 ut
2608 4376 2732 4414 cum
2761 4361 2890 4415 anni
2938 4362 3276 4433 temporibus
3311 4378 3527 4433 semper
3554 4379 3691 4419 con-

2113 4460 2330 4522 gruant,
2370 4451 2502 4505 facit
2548 4459 2673 4521 post
2707 4453 2924 4506 tertium
2958 4467 3229 4522 quemque
3280 4467 3483 4507 annum
3512 4455 3690 4510 intro-

429 4541 549 4607 κοῦ,
580 4542 613 4612 ἢ
639 4543 730 4595 καὶ
772 4542 1197 4613 περιστήσαντος
1241 4542 1339 4614 τὴν
1377 4543 1585 4615 τροπὴν
1614 4545 1695 4607 εἰς
1726 4542 2008 4612 ίστάμενὸν

2114 4542 2277 4597 ducta
2318 4543 2677 4597 interealatio.
2721 4541 2993 4597 Creterum
3028 4542 3283 4598 confusio
3316 4544 3430 4609 illa,
3461 4552 3516 4600 et
3540 4561 3691 4601 men-

430 4652 536 4687 που
574 4634 667 4687 τὸν
701 4633 1149 4704 Ἑκατομϐαιῶνα
1168 4651 1183 4665 ·
1215 4634 1373 4687 τοῦτο
1399 4635 1498 4706 μὲν
1542 4631 1635 4690 οὖν
1664 4635 1739 4708 μὴ
1772 4635 2007 4706 συμϐαί-

430 4743 542 4778 νειν
566 4725 663 4796 οὐχ
692 4719 803 4778 οἷόν
830 4725 888 4778 τέ
921 4727 1054 4779 ἐστι.
1098 4725 1197 4779 Διὰ
1225 4727 1335 4797 γάρ
1365 4726 1523 4780 τοῦτο
1545 4728 1639 4780 καὶ
1664 4729 1693 4781 ὁ
1716 4727 2010 4798 ἐμϐόλιμος

430 4818 714 4887 ἐπάγεται,
762 4816 1093 4889 ἀναπληρῶν
1130 4818 1192 4871 τὸ
1235 4818 1431 4883 ἐνδεὲς,
1479 4820 1573 4872 καὶ
1625 4821 1704 4884 είς
1740 4821 2008 4889 Ἑκατομ-

430 4907 638 4961 ϐαιῶνα
676 4906 776 4971 τὰς
821 4907 1029 4979 τροπάς
1058 4907 1447 4971 άποκαθιστάς.
1498 4910 1608 4978 Τὴν
1639 4910 1685 4963 δ’
1715 4910 2010 4981 ἑρμηνείαν

431 4998 684 5067 ποιητέον
744 4997 835 5050 ἐπὶ
882 4995 989 5050 τῶν
1039 4996 1183 5051 οὕτω
1234 4998 1713 5069 χρονολογούντων,
1766 4999 2011 5070 στοιχείῳ

431 5089 746 5161 χρωμένους
770 5089 849 5160 τῷ
878 5091 1104 5160 παρόντι
1127 5090 1214 5143 ἀεὶ
1236 5089 1483 5161 τροπικῷ
1511 5091 1641 5162 μηνὶ
1665 5091 1758 5144 καὶ
1778 5091 1855 5160 τῷ
1884 5089 2011 5161 ἐξῆς

429 5182 541 5234 τῶν
586 5184 771 5254 μηνῶν
804 5183 947 5236 κατὰ
984 5182 1053 5235 τὰ
1101 5182 1447 5237 ὑποτεθέντα.
1483 5177 1608 5236 Οἷον
1651 5183 1839 5255 ἐπειδὴ
1882 5183 2011 5237 Θεό-

432 5291 693 5345 φραστος,
717 5294 736 5326 ι
762 5276 962 5347 Ἀκρου
997 5275 1177 5345 ἔαρος,
1217 5274 1379 5339 εὐθὺς
1421 5276 1710 5346 ἱσταμένου
1737 5275 1832 5329 τοῦ
1864 5276 2008 5346 Θαρ-

430 5366 717 5437 γηλιῶνος,
757 5383 775 5416 ι
823 5369 975 5437 φησὶ,
1005 5366 1471 5437 μεθερμηνευτέον
1500 5366 1768 5439 Μαρτίου.
1805 5368 1899 5420 καὶ
1937 5368 2010 5439 μὴ

442 5456 739 5527 Ἀπρίλιος.
777 5457 946 5510 Πάλιν
976 5456 1527 5528 ἐτεειδὴςθουκυδίδης
1573 5457 2013 5529 Ἐλαφηϐολιῶνα

431 5550 738 5604 τελευταῖον
787 5552 929 5621 μῆνα
955 5552 1063 5604 τῶν
1094 5550 1421 5622 χειμερινῶν
1461 5546 1600 5604 εἶναί
1633 5568 1787 5623 φησι,
1824 5552 2011 5606 τοῦτον

434 5643 535 5712 μὲν
565 5643 928 5715 Φεϐρουάριον
969 5643 1363 5716 ἐρμηνευτέον·
1395 5643 1486 5697 τὸν
1516 5644 1561 5696 δ’
1594 5645 1817 5699 ἐπιόντα
1865 5647 2013 5699 Μου-

433 5734 668 5804 νυχιῶνα
691 5735 874 5789 θετέον
899 5736 1058 5809 ἔαρος
1084 5732 1223 5789 εἶναι
1246 5735 1437 5808 ἀρχὴν,
1462 5737 1556 5789 καὶ
1576 5735 1819 5805 Μάρτιον
1847 5754 2011 5808 μετα-

434 5822 704 5876 ωοαστέον
751 5824 1019 5888 Λατίνοις.
1091 5825 1253 5877 Ὥστε
1300 5825 1364 5891 δὴ
1420 5828 1515 5878 καὶ
1568 5825 1851 5894 συμϐαίνει
1919 5827 2011 5881 δύο

2116 4636 2257 4690 sium
2295 4635 2665 4690 inconstantia
2696 4650 2831 4705 vaga
2870 4635 3013 4706 (qua:
3048 4634 3150 4689 fuit
3179 4636 3333 4705 prius
3364 4637 3581 4692 inventa
3606 4637 3694 4693 in-

2115 4725 2487 4791 tercalatione,
2520 4732 2684 4795 atque
2711 4727 2876 4781 etiam
2909 4735 3032 4797 post
3055 4728 3354 4799 inventam)
3386 4729 3567 4785 adhuc
3596 4746 3694 4786 ex-

2116 4817 2409 4888 plicatione
2441 4816 2683 4886 indiget,
2726 4832 2965 4887 quonam
3007 4827 3171 4889 pacto
3219 4820 3510 4877 transferri
3539 4836 3693 4877 com-

2114 4910 2278 4965 mode
2322 4910 2517 4980 possit.
2564 4909 2793 4965 Constat
2826 4926 2973 4966 emm
3009 4912 3183 4981 ipsam
3218 4913 3692 4970 intercalationem

2116 5003 2358 5058 alternos
2395 5002 2507 5058 fere
2561 5017 2780 5058 menses
2832 5018 2958 5057 cum
3012 5005 3350 5073 temporibus
3403 5008 3531 5061 anni
3581 5022 3723 5064 non.

2117 5100 2488 5164 competentes
2519 5108 2661 5163 saepe
2691 5093 3020 5148 habituram.
3057 5094 3134 5148 Ex
3180 5110 3290 5166 quo
3321 5096 3483 5151 etiam
3513 5097 3694 5152 Tlieo-
3724 5150 3729 5161 ,

2117 5187 2374 5257 phrastus
2398 5187 2595 5256 inquit,
2626 5204 2644 5236 ι
2673 5201 2801 5240 vere
2823 5186 3006 5241 statim
3036 5185 3415 5257 Thargelionis
3438 5188 3632 5244 initio:
3667 5208 3686 5240 ι

2116 5282 2273 5348 quasi
2306 5276 2652 5349 Munycliioni
2672 5277 2933 5333 hibernus
2965 5277 3132 5333 fuerit
3159 5298 3172 5334 :
3195 5280 3537 5336 intercalaris
3566 5296 3698 5336 vero

2116 5368 2341 5422 aestivus
2374 5368 2639 5438 trepicus,
2668 5368 2751 5422 vel
2783 5374 2931 5422 certe
2956 5368 3013 5423 in
3064 5369 3358 5424 instantem
3405 5371 3557 5440 161
3593 5368 3697 5426 lle-

2117 5461 2541 5514 catombreonem
2573 5460 2865 5515 solstitium
2893 5461 3274 5531 circumagens
3306 5481 3318 5517 :
3352 5464 3496 5532 quod
3529 5463 3699 5518 inter-

2118 5550 2247 5604 dum
2276 5567 2386 5606 non
2416 5552 2733 5623 contingere
2765 5568 2873 5606 non
2904 5560 3103 5623 potest.
3143 5552 3279 5608 Nam
3303 5563 3589 5624 propterea
3613 5555 3699 5610 in-

2106 5641 2403 5715 ltercalatio
2443 5641 2662 5697 inducta
2718 5651 2844 5709 est,
2898 5654 2957 5697 ιιι
2993 5645 3263 5700 defectum
3316 5646 3525 5701 dierum
3575 5661 3701 5714 sup-

2120 5735 2300 5803 pleat,
2356 5744 2409 5788 et
2456 5734 2513 5787 in
2580 5733 3083 5793 llecatombaeonem
3138 5738 3371 5794 solstitia
3422 5738 3741 5794 restituat..

2117 5823 2291 5882 Porro
2319 5824 2374 5881 in
2403 5825 2489 5883 his
2511 5827 2618 5901 qui
2649 5826 2729 5893 sic
2755 5826 2987 5885 indicem
3016 5835 3322 5899 temporum
3362 5830 3697 5888 notationem
