4132 6410
458 376 592 433 Hm

1446 369 1534 425 AD
1572 368 1842 427 ausam:
1879 369 2273 428 cnnomcox
2318 349 2685 425 APPENDIX.

3589 338 3765 422 nos:

458 488 729 549 scribunt.
758 485 1141 557 interpretatio
1185 485 1288 539 hoc
1322 493 1485 556 pacto
1520 483 1773 539 facienda
1814 490 1937 550 est,
1992 487 2044 536 ut

2157 481 2511 552 ἰσημερινοὺς
2583 473 2724 535 εἶναι
2777 480 3061 551 ὲαρινοὺς,
3112 477 3475 551 Μουνυχιῶνα
3531 495 3592 533 τε
3647 481 3743 535 καὶ

457 577 715 650 prasenti
756 591 973 646 semper
1003 575 1218 644 tropico
1253 589 1356 645 pro
1387 572 1748 629 fundamento
1781 581 2003 626 utamur
2023 612 2040 639 ,

457 680 511 729 et
546 672 815 727 mensium
848 669 990 724 serie
1021 670 1113 723 illa
1136 682 1300 739 quam
1348 681 1513 738 supra
1543 666 1846 736 posuimus.
1883 664 2043 721 Verbi

456 762 670 834 gratia:
703 759 924 830 quando
964 758 1378 829 Theophrastus
1411 776 1433 811 ι
1475 771 1692 814 summo
1718 771 1882 822 vere,
1934 763 2040 812 sta-

459 856 556 910 tim
583 856 822 910 instante
849 851 1216 924 Thargelione
1246 871 1266 905 ι
1295 871 1310 907 :
1344 851 1502 913 dicit.
1536 865 1728 905 mense
1749 848 1967 911 Martio,
1986 854 2043 904 et

456 962 567 1001 non
615 945 809 1016 Aprili,
850 942 1324 1014 interpretandum
1376 950 1479 997 est.
1537 939 1779 995 Rursum
1820 936 2043 1009 quando

458 1035 809 1110 Thucydides
834 1035 1314 1108 Elaphebolionem
1351 1050 1473 1099 esse
1496 1034 1630 1089 dicit
1654 1033 1905 1087 ultimum
1929 1031 2045 1087 hie-

456 1133 682 1188 malium
713 1130 1006 1195 mensium,
1040 1128 1187 1184 hunc
1223 1127 1447 1199 quidem
1482 1126 1844 1183 Februarium
1872 1140 2041 1196 Opor-

456 1235 532 1281 tet
592 1223 972 1294 interpretari;
1036 1220 1340 1277 secundum
1398 1235 1560 1291 quem
1621 1219 1767 1275 veris
1824 1218 2040 1274 initium

456 1316 789 1390 Munychion
844 1313 1302 1375 constituendus,
1360 1323 1414 1368 et
1454 1311 1665 1368 Latinis
1695 1312 1926 1368 Martius
1953 1318 2041 1368 est

456 1410 889 1480 transferendus.
925 1407 1001 1463 Ex
1033 1420 1142 1478 quo
1164 1420 1297 1489 sane
1327 1407 1595 1477 contingit
1615 1404 1754 1460 duos
1782 1420 1907 1461 esse
1927 1420 2045 1460 ver-

455 1521 558 1561 nos
581 1502 1013 1574 aequinoctiales,
1047 1500 1468 1573 Munychionem
1497 1507 1551 1554 et
1579 1496 2037 1569 Thargelionem;

455 1598 670 1656 etduos
691 1596 1062 1660 autumnales,
1109 1593 1562 1650 Boedromionem
1619 1598 1675 1646 ct
1734 1591 2042 1646 Maemacte-

455 1693 667 1747 rionem
695 1707 709 1744 :
748 1688 1112 1757 similiterque
1133 1685 1449 1741 solstitiales
1470 1683 1609 1738 duos
1637 1683 1857 1738 aestivos
1876 1722 1893 1746 ,
1932 1681 2042 1737 He-

455 1782 882 1839 catombmonem
906 1786 961 1834 et
990 1778 1404 1841 intercalarem;
1436 1776 1847 1845 brumalesque,
1880 1774 2041 1829 Posi-

2141 569 2505 642 Θαργηλιῶνα
2523 587 2537 601 ·
2568 571 2662 625 καὶ
2688 572 3117 643 φθινοπωρινοὺς
3143 571 3236 625 δύο
3263 570 3739 644 Μαιμακτηριῶνα

2144 665 2237 718 καὶ
2284 664 2674 738 Βοηδρομιῶνα
2699 682 2712 696 ⁸
2762 665 2840 729 ῶς
2889 665 2933 718 δ’
2982 665 3163 730 αὕτως
3192 666 3288 720 καὶ
3324 666 3618 737 τροπιιιοὺς
3644 664 3736 719 δύο

2143 756 2425 829 θερινοὺς,
2464 757 2928 829 Ἑκατομϐαιῶνα
2977 760 3070 813 καὶ
3117 760 3210 814 τὸν
3259 759 3555 830 ἐμϐόλιμον
3576 774 3589 788 ·
3643 758 3731 811 καὶ

2140 851 2524 922 χειμερινοὺς,
2587 851 2930 907 Ποσειδεῶνα
2990 853 3087 906 καὶ
3147 851 3493 923 Γαμηλιῶνα.
3538 850 3737 923 Διόπερ

2154 942 2552 1014 Ἀριστοτέλης,
2589 961 2609 995 ι
2654 944 2719 995 Ἦ
2753 943 3060 1015 ἀλεκτορὶς,
3103 962 3123 995 ι
3164 944 3316 1014 φησι,
3356 962 3376 994 ι
3404 943 3583 996 τίκτει
3616 941 3735 996 ὅλον

2141 1034 2234 1088 τὸν
2289 1034 2558 1098 ἐνιαυτὸν,
2612 1033 2718 1100 ἔξω
2761 1034 2856 1088 δύο
2907 1034 3093 1107 μηνῶν
3133 1035 3244 1089 τῶν
3284 1037 3343 1089 ὲν
3385 1034 3465 1105 τῷ
3505 1032 3733 1105 χειμῶνι

2141 1127 2418 1201 τροπικῶν
2437 1144 2453 1160 ο
2495 1146 2515 1179 ι
2560 1127 2656 1182 καὶ
2680 1127 2743 1180 τὸ
2784 1128 2843 1180 ἐν
2899 1129 3014 1191 τοῖς
3058 1125 3594 1195 Μετεωρολογικοῖς
3641 1126 3732 1179 ὅτε

2141 1220 2361 1290 ἐγένετο
2400 1220 2651 1292 κομήτης
2678 1218 2856 1290 ἀστὴρ
2885 1217 3022 1290 πρὸς
3042 1218 3300 1290 Ἄρκτον,
3336 1216 3504 1291 μηνὸς
3544 1217 3734 1289 Γαμη-

2141 1312 2354 1379 λιῶνος,
2388 1314 2515 1384 περὶ
2538 1312 2745 1384 τροπὰς
2775 1311 2930 1376 ϐντος
2952 1310 3049 1365 τοῦ
3072 1311 3225 1384 ἡλίου
3252 1310 3590 1383 χειμερινάς.
3620 1309 3733 1365 Καὶ

2154 1404 2610 1478 Ἀνθεστηριῶνος
2638 1404 2696 1458 δὲ
2733 1402 2917 1473 ἅψαιτ’
2957 1404 3025 1459 ἄν
3079 1420 3211 1458 ποτε
3243 1406 3276 1475 ἡ
3314 1405 3490 1478 τροπὴ
3539 1404 3733 1476 λήγον-

2140 1517 2253 1564 τος.
2302 1498 2442 1552 Ἀλλ’
2481 1499 2538 1552 οἵ
2579 1514 2644 1567 γε
2687 1497 3078 1569 ὀνομαζόμενοι
3129 1497 3383 1569 τροπικοὶ
3431 1495 3732 1570 χειμερινοὶ

2140 1595 2234 1650 δύο
2263 1595 2314 1649 οἱ
2347 1593 2628 1667 εἰρημένοι
2665 1591 2822 1646 εἰσίν.
2866 1590 3078 1655 Ἀπλῶς
3111 1590 3294 1663 μέντοι
3326 1590 3519 1662 θέρους
3557 1589 3730 1662 ἀρχὴν

2142 1687 2483 1759 ὑποληπτέον
2516 1681 2655 1739 εἶναι
2690 1686 2781 1740 τὸν
2820 1683 3289 1754 Ἑκατομϐαιῶνα,
3332 1681 3426 1736 καὶ
3470 1681 3732 1751 τροπικὸν

2141 1777 2350 1849 θερινόν
2371 1794 2387 1810 ·
2424 1776 2688 1847 ἀνάλογον
2720 1776 2777 1830 δὲ
2822 1775 2915 1829 καὶ
2965 1775 3093 1838 τοὺς
3141 1774 3353 1838 ἄλλους.
3388 1775 3478 1826 Δεῖ
3509 1773 3616 1846 γὰρ
3653 1776 3729 1846 μὴ

455 1875 685 1931 deonem
713 1882 767 1928 et
797 1869 1188 1926 Gamelionem.
1247 1867 1421 1934 Quam
1456 1867 1528 1922 ob
1557 1882 1673 1922 rem
1712 1866 2039 1922 Aristoteles

2147 1870 2202 1925 τὸ
2241 1869 2560 1941 συμϐαῖνον,
2615 1868 2751 1922 ἀλλὰ
2785 1868 2847 1922 τὸ
2893 1866 3265 1938 σκοπούμενον
3306 1866 3606 1938 λαμϐάνειν
3650 1865 3730 1937 τῷ

456 1968 633 2039 inquit
664 1985 679 2022 :
722 1985 742 2018 ι
782 1963 994 2020 Gallina
1016 1963 1235 2033 quidem
1266 1961 1408 2030 parit
1439 1960 1698 2015 omnibus
1727 1960 1856 2013 anni
1898 1954 2037 2014 tem-

454 2059 703 2131 poribus.
734 2055 979 2124 exceptis
1005 2053 1221 2107 duohus
1252 2052 1535 2106 mensibus
1567 2051 1622 2104 in
1652 2050 1832 2105 hieme
1863 2048 2040 2120 tropi-

455 2149 558 2204 cis.
604 2167 623 2200 ι
653 2145 720 2200 Ει
746 2147 801 2200 in
849 2142 1267 2212 Meleorologicis
1307 2141 1501 2195 scribit
1531 2140 1785 2194 crinitam
1822 2142 2036 2196 stellam

455 2241 524 2294 ad
556 2237 755 2295 Ursam
782 2235 1104 2307 apparuisse
1128 2249 1315 2289 mense
1345 2232 1684 2300 Gamelione,
1736 2224 1851 2289 sole
1892 2236 2039 2291 circa

2140 1963 2304 2034 λόγῳ.
2339 1962 2569 2033 Εἴρηται
2614 1960 2746 2031 γοῦν
2787 1962 2884 2014 καὶ
2915 1963 2974 2015 ὲν
3018 1964 3129 2025 τοῖς
3164 1960 3456 2028 Φυσικοῖς
3480 1961 3589 2014 τῶν
3642 1959 3730 2013 λό⁸

2140 2073 2274 2125 γιον,
2308 2056 2384 2119 ὡς
2403 2055 2484 2108 δεῖ
2510 2054 2741 2108 ἕκαστον
2770 2054 2948 2123 λέγειν
2985 2054 3141 2108 τοῦτο
3174 2049 3336 2117 εἶναι,
3361 2052 3391 2107 δ
3417 2053 3577 2123 φύσει
3604 2052 3728 2124 βούσ-

2140 2148 2291 2201 λεται
2321 2141 2480 2212 εἶναι,
2513 2146 2606 2199 xui.
2627 2145 2657 2198 ὃ
2687 2144 2921 2217 ὑπάρχει
2943 2160 2958 2176 ο
2988 2145 3123 2199 ἀλλὰ
3151 2146 3224 2217 μὴ
3258 2144 3287 2199 ό
3322 2144 3414 2218 βίᾳ
3457 2145 3551 2199 καὶ⁹
3576 2144 3728 2216 παρὰ

2142 2239 2213 2310 φύ
2224 2255 2328 2295 σιν.

454 2335 706 2389 brumam
768 2324 1085 2386 exsistente.
1148 2329 1325 2398 Atque
1385 2329 1550 2383 etiam
1600 2328 2043 2389 Anthesterionis
2091 2342 2427 2405 postremam
2489 2341 2701 2404 partem
2751 2331 3048 2403 aliquando
3091 2331 3390 2389 solstitium
3438 2331 3724 2387 hibernum

453 2434 636 2497 potest
665 2425 945 2495 attingere.
979 2422 1082 2480 Sed
1113 2439 1253 2495 quos
1286 2424 1523 2493 tropicos
1554 2423 1815 2481 hiemales
1847 2429 2157 2495 nominant,
2188 2436 2317 2485 sunt
2369 2429 2422 2483 hi
2462 2429 2681 2500 quidem
2727 2427 2837 2482 duo
2877 2436 3004 2483 ante
3052 2428 3328 2499 explicati.
3390 2427 3725 2482 Snmendum

453 2529 539 2575 est
566 2527 745 2574 tamen
773 2521 1116 2591 simpliciter,
1142 2519 1644 2574 lleeatombaaonem
1674 2536 1799 2577 esse
1824 2526 2034 2581 aestatis
2059 2527 2410 2596 principium,
2438 2534 2492 2580 et
2518 2524 2863 2580 solstitialem
2914 2526 3167 2579 aestivum
3190 2566 3204 2589 ,
3251 2533 3304 2579 et
3360 2526 3603 2595 reliquos
3649 2523 3727 2578 si-

454 2614 569 2667 mili
605 2614 863 2683 deinceps
897 2614 1128 2668 ratione.
1187 2611 1262 2667 De
1307 2612 1473 2673 rebus
1530 2613 1677 2668 enim
1731 2617 2370 2689 contingentibusnulla
2420 2618 2562 2673 ratio
2612 2617 2850 2672 ineunda
2899 2624 3024 2680 est,
3087 2616 3183 2672 sed
3236 2617 3305 2672 de
3364 2616 3623 2688 spectatis
3672 2622 3728 2669 et

455 2710 652 2766 solitis.
701 2710 835 2763 Nam
896 2710 949 2764 in
983 2708 1224 2779 PLysicis
1255 2709 1460 2762 dictum
1504 2716 1607 2773 est,
1653 2726 1924 2783 quemque
1953 2725 2205 2784 oportere
2244 2713 2427 2769 dicere
2448 2714 2502 2767 id
2529 2728 2675 2780 esse,
2711 2711 2858 2782 quod
2888 2722 3083 2766 natura
3120 2728 3243 2769 esse
3262 2713 3468 2784 expetit
3511 2719 3567 2767 et
3606 2718 3725 2776 est;

456 2817 565 2856 non
601 2800 744 2871 quod
778 2800 828 2854 vi
855 2807 908 2855 et
953 2811 1149 2871 praeter
1177 2808 1451 2854 naturam.

527 2897 824 2970 Dionysius
842 2913 970 2952 vero
993 2898 1060 2949 ab
1080 2895 1296 2967 Ephoro
1325 2904 1627 2965 mutuatus,
1646 2898 1779 2954 dicit
1803 2899 2039 2972 Tharge-

2217 2896 2491 2960 Διονύσιος
2518 2895 2575 2948 δὲ
2603 2896 2733 2967 παρ’
2767 2895 2992 2967 Ἐφόρου
3039 2893 3277 2966 εἰληφὼς
3309 2894 3479 2965 λέγει,
3511 2897 3732 2972 Θαργη-

455 2991 604 3046 liene
624 2999 990 3061 expugnatura
1011 2989 1187 3044 Ilium.
1208 2989 1349 3055 Quin
1378 3000 1432 3044 et
1454 2988 1778 3046 Plutarchus
1805 2993 1856 3046 in
1888 2991 2038 3047 Furii

2147 2989 2339 3053 λιῶνος
2390 2987 2595 3041 ἁλῶναι
2649 2987 2707 3040 τὸ
2736 2986 2919 3043 Ἴλιον.
2971 2987 3312 3058 Πλούταρχος
3363 2989 3493 3057 γοῦν
3544 2993 3601 3046 ἐν
3652 2991 3732 3063 τῷ

456 3081 674 3137 Camilli
727 3084 858 3146 vita,
892 3080 1168 3149 Ephorum
1211 3081 1324 3134 haec
1376 3082 1664 3150 scripsisse
1705 3082 1902 3149 refert;
1943 3097 2044 3137 nec

2148 3080 2374 3152 Φουρίου
2402 3077 2682 3149 Καμίλλου
2717 3077 2817 3149 βίῳ
2847 3078 3079 3149 Ἔφορον
3101 3079 3541 3151 άναγεγραφέναι
3574 3081 3733 3136 τοῦτό

455 3189 589 3229 vero
610 3192 628 3225 ι
649 3173 1032 3244 septemdecim
1059 3172 1253 3227 diebus
1275 3182 1400 3228 ante
1428 3177 1676 3229 aestivum
1697 3175 1994 3231 solstitium
2019 3196 2037 3229 ι

2147 3190 2310 3244 φησιν
2334 3190 2349 3203 ι
2381 3172 2441 3225 οὐ
2476 3172 2583 3243 μὴν
2631 3170 2688 3223 δὲ
2726 3172 2820 3223 καὶ
2849 3189 2878 3240 (γ
2911 3170 3171 3241 πρότερον
3208 3173 3577 3227 ἑπτακαίδεκα
3605 3174 3734 3245 ἡμέρ

458 3265 591 3321 dicit
621 3275 902 3321 :et-tamen
922 3265 1284 3336 Thargelione
1307 3267 1470 3321 etiam
1500 3267 1590 3322 ille
1612 3268 1765 3321 dicit.
1785 3268 1839 3321 Si
1867 3267 2044 3338 Epho-

2150 3283 2272 3338 ραις
2292 3264 2392 3335 τῆς
2417 3263 2631 3335 θερινῆς
2652 3262 2860 3334 τροπῆς
2889 3281 2909 3316 ι
2940 3262 3117 3332 λέγει’
3141 3263 3256 3317 ἀλλ’
3295 3261 3387 3319 οὖν
3412 3265 3735 3337 Θαργηλιῶο

458 3372 556 3413 rus
582 3359 769 3428 igitur,
803 3374 928 3412 cum
961 3361 1101 3427 apud
1135 3375 1193 3415 se
1220 3375 1327 3412 non
1345 3368 1515 3423 esset,
1557 3360 1759 3430 alioqui
1792 3361 2044 3416 dicturus

2147 3381 2235 3427 νος
2276 3362 2525 3425 κάκεῖνός
2581 3377 2765 3432 φησιν.
2806 3362 2870 3414 El
2908 3360 3005 3431 μὲν
3044 3354 3136 3413 οὖν
3163 3362 3419 3434 Ἔφορος,
3466 3364 3733 3434 Σκιροφοο

461 3453 928 3525 Scirophorione,
972 3454 1197 3523 scripsit
1239 3452 1639 3523 Thargelione;
1688 3454 2043 3524 quemadms—

459 3545 591 3600 dum
622 3547 749 3599 item
773 3545 828 3599 in
861 3545 985 3598 aliis
1017 3560 1116 3614 pro
1136 3542 1312 3599 lberia
1345 3560 1451 3598 non
1478 3545 1794 3614 paenitenda
1820 3547 2044 3615 regione

459 3637 731 3707 Europa},
774 3637 1053 3691 civitatem
1103 3637 1396 3706 quamdam
1430 3635 1662 3691 lberiam
1708 3653 1829 3693 esse
1875 3637 2042 3704 dicit;

460 3734 591 3789 boni
623 3733 899 3793 consulat,
932 3731 1079 3800 quod
1107 3746 1221 3784 non
1249 3730 1687 3801 reprehendatur
1718 3731 1813 3801 qui
1844 3731 1927 3786 sui
1958 3747 2046 3786 re-

461 3823 832 3897 prehendendi
868 3837 1058 3877 ansam
1089 3821 1321 3883 dederit,
1361 3836 1591 3891 eamque
1624 3822 2041 3891 amplissimam.

460 3916 618 3984 Quod
660 3917 706 3970 si
732 3915 871 3968 tome
901 3916 1089 3968 nescio
1110 3914 1236 3981 quis
1268 3913 1484 3981 ineptus
1517 3914 1755 3982 scriptor
1784 3913 2045 3967 mendose

462 4005 773 4074 scripserit,
812 4020 831 4053 ι
870 4000 1260 4070 Tnargelione,
1303 4019 1322 4051 ι
1359 4015 1457 4068 pro
1488 4017 1506 4050 ι
1538 3999 1985 4069 Scirophorione,
2021 4016 2040 4049 ι

462 4105 523 4152 ιιι
553 4096 664 4151 fere
695 4096 752 4148 lit
790 4095 843 4147 in
875 4093 1024 4159 aliis,
1048 4102 1101 4147 et
1134 4091 1439 4161 praesertim
1467 4092 1522 4145 in
1561 4092 1631 4146 iis
1659 4107 1781 4161 quae
1802 4097 2045 4161 quaestus

461 4189 634 4260 gratia
658 4186 981 4243 scribuntur
1011 4200 1039 4238 a
1066 4184 1376 4253 hibliopolis
1403 4183 1551 4255 (nam
1591 4184 1684 4253 qui
1730 4183 2045 4253 hujusmodi

461 4297 656 4351 Operas
687 4280 1029 4340 conducunt,
1054 4277 1350 4347 imperitis,
1381 4277 1759 4345 oblatitiisque
1781 4283 1835 4330 et
1857 4276 2046 4331 trivia-

461 4375 610 4430 libns
643 4371 1009 4442 scriptoribus
1039 4366 1315 4436 utuntur);
1353 4368 1435 4421 sic
1466 4368 1657 4421 insons
1683 4366 1905 4436 quidem
1935 4366 2049 4421 fue-

462 4467 537 4521 rit
562 4464 812 4536 Eplwrus
853 4483 866 4518 :
909 4469 964 4516 et
990 4464 1114 4530 jure
1141 4458 1424 4528 culpandi,
1456 4459 1547 4527 qui
1574 4458 1908 4527 exemplaria
1935 4472 2044 4511 non

2147 3455 2341 3528 ριῶνος
2370 3456 2535 3523 φάναι
2576 3453 2917 3524 βουλόμενος,
2950 3447 3073 3506 εἷπε
3109 3452 3208 3524 (μὴ
3237 3453 3388 3516 ὲντὺς
3414 3452 3490 3505 ὢν
3541 3452 3732 3519 αὐτοῦ)

2144 3547 2546 3621 Θαργηλιῶνος,
2579 3545 2769 3617 ῶσπερ
2805 3548 2863 3598 ὲν
2900 3544 3082 3608 ἄλλοις
3120 3541 3186 3599 αὖ
3222 3546 3341 3598 ἀντὶ
3375 3544 3611 3615 Ἰϐηρίας
3632 3546 3735 3616 τῆς

2144 3641 2284 3695 κατὰ
2310 3640 2408 3711 τὴν
2441 3638 2709 3711 Εὐρώπην
2735 3638 3000 3709 μεγίστης
3025 3637 3234 3709 χώρας,
3267 3638 3421 3691 πόλιν
3447 3634 3587 3692 εἷναί
3613 3656 3736 3693 τινα

2144 3732 2243 3801 τὴν
2281 3731 2520 3802 Ἰϐηρίαν
2562 3730 2755 3801 φησίνο
2793 3730 3061 3798 ἀγαπάτω
3096 3729 3260 3800 μηδὲν
3305 3730 3733 3801 ὲπιτιμῶμενος,

2148 3818 2345 3888 σκῆψιν
2381 3819 2747 3889 ἐπιτιμήσεως
2776 3821 2869 3871 καὶ
2915 3817 3065 3872 ταῦτ’
3096 3820 3157 3871 οὐ
3207 3819 3410 3891 μικρὰν
3452 3820 3735 3886 δεδωκώς·

2146 3912 2194 3963 εἰ
2220 3910 2262 3963 δ’
2291 3909 2403 3982 ἄρα
2440 3928 2523 3974 τις
2562 3909 2669 3963 τῶν
2706 3909 2927 3979 φαύλων
2957 3912 3202 3982 γραφεὺς
3244 3911 3563 3982 διήμαρτεν,
3614 3914 3741 3969 ἀντιΙ

2152 4020 2170 4052 ι
2191 4001 2619 4073 Σκιροφοριῶνος
2632 4001 3145 4074 ι-ιΘαργηλιῶνος
3166 4023 3184 4053 ι
3206 4003 3546 4074 μεταϐαλὼν,
3565 4004 3741 4060 καθά-

2146 4110 2253 4165 περ
2291 4094 2385 4146 καὶ
2418 4095 2506 4148 ἐπ’
2558 4093 2733 4148 ἄλλων
2769 4095 3075 4166 συμϐαίνει,
3115 4096 3208 4148 καὶ
3240 4095 3474 4167 μάλιστα
3515 4099 3739 4153 ἐπὶτῶν

2146 4188 2225 4250 εἰς
2255 4187 2457 4257 πρᾶσιν
2488 4186 2849 4259 γραφομένων
2894 4189 3007 4250 τοῖς
3052 4186 3437 4259 βιϐλιοπώλαις
3474 4190 3738 4262 (χρῶνται

2145 4278 2255 4351 γὰρ
2297 4279 2523 4344 φαύλοις
2568 4280 2662 4332 καὶ
2715 4282 2827 4343 τοῖς
2864 4279 3086 4350 τυχοῦσι
3120 4281 3474 4353 γραφεῦσιν)ο
3505 4285 3740 4356 Ἔφορος

2149 4370 2247 4440 μὲν
2270 4370 2509 4434 ἀναίτιος
2532 4370 2607 4434 ὡς
2635 4369 2701 4423 ἂν
2734 4368 2819 4440 εἴη
2839 4388 2851 4402 ο
2887 4370 3190 4424 αἰτιάσαιτο
3223 4372 3267 4424 δ’
3291 4371 3357 4426 ἄν
3386 4390 3471 4437 τις
3501 4375 3628 4437 τοὺς
3661 4376 3739 4446 μὴ

2146 4461 2699 4533 ὲπανορθωσαμένους
2747 4462 2846 4532 τὴν
2884 4462 3122 4534 γραφὴν,
3151 4463 3267 4515 ἀλλ’
3323 4466 3742 4529 ἀνεπισκέπτως

463 4557 831 4617 emendarint,
869 4552 963 4608 sed
1006 4552 1417 4605 inconsiderate
1449 4549 1711 4610 dixerint,
1747 4567 1763 4597 ι
1807 4546 2044 4617 Tharge-

2149 4554 2460 4626 εἰρηκότας,
2498 4572 2516 4604 ι
2554 4551 2935 4623 Θαργηλιῶνος
2965 4552 3335 4607 ἑπτακαίδεκα
3375 4555 3610 4625 ἡμέραις
3632 4554 3742 4624 πρὸ

462 4649 608 4702 lioue
632 4645 1020 4716 septemdecim
1045 4642 1241 4697 diebus
1259 4650 1384 4695 ante
1411 4641 1659 4695 aestivum
1685 4639 2005 4695 solstitium.
2022 4659 2040 4686 ι

467 4737 572 4793 Sed
607 4738 749 4791 idem
778 4736 942 4790 etiam
965 4734 1117 4796 dicit,
1154 4733 1272 4787 dies
1299 4733 1414 4802 (qui
1444 4748 1647 4785 annum
1676 4732 1827 4785 illum
1862 4732 2048 4800 exple-

464 4832 610 4892 rent)
646 4828 1160 4898 snperabundantcs
1202 4826 1375 4881 fuisse
1423 4836 1547 4895 post
1603 4825 1902 4879 solstitium
1945 4841 2048 4879 nu-

466 4938 621 4979 mero
648 4920 837 4992 viginti
871 4918 1054 4990 :quod
1087 4932 1316 4987 prorsus
1364 4916 1789 4986 incompositum
1835 4923 1888 4970 et
1948 4932 2049 4986 pu-

468 5028 664 5084 gnaris,
697 5013 744 5068 si
778 5027 878 5081 pro
918 5010 1172 5064 instituta
1214 5008 1633 5062 Atheniensium
1672 5008 1886 5064 ratione
1926 5025 2047 5064 ser-

468 5120 687 5161 monem
728 5103 879 5158 facit.
906 5102 1040 5155 Nam
1063 5101 1110 5155 si
1138 5107 1464 5170 supererant
1493 5100 1682 5170 viginti
1711 5108 1836 5170 post
1866 5103 2051 5157 solsti-

468 5198 631 5261 tium,
671 5202 881 5250 certum
935 5200 1022 5247 est
1050 5191 1345 5247 solstitium
1394 5189 1567 5245 fuisse
1605 5192 1841 5246 abeunte
1879 5206 2046 5255 anno,

470 5288 853 5353 Tliargelionis
876 5287 1071 5341 ultimo
1096 5284 1205 5346 die,
1236 5293 1294 5338 ut
1318 5283 1409 5338 ille
1437 5281 1658 5352 quidem
1683 5284 1798 5336 vult
1830 5302 1843 5337 :
1874 5291 1932 5337 ut
1950 5298 2049 5338 nos

469 5397 624 5445 vero,
660 5377 1132 5448 Scirophorionis.
1174 5374 1550 5447 lmpraesentia
1580 5382 1761 5429 autem
1792 5375 1931 5429 nihil
1966 5376 2051 5429 in-

469 5474 651 5529 tersit.
671 5472 779 5528 Sed
801 5481 923 5527 esto
946 5486 1012 5526 ex
1033 5470 1154 5540 ejus
1177 5467 1451 5524 sententia
1474 5465 1891 5536 Thargelionis;
1925 5482 2051 5536 pro-

412 5553 425 5568 ’
471 5565 617 5621 tecto
642 5571 905 5633 sequente
930 5577 1076 5616 anno
1096 5560 1392 5617 solstitium
1424 5559 1530 5614 erit
1553 5558 1835 5613 novilunio
1865 5557 2054 5613 Sciro-

472 5659 760 5731 phorionis
785 5676 798 5711 :
817 5655 964 5728 quod
982 5663 1104 5711 erat
1132 5653 1238 5725 ipsi
1257 5668 1405 5709 nono
1427 5651 1517 5707 die
1551 5652 1883 5723 incipientis.
1908 5650 2044 5708 Nam

474 5755 523 5808 si
576 5759 771 5805 octavo
823 5748 928 5805 sub
958 5747 1119 5803 tinem
1151 5742 1666 5814 die‘Thargelionis
1705 5750 1926 5813 captum
1965 5749 2053 5797 est

474 5843 659 5904 ilium,
688 5840 1075 5901 septemdecim
1121 5838 1318 5896 diebus
1340 5838 1534 5897 aestivo
1566 5836 1722 5897 prius
1767 5834 2004 5894 solstitio
2030 5852 2047 5903 ;

2150 4641 2249 4711 τῆς
2277 4639 2494 4710 θερινῆς
2515 4639 2743 4711 τροπῆς.
2786 4659 2805 4690 ι
2838 4640 2975 4710 Φησὶ
3004 4640 3082 4704 δὲ,
3107 4641 3202 4694 καὶ
3241 4642 3316 4705 ὡς
3342 4644 3399 4696 αἱ
3430 4643 3522 4696 τὸν
3560 4644 3743 4696 ἐνιαυ-

2152 4732 2243 4785 τὸν
2267 4733 2471 4786 ἐκεῖνον
2503 4730 2872 4802 ἐκπληροῦσαι
2905 4732 3158 4804 περιτταὶ
3181 4734 3405 4806 ἡμέραι,
3438 4737 3610 4789 εἴκοσι
3648 4736 3741 4789 τὸν

2153 4823 2384 4895 ἀριθμὸν
2404 4820 2543 4895 ἦσαν
2572 4824 2711 4895 μετὰ
2743 4824 2842 4888 τὰς
2874 4823 3091 4896 θερινὰς
3131 4828 3338 4898 τροπάς
3361 4844 3375 4857 ·
3411 4828 3471 4880 τὸ
3501 4828 3545 4880 δ’
3573 4827 3743 4881 ἀσύν-

2154 4933 2353 4969 τακτον
2399 4916 2677 4979 παντελῶς
2716 4918 2809 4969 καὶ
2853 4918 3192 4989 μαχόμενον,
3243 4921 3290 4972 εί
3341 4918 3414 4983 ὡς
3470 4919 3743 4990 Ἀθηναῖοι

2152 5004 2287 5080 ἦγον
2312 5012 2546 5085 ποιεῖται
2572 5009 2662 5062 τὸν
2690 5007 2864 5076 λόγον.
2893 5009 2954 5062 Εἰ
2983 5008 3092 5080 γὰρ
3127 5010 3380 5080 περιτταὶ
3400 5009 3574 5064 εἴκοσι
3602 5003 3760 5081 μετὰ

2154 5101 2253 5163 τὰς
2283 5101 2509 5172 τροπὰς,
2535 5099 2713 5172 δῆλον,
2738 5102 2819 5153 ὅτι
2846 5102 2880 5171 ἡ
2905 5101 3082 5173 τροπὴ
3107 5097 3175 5172 ἦν
3203 5102 3281 5173 τῷ
3303 5102 3571 5174 οἰχομένῳ
3607 5102 3742 5167 ἔτει,

2155 5192 2251 5264 ἔνη
2277 5193 2372 5246 καὶ
2399 5192 2497 5263 νέᾳ
2528 5191 2911 5264 Θαργηλιῶνος
2937 5194 3056 5264 μὲν,
3079 5193 3155 5258 ὡς
3181 5195 3389 5258 ἐκεῖνος
3417 5194 3587 5264 λέγει,
3612 5196 3744 5249 Σκι-

2161 5284 2484 5357 ροφοριῶνος
2516 5284 2594 5347 δὲ,
2619 5284 2695 5349 ὡς
2728 5286 2905 5356 ἡμεῖς.
2934 5287 3248 5359 Διαφερέτω
3291 5287 3347 5341 δὲ
3393 5287 3567 5360 μηθὲν
3604 5288 3745 5359 πρός

2156 5392 2219 5445 γε
2244 5376 2302 5429 τὸ
2330 5376 2443 5430 νῦν.
2484 5377 2623 5430 Ἀλλ’
2648 5376 2785 5431 ἔστω
2818 5377 3197 5449 Θαργηλιῶνος
3224 5379 3372 5451 αὐτῷ
3390 5396 3403 5410 ⁸
3437 5379 3633 5434 οὐκοῦν
3663 5379 3747 5451 τῷ

2157 5469 2362 5523 ἐπιόντι
2394 5468 2623 5540 ἐνιαυτῷ
2656 5472 2689 5540 ἡ
2731 5470 2907 5542 τροπὴ
2944 5470 3116 5536 ἔσται,
3161 5472 3590 5547 Σκιροφοριῶνος
3616 5489 3741 5526 νου-

2161 5560 2347 5632 μηνίᾳ.
2374 5557 2482 5613 Ἦν
2508 5563 2555 5615 δ’
2583 5561 2733 5633 αὐτῷ
2769 5562 2935 5637 ἐνάτῃ
2981 5564 3293 5635 ἱσταμένου.
3334 5565 3397 5618 Ei
3432 5565 3541 5636 γάρ
3581 5564 3746 5637 ὀγδόῃ

2160 5651 2437 5719 φθίνοντος
2461 5651 2556 5705 τοῦ
2587 5652 2970 5724 Θαργηλιῶνος
3006 5655 3150 5709 ἑάλω
3184 5656 3243 5709 τὶ
3275 5657 3459 5718 Ἴλιον,
3486 5656 3750 5710 ἑπτακαίο

2157 5742 2289 5795 δεκα
2329 5741 2593 5814 πρότερον
2624 5726 2858 5815 ἡμέραις
2896 5744 2997 5814 τῆς
3037 5745 3255 5817 θερινῆς
3292 5748 3523 5820 τροπῆς,
3565 5747 3747 5817 δῆλον,

2159 5835 2241 5889 ὃτι
2272 5835 2435 5905 ἐνάτη
2467 5835 2758 5906 ἱσταμένου
2790 5835 2887 5891 τοῦ
2916 5839 3163 5906 ἐπιόντος
3205 5842 3374 5907 μηνὸς
3400 5837 3469 5900 ἦν
3499 5844 3531 5903 ἡ
3569 5839 3750 5904 τροπὴ
