4112 6440
412 419 551 477 H95

1351 405 1697 487 rimonont
1738 433 1944 489 eam
1994 434 2193 490 LIBER
2236 435 2323 489 DE
2361 420 2753 497 MENSIBUS.‘

3512 465 3650 523 1194

406 531 568 602 ἐνάτη
598 533 907 602 ἱσταμένου,
925 539 1073 608 τρεῖς
1098 534 1238 593 εἶναι
1258 542 1356 606 τὰς
1387 547 1648 615 περιττὰς
1671 548 1940 617 ἀναγκαῖοι

2039 553 2059 608 ι
2094 550 2439 605 manifestum
2472 559 2557 607 est
2578 567 2723 608 nono
2750 556 2955 613 mensis
2985 562 3265 630 sequentis
3294 561 3382 619 die
3406 567 3655 624 restivuin

404 620 617 690 Φανερὰ
644 621 700 673 δὲ
735 622 934 691 μᾶλλον
965 626 1118 679 ταῦθ’
1151 628 1377 701 ὕστερον
1407 632 1579 699 ἔσται,
1603 638 1822 689 ἐπειδὰν
1855 641 1982 709 περὶ

403 710 652 780 χρήσεως
690 712 983 784 ἐμϐολίμου
1035 717 1202 788 μηνὸς
1247 720 1519 794 λέγωμεν.
1565 723 1676 779 Εἶτ’
1701 726 1794 783 οὖν
1830 731 1983 797 Ἐφόο

406 817 500 872 ρου
532 803 833 875 ἁμάρτημα
860 807 1001 860 τοῦτ’
1026 809 1191 874 ἔστιν,
1223 812 1333 866 εἴτε
1363 817 1615 886 γραφέως
1635 862 1648 885 ,
1684 825 1776 874 καὶ
1826 823 1983 876 τοῦτο

402 892 482 954 είς
528 894 702 947 κοινὸν
753 898 1020 953 ἐκκείσθω
1080 908 1322 960 σκοπεῖν.
1396 909 1739 982 Ἀπαρτίζειν
1797 915 1842 968 δ’
1893 917 1979 969 ἀεὶ

401 984 527 1046 τοὺς
558 985 664 1040 τῶν
709 988 1005 1060 Ἀθηναίων
1047 994 1225 1065 μῆνας
1272 1003 1385 1063 τοῖς
1422 1001 1528 1055 τῶν
1569 1004 1853 1075 Ῥωμαίων
1893 1008 1981 1078 δη-

401 1071 574 1126 λονότι
614 1075 714 1129 οὐκ
746 1077 816 1130 ἂν
846 1078 953 1151 εἴη.
1004 1083 1490 1159 Ἐπαμφοτερίζειν
1534 1085 1627 1143 οὖν
1658 1109 1711 1145 τι
1741 1095 1975 1165 συμϐαί-

399 1178 502 1218 νει.
529 1160 672 1228 Οἴου,
698 1167 832 1238 φέρε
863 1172 1057 1236 εἰπεῖν,
1094 1174 1506 1247 Ἐκατομϐαιὼν
1532 1179 1592 1232 τὺ
1623 1182 1720 1252 μὲν
1758 1160 1973 1238 Ἰουνίου

396 1255 789 1326 ἐπιλαμϐάνει,
829 1262 892 1314 τὸ
939 1264 995 1317 δὲ
1030 1266 1278 1321 Ἰουλίου·
1325 1272 1421 1324 καὶ
1461 1274 1866 1341 Μεταγειτνιὼν
1915 1278 1975 1331 τὸ

397 1347 497 1416 μὲν
542 1348 781 1415 Ἰουλίου,
815 1353 876 1405 τὸ
923 1354 968 1408 δ’
1012 1358 1353 1427 Αὐγούστου·
1394 1364 1487 1417 καὶ
1530 1365 1876 1438 Βοηδρομιὼν
1914 1371 1974 1423 τὸ

397 1436 495 1507 μὲν
519 1439 847 1509 Αὐγούστου,
871 1445 930 1497 τὸ
967 1447 1023 1501 δὲ
1056 1450 1446 1525 Σεπτέμϐριος.
1495 1436 1766 1522 Ὡσαύτως
1788 1461 1845 1514 δὲ
1877 1462 1971 1515 καὶ

395 1527 444 1577 οί
497 1526 674 1582 λοιποὶ
714 1532 913 1600 πάντες
952 1538 1286 1610 ἀμφιλαφεῖς
1333 1547 1438 1599 εἰσι
1490 1547 1557 1599 τὰ
1604 1549 1799 1605 πολλά·
1846 1553 1968 1605 ἐπεὶ

389 1617 561 1671 ἐνίοτέ
600 1637 663 1690 γε
712 1625 806 1677 καὶ
854 1627 1057 1692 ἰσάζειν
1123 1634 1437 1705 συμϐαίνειν
1498 1633 1609 1692 οἷον
1659 1643 1750 1695 καὶ
1805 1644 2003 1712 τῆτες

391 1710 727 1781 συμϐέϐηκε,
752 1721 1048 1791 νουμηνίαν
1082 1724 1197 1793 ἅμα
1233 1727 1507 1799 Ἀπρίλιος
1529 1733 1695 1803 μηνὸς
1719 1710 1960 1805 ήλιαδιοῦ,

387 1798 481 1850 καὶ
515 1800 741 1873 σελήνης
767 1805 939 1874 ἄγειν.
982 1798 1542 1888 Ἐρμηνεύεινμέντοι
1575 1798 1759 1886 άπλῶς
1786 1798 1962 1895 χρεὼν

383 1888 492 1942 άπὸ
515 1892 608 1946 τοῦ
634 1896 899 1968 προτέρου
917 1917 929 1929 θ
962 1896 1092 1986 οἷον,
1110 1904 1422 1975 Αὔγουστον
1444 1911 1535 1964 τὸν
1555 1888 1956 1986 Βοηδρομιῶνα,
1994 1901 2034 1959 Β

381 1982 517 2037 ἀλλὰ
546 1985 620 2057 μὴ
665 1976 1056 2064 Σεπτέμϐριον,
1112 1997 1197 2050 ἵνα
1252 1998 1459 2072 θερινὸς
1619 1976 1801 2079 τρίτος
1852 1976 1961 2078 γὰρ

381 2074 489 2127 ἀπὸ
527 2077 993 2152 Ἑκατομϐαιῶνος
1015 2104 1028 2117 ’
1077 2093 1336 2160 τροπικὸς
1371 2094 1428 2147 δὲ
1484 2074 1693 2167 θερινὸς
1736 2103 1764 2153 ὁ
1802 2074 1959 2157 Ἐιια-

378 2167 673 2237 τομϐαιὼν,
701 2172 776 2236 ὡς
814 2175 1153 2249 δεδειγμένον
1187 2184 1323 2237 ἐστί.
1375 2186 1599 2260 Γαληνῷ
1632 2191 1689 2244 δὲ
1712 2192 1957 2265 διέφερεν

377 2256 531 2311 οὐθὲν
554 2260 688 2330 πρός
711 2279 773 2331 γε
802 2263 861 2317 τὸ
886 2266 984 2335 τῆς
1008 2268 1204 2341 ἐλάτης
1233 2274 1450 2346 σπέρμα
1473 2256 1681 2352 καὶ-τὴν
1709 2256 1956 2341 σύνδεσιν

374 2348 472 2400 τοῦ
520 2351 747 2418 ἀκόπου,
796 2356 897 2410 εἴτ’
949 2360 1057 2413 ἀπὸ
1101 2363 1195 2416 τοῦ
1249 2367 1514 2439 ἑπομένου
1557 2374 1950 2450 Σεπτέμϐριος,

375 2438 473 2491 εἴτ’
498 2442 604 2494 ἀπὸ
626 2445 719 2496 τοῦ
745 2448 1049 2519 ἡγουμένου
1082 2438 1386 2523 Αὔγουστος
1408 2438 1761 2533 ἐρμηνεύοιτο
1786 2438 1951 2524 ὁ,

377 2535 688 2606 μυστηρίων
730 2542 835 2611 μήν
858 2558 872 2572 °
912 2542 1085 2608 ἄλλως
1126 2564 1187 2599 τε
1235 2550 1328 2603 καὶ
1364 2552 1471 2606 τῶν
1520 2556 1849 2629 ίσημερινῶν
1889 2579 1949 2615 τε

375 2623 468 2675 καὶ
495 2628 711 2697 τροπῶν
749 2633 875 2702 περί
906 2650 1006 2687 που
1050 2638 1299 2711 εἰκοστὴν
1341 2645 1607 2719 τετάρτην
1637 2650 1728 2703 τοῦ
1780 2654 1947 2725 μηνὸς

369 2710 619 2781 ἡμέραν,
666 2715 742 2779 ὡς
778 2719 1036 2791 Ῥωμαῖοι
1096 2727 1308 2795 ἄγουσι,
1370 2731 1791 2808 λαμϐανομένων
1834 2746 1946 2808 τοῖς

367 2802 488 2855 τότε
522 2801 673 2861 οὖσιν
700 2809 1006 2881 ἀνθρώποις
1029 2834 1041 2847 ο
1073 2821 1167 2872 καὶ
1193 2822 1415 2892 προσέτι
1456 2828 1768 2901 ίσημερινοῦ
1797 2852 1942 2902 γινο-

369 2895 531 2963 μένου
561 2901 689 2953 ποτὲ
731 2903 824 2955 καὶ
865 2906 959 2957 τοῦ
994 2908 1428 2983 Βοηδρομιῶνος,
1472 2895 1693 2975 ἐπειδὰν
1728 2895 1942 2991 πλείους

364 2980 497 3041 ὦσιν
518 2991 571 3041 αἱ
598 2993 733 3062 μετὰ
761 2994 855 3066 τὴν
885 3000 1090 3072 τροπὴν
1130 2980 1379 3073 περιτταὶ
1420 3011 1647 3083 ἡμέραι.
1685 3017 1846 3073 ’Ὁοεν
1875 2980 1937 3093 δή

365 3080 456 3131 καὶ
509 3081 899 3158 Ἀριστοτέλης,
946 3109 965 3141 ι
1001 3095 1119 3162 μετ’
1167 3080 1471 3171 ἀρκτοῦρον
1524 3080 1653 3177 περὶ
1709 3080 1939 3182 Βοηδρο-ἶ

365 3169 561 3239 μιῶνα,
596 3192 614 3224 ›
643 3176 826 3245 φησὶν,
863 3179 1050 3254 ῶσπερ
1088 3181 1153 3237 αὖ
1196 3188 1482 3259 ἀνάπαλιν,
1533 3199 1660 3266 περὶ
1704 3198 1938 3272 λήγοντά

1021 3250 1031 3254 -
1469 3250 1479 3259 ι
1607 3250 1617 3266 l
1708 3250 1767 3272 "'l
1784 3250 1795 3269 Ι
1816 3250 1832 3254 ⁷
1849 3250 1858 3255 ’
1880 3250 1937 3258 ””

363 3277 465 3313 που
496 3262 586 3317 τὸν
620 3265 1067 3340 Ἑκατομϐαιῶνα
1100 3278 1196 3347 τῆς
1220 3282 1424 3352 τροπῆς
1452 3289 1770 3360 γενομένης,
1800 3311 1937 3365 συμ-
1962 3250 2008 3311 C

362 3351 534 3406 ϐαίνει
580 3360 786 3429 τρυγᾷν
839 3361 937 3425 τὰς
993 3365 1268 3435 ἀμπέλους
1331 3351 1472 3444 περὶῗ
1513 3351 1796 3449 ἱστάμενον
1844 3351 1933 3438 τὸν

359 3442 748 3515 Πυανεψιῶνα·
792 3452 932 3505 καθὰ
970 3455 1312 3532 Πλούταρχος
1336 3442 1684 3537 ἐπισημαίνει
1723 3475 1931 3546 συμϐῆ-

358 3550 466 3619 ναι,
507 3535 594 3587 ὅτε
625 3537 832 3607 Θησεὺς
869 3544 1140 3616 ἐπανῆκεν
1178 3553 1242 3604 ἐκ
1272 3535 1517 3628 Κρήτηςξ
1566 3554 1630 3613 Ἠ
1673 3535 1929 3636 ίσημερία

358 3624 540 3694 μέντοι
582 3630 710 3699 περὶ
753 3631 985 3703 λήγοντά
1028 3654 1130 3691 που
1175 3641 1267 3695 τὸν
1305 3624 1779 3722 Μαιμακτηριῶνα
1823 3624 1927 3709 ύπ-

352 3719 506 3790 ἦρξε.
537 3723 748 3778 Πλίνιον
791 3728 847 3781 δὲ
898 3733 1124 3802 οίητέον,
1169 3737 1243 3809 μὴ
1283 3739 1358 3804 ὡς
1398 3719 1798 3815 Ἀριστοτέλους
1837 3751 1925 3804 λέ-

354 3809 435 3874 ξιν
485 3815 896 3887 μεταφέροντα,
945 3816 1045 3876 ὦδε
1101 3830 1368 3885 ποιεῖσθαι
1422 3835 1512 3888 τὸν
1578 3838 1754 3908 λόγον,
1807 3843 1921 3897 ἀλλ’

354 3900 489 3956 ἰδίαν
527 3906 674 3976 αὑτῷ
703 3908 858 3972 δόξαν
898 3916 1024 3985 περὶ
1068 3918 1227 3973 τόκου
1258 3921 1367 3977 τῶν
1406 3925 1602 3996 ἰχθύων
1627 3930 1923 4002 ἀποφαινό-

351 4006 530 4059 μενον.
563 3993 883 4067 Θαυμαστόν
918 4020 976 4055 τε
1001 4005 1174 4073 οὐθὲν,
1217 4011 1267 4063 εἰ
1298 4014 1389 4066 καὶ
1425 4019 1546 4081 ταῖς
1573 4017 1776 4092 χώραις
1806 4024 1918 4077 δια-

348 4087 488 4155 φορὰ
509 4089 635 4158 περὶ
673 4089 770 4155 τὰς
804 4095 1048 4162 γενέσεις
1085 4099 1250 4156 ἐστίν.
1293 4104 1454 4160 Ἀλλὰ
1477 4087 1667 4181 δῆλον,
1700 4114 1781 4168 ὅτι
1826 4118 1918 4170 καὶ

344 4173 450 4227 τῶν
490 4174 662 4243 ζώων,
702 4182 889 4257 ὥσπερ
925 4189 1031 4244 τῶν
1072 4194 1272 4262 φυτῶν,
1314 4198 1514 4273 πολλὴν
1560 4204 1770 4259 ποιοῦσι
1805 4208 1919 4264 δια-

344 4267 515 4337 φορὰν
548 4270 595 4321 οί
637 4272 811 4339 τόποι,
849 4278 908 4330 οὐ
949 4280 1107 4350 μόνον
1140 4287 1282 4341 κατά
1313 4289 1544 4359 μέγεθος
1585 4298 1679 4350 καὶ
1730 4299 1916 4372 εὐτρο-

342 4356 490 4424 φίαν,
520 4360 653 4415 ἀλλὰ
683 4367 775 4419 καὶ
803 4370 944 4423 κατὰ
971 4373 1097 4437 τοὺς
1129 4356 1339 4443 τόκους,
1374 4356 1468 4435 τοῦ
1497 4356 1566 4440 τὰ
1595 4389 1692 4458 μὲν
1732 4356 1911 4462 ὀψιαί-

338 4463 496 4549 τερον
534 4456 747 4526 γεννᾷν,
792 4459 859 4513 τὰ
916 4461 973 4515 δὲ
1023 4468 1397 4542 πρωῑαίτερον.
1433 4470 1561 4531 Ὧδε
1592 4456 1690 4549 μὲν
1731 4456 1910 4537 τοίνυν

341 4539 525 4606 ἁπλῶς
562 4562 619 4597 τε
670 4549 761 4601 καί
810 4569 884 4623 πη
922 4539 1332 4629 ἑρμηνεύοντες,
1359 4565 1458 4618 οὐκ

336 4648 519 4706 νοιμεν
547 4636 640 4690 τοῦ
681 4641 882 4697 ίκανοῦ.

625 4873 633 4886 ,
697 4825 836 4893 Περὶ
866 4829 1139 4900 χρήσεως
1166 4836 1286 4890 τῶν
1308 4841 1537 4908 μηνῶν.

402 4909 457 4961 l'.
505 4911 656 4967 Ἐπεὶ
680 4914 725 4967 δ’
761 4915 874 4971 ἔστι
915 4920 1013 4989 μὲν
1045 4926 1276 4996 χρῆσθαι
1308 4933 1440 5000 μησὶ
1488 4936 1581 4988 καὶ
1620 4939 1762 4992 κατὰ
1801 4943 1899 5013 τὴν

329 4997 477 5090 ἡλίου
511 5007 831 5077 περιφορὰν,
867 5010 943 5090 ῶς
980 5014 1236 5086 Ῥωμαῖοι
1274 4997 1530 5090 ἄγουσιν
1582 5027 1770 5083 ἔστιδὲ
1806 4997 1899 5086 καὶ

326 5088 424 5160 τὴν
457 5093 556 5163 τῆς
582 5096 827 5169 σελήνης,
856 5088 931 5166 ὡς
972 5105 1241 5178 Ἀθηναῖοι
1273 5088 1407 5183 ἦγον
1429 5131 1445 5146 ⁶
1480 5118 1705 5192 πότερον
1740 5123 1899 5195 Ἀθη-

324 5183 497 5287 χαίοις
530 5187 782 5287 ἑπόμενοι
817 5195 1150 5266 χρησόμεθα,
1183 5201 1215 5272 ἢ
1255 5204 1566 5277 Ῥωμαίοις,
1596 5183 1895 5287 πατονομά-

324 5269 509 5337 ζοντες
547 5276 645 5345 μὲν
676 5276 752 5343 ὡς
793 5280 1095 5353 Ἀθηναῖοι,
1120 5269 1218 5359 τὴν
1240 5290 1295 5343 δέ
1326 5269 1388 5361 γε
1413 5295 1502 5349 τοῦ
1526 5269 1894 5367 -ἐνιαυτοῦιείς

325 5363 500 5432 μῆνας
545 5365 809 5438 διαίρεσιν
859 5376 1000 5430 κατὰ
1054 5380 1228 5434 ταύτά
1270 5385 1560 5456 Ῥωμαίοις
1619 5363 1887 5461 τιθέντεςξ

321 5453 548 5526 Πλήθων
592 5459 693 5529 μέν
735 5478 917 5533 φησιν,
967 5467 1048 5521 ὅτι
1104 5472 1244 5526 κατὰ
1278 5453 1441 5543 φύσιν
1485 5480 1549 5552 δὴ
1597 5483 1772 5551 ἄγοιτ’

319 5542 436 5649 ἔτος
468 5547 568 5618 μὲν
597 5551 737 5605 κατὰ
765 5552 853 5606 τὸν
884 5556 1054 5627 ἥλιον,
1096 5562 1203 5634 μὴν
1234 5565 1289 5618 δὲ
1328 5569 1466 5623 κατὰ
1492 5542 1589 5642 την
1626 5542 1850 5649 σελήνην
1872 5597 1884 5610 ·

314 5632 402 5689 διὰ
431 5640 483 5692 τί
512 5641 588 5706 δὲ,
612 5644 673 5696 οὐ
703 5645 869 5715 λέγει.
902 5651 1083 5706 Ἀλλοι
1121 5632 1178 5708 δέ
1217 5674 1381 5724 τινες,
1412 5664 1504 5716 καὶ
1542 5632 1718 5722 αἰτίαν
1738 5632 1888 5724 ’ἀπο-

313 5727 563 5798 διδόντες,
606 5737 784 5793 πάντα
824 5742 961 5814 πρὸς
1004 5745 1113 5800 τῶν
1155 5751 1419 5819 οὐρανίων
1458 5760 1776 5827 κοσμεῖσθαι
1819 5763 1886 5815 τὰ

311 5819 437 5891 τῇδέ
464 5840 612 5893 φασι,
647 5833 740 5883 καὶ
773 5833 984 5903 μεγάλα
1026 5835 1164 5893 εἶναι
1209 5843 1277 5896 τὰ
1321 5845 1419 5916 τῆς
1467 5848 1694 5924 σελήνης
1728 5853 1878 5925 ἔργα.

589 5918 864 5986 ΡΔἸἪΟΙ..
897 5927 1013 5990 Gn.
1071 5932 1246 5996 XIX.

2088 643 2378 697 solstitium
2405 644 2595 701 fuisse.
2627 646 2685 701 Si
2730 649 2914 719 itaque
2947 653 3242 709 solstitium
3275 671 3420 712 nono
3464 658 3656 735 ineun-

2088 736 2177 799 tis,
2209 743 2319 790 tres
2364 753 2488 793 esse
2518 739 2635 794 dies
2663 740 3004 801 abundantes
3029 754 3113 800 est
3138 762 3383 804 necesse.
3412 749 3535 806 Haec
3561 769 3653 808 au-

2081 834 2191 880 tem
2228 829 2443 897 planius
2468 840 2654 900 postea
2677 834 3124 904 elucidabuntur,
3157 839 3248 893 ubi
3283 838 3350 893 de
3378 857 3478 895 usu
3500 858 3652 897 men-

2082 919 2160 995 sis
2208 922 2548 976 intercalarii
2595 923 2955 982 disseremus.
2985 928 3069 982 An
3119 929 3283 999 igitur
3333 930 3533 1000 Ephori
3578 937 3649 987 sit

2082 990 2184 1066 iste
2212 1028 2390 1077 error,
2425 1030 2493 1069 an
2532 1019 2890 1074 amanuensis
2923 1020 3130 1090 potius,
3171 1022 3227 1075 in
3260 1024 3441 1078 medio
3464 1025 3648 1079 consi-

2078 1101 2380 1158 derandum
2404 1107 2673 1178 relinquo.
2699 1107 2815 1163 Jam
2840 1119 3049 1166 certum
3076 1122 3160 1169 est
3186 1113 3399 1170 Atticos
3430 1132 3647 1172 menses

2075 1195 2273 1264 arquali
2324 1197 2535 1252 dierum
2576 1216 2828 1268 numero,
2860 1202 3133 1276 simulque
3164 1205 3407 1273 ﬁniente,
3443 1207 3647 1263 Roma-

2076 1299 2401 1356 nossemper
2416 1288 2755 1360 aequiparare
2784 1277 3097 1364 non'posse.
3117 1295 3260 1366 Ergo
3290 1297 3347 1351 ﬁt
3366 1304 3425 1351 ut
3443 1297 3644 1369 singuli

2074 1388 2290 1431 menses
2320 1379 2636 1435 Graacorum
2661 1382 2804 1438 inter
2838 1384 2998 1440 binos
3022 1401 3235 1456 semper
3270 1386 3641 1444 Romanorum

2072 1467 2369 1538 ambigam.
2408 1470 2652 1542 Exempli
2688 1474 2865 1545 gratia
2904 1495 2916 1530 :
2958 1476 3378 1535 lieeatombmon
3432 1491 3640 1551 partem

2070 1557 2240 1627 Junii,
2265 1568 2319 1616 et
2346 1570 2556 1632 partem
2586 1563 2716 1620 Julii
2751 1567 3007 1638 attingit;
3036 1567 3386 1641 Metagitnion
3425 1569 3555 1626 Julii
3584 1578 3639 1627 et

2071 1653 2301 1725 Augusti
2325 1672 2340 1720 ;
2372 1654 2735 1711 Boedromion
2761 1659 2994 1729 Augusti
3017 1669 3071 1714 et
3088 1658 3442 1730 Septembris.
3470 1661 3636 1717 Simi-

2069 1743 2191 1798 liter
2221 1760 2349 1800 vero
2378 1747 2573 1817 reliqui
2598 1764 2789 1806 omnes
2819 1767 2930 1806 non
2960 1767 3086 1807 raro
3119 1768 3241 1809 sese
3264 1754 3504 1823 praebent
3532 1771 3632 1809 an-

2066 1836 2280 1906 cipites,
2307 1837 2637 1909 quandoque
2658 1842 2821 1895 etiam
2853 1844 3115 1913 aequales,
3153 1853 3214 1898 ut
3237 1845 3319 1899 vel
3352 1846 3633 1915 superiore

2065 1942 2209 1981 anno
2240 1929 2425 1983 lunam
2459 1946 2655 1986 novam
2688 1948 2812 1987 cum
2843 1936 3050 2005 Aprilis
3076 1935 3336 1993 Kalendis
3360 1938 3630 1995 solaribus

2063 2019 2297 2089 contigit
2339 2037 2641 2093 emergere.
2672 2023 2863 2095 Opera:
2893 2035 3073 2083 tamen
3099 2031 3331 2099 pretium
3376 2039 3460 2087 est
3492 2032 3626 2087 sim-

2062 2111 2275 2181 pliciter
2300 2127 2330 2167 a
2366 2113 2550 2182 priore
2580 2132 2770 2172 mense
2800 2118 3173 2190 interpretari.
3209 2120 3373 2178 Verbi
3406 2124 3582 2195 gratia
3609 2144 3622 2180 :

2057 2202 2505 2262 Boedromionem
2522 2207 2824 2279 Augustum
2847 2212 3028 2280 potius
3046 2229 3207 2293 quam
3228 2215 3621 2286 Septembrem,

2057 2299 2116 2345 ut
2135 2292 2356 2349 aestivus
2379 2297 2478 2364 sit;
2510 2300 2706 2356 tertius
2731 2303 2876 2357 enim
2911 2312 2995 2360 est
3019 2306 3088 2361 ab
3122 2305 3572 2365 Hecatombzcone
3603 2330 3618 2365 :

2054 2384 2109 2438 in
2140 2400 2269 2455 quo,
2320 2394 2381 2441 ut
2407 2387 2838 2448 demonstratum
2889 2407 2994 2460 est,
3023 2400 3269 2453 aestivum
3324 2402 3620 2458 solstitium

2053 2479 2363 2535 coniicitur.
2402 2480 2547 2536 Nihil
2572 2468 2739 2553 porro
2766 2485 2955 2543 Galeni
2998 2490 3281 2558 intererat,
3320 2494 3387 2549 ad
3425 2496 3619 2553 abietis

2051 2586 2234 2627 semen
2274 2582 2328 2629 et
2364 2577 2817 2646 compositionem
2865 2582 3043 2653 acopi,
3097 2584 3214 2639 sive
3266 2599 3298 2639 a
3357 2595 3620 2657 sequente

2053 2660 2392 2735 September,
2424 2669 2539 2724 sive
2576 2684 2607 2723 a
2637 2671 2976 2741 praecedente
3007 2674 3289 2744 Augustus
3317 2687 3617 2735 verteretur

2048 2753 2139 2808 ille
2162 2758 2543 2826 mysteriorum
2574 2763 2813 2827 mensis;
2843 2765 3145 2832 prmsertim
3163 2782 3286 2821 cum
3306 2770 3537 2824 solstitia
3562 2779 3616 2825 et

2046 2845 2372 2914 mquinoctia
2402 2849 2558 2920 162
2611 2851 2834 2906 circiter
2865 2866 3124 2922 quartum
3145 2897 3160 2919 ,
3193 2867 3248 2912 et
3291 2860 3611 2915 vicesimum

2044 2935 2184 2991 diem
2224 2940 2431 2994 mensis
2481 2941 2712 2996 Romani
2763 2946 2831 2999 ab
2876 2947 3022 3003 illius
3071 2949 3257 3003 saeculi
3298 2949 3612 3009 hominibus

2044 3029 2396 3099 signarentur
2429 3051 2442 3086 :
2476 3040 2529 3087 et
2575 3043 2838 3105 prmterea
2873 3041 3280 3108 aequinoctialis
3333 3043 3609 3100 interdum

2043 3119 2182 3175 foret
2208 3121 2595 3190 Boedromion,
2626 3142 2752 3181 cum
2775 3129 2960 3199 plures
2982 3141 3306 3200 supererant
3334 3134 3452 3191 dies
3486 3145 3609 3207 post

2043 3212 2362 3268 solstitium.
2415 3214 2570 3273 Unde
2619 3220 2780 3273 etiam
2830 3223 3153 3281 Aristoteles
3205 3226 3371 3293 dicit,
3422 3246 3441 3279 ι
3484 3240 3607 3299 post

2039 3311 2318 3360 arcturum
2368 3307 2587 3365 circiter
2644 3310 3133 3381 Boedromionem,
3189 3335 3208 3370 ι
3251 3319 3606 3389 quemadmo-

2036 3393 2165 3447 dum
2196 3405 2388 3450 contra
2420 3409 2645 3468 peracto
2666 3402 2811 3457 circa
2832 3404 3171 3463 desinentem
3190 3407 3602 3466 Hecatomme-

2032 3500 2155 3540 nem
2187 3487 2425 3543 solstitio
2462 3493 2644 3546 evenit
2671 3482 3145 3561 vindemias'ﬁeri,
3172 3501 3319 3554 circa
3340 3501 3602 3572 incipien-

2033 3584 2139 3628 tem
2173 3574 2605 3648 Pyanepsionem
2631 3600 2646 3636 :
2680 3593 2739 3638 ut
2770 3584 3101 3646 Plutarchus
3130 3593 3396 3648 accidisse
3426 3595 3600 3664 signi-

2031 3666 2181 3731 licet,
2211 3672 2431 3737 quando
2459 3671 2702 3730 Theseus
2723 3692 2754 3732 ο
2778 3676 2938 3733 Creta
2971 3680 3154 3736 rediit.
3183 3682 3595 3754 Equinoctium

2027 3759 2173 3811 enim
2207 3758 2384 3815 fuerat
2410 3764 2513 3819 sub
2552 3766 2714 3822 linem
2759 3768 3236 3830 Mtemacterionis.
3272 3774 3596 3847 Pliniusque

2025 3850 2383 3907 aestimandus
2413 3862 2496 3909 est
2521 3857 2603 3911 sic
2630 3858 2801 3929 loqui,
2829 3877 2942 3916 non
2971 3864 3063 3933 qui
3095 3866 3257 3920 verba
3280 3867 3592 3926 Aristotelis

2022 3935 2449 4009 interpretetur,
2488 3946 2585 4000 sed
2616 3949 2707 4017 qui
2732 3964 2888 4004 suam
2922 3951 2990 4007 de
3020 3938 3247 4023 piscium
3286 3965 3445 4026 partu
3492 3974 3590 4015 ex-

2022 4032 2223 4100 primat
2258 4039 2606 4094 sententiam.
2648 4041 2904 4115 Nihilque
2947 4036 3146 4103 mir'um
3192 4058 3297 4117 est,
3338 4053 3384 4108 si
3422 4055 3588 4109 etiam

2018 4121 2076 4175 in
2105 4127 2550 4193 generationibus
2575 4146 2606 4184 a
2632 4133 2919 4203 regionum
2940 4136 3255 4195 diversitate
3286 4143 3462 4196 oritur
3476 4144 3588 4198 dif-

2018 4215 2269 4273 ferentia.
2294 4217 2496 4274 Verum
2526 4222 2661 4277 illud
2695 4235 2933 4294 constat,
2981 4231 3231 4297 multam,
3276 4241 3336 4288 ut
3368 4235 3585 4305 planta-

2016 4320 2162 4366 rum.
2199 4308 2274 4361 ita
2316 4325 2532 4380 quoque
2569 4313 2906 4382 animalium,
2948 4333 3060 4373 non
3104 4320 3161 4373 in
3212 4326 3585 4392 magnitudine

2016 4397 2193 4452 solum
2225 4399 2523 4471 habituque
2539 4404 2837 4474 vegetiore,
2868 4408 2962 4462 sed
2987 4419 3040 4464 et
3061 4410 3115 4464 in
3146 4422 3302 4481 partu
3324 4414 3439 4483 ipsa
3465 4416 3582 4472 loca

2014 4486 2225 4544 elIicere
2274 4491 2661 4560 dili‘erentiam,
2695 4504 2755 4550 ut
2800 4499 2907 4554 alia
2962 4501 3161 4568 serius,
3210 4506 3316 4559 alia
3357 4508 3581 4578 gignant

1508 4567 1573 4622 ἂν
1613 4570 1909 4645 διαμαρτά-

2039 4582 2300 4637 naturius.
2330 4582 2421 4639 Sic
2447 4588 2611 4657 igitur
2639 4590 2962 4660 simpliciter
2986 4602 3038 4649 et
3065 4597 3581 4666 quadantenusver-

2011 4676 2209 4736 tentes,
2240 4688 2587 4746 nequaquam
2632 4678 2701 4733 ab
2722 4680 2918 4737 idonea
2956 4686 3320 4755 explicatione
3353 4691 3577 4747 aberra-

2005 4762 2270 4821 verimus.

2524 4858 2604 4913 De
2630 4863 2889 4917 mensium
2922 4882 3041 4924 usu.

2073 4941 2142 4997 X.
2178 4942 2282 5000 Sed
2314 4950 2576 5016 quoniam
2609 4955 2895 5012 mensibus
2940 4958 3017 5012 uti
3054 4974 3347 5028 possumus
3381 4967 3465 5021 vel
3503 4968 3571 5023 ad

2003 5035 2135 5090 solis
2155 5046 2388 5103 motuin,
2421 5053 2479 5094 ut
2500 5041 2754 5106 Romani,
2789 5050 2870 5102 vel
2899 5049 2967 5103 ad
2992 5050 3159 5118 lunae,
3185 5064 3244 5110 ut
3272 5058 3571 5117 Athenien-

2000 5140 2130 5180 ses:
2172 5138 2354 5183 utrum
2387 5131 2627 5187 Atticum
2672 5152 2854 5203 usum,
2907 5156 2975 5194 an
3024 5141 3329 5201 Romanum
3373 5166 3567 5221 seque-

1997 5233 2142 5283 mur,
2184 5236 2336 5278 more
2391 5226 2612 5294 quidem
2657 5228 3072 5288 Atheniensium
3124 5237 3561 5309 denominantes,

1996 5311 2124 5365 anni
2148 5328 2278 5368 vero
2303 5314 2357 5368 in
2389 5332 2604 5373 menses
2632 5323 2879 5378 eamdem
2915 5342 3038 5380 cum
3069 5327 3332 5387 Romanis
3356 5336 3564 5390 consti-

1993 5408 2211 5460 tuentes
2247 5406 2612 5465 divisionem?
2646 5411 2874 5471 Plethon
2910 5420 3126 5488 quidem
3164 5424 3330 5479 refert
3360 5436 3558 5484 natura

1991 5506 2113 5545 esse
2155 5506 2554 5564 comparatum,
2593 5510 2650 5554 ut
2697 5503 2764 5557 ad
2813 5506 2983 5561 solem
3013 5509 3313 5567 deducatur
3356 5530 3558 5584 annus,

1990 5583 2197 5638 mensis
2223 5601 2353 5641 vero
2377 5589 2440 5642 ad
2471 5590 2654 5645 lunam
2689 5612 2702 5647 :
2732 5596 2825 5650 sed
2858 5601 3236 5669 quamobrem,
3268 5622 3375 5660 non
3402 5608 3556 5664 dicit.

1989 5671 2207 5745 Verum-
2233 5677 2323 5732 alii
2356 5678 2519 5749 hujus
2548 5699 2766 5754 quoque
2797 5688 2927 5743 dicti
2952 5692 3218 5749 rationem
3244 5697 3555 5769 all‘erentes,

1987 5780 2321 5834 asseverant,
2356 5787 2476 5843 quae
2506 5774 2594 5830 hic
2628 5778 2681 5831 in
2712 5782 2873 5837 terris
2912 5794 3061 5851 sunt,
3102 5789 3284 5844 omnia
3302 5802 3348 5845 'a
3387 5793 3554 5849 cmic-

1988 5861 2163 5920 stibus
2215 5864 2324 5922 illis
2368 5870 2693 5940 corporibus
2748 5877 3011 5947 ordinari,
3045 5897 3380 5956 magnosque
3428 5900 3553 5943 esse

3160 5977 3237 6037 38
