4112 6440
520 449 655 507 1195

1524 446 1618 501 AD
1654 443 1923 501 EUSEBII
1960 440 2357 500 CHRUNICON
2395 442 2758 504 APPENDIX.

3627 446 3764 503 1196

516 571 657 623 lunae
690 568 936 624 effectus.
975 565 1109 622 Nam
1136 566 1342 622 mutari
1386 565 1542 621 aiunt
1569 564 1860 621 manifeste
1888 564 1958 619 ab
1989 562 2081 617 illa

2197 562 2565 619 Ἀλλοιοῦσθαι
2593 566 2699 639 γὰρ
2731 565 2916 635 σαφῶς
2942 565 3011 620 τά
3044 566 3261 635 ἐπίγεια
3307 564 3466 620 πάνθ’
3491 566 3583 620 ὑπ’
3622 567 3766 620 ἐκεί-

514 662 799 721 tot‘restria
823 667 1042 725 cuneta,
1076 660 1239 731 idque
1272 667 1441 714 recte.
1481 658 1708 729 Signum
1734 665 1918 711 tamen
1960 655 2085 709 nul-

515 752 628 805 lum
675 760 781 813 est,
816 766 1033 805 menses
1081 749 1148 803 ad
1199 752 1416 813 lunam,
1451 764 1562 803 non
1604 747 1671 802 ad
1712 748 1881 802 solem
1926 760 2083 818 agere

516 852 792 914 Oportere.
826 842 948 897 Haec
966 843 1111 897 enim
1141 841 1400 898 inferiora
1430 841 1807 911 superioribus
1839 839 1947 895 illis
1967 855 2085 894 mo-

513 934 663 987 tibus
690 948 814 987 esse
862 932 1125 986 continua
1168 946 1279 987 non
1334 931 1548 986 inﬁcias
1589 931 1753 995 imus,
1781 936 1835 985 et
1865 945 2083 984 omnem

514 1038 703 1078 eorum
721 1026 828 1077 vim
852 1032 906 1078 et
936 1024 1232 1093 potentiam
1268 1023 1421 1077 illinc
1450 1023 1762 1094 gubernari,
1794 1023 2084 1093 ipsumque

514 1114 774 1170 decorum
793 1116 1182 1187 (quodcunque
1207 1115 1352 1185 apud
1380 1129 1480 1170 nos
1515 1114 1798 1184 decorum)
1819 1123 1874 1169 et
1900 1128 2081 1168 rerum

514 1209 760 1264 ordinem
814 1224 845 1262 a
898 1223 1135 1280 superna
1177 1209 1268 1262 illa
1315 1216 1513 1263 natura
1557 1208 1896 1274 consistere;
1938 1205 2085 1276 quod

514 1317 645 1358 vero
678 1302 1007 1372 indigestum
1056 1304 1237 1358 et'suo
1264 1316 1451 1357 errore
1471 1300 1751 1366 indecens,
1783 1301 1837 1356 id
1862 1316 1986 1355 esse
2018 1301 2087 1355 ab

515 1407 578 1447 ea
612 1392 851 1463 (quaeest
870 1392 980 1459 hic)
1006 1392 1253 1447 materia.
1284 1391 1454 1447 Detur
1474 1406 1606 1447 vero
1646 1392 1815 1446 multa
1838 1391 2084 1462 quaedam

515 1500 546 1538 a
579 1486 707 1538 luna
730 1483 950 1539 alterari
979 1484 1310 1554 variarique,
1342 1498 1466 1538 cum
1499 1484 1681 1554 plena,
1709 1499 1833 1537 cum
1860 1481 2087 1537 dimidio

515 1576 649 1633 orbe
675 1591 837 1633 czesa.
864 1591 988 1630 cum
1018 1576 1247 1646 gibbosa
1285 1582 1339 1630 et
1372 1575 1635 1645 utrinque
1665 1589 1938 1641 convexa;
1961 1588 2085 1629 cum

516 1668 574 1723 in
600 1683 808 1724 cornua
834 1667 995 1733 flexa,
1040 1677 1205 1738 atque
1233 1666 1399 1721 etiam
1439 1665 1508 1721 de
1543 1666 1685 1720 cmlo
1719 1666 1838 1735 ipso
1869 1674 1926 1721 et
1970 1679 2088 1718 am-

500 1763 699 1818 ~biente
722 1775 848 1816 aere
866 1760 1133 1831 judicium
1158 1759 1310 1826 fieri;
1334 1758 1557 1829 haecque
1570 1758 1860 1814 terrestria
1886 1757 2086 1812 mutari

516 1870 613 1926 per
652 1853 933 1919 semisses,
986 1860 1039 1907 et
1075 1851 1445 1923 quadrantes,
1480 1860 1534 1905 et
1578 1857 1761 1906 certas
1814 1849 2083 1920 quasdam

2184 673 2300 727 νης.
2350 657 2520 712 Τοῦτο
2572 659 2673 730 μὲν
2721 655 2814 714 οὖν
2865 655 2924 713 εὖ
2969 659 3206 728 λέγεται.
3252 660 3482 729 Σημεῖον
3525 659 3571 712 δ’
3613 659 3766 713 οὐδέν

2184 748 2299 802 ἐστι
2348 748 2445 802 τοῦ
2491 751 2686 822 χρῆναι
2730 752 2885 820 ἄγειν
2926 751 3066 806 κατὰ
3114 751 3363 822 σελήνην,
3399 753 3495 806 καὶ¹
3529 751 3605 823 μὴ
3642 752 3764 805 καθ’

2181 841 2331 911 ἥλιόν
2360 858 2423 910 γε
2450 844 2577 907 τοὺς
2604 844 2801 914 μῆνας.
2836 845 3044 916 Συνεχῆ
3083 845 3181 916 μὲν
3215 844 3323 916 γάρ
3372 861 3492 907 πως
3527 844 3597 897 τά
3639 844 3765 915 τῇδε

2180 933 2301 993 ταῖς
2331 930 2444 983 ἄνω
2469 935 2665 1002 φοραῖς
2700 928 2840 985 εἷναί
2869 950 3048 1003 φαμεν
3092 934 3187 986 καὶ
3222 934 3403 1004 ἡμεῖς,
3452 932 3547 986 καὶ
3585 934 3766 986 πᾶσαν

2181 1019 2362 1073 αὐτῶν
2386 1021 2484 1093 τὴν
2507 1021 2735 1093 δύναμιν
2766 1022 3133 1096 κυϐερνᾶσθαι
3170 1023 3410 1078 ἐκεῖθεν·
3441 1024 3537 1078 καὶ
3556 1019 3635 1077 ’τὸ
3668 1024 3765 1095 μὲν

2181 1110 2345 1165 καλὸν
2380 1111 2542 1179 ἅπαν,
2582 1114 2707 1167 ὅσον
2742 1113 2808 1169 ἂν
2926 1115 3111 1170 ἐνθάδε
3158 1115 3339 1180 καλὸν,
3370 1117 3465 1170 καὶ
3505 1116 3569 1170 τὸ
3606 1133 3764 1169 τετα-

2181 1202 2400 1273 γμένον,
2438 1204 2643 1258 ἄνωθεν
2675 1207 2983 1275 ἐγγίνεσθαι
3018 1208 3206 1277 φύσει·
3240 1208 3300 1261 τὸ
3327 1208 3371 1261 δ’
3397 1208 3627 1263 ἄτακτον
3671 1208 3765 1263 καὶ

2184 1294 2619 1366 πεπλανημένον,
2672 1297 2939 1369 ὑπάρχειν
2967 1300 3032 1353 ἐκ
3062 1301 3161 1371 τῆς
3191 1300 3377 1354 ἐνθάδε
3421 1300 3552 1371 ὕλης
3571 1317 3586 1332 ο
3628 1301 3767 1354 ἔστω

2184 1382 2241 1436 δὲ
2288 1385 2383 1437 καὶ
2431 1385 2583 1439 πόλλ’
2613 1388 2748 1441 ἄττα
2796 1387 3040 1443 ἀλλοιοῦν
3086 1391 3184 1461 τὴν
3217 1391 3441 1462 σελήνην
3481 1391 3660 1464 πλήρη
3704 1409 3765 1444 τε

2183 1469 2369 1535 οὖσαν,
2400 1476 2495 1528 καὶ
2519 1474 2819 1547 διχότομον,
2851 1478 2946 1530 καὶ
2971 1479 3332 1550 ἀμφίκυρτον,
3361 1481 3455 1533 καὶ
3486 1481 3763 1552 μηνοειδῆ,

2184 1565 2465 1636 κρίνεσθαί
2497 1584 2555 1620 τε
2587 1568 2648 1621 τὸ
2678 1568 2949 1641 περιέχον,
2989 1571 3083 1623 καὶ
3125 1572 3479 1641 μεταϐάλλειν
3529 1573 3600 1628 τά
3639 1575 3766 1646 τῇδε

2184 1656 2325 1711 κατά
2367 1657 2711 1731 διαμέτρους,
2752 1662 2845 1715 καὶ
2875 1661 3268 1731 τετραγώνους,
3308 1666 3402 1720 καὶ
3445 1666 3583 1731 ὅλως
3608 1650 3769 1732 ποιάς

2184 1762 2337 1811 τινας
2383 1749 2598 1813 στάσεις
2643 1750 2844 1821 αὺτῆςο
2893 1753 2958 1805 οὐ
3020 1753 3126 1826 μὴν
3172 1754 3229 1809 δὲ
3267 1755 3363 1809 καὶ
3415 1757 3636 1827 εὔλογον
3678 1759 3768 1813 διὰ

2183 1838 2357 1894 ταῦτα
2380 1840 2583 1906 ἐῶντας
2605 1843 2832 1914 διαιρεῖν
2865 1845 2958 1898 τὸν
2986 1844 3081 1899 τοῦ
3104 1845 3253 1917 ἡλίου
3281 1844 3525 1902 ἐνιαυτὸν
3548 1851 3628 1913 είς
3659 1850 3766 1922 μῆ-

518 1947 692 2017 ipsius
723 1946 990 2002 stationes
1025 1964 1039 2000 :
1080 1959 1189 2000 non
1217 1950 1401 2000 tamen
1440 1944 1648 1999 idcirco
1692 1945 1947 1998 convenit
1969 1982 1984 2006 ,
2026 1950 2087 1996 ut

2193 1947 2306 1995 νας,
2333 1932 2425 1985 καὶ
2464 1933 2717 2004 χρῆσθαι,
2746 1916 3133 2007 ἐτεροῤῥεπεῖν
3158 1938 3252 1991 ἐπὶ
3279 1940 3379 2011 τήν
3404 1916 3767 2011 σελήνηνξκαὶ

517 2039 939 2110 supersedentes
966 2037 1099 2092 solis
1125 2050 1329 2091 annum
1374 2036 1431 2090 in
1473 2050 1690 2091 menses
1722 2035 2084 2105 distinguere,

517 2147 690 2200 eaque
717 2130 985 2185 divisione
1014 2129 1115 2195 uti,
1149 2135 1203 2183 et
1235 2126 1303 2181 ad
1343 2127 1528 2182 lunam
1555 2127 1909 2192 divertentes,
1946 2127 2089 2181 ultro

520 2225 819 2288 sponteque
847 2216 1235 2272 dissideamus.
1261 2214 1371 2271 Nec
1398 2217 1544 2271 erﬁm
1579 2217 1880 2272 secundum
1928 2223 2090 2271 natu-

518 2323 638 2361 ram
671 2315 755 2362 est
775 2314 951 2360 totum
989 2305 1093 2362 soli
1121 2305 1429 2376 quadrare;
1460 2314 1643 2378 partes
1691 2316 1869 2361 autem
1908 2307 2088 2371 alteri,

518 2415 682 2472 quam
713 2399 816 2455 soli
838 2397 1011 2469 magis
1030 2398 1346 2454 convenire.
1375 2397 1509 2452 Nam
1544 2407 1729 2469 partes
1758 2407 1885 2454 sunt
1919 2401 2088 2454 totius

522 2492 671 2557 anni,
707 2491 799 2561 qui
833 2504 1049 2546 menses
1073 2490 1453 2553 nominantur,
1482 2488 1570 2544 vel
1593 2490 2091 2560 quomodocunque

522 2582 688 2637 libeat
720 2581 869 2635 illam
899 2581 955 2635 in
981 2580 1269 2636 duodecim
1298 2579 1475 2651 spatia
1501 2580 1699 2635 solaris
1732 2580 2091 2634 revolutionis

523 2674 872 2746 partitionem
916 2672 1211 2743 appellare.
1246 2670 1405 2737 Quod
1447 2670 1594 2727 enim
1644 2685 1811 2725 causa
1860 2679 1945 2726 est
1988 2668 2092 2725 etil-

523 2768 675 2822 ciens
713 2766 903 2832 totius,
940 2765 994 2819 id
1032 2770 1181 2820 certe
1223 2762 1461 2833 partium
1508 2764 1820 2817 necessario
1839 2762 2092 2818 efficiens

522 2865 628 2923 est,
666 2871 792 2911 cum
817 2870 883 2911 ex
910 2852 1158 2926 partibus
1190 2862 1368 2908 totum
1399 2861 1718 2924 consurgat,
1741 2861 1796 2909 et
1824 2854 1943 2924 ipso
1975 2861 2092 2907 toto

520 2956 708 3021 partes
742 2948 854 3005 sint
889 2946 1244 3019 generatione
1285 2944 1520 3021 priores.
1568 2943 1667 3000 Est
1712 2951 1893 2999 autem
1929 2944 2092 2998 etiam

524 3019 875 3113 inaequalius,
902 3038 1377 3109 inordinatiusque
1403 3019 1607 3091 annum
1642 3036 1708 3091 ad
1745 3036 1888 3090 lunze
1915 3036 2094 3109 curri-

525 3136 709 3189 culum
758 3133 960 3189 ducere
993 3151 1006 3185 :
1038 3129 1185 3203 quod
1219 3130 1314 3200 qui
1355 3130 1429 3183 ita
1480 3135 1670 3199 agunt,
1715 3141 1954 3182 mensem
1989 3127 2097 3183 frev

526 3231 760 3295 quenter
792 3224 1077 3288 inserunt;
1109 3234 1210 3276 nec
1238 3234 1431 3291 parum
1466 3218 1669 3273 habent
1709 3218 1935 3291 negotii,
1962 3216 2091 3272 dum

527 3316 667 3371 alios
693 3329 868 3371 annos
897 3314 1168 3369 mensium
1202 3311 1513 3376 duodecim,
1542 3312 1680 3367 alios
1701 3311 1961 3367 tredecim
1988 3309 2094 3367 elli-

526 3409 700 3464 ciunt.
740 3405 928 3477 Itaque
969 3412 1167 3477 praeter
1202 3412 1456 3459 naturam
1508 3403 1727 3475 quidem
1778 3403 1834 3459 id
1889 3404 2091 3474 potius.

525 3501 663 3557 Nam
694 3501 830 3556 ordo
859 3499 1079 3570 quidam
1123 3505 1317 3553 natura
1349 3505 1432 3553 est
1453 3538 1467 3563 ,
1497 3504 1550 3552 et
1589 3504 1787 3567 praeter
1817 3504 2092 3561 naturam,

527 3593 791 3664 quidquid
842 3590 1206 3654 inconditum,
1257 3599 1312 3645 et
1370 3590 1815 3659 incompositum,
1843 3596 1897 3645 et
1946 3589 2096 3659 quod

527 3686 776 3740 ordinem
814 3697 974 3739 suum
1006 3697 1113 3735 non
1143 3678 1624 3736 servat.Cmtcrum
1648 3688 1708 3746 ut
1740 3680 1910 3735 solem
1937 3680 2095 3734 dam-

528 3795 723 3835 nemus
770 3775 1085 3831 inutilitatis
1127 3781 1350 3844 propter
1396 3774 1537 3827 lunae
1593 3774 1725 3838 vim,
1770 3780 1825 3827 et
1861 3788 1925 3827 ea
1973 3787 2097 3843 quae

528 3870 690 3937 vulgo
720 3874 1007 3937 apparent,
1035 3865 1331 3935 postulatio
1352 3863 1515 3919 nimis
1538 3878 1732 3934 magna
1758 3874 1862 3928 est,
1892 3872 1946 3919 et
1975 3879 2097 3933 qua:

528 3960 780 4014 videatur
804 3973 928 4013 esse
956 3957 1081 4026 ejus
1100 3957 1193 4026 qui
1223 3970 1283 4011 se
1298 3958 1470 4026 magis
1491 3956 1677 4012 sensui
1704 3971 1864 4026 quam
1897 3957 2096 4011 rationi

530 4050 783 4119 applicet.
824 4046 1062 4103 Effectus
1108 4047 1254 4102 enim
1295 4048 1457 4112 lunte,
1485 4054 1539 4101 et
1570 4061 1735 4116 Opera
1767 4061 1797 4099 a
1822 4047 1937 4101 sole
1970 4047 2096 4116 qui—

530 4143 653 4197 dem
692 4141 859 4211 (quod
895 4156 1064 4211 prope
1096 4137 1351 4208 dixerim)
1377 4139 1561 4191 omnia
1582 4145 1751 4192 sunt:
1778 4145 1832 4191 et
1872 4137 1984 4192 haec
2015 4137 2101 4190 in-

532 4234 732 4289 feriora
772 4233 913 4288 idem
951 4233 1032 4287 sol
1066 4232 1334 4301 imprimis
1363 4229 1644 4295 describit,
1682 4229 2021 4294 modulatur,
2046 4240 2100 4285 et

532 4325 589 4379 in
628 4338 913 4378 numerum
960 4322 1322 4392 ordinemque
1360 4321 1577 4391 digerit.
1604 4319 1670 4374 Et
1703 4321 1933 4376 aliorum
1975 4322 2099 4391 qui-

530 4416 651 4470 dem
678 4415 918 4470 siderum
944 4412 1355 4483 temperationis
1382 4411 1553 4466 solem
1568 4425 1691 4465 esse
1714 4425 2100 4472 causam,eum

528 4509 718 4563 multis
748 4508 870 4562 aliis
894 4506 1173 4577 praaclaris
1216 4504 1371 4568 viris,
1403 4510 1518 4557 tum
1559 4502 1642 4557 vel
1673 4503 1909 4558 maxime
1945 4499 2099 4557 Stra-

2189 2025 2415 2089 ἐκόντας
2446 2022 2583 2081 εἶναι
2615 2027 2939 2083 διῖστασθαι.
2970 2030 3104 2083 Οὐδὲ
3128 2029 3192 2103 δή
3220 2030 3363 2086 κατά
3392 2032 3553 2103 φύσιν
3580 2033 3643 2086 τὸ
3672 2034 3767 2105 μὲν

2188 2118 2307 2172 ὅλον
2336 2119 2634 2189 προσήκειν
2668 2119 2746 2191 τῷ
2776 2121 2930 2192 ήλίῳ,
2960 2121 3028 2175 τὰ
3058 2121 3116 2175 δέ
3157 2123 3298 2195 μέρη
3329 2124 3503 2196 ἐτέρῳ
3533 2142 3610 2195 τῳ
3637 2125 3770 2196 μᾶλ-

2189 2208 2279 2262 λον
2311 2208 2616 2263 ἐπιϐάλλειν
2661 2210 2695 2280 ἢ
2730 2209 2808 2281 τῷ
2837 2210 2990 2282 ήλίῳ.
3031 2213 3191 2283 Μέρη
3233 2213 3342 2285 γὰρ
3369 2213 3464 2267 τοῦ
3498 2213 3620 2267 ὅλου
3662 2217 3771 2268 ἐνι-

2190 2299 2357 2353 αυτοῦ
2402 2302 2452 2353 oi
2505 2300 2827 2373 καλούμενοι
2872 2302 3062 2373 μῆνες,
3112 2303 3145 2374 ἦ
3178 2304 3207 2357 ὅ
3242 2321 3295 2358 τι
3342 2305 3540 2377 δήποτε
3582 2307 3768 2360 καλεῖν

2190 2392 2345 2461 φίλον
2374 2391 2465 2446 τδν
2498 2394 2578 2457 εἰς
2621 2392 2829 2448 δώδεκα
2855 2395 3140 2467 ’μερισμὸν
3185 2396 3284 2468 τῆς
3312 2398 3404 2451 τοῦ
3439 2398 3587 2471 ἡλίου
3614 2417 3771 2472 περι-

2192 2487 2382 2556 φορᾶς.
2428 2485 2502 2539 Τὸ
2552 2485 2609 2539 δὲ
2654 2485 2751 2539 τοῦ
2792 2486 2915 2540 ὅλου
2963 2489 3266 2560 ποιητικὸν,
3300 2491 3395 2542 καὶ
3433 2489 3541 2544 τῶν
3588 2493 3772 2562 μερῶν

2188 2578 2355 2631 ταὺτὸ
2385 2577 2665 2649 ποιητικὸν
2713 2576 2774 2643 ἐξ
2823 2580 3070 2650 ἀνάγκης
3116 2581 3283 2635 ἐστίν.
3321 2582 3416 2636 Ἐκ
3446 2582 3555 2636 τῶν
3590 2583 3771 2654 μερῶν

2189 2670 2301 2741 γάρ
2327 2670 2388 2723 τὸ
2438 2671 2577 2738 ὅλον,
2606 2672 2702 2725 καὶ
2744 2675 2810 2743 τῇ
2856 2673 3067 2742 γενέσει
3111 2674 3351 2746 πρότερα
3394 2675 3493 2729 τοῦ
3539 2676 3660 2731 ὅλου
3701 2676 3770 2731 τὰ

2196 2763 2357 2834 μέρη.
2393 2764 2549 2816 Ἔστι
2576 2763 2632 2816 δὲ
2661 2765 2757 2818 καὶ
2788 2764 3214 2837 ἀνωμαλώτερόν
3253 2785 3313 2821 τε
3354 2769 3450 2822 καὶ
3484 2770 3771 2823 ἀτακτότε-

2195 2871 2287 2925 ρον
2319 2854 2381 2907 τὸ
2411 2855 2550 2928 πρὸς
2577 2856 2674 2927 τὴν
2716 2855 2887 2927 φορὰν
2927 2857 3028 2927 τῆς
3058 2857 3285 2929 σελήνης
3309 2859 3495 2927 ἄγειν·
3523 2861 3591 2914 δι’
3621 2861 3650 2914 ὅ
3677 2863 3770 2916 καὶ

2195 2946 2365 3018 συχνά
2389 2947 2734 3001 ἐπιϐάλλουσι
2763 2949 2905 3020 μῆνα
2944 2950 2993 3002 oi
3026 2949 3198 3014 οὕτως
3230 2950 3473 3020 ἄγοντες,
3507 2953 3603 3007 καὶ
3632 2956 3772 3026 πρά-

2193 3055 2377 3110 γματα
2422 3038 2627 3111 έχουσι,
2682 3040 2748 3093 τὰ
2793 3042 2890 3111 μὲν
2925 3041 3298 3115 δωδεκάμηνα,
3344 3044 3491 3099 τὰδὲ
3517 3063 3767 3118 τρισκαι-

2195 3131 2478 3203 δεκάμηνα
2520 3132 2831 3203 ποιούμενοι
2868 3133 2975 3187 τῶν
3005 3135 3166 3188 ἐτῶν.
3190 3136 3396 3191 Οὐκοῦν
3422 3138 3574 3209 παρά
3610 3138 3769 3208 φύσιν

2114 3253 2164 3311 C
2195 3238 2259 3290 γε
2300 3221 2517 3293 μᾶλλον.
2550 3222 2715 3286 Τάξις
2755 3224 2863 3295 γάρ
2890 3240 2973 3286 τις
3006 3226 3040 3295 ἡ
3074 3224 3253 3293 φύσις,
3289 3227 3382 3280 καὶ
3409 3227 3561 3299 παρά
3610 3229 3771 3299 φύσιν

2195 3315 2304 3367 πᾶν
2330 3314 2392 3366 τὸ
2420 3313 2739 3387 πλημμελές
2767 3332 2827 3369 τε
2880 3317 2974 3370 καὶ
3016 3317 3267 3372 ἄτακτον.
3305 3317 3378 3373 Τὸ
3399 3320 3444 3373 δ’
3473 3321 3771 3393 ἀχρηστίαν

2192 3405 2285 3458 τοῦ
2314 3405 2464 3477 ἡλίου
2494 3406 2923 3475 καταγινώσκειν
2960 3408 3051 3461 διὰ
3092 3410 3190 3481 τὴν
3218 3409 3319 3480 τῆς
3355 3412 3581 3484 σελήνης
3614 3412 3771 3467 δύνα-

2198 3515 2291 3568 μιν
2331 3496 2429 3551 καὶ
2466 3497 2533 3551 τὰ
2565 3498 2884 3569 φαινόμενα,
2917 3498 3125 3570 αἴτημα
3167 3500 3287 3555 λίαν
3321 3502 3463 3572 μέγα
3510 3505 3647 3570 ἐστὶ,
3677 3505 3775 3560 καὶ

2195 3588 2551 3659 προσέχοντος
2570 3589 2815 3661 αἰσθήσει
2851 3591 3048 3662 μᾶλλον
3081 3591 3255 3646 ἔοικεν
3273 3590 3412 3647 εἶναι
3442 3595 3476 3667 ἢ
3507 3594 3771 3668 λογισμιῖι.

2196 3679 2279 3732 Τά
2303 3697 2362 3733 τε
2388 3679 2495 3753 γὰρ
2523 3681 2622 3752 τῆς
2649 3680 2876 3753 σελήνης
2896 3682 3031 3754 ἔργα
3054 3683 3143 3737 διά
3168 3683 3256 3737 τὸν
3279 3685 3447 3755 1ήλιον,
3476 3686 3551 3749 ῶς
3576 3688 3771 3753 εἰπεῖν,

2196 3771 2391 3825 ἅπαντ’
2434 3772 2583 3825 ἐστί·
2619 3774 2679 3827 τό
2718 3791 2778 3827 τε
2826 3774 3060 3844 μάλιστα
3100 3776 3339 3847 κοσμοῦν
3373 3777 3442 3834 τά
3489 3778 3638 3850 τῇδε,
3677 3782 3775 3834 καὶ⁵

2199 3861 2478 3933 ρυθμίζον,
2513 3862 2606 3918 καλ.
2633 3863 2934 3931 διατάττον,
2967 3866 2997 3917 ὁ
3024 3866 3171 3937 ἥλιός
3197 3871 3335 3923 ἐστι.
3366 3870 3475 3923 Καὶ
3528 3870 3633 3943 μὴν
3678 3872 3775 3927 καὶ

2195 3954 2295 4025 τῆς
2320 3955 2448 4026 περὶ
2473 3956 2599 4018 τοὺς
2618 3955 2810 4020 ἄλλους
2841 3958 3075 4028 ἀστέρας
3102 3959 3399 4032 εὐκρασίας
3429 3962 3598 4015 αῖτιον
3635 3960 3775 4017 εἶναι

2198 4047 2288 4100 τὸν
2321 4048 2472 4118 ἥλιον
2516 4048 2694 4113 ἄλλοις
2729 4066 2790 4103 τε
2834 4049 2946 4104 τῶν
2990 4050 3214 4115 ἐνδόξων
3259 4054 3353 4106 καλ⁸
3389 4054 3663 4125 Στράϐωνι
3694 4055 3776 4126 τῷ

2200 4140 2508 4211 γεωγράφῳ
2543 4140 2707 4196 δοκεῖ.
2746 4141 3141 4214 Ἐναργέστερα
3175 4142 3358 4214 μέντοι
3392 4143 3461 4197 τά
3504 4147 3633 4216 περὶ
3673 4147 3777 4218 τὴν

2203 4230 2431 4303 σελήνην
2459 4231 2819 4302 συμϐαίνοντα
2863 4233 3003 4287 κατά
3032 4233 3320 4306 διαφόρους
3350 4235 3539 4305 φάσεις
3572 4239 3635 4290 ἐκ
3664 4237 3777 4290 τῶν

2203 4322 2340 4391 πρὸς
2369 4321 2459 4375 τὸν
2487 4322 2637 4392 ἥλιον
2667 4323 3019 4377 ἀποστάσεων
3046 4326 3178 4395 ήμτν
3214 4325 3448 4397 ἀπαντᾷ.
3480 4327 3628 4379 Ὦστ’
3656 4328 3778 4380 ἐπι-

2200 4414 2441 4486 τηρητέα
2472 4414 2652 4484 μέντοι
2680 4415 2774 4469 καὶ
2805 4414 2956 4468 ταῦτ’
2977 4415 3142 4480 ἐστὶν,
3183 4416 3294 4470 εἴτε
3327 4417 3448 4471 καθ’
3477 4417 3778 4488 ἑϐδομάδας

2202 4505 2311 4558 εἴτε
2350 4503 2473 4559 καθ’
2515 4505 2699 4576 ἕτερον
2728 4505 2874 4577 μῆνα
2922 4507 3068 4560 δοκεῖ
3111 4507 3443 4578 σεληνιακόν.
3478 4508 3552 4561 Οὐ
3582 4508 3687 4578 μὴν
3716 4508 3777 4562 δέ

528 4598 660 4653 1)οηί
714 4596 1023 4667 geographo
1086 4593 1318 4648 videtur.
1362 4591 1713 4646 Evidentiora
1756 4598 1941 4646 tamen
1978 4606 2094 4646 sese

2208 4597 2303 4650 xui.
2329 4597 2508 4668 μόνοις
2530 4596 2703 4650 τοῖσδε
2738 4599 3054 4670 χρωμένους
3081 4599 3263 4652 ἐατέον
3293 4600 3419 4662 τοὺς
3471 4599 3591 4653 καθ’
3626 4600 3781 4671 ἥλιον

529 4692 689 4748 nobis
716 4690 971 4754 offerunt,
993 4702 1113 4759 qua:
1125 4687 1450 4756 contingunt
1468 4685 1618 4739 circa
1649 4685 1859 4749 lunam,
1878 4692 2102 4754 propter

529 4785 843 4840 differentes
870 4783 992 4852 ejus
1016 4783 1253 4853 species,
1280 4795 1346 4834 ex
1376 4778 1545 4834 variis
1572 4778 1706 4833 solis
1734 4777 2105 4847 intercapedi-

529 4878 694 4932 nibus
728 4876 1159 4947 proficiscentes.
1202 4873 1549 4941 Quapropter
1586 4868 1930 4923 observanda
1973 4875 2105 4923 sunt

531 4971 669 5036 haec,
713 4970 827 5023 sive
861 4983 959 5037 per
998 4966 1354 5035 septimanas,
1388 4963 1504 5018 sive
1557 4976 1653 5031 per
1680 4962 1911 5015 alterum
1950 4976 2105 5015 men-

532 5077 647 5117 sem
676 5062 922 5114 lnnarem
953 5057 1189 5112 vldetur.
1224 5054 1412 5125 Neque
1450 5069 1582 5109 vero
1618 5053 1705 5110 his
1729 5053 1866 5109 solis
1898 5052 2103 5108 utendo

529 5153 741 5211 soleres
774 5152 1029 5206 deserere
1058 5155 1294 5219 oportet,
1327 5147 1421 5217 qui
1448 5147 1558 5203 sint
1589 5147 1749 5217 longe
1778 5146 2103 5217 aequabilio-

530 5260 642 5309 res,
676 5254 731 5298 et.
770 5248 954 5312 partes
1001 5248 1308 5309 temporum
1350 5238 1613 5293 divinitus
1647 5237 2102 5304 constitutorum,

528 5337 811 5404 totiusque
844 5333 977 5387 anni
1010 5331 1246 5403 propriae
1283 5337 1338 5386 et
1380 5330 1598 5385 nativae.
1649 5329 1967 5385 Secundum
2004 5344 2106 5383 na-

531 5439 711 5484 turam
746 5427 891 5483 enim
937 5425 991 5479 id
1043 5425 1364 5495 simpliciter
1410 5434 1538 5479 est:
1580 5422 2023 5493 quandoquidem
2074 5436 2106 5476 a

532 5534 724 5585 causa,
754 5530 809 5574 et
836 5519 1039 5592 priore,
1089 5524 1145 5572 et
1197 5516 1375 5589 magis
1415 5516 1753 5572 necessaria.
1787 5516 1945 5583 Quod
1974 5531 2105 5573 vero

531 5624 618 5669 est
643 5629 673 5667 a
703 5614 855 5676 luna,
887 5612 1073 5668 notius
1100 5610 1260 5666 nobis
1282 5624 1407 5664 cum
1452 5610 1525 5666 sit
1565 5618 1619 5665 et
1649 5611 1915 5679 apertius,
1957 5612 2104 5667 viam

533 5705 602 5759 ad
625 5720 689 5759 ea
706 5721 835 5775 qua:
867 5712 996 5760 sunt
1023 5704 1235 5759 notiora
1269 5711 1487 5770 natura,
1518 5712 1572 5758 et
1601 5705 1952 5774 perfectiora,
1984 5720 2106 5759 mu-

533 5797 637 5850 nit.
659 5796 1029 5862 Quamobrem
1052 5797 1235 5854 Caesar
1262 5805 1623 5869 cognomento
1654 5797 1796 5868 apud
1829 5797 2104 5854 Romanos

537 5886 725 5954 Divus,
768 5887 1050 5959 ingressus
1080 5887 1224 5943 hanc
1244 5889 1386 5944 viam
1433 5888 1497 5943 ad
1540 5871 1617 5953 id,
1652 5887 1797 5957 quod
1826 5895 1946 5943 erat
1977 5902 2098 5945 cer-

2208 4687 2383 4758 μῆνας
2406 4686 2804 4759 όμαλεστέρους
2823 4688 2982 4752 ὄντας
3009 4686 3159 4760 παρά
3192 4687 3347 4753 πολὺ,
3378 4689 3472 4741 καὶ
3500 4689 3640 4759 μέρη
3668 4688 3778 4742 τῶν

2205 4777 2270 4830 ἐκ
2301 4775 2435 4830 Θεοῦ
2459 4776 2637 4849 ὡρῶν,
2673 4777 2770 4831 καὶ
2816 4775 2907 4831 τοῦ
2955 4777 3076 4831 ὅλου
3118 4777 3364 4831 ἐνιαυτοῦ
3389 4779 3564 4832 οἰκεῖά
3593 4795 3652 4831 τε
3682 4780 3779 4832 uati.

2205 4866 2467 4937 αὐτοφυῆ.
2512 4868 2668 4922 Κατά
2708 4867 2869 4937 φύσιν
2901 4867 3008 4940 γὰρ
3049 4867 3194 4921 τοῦθ’
3238 4866 3459 4933 ἁπλῶςο
3492 4867 3648 4941 εἴπερ
3684 4871 3784 4922 καὶ

2205 4958 2264 5023 ἐξ
2295 4959 2492 5023 αἰτίου,
2535 4960 2629 5013 καὶ
2664 4960 2955 5032 προτέρου,
2990 4959 3084 5013 καὶ
3124 4960 3570 5032 ἀναγκαιοτέρου.
3604 4960 3677 5012 Τὸ
3720 4959 3781 5013 δὲ

2205 5049 2313 5103 ἀπὸ
2338 5050 2435 5120 τῆς
2471 5049 2716 5120 σελήνης,
2765 5048 3183 5121 γνωριμώτερον
3223 5049 3283 5103 ὃν
3319 5051 3453 5121 ἡμῖν
3488 5049 3581 5103 καὶ
3614 5048 3783 5116 σαφέ-

2208 5157 2415 5213 στερον,
2449 5140 2564 5204 ὁδός
2608 5142 2754 5193 ἐστιν
2779 5142 2870 5196 ἐπὶ
2898 5141 2967 5195 τὰ
2991 5145 3057 5213 τῇ
3089 5142 3248 5211 φύσει
3290 5140 3681 5212 γνωριμώτερά
3717 5157 3781 5192 τε

2206 5232 2301 5287 καὶ
2343 5231 2663 5304 τελεώτερα.
2702 5234 2779 5287 Δι’
2806 5233 2836 5286 ὃ
2865 5234 2960 5288 καὶ
2998 5236 3045 5287 οἱ
3090 5236 3219 5305 περὶ
3259 5234 3515 5305 Καίσαρα
3542 5232 3634 5286 τὸν
3681 5233 3783 5285 ἐπ-

2205 5324 2591 5398 ωνομασμένον
2623 5328 2736 5388 τοῖς
2751 5325 3043 5397 Ῥωμαίοις
3080 5324 3218 5391 θεὸν,
3240 5324 3440 5395 ταύτην
3471 5324 3656 5387 ἰόντες,
3684 5323 3781 5376 ἐπὶ

2203 5418 2623 5490 τάκριϐέστερον
2651 5417 2944 5490 ἐληλύθασι
2973 5418 3158 5491 μηνῶν
3179 5435 3238 5472 τε
3264 5419 3359 5472 καὶ
3383 5416 3628 5471 ἐνιαυτοῦ
3662 5415 3781 5469 δια-

2205 5509 2411 5575 τάξεως
2444 5511 2592 5583 πέρι.
2624 5512 2685 5565 Oi
2707 5511 2751 5563 δ’
2780 5510 2889 5583 ἄρα
2926 5514 3036 5575 τοῖς
3068 5512 3126 5566 ἐν
3160 5511 3286 5564 ποσὶ
3323 5511 3417 5565 καὶ
3446 5511 3575 5581 ἡμῖν
3618 5525 3787 5578 σαφε-

2208 5602 2419 5675 στέροις
2452 5602 2805 5674 ἐπιμένοντες
2842 5601 2931 5656 διὰ
2969 5601 3156 5665 τέλους
3207 5601 3446 5655 ἐοίκασιν
3488 5600 3548 5652 οὐ
3604 5597 3785 5663 καλῶς

2206 5697 2429 5767 κρίνειν,
2456 5696 2507 5749 τί
2542 5697 2605 5750 τὸ
2630 5696 2696 5750 δι’
2731 5695 2883 5760 αὐτὸ,
2906 5695 3001 5749 καὶ
3033 5695 3087 5747 τί
3119 5694 3182 5747 τὸ
3204 5693 3270 5747 δι’
3297 5692 3481 5765 ἕτερον
3518 5690 3781 5763 αἱρετέον.

2209 5790 2384 5853 Ὅλως
2424 5807 2484 5843 τε
2523 5789 2606 5843 δεῖ
2643 5786 2885 5860 νομίζειν
2920 5786 3242 5859 τάῠστερον
3281 5786 3455 5857 χρόνῳ
3487 5782 3680 5855 μακρῷ
3706 5782 3786 5834 διο

2203 5882 2562 5956 ηκριϐωμένα
2591 5882 2717 5954 περὶ
2758 5879 3107 5955 ἀστρολογίαν
3134 5877 3266 5933 πολύ
3299 5894 3353 5932 τι
3401 5875 3509 5931 τῶν
3545 5872 3787 5947 ἀρχαίων
