4112 6440
364 435 499 491 i197

1320 431 1670 487 THEODORI
1709 429 1918 486 GAZE
1971 430 2171 484 LIBER
2213 429 2300 484 DE
2342 430 2703 487 MENSIBUS.

3488 440 3622 498 1198

363 549 672 622 διαφέρειν·
709 546 842 602 ἀλλὰ
873 546 947 618 μὴ
984 546 1208 610 ἑκόντας
1255 547 1346 598 ὑπ’
1385 546 1673 609 αὐθαδείας
1712 547 1816 617 πρὸ
1845 545 1947 598 τῶν

2056 544 2165 599 tius
2196 546 2554 614 exaetiusque
2573 547 2640 601 de
2671 546 2800 601 anni
2837 549 3216 621 mensiumque
3242 551 3622 621 dispositiones

358 641 704 712 τελεωτέρων
728 640 798 693 τὰ
829 639 1159 708 άτελέστερα
1203 640 1464 700 ἐπαινεῖν,
1495 639 1683 708 ὥσπερ
1710 641 1768 690 ἐν
1801 639 1946 708 γήρα

356 735 429 790 τὰ
456 734 565 788 τῶν
587 733 722 787 νέων
745 735 961 804 φρονεῖν
1009 733 1088 785 ἐτι
1124 733 1609 802 προαιρουμένους.
1654 731 1807 784 Ἐπεὶ
1855 731 1948 782 καὶ

361 825 597 896 Γαληνὸς
640 827 697 878 ἐν
732 826 846 886 τοῖς
890 823 1019 894 περὶ
1057 823 1327 894 κρισίμων
1357 820 1580 893 ἡμερῶν
1633 821 1810 890 λόγοις
1857 821 1947 873 τὸν

363 916 608 970 ἐνιαυτὸν
636 917 726 969 ἐπὶ
751 917 871 978 ταῖς
899 916 1061 969 πέντε
1087 915 1181 968 καὶ⁵
1208 915 1472 986 ἐξήκοντα
1494 914 1586 967 καὶ
1609 914 1948 985 τριακοσίαις

365 1008 618 1079 ἡμέραις,
653 1007 998 1077 ἐπικείμενον
1028 1006 1171 1076 ἔχειν
1209 1023 1260 1058 τι
1297 1006 1483 1076 μόριον
1524 1005 1738 1074 ἡμέρας
1767 1001 1948 1074 μεῖζον

363 1101 398 1170 ἢ
429 1101 505 1164 ὼς
531 1100 788 1172 τέταρτον
819 1099 987 1168 λέγει.
1022 1100 1094 1151 Τὸ
1135 1098 1179 1151 δ’
1213 1098 1272 1150 οὐ
1321 1097 1522 1168 μεῖζον,
1573 1096 1686 1150 ἀλλ’
1732 1095 1948 1148 ἔλαττον

363 1188 521 1256 εἶναι,
549 1194 667 1254 ταῖς
695 1191 920 1262 ὕστερον
949 1191 1337 1260 ἐπιτηρὴσεσιν
1380 1186 1631 1258 εὓρηται.
1661 1187 1723 1238 El
1763 1186 1808 1239 δ’
1841 1186 1949 1256 ἄρα

362 1303 467 1338 που
504 1285 636 1356 μηδέ
681 1285 748 1337 τά
791 1283 918 1353 περὶ
961 1282 1059 1354 τὴν
1087 1281 1237 1351 ἡλίου
1279 1280 1493 1351 κίνησιν
1523 1277 1783 1350 τάκριϐὲς
1813 1294 1949 1329 παν-

359 1375 596 1428 τάπασιν
629 1371 766 1443 ῐσχοι
805 1375 937 1443 ἡμῖν
961 1388 975 1402 ο
1010 1370 1124 1424 ἀλλ’
1152 1365 1245 1423 οὖν
1278 1385 1343 1436 γε
1390 1367 1523 1420 πολὺ
1555 1367 1663 1421 τῶν
1692 1368 1821 1438 περὶ
1850 1366 1947 1438 τὴν

362 1466 591 1538 σελήνην
639 1463 980 1537 άκριϐέστερ’
1025 1463 1164 1528 ἐστὶ,
1209 1463 1302 1515 καὶ
1361 1461 1422 1514 τὸ
1461 1459 1948 1530 πλημμελούμενον

359 1559 871 1630 εὑδιορθωτότερον⁸
906 1557 1051 1624 εἴγε
1088 1555 1216 1626 μίαν
1253 1554 1350 1625 μὲν
1399 1552 1488 1606 διὰ
1531 1551 1948 1637 τετραετηρίδος

359 1645 570 1716 ἡμέραν
598 1645 914 1716 ἐμϐόλιμον,
950 1644 1078 1714 μίαν
1105 1643 1161 1696 δὲ
1192 1642 1375 1712 σχεδὸν
1407 1641 1496 1696 διά
1532 1642 1946 1713 διακοσαετηρί-

357 1736 447 1800 δος
501 1735 788 1806 ἐκϐόλιμον
839 1733 1147 1798 ποιεῖσθαι,
1189 1731 1553 1803 ἀποχρώντως
1601 1732 1667 1786 ἂν
1727 1731 1862 1801 ἔχοι,
1913 1731 1946 1802 ἡ

358 1827 555 1881 ὁπόσον
611 1827 677 1881 ἂν
721 1827 808 1881 διά
851 1827 1104 1880 πλείστου
1143 1826 1192 1878 οἱ
1237 1826 1518 1896 περιόντες
1565 1825 1651 1877 ἀεὶ
1689 1822 1766 1893 τῷ
1816 1823 1946 1893 χρό-

2055 636 2209 706 163
2241 638 2468 706 propius
2499 638 2754 693 accessit.
2785 640 2889 705 Qui
2925 657 3054 712 ergo
3102 643 3157 696 in
3189 645 3369 698 medio
3408 647 3622 714 positis,

2049 737 2102 778 et
2138 728 2296 780 nobis
2328 729 2800 786 manifestioribus
2828 733 3052 788 assidue
3087 735 3375 799 insistunt,
3410 752 3519 790 non
3554 737 3628 792 vi-

2051 817 2250 870 dentur
2281 828 2427 872 recte
2453 819 2778 889 dignoscere
2805 823 2935 892 quid
2961 839 3057 893 per
3080 840 3137 878 se
3164 833 3218 878 ct
3243 827 3373 894 quid
3402 838 3626 896 propter-

2051 909 2195 964 aliud
2237 912 2566 966 sumendum
2615 915 2709 968 sil.
2745 913 3034 985 Semelque
3066 917 3386 973 existimare
3413 927 3626 988 oportet

2052 1003 2361 1071 astrologiae
2390 1008 2916 1073 commentationes,
2952 1024 3072 1077 quae
3120 1010 3292 1062 multo
3327 1019 3452 1079 post
3487 1020 3624 1066 tem-

2051 1108 2184 1160 pore
2207 1094 2554 1164 diligentiore
2572 1112 2702 1150 cura
2723 1098 2991 1153 “absolutae
3015 1107 3162 1166 sunt,
3196 1116 3306 1154 non
3334 1117 3524 1170 parum
3559 1101 3626 1156 ab

2050 1185 2292 1256 antiquis
2330 1187 2439 1241 illis
2466 1197 2760 1257 praestare;
2802 1205 2909 1244 non
2942 1199 3124 1246 autem
3157 1208 3266 1261 pra:
3319 1193 3625 1263 pervicacia

2050 1273 2250 1328 docens
2277 1287 2360 1330 est
2381 1277 2786 1346 imperfectiora
2815 1281 3240 1350 perfectioribus
3269 1295 3624 1355 anteponere,

2050 1369 2206 1437 quasi
2236 1370 2480 1424 volentes
2504 1371 2558 1424 in
2588 1381 2870 1434 senectute
2899 1374 3077 1429 adhuc
3107 1377 3344 1432 retinere
3380 1379 3628 1447 pueritiae

2051 1461 2306 1531 ineptias.
2346 1461 2575 1527 Quando
2608 1465 2689 1518 vel
2723 1465 2841 1535 ipse
2871 1465 3112 1522 Galenus
3137 1468 3190 1521 in
3227 1468 3384 1524 libris
3415 1469 3483 1524 de
3511 1469 3628 1524 die-

2051 1554 2152 1607 bus
2181 1553 2500 1609 decretoriis
2531 1557 2686 1620 dicit,
2731 1571 2875 1611 anno
2897 1574 3058 1628 supra
3089 1568 3364 1615 trecentos
3389 1569 3443 1616 et
3477 1576 3628 1617 sexa-

2049 1645 2200 1712 ginta
2225 1647 2467 1716 quinque
2494 1646 2612 1703 dies
2631 1689 2645 1710 ,
2680 1651 3009 1719 particulam
3040 1655 3335 1722 quamdam
3365 1655 3627 1709 accedere

2051 1736 2158 1791 diei
2193 1739 2499 1807 quadrante
2532 1740 2820 1809 majorem.
2844 1743 3009 1814 Atqui
3042 1761 3149 1800 non
3188 1748 3452 1816 majorem
3483 1764 3624 1814 esse,

2051 1831 2142 1886 sed
2177 1832 2462 1896 minorem,
2507 1834 2741 1900 posteris
2773 1836 3260 1892 observationibus
3306 1845 3628 1892 annotatum

360 1937 436 1990 νῳ
468 1919 831 1992 ἀστρονομίας
879 1918 1263 1990 ἐμπειρότατοι
1309 1917 1585 1988 κρίνωσιν.
1633 1915 1797 1968 Οὐδὲν
1836 1914 1944 1984 γὰρ

2049 1931 2148 1976 est.
2171 1920 2325 1988 Quod
2351 1923 2394 1977 si
2421 1923 2562 1978 forte
2592 1941 2660 1978 ne
2689 1925 2823 1980 solis
2849 1928 3068 1996 quidem
3105 1939 3288 1984 motus
3323 1930 3464 1984 ratio
3493 1929 3629 1983 satis

358 2013 437 2084 τῷ
490 2013 717 2084 παρόντι
768 2013 1125 2084 προσίσταται
1174 2012 1337 2083 λόγῳ,
1381 2012 1435 2065 εἴ
1479 2029 1623 2075 τινες
1671 2009 1947 2082 ἀμφισϐη-

2055 2010 2216 2065 nobis
2248 2017 2496 2077 constet;
2541 2022 2595 2066 at
2634 2029 2796 2081 quam
2853 2014 2996 2068 lunae
3039 2023 3187 2069 certe
3221 2018 3396 2071 multo
3425 2019 3629 2071 certior

359 2106 512 2161 τοῦσι
543 2105 786 2178 περὶτοῦ
819 2107 926 2161 τῶν
953 2106 1089 2160 ἐτῶν
1122 2105 1379 2178 πλήθους.
1427 2104 1947 2176 Ἀναμφισϐητήτως

2054 2110 2160 2161 est.
2191 2103 2422 2172 ejusque
2460 2119 2619 2158 error
2668 2106 2862 2172 levior,
2890 2114 2943 2160 et
2978 2108 3160 2162 minus
3195 2110 3371 2163 errori
3399 2109 3630 2179 propin-

359 2198 468 2270 γὰρ
510 2201 544 2270 ἡ
586 2199 956 2272 ἐπανόρθωσις
1002 2198 1154 2253 ἔσται
1211 2197 1301 2252 διὰ
1357 2198 1636 2263 πλείστου,
1680 2197 1828 2259 ὅπως
1880 2194 1946 2248 ἂν

2054 2210 2216 2265 quus.
2254 2193 2536 2264 Siquidem
2571 2197 2706 2252 satis
2745 2208 2831 2253 est
2863 2216 3034 2255 unum
3083 2201 3228 2256 diem
3265 2210 3462 2272 quarto
3493 2217 3632 2271 quo-

359 2297 480 2366 εχῃ,
2053 2300 2160 2355 que
2204 2299 2350 2338 anno
2398 2283 2742 2354 intercalari;
2789 2297 2914 2358 post
2959 2306 3089 2346 vero
3139 2291 3407 2346 ducentos
3462 2291 3632 2346 ferme

359 2386 535 2436 annos
559 2396 730 2436 unum
755 2381 1100 2452 exemptilem
1133 2382 1275 2448 ﬁeri,
1301 2383 1386 2439 vel
1410 2396 1573 2454 quam
1604 2380 1768 2449 longo
1793 2374 2059 2445 temporis
2128 2375 2418 2429 intervallo
2465 2376 2792 2444 judicabunt
2814 2419 2827 2443 ,
2892 2381 2988 2451 qui
3051 2382 3276 2438 assidue
3334 2383 3634 2437 succedent

359 2459 702 2545 experientia
730 2476 1062 2532 excellentes
1085 2479 1413 2532 astronomi.
1448 2474 1637 2545 Neque
1663 2473 1808 2528 enim
1842 2468 2130 2540 praesentis
2163 2479 2246 2522 est
2272 2471 2532 2535 instituti,
2569 2472 2613 2526 si
2641 2473 2843 2541 quibus
2870 2485 3225 2530 controversa
3254 2483 3338 2531 est
3364 2476 3418 2529 in
3442 2475 3545 2529 hac
3573 2487 3633 2528 re

359 2555 628 2622 annorum
678 2567 993 2622 multitudo.
1030 2567 1185 2623 Haud
1233 2568 1398 2623 dubie
1441 2567 1586 2622 enim
1627 2562 1865 2634 plurimo
1919 2559 2185 2628 temporis
2220 2559 2518 2616 interstitio
2561 2565 2964 2632 emendabitur,
3003 2575 3285 2639 utcunque
3317 2585 3378 2626 se
3408 2568 3627 2624 habeat.

358 2672 486 2741 Ὀτι
505 2686 604 2740 καὶ
629 2685 753 2752 τοῖς
783 2686 998 2756 σοφοῖς
1023 2686 1452 2752 δοκεῐβέλτιον
1478 2685 1550 2741 τὰ
1583 2684 1734 2740 κατὰ
1764 2682 1944 2752 ἣλιον

2050 2678 2204 2745 Quod
2252 2680 2377 2735 viris
2420 2681 2763 2756 prudentibus
2809 2686 3134 2740 commodius
3179 2685 3383 2740 videtur
3435 2703 3631 2742 annum

1056 2756 1246 2812 ἄγειν.

1056 2774 1096 2810 α
1169 2774 1246 2812 ιν.

432 2847 535 2901 IA'.
593 2848 835 2903 Ἐπαινεῖ
857 2847 916 2902 δὲ
945 2774 1313 2920 διαφεῒρεόντως
1347 2850 1442 2904 καὶ
1475 2848 1820 2921 Πλούταρχος
1842 2849 1942 2920 τὴν

361 2937 637 3009 Καίσαρος
663 2939 1057 3012 ἐπανόρθωσιν,
1085 2940 1252 3005 δεινὸς
1281 2940 1355 2994 ὢν
1379 2944 1581 3014 κρῖναι,
1610 2935 1712 2994 ὧδε
1737 2941 1908 3010 λέγων
1925 2956 1938 2970 ⁶

366 3047 385 3080 ι
428 3030 492 3082 Ἦ
517 3029 574 3082 δὲ
605 3030 698 3083 τοῦ
740 3031 1097 3103 ἡμερολογίου
1126 3031 1366 3096 διάθεσις
1407 3032 1500 3086 καὶ
1533 3031 1817 3104 διόρθωσις
1842 3032 1942 3103 τῆς

2613 2755 2680 2808 ad
2707 2755 2868 2810 solem
2897 2773 3067 2826 agere.

2115 2842 2207 2898 XI.
2250 2844 2502 2916 Impense
2543 2861 2670 2902 vero
2712 2847 2898 2903 laudat
2929 2849 3163 2905 Caesaris
3197 2850 3628 2906 emendationem

2044 2933 2421 3003 Plutarchus,
2487 2940 2770 3009 pnestanti
2833 2941 2916 2995 vir
2972 2941 3205 3011 judicio,
3251 2942 3334 2998 sic
3392 2941 3631 2998 dicens:

2052 3045 2071 3079 ι
2113 3027 2404 3084 Fastorum
2439 3031 2955 3103 autem‘dispositio,
2981 3041 3035 3089 et
3080 3035 3466 3090 inconstantia:
3487 3034 3632 3090 illius

360 3121 490 3193 περὶ
529 3121 620 3176 τὸν
666 3123 858 3193 χρόνον
896 3123 1230 3194 ἀνωμαλίας,
1263 3124 1684 3195 φιλοσοφηθεῖσα
1721 3124 1943 3196 χαριέν-

2049 3136 2218 3192 vagae,
2251 3131 2306 3179 et
2336 3124 2560 3179 incertae
2592 3127 2884 3192 correctio,
2910 3127 3186 3196 eleganter
3214 3127 3282 3182 ab
3312 3127 3431 3197 ipso
3459 3127 3631 3196 philov

361 3231 471 3277 τως
509 3215 600 3268 ὑπ’
638 3214 826 3280 αὐτοῦ,
877 3215 971 3269 καὶ
1020 3215 1174 3280 τέλος
1216 3215 1476 3283 λαϐοῦσα,
1511 3217 1940 3289 γλαφυρωτάτην

362 3307 608 3378 παρέσχε
661 3308 871 3380 χρείαν.
931 3327 950 3359 ι
1007 3308 1288 3380 Ἡρόδοτος
1339 3310 1396 3364 δέ
1446 3312 1542 3365 καὶ
1600 3309 1942 3382 σοφωτέρους

359 3397 532 3454 οἴεται
561 3416 701 3452 ειναι
731 3401 1062 3469 Αἰγυπτίους
1103 3401 1394 3474 Ἑλλήνων,
1429 3405 1559 3477 παρ’
1591 3403 1714 3456 ὅσον
1758 3405 1808 3456 oi
1844 3403 1943 3473 μὲν

359 3490 448 3544 διὰ
494 3492 678 3562 τρίτου
721 3492 876 3557 ἔτους
926 3494 1326 3566 ἐπεμϐάλλουσι
1361 3497 1541 3567 μῆνα’
1589 3499 1637 3550 oi
1681 3497 1758 3563 δέ,
1789 3514 1943 3568 τρια-

361 3582 734 3655 κονθημέρους
794 3584 1019 3654 ἄγοντες
1070 3587 1197 3650 τοὺς
1255 3586 1452 3659 μῆνας,
1509 3587 1669 3640 πέντε
1730 3587 1945 3660 ἡμέρας

362 3674 659 3744 ἐπάγουσιν
694 3675 800 3730 ἀνὰ
831 3675 1060 3731 ἕκαστον
1090 3677 1229 3741 ἔτος.
1262 3679 1336 3731 Οὺ
1362 3682 1543 3750 χεῖρον
1574 3679 1630 3732 δὲ
1665 3680 1758 3732 καὶ
1782 3678 1944 3732 πάλιν

362 3765 462 3838 τὴν
499 3766 643 3834 λέξιν
691 3769 856 3822 αὑτοῦ
900 3769 1277 3842 παραθέσθαιο
1315 3789 1333 3821 ι
1380 3772 1608 3840 Ἀγουσι
1649 3770 1705 3824 δὲ
1743 3769 1942 3841 τοσῷδε

365 3855 671 3930 σοφώτερον
697 3858 984 3931 Ἑλλήνων,
1011 3860 1136 3932 ἐμοὶ
1156 3860 1386 3925 δοκέειν,
1419 3861 1529 3932 ὅσῳ
1557 3860 1814 3930 ’Έλληνες
1847 3861 1944 3931 μὲν

361 3948 455 4002 διὰ
479 3949 660 4020 τρίτου
680 3950 828 4016 ἔτεος
847 3952 1140 4026 ἐμϐόλιμον
1171 3953 1574 4024 ἐπεμϐάλλουσι
1618 3952 1728 4008 τῶν
1756 3953 1944 4025 ὡρέων

363 4043 540 4096 εἴνεκε
560 4061 574 4074 ’
605 4045 889 4114 Αἰγύπτιοι
917 4047 998 4111 δὲ,
1027 4047 1527 4119 τριηκοντημέρους
1559 4047 1780 4116 ἄγοντες
1818 4045 1946 4108 τοὺς

365 4133 609 4190 δυώδεκα
636 4137 832 4208 μῆνας,
858 4139 1125 4208 ἐπάγουσι
1146 4138 1248 4192 ἄνα
1271 4140 1379 4194 πᾶν
1400 4138 1518 4202 ἔτος
1543 4138 1702 4192 πέντε
1733 4137 1946 4209 ἡμέρας

365 4226 544 4298 παρὲξ
567 4228 662 4281 τοῦ
685 4229 944 4301 ἀριθμοῦ.
969 4250 988 4282 ι
1023 4229 1097 4286 Τὸ
1139 4231 1198 4284 δέ
1242 4229 1746 4302 τριακονθημέρους
1791 4230 1947 4298 ἄγειν

363 4320 490 4384 τοὺς
528 4321 722 4392 μῆνας,
757 4322 898 4376 κατὰ
929 4323 1080 4394 ἥλιον
1111 4327 1264 4393 ἄγειν
1294 4320 1454 4389 εἶναι,
1499 4322 1649 4393 δηλοῖ
1689 4321 1946 4394 Στράϐων

363 4407 565 4463 οὑτωσὶ
597 4411 769 4480 λέγων
788 4431 801 4443 ·
840 4433 860 4465 ι
899 4414 1214 4482 Αἰγυπτίων
1240 4414 1285 4468 δ’
1312 4415 1428 4468 ἐστὶ
1452 4415 1548 4468 καὶ
1590 4415 1652 4468 τὸ
1681 4413 1780 4477 τὰς
1808 4414 1945 4486 ἡμέ-

367 4517 468 4573 ρας
505 4500 581 4572 μὴ
612 4469 755 4555 καὶτά
789 4469 1019 4574 σελήνην
1071 4505 1254 4570 ἄγειν,
1287 4503 1422 4558 ἀλλὰ
1458 4505 1601 4559 κατὰ
1629 4469 1803 4575 ἥλιον,
1829 4469 1945 4566 τοῖς
1973 4469 2024 4529 D

363 4593 852 4667 τριακονθημέροις
918 4595 1128 4650 δώδεκα
1184 4597 1350 4669 μησὶν
1416 4598 1732 4665 ἐπαγόντων
1785 4595 1946 4649 πέντε

363 4687 579 4760 ἡμέρας
607 4691 728 4742 κατ’
769 4689 1012 4743 ἐνιαυτὸν
1058 4691 1309 4746 ἕκαστον.
1364 4711 1384 4744 ι
1434 4692 1662 4764 Πλήθων
1708 4691 1807 4764 μὲν
1853 4687 1946 4746 οὖν

366 4778 502 4831 πολὺ
523 4779 728 4834 τούτων
763 4780 961 4852 ἀπᾴδει
988 4781 1162 4850 λέγων
1191 4782 1334 4836 κατὰ
1368 4784 1528 4852 φύσιν
1565 4779 1704 4837 εἶναι
1746 4782 1946 4853 μᾶλλον

363 4871 426 4923 τὸ
476 4871 616 4926 κατὰ
664 4872 890 4944 σελήνην
931 4874 1084 4943 ἄγειν
1129 4877 1256 4939 τοὺς
1301 4877 1496 4948 μῆνας,
1547 4878 1642 4929 καὶ
1697 4877 1789 4930 τὸν
1848 4876 1947 4946 μὲν

364 4964 612 5022 ἐνιαυτὸν
665 4965 744 5038 τῷ
795 4967 954 5038 ἡλίῳ,
1002 4968 1131 5033 τοὺς
1173 4969 1231 5023 δὲ
1269 4970 1443 5041 μῆνας
1483 4969 1700 5023 διαιτῶν
1743 4972 1811 5039 τῇ
1857 4985 1946 5022 σε-

365 5057 522 5131 λήνῃ.

617 5173 751 5240 Πῶς
780 5175 1082 5243 χρηστέον
1105 5176 1257 5245 μησὶ
1287 5177 1386 5232 καὶ
1419 5175 1692 5243 ἐνιαυτῷ.

435 5265 536 5320 IB’.
591 5265 782 5336 Ἡμεῖς
831 5266 887 5320 δὲ
937 5267 1166 5338 ὀνόμασι
1217 5268 1314 5339 μὲν
1366 5271 1480 5332 τοῖς
1510 5271 1819 5340 εἰρημένοις
1853 5271 1946 5323 καὶ

363 5357 515 5425 τάξει
542 5359 861 5430 χρησόμεθα
893 5360 1002 5414 τῶν
1033 5362 1240 5433 μηνῶν,
1277 5363 1564 5435 πράγμασι
1595 5365 1651 5417 δὲ
1687 5365 1826 5419 κατὰ
1846 5365 1944 5437 τὴν

364 5450 642 5522 Καίσαρος
685 5451 1082 5524 ἐπανόρθωσιν,
1207 5454 1481 5527 χρώμενοι
1521 5458 1781 5528 Ῥωμαῖοι
1817 5459 1945 5529 ἄχρι

364 5543 459 5597 καὶ
488 5544 602 5610 νῦν,
634 5539 796 5616 ἦττον
839 5546 1040 5617 ἐτέρων
1071 5547 1395 5617 σφάλλεσθαι
1424 5551 1555 5621 περὶ
1597 5550 1696 5623 τὴν
1722 5552 1944 5622 ἀνωμα-

363 5633 484 5686 λίαν
533 5633 748 5689 δοκοῦσι
797 5637 1064 5708 χιλιοστὺν
1119 5641 1214 5693 καὶ
1262 5642 1714 5695 πεντακοσιοστὸν
1762 5643 1943 5712 ὀλίγου

360 5723 471 5782 δεῖν
497 5727 616 5780 τόδε
652 5727 789 5793 ἔτος.
819 5731 1134 5802 Λαμϐάνειν
1161 5750 1219 5787 τε
1250 5733 1527 5807 ἀξιοῦμεν,
1564 5737 1616 5790 εἴ
1643 5754 1784 5802 τινες
1812 5739 1945 5809 χρή-

431 5859 500 5891 '°'
533 5859 780 5931 Euterpe,
823 5879 880 5918 n.
914 5863 968 5920 4.

2046 3213 2272 3281 sophica
2305 3215 2520 3270 ratione
2562 3217 2855 3286 explicata,
2886 3217 3157 3288 ﬁnemque
3189 3219 3406 3285 sortita,
3434 3220 3636 3288 jucun-

2047 3298 2336 3354 dissimum
2385 3317 2545 3358 usum
2595 3305 2851 3373 praebuit.
2885 3325 2902 3356 ι
2959 3304 3267 3362 Herodotus
3314 3317 3494 3363 autem
3539 3322 3632 3364 sa-

2047 3390 2348 3460 pientiores
2399 3390 2606 3448 Graecis
2663 3396 2944 3451 existimat
2990 3395 3312 3469 A‘Sgyptios,
3360 3408 3632 3470 quatenus

2047 3481 2222 3537 Graeci
2270 3484 2434 3538 tertio
2471 3499 2692 3556 quoque
2733 3501 2878 3541 anno
2915 3503 3084 3541 unum
3118 3503 3365 3544 mensem
3396 3491 3633 3544 interca-

2048 3576 2184 3643 lant,
2222 3574 2466 3648 Egyptii
2531 3593 2662 3633 vero
2707 3579 2992 3634 mensibus
3034 3581 3348 3636 tricenariis
3391 3584 3635 3653 quinque

2048 3672 2168 3726 dies
2194 3673 2492 3741 quotannis
2522 3673 2810 3743 adjiciunt.
2846 3673 2951 3730 Sed
2987 3690 3090 3730 nec
3119 3675 3216 3731 abs
3246 3691 3306 3731 re
3334 3675 3499 3732 fuerit
3532 3693 3633 3732 au-

2048 3764 2220 3820 ctoris
2245 3763 2419 3835 ipsius
2447 3766 2616 3820 verba
2638 3781 2904 3836 reponere
2929 3767 2998 3799 ⁵ο*
3027 3786 3042 3822 :
3071 3784 3090 3818 ι
3113 3767 3316 3837 Agunt,
3349 3769 3548 3839 inquit,
3569 3785 3636 3824 eo

2048 3856 2378 3926 prudentius
2421 3856 2650 3923 Graecis,
2686 3866 2747 3912 ut
2785 3859 2918 3913 mihi
2962 3859 3182 3930 quidem
3218 3861 3460 3925 videtur,
3487 3863 3636 3931 quod

2048 3937 2222 4004 Grazci
2277 3951 2443 4006 tertio
2486 3966 2707 4022 quoque
2759 3966 2906 4006 anno
2950 3967 3196 4009 mensem
3247 3938 3634 4010 intercalarem

2049 4040 2288 4106 faciunt,
2336 4041 2501 4112 idque
2544 4050 2851 4112 temporum
2885 4043 3065 4114 gratia
3100 4063 3114 4099 :
3151 4059 3344 4099 verum
3392 4043 3634 4116 Egyptii

2048 4131 2337 4187 duodecim
2373 4132 2658 4187 mensibus
2694 4132 2919 4203 (quibus
2956 4133 3198 4189 tricenos
3222 4133 3340 4189 dies
3370 4133 3637 4190 adnume-

2051 4223 2195 4296 rant)
2247 4224 2482 4296 singulis
2534 4225 2696 4280 annis
2745 4226 2990 4296 quinque
3047 4225 3166 4283 dies
3223 4226 3560 4282 adsciscunt.
3609 4248 3630 4281 ι

2049 4315 2301 4372 Tricenis
2338 4325 2518 4372 autem
2552 4316 2748 4373 diebus
2778 4333 2994 4373 menses
3025 4325 3237 4383 taxare,
3269 4319 3416 4389 quod
3459 4319 3531 4374 sit
3565 4321 3634 4374 ad

2050 4409 2183 4464 solis
2215 4424 2440 4464 cursum
2475 4424 2657 4479 agere,
2689 4409 2935 4464 ostendit
2968 4408 3165 4464 Strabo
3213 4410 3286 4463 ita
3330 4410 3586 4481 inquiens
3615 4430 3630 4467 :

2056 4518 2075 4551 ι
2111 4498 2493 4571 Egyptiorum
2546 4515 2676 4555 vero
2716 4509 2803 4557 est
2855 4509 2910 4556 et
2952 4501 3109 4567 illud,
3145 4501 3262 4558 dies
3297 4517 3406 4558 non
3446 4501 3514 4556 ad
3545 4503 3632 4558 lu-

2047 4607 2197 4658 nam,
2243 4593 2338 4648 sed
2401 4594 2468 4647 ad
2521 4593 2693 4649 solem
2756 4609 2937 4665 agere,
2988 4595 3298 4651 tricenariis
3347 4595 3633 4651 mensibus

2048 4685 2337 4740 duodecim
2373 4687 2617 4756 quinque
2661 4685 2779 4742 dies
2825 4688 3128 4758 quotannis
3170 4687 3565 4758 adjicientium.
3606 4707 3628 4741 ι

2047 4775 2279 4832 Plethon
2310 4778 2478 4848 igitur
2513 4779 2747 4833 multum
2791 4780 2860 4834 ab
2893 4780 2962 4834 iis
2992 4780 3288 4851 discrepat,
3318 4782 3508 4837 dicens
3541 4797 3630 4838 se-

2047 4869 2289 4925 cundum
2353 4877 2608 4925 naturam
2663 4872 2840 4941 magis
2894 4887 3017 4927 esse
3069 4888 3286 4928 menses
3332 4873 3400 4926 ad
3445 4874 3631 4927 lunam

2048 4977 2244 5032 agere;
2281 4977 2486 5016 annum
2521 4963 2742 5034 quidem
2776 4964 2878 5019 soli
2909 4979 3009 5035 pro
3042 4965 3270 5020 arbitrio
3303 4966 3632 5032 attribuens,

2046 5069 2266 5110 menses
2290 5071 2420 5111 vero
2447 5057 2612 5112 lunte.

2261 5170 2538 5236 Quomodo
2567 5170 2819 5225 utendum
2853 5170 3116 5226 mensibus
3147 5181 3196 5224 et
3222 5188 3379 5226 anno.

2116 5263 2234 5320 ΧΠ.
2275 5264 2388 5320 Nos
2436 5272 2618 5320 autem
2651 5272 2705 5319 et
2745 5265 2939 5320 ordine
2986 5267 3260 5321 mensium
3305 5275 3359 5322 et
3392 5267 3635 5320 nomini-

2047 5359 2152 5414 bus
2186 5368 2407 5414 utemur
2453 5359 2784 5429 explicatis;
2818 5359 2984 5415 rebus
3031 5374 3162 5414 vero
3200 5359 3356 5430 juxta
3397 5360 3633 5414 Caesaris

2048 5453 2509 5517 emendationem,
2545 5467 2653 5522 qua
2700 5452 2967 5506 hactenus
3010 5460 3227 5507 utentes
3256 5450 3490 5506 Romani
3529 5452 3634 5507 mi-

2049 5558 2154 5597 nus
2184 5542 2415 5612 reliquis
2447 5543 2502 5596 in
2529 5542 2631 5596 bac
2659 5542 2983 5598 confusione
3018 5543 3131 5596 falli
3161 5543 3418 5597 videntur
3449 5563 3461 5597 :
3505 5543 3634 5596 mil-

2049 5637 2274 5692 lesimus
2329 5645 2384 5690 et
2429 5651 2597 5706 prope
2645 5635 3121 5706 quingentesimus
3161 5636 3274 5706 jam
3321 5636 3410 5690 hic
3454 5651 3635 5696 annua

2049 5739 2152 5786 est.
2188 5728 2376 5799 Neque
2409 5744 2540 5784 vero
2566 5728 2612 5785 si
2648 5727 2779 5800 quid
2818 5743 2848 5781 a
2883 5728 3212 5799 quibusdam
3240 5730 3634 5801 excogitatum,
