4132 6410
554 428 691 486 H99

1612 424 1703 479 AD
1736 422 2013 480 EUSEBlb
2047 421 2443 478 CIIRONICON
2486 422 2849 479 APPENDIX.

3681 428 3826 486 ιεου

549 552 609 603 et
639 545 694 600 in
722 557 1067 598 communem
1108 542 1233 596 vitte
1264 539 1554 597 utilitatem
1595 540 1852 593 collatum
1883 547 1987 601 est,
2018 540 2112 592 sive

2236 542 2391 609 σιμόν
2422 558 2473 592 τι
2506 539 2734 611 ἐφεῦρον
2760 539 2838 609 τῷ
2868 539 2989 609 βίῳ,
3026 541 3121 593 ἐάν
3153 559 3210 594 τε
3244 543 3459 596 Λατῖνοι
3485 536 3617 597 ὦσιν
3646 548 3697 599 οἱ
3723 549 3820 601 εὑ-

551 636 752 700 Latini,
793 636 907 690 sive
938 634 1155 689 barbari
1188 634 1297 687 sint
1322 631 1636 700 hujusmodi
1668 631 2000 695 inventores,
2028 631 2127 686 de-

548 729 839 799 dignamur
887 727 955 779 ab
1003 726 1071 780 iis
1117 725 1170 777 id
1225 725 1506 778 inventum
1552 722 1814 776 utendum
1854 723 2123 792 accipere,

548 835 850 888 omnesque
903 818 1237 873 domesticos
1296 823 1352 871 et
1409 815 1707 870 familiares
1772 815 2121 877 existimare,

551 916 799 970 homines
852 912 945 983 qui
993 911 1123 975 sint,
1160 920 1216 965 et
1270 910 1516 979 ejusdem
1568 909 1858 963 nobiscum
1915 916 2126 961 natura:

552 1006 865 1077 participes,
900 1004 1079 1073 iisque
1120 1003 1451 1057 inventionis
1491 1001 1722 1071 gratiam
1767 999 1988 1062 habere,
2014 1013 2124 1053 non

548 1108 729 1152 autem
775 1110 887 1169 prae
946 1093 1148 1149 invidia
1199 1094 1539 1149 contentiose
1583 1091 1775 1155 rixari,
1824 1098 1876 1145 et
1930 1099 2125 1160 sponte

546 1190 819 1246 deteriora
853 1203 1163 1257 capessere.
1208 1186 1410 1242 Diebus
1450 1187 1633 1255 itaque
1662 1185 1924 1238 trecentis
1965 1197 2123 1238 sexa-

543 1283 692 1353 ginta
726 1281 970 1352 quinque
1012 1280 1080 1333 ad
1118 1280 1251 1335 solis
1291 1293 1515 1334 cursum
1560 1277 1721 1331 nobis
1760 1276 2123 1330 distribuetur

543 1389 742 1437 annus,
778 1371 963 1427 addita
1004 1388 1222 1442 quoque
1254 1372 1391 1425 huio
1425 1385 1654 1424 numero
1690 1368 1955 1439 particula
1986 1381 2122 1437 qua-

542 1470 689 1537 piam
720 1465 829 1520 diei
862 1475 1058 1534 quarta
1087 1472 1243 1534 parte
1276 1464 1506 1518 minore.
1549 1462 1615 1515 Et
1654 1477 1871 1516 menses
1900 1459 2118 1530 quidem

543 1557 882 1625 complentes
928 1556 1142 1610 dierum
1193 1570 1504 1618 numerum,
1541 1553 1634 1609 alii
1686 1554 1908 1623 triginta
1959 1558 2121 1606 erunt

542 1648 776 1712 dierum,
809 1648 900 1701 alii
943 1661 1052 1701 uno
1094 1647 1183 1702 die
1221 1647 1610 1710 abundabunt;
1648 1661 1790 1700 unus
1819 1660 1947 1697 vero
1983 1657 2117 1696 con-

542 1739 694 1793 tinuo
724 1737 945 1808 quidem
978 1737 1217 1791 triennio
1259 1736 1473 1791 duobus
1510 1736 1724 1790 deﬁciet
1760 1735 1828 1790 de
1855 1734 2115 1804 triginta;

543 1837 740 1898 quarto
774 1836 955 1882 autem
1003 1842 1172 1888 anno,
1207 1841 1319 1881 uno
1350 1827 1439 1880 die
1482 1834 1715 1880 tantum.
1763 1822 2117 1893 Quandoqui-

2236 632 2440 701 ρόντες,
2492 632 2588 685 ὲὰν
2628 649 2686 682 τε
2726 631 2991 703 βάρϐαροι
3015 649 3028 660 ·
3061 632 3294 695 οἰκείους
3326 650 3385 685 τε
3426 634 3635 698 πάντας
3662 638 3823 707 νομί-

2234 723 2383 789 ζειν,
2433 723 2754 795 ἀνθρώπους
2802 741 2866 794 γε
2919 725 3100 789 ὄντας,
3146 726 3240 779 καὶ
3287 719 3679 797 μετειληφότας
3716 729 3822 800 τῆς

2234 818 2403 888 αὐτῆς
2434 819 2565 888 ἡμῖν
2614 816 2862 886 φύσεως·
2900 818 2995 871 καὶ
3046 818 3206 889 χάριν
3252 817 3535 888 ὁμολογεῖν
3585 823 3699 883 τοῖς
3725 822 3821 874 εὐ·-

2236 905 2439 977 ροῦσιν,
2476 906 2610 959 ἀλλὰ
2664 907 2739 977 μὴ
2790 906 3118 976 φθονοῦντας
3152 908 3374 978 ἐρίζειν,
3411 908 3507 962 καὶ
3558 910 3820 965 ἐθελοκα-

2231 999 2366 1051 κεῖν.
2410 997 2674 1069 Ἡμέραις
2704 998 2994 1070 τοιγαροῦν
3031 1000 3373 1069 τριακοσίαις
3416 1000 3510 1053 καὶ
3549 1000 3816 1072 ἐξήκοντα

2231 1089 2325 1141 καὶ
2357 1089 2519 1142 πέντε
2569 1091 2883 1161 ὁριζόμενος
2927 1094 3061 1163 ἡμῖν
3109 1092 3136 1144 ὁ
3186 1093 3429 1156 ἐνιαυτὸς
3458 1092 3633 1157 ἔσται,
3672 1094 3816 1148 κατὰ

2226 1182 2327 1251 τὴν
2378 1184 2528 1254 ἡλίου
2567 1185 2836 1255 περίοδον,
2881 1185 3310 1257 προστιθεμένου
3343 1185 3438 1239 τοῦ
3481 1188 3577 1240 καὶ
3618 1186 3814 1258 μορίου

2229 1277 2442 1348 ἡμέρας
2473 1279 2559 1329 ἐπ’
2589 1278 2809 1331 ἔλαττον
2847 1277 2881 1349 ἢ
2913 1279 2990 1342 ὡς
3022 1278 3453 1351 τεταρτημόριον
3485 1278 3562 1349 τῷ
3589 1279 3815 1351 ἀριθμῷ

2225 1370 2381 1440 τῷδε.
2437 1371 2547 1423 Καὶ
2606 1371 2775 1440 μῆνες
2817 1370 3264 1442 συμπληροῦντες
3297 1371 3391 1424 τὸν
3438 1370 3545 1425 τῶν
3585 1372 3814 1443 ἡμερῶν

2226 1460 2458 1530 ἀριθμὸν
2489 1462 2536 1513 oi
2588 1462 2685 1531 μὲν
2726 1462 3206 1534 τριακονθήμεροι,
3237 1465 3287 1515 οί
3314 1463 3372 1516 δὲ
3406 1465 3506 1535 μιᾷ
3534 1464 3816 1536 ὑπερὸἁλο

2225 1550 2407 1614 λοντες
2452 1554 2579 1616 τοὺς
2624 1552 2844 1623 ἐτέρους
2892 1555 3112 1625 ἡμέρᾳ·
3147 1549 3228 1617 εἷς
3274 1554 3331 1607 δὲ
3378 1556 3472 1609 καὶ
3515 1554 3659 1610 δυοῖν
3706 1557 3813 1627 μὲν

2225 1645 2485 1697 ἐλλείπων
2511 1645 2619 1698 τῶν
2649 1646 3131 1717 τριακονθημέρων
3161 1647 3287 1717 ἑξῆς
3317 1648 3484 1719 τριῶν
3513 1649 3671 1712 ὲτῶν,
3708 1652 3814 1721 μιᾷ

2222 1733 2279 1788 δὲ
2314 1734 2393 1805 τῷ
2420 1734 2684 1807 τετάρτῳ.
2732 1734 2904 1788 Ἑπτὰ
2945 1735 3054 1807 γὰρ
3086 1736 3217 1800 οἶδε,
3254 1736 3573 1801 Ποσειδεὼν,
3622 1738 3662 1789 Γ
3664 1755 3814 1809 αμη-

2224 1826 2372 1893 λιὼν,
2404 1828 2753 1897 Μουνυχιὼν,
2778 1826 3170 1899 Σκιροφοριὼν,
3209 1827 3634 1898 Μεταγειτνιὼν,
3670 1830 3815 1902 Βοη-

543 1921 667 1976 dem
711 1920 766 1974 bi
812 1929 1043 1988 septem,
1082 1917 1375 1981 Posideon,
1416 1917 1722 1981 Gamelion,
1766 1915 2112 1987 Munychion,

2219 1919 2481 1992 δρομιὼν,
2517 1918 2859 1989 Πυανεψιὼν,
2915 1921 3016 1991 μιᾷ
3066 1920 3435 1991 ὑπερϐαλοῦσι
3481 1921 3608 1985 τοὺς
3648 1938 3809 1993 τρια-

543 2010 971 2083 ScirOphorion,
1017 2009 1411 2080 Metagitnion,
1462 2009 1860 2071 Boedromion,
1910 2007 2119 2079 Pyane-

541 2107 734 2175 psion,
775 2120 885 2159 uno
931 2104 1019 2158 die
1045 2103 1309 2158 excedent
1342 2102 1699 2167 tricenarius;
1745 2102 1940 2170 reliqui
1990 2115 2120 2155 vero

540 2196 772 2250 tricenis
799 2178 1151 2257 constabunt,
1181 2200 1546 2263 praeterquam
1576 2190 1986 2261 Elapbebolion.
2020 2191 2117 2244 llic

540 2285 686 2339 enim
718 2299 814 2354 per
857 2292 971 2339 tres
1011 2299 1185 2339 annos
1216 2282 1411 2337 diebus
1445 2293 1569 2337 octo
1597 2291 1652 2338 et
1681 2283 1873 2354 viginti
1906 2283 2119 2336 laxabi-

541 2386 653 2441 tur,
700 2376 795 2430 sed
833 2383 1033 2445 quarto
1086 2389 1231 2429 anno
1283 2374 1674 2444 undetriginta,
1711 2382 1934 2445 propter
1973 2375 2117 2429 diem

540 2466 941 2520 intercalarem.
965 2463 1139 2518 Porro
1162 2480 1262 2519 cur
1290 2480 1319 2517 a
1345 2464 1559 2519 Caesare
1583 2477 1799 2519 menses
1829 2464 1903 2515 ita
1928 2463 2118 2517 distri-

537 2558 652 2612 buti
679 2558 808 2621 sint,
827 2567 887 2613 ut
910 2558 997 2612 hic
1016 2565 1161 2613 esset
1185 2558 1409 2627 triginta
1452 2556 1686 2620 dierum,
1707 2557 1796 2611 ille
1825 2572 1964 2621 non;
1990 2557 2118 2613 huic

538 2664 821 2716 excessus,
847 2651 924 2704 illi
953 2650 1199 2705 delectus
1233 2667 1245 2702 :
1279 2649 1506 2704 alterius
1531 2656 1616 2704 est
1640 2648 2113 2704 considerationis.

1049 2761 1126 2815 De
1159 2762 1467 2815 intercalari
1509 2761 1611 2815 die.

606 2877 744 2933 Xlll.
772 2878 1010 2931 “ensem
1037 2876 1254 2947 quidem
1277 2876 1485 2930 nullum
1511 2891 1752 2946 unquam
1776 2916 1790 2938 ,
1820 2876 1913 2931 sed
1946 2891 2115 2929 unum

535 2968 682 3024 diem
738 2984 835 3039 per
885 2968 1133 3038 singulos
1185 2982 1454 3021 annorum
1498 2967 1885 3037 quaterniones
1931 2982 2117 3021 mense

536 3060 965 3131 Elaphebolione
1003 3058 1474 3121 intercalabimus,
1504 3055 1964 3128 quemadmodum
2007 3055 2116 3109 Ro-

536 3154 684 3208 mani
716 3152 1016 3208 Februario
1047 3151 1371 3213 bissextum,
1406 3149 1487 3205 sic
1533 3156 1821 3213 vocantes,
1854 3147 2000 3218 quod
2034 3149 2116 3202 bis

2222 2009 2625 2081 κονθημέρουςο
2685 2010 2734 2061 οἱ
2775 2010 2833 2062 δὲ
2879 2008 3056 2063 λοιποὶ
3109 2010 3607 2082 τριακονθήμεροι,
3664 2011 3810 2080 πλὴν

2234 2100 2713 2171 Ἐλαφηϐολιῶνος.
2760 2101 2888 2154 Ὄδε
2930 2100 3039 2173 γὰρ
3067 2102 3283 2172 ἡμέρας
3321 2102 3430 2168 ἕξει
3466 2101 3637 2155 εἴκοσι
3701 2104 3808 2173 μὲν

2222 2194 2316 2247 καὶ
2344 2192 2489 2247 ὀκτὼ
2534 2192 2662 2262 ἑξῆς
2705 2192 2874 2265 τριῶν
2913 2193 3074 2259 ἐτῶν,
3112 2194 3285 2246 εἴκοσι
3331 2194 3388 2246 δὲ
3420 2194 3515 2246 καὶ
3545 2193 3700 2247 ἐννέα
3723 2195 3808 2264 τῷ

2219 2286 2482 2357 τετάρτῳ,
2530 2285 2619 2339 διὰ
2660 2285 2758 2358 τὴν
2790 2285 3316 2357 παρεμϐαλλομένην
3348 2285 3578 2356 ἡμέραν.
3621 2287 3719 2339 Διὰ
3750 2286 3810 2340 τί

2219 2375 2274 2428 δὲ
2304 2377 2415 2438 τοῖς
2458 2375 2585 2446 περὶ
2618 2374 2859 2446 Καίσαρι
2892 2373 3035 2427 οὓτω
3066 2374 3134 2427 τὰ
3174 2376 3303 2445 περὶ
3335 2374 3435 2438 τὰς
3471 2374 3682 2446 ἡμέρας
3725 2374 3811 2426 διο

2218 2466 2438 2538 ᾑρηται,
2472 2466 2547 2530 ὡς
2574 2466 2716 2520 τονδὶ
2751 2467 2851 2537 μὲν
2886 2466 3350 2537 τριακονθήμερον
3373 2461 3532 2530 εἶναι,
3556 2464 3692 2519 ἀλλὰ
3724 2466 3806 2535 μὴ

2217 2561 2382 2621 τονδὶ,
2403 2560 2545 2613 τονδὶ
2572 2559 2616 2612 δ’
2647 2558 3028 2629 ὑπερϐάλλειν,
3046 2559 3189 2613 τονδὶ
3218 2559 3263 2612 δ’
3288 2558 3580 2624 ἐλλείπειν,
3607 2558 3808 2629 ἑτέρας

2218 2656 2334 2705 ἐστὶ
2363 2653 2611 2724 θεωρίας.

2556 2763 2693 2830 Περὶ
2728 2761 2834 2830 τῆς
2861 2763 3187 2832 ἐμϐολίμου
3217 2761 3465 2831 ἡμέρας.

2288 2878 2385 2930 II".
2418 2878 2578 2948 Μῆνα
2612 2876 2710 2947 μὲν
2735 2872 2827 2929 οὖν
2853 2875 3042 2928 οὐδένα
3067 2874 3486 2945 ὲπεμϐαλοῦμεν
3509 2873 3764 2926 οὐδέποτε
3787 2891 3802 2904 ο

2221 2969 2349 3037 μῖαν
2390 2968 2446 3020 δὲ
2496 2967 2584 3021 διὰ
2642 2966 3053 3038 τετραετηρίδος
3107 2965 3321 3035 ἡμέραν
3367 2963 3446 3035 τῷ
3503 2964 3806 3035 Ἐλαφηϐο-

2217 3057 2389 3123 λιῶνι,
2428 3058 2678 3128 καθάπερ
2722 3056 3171 3128 τῷΦεϐρουαρίῳ
3216 3057 3473 3125 Ῥωμαῖοι
3518 3055 3801 3109 δίσεκτον·

2217 3150 2357 3203 οὕτω
2392 3150 2681 3213 καλοῦντες
2720 3151 2783 3202 ἐκ
2811 3149 2905 3202 τοῦ
2946 3149 3027 3212 δὶς
3055 3149 3153 3221 τὴν
3180 3148 3349 3218 αὐτὴν
3382 3148 3594 3220 ἡμέραν
3632 3166 3806 3220 προσ-

435 3270 448 3284 ·
535 3247 714 3316 ipsum
742 3246 885 3300 diem
920 3243 1225 3299 inscribant
1251 3241 1409 3314 164
1432 3250 1645 3297 sextum
1670 3241 1943 3296 Kalendas
1976 3240 2111 3293 Mar-

2216 3243 2446 3314 γράφειν
2481 3242 2646 3312 ἕκτην
2682 3242 2785 3313 πρὸ
2844 3240 3135 3294 Καλενδῶν
3164 3240 3448 3312 Μαρτίων,
3472 3239 3630 3306 δόξαν
3659 3240 3806 3294 οὕτω

533 3339 659 3395 tias.
691 3338 768 3392 lta
797 3340 941 3393 enim
974 3336 1177 3392 Caesari
1210 3337 1455 3407 Augusto
1489 3335 1668 3388 visum
1708 3342 1812 3388 est.
1843 3331 1954 3388 Nos
1984 3349 2113 3387 vero

533 3431 629 3487 tali
656 3430 921 3484 vocabulo
948 3428 1241 3497 nequimus
1282 3425 1391 3486 uti;
1436 3440 1563 3478 nam
1604 3424 1986 3478 intercalarem
2023 3440 2113 3478 so-

533 3524 645 3576 lum
689 3530 742 3576 et
787 3529 1004 3577 sextum
1036 3520 1138 3574 rite
1182 3519 1458 3587 appellare
1496 3514 1810 3586 possumus.
1843 3513 2109 3570 Centerum

531 3615 600 3670 de
647 3614 925 3684 exemptili
982 3611 1071 3666 die
1115 3610 1485 3664 consideratio
1532 3606 1881 3677 suscipienda
1924 3614 2027 3671 est,
2058 3615 2111 3661 et

531 3708 675 3779 quod
707 3707 884 3760 visum
920 3704 1081 3758 fuerit
1142 3702 1315 3755 Latini
1348 3699 1670 3754 admonendi
1706 3709 1853 3763 sunt,
1883 3708 1941 3752 ut
1970 3699 2109 3752 idem

532 3797 927 3866 amplexantes,
961 3808 1163 3846 annum
1191 3791 1295 3845 sibi
1325 3790 1621 3858 corrigam.
1668 3786 1757 3842 Sic
1793 3788 1938 3842 enim
1970 3789 2112 3841 inter

533 3903 634 3941 nos
680 3885 988 3939 conveniet.
1045 3883 1364 3952 Exemptiiis
1424 3883 1568 3936 enim
1622 3880 1730 3935 diei
1776 3881 1889 3949 jpm
1949 3880 2111 3950 longo

530 3987 777 4047 tempore
809 3976 954 4030 nulla
985 3976 1197 4029 ratione
1227 3975 1382 4037 inita,
1417 3975 1672 4037 solstitia,
1707 3983 1896 4029 nostra
1929 3981 2106 4040 aetate,

530 4070 702 4123 multo
732 4075 1080 4122 antevertunt
1113 4067 1253 4119 diem
1296 4068 1499 4121 mensis
1543 4068 1612 4121 ab
1655 4067 1813 4120 initio
1844 4067 2109 4122 solstitia-

528 4164 635 4218 lem
665 4162 1044 4215 constitutum.
1082 4157 1172 4212 Sic
1208 4160 1391 4228 itaque
1416 4174 1632 4214 menses
1659 4169 1891 4230 agantur
1923 4160 2104 4225 nobis,

527 4254 808 4311 utentibus
830 4252 1147 4309 nominibus
1178 4251 1417 4307 traditis.

1043 4361 1121 4417 De
1162 4362 1289 4416 anni
1326 4362 1606 4432 principio.

598 4478 736 4532 XIV.
769 4477 940 4533 Porro
983 4479 1114 4533 anni
1162 4479 1493 4550 principium
1533 4478 1897 4535 Athenienses
1931 4478 2107 4534 Heca-

2216 3337 2456 3409 Καίσαρι
2489 3336 2762 3406 Σεϐαστῷ.
2807 3336 2995 3406 Ἡμεῖς
3024 3334 3067 3387 δ’
3102 3335 3324 3404 ὀνόματι
3352 3334 3588 3406 χρῆσθαί
3630 3351 3710 3405 τῳ
3738 3335 3803 3387 ού

2214 3429 2443 3500 δεόμεθά
2484 3446 2549 3497 γε
2575 3428 2830 3499 τοιούτῳ’
2876 3426 3170 3499 ἐμϐόλιμον
3201 3428 3309 3499 γὰρ
3348 3427 3506 3498 μόνον
3546 3424 3641 3480 καὶ
3671 3427 3805 3496 ἕνην

2215 3522 2639 3593 προσαγορεύειν
2682 3521 2863 3583 καλῶς
2906 3520 3017 3590 ἔχει
3050 3522 3203 3591 ἡμῖν.
3240 3520 3375 3591 Περὶ
3410 3519 3467 3572 δὲ
3498 3518 3600 3589 τῆς
3644 3520 3807 3571 ὲκόο-

2214 3615 2371 3686 λίμου
2403 3617 2661 3669 σκεπτέον
2714 3615 2809 3669 καὶ
2839 3616 2867 3668 ὃ
2896 3632 2949 3667 τι
2999 3613 3064 3668 ἂν
3110 3615 3241 3686 δοκῇ
3299 3614 3639 3685 παρακαλεῖν
3680 3612 3805 3665 δέον

2214 3712 2308 3763 καὶ
2340 3710 2602 3773 Λατίνους
2630 3709 2790 3762 ταύτὸ
2814 3706 3135 3785 δεχομένους
3168 3705 3601 3777 ἐπανορθοῦσθαι
3646 3721 3805 3775 σφισι

2212 3800 2304 3853 τὸν
2343 3799 2605 3863 ἐνιαυτὸν,
2647 3799 2732 3852 ἵνα
2770 3797 3169 3869 συμφωνῶμεν.
3213 3795 3536 3867 Ἐκδολίμου
3573 3794 3682 3867 γάρ
3714 3811 3803 3846 τοι

2214 3891 2426 3964 ἡμέρας
2450 3892 2639 3963 χρόνου
2664 3892 2764 3963 ἤδη
2803 3889 3336 3963 μακροῦδιελθόντος
3368 3888 3442 3960 μὴ
3471 3887 3800 3958 γενομένης,

2214 3984 2348 4036 πολύ
2387 4001 2438 4036 τι
2475 3984 2538 4054 δὴ
2573 3982 2930 4054 προτεροῦσιν
2970 3983 3025 4035 αἱ
3061 3981 3262 4053 τροπαὶ
3298 3982 3380 4049 ἐφ’
3405 3978 3567 4051 ἡμῶν
3601 3979 3699 4044 τῆς
3736 3977 3803 4043 ἐξ

2212 4075 2385 4146 ἀρχῆς
2409 4073 2676 4145 τροπικῆς
2705 4073 2918 4146 ἡμέρας
2946 4090 3009 4142 γε
3043 4071 3138 4126 τοῦ
3172 4072 3359 4143 μηνός.
3387 4071 3543 4125 Οῦτω
3576 4070 3675 4143 μὲν
3703 4068 3799 4126 οῦν

2211 4165 2404 4219 ἀκτέον
2431 4166 2556 4228 τοὺς
2592 4164 2787 4236 μῆνας,
2830 4162 3147 4235 χρωμένους
3188 4162 3415 4232 ὀνόμασι
3456 4163 3570 4225 τοῖς
3598 4160 3795 4213 ἀποδο-

2212 4257 2405 4311 θεῖσιν.

2573 4366 2713 4435 Περὶ
2751 4363 2946 4436 ἀρχῆς
2982 4364 3090 4420 τοῦ
3117 4362 3421 4418 ἐνιαυτοῦ.

2280 4480 2378 4534 IA'.
2431 4480 2629 4552 Ἀρχὴν
2668 4479 2725 4532 δὲ
2754 4477 2850 4532 τοῦ
2889 4476 3138 4533 ἐνιαυτοῦ
3165 4478 3215 4530 oi.
3260 4475 3361 4547 μὲν
3402 4474 3675 4547 Ἀθηναῖοι
3700 4478 3797 4531 τὶν

528 4574 886 4629 tombzeonem
916 4572 1350 4641 constituebant,
1380 4572 1448 4627 ah
1475 4573 1665 4628 aestivo
1697 4573 1937 4629 solstitio
1969 4574 2107 4627 inci-

2222 4572 2670 4643 Ἑκατομϐαιῶνα
2700 4567 2836 4642 ἦγον
2878 4570 3045 4641 μῆνα,
3074 4569 3152 4633 ὡς
3195 4568 3461 4622 δέδεικται
3503 4569 3797 4640 πρότερον,

525 4667 759 4735 pientes,
804 4667 948 4722 sicut
994 4675 1080 4721 est
1124 4666 1280 4735 prius
1328 4668 1764 4723 demonstratum
1808 4685 1822 4721 :
1870 4665 2105 4721 Romani

524 4771 654 4811 vero
680 4754 1027 4821 Januarium,
1070 4756 1396 4812 inchoantes
1441 4757 1509 4812 ab
1553 4756 1803 4812 hiberno.
1847 4758 1914 4812 Et
1957 4767 2108 4812 certe

522 4845 696 4916 magis
740 4846 1022 4916 proprium
1064 4846 1281 4901 videtur
1322 4862 1447 4902 esse
1485 4848 1840 4917 principium,
1872 4848 2107 4918 jureque

522 4936 629 4990 hoc
659 4935 890 4991 Plethon
916 4936 1123 4993 laudat.
1147 4935 1282 4990 Nam
1305 4937 1422 5007 lege
1442 4946 1498 4993 et
1521 4938 1775 4993 instituto
1805 4940 1929 4995 aliis
1957 4940 2105 4994 aliud

521 5028 654 5082 anni
699 5029 1024 5099 principium
1079 5031 1405 5097 agentibus,
1452 5039 1648 5084 natura
1699 5032 2106 5100 quodammodo

521 5118 665 5173 idem
709 5126 766 5173 ut
809 5120 881 5173 sit
923 5121 1254 5190 principium
1297 5121 1529 5177 suadere
1584 5122 1801 5176 videtur
1836 5141 1848 5177 :
1882 5123 2104 5193 quando

520 5207 603 5261 sol
631 5210 1001 5278 generationis
1032 5219 1227 5265 auctor
1251 5213 1393 5265 ultra
1423 5213 1677 5283 progredi
1716 5213 1996 5277 desinens,
2025 5230 2104 5268 re-

517 5296 663 5351 ﬂecti
691 5298 758 5353 ad
788 5314 890 5353 nos
916 5300 1127 5371 incipit,
1153 5310 1208 5357 et
1236 5302 1376 5359 lucis
1406 5312 1566 5374 auget
1595 5315 1830 5375 tempus,
1857 5306 2104 5362 tenebra-

516 5405 639 5443 rum
672 5408 802 5447 vero
834 5395 1049 5450 minuit.
1081 5393 1250 5451 Recte
1277 5397 1442 5467 igitur
1470 5405 1526 5452 et
1552 5396 1730 5452 Numa
1771 5399 2099 5470 principium

516 5484 831 5554 liujusmodi
858 5487 1123 5545 Romanis
1155 5490 1452 5557 ordinavit,
1486 5508 1611 5546 cum
1655 5494 1809 5563 prius
1845 5491 2100 5548 Martium

513 5592 757 5633 mensem
780 5578 1048 5637 Romulus
1069 5584 1197 5636 anni
1228 5581 1451 5643 fecisset
1477 5585 1714 5639 initium.
1739 5584 1909 5642 Nobis
1934 5586 2102 5657 igitur

514 5668 657 5723 idem
696 5682 817 5727 esto
863 5674 992 5728 anni
1035 5675 1384 5746 principium,
1421 5687 1477 5732 et
1524 5695 1700 5734 novus
1734 5682 1863 5735 anni
1893 5682 2099 5736 mensis

512 5761 795 5816 Gamelion
826 5783 839 5817 :
874 5774 934 5818 ut
965 5781 1333 5821 consonemus
1373 5783 1497 5823 cum
1531 5768 1820 5835 Romanis,
1851 5772 1995 5827 sicut
2042 5775 2096 5828 in

510 5855 818 5923 mensibus,
851 5857 925 5911 ita
954 5859 1121 5913 etiam
1150 5859 1206 5913 in
1232 5862 1362 5915 anni
1385 5861 1632 5929 exordio,
1663 5862 1758 5932 qui
1788 5873 1869 5921 est
1898 5863 2099 5920 Janua-

2205 4665 2279 4727 ὼς
2313 4664 2421 4717 ἀπὸ
2452 4663 2670 4733 τροπῶν
2713 4662 2943 4735 θερινῶν
2966 4678 2979 4691 ·
3027 4661 3288 4731 Ῥωμαῖοι
3332 4660 3390 4713 δὲ
3421 4659 3514 4712 τὸν
3560 4660 3801 4713 Ἰανουά-

2210 4774 2343 4828 ριον,
2378 4757 2455 4820 ὠς
2484 4756 2591 4810 ἀπὸ
2625 4754 2844 4827 τροπῶν
2876 4752 3224 4825 χειμερινῶν,
3260 4753 3293 4822 ἥ
3340 4751 3406 4822 δὴ
3455 4750 3551 4805 καὶ
3590 4754 3801 4806 οίκειοο

2206 4850 2339 4921 τέρα
2383 4848 2528 4901 δοκεῖ
2553 4843 2692 4901 εἶναι
2730 4848 2894 4919 ἀρχή.
2925 4846 3037 4899 Καὶ
3070 4840 3128 4897 εὖ
3177 4844 3335 4915 τήνδε
3380 4844 3594 4896 ἐπαινεῖ
3647 4843 3801 4915 Πλή-

2206 4940 2333 4995 θων.
2386 4940 2555 5011 Νόμῳ
2604 4940 2710 5011 γὰρ
2764 4939 2939 4994 ἄλλων
2997 4936 3163 5007 ἄλλην
3210 4934 3304 4988 τοῦ
3348 4934 3504 4999 ἔτους
3548 4935 3798 5005 ἀγόντων

2204 5032 2400 5105 ἀρχὴν,
2431 5032 2592 5102 φύσει
2627 5049 2743 5095 πως
2772 5032 2946 5084 ἔοικεν
2973 5029 3111 5100 αῦτη
3140 5024 3277 5083 οὖσα
3317 5028 3498 5100 ἀρχή·
3531 5029 3697 5100 ἡνίκα
3726 5028 3796 5101 δὴ

2203 5126 2373 5195 ἥλιος,
2416 5127 2445 5178 ὁ
2487 5125 2586 5197 τῆς
2617 5126 2882 5194 γενέσεως
2914 5123 3121 5193 κύριος,
3160 5121 3257 5174 τοῦ
3291 5121 3479 5194 πρόσω
3523 5121 3663 5175 ἰέναι
3694 5120 3799 5194 λή-

2201 5237 2314 5291 γων
2363 5221 2737 5290 ἀνακάμπτειν
2780 5218 3005 5289 ἄρχεται
3054 5215 3129 5278 ὡς
3165 5215 3336 5286 ἡμᾶς,
3396 5216 3493 5268 καὶ
3543 5214 3636 5268 τὸν
3690 5215 3797 5285 μὲν

2201 5312 2295 5367 τοῦ
2329 5312 2504 5382 φωτὸς
2553 5309 2706 5377 αῦξει
2752 5310 2963 5381 χρόνον,
3013 5307 3103 5361 τὸν
3136 5306 3193 5360 δὲ
3222 5304 3317 5360 τοῦ
3364 5307 3592 5370 σκότους
3620 5309 3793 5376 μειοῖ.

2215 5405 2421 5479 Ὀρθῶς
2465 5399 2557 5458 οῦν
2586 5404 2681 5458 καὶ
2705 5403 2928 5472 Νουμᾶς
2971 5398 3144 5471 ἀρχὴν
3181 5399 3437 5472 τοιαύτην
3494 5399 3796 5472 Ῥωμαίοις

2200 5500 2415 5569 τέταχε,
2468 5497 2743 5567 Ῥωμύλου
2786 5494 3051 5567 πρότερον
3089 5492 3180 5545 τὸν
3208 5494 3450 5565 Μάρτιον
3482 5491 3795 5566 προτάξαν-

2199 5610 2290 5656 τος
2340 5592 2506 5662 μῆνα.
2539 5591 2650 5644 Καὶ
2693 5592 2821 5661 ἡμῖν
2854 5588 2918 5659 δὴ
2963 5587 3107 5659 ἀρχὴ
3145 5585 3284 5659 αὕτη
3316 5585 3491 5653 ἔστω,
3526 5587 3624 5640 καὶ
3669 5586 3796 5653 νέος

2200 5684 2294 5737 τοῦ
2346 5683 2595 5738 ἐνιαυτοῦ
2632 5682 2735 5753 μὴν
2768 5680 3091 5752 Γαμηλιὼνο
3139 5679 3228 5733 ἵνα
3259 5679 3355 5732 καὶ
3398 5678 3797 5750 συμφωνῶμεν

2214 5778 2518 5848 Ῥωμαίοις,
2546 5775 2735 5846 ῶσπερ
2777 5775 2870 5828 καὶ
2908 5773 2977 5826 τὰ
3020 5772 3149 5843 περὶ
3182 5772 3309 5835 τοὺς
3337 5772 3535 5843 μῆνας,
3587 5774 3685 5826 καὶ
3725 5774 3797 5826 τὰ

2202 5868 2327 5938 περὶ
2364 5868 2461 5939 τὴν
2493 5866 2667 5940 ἀρχὴν
2708 5863 2802 5917 τοῦ
2840 5860 3108 5916 ἐνιαυτοῦ.
3155 5859 3281 5915 ὀδε
3311 5860 3418 5929 γὰρ
3457 5862 3798 5935 Ἰανουάριος
