  <div class='ocr_page' id='page_1' title='image "/cluster/home/n/w/nwhite01/storage/ocr_20150623/19/nnc1.0037127454/622.png"; bbox 0 0 4132 6410; ppageno 0'>
   <div class='ocr_carea' id='block_1_1' title="bbox 352 413 484 470">
    <p class='ocr_par' dir='ltr' id='par_1_1' title="bbox 352 413 484 470">
     <span class='ocr_line' id='line_1_1' title="bbox 352 413 484 470; baseline 0.015 -2"><span class='ocrx_word' id='word_1_1' title='bbox 352 413 484 470; x_wconf 73' lang='grc'><strong>1201</strong></span> 
     </span>
    </p>
   </div>
   <div class='ocr_carea' id='block_1_2' title="bbox 1307 416 2699 479">
    <p class='ocr_par' dir='ltr' id='par_1_2' title="bbox 1307 416 2699 479">
     <span class='ocr_line' id='line_1_2' title="bbox 1307 416 2699 479; baseline 0.004 -8"><span class='ocrx_word' id='word_1_2' title='bbox 1307 416 1659 475; x_wconf 83' lang='lat' dir='ltr'><strong>THEODORI</strong></span> <span class='ocrx_word' id='word_1_3' title='bbox 1698 418 1904 476; x_wconf 63' lang='lat' dir='ltr'><strong>GAZIE</strong></span> <span class='ocrx_word' id='word_1_4' title='bbox 1954 418 2157 476; x_wconf 75' lang='lat' dir='ltr'><strong>LIBER</strong></span> <span class='ocrx_word' id='word_1_5' title='bbox 2195 420 2283 476; x_wconf 84' lang='lat' dir='ltr'><strong>DE</strong></span> <span class='ocrx_word' id='word_1_6' title='bbox 2331 418 2699 479; x_wconf 81' lang='lat' dir='ltr'><strong>MENSIBUS.</strong></span> 
     </span>
    </p>
   </div>
   <div class='ocr_carea' id='block_1_3' title="bbox 3480 420 3619 475">
    <p class='ocr_par' dir='ltr' id='par_1_3' title="bbox 3480 420 3619 475">
     <span class='ocr_line' id='line_1_3' title="bbox 3480 420 3619 475; baseline -0.022 0"><span class='ocrx_word' id='word_1_7' title='bbox 3480 420 3619 475; x_wconf 73' lang='grc'><strong>1202</strong></span> 
     </span>
    </p>
   </div>
   <div class='ocr_carea' id='block_1_4' title="bbox 347 516 1922 610">
    <p class='ocr_par' dir='ltr' id='par_1_4' title="bbox 347 529 1922 610">
     <span class='ocr_line' id='line_1_4' title="bbox 347 529 1922 610; baseline 0.005 -22"><span class='ocrx_word' id='word_1_8' title='bbox 347 529 437 608; x_wconf 81' lang='grc' dir='ltr'><strong>ἦν.</strong></span> <span class='ocrx_word' id='word_1_9' title='bbox 472 534 586 590; x_wconf 89' lang='grc' dir='ltr'><strong>Νῦν</strong></span> <span class='ocrx_word' id='word_1_10' title='bbox 610 533 662 591; x_wconf 77' lang='grc' dir='ltr'>δ’</span> <span class='ocrx_word' id='word_1_11' title='bbox 702 535 982 605; x_wconf 87' lang='grc' dir='ltr'>Ἕλληνες,</span> <span class='ocrx_word' id='word_1_12' title='bbox 1037 538 1214 610; x_wconf 81' lang='grc' dir='ltr'>ἀρχὴν</span> <span class='ocrx_word' id='word_1_13' title='bbox 1245 539 1494 594; x_wconf 81' lang='grc' dir='ltr'><strong>ἐνιαυτοῦ</strong></span> <span class='ocrx_word' id='word_1_14' title='bbox 1535 558 1593 594; x_wconf 79' lang='grc' dir='ltr'><strong>τε</strong></span> <span class='ocrx_word' id='word_1_15' title='bbox 1641 542 1735 595; x_wconf 63' lang='grc' dir='ltr'><strong>καὶ⁹</strong></span> <span class='ocrx_word' id='word_1_16' title='bbox 1780 541 1922 596; x_wconf 87' lang='grc' dir='ltr'>Ἰνδι-</span> 
     </span>
    </p>
   </div>
   <div class='ocr_carea' id='block_1_5' title="bbox 2025 516 3620 610">
    <p class='ocr_par' dir='ltr' id='par_1_5' title="bbox 2030 516 3620 610">
     <span class='ocr_line' id='line_1_5' title="bbox 2030 516 3620 610; baseline -0.004 -15"><span class='ocrx_word' id='word_1_17' title='bbox 2030 542 2167 598; x_wconf 90' lang='lat' dir='ltr'><strong>rius.</strong></span> <span class='ocrx_word' id='word_1_18' title='bbox 2197 540 2354 597; x_wconf 93' lang='lat' dir='ltr'><strong>Nunc</strong></span> <span class='ocrx_word' id='word_1_19' title='bbox 2385 556 2516 597; x_wconf 89' lang='lat' dir='ltr'><strong>vero</strong></span> <span class='ocrx_word' id='word_1_20' title='bbox 2549 539 2756 596; x_wconf 65' lang='lat' dir='ltr'><strong>Graecis</strong></span> <span class='ocrx_word' id='word_1_21' title='bbox 2802 537 3131 610; x_wconf 85' lang='lat' dir='ltr'><strong>principium</strong></span> <span class='ocrx_word' id='word_1_22' title='bbox 3176 536 3328 601; x_wconf 91' lang='lat' dir='ltr'><strong>anni,</strong></span> <span class='ocrx_word' id='word_1_23' title='bbox 3362 516 3620 591; x_wconf 79' lang='lat' dir='ltr'><strong>indictio-</strong></span> 
     </span>
    </p>
   </div>
   <div class='ocr_carea' id='block_1_6' title="bbox 348 625 1934 705">
    <p class='ocr_par' dir='ltr' id='par_1_6' title="bbox 348 625 1934 705">
     <span class='ocr_line' id='line_1_6' title="bbox 348 625 1934 705; baseline 0.004 -25"><span class='ocrx_word' id='word_1_24' title='bbox 348 625 574 691; x_wconf 82' lang='grc' dir='ltr'>κτιῶνος</span> <span class='ocrx_word' id='word_1_25' title='bbox 611 627 922 699; x_wconf 84' lang='grc' dir='ltr'>ποιούμενοι</span> <span class='ocrx_word' id='word_1_26' title='bbox 947 629 1058 683; x_wconf 84' lang='grc' dir='ltr'>άπὸ</span> <span class='ocrx_word' id='word_1_27' title='bbox 1093 630 1382 702; x_wconf 80' lang='grc' dir='ltr'>ἰσημερίας</span> <span class='ocrx_word' id='word_1_28' title='bbox 1410 631 1829 705; x_wconf 81' lang='grc' dir='ltr'><strong>φθινοπωρινῆς,</strong></span> <span class='ocrx_word' id='word_1_29' title='bbox 1866 632 1934 686; x_wconf 74' lang='grc' dir='ltr'><strong>τά</strong></span> 
     </span>
    </p>
   </div>
   <div class='ocr_carea' id='block_1_7' title="bbox 351 720 1932 796">
    <p class='ocr_par' dir='ltr' id='par_1_7' title="bbox 351 720 1932 796">
     <span class='ocr_line' id='line_1_7' title="bbox 351 720 1932 796; baseline 0.004 -25"><span class='ocrx_word' id='word_1_30' title='bbox 351 720 449 790; x_wconf 83' lang='grc' dir='ltr'>μὲν</span> <span class='ocrx_word' id='word_1_31' title='bbox 503 721 632 793; x_wconf 84' lang='grc' dir='ltr'><strong>περὶ</strong></span> <span class='ocrx_word' id='word_1_32' title='bbox 691 721 1020 775; x_wconf 85' lang='grc' dir='ltr'>Ἰνδικτιῶνα</span> <span class='ocrx_word' id='word_1_33' title='bbox 1068 722 1238 793; x_wconf 89' lang='grc' dir='ltr'>(δηλοῖ</span> <span class='ocrx_word' id='word_1_34' title='bbox 1288 723 1345 776; x_wconf 82' lang='grc' dir='ltr'>δὲ</span> <span class='ocrx_word' id='word_1_35' title='bbox 1381 722 1657 794; x_wconf 85' lang='grc' dir='ltr'><strong>διάταγμα</strong></span> <span class='ocrx_word' id='word_1_36' title='bbox 1699 724 1932 796; x_wconf 80' lang='grc' dir='ltr'>ἡλέξις)</span> 
     </span>
    </p>
   </div>
   <div class='ocr_carea' id='block_1_8' title="bbox 351 809 1929 885">
    <p class='ocr_par' dir='ltr' id='par_1_8' title="bbox 351 809 1929 885">
     <span class='ocr_line' id='line_1_8' title="bbox 351 809 1929 885; baseline 0.004 -24"><span class='ocrx_word' id='word_1_37' title='bbox 351 809 637 881; x_wconf 77' lang='grc' dir='ltr'><strong>συνᾴδουσι</strong></span> <span class='ocrx_word' id='word_1_38' title='bbox 682 810 994 882; x_wconf 87' lang='grc' dir='ltr'>Ῥωμαίοις,</span> <span class='ocrx_word' id='word_1_39' title='bbox 1025 811 1095 865; x_wconf 86' lang='grc' dir='ltr'><strong>τὰ</strong></span> <span class='ocrx_word' id='word_1_40' title='bbox 1137 812 1194 866; x_wconf 84' lang='grc' dir='ltr'>δὲ</span> <span class='ocrx_word' id='word_1_41' title='bbox 1239 814 1369 885; x_wconf 74' lang='grc' dir='ltr'>περὶ</span> <span class='ocrx_word' id='word_1_42' title='bbox 1418 813 1509 867; x_wconf 87' lang='grc' dir='ltr'>τὸν</span> <span class='ocrx_word' id='word_1_43' title='bbox 1559 814 1800 867; x_wconf 83' lang='grc' dir='ltr'>ἐνιαυτὸν</span> <span class='ocrx_word' id='word_1_44' title='bbox 1845 812 1929 867; x_wconf 79' lang='grc' dir='ltr'>οῦ.</span> 
     </span>
    </p>
   </div>
   <div class='ocr_carea' id='block_1_9' title="bbox 350 901 1931 977">
    <p class='ocr_par' dir='ltr' id='par_1_9' title="bbox 350 901 1931 977">
     <span class='ocr_line' id='line_1_9' title="bbox 350 901 1931 977; baseline 0.004 -24"><span class='ocrx_word' id='word_1_45' title='bbox 350 901 543 954; x_wconf 81' lang='grc' dir='ltr'><strong>Καίτοι</strong></span> <span class='ocrx_word' id='word_1_46' title='bbox 593 903 968 976; x_wconf 79' lang='grc' dir='ltr'>συμφέρεσθαι</span> <span class='ocrx_word' id='word_1_47' title='bbox 1010 904 1123 977; x_wconf 25' lang='grc' dir='ltr'>,ἔδει</span> <span class='ocrx_word' id='word_1_48' title='bbox 1158 906 1254 959; x_wconf 72' lang='grc' dir='ltr'>καὶ</span> <span class='ocrx_word' id='word_1_49' title='bbox 1292 905 1485 969; x_wconf 88' lang='grc' dir='ltr'>ταῦτα,</span> <span class='ocrx_word' id='word_1_50' title='bbox 1531 905 1705 970; x_wconf 79' lang='grc' dir='ltr'>ἄλλως</span> <span class='ocrx_word' id='word_1_51' title='bbox 1747 923 1807 959; x_wconf 86' lang='grc' dir='ltr'><strong>τε</strong></span> <span class='ocrx_word' id='word_1_52' title='bbox 1838 907 1931 960; x_wconf 76' lang='grc' dir='ltr'>καὶ</span> 
     </span>
    </p>
   </div>
   <div class='ocr_carea' id='block_1_10' title="bbox 346 994 1931 1069">
    <p class='ocr_par' dir='ltr' id='par_1_10' title="bbox 346 994 1931 1069">
     <span class='ocr_line' id='line_1_10' title="bbox 346 994 1931 1069; baseline 0.003 -21"><span class='ocrx_word' id='word_1_53' title='bbox 346 994 583 1066; x_wconf 78' lang='grc' dir='ltr'><strong>Χριστοῦ</strong></span> <span class='ocrx_word' id='word_1_54' title='bbox 607 997 794 1068; x_wconf 85' lang='grc' dir='ltr'>νόμοις</span> <span class='ocrx_word' id='word_1_55' title='bbox 820 997 1155 1068; x_wconf 79' lang='grc' dir='ltr'><strong>χρωμένους.</strong></span> <span class='ocrx_word' id='word_1_56' title='bbox 1188 998 1263 1050; x_wconf 85' lang='grc' dir='ltr'>Ού</span> <span class='ocrx_word' id='word_1_57' title='bbox 1286 997 1395 1069; x_wconf 78' lang='grc' dir='ltr'><strong>γὰρ</strong></span> <span class='ocrx_word' id='word_1_58' title='bbox 1427 994 1583 1068; x_wconf 78' lang='grc' dir='ltr'>οἶμαι</span> <span class='ocrx_word' id='word_1_59' title='bbox 1625 998 1931 1069; x_wconf 81' lang='grc' dir='ltr'><strong>Ῥωμαίους</strong></span> 
     </span>
    </p>
   </div>
   <div class='ocr_carea' id='block_1_11' title="bbox 347 1085 1927 1162">
    <p class='ocr_par' dir='ltr' id='par_1_11' title="bbox 347 1085 1927 1162">
     <span class='ocr_line' id='line_1_11' title="bbox 347 1085 1927 1162; baseline 0.003 -23"><span class='ocrx_word' id='word_1_60' title='bbox 347 1085 474 1151; x_wconf 89' lang='grc' dir='ltr'>τούς</span> <span class='ocrx_word' id='word_1_61' title='bbox 516 1105 580 1156; x_wconf 89' lang='grc' dir='ltr'><strong>γε</strong></span> <span class='ocrx_word' id='word_1_62' title='bbox 612 1088 707 1143; x_wconf 93' lang='grc' dir='ltr'><strong>νῦν</strong></span> <span class='ocrx_word' id='word_1_63' title='bbox 755 1088 915 1152; x_wconf 80' lang='grc' dir='ltr'>ὄντας</span> <span class='ocrx_word' id='word_1_64' title='bbox 946 1089 1035 1142; x_wconf 77' lang='grc' dir='ltr'>διὰ</span> <span class='ocrx_word' id='word_1_65' title='bbox 1065 1090 1164 1160; x_wconf 77' lang='grc' dir='ltr'>τὴν</span> <span class='ocrx_word' id='word_1_66' title='bbox 1207 1088 1359 1161; x_wconf 85' lang='grc' dir='ltr'>ἡλίου</span> <span class='ocrx_word' id='word_1_67' title='bbox 1390 1088 1598 1161; x_wconf 86' lang='grc' dir='ltr'>τροπὴν</span> <span class='ocrx_word' id='word_1_68' title='bbox 1630 1090 1851 1162; x_wconf 80' lang='grc' dir='ltr'>μᾶλλον,</span> <span class='ocrx_word' id='word_1_69' title='bbox 1894 1090 1927 1162; x_wconf 83' lang='grc' dir='ltr'>ἢ</span> 
     </span>
    </p>
   </div>
   <div class='ocr_carea' id='block_1_12' title="bbox 346 1178 1928 1255">
    <p class='ocr_par' dir='ltr' id='par_1_12' title="bbox 346 1178 1928 1255">
     <span class='ocr_line' id='line_1_12' title="bbox 346 1178 1928 1255; baseline 0.003 -22"><span class='ocrx_word' id='word_1_70' title='bbox 346 1178 408 1233; x_wconf 80' lang='grc' dir='ltr'>τὸ</span> <span class='ocrx_word' id='word_1_71' title='bbox 433 1180 551 1234; x_wconf 87' lang='grc' dir='ltr'>τότε</span> <span class='ocrx_word' id='word_1_72' title='bbox 581 1181 909 1252; x_wconf 84' lang='grc' dir='ltr'>γεννηθῆναι</span> <span class='ocrx_word' id='word_1_73' title='bbox 950 1182 1205 1253; x_wconf 85' lang='grc' dir='ltr'>Χριστὸν,</span> <span class='ocrx_word' id='word_1_74' title='bbox 1245 1182 1420 1247; x_wconf 71' lang='grc' dir='ltr'>οὕτως</span> <span class='ocrx_word' id='word_1_75' title='bbox 1443 1182 1598 1252; x_wconf 80' lang='grc' dir='ltr'><strong>ἄγειν</strong></span> <span class='ocrx_word' id='word_1_76' title='bbox 1619 1202 1633 1215; x_wconf 77' lang='grc' dir='ltr'><strong><em>ο</em></strong></span> <span class='ocrx_word' id='word_1_77' title='bbox 1663 1183 1800 1238; x_wconf 84' lang='grc' dir='ltr'>ἀλλὰ</span> <span class='ocrx_word' id='word_1_78' title='bbox 1832 1184 1928 1255; x_wconf 82' lang='grc' dir='ltr'>τὴν</span> 
     </span>
    </p>
   </div>
   <div class='ocr_carea' id='block_1_13' title="bbox 351 1272 1929 1347">
    <p class='ocr_par' dir='ltr' id='par_1_13' title="bbox 351 1272 1929 1347">
     <span class='ocr_line' id='line_1_13' title="bbox 351 1272 1929 1347; baseline -0.001 -19"><span class='ocrx_word' id='word_1_79' title='bbox 351 1275 449 1347; x_wconf 75' lang='grc' dir='ltr'>μὲν</span> <span class='ocrx_word' id='word_1_80' title='bbox 486 1273 696 1346; x_wconf 84' lang='grc' dir='ltr'>τροπὴν</span> <span class='ocrx_word' id='word_1_81' title='bbox 742 1272 1171 1344; x_wconf 76' lang='grc' dir='ltr'>συμϐεϐηκέναι,</span> <span class='ocrx_word' id='word_1_82' title='bbox 1224 1274 1423 1338; x_wconf 77' lang='grc' dir='ltr'>αὐτοὺς</span> <span class='ocrx_word' id='word_1_83' title='bbox 1474 1273 1531 1327; x_wconf 84' lang='grc' dir='ltr'>δὲ</span> <span class='ocrx_word' id='word_1_84' title='bbox 1567 1273 1666 1346; x_wconf 85' lang='grc' dir='ltr'>τὴν</span> <span class='ocrx_word' id='word_1_85' title='bbox 1714 1274 1929 1344; x_wconf 89' lang='grc' dir='ltr'>γένεσιν</span> 
     </span>
    </p>
   </div>
   <div class='ocr_carea' id='block_1_14' title="bbox 347 1357 1928 1436">
    <p class='ocr_par' dir='ltr' id='par_1_14' title="bbox 347 1357 1928 1436">
     <span class='ocr_line' id='line_1_14' title="bbox 347 1357 1928 1436; baseline -0.001 -18"><span class='ocrx_word' id='word_1_86' title='bbox 347 1362 752 1436; x_wconf 77' lang='grc' dir='ltr'>πρεσϐεύοντας</span> <span class='ocrx_word' id='word_1_87' title='bbox 784 1362 880 1417; x_wconf 87' lang='grc' dir='ltr'>τοῦ</span> <span class='ocrx_word' id='word_1_88' title='bbox 929 1362 1088 1428; x_wconf 80' lang='grc' dir='ltr'>Θεοῦ,</span> <span class='ocrx_word' id='word_1_89' title='bbox 1224 1363 1402 1434; x_wconf 80' lang='grc' dir='ltr'><strong>θέμις,</strong></span> <span class='ocrx_word' id='word_1_90' title='bbox 1441 1362 1615 1435; x_wconf 84' lang='grc' dir='ltr'>ἀρχὴν</span> <span class='ocrx_word' id='word_1_91' title='bbox 1660 1363 1928 1418; x_wconf 84' lang='grc' dir='ltr'>ποιεῖσθαι</span> 
     </span>
    </p>
   </div>
   <div class='ocr_carea' id='block_1_15' title="bbox 345 1455 1924 1529">
    <p class='ocr_par' dir='ltr' id='par_1_15' title="bbox 345 1455 1924 1529">
     <span class='ocr_line' id='line_1_15' title="bbox 345 1455 1924 1529; baseline -0.002 -18"><span class='ocrx_word' id='word_1_92' title='bbox 345 1457 445 1529; x_wconf 79' lang='grc' dir='ltr'>τὴν</span> <span class='ocrx_word' id='word_1_93' title='bbox 475 1455 791 1529; x_wconf 74' lang='grc' dir='ltr'>εἰρημένην.</span> <span class='ocrx_word' id='word_1_94' title='bbox 833 1456 1111 1509; x_wconf 89' lang='grc' dir='ltr'>Ἐνιαυτοῦ</span> <span class='ocrx_word' id='word_1_95' title='bbox 1151 1455 1250 1527; x_wconf 86' lang='grc' dir='ltr'>μὲν</span> <span class='ocrx_word' id='word_1_96' title='bbox 1283 1455 1486 1527; x_wconf 86' lang='grc' dir='ltr'>ταύτην</span> <span class='ocrx_word' id='word_1_97' title='bbox 1521 1455 1704 1510; x_wconf 79' lang='grc' dir='ltr'>θετέον</span> <span class='ocrx_word' id='word_1_98' title='bbox 1731 1456 1924 1528; x_wconf 81' lang='grc' dir='ltr'>ἀρχὴν.</span> 
     </span>
    </p>
   </div>
   <div class='ocr_carea' id='block_1_16' title="bbox 491 1670 1786 1742">
    <p class='ocr_par' dir='ltr' id='par_1_16' title="bbox 491 1670 1786 1742">
     <span class='ocr_line' id='line_1_16' title="bbox 491 1670 1786 1742; baseline -0.001 -16"><span class='ocrx_word' id='word_1_99' title='bbox 491 1670 622 1740; x_wconf 85' lang='grc' dir='ltr'><strong>Πῶς</strong></span> <span class='ocrx_word' id='word_1_100' title='bbox 658 1671 1017 1742; x_wconf 81' lang='grc' dir='ltr'>ἀριθμητέον</span> <span class='ocrx_word' id='word_1_101' title='bbox 1047 1672 1156 1739; x_wconf 83' lang='grc' dir='ltr'>τὰς</span> <span class='ocrx_word' id='word_1_102' title='bbox 1187 1672 1294 1726; x_wconf 81' lang='grc' dir='ltr'>τοῦ</span> <span class='ocrx_word' id='word_1_103' title='bbox 1320 1671 1510 1742; x_wconf 81' lang='grc' dir='ltr'>μηνὸς</span> <span class='ocrx_word' id='word_1_104' title='bbox 1539 1671 1786 1740; x_wconf 78' lang='grc' dir='ltr'>ἡμέρας.</span> 
     </span>
    </p>
   </div>
   <div class='ocr_carea' id='block_1_17' title="bbox 415 1782 1926 1856">
    <p class='ocr_par' dir='ltr' id='par_1_17' title="bbox 415 1782 1926 1856">
     <span class='ocr_line' id='line_1_17' title="bbox 415 1782 1926 1856; baseline 0.001 -20"><span class='ocrx_word' id='word_1_105' title='bbox 415 1784 516 1836; x_wconf 87' lang='lat' dir='ltr'><strong>lE&#39;.</strong></span> <span class='ocrx_word' id='word_1_106' title='bbox 560 1782 839 1854; x_wconf 85' lang='grc' dir='ltr'>Ἀριθμεῖν</span> <span class='ocrx_word' id='word_1_107' title='bbox 866 1782 926 1836; x_wconf 87' lang='grc' dir='ltr'>δὲ</span> <span class='ocrx_word' id='word_1_108' title='bbox 952 1782 1052 1847; x_wconf 74' lang='grc' dir='ltr'>τὰς</span> <span class='ocrx_word' id='word_1_109' title='bbox 1084 1783 1251 1854; x_wconf 87' lang='grc' dir='ltr'>μηνὸς</span> <span class='ocrx_word' id='word_1_110' title='bbox 1272 1782 1504 1837; x_wconf 80' lang='grc' dir='ltr'><strong>ἑκάστου</strong></span> <span class='ocrx_word' id='word_1_111' title='bbox 1539 1784 1755 1856; x_wconf 88' lang='grc' dir='ltr'>ἡμέρας</span> <span class='ocrx_word' id='word_1_112' title='bbox 1779 1783 1926 1856; x_wconf 86' lang='grc' dir='ltr'><strong>Πλή-</strong></span> 
     </span>
    </p>
   </div>
   <div class='ocr_carea' id='block_1_18' title="bbox 2034 629 3618 705">
    <p class='ocr_par' dir='ltr' id='par_1_18' title="bbox 2034 629 3618 705">
     <span class='ocr_line' id='line_1_18' title="bbox 2034 629 3618 705; baseline -0.006 -16"><span class='ocrx_word' id='word_1_113' title='bbox 2034 634 2230 705; x_wconf 89' lang='lat' dir='ltr'><strong>nisque</strong></span> <span class='ocrx_word' id='word_1_114' title='bbox 2252 634 2539 704; x_wconf 76' lang='lat' dir='ltr'><strong>agentibus</strong></span> <span class='ocrx_word' id='word_1_115' title='bbox 2564 633 2632 687; x_wconf 89' lang='lat' dir='ltr'><strong>ab</strong></span> <span class='ocrx_word' id='word_1_116' title='bbox 2657 631 2956 686; x_wconf 76' lang='lat' dir='ltr'><strong>autumnali</strong></span> <span class='ocrx_word' id='word_1_117' title='bbox 2983 629 3334 700; x_wconf 76' lang='lat' dir='ltr'><strong>aequinoctio,</strong></span> <span class='ocrx_word' id='word_1_118' title='bbox 3362 629 3618 683; x_wconf 87' lang='lat' dir='ltr'><strong>indictio-</strong></span> 
     </span>
    </p>
   </div>
   <div class='ocr_carea' id='block_1_19' title="bbox 2032 719 3617 796">
    <p class='ocr_par' dir='ltr' id='par_1_19' title="bbox 2032 719 3617 796">
     <span class='ocr_line' id='line_1_19' title="bbox 2032 719 3617 796; baseline -0.004 -16"><span class='ocrx_word' id='word_1_119' title='bbox 2032 726 2118 782; x_wconf 91' lang='lat' dir='ltr'><strong>nis</strong></span> <span class='ocrx_word' id='word_1_120' title='bbox 2161 725 2382 796; x_wconf 86' lang='lat' dir='ltr'><strong>quidem</strong></span> <span class='ocrx_word' id='word_1_121' title='bbox 2427 725 2641 779; x_wconf 88' lang='lat' dir='ltr'><strong>ratione</strong></span> <span class='ocrx_word' id='word_1_122' title='bbox 2674 722 2966 796; x_wconf 85' lang='lat' dir='ltr'><strong>(signiﬁcat</strong></span> <span class='ocrx_word' id='word_1_123' title='bbox 2995 731 3176 777; x_wconf 89' lang='lat' dir='ltr'><strong>autem</strong></span> <span class='ocrx_word' id='word_1_124' title='bbox 3219 721 3456 777; x_wconf 89' lang='lat' dir='ltr'><strong>edictum</strong></span> <span class='ocrx_word' id='word_1_125' title='bbox 3504 719 3617 773; x_wconf 82' lang='lat' dir='ltr'><strong>haec</strong></span> 
     </span>
    </p>
   </div>
   <div class='ocr_carea' id='block_1_20' title="bbox 2030 811 3612 882">
    <p class='ocr_par' dir='ltr' id='par_1_20' title="bbox 2030 811 3612 882">
     <span class='ocr_line' id='line_1_20' title="bbox 2030 811 3612 882; baseline -0.003 -14"><span class='ocrx_word' id='word_1_126' title='bbox 2030 815 2221 882; x_wconf 82' lang='lat' dir='ltr'><strong>dictio)</strong></span> <span class='ocrx_word' id='word_1_127' title='bbox 2247 830 2370 870; x_wconf 91' lang='lat' dir='ltr'><strong>cum</strong></span> <span class='ocrx_word' id='word_1_128' title='bbox 2404 813 2667 869; x_wconf 83' lang='lat' dir='ltr'><strong>Romanis</strong></span> <span class='ocrx_word' id='word_1_129' title='bbox 2713 811 3007 867; x_wconf 81' lang='lat' dir='ltr'><strong>concordia</strong></span> <span class='ocrx_word' id='word_1_130' title='bbox 3032 819 3138 876; x_wconf 87' lang='lat' dir='ltr'><strong>est,</strong></span> <span class='ocrx_word' id='word_1_131' title='bbox 3171 812 3294 865; x_wconf 86' lang='lat' dir='ltr'><strong>anni</strong></span> <span class='ocrx_word' id='word_1_132' title='bbox 3324 826 3454 865; x_wconf 89' lang='lat' dir='ltr'><strong>vero</strong></span> <span class='ocrx_word' id='word_1_133' title='bbox 3482 825 3612 863; x_wconf 92' lang='lat' dir='ltr'><strong>non.</strong></span> 
     </span>
    </p>
   </div>
   <div class='ocr_carea' id='block_1_21' title="bbox 2030 903 3619 978">
    <p class='ocr_par' dir='ltr' id='par_1_21' title="bbox 2030 903 3619 978">
     <span class='ocr_line' id='line_1_21' title="bbox 2030 903 3619 978; baseline -0.004 -17"><span class='ocrx_word' id='word_1_134' title='bbox 2030 904 2352 978; x_wconf 84' lang='lat' dir='ltr'><strong>Quanquam</strong></span> <span class='ocrx_word' id='word_1_135' title='bbox 2377 914 2431 962; x_wconf 90' lang='lat' dir='ltr'><strong>et</strong></span> <span class='ocrx_word' id='word_1_136' title='bbox 2454 906 2522 962; x_wconf 94' lang='lat' dir='ltr'><strong>de</strong></span> <span class='ocrx_word' id='word_1_137' title='bbox 2546 906 2634 961; x_wconf 89' lang='lat' dir='ltr'><strong>bis</strong></span> <span class='ocrx_word' id='word_1_138' title='bbox 2662 921 2801 961; x_wconf 85' lang='lat' dir='ltr'><strong>sane</strong></span> <span class='ocrx_word' id='word_1_139' title='bbox 2826 906 2966 959; x_wconf 89' lang='lat' dir='ltr'><strong>inter</strong></span> <span class='ocrx_word' id='word_1_140' title='bbox 2986 904 3110 959; x_wconf 89' lang='lat' dir='ltr'><strong>illos</strong></span> <span class='ocrx_word' id='word_1_141' title='bbox 3139 903 3432 958; x_wconf 85' lang='lat' dir='ltr'><strong>convenire</strong></span> <span class='ocrx_word' id='word_1_142' title='bbox 3461 916 3619 973; x_wconf 79' lang='lat' dir='ltr'><strong>Opor-</strong></span> 
     </span>
    </p>
   </div>
   <div class='ocr_carea' id='block_1_22' title="bbox 2031 995 3614 1070">
    <p class='ocr_par' dir='ltr' id='par_1_22' title="bbox 2031 995 3614 1070">
     <span class='ocr_line' id='line_1_22' title="bbox 2031 995 3614 1070; baseline -0.003 -18"><span class='ocrx_word' id='word_1_143' title='bbox 2031 1000 2200 1066; x_wconf 92' lang='lat' dir='ltr'><strong>tebat,</strong></span> <span class='ocrx_word' id='word_1_144' title='bbox 2230 998 2532 1070; x_wconf 67' lang='lat' dir='ltr'><strong>praesertim</strong></span> <span class='ocrx_word' id='word_1_145' title='bbox 2560 997 2766 1053; x_wconf 81' lang='lat' dir='ltr'><strong>Christi</strong></span> <span class='ocrx_word' id='word_1_146' title='bbox 2810 997 3021 1068; x_wconf 78' lang='lat' dir='ltr'><strong>legibus</strong></span> <span class='ocrx_word' id='word_1_147' title='bbox 3063 995 3426 1052; x_wconf 87' lang='lat' dir='ltr'><strong>communiter</strong></span> <span class='ocrx_word' id='word_1_148' title='bbox 3453 1003 3614 1070; x_wconf 79' lang='lat' dir='ltr'><strong>uten-</strong></span> 
     </span>
    </p>
   </div>
   <div class='ocr_carea' id='block_1_23' title="bbox 2029 1066 3615 1161">
    <p class='ocr_par' dir='ltr' id='par_1_23' title="bbox 2029 1066 3615 1161">
     <span class='ocr_line' id='line_1_23' title="bbox 2029 1066 3615 1161; baseline -0.001 -19"><span class='ocrx_word' id='word_1_149' title='bbox 2029 1095 2132 1144; x_wconf 89' lang='lat' dir='ltr'><strong>tes.</strong></span> <span class='ocrx_word' id='word_1_150' title='bbox 2163 1087 2349 1161; x_wconf 85' lang='lat' dir='ltr'><strong>Neque</strong></span> <span class='ocrx_word' id='word_1_151' title='bbox 2377 1090 2521 1145; x_wconf 90' lang='lat' dir='ltr'><strong>enim</strong></span> <span class='ocrx_word' id='word_1_152' title='bbox 2554 1099 2684 1160; x_wconf 91' lang='lat' dir='ltr'><strong>puto</strong></span> <span class='ocrx_word' id='word_1_153' title='bbox 2717 1087 2995 1144; x_wconf 83' lang='lat' dir='ltr'><strong>Romanos</strong></span> <span class='ocrx_word' id='word_1_154' title='bbox 3025 1087 3190 1157; x_wconf 91' lang='lat' dir='ltr'><strong>hujus</strong></span> <span class='ocrx_word' id='word_1_155' title='bbox 3216 1086 3399 1142; x_wconf 64' lang='lat' dir='ltr'><strong>saeculi</strong></span> <span class='ocrx_word' id='word_1_156' title='bbox 3440 1066 3615 1156; x_wconf 70' lang='lat' dir='ltr'><strong>magis</strong></span> 
     </span>
    </p>
   </div>
   <div class='ocr_carea' id='block_1_24' title="bbox 2029 1177 3613 1252">
    <p class='ocr_par' dir='ltr' id='par_1_24' title="bbox 2029 1177 3613 1252">
     <span class='ocr_line' id='line_1_24' title="bbox 2029 1177 3613 1252; baseline -0.004 -16"><span class='ocrx_word' id='word_1_157' title='bbox 2029 1190 2251 1252; x_wconf 80' lang='lat' dir='ltr'><strong>propter</strong></span> <span class='ocrx_word' id='word_1_158' title='bbox 2279 1182 2598 1248; x_wconf 86' lang='lat' dir='ltr'><strong>solstitium,</strong></span> <span class='ocrx_word' id='word_1_159' title='bbox 2631 1196 2793 1251; x_wconf 91' lang='lat' dir='ltr'><strong>quam</strong></span> <span class='ocrx_word' id='word_1_160' title='bbox 2828 1178 2974 1250; x_wconf 91' lang='lat' dir='ltr'><strong>quod</strong></span> <span class='ocrx_word' id='word_1_161' title='bbox 3004 1187 3134 1233; x_wconf 88' lang='lat' dir='ltr'><strong>tunc</strong></span> <span class='ocrx_word' id='word_1_162' title='bbox 3167 1177 3422 1233; x_wconf 82' lang='lat' dir='ltr'><strong>Christus</strong></span> <span class='ocrx_word' id='word_1_163' title='bbox 3452 1186 3613 1231; x_wconf 89' lang='lat' dir='ltr'><strong>natus</strong></span> 
     </span>
    </p>
   </div>
   <div class='ocr_carea' id='block_1_25' title="bbox 2030 1271 3614 1346">
    <p class='ocr_par' dir='ltr' id='par_1_25' title="bbox 2030 1271 3614 1346">
     <span class='ocr_line' id='line_1_25' title="bbox 2030 1271 3614 1346; baseline -0.004 -17"><span class='ocrx_word' id='word_1_164' title='bbox 2030 1276 2102 1329; x_wconf 88' lang='lat' dir='ltr'><strong>sit</strong></span> <span class='ocrx_word' id='word_1_165' title='bbox 2148 1277 2226 1330; x_wconf 91' lang='lat' dir='ltr'><strong>ita</strong></span> <span class='ocrx_word' id='word_1_166' title='bbox 2272 1290 2460 1346; x_wconf 88' lang='lat' dir='ltr'><strong>agere;</strong></span> <span class='ocrx_word' id='word_1_167' title='bbox 2496 1275 2590 1331; x_wconf 88' lang='lat' dir='ltr'><strong>sed</strong></span> <span class='ocrx_word' id='word_1_168' title='bbox 2625 1282 2740 1329; x_wconf 92' lang='lat' dir='ltr'><strong>tum</strong></span> <span class='ocrx_word' id='word_1_169' title='bbox 2782 1274 3076 1330; x_wconf 88' lang='lat' dir='ltr'><strong>solstitium</strong></span> <span class='ocrx_word' id='word_1_170' title='bbox 3104 1287 3225 1327; x_wconf 87' lang='lat' dir='ltr'><strong>esse</strong></span> <span class='ocrx_word' id='word_1_171' title='bbox 3263 1271 3401 1326; x_wconf 85' lang='lat' dir='ltr'><strong>forte</strong></span> <span class='ocrx_word' id='word_1_172' title='bbox 3438 1271 3614 1326; x_wconf 88' lang='lat' dir='ltr'><strong>conti-</strong></span> 
     </span>
    </p>
   </div>
   <div class='ocr_carea' id='block_1_26' title="bbox 2029 1346 3613 1436">
    <p class='ocr_par' dir='ltr' id='par_1_26' title="bbox 2029 1346 3613 1436">
     <span class='ocr_line' id='line_1_26' title="bbox 2029 1346 3613 1436; baseline -0.004 -16"><span class='ocrx_word' id='word_1_173' title='bbox 2029 1367 2175 1436; x_wconf 82' lang='lat' dir='ltr'><strong>gisse</strong></span> <span class='ocrx_word' id='word_1_174' title='bbox 2209 1385 2222 1420; x_wconf 89' lang='lat'><strong>:</strong></span> <span class='ocrx_word' id='word_1_175' title='bbox 2261 1366 2410 1435; x_wconf 91' lang='lat' dir='ltr'><strong>ipsos</strong></span> <span class='ocrx_word' id='word_1_176' title='bbox 2442 1382 2571 1421; x_wconf 89' lang='lat' dir='ltr'><strong>vero</strong></span> <span class='ocrx_word' id='word_1_177' title='bbox 2598 1365 2766 1420; x_wconf 86' lang='lat' dir='ltr'><strong>natali</strong></span> <span class='ocrx_word' id='word_1_178' title='bbox 2808 1364 3121 1420; x_wconf 87' lang='lat' dir='ltr'><strong>Christiano</strong></span> <span class='ocrx_word' id='word_1_179' title='bbox 3164 1346 3399 1433; x_wconf 79' lang='lat' dir='ltr'><strong>primum</strong></span> <span class='ocrx_word' id='word_1_180' title='bbox 3442 1362 3613 1415; x_wconf 91' lang='lat' dir='ltr'><strong>hono-</strong></span> 
     </span>
    </p>
   </div>
   <div class='ocr_carea' id='block_1_27' title="bbox 2029 1451 3607 1526">
    <p class='ocr_par' dir='ltr' id='par_1_27' title="bbox 2029 1451 3607 1526">
     <span class='ocr_line' id='line_1_27' title="bbox 2029 1451 3607 1526; baseline -0.002 -16"><span class='ocrx_word' id='word_1_181' title='bbox 2029 1473 2143 1510; x_wconf 87' lang='lat' dir='ltr'><strong>rem</strong></span> <span class='ocrx_word' id='word_1_182' title='bbox 2168 1457 2492 1521; x_wconf 80' lang='lat' dir='ltr'><strong>tribuentes,</strong></span> <span class='ocrx_word' id='word_1_183' title='bbox 2514 1464 2574 1510; x_wconf 92' lang='lat' dir='ltr'><strong>ut</strong></span> <span class='ocrx_word' id='word_1_184' title='bbox 2601 1455 2683 1511; x_wconf 90' lang='lat' dir='ltr'><strong>fas</strong></span> <span class='ocrx_word' id='word_1_185' title='bbox 2704 1465 2808 1520; x_wconf 90' lang='lat' dir='ltr'><strong>est,</strong></span> <span class='ocrx_word' id='word_1_186' title='bbox 2828 1454 3143 1526; x_wconf 86' lang='lat' dir='ltr'><strong>praedictum</strong></span> <span class='ocrx_word' id='word_1_187' title='bbox 3170 1452 3384 1508; x_wconf 90' lang='lat' dir='ltr'><strong>initium</strong></span> <span class='ocrx_word' id='word_1_188' title='bbox 3410 1451 3607 1507; x_wconf 87' lang='lat' dir='ltr'><strong>facere.</strong></span> 
     </span>
    </p>
   </div>
   <div class='ocr_carea' id='block_1_28' title="bbox 2027 1545 3307 1620">
    <p class='ocr_par' dir='ltr' id='par_1_28' title="bbox 2027 1545 3307 1620">
     <span class='ocr_line' id='line_1_28' title="bbox 2027 1545 3307 1620; baseline -0.001 -19"><span class='ocrx_word' id='word_1_189' title='bbox 2027 1548 2169 1602; x_wconf 82' lang='lat' dir='ltr'><strong>Anni</strong></span> <span class='ocrx_word' id='word_1_190' title='bbox 2198 1548 2416 1620; x_wconf 90' lang='lat' dir='ltr'><strong>quidem</strong></span> <span class='ocrx_word' id='word_1_191' title='bbox 2447 1547 2588 1603; x_wconf 89' lang='lat' dir='ltr'><strong>idem</strong></span> <span class='ocrx_word' id='word_1_192' title='bbox 2619 1547 2833 1602; x_wconf 90' lang='lat' dir='ltr'><strong>initium</strong></span> <span class='ocrx_word' id='word_1_193' title='bbox 2862 1545 3172 1602; x_wconf 79' lang='lat' dir='ltr'><strong>faciendum</strong></span> <span class='ocrx_word' id='word_1_194' title='bbox 3202 1551 3307 1600; x_wconf 92' lang='grc' dir='ltr'>εει.</span> 
     </span>
    </p>
   </div>
   <div class='ocr_carea' id='block_1_29' title="bbox 2250 1678 3410 1749">
    <p class='ocr_par' dir='ltr' id='par_1_29' title="bbox 2250 1678 3410 1749">
     <span class='ocr_line' id='line_1_29' title="bbox 2250 1678 3410 1749; baseline -0.004 -13"><span class='ocrx_word' id='word_1_195' title='bbox 2250 1681 2528 1749; x_wconf 83' lang='lat' dir='ltr'><strong>Quomodo</strong></span> <span class='ocrx_word' id='word_1_196' title='bbox 2556 1683 2752 1736; x_wconf 74' lang='lat' dir='ltr'><strong>mensis</strong></span> <span class='ocrx_word' id='word_1_197' title='bbox 2783 1682 2894 1736; x_wconf 76' lang='lat' dir='ltr'><strong>dies</strong></span> <span class='ocrx_word' id='word_1_198' title='bbox 2924 1691 3048 1734; x_wconf 83' lang='lat' dir='ltr'><strong>sunt</strong></span> <span class='ocrx_word' id='word_1_199' title='bbox 3077 1678 3410 1734; x_wconf 78' lang='lat' dir='ltr'><strong>numerandi.</strong></span> 
     </span>
    </p>
   </div>
   <div class='ocr_carea' id='block_1_30' title="bbox 2100 1790 3609 1865">
    <p class='ocr_par' dir='ltr' id='par_1_30' title="bbox 2100 1790 3609 1865">
     <span class='ocr_line' id='line_1_30' title="bbox 2100 1790 3609 1865; baseline -0.003 -14"><span class='ocrx_word' id='word_1_200' title='bbox 2100 1795 2214 1851; x_wconf 79' lang='lat' dir='ltr'><strong>XV.</strong></span> <span class='ocrx_word' id='word_1_201' title='bbox 2266 1796 2570 1853; x_wconf 79' lang='lat' dir='ltr'><strong>Numerare</strong></span> <span class='ocrx_word' id='word_1_202' title='bbox 2617 1812 2751 1853; x_wconf 86' lang='lat' dir='ltr'><strong>vero</strong></span> <span class='ocrx_word' id='word_1_203' title='bbox 2797 1795 3067 1865; x_wconf 88' lang='lat' dir='ltr'><strong>cujusque</strong></span> <span class='ocrx_word' id='word_1_204' title='bbox 3100 1794 3308 1849; x_wconf 86' lang='lat' dir='ltr'><strong>mensis</strong></span> <span class='ocrx_word' id='word_1_205' title='bbox 3340 1792 3457 1847; x_wconf 90' lang='lat' dir='ltr'><strong>dies</strong></span> <span class='ocrx_word' id='word_1_206' title='bbox 3490 1790 3609 1846; x_wconf 86' lang='lat' dir='ltr'><strong>Ple-</strong></span> 
     </span>
    </p>
   </div>
   <div class='ocr_carea' id='block_1_31' title="bbox 346 1873 1922 1967">
    <p class='ocr_par' dir='ltr' id='par_1_31' title="bbox 346 1873 1922 1946">
     <span class='ocr_line' id='line_1_31' title="bbox 346 1873 1922 1946; baseline 0.001 -19"><span class='ocrx_word' id='word_1_207' title='bbox 346 1874 477 1928; x_wconf 88' lang='grc' dir='ltr'>θωνι</span> <span class='ocrx_word' id='word_1_208' title='bbox 512 1874 609 1945; x_wconf 85' lang='grc' dir='ltr'><strong>μὲν</strong></span> <span class='ocrx_word' id='word_1_209' title='bbox 633 1873 782 1927; x_wconf 88' lang='grc' dir='ltr'>δοκεῖ</span> <span class='ocrx_word' id='word_1_210' title='bbox 810 1875 889 1937; x_wconf 88' lang='grc' dir='ltr'><strong>εἰς</strong></span> <span class='ocrx_word' id='word_1_211' title='bbox 914 1873 1151 1945; x_wconf 89' lang='grc' dir='ltr'>τέτταρα</span> <span class='ocrx_word' id='word_1_212' title='bbox 1181 1874 1523 1940; x_wconf 85' lang='grc' dir='ltr'>διαιροῦντας</span> <span class='ocrx_word' id='word_1_213' title='bbox 1550 1874 1641 1927; x_wconf 81' lang='grc' dir='ltr'>τὸν</span> <span class='ocrx_word' id='word_1_214' title='bbox 1672 1876 1835 1946; x_wconf 82' lang='grc' dir='ltr'>μῆνα,</span> <span class='ocrx_word' id='word_1_215' title='bbox 1865 1877 1922 1929; x_wconf 83' lang='grc' dir='ltr'><strong>τδ</strong></span> 
     </span>
    </p>
   </div>
   <div class='ocr_carea' id='block_1_32' title="bbox 2025 1873 3610 1967">
    <p class='ocr_par' dir='ltr' id='par_1_32' title="bbox 2032 1881 3610 1963">
     <span class='ocr_line' id='line_1_32' title="bbox 2032 1881 3610 1963; baseline -0.005 -23"><span class='ocrx_word' id='word_1_216' title='bbox 2032 1887 2182 1941; x_wconf 80' lang='grc' dir='ltr'>ι1ιοηί</span> <span class='ocrx_word' id='word_1_217' title='bbox 2218 1887 2298 1941; x_wconf 83' lang='grc' dir='ltr'><strong>εἰε</strong></span> <span class='ocrx_word' id='word_1_218' title='bbox 2352 1887 2554 1963; x_wconf 81' lang='lat' dir='ltr'><strong>placet,</strong></span> <span class='ocrx_word' id='word_1_219' title='bbox 2587 1892 2649 1939; x_wconf 93' lang='lat' dir='ltr'><strong>ut</strong></span> <span class='ocrx_word' id='word_1_220' title='bbox 2685 1885 3088 1957; x_wconf 88' lang='lat' dir='ltr'><strong>quadripertito</strong></span> <span class='ocrx_word' id='word_1_221' title='bbox 3126 1897 3369 1938; x_wconf 89' lang='lat' dir='ltr'><strong>mensem</strong></span> <span class='ocrx_word' id='word_1_222' title='bbox 3405 1881 3610 1935; x_wconf 85' lang='lat' dir='ltr'><strong>dividat</strong></span> 
     </span>
    </p>
   </div>
   <div class='ocr_carea' id='block_1_33' title="bbox 349 1961 1929 2034">
    <p class='ocr_par' dir='ltr' id='par_1_33' title="bbox 349 1961 1929 2034">
     <span class='ocr_line' id='line_1_33' title="bbox 349 1961 1929 2034; baseline 0.001 -19"><span class='ocrx_word' id='word_1_223' title='bbox 349 1965 446 2034; x_wconf 83' lang='grc' dir='ltr'>μὲν</span> <span class='ocrx_word' id='word_1_224' title='bbox 479 1963 787 2034; x_wconf 81' lang='grc' dir='ltr'>ἱστάμενον,</span> <span class='ocrx_word' id='word_1_225' title='bbox 837 1962 901 2015; x_wconf 82' lang='grc' dir='ltr'>τὸ</span> <span class='ocrx_word' id='word_1_226' title='bbox 950 1962 1007 2015; x_wconf 84' lang='grc' dir='ltr'>δὲ</span> <span class='ocrx_word' id='word_1_227' title='bbox 1061 1961 1277 2034; x_wconf 85' lang='grc' dir='ltr'>μεσοῦν,</span> <span class='ocrx_word' id='word_1_228' title='bbox 1321 1962 1382 2015; x_wconf 86' lang='grc' dir='ltr'>τὸ</span> <span class='ocrx_word' id='word_1_229' title='bbox 1418 1963 1474 2015; x_wconf 86' lang='grc' dir='ltr'>δὲ</span> <span class='ocrx_word' id='word_1_230' title='bbox 1509 1963 1717 2031; x_wconf 85' lang='grc' dir='ltr'>φθῖνον,</span> <span class='ocrx_word' id='word_1_231' title='bbox 1766 1965 1827 2017; x_wconf 83' lang='grc' dir='ltr'>τὸ</span> <span class='ocrx_word' id='word_1_232' title='bbox 1872 1964 1929 2017; x_wconf 87' lang='grc' dir='ltr'>δὲ</span> 
     </span>
    </p>
   </div>
   <div class='ocr_carea' id='block_1_34' title="bbox 344 2054 1930 2128">
    <p class='ocr_par' dir='ltr' id='par_1_34' title="bbox 344 2054 1930 2128">
     <span class='ocr_line' id='line_1_34' title="bbox 344 2054 1930 2128; baseline 0.001 -18"><span class='ocrx_word' id='word_1_233' title='bbox 344 2057 534 2110; x_wconf 82' lang='grc' dir='ltr'><strong>ἀπιόν·</strong></span> <span class='ocrx_word' id='word_1_234' title='bbox 567 2055 916 2128; x_wconf 80' lang='grc' dir='ltr'>λαμόάνοντι,</span> <span class='ocrx_word' id='word_1_235' title='bbox 942 2056 1018 2119; x_wconf 85' lang='grc' dir='ltr'><strong>ὡς</strong></span> <span class='ocrx_word' id='word_1_236' title='bbox 1046 2054 1212 2120; x_wconf 85' lang='grc' dir='ltr'>ἔοικε,</span> <span class='ocrx_word' id='word_1_237' title='bbox 1248 2056 1308 2109; x_wconf 84' lang='grc' dir='ltr'>τὸ</span> <span class='ocrx_word' id='word_1_238' title='bbox 1344 2056 1442 2127; x_wconf 85' lang='grc' dir='ltr'>μὲν</span> <span class='ocrx_word' id='word_1_239' title='bbox 1476 2058 1628 2127; x_wconf 85' lang='grc' dir='ltr'>παρὰ</span> <span class='ocrx_word' id='word_1_240' title='bbox 1664 2058 1930 2111; x_wconf 89' lang='grc' dir='ltr'>Πολυδεύ-</span> 
     </span>
    </p>
   </div>
   <div class='ocr_carea' id='block_1_35' title="bbox 344 2145 1929 2221">
    <p class='ocr_par' dir='ltr' id='par_1_35' title="bbox 344 2145 1929 2221">
     <span class='ocr_line' id='line_1_35' title="bbox 344 2145 1929 2221; baseline 0.002 -20"><span class='ocrx_word' id='word_1_241' title='bbox 344 2165 497 2213; x_wconf 87' lang='grc' dir='ltr'>κους,</span> <span class='ocrx_word' id='word_1_242' title='bbox 523 2149 586 2202; x_wconf 86' lang='grc' dir='ltr'>τὸ</span> <span class='ocrx_word' id='word_1_243' title='bbox 633 2149 691 2201; x_wconf 91' lang='grc' dir='ltr'><strong>δέ</strong></span> <span class='ocrx_word' id='word_1_244' title='bbox 720 2165 773 2201; x_wconf 91' lang='grc' dir='ltr'><strong>τι</strong></span> <span class='ocrx_word' id='word_1_245' title='bbox 805 2147 900 2201; x_wconf 75' lang='grc' dir='ltr'>καὶ</span> <span class='ocrx_word' id='word_1_246' title='bbox 927 2145 1076 2218; x_wconf 84' lang='grc' dir='ltr'><strong>αὑτῷ</strong></span> <span class='ocrx_word' id='word_1_247' title='bbox 1113 2148 1547 2219; x_wconf 88' lang='grc' dir='ltr'>καινοτομοῦντι.</span> <span class='ocrx_word' id='word_1_248' title='bbox 1581 2149 1929 2221; x_wconf 80' lang='grc' dir='ltr'>Εὑμαρέστε-</span> 
     </span>
    </p>
   </div>
   <div class='ocr_carea' id='block_1_36' title="bbox 345 2234 1930 2312">
    <p class='ocr_par' dir='ltr' id='par_1_36' title="bbox 345 2234 1930 2312">
     <span class='ocr_line' id='line_1_36' title="bbox 345 2234 1930 2312; baseline 0.002 -21"><span class='ocrx_word' id='word_1_249' title='bbox 345 2255 438 2311; x_wconf 91' lang='grc' dir='ltr'><strong>ρον</strong></span> <span class='ocrx_word' id='word_1_250' title='bbox 472 2238 599 2311; x_wconf 87' lang='grc' dir='ltr'>γάρ,</span> <span class='ocrx_word' id='word_1_251' title='bbox 635 2234 810 2310; x_wconf 85' lang='grc' dir='ltr'>οἶμαι,</span> <span class='ocrx_word' id='word_1_252' title='bbox 833 2237 1163 2292; x_wconf 83' lang='grc' dir='ltr'>διατίθεσθαι</span> <span class='ocrx_word' id='word_1_253' title='bbox 1210 2239 1278 2292; x_wconf 80' lang='grc' dir='ltr'><strong>τὰ</strong></span> <span class='ocrx_word' id='word_1_254' title='bbox 1309 2240 1439 2310; x_wconf 86' lang='grc' dir='ltr'><strong>περὶ</strong></span> <span class='ocrx_word' id='word_1_255' title='bbox 1482 2239 1581 2305; x_wconf 78' lang='grc' dir='ltr'><strong>τὰς</strong></span> <span class='ocrx_word' id='word_1_256' title='bbox 1616 2243 1930 2312; x_wconf 87' lang='grc' dir='ltr'>ἱερομηνίας</span> 
     </span>
    </p>
   </div>
   <div class='ocr_carea' id='block_1_37' title="bbox 343 2329 1928 2404">
    <p class='ocr_par' dir='ltr' id='par_1_37' title="bbox 343 2329 1928 2404">
     <span class='ocr_line' id='line_1_37' title="bbox 343 2329 1928 2404; baseline 0.001 -20"><span class='ocrx_word' id='word_1_257' title='bbox 343 2329 486 2385; x_wconf 78' lang='grc' dir='ltr'>οὕτω</span> <span class='ocrx_word' id='word_1_258' title='bbox 526 2331 828 2395; x_wconf 78' lang='grc' dir='ltr'>συνέϐαινε,</span> <span class='ocrx_word' id='word_1_259' title='bbox 859 2329 1004 2384; x_wconf 86' lang='grc' dir='ltr'>καίν’</span> <span class='ocrx_word' id='word_1_260' title='bbox 1033 2329 1171 2383; x_wconf 81' lang='grc' dir='ltr'>ἄττα</span> <span class='ocrx_word' id='word_1_261' title='bbox 1201 2329 1588 2401; x_wconf 82' lang='grc' dir='ltr'>καθισταμένῳ</span> <span class='ocrx_word' id='word_1_262' title='bbox 1618 2332 1767 2403; x_wconf 67' lang='grc' dir='ltr'>ἱεράν</span> <span class='ocrx_word' id='word_1_263' title='bbox 1798 2333 1928 2404; x_wconf 81' lang='grc' dir='ltr'>ἡμῖν</span> 
     </span>
    </p>
   </div>
   <div class='ocr_carea' id='block_1_38' title="bbox 340 2421 1926 2497">
    <p class='ocr_par' dir='ltr' id='par_1_38' title="bbox 340 2421 1926 2497">
     <span class='ocr_line' id='line_1_38' title="bbox 340 2421 1926 2497; baseline 0.001 -21"><span class='ocrx_word' id='word_1_264' title='bbox 340 2424 398 2476; x_wconf 80' lang='grc' dir='ltr'>δὲ</span> <span class='ocrx_word' id='word_1_265' title='bbox 425 2423 729 2497; x_wconf 83' lang='grc' dir='ltr'>διαφερέτω</span> <span class='ocrx_word' id='word_1_266' title='bbox 762 2422 933 2495; x_wconf 82' lang='grc' dir='ltr'>μηθὲν</span> <span class='ocrx_word' id='word_1_267' title='bbox 960 2421 1286 2497; x_wconf 85' lang='grc' dir='ltr'>διαριθμεῖν,</span> <span class='ocrx_word' id='word_1_268' title='bbox 1317 2423 1394 2487; x_wconf 89' lang='grc' dir='ltr'>ὡς</span> <span class='ocrx_word' id='word_1_269' title='bbox 1441 2423 1734 2495; x_wconf 83' lang='grc' dir='ltr'>Ἀθηναῖοι,</span> <span class='ocrx_word' id='word_1_270' title='bbox 1767 2428 1926 2497; x_wconf 83' lang='grc' dir='ltr'>τριχῆ</span> 
     </span>
    </p>
   </div>
   <div class='ocr_carea' id='block_1_39' title="bbox 342 2515 1926 2588">
    <p class='ocr_par' dir='ltr' id='par_1_39' title="bbox 342 2515 1926 2588">
     <span class='ocr_line' id='line_1_39' title="bbox 342 2515 1926 2588; baseline 0.001 -18"><span class='ocrx_word' id='word_1_271' title='bbox 342 2517 696 2588; x_wconf 83' lang='grc' dir='ltr'>διαιροῦντες,</span> <span class='ocrx_word' id='word_1_272' title='bbox 745 2518 815 2570; x_wconf 85' lang='grc' dir='ltr'><strong>’τὸ</strong></span> <span class='ocrx_word' id='word_1_273' title='bbox 871 2517 970 2587; x_wconf 86' lang='grc' dir='ltr'>μὲν</span> <span class='ocrx_word' id='word_1_274' title='bbox 1028 2516 1313 2587; x_wconf 80' lang='grc' dir='ltr'>ἱστάμενον</span> <span class='ocrx_word' id='word_1_275' title='bbox 1372 2515 1578 2584; x_wconf 75' lang='grc' dir='ltr'>ελεγον,</span> <span class='ocrx_word' id='word_1_276' title='bbox 1613 2516 1675 2570; x_wconf 84' lang='grc' dir='ltr'>τὸ</span> <span class='ocrx_word' id='word_1_277' title='bbox 1725 2517 1782 2571; x_wconf 82' lang='grc' dir='ltr'>δὲ</span> <span class='ocrx_word' id='word_1_278' title='bbox 1834 2518 1926 2571; x_wconf 76' lang='grc' dir='ltr'><strong>ἐπὶ</strong></span> 
     </span>
    </p>
   </div>
   <div class='ocr_carea' id='block_1_40' title="bbox 340 2607 1928 2683">
    <p class='ocr_par' dir='ltr' id='par_1_40' title="bbox 340 2607 1928 2683">
     <span class='ocr_line' id='line_1_40' title="bbox 340 2607 1928 2683; baseline -0.001 -20"><span class='ocrx_word' id='word_1_279' title='bbox 340 2609 495 2673; x_wconf 84' lang='grc' dir='ltr'>δέκα,</span> <span class='ocrx_word' id='word_1_280' title='bbox 554 2609 615 2662; x_wconf 82' lang='grc' dir='ltr'>τὸ</span> <span class='ocrx_word' id='word_1_281' title='bbox 655 2609 713 2662; x_wconf 84' lang='grc' dir='ltr'>δὲ</span> <span class='ocrx_word' id='word_1_282' title='bbox 745 2607 953 2683; x_wconf 79' lang='grc' dir='ltr'>φθῖνον.</span> <span class='ocrx_word' id='word_1_283' title='bbox 997 2610 1215 2683; x_wconf 82' lang='grc' dir='ltr'>Ἐπειδὴ</span> <span class='ocrx_word' id='word_1_284' title='bbox 1252 2610 1348 2664; x_wconf 82' lang='grc' dir='ltr'>καὶ</span> <span class='ocrx_word' id='word_1_285' title='bbox 1393 2609 1603 2680; x_wconf 85' lang='grc' dir='ltr'>συνῳδά</span> <span class='ocrx_word' id='word_1_286' title='bbox 1640 2626 1757 2674; x_wconf 85' lang='grc' dir='ltr'><strong>πως</strong></span> <span class='ocrx_word' id='word_1_287' title='bbox 1785 2608 1928 2663; x_wconf 71' lang='grc' dir='ltr'>οὕτω</span> 
     </span>
    </p>
   </div>
   <div class='ocr_carea' id='block_1_41' title="bbox 344 2701 1922 2773">
    <p class='ocr_par' dir='ltr' id='par_1_41' title="bbox 344 2701 1922 2773">
     <span class='ocr_line' id='line_1_41' title="bbox 344 2701 1922 2773; baseline -0.001 -17"><span class='ocrx_word' id='word_1_288' title='bbox 344 2702 545 2773; x_wconf 83' lang='grc' dir='ltr'>μᾶλλον</span> <span class='ocrx_word' id='word_1_289' title='bbox 586 2702 874 2772; x_wconf 84' lang='grc' dir='ltr'>Ῥωμαίοις</span> <span class='ocrx_word' id='word_1_290' title='bbox 899 2702 1049 2756; x_wconf 75' lang='grc' dir='ltr'>ἔσται</span> <span class='ocrx_word' id='word_1_291' title='bbox 1079 2701 1148 2756; x_wconf 82' lang='grc' dir='ltr'><strong>τά</strong></span> <span class='ocrx_word' id='word_1_292' title='bbox 1192 2704 1323 2773; x_wconf 86' lang='grc' dir='ltr'><strong>περὶ</strong></span> <span class='ocrx_word' id='word_1_293' title='bbox 1349 2702 1449 2772; x_wconf 84' lang='grc' dir='ltr'>τὴν</span> <span class='ocrx_word' id='word_1_294' title='bbox 1480 2701 1742 2772; x_wconf 85' lang='grc' dir='ltr'>διαίρεσιν</span> <span class='ocrx_word' id='word_1_295' title='bbox 1772 2703 1922 2773; x_wconf 89' lang='grc' dir='ltr'>ἡμῖν.</span> 
     </span>
    </p>
   </div>
   <div class='ocr_carea' id='block_1_42' title="bbox 341 2786 1925 2867">
    <p class='ocr_par' dir='ltr' id='par_1_42' title="bbox 341 2786 1925 2867">
     <span class='ocr_line' id='line_1_42' title="bbox 341 2786 1925 2867; baseline 0.001 -22"><span class='ocrx_word' id='word_1_296' title='bbox 341 2794 514 2866; x_wconf 86' lang='grc' dir='ltr'>Τριχῆ</span> <span class='ocrx_word' id='word_1_297' title='bbox 548 2793 657 2865; x_wconf 85' lang='grc' dir='ltr'>γὰρ</span> <span class='ocrx_word' id='word_1_298' title='bbox 696 2794 789 2848; x_wconf 79' lang='grc' dir='ltr'>καὶ</span> <span class='ocrx_word' id='word_1_299' title='bbox 825 2786 969 2848; x_wconf 77' lang='grc' dir='ltr'>οῦτοι</span> <span class='ocrx_word' id='word_1_300' title='bbox 1016 2794 1371 2867; x_wconf 78' lang='grc' dir='ltr'>διαιροῦντες,</span> <span class='ocrx_word' id='word_1_301' title='bbox 1419 2794 1481 2846; x_wconf 88' lang='grc' dir='ltr'>τὸ</span> <span class='ocrx_word' id='word_1_302' title='bbox 1518 2794 1617 2863; x_wconf 80' lang='grc' dir='ltr'>μὲν</span> <span class='ocrx_word' id='word_1_303' title='bbox 1647 2794 1925 2858; x_wconf 87' lang='grc' dir='ltr'>Καλένδας</span> 
     </span>
    </p>
   </div>
   <div class='ocr_carea' id='block_1_43' title="bbox 341 2862 1926 2958">
    <p class='ocr_par' dir='ltr' id='par_1_43' title="bbox 341 2862 1926 2958">
     <span class='ocr_line' id='line_1_43' title="bbox 341 2862 1926 2958; baseline -0.001 -19"><span class='ocrx_word' id='word_1_304' title='bbox 341 2862 831 2958; x_wconf 77' lang='grc' dir='ltr'>προσαγορεύουσι,</span> <span class='ocrx_word' id='word_1_305' title='bbox 853 2886 912 2939; x_wconf 81' lang='grc' dir='ltr'>τὸ</span> <span class='ocrx_word' id='word_1_306' title='bbox 937 2886 993 2939; x_wconf 81' lang='grc' dir='ltr'>δὲ</span> <span class='ocrx_word' id='word_1_307' title='bbox 1018 2862 1231 2950; x_wconf 82' lang='grc' dir='ltr'>Νώνας,</span> <span class='ocrx_word' id='word_1_308' title='bbox 1260 2862 1320 2938; x_wconf 46' lang='grc' dir='ltr'>τί)</span> <span class='ocrx_word' id='word_1_309' title='bbox 1340 2885 1396 2939; x_wconf 84' lang='grc' dir='ltr'>δὲ</span> <span class='ocrx_word' id='word_1_310' title='bbox 1421 2862 1625 2948; x_wconf 87' lang='grc' dir='ltr'>Εἰδούς.</span> <span class='ocrx_word' id='word_1_311' title='bbox 1662 2884 1926 2957; x_wconf 84' lang='grc' dir='ltr'>Ἀριθμη-</span> 
     </span>
    </p>
   </div>
   <div class='ocr_carea' id='block_1_44' title="bbox 339 2968 1924 3048">
    <p class='ocr_par' dir='ltr' id='par_1_44' title="bbox 339 2968 1924 3048">
     <span class='ocr_line' id='line_1_44' title="bbox 339 2968 1924 3048; baseline -0.001 -18"><span class='ocrx_word' id='word_1_312' title='bbox 339 2977 460 3030; x_wconf 88' lang='grc' dir='ltr'>τέον</span> <span class='ocrx_word' id='word_1_313' title='bbox 508 2972 601 3030; x_wconf 81' lang='grc' dir='ltr'>οὖν</span> <span class='ocrx_word' id='word_1_314' title='bbox 650 2968 786 3028; x_wconf 84' lang='grc' dir='ltr'>ὧδε·</span> <span class='ocrx_word' id='word_1_315' title='bbox 849 2975 1147 3048; x_wconf 83' lang='grc' dir='ltr'>νουμηνίαν</span> <span class='ocrx_word' id='word_1_316' title='bbox 1201 2976 1299 3047; x_wconf 81' lang='grc' dir='ltr'>μὲν</span> <span class='ocrx_word' id='word_1_317' title='bbox 1349 2976 1449 3048; x_wconf 84' lang='grc' dir='ltr'>τὴν</span> <span class='ocrx_word' id='word_1_318' title='bbox 1493 2975 1746 3047; x_wconf 84' lang='grc' dir='ltr'>πρώτην,</span> <span class='ocrx_word' id='word_1_319' title='bbox 1804 2971 1924 3029; x_wconf 75' lang='grc' dir='ltr'>εἶτα</span> 
     </span>
    </p>
   </div>
   <div class='ocr_carea' id='block_1_45' title="bbox 339 3067 1923 3140">
    <p class='ocr_par' dir='ltr' id='par_1_45' title="bbox 339 3067 1923 3140">
     <span class='ocr_line' id='line_1_45' title="bbox 339 3067 1923 3140; baseline 0 -19"><span class='ocrx_word' id='word_1_320' title='bbox 339 3067 598 3139; x_wconf 84' lang='grc' dir='ltr'>δευτέραν</span> <span class='ocrx_word' id='word_1_321' title='bbox 655 3068 965 3139; x_wconf 75' lang='grc' dir='ltr'>ἱσταμένου,</span> <span class='ocrx_word' id='word_1_322' title='bbox 1015 3068 1111 3122; x_wconf 75' lang='grc' dir='ltr'><strong>καὶ</strong></span> <span class='ocrx_word' id='word_1_323' title='bbox 1159 3068 1370 3140; x_wconf 79' lang='grc' dir='ltr'>τρίτην,</span> <span class='ocrx_word' id='word_1_324' title='bbox 1421 3069 1515 3122; x_wconf 72' lang='grc' dir='ltr'>καὶ</span> <span class='ocrx_word' id='word_1_325' title='bbox 1556 3067 1684 3139; x_wconf 82' lang='grc' dir='ltr'>ἑξῆς</span> <span class='ocrx_word' id='word_1_326' title='bbox 1739 3070 1820 3133; x_wconf 88' lang='grc' dir='ltr'><strong>εἱς</strong></span> <span class='ocrx_word' id='word_1_327' title='bbox 1864 3068 1923 3122; x_wconf 85' lang='grc' dir='ltr'>τὸ</span> 
     </span>
    </p>
   </div>
   <div class='ocr_carea' id='block_1_46' title="bbox 341 3158 1921 3231">
    <p class='ocr_par' dir='ltr' id='par_1_46' title="bbox 341 3158 1921 3231">
     <span class='ocr_line' id='line_1_46' title="bbox 341 3158 1921 3231; baseline -0.001 -19"><span class='ocrx_word' id='word_1_328' title='bbox 341 3161 531 3231; x_wconf 76' lang='grc' dir='ltr'>πρόσω</span> <span class='ocrx_word' id='word_1_329' title='bbox 587 3160 716 3214; x_wconf 82' lang='grc' dir='ltr'>ἰόντι</span> <span class='ocrx_word' id='word_1_330' title='bbox 766 3160 894 3231; x_wconf 86' lang='grc' dir='ltr'>ἄχρι</span> <span class='ocrx_word' id='word_1_331' title='bbox 950 3159 1210 3230; x_wconf 85' lang='grc' dir='ltr'>δεκάτης·</span> <span class='ocrx_word' id='word_1_332' title='bbox 1270 3159 1388 3230; x_wconf 85' lang='grc' dir='ltr'>μεθ’</span> <span class='ocrx_word' id='word_1_333' title='bbox 1438 3160 1505 3231; x_wconf 80' lang='grc' dir='ltr'>ἣν</span> <span class='ocrx_word' id='word_1_334' title='bbox 1540 3158 1761 3230; x_wconf 84' lang='grc' dir='ltr'>πρώτην</span> <span class='ocrx_word' id='word_1_335' title='bbox 1829 3159 1921 3212; x_wconf 77' lang='grc' dir='ltr'><strong>ἐπὶ</strong></span> 
     </span>
    </p>
   </div>
   <div class='ocr_carea' id='block_1_47' title="bbox 2032 1976 3604 2046">
    <p class='ocr_par' dir='ltr' id='par_1_47' title="bbox 2032 1976 3604 2046">
     <span class='ocr_line' id='line_1_47' title="bbox 2032 1976 3604 2046; baseline -0.002 -17"><span class='ocrx_word' id='word_1_336' title='bbox 2032 1978 2084 2030; x_wconf 92' lang='lat' dir='ltr'><strong>in</strong></span> <span class='ocrx_word' id='word_1_337' title='bbox 2116 1976 2466 2046; x_wconf 89' lang='lat' dir='ltr'><strong>principium,</strong></span> <span class='ocrx_word' id='word_1_338' title='bbox 2499 1977 2760 2040; x_wconf 87' lang='lat' dir='ltr'><strong>medium.</strong></span> <span class='ocrx_word' id='word_1_339' title='bbox 2793 1976 3174 2045; x_wconf 71' lang='lat' dir='ltr'><strong>przecipitium,</strong></span> <span class='ocrx_word' id='word_1_340' title='bbox 3207 1981 3261 2029; x_wconf 87' lang='lat' dir='ltr'><strong>et</strong></span> <span class='ocrx_word' id='word_1_341' title='bbox 3305 1987 3604 2028; x_wconf 84' lang='lat' dir='ltr'><strong>recessum.</strong></span> 
     </span>
    </p>
   </div>
   <div class='ocr_carea' id='block_1_48' title="bbox 2030 2060 3604 2138">
    <p class='ocr_par' dir='ltr' id='par_1_48' title="bbox 2030 2060 3604 2138">
     <span class='ocr_line' id='line_1_48' title="bbox 2030 2060 3604 2138; baseline -0.003 -18"><span class='ocrx_word' id='word_1_342' title='bbox 2030 2066 2199 2137; x_wconf 85' lang='lat' dir='ltr'><strong>quue</strong></span> <span class='ocrx_word' id='word_1_343' title='bbox 2246 2067 2440 2138; x_wconf 89' lang='lat' dir='ltr'><strong>partim</strong></span> <span class='ocrx_word' id='word_1_344' title='bbox 2488 2082 2519 2121; x_wconf 89' lang='lat' dir='ltr'><strong>a</strong></span> <span class='ocrx_word' id='word_1_345' title='bbox 2560 2065 2782 2122; x_wconf 88' lang='lat' dir='ltr'><strong>Polluce</strong></span> <span class='ocrx_word' id='word_1_346' title='bbox 2822 2066 3044 2121; x_wconf 85' lang='lat' dir='ltr'><strong>videtur</strong></span> <span class='ocrx_word' id='word_1_347' title='bbox 3087 2060 3358 2129; x_wconf 85' lang='lat' dir='ltr'><strong>mutuari;</strong></span> <span class='ocrx_word' id='word_1_348' title='bbox 3407 2062 3604 2133; x_wconf 86' lang='lat' dir='ltr'><strong>partim</strong></span> 
     </span>
    </p>
   </div>
   <div class='ocr_carea' id='block_1_49' title="bbox 2030 2157 3604 2229">
    <p class='ocr_par' dir='ltr' id='par_1_49' title="bbox 2030 2157 3604 2229">
     <span class='ocr_line' id='line_1_49' title="bbox 2030 2157 3604 2229; baseline -0.004 -15"><span class='ocrx_word' id='word_1_349' title='bbox 2030 2176 2127 2229; x_wconf 86' lang='lat' dir='ltr'><strong>per</strong></span> <span class='ocrx_word' id='word_1_350' title='bbox 2171 2175 2229 2215; x_wconf 93' lang='lat' dir='ltr'><strong>se</strong></span> <span class='ocrx_word' id='word_1_351' title='bbox 2279 2159 2686 2229; x_wconf 89' lang='lat' dir='ltr'><strong>quodammodo</strong></span> <span class='ocrx_word' id='word_1_352' title='bbox 2719 2158 3086 2215; x_wconf 81' lang='lat' dir='ltr'><strong>comminisci.</strong></span> <span class='ocrx_word' id='word_1_353' title='bbox 3118 2159 3197 2212; x_wconf 85' lang='lat' dir='ltr'><strong>Ita</strong></span> <span class='ocrx_word' id='word_1_354' title='bbox 3235 2157 3401 2221; x_wconf 91' lang='lat' dir='ltr'><strong>enim,</strong></span> <span class='ocrx_word' id='word_1_355' title='bbox 3449 2163 3604 2226; x_wconf 76' lang='lat' dir='ltr'><strong>puto,</strong></span> 
     </span>
    </p>
   </div>
   <div class='ocr_carea' id='block_1_50' title="bbox 2032 2247 3605 2317">
    <p class='ocr_par' dir='ltr' id='par_1_50' title="bbox 2032 2247 3605 2317">
     <span class='ocr_line' id='line_1_50' title="bbox 2032 2247 3605 2317; baseline -0.003 -14"><span class='ocrx_word' id='word_1_356' title='bbox 2032 2249 2246 2305; x_wconf 84' lang='lat' dir='ltr'><strong>facilius</strong></span> <span class='ocrx_word' id='word_1_357' title='bbox 2277 2249 2355 2304; x_wconf 90' lang='lat' dir='ltr'><strong>illi</strong></span> <span class='ocrx_word' id='word_1_358' title='bbox 2390 2257 2508 2305; x_wconf 89' lang='lat' dir='ltr'><strong>erat</strong></span> <span class='ocrx_word' id='word_1_359' title='bbox 2551 2264 2681 2305; x_wconf 90' lang='lat' dir='ltr'><strong>suas</strong></span> <span class='ocrx_word' id='word_1_360' title='bbox 2735 2249 2900 2303; x_wconf 81' lang='lat' dir='ltr'><strong>ferias</strong></span> <span class='ocrx_word' id='word_1_361' title='bbox 2946 2247 3257 2317; x_wconf 85' lang='lat' dir='ltr'><strong>disponere,</strong></span> <span class='ocrx_word' id='word_1_362' title='bbox 3286 2260 3427 2301; x_wconf 82' lang='lat' dir='ltr'><strong>nova</strong></span> <span class='ocrx_word' id='word_1_363' title='bbox 3458 2261 3605 2313; x_wconf 78' lang='lat' dir='ltr'><strong>quae-</strong></span> 
     </span>
    </p>
   </div>
   <div class='ocr_carea' id='block_1_51' title="bbox 2029 2338 3608 2409">
    <p class='ocr_par' dir='ltr' id='par_1_51' title="bbox 2029 2338 3608 2409">
     <span class='ocr_line' id='line_1_51' title="bbox 2029 2338 3608 2409; baseline -0.003 -14"><span class='ocrx_word' id='word_1_364' title='bbox 2029 2341 2153 2396; x_wconf 88' lang='lat' dir='ltr'><strong>dam</strong></span> <span class='ocrx_word' id='word_1_365' title='bbox 2191 2356 2346 2397; x_wconf 89' lang='lat' dir='ltr'><strong>sacra</strong></span> <span class='ocrx_word' id='word_1_366' title='bbox 2379 2341 2759 2397; x_wconf 88' lang='lat' dir='ltr'><strong>constituenti.</strong></span> <span class='ocrx_word' id='word_1_367' title='bbox 2790 2342 2859 2394; x_wconf 89' lang='lat' dir='ltr'><strong>At</strong></span> <span class='ocrx_word' id='word_1_368' title='bbox 2884 2355 2984 2395; x_wconf 90' lang='lat' dir='ltr'><strong>nos</strong></span> <span class='ocrx_word' id='word_1_369' title='bbox 3013 2340 3153 2395; x_wconf 84' lang='lat' dir='ltr'><strong>nihil</strong></span> <span class='ocrx_word' id='word_1_370' title='bbox 3181 2338 3441 2409; x_wconf 87' lang='lat' dir='ltr'><strong>impediat</strong></span> <span class='ocrx_word' id='word_1_371' title='bbox 3468 2352 3608 2408; x_wconf 87' lang='lat' dir='ltr'><strong>quo-</strong></span> 
     </span>
    </p>
   </div>
   <div class='ocr_carea' id='block_1_52' title="bbox 2030 2429 3606 2505">
    <p class='ocr_par' dir='ltr' id='par_1_52' title="bbox 2030 2429 3606 2505">
     <span class='ocr_line' id='line_1_52' title="bbox 2030 2429 3606 2505; baseline -0.005 -16"><span class='ocrx_word' id='word_1_372' title='bbox 2030 2435 2217 2490; x_wconf 90' lang='lat' dir='ltr'><strong>minus</strong></span> <span class='ocrx_word' id='word_1_373' title='bbox 2270 2443 2653 2505; x_wconf 90' lang='lat' dir='ltr'><strong>supputemus,</strong></span> <span class='ocrx_word' id='word_1_374' title='bbox 2691 2443 2753 2488; x_wconf 90' lang='lat' dir='ltr'><strong>ut</strong></span> <span class='ocrx_word' id='word_1_375' title='bbox 2790 2433 3179 2495; x_wconf 87' lang='lat' dir='ltr'><strong>Athenienses,</strong></span> <span class='ocrx_word' id='word_1_376' title='bbox 3216 2447 3402 2486; x_wconf 91' lang='lat' dir='ltr'><strong>mense</strong></span> <span class='ocrx_word' id='word_1_377' title='bbox 3452 2429 3606 2482; x_wconf 88' lang='lat' dir='ltr'><strong>trifa-</strong></span> 
     </span>
    </p>
   </div>
   <div class='ocr_carea' id='block_1_53' title="bbox 2028 2523 3608 2598">
    <p class='ocr_par' dir='ltr' id='par_1_53' title="bbox 2028 2523 3608 2598">
     <span class='ocr_line' id='line_1_53' title="bbox 2028 2523 3608 2598; baseline -0.003 -18"><span class='ocrx_word' id='word_1_378' title='bbox 2028 2529 2163 2580; x_wconf 87' lang='lat' dir='ltr'><strong>riam</strong></span> <span class='ocrx_word' id='word_1_379' title='bbox 2208 2527 2434 2598; x_wconf 87' lang='lat' dir='ltr'><strong>partito,</strong></span> <span class='ocrx_word' id='word_1_380' title='bbox 2467 2535 2677 2596; x_wconf 85' lang='lat' dir='ltr'><strong>partem</strong></span> <span class='ocrx_word' id='word_1_381' title='bbox 2731 2540 2897 2580; x_wconf 87' lang='lat' dir='ltr'><strong>unam</strong></span> <span class='ocrx_word' id='word_1_382' title='bbox 2947 2525 3253 2594; x_wconf 81' lang='grc' dir='ltr'>ἱστάμενον,</span> <span class='ocrx_word' id='word_1_383' title='bbox 3291 2523 3345 2577; x_wconf 90' lang='lat' dir='ltr'><strong>id</strong></span> <span class='ocrx_word' id='word_1_384' title='bbox 3376 2530 3481 2586; x_wconf 89' lang='lat' dir='ltr'><strong>est,</strong></span> <span class='ocrx_word' id='word_1_385' title='bbox 3521 2524 3608 2576; x_wconf 88' lang='lat' dir='ltr'><strong>in-</strong></span> 
     </span>
    </p>
   </div>
   <div class='ocr_carea' id='block_1_54' title="bbox 2028 2614 3601 2683">
    <p class='ocr_par' dir='ltr' id='par_1_54' title="bbox 2028 2614 3601 2683">
     <span class='ocr_line' id='line_1_54' title="bbox 2028 2614 3601 2683; baseline -0.003 -10"><span class='ocrx_word' id='word_1_386' title='bbox 2028 2627 2283 2683; x_wconf 82' lang='lat' dir='ltr'><strong>stantem,</strong></span> <span class='ocrx_word' id='word_1_387' title='bbox 2321 2620 2435 2675; x_wconf 83' lang='lat' dir='ltr'><strong>sive</strong></span> <span class='ocrx_word' id='word_1_388' title='bbox 2464 2618 2742 2675; x_wconf 83' lang='lat' dir='ltr'><strong>ineuntem</strong></span> <span class='ocrx_word' id='word_1_389' title='bbox 2787 2614 3047 2673; x_wconf 80' lang='lat' dir='ltr'><strong>vocantes</strong></span> <span class='ocrx_word' id='word_1_390' title='bbox 3075 2638 3087 2672; x_wconf 91' lang='lat'><strong>:</strong></span> <span class='ocrx_word' id='word_1_391' title='bbox 3121 2618 3212 2671; x_wconf 77' lang='grc' dir='ltr'><strong>ἐπὶ</strong></span> <span class='ocrx_word' id='word_1_392' title='bbox 3233 2618 3382 2680; x_wconf 83' lang='grc' dir='ltr'>δέκα,</span> <span class='ocrx_word' id='word_1_393' title='bbox 3413 2617 3466 2670; x_wconf 90' lang='lat' dir='ltr'><strong>id</strong></span> <span class='ocrx_word' id='word_1_394' title='bbox 3497 2623 3601 2681; x_wconf 89' lang='lat' dir='ltr'><strong>est,</strong></span> 
     </span>
    </p>
   </div>
   <div class='ocr_carea' id='block_1_55' title="bbox 2027 2708 3605 2779">
    <p class='ocr_par' dir='ltr' id='par_1_55' title="bbox 2027 2708 3605 2779">
     <span class='ocr_line' id='line_1_55' title="bbox 2027 2708 3605 2779; baseline -0.001 -15"><span class='ocrx_word' id='word_1_395' title='bbox 2027 2725 2191 2779; x_wconf 83' lang='lat' dir='ltr'><strong>supra</strong></span> <span class='ocrx_word' id='word_1_396' title='bbox 2222 2710 2411 2766; x_wconf 90' lang='lat' dir='ltr'><strong>decem</strong></span> <span class='ocrx_word' id='word_1_397' title='bbox 2441 2711 2667 2765; x_wconf 86' lang='lat' dir='ltr'><strong>alteram</strong></span> <span class='ocrx_word' id='word_1_398' title='bbox 2696 2727 2712 2763; x_wconf 87' lang='lat'><strong>:</strong></span> <span class='ocrx_word' id='word_1_399' title='bbox 2741 2709 2991 2763; x_wconf 86' lang='lat' dir='ltr'><strong>ultimam</strong></span> <span class='ocrx_word' id='word_1_400' title='bbox 3016 2708 3219 2778; x_wconf 74' lang='grc' dir='ltr'>φθῖνον,</span> <span class='ocrx_word' id='word_1_401' title='bbox 3250 2708 3302 2763; x_wconf 90' lang='lat' dir='ltr'><strong>id</strong></span> <span class='ocrx_word' id='word_1_402' title='bbox 3331 2716 3435 2772; x_wconf 89' lang='lat' dir='ltr'><strong>est,</strong></span> <span class='ocrx_word' id='word_1_403' title='bbox 3467 2723 3605 2778; x_wconf 69' lang='lat' dir='ltr'><strong>prae-</strong></span> 
     </span>
    </p>
   </div>
   <div class='ocr_carea' id='block_1_56' title="bbox 2026 2800 3603 2871">
    <p class='ocr_par' dir='ltr' id='par_1_56' title="bbox 2026 2800 3603 2871">
     <span class='ocr_line' id='line_1_56' title="bbox 2026 2800 3603 2871; baseline -0.002 -15"><span class='ocrx_word' id='word_1_404' title='bbox 2026 2802 2268 2871; x_wconf 85' lang='lat' dir='ltr'><strong>cipitem,</strong></span> <span class='ocrx_word' id='word_1_405' title='bbox 2302 2803 2386 2857; x_wconf 85' lang='lat' dir='ltr'><strong>vel</strong></span> <span class='ocrx_word' id='word_1_406' title='bbox 2433 2801 2794 2857; x_wconf 85' lang='lat' dir='ltr'><strong>desinentem.</strong></span> <span class='ocrx_word' id='word_1_407' title='bbox 2829 2800 3281 2871; x_wconf 89' lang='lat' dir='ltr'><strong>Quandoquidem</strong></span> <span class='ocrx_word' id='word_1_408' title='bbox 3311 2800 3427 2854; x_wconf 71' lang='lat' dir='ltr'><strong>haec</strong></span> <span class='ocrx_word' id='word_1_409' title='bbox 3458 2814 3603 2868; x_wconf 86' lang='lat' dir='ltr'><strong>quo-</strong></span> 
     </span>
    </p>
   </div>
   <div class='ocr_carea' id='block_1_57' title="bbox 2025 2890 3602 2963">
    <p class='ocr_par' dir='ltr' id='par_1_57' title="bbox 2025 2890 3602 2963">
     <span class='ocr_line' id='line_1_57' title="bbox 2025 2890 3602 2963; baseline -0.004 -16"><span class='ocrx_word' id='word_1_410' title='bbox 2025 2909 2132 2963; x_wconf 90' lang='lat' dir='ltr'><strong>que</strong></span> <span class='ocrx_word' id='word_1_411' title='bbox 2179 2893 2378 2948; x_wconf 89' lang='lat' dir='ltr'><strong>divisio</strong></span> <span class='ocrx_word' id='word_1_412' title='bbox 2425 2900 2614 2947; x_wconf 89' lang='lat' dir='ltr'><strong>nostra</strong></span> <span class='ocrx_word' id='word_1_413' title='bbox 2661 2892 2740 2948; x_wconf 90' lang='lat' dir='ltr'><strong>sic</strong></span> <span class='ocrx_word' id='word_1_414' title='bbox 2798 2894 2987 2947; x_wconf 88' lang='lat' dir='ltr'><strong>nescio</strong></span> <span class='ocrx_word' id='word_1_415' title='bbox 3029 2890 3303 2961; x_wconf 88' lang='lat' dir='ltr'><strong>quomodo</strong></span> <span class='ocrx_word' id='word_1_416' title='bbox 3345 2890 3435 2944; x_wconf 87' lang='lat' dir='ltr'><strong>fiet</strong></span> <span class='ocrx_word' id='word_1_417' title='bbox 3477 2904 3602 2943; x_wconf 91' lang='lat' dir='ltr'><strong>cum</strong></span> 
     </span>
    </p>
   </div>
   <div class='ocr_carea' id='block_1_58' title="bbox 2024 2981 3603 3055">
    <p class='ocr_par' dir='ltr' id='par_1_58' title="bbox 2024 2981 3603 3055">
     <span class='ocr_line' id='line_1_58' title="bbox 2024 2981 3603 3055; baseline -0.002 -18"><span class='ocrx_word' id='word_1_418' title='bbox 2024 2983 2269 3039; x_wconf 82' lang='lat' dir='ltr'><strong>Romana</strong></span> <span class='ocrx_word' id='word_1_419' title='bbox 2319 2984 2732 3041; x_wconf 88' lang='lat' dir='ltr'><strong>consonantior.</strong></span> <span class='ocrx_word' id='word_1_420' title='bbox 2791 2984 2857 3039; x_wconf 85' lang='lat' dir='ltr'><strong>Hi</strong></span> <span class='ocrx_word' id='word_1_421' title='bbox 2901 2998 3139 3055; x_wconf 84' lang='lat' dir='ltr'><strong>namque</strong></span> <span class='ocrx_word' id='word_1_422' title='bbox 3180 2991 3292 3037; x_wconf 92' lang='lat' dir='ltr'><strong>tres</strong></span> <span class='ocrx_word' id='word_1_423' title='bbox 3326 2983 3491 3037; x_wconf 89' lang='lat' dir='ltr'><strong>etiam</strong></span> <span class='ocrx_word' id='word_1_424' title='bbox 3548 2981 3603 3034; x_wconf 91' lang='lat' dir='ltr'><strong>in</strong></span> 
     </span>
    </p>
   </div>
   <div class='ocr_carea' id='block_1_59' title="bbox 2024 3072 3604 3146">
    <p class='ocr_par' dir='ltr' id='par_1_59' title="bbox 2024 3072 3604 3146">
     <span class='ocr_line' id='line_1_59' title="bbox 2024 3072 3604 3146; baseline -0.004 -16"><span class='ocrx_word' id='word_1_425' title='bbox 2024 3084 2206 3146; x_wconf 87' lang='lat' dir='ltr'><strong>partes</strong></span> <span class='ocrx_word' id='word_1_426' title='bbox 2257 3092 2502 3132; x_wconf 89' lang='lat' dir='ltr'><strong>mensem</strong></span> <span class='ocrx_word' id='word_1_427' title='bbox 2559 3078 2899 3141; x_wconf 88' lang='lat' dir='ltr'><strong>tribuentes,</strong></span> <span class='ocrx_word' id='word_1_428' title='bbox 2952 3076 3245 3141; x_wconf 78' lang='lat' dir='ltr'><strong>Kalendas,</strong></span> <span class='ocrx_word' id='word_1_429' title='bbox 3294 3072 3498 3138; x_wconf 85' lang='lat' dir='ltr'><strong>Nonas,</strong></span> <span class='ocrx_word' id='word_1_430' title='bbox 3549 3079 3604 3126; x_wconf 88' lang='lat' dir='ltr'><strong>et</strong></span> 
     </span>
    </p>
   </div>
   <div class='ocr_carea' id='block_1_60' title="bbox 2024 3166 3604 3238">
    <p class='ocr_par' dir='ltr' id='par_1_60' title="bbox 2024 3166 3604 3238">
     <span class='ocr_line' id='line_1_60' title="bbox 2024 3166 3604 3238; baseline -0.003 -19"><span class='ocrx_word' id='word_1_431' title='bbox 2024 3166 2150 3224; x_wconf 90' lang='lat' dir='ltr'><strong>ldus</strong></span> <span class='ocrx_word' id='word_1_432' title='bbox 2202 3168 2497 3238; x_wconf 89' lang='lat' dir='ltr'><strong>appellant.</strong></span> <span class='ocrx_word' id='word_1_433' title='bbox 2550 3166 2642 3223; x_wconf 90' lang='lat' dir='ltr'><strong>Sic</strong></span> <span class='ocrx_word' id='word_1_434' title='bbox 2692 3170 2877 3238; x_wconf 87' lang='lat' dir='ltr'><strong>itaque</strong></span> <span class='ocrx_word' id='word_1_435' title='bbox 2929 3166 3328 3222; x_wconf 91' lang='lat' dir='ltr'><strong>numerandum</strong></span> <span class='ocrx_word' id='word_1_436' title='bbox 3377 3171 3490 3227; x_wconf 87' lang='lat' dir='ltr'><strong>est,</strong></span> <span class='ocrx_word' id='word_1_437' title='bbox 3542 3170 3604 3215; x_wconf 90' lang='lat' dir='ltr'><strong>ut</strong></span> 
     </span>
    </p>
   </div>
   <div class='ocr_carea' id='block_1_61' title="bbox 338 3247 1922 3328">
    <p class='ocr_par' dir='ltr' id='par_1_61' title="bbox 338 3247 1921 3322">
     <span class='ocr_line' id='line_1_61' title="bbox 338 3247 1921 3322; baseline 0 -18"><span class='ocrx_word' id='word_1_438' title='bbox 338 3250 504 3304; x_wconf 81' lang='grc' dir='ltr'>δέκα’</span> <span class='ocrx_word' id='word_1_439' title='bbox 540 3247 657 3304; x_wconf 81' lang='grc' dir='ltr'>εἶτα</span> <span class='ocrx_word' id='word_1_440' title='bbox 686 3251 944 3322; x_wconf 90' lang='grc' dir='ltr'>δευτέραν</span> <span class='ocrx_word' id='word_1_441' title='bbox 989 3253 1082 3305; x_wconf 72' lang='grc' dir='ltr'>ἐπὶ</span> <span class='ocrx_word' id='word_1_442' title='bbox 1117 3253 1270 3317; x_wconf 85' lang='grc' dir='ltr'>δέκα,</span> <span class='ocrx_word' id='word_1_443' title='bbox 1316 3252 1411 3305; x_wconf 74' lang='grc' dir='ltr'>καὶ</span> <span class='ocrx_word' id='word_1_444' title='bbox 1455 3250 1581 3322; x_wconf 82' lang='grc' dir='ltr'>ἑξῆς</span> <span class='ocrx_word' id='word_1_445' title='bbox 1623 3251 1751 3322; x_wconf 84' lang='grc' dir='ltr'>ἄχρι</span> <span class='ocrx_word' id='word_1_446' title='bbox 1780 3253 1921 3304; x_wconf 87' lang='grc' dir='ltr'>εἰκο-</span> 
     </span>
    </p>
   </div>
   <div class='ocr_carea' id='block_1_62' title="bbox 2025 3247 3603 3328">
    <p class='ocr_par' dir='ltr' id='par_1_62' title="bbox 2025 3253 3603 3328">
     <span class='ocr_line' id='line_1_62' title="bbox 2025 3253 3603 3328; baseline -0.004 -17"><span class='ocrx_word' id='word_1_447' title='bbox 2025 3256 2320 3312; x_wconf 84' lang='lat' dir='ltr'><strong>Neomenia</strong></span> <span class='ocrx_word' id='word_1_448' title='bbox 2352 3255 2519 3328; x_wconf 90' lang='lat' dir='ltr'><strong>(quod</strong></span> <span class='ocrx_word' id='word_1_449' title='bbox 2552 3258 2890 3312; x_wconf 84' lang='lat' dir='ltr'><strong>novilunium</strong></span> <span class='ocrx_word' id='word_1_450' title='bbox 2924 3255 3220 3328; x_wconf 81' lang='lat' dir='ltr'><strong>significat)</strong></span> <span class='ocrx_word' id='word_1_451' title='bbox 3254 3253 3461 3309; x_wconf 89' lang='lat' dir='ltr'><strong>mensis</strong></span> <span class='ocrx_word' id='word_1_452' title='bbox 3489 3253 3603 3322; x_wconf 89' lang='lat' dir='ltr'><strong>pri-</strong></span> 
     </span>
    </p>
   </div>
   <div class='ocr_carea' id='block_1_63' title="bbox 220 3342 1921 3423">
    <p class='ocr_par' dir='ltr' id='par_1_63' title="bbox 220 3342 1921 3423">
     <span class='ocr_line' id='line_1_63' title="bbox 220 3342 1921 3423; baseline -0.001 -27"><span class='ocrx_word' id='word_1_453' title='bbox 220 3413 230 3423; x_wconf 37' lang='lat'>,</span> <span class='ocrx_word' id='word_1_454' title='bbox 342 3344 492 3415; x_wconf 91' lang='grc' dir='ltr'>στῆς.</span> <span class='ocrx_word' id='word_1_455' title='bbox 533 3344 598 3397; x_wconf 86' lang='grc' dir='ltr'><strong>Ἦ</strong></span> <span class='ocrx_word' id='word_1_456' title='bbox 629 3343 768 3416; x_wconf 84' lang='grc' dir='ltr'><strong>αὐτὴ</strong></span> <span class='ocrx_word' id='word_1_457' title='bbox 801 3344 858 3398; x_wconf 78' lang='grc' dir='ltr'>δὲ</span> <span class='ocrx_word' id='word_1_458' title='bbox 884 3344 978 3398; x_wconf 78' lang='grc' dir='ltr'><strong>καὶ</strong></span> <span class='ocrx_word' id='word_1_459' title='bbox 1009 3346 1163 3409; x_wconf 82' lang='grc' dir='ltr'>εἰκάς</span> <span class='ocrx_word' id='word_1_460' title='bbox 1182 3362 1197 3377; x_wconf 77' lang='grc' dir='ltr'><strong>ο</strong></span> <span class='ocrx_word' id='word_1_461' title='bbox 1239 3344 1355 3416; x_wconf 87' lang='grc' dir='ltr'>μεθ’</span> <span class='ocrx_word' id='word_1_462' title='bbox 1383 3344 1450 3415; x_wconf 78' lang='grc' dir='ltr'>ἢν</span> <span class='ocrx_word' id='word_1_463' title='bbox 1483 3343 1769 3413; x_wconf 83' lang='grc' dir='ltr'>ἑνδεκάτην</span> <span class='ocrx_word' id='word_1_464' title='bbox 1800 3342 1921 3413; x_wconf 85' lang='grc' dir='ltr'>φθί-</span> 
     </span>
    </p>
   </div>
   <div class='ocr_carea' id='block_1_64' title="bbox 339 3436 1919 3510">
    <p class='ocr_par' dir='ltr' id='par_1_64' title="bbox 339 3436 1919 3510">
     <span class='ocr_line' id='line_1_64' title="bbox 339 3436 1919 3510; baseline 0.001 -22"><span class='ocrx_word' id='word_1_465' title='bbox 339 3453 543 3501; x_wconf 87' lang='grc' dir='ltr'>νοντος,</span> <span class='ocrx_word' id='word_1_466' title='bbox 575 3436 609 3507; x_wconf 74' lang='grc' dir='ltr'>ἢ</span> <span class='ocrx_word' id='word_1_467' title='bbox 636 3436 891 3508; x_wconf 86' lang='grc' dir='ltr'>δεκάτην,</span> <span class='ocrx_word' id='word_1_468' title='bbox 924 3438 957 3508; x_wconf 80' lang='grc' dir='ltr'>ἣ</span> <span class='ocrx_word' id='word_1_469' title='bbox 1001 3439 1248 3509; x_wconf 88' lang='grc' dir='ltr'>ἑννάτην,</span> <span class='ocrx_word' id='word_1_470' title='bbox 1286 3438 1318 3510; x_wconf 86' lang='grc' dir='ltr'>ἢ</span> <span class='ocrx_word' id='word_1_471' title='bbox 1367 3437 1579 3509; x_wconf 84' lang='grc' dir='ltr'>ὀγδόην,</span> <span class='ocrx_word' id='word_1_472' title='bbox 1609 3437 1685 3501; x_wconf 85' lang='grc' dir='ltr'>ὡς</span> <span class='ocrx_word' id='word_1_473' title='bbox 1731 3436 1919 3508; x_wconf 77' lang='grc' dir='ltr'>ἔτυχεν</span> 
     </span>
    </p>
   </div>
   <div class='ocr_carea' id='block_1_65' title="bbox 338 3527 1921 3601">
    <p class='ocr_par' dir='ltr' id='par_1_65' title="bbox 338 3527 1921 3601">
     <span class='ocr_line' id='line_1_65' title="bbox 338 3527 1921 3601; baseline 0.001 -21"><span class='ocrx_word' id='word_1_474' title='bbox 338 3527 477 3598; x_wconf 68' lang='grc' dir='ltr'>ἔχων</span> <span class='ocrx_word' id='word_1_475' title='bbox 500 3530 529 3582; x_wconf 87' lang='grc' dir='ltr'>ὁ</span> <span class='ocrx_word' id='word_1_476' title='bbox 557 3528 682 3600; x_wconf 80' lang='grc' dir='ltr'>μὴν,</span> <span class='ocrx_word' id='word_1_477' title='bbox 709 3529 804 3582; x_wconf 80' lang='grc' dir='ltr'><strong>καὶ</strong></span> <span class='ocrx_word' id='word_1_478' title='bbox 837 3529 964 3599; x_wconf 81' lang='grc' dir='ltr'>ἑξῆς</span> <span class='ocrx_word' id='word_1_479' title='bbox 993 3529 1277 3583; x_wconf 88' lang='grc' dir='ltr'>άναλύοντι</span> <span class='ocrx_word' id='word_1_480' title='bbox 1312 3531 1439 3601; x_wconf 86' lang='grc' dir='ltr'>ἄχρι</span> <span class='ocrx_word' id='word_1_481' title='bbox 1464 3529 1741 3600; x_wconf 83' lang='grc' dir='ltr'>δευτέρας.</span> <span class='ocrx_word' id='word_1_482' title='bbox 1767 3529 1921 3583; x_wconf 74' lang='grc' dir='ltr'>Οὕτω</span> 
     </span>
    </p>
   </div>
   <div class='ocr_carea' id='block_1_66' title="bbox 338 3616 1919 3690">
    <p class='ocr_par' dir='ltr' id='par_1_66' title="bbox 338 3616 1919 3690">
     <span class='ocr_line' id='line_1_66' title="bbox 338 3616 1919 3690; baseline 0.001 -20"><span class='ocrx_word' id='word_1_483' title='bbox 338 3616 446 3689; x_wconf 86' lang='grc' dir='ltr'><strong>γὰρ</strong></span> <span class='ocrx_word' id='word_1_484' title='bbox 530 3618 801 3690; x_wconf 88' lang='grc' dir='ltr'>Ἀθηναῖοι</span> <span class='ocrx_word' id='word_1_485' title='bbox 856 3618 1159 3690; x_wconf 81' lang='grc' dir='ltr'>ἡρίθμουν,</span> <span class='ocrx_word' id='word_1_486' title='bbox 1212 3619 1274 3673; x_wconf 87' lang='grc' dir='ltr'>ού</span> <span class='ocrx_word' id='word_1_487' title='bbox 1339 3618 1750 3690; x_wconf 86' lang='grc' dir='ltr'>προστιθέντες,</span> <span class='ocrx_word' id='word_1_488' title='bbox 1803 3618 1919 3672; x_wconf 84' lang='grc' dir='ltr'>ἀλλ’</span> 
     </span>
    </p>
   </div>
   <div class='ocr_carea' id='block_1_67' title="bbox 338 3708 1921 3783">
    <p class='ocr_par' dir='ltr' id='par_1_67' title="bbox 338 3708 1921 3783">
     <span class='ocr_line' id='line_1_67' title="bbox 338 3708 1921 3783; baseline 0.002 -22"><span class='ocrx_word' id='word_1_489' title='bbox 338 3708 718 3780; x_wconf 81' lang='grc' dir='ltr'>ἀφαιροῦντες,</span> <span class='ocrx_word' id='word_1_490' title='bbox 751 3710 846 3764; x_wconf 81' lang='grc' dir='ltr'><strong>καὶ</strong></span> <span class='ocrx_word' id='word_1_491' title='bbox 872 3709 1195 3774; x_wconf 83' lang='grc' dir='ltr'>ἀναλύοντες</span> <span class='ocrx_word' id='word_1_492' title='bbox 1224 3710 1385 3782; x_wconf 88' lang='grc' dir='ltr'>μέχρι</span> <span class='ocrx_word' id='word_1_493' title='bbox 1412 3710 1721 3783; x_wconf 82' lang='grc' dir='ltr'>τριακάδος,</span> <span class='ocrx_word' id='word_1_494' title='bbox 1747 3712 1921 3765; x_wconf 84' lang='grc' dir='ltr'>Σόλω-</span> 
     </span>
    </p>
   </div>
   <div class='ocr_carea' id='block_1_68' title="bbox 339 3801 1922 3874">
    <p class='ocr_par' dir='ltr' id='par_1_68' title="bbox 339 3801 1922 3874">
     <span class='ocr_line' id='line_1_68' title="bbox 339 3801 1922 3874; baseline 0.005 -25"><span class='ocrx_word' id='word_1_495' title='bbox 339 3814 428 3860; x_wconf 88' lang='grc' dir='ltr'><strong>νος</strong></span> <span class='ocrx_word' id='word_1_496' title='bbox 475 3801 825 3871; x_wconf 83' lang='grc' dir='ltr'>ἡγησαμένου</span> <span class='ocrx_word' id='word_1_497' title='bbox 872 3801 1008 3872; x_wconf 86' lang='grc' dir='ltr'>πρὸς</span> <span class='ocrx_word' id='word_1_498' title='bbox 1050 3802 1119 3856; x_wconf 81' lang='grc' dir='ltr'><strong>τὰ</strong></span> <span class='ocrx_word' id='word_1_499' title='bbox 1157 3803 1255 3874; x_wconf 89' lang='grc' dir='ltr'><strong>τῆς</strong></span> <span class='ocrx_word' id='word_1_500' title='bbox 1310 3801 1541 3874; x_wconf 87' lang='grc' dir='ltr'>σελήνης</span> <span class='ocrx_word' id='word_1_501' title='bbox 1574 3802 1729 3872; x_wconf 80' lang='grc' dir='ltr'>φῶτα</span> <span class='ocrx_word' id='word_1_502' title='bbox 1778 3802 1922 3857; x_wconf 77' lang='grc' dir='ltr'>οὕτω</span> 
     </span>
    </p>
   </div>
   <div class='ocr_carea' id='block_1_69' title="bbox 343 3889 1920 3966">
    <p class='ocr_par' dir='ltr' id='par_1_69' title="bbox 343 3889 1920 3966">
     <span class='ocr_line' id='line_1_69' title="bbox 343 3889 1920 3966; baseline 0.006 -26"><span class='ocrx_word' id='word_1_503' title='bbox 343 3889 659 3960; x_wconf 87' lang='grc' dir='ltr'>μειούμενα.</span> <span class='ocrx_word' id='word_1_504' title='bbox 694 3893 804 3946; x_wconf 76' lang='grc' dir='ltr'><strong>Καὶ</strong></span> <span class='ocrx_word' id='word_1_505' title='bbox 844 3894 1237 3965; x_wconf 80' lang='grc' dir='ltr'>Ἀριστοφάνης</span> <span class='ocrx_word' id='word_1_506' title='bbox 1288 3894 1345 3947; x_wconf 82' lang='grc' dir='ltr'>δὲ</span> <span class='ocrx_word' id='word_1_507' title='bbox 1394 3896 1423 3947; x_wconf 91' lang='grc' dir='ltr'><strong>ὀ</strong></span> <span class='ocrx_word' id='word_1_508' title='bbox 1464 3896 1709 3966; x_wconf 82' lang='grc' dir='ltr'>κωμικὸς</span> <span class='ocrx_word' id='word_1_509' title='bbox 1750 3895 1920 3960; x_wconf 77' lang='grc' dir='ltr'>οὕτως</span> 
     </span>
    </p>
   </div>
   <div class='ocr_carea' id='block_1_70' title="bbox 339 3980 594 4052">
    <p class='ocr_par' dir='ltr' id='par_1_70' title="bbox 339 3980 594 4052">
     <span class='ocr_line' id='line_1_70' title="bbox 339 3980 594 4052; baseline 0.004 -18"><span class='ocrx_word' id='word_1_510' title='bbox 339 3980 565 4052; x_wconf 86' lang='grc' dir='ltr'>ἀριθμεῖ</span> <span class='ocrx_word' id='word_1_511' title='bbox 580 3999 594 4012; x_wconf 72' lang='grc' dir='ltr'><strong>ο</strong></span> 
     </span>
    </p>
   </div>
   <div class='ocr_carea' id='block_1_71' title="bbox 2026 3346 3697 3407">
    <p class='ocr_par' dir='ltr' id='par_1_71' title="bbox 2026 3346 3697 3407">
     <span class='ocr_line' id='line_1_71' title="bbox 2026 3346 3697 3407; baseline -0.002 -4"><span class='ocrx_word' id='word_1_512' title='bbox 2026 3365 2149 3405; x_wconf 92' lang='lat' dir='ltr'><strong>mus</strong></span> <span class='ocrx_word' id='word_1_513' title='bbox 2192 3348 2311 3405; x_wconf 84' lang='lat' dir='ltr'><strong>dies</strong></span> <span class='ocrx_word' id='word_1_514' title='bbox 2349 3350 2422 3404; x_wconf 90' lang='lat' dir='ltr'><strong>sit</strong></span> <span class='ocrx_word' id='word_1_515' title='bbox 2459 3369 2473 3403; x_wconf 91' lang='lat'><strong>:</strong></span> <span class='ocrx_word' id='word_1_516' title='bbox 2507 3348 2704 3405; x_wconf 90' lang='lat' dir='ltr'><strong>deinde</strong></span> <span class='ocrx_word' id='word_1_517' title='bbox 2752 3349 3028 3405; x_wconf 87' lang='lat' dir='ltr'><strong>secundus</strong></span> <span class='ocrx_word' id='word_1_518' title='bbox 3078 3347 3359 3407; x_wconf 89' lang='lat' dir='ltr'><strong>instantis,</strong></span> <span class='ocrx_word' id='word_1_519' title='bbox 3405 3346 3603 3400; x_wconf 86' lang='lat' dir='ltr'><strong>tertius</strong></span> <span class='ocrx_word' id='word_1_520' title='bbox 3690 3376 3697 3385; x_wconf 75' lang='grc' dir='ltr'>ι</span> 
     </span>
    </p>
   </div>
   <div class='ocr_carea' id='block_1_72' title="bbox 2027 3438 3604 3512">
    <p class='ocr_par' dir='ltr' id='par_1_72' title="bbox 2027 3438 3604 3512">
     <span class='ocr_line' id='line_1_72' title="bbox 2027 3438 3604 3512; baseline -0.003 -18"><span class='ocrx_word' id='word_1_521' title='bbox 2027 3440 2305 3503; x_wconf 86' lang='lat' dir='ltr'><strong>instantis,</strong></span> <span class='ocrx_word' id='word_1_522' title='bbox 2337 3448 2391 3495; x_wconf 90' lang='lat' dir='ltr'><strong>et</strong></span> <span class='ocrx_word' id='word_1_523' title='bbox 2421 3440 2497 3494; x_wconf 90' lang='lat' dir='ltr'><strong>ita</strong></span> <span class='ocrx_word' id='word_1_524' title='bbox 2531 3440 2791 3512; x_wconf 88' lang='lat' dir='ltr'><strong>deinceps</strong></span> <span class='ocrx_word' id='word_1_525' title='bbox 2821 3455 2996 3511; x_wconf 86' lang='lat' dir='ltr'><strong>usque</strong></span> <span class='ocrx_word' id='word_1_526' title='bbox 3026 3439 3093 3494; x_wconf 88' lang='lat' dir='ltr'><strong>ad</strong></span> <span class='ocrx_word' id='word_1_527' title='bbox 3126 3438 3395 3494; x_wconf 91' lang='lat' dir='ltr'><strong>decimum</strong></span> <span class='ocrx_word' id='word_1_528' title='bbox 3429 3456 3443 3492; x_wconf 90' lang='lat'><strong>:</strong></span> <span class='ocrx_word' id='word_1_529' title='bbox 3478 3444 3604 3507; x_wconf 92' lang='lat' dir='ltr'><strong>post</strong></span> 
     </span>
    </p>
   </div>
   <div class='ocr_carea' id='block_1_73' title="bbox 2026 3526 3602 3610">
    <p class='ocr_par' dir='ltr' id='par_1_73' title="bbox 2026 3526 3602 3610">
     <span class='ocr_line' id='line_1_73' title="bbox 2026 3526 3602 3610; baseline -0.004 -25"><span class='ocrx_word' id='word_1_530' title='bbox 2026 3545 2186 3602; x_wconf 91' lang='lat' dir='ltr'><strong>quem</strong></span> <span class='ocrx_word' id='word_1_531' title='bbox 2239 3531 2450 3601; x_wconf 90' lang='lat' dir='ltr'><strong>primus</strong></span> <span class='ocrx_word' id='word_1_532' title='bbox 2504 3547 2668 3610; x_wconf 90' lang='lat' dir='ltr'><strong>supra</strong></span> <span class='ocrx_word' id='word_1_533' title='bbox 2716 3532 2927 3598; x_wconf 87' lang='lat' dir='ltr'><strong>decem,</strong></span> <span class='ocrx_word' id='word_1_534' title='bbox 2962 3529 3235 3586; x_wconf 82' lang='lat' dir='ltr'><strong>secundus</strong></span> <span class='ocrx_word' id='word_1_535' title='bbox 3284 3541 3451 3597; x_wconf 87' lang='lat' dir='ltr'><strong>supra</strong></span> <span class='ocrx_word' id='word_1_536' title='bbox 3501 3526 3602 3579; x_wconf 87' lang='lat' dir='ltr'><strong>de-</strong></span> 
     </span>
    </p>
   </div>
   <div class='ocr_carea' id='block_1_74' title="bbox 2027 3616 3599 3692">
    <p class='ocr_par' dir='ltr' id='par_1_74' title="bbox 2027 3616 3599 3692">
     <span class='ocr_line' id='line_1_74' title="bbox 2027 3616 3599 3692; baseline -0.004 -16"><span class='ocrx_word' id='word_1_537' title='bbox 2027 3636 2168 3683; x_wconf 86' lang='lat' dir='ltr'><strong>cem,</strong></span> <span class='ocrx_word' id='word_1_538' title='bbox 2201 3629 2254 3675; x_wconf 92' lang='lat' dir='ltr'><strong>et</strong></span> <span class='ocrx_word' id='word_1_539' title='bbox 2286 3622 2365 3677; x_wconf 90' lang='lat' dir='ltr'><strong>sic</strong></span> <span class='ocrx_word' id='word_1_540' title='bbox 2393 3637 2490 3692; x_wconf 91' lang='lat' dir='ltr'><strong>per</strong></span> <span class='ocrx_word' id='word_1_541' title='bbox 2517 3623 2765 3677; x_wconf 92' lang='lat' dir='ltr'><strong>ordinem</strong></span> <span class='ocrx_word' id='word_1_542' title='bbox 2798 3637 2973 3692; x_wconf 88' lang='lat' dir='ltr'><strong>usque</strong></span> <span class='ocrx_word' id='word_1_543' title='bbox 3014 3619 3083 3675; x_wconf 91' lang='lat' dir='ltr'><strong>ad</strong></span> <span class='ocrx_word' id='word_1_544' title='bbox 3132 3620 3474 3688; x_wconf 79' lang='lat' dir='ltr'><strong>vigesimum,</strong></span> <span class='ocrx_word' id='word_1_545' title='bbox 3506 3616 3599 3686; x_wconf 89' lang='lat' dir='ltr'><strong>qui</strong></span> 
     </span>
    </p>
   </div>
   <div class='ocr_carea' id='block_1_75' title="bbox 2024 3709 3600 3785">
    <p class='ocr_par' dir='ltr' id='par_1_75' title="bbox 2024 3709 3600 3785">
     <span class='ocr_line' id='line_1_75' title="bbox 2024 3709 3600 3785; baseline -0.005 -19"><span class='ocrx_word' id='word_1_546' title='bbox 2024 3721 2079 3766; x_wconf 91' lang='lat' dir='ltr'><strong>et</strong></span> <span class='ocrx_word' id='word_1_547' title='bbox 2102 3713 2251 3768; x_wconf 88' lang='lat' dir='ltr'><strong>eicas</strong></span> <span class='ocrx_word' id='word_1_548' title='bbox 2285 3713 2507 3785; x_wconf 84' lang='lat' dir='ltr'><strong>dicitur.</strong></span> <span class='ocrx_word' id='word_1_549' title='bbox 2540 3714 2696 3784; x_wconf 90' lang='lat' dir='ltr'><strong>quasi</strong></span> <span class='ocrx_word' id='word_1_550' title='bbox 2742 3715 3080 3769; x_wconf 87' lang='lat' dir='ltr'><strong>vicenionem</strong></span> <span class='ocrx_word' id='word_1_551' title='bbox 3116 3712 3267 3766; x_wconf 89' lang='lat' dir='ltr'><strong>ausis</strong></span> <span class='ocrx_word' id='word_1_552' title='bbox 3308 3709 3600 3780; x_wconf 87' lang='lat' dir='ltr'><strong>appellare.</strong></span> 
     </span>
    </p>
   </div>
   <div class='ocr_carea' id='block_1_76' title="bbox 2022 3799 3601 3876">
    <p class='ocr_par' dir='ltr' id='par_1_76' title="bbox 2022 3799 3601 3876">
     <span class='ocr_line' id='line_1_76' title="bbox 2022 3799 3601 3876; baseline -0.004 -17"><span class='ocrx_word' id='word_1_553' title='bbox 2022 3805 2150 3861; x_wconf 92' lang='lat' dir='ltr'><strong>Post</strong></span> <span class='ocrx_word' id='word_1_554' title='bbox 2194 3822 2353 3875; x_wconf 88' lang='lat' dir='ltr'><strong>quem</strong></span> <span class='ocrx_word' id='word_1_555' title='bbox 2392 3805 2717 3862; x_wconf 88' lang='lat' dir='ltr'><strong>undecimus</strong></span> <span class='ocrx_word' id='word_1_556' title='bbox 2754 3806 3072 3876; x_wconf 75' lang='lat' dir='ltr'><strong>prmcipitis,</strong></span> <span class='ocrx_word' id='word_1_557' title='bbox 3105 3805 3193 3860; x_wconf 89' lang='lat' dir='ltr'><strong>vel</strong></span> <span class='ocrx_word' id='word_1_558' title='bbox 3221 3803 3489 3864; x_wconf 87' lang='lat' dir='ltr'><strong>decimus,</strong></span> <span class='ocrx_word' id='word_1_559' title='bbox 3515 3799 3601 3854; x_wconf 82' lang='lat' dir='ltr'><strong>vel</strong></span> 
     </span>
    </p>
   </div>
   <div class='ocr_carea' id='block_1_77' title="bbox 2023 3896 3604 3968">
    <p class='ocr_par' dir='ltr' id='par_1_77' title="bbox 2023 3896 3604 3968">
     <span class='ocr_line' id='line_1_77' title="bbox 2023 3896 3604 3968; baseline -0.003 -17"><span class='ocrx_word' id='word_1_560' title='bbox 2023 3913 2225 3963; x_wconf 90' lang='lat' dir='ltr'><strong>nonus,</strong></span> <span class='ocrx_word' id='word_1_561' title='bbox 2251 3898 2338 3953; x_wconf 91' lang='lat' dir='ltr'><strong>vel</strong></span> <span class='ocrx_word' id='word_1_562' title='bbox 2367 3905 2618 3962; x_wconf 90' lang='lat' dir='ltr'><strong>octavus,</strong></span> <span class='ocrx_word' id='word_1_563' title='bbox 2652 3914 2751 3968; x_wconf 87' lang='lat' dir='ltr'><strong>pro</strong></span> <span class='ocrx_word' id='word_1_564' title='bbox 2779 3898 2986 3953; x_wconf 90' lang='lat' dir='ltr'><strong>mensis</strong></span> <span class='ocrx_word' id='word_1_565' title='bbox 3027 3896 3272 3965; x_wconf 81' lang='lat' dir='ltr'><strong>cujusvis</strong></span> <span class='ocrx_word' id='word_1_566' title='bbox 3310 3898 3604 3964; x_wconf 88' lang='lat' dir='ltr'><strong>superante</strong></span> 
     </span>
    </p>
   </div>
   <div class='ocr_carea' id='block_1_78' title="bbox 2020 3989 3604 4061">
    <p class='ocr_par' dir='ltr' id='par_1_78' title="bbox 2020 3989 3604 4061">
     <span class='ocr_line' id='line_1_78' title="bbox 2020 3989 3604 4061; baseline -0.004 -18"><span class='ocrx_word' id='word_1_567' title='bbox 2020 3989 2233 4045; x_wconf 89' lang='lat' dir='ltr'><strong>dierum</strong></span> <span class='ocrx_word' id='word_1_568' title='bbox 2283 4005 2563 4047; x_wconf 89' lang='lat' dir='ltr'><strong>numero:</strong></span> <span class='ocrx_word' id='word_1_569' title='bbox 2601 3999 2655 4045; x_wconf 90' lang='lat' dir='ltr'><strong>et</strong></span> <span class='ocrx_word' id='word_1_570' title='bbox 2708 3990 2967 4061; x_wconf 88' lang='lat' dir='ltr'><strong>deinceps</strong></span> <span class='ocrx_word' id='word_1_571' title='bbox 3020 3989 3213 4045; x_wconf 90' lang='lat' dir='ltr'><strong>ordine</strong></span> <span class='ocrx_word' id='word_1_572' title='bbox 3268 3995 3604 4058; x_wconf 70' lang='lat' dir='ltr'><strong>prmpostero</strong></span> 
     </span>
    </p>
   </div>
   <div class='ocr_carea' id='block_1_79' title="bbox 341 4073 3601 4153">
    <p class='ocr_par' dir='ltr' id='par_1_79' title="bbox 341 4073 3601 4153">
     <span class='ocr_line' id='line_1_79' title="bbox 341 4073 3601 4153; baseline 0.001 -26"><span class='ocrx_word' id='word_1_573' title='bbox 341 4073 790 4140; x_wconf 76' lang='lat' dir='ltr'><strong>subducendum,</strong></span> <span class='ocrx_word' id='word_1_574' title='bbox 842 4077 1057 4132; x_wconf 89' lang='lat' dir='ltr'><strong>numeri</strong></span> <span class='ocrx_word' id='word_1_575' title='bbox 1105 4078 1324 4146; x_wconf 92' lang='lat' dir='ltr'><strong>quidem</strong></span> <span class='ocrx_word' id='word_1_576' title='bbox 1378 4079 1574 4134; x_wconf 89' lang='lat' dir='ltr'><strong>seriem</strong></span> <span class='ocrx_word' id='word_1_577' title='bbox 1624 4080 1923 4135; x_wconf 84' lang='lat' dir='ltr'><strong>retexendo</strong></span> <span class='ocrx_word' id='word_1_578' title='bbox 1954 4096 2129 4152; x_wconf 91' lang='lat' dir='ltr'><strong>usque</strong></span> <span class='ocrx_word' id='word_1_579' title='bbox 2160 4084 2227 4138; x_wconf 92' lang='lat' dir='ltr'><strong>ad</strong></span> <span class='ocrx_word' id='word_1_580' title='bbox 2258 4083 2564 4138; x_wconf 88' lang='lat' dir='ltr'><strong>secundum</strong></span> <span class='ocrx_word' id='word_1_581' title='bbox 2596 4083 2908 4153; x_wconf 76' lang='lat' dir='ltr'><strong>praecipitis.</strong></span> <span class='ocrx_word' id='word_1_582' title='bbox 2978 4082 3057 4136; x_wconf 90' lang='lat' dir='ltr'><strong>lta</strong></span> <span class='ocrx_word' id='word_1_583' title='bbox 3091 4082 3237 4138; x_wconf 91' lang='lat' dir='ltr'><strong>enim</strong></span> <span class='ocrx_word' id='word_1_584' title='bbox 3303 4078 3601 4133; x_wconf 85' lang='lat' dir='ltr'><strong>Athenien-</strong></span> 
     </span>
    </p>
   </div>
   <div class='ocr_carea' id='block_1_80' title="bbox 339 4171 3328 4251">
    <p class='ocr_par' dir='ltr' id='par_1_80' title="bbox 339 4171 3328 4251">
     <span class='ocr_line' id='line_1_80' title="bbox 339 4171 3328 4251; baseline 0.003 -31"><span class='ocrx_word' id='word_1_585' title='bbox 339 4182 433 4222; x_wconf 85' lang='lat' dir='ltr'><strong>ses</strong></span> <span class='ocrx_word' id='word_1_586' title='bbox 479 4171 879 4234; x_wconf 87' lang='lat' dir='ltr'><strong>numerabant,</strong></span> <span class='ocrx_word' id='word_1_587' title='bbox 931 4188 1040 4227; x_wconf 92' lang='lat' dir='ltr'><strong>non</strong></span> <span class='ocrx_word' id='word_1_588' title='bbox 1091 4174 1386 4240; x_wconf 87' lang='lat' dir='ltr'><strong>addentes,</strong></span> <span class='ocrx_word' id='word_1_589' title='bbox 1444 4175 1541 4230; x_wconf 92' lang='lat' dir='ltr'><strong>sed</strong></span> <span class='ocrx_word' id='word_1_590' title='bbox 1593 4174 1925 4242; x_wconf 87' lang='lat' dir='ltr'><strong>auferentes,</strong></span> <span class='ocrx_word' id='word_1_591' title='bbox 1986 4180 2435 4251; x_wconf 87' lang='lat' dir='ltr'><strong>rcsolventesque</strong></span> <span class='ocrx_word' id='word_1_592' title='bbox 2482 4195 2660 4251; x_wconf 90' lang='lat' dir='ltr'><strong>usque</strong></span> <span class='ocrx_word' id='word_1_593' title='bbox 2705 4180 2774 4234; x_wconf 93' lang='lat' dir='ltr'><strong>ad</strong></span> <span class='ocrx_word' id='word_1_594' title='bbox 2813 4180 3153 4235; x_wconf 88' lang='lat' dir='ltr'><strong>tricesimum</strong></span> <span class='ocrx_word' id='word_1_595' title='bbox 3186 4178 3328 4233; x_wconf 91' lang='lat' dir='ltr'><strong>diem</strong></span> 
     </span>
    </p>
   </div>
   <div class='ocr_carea' id='block_1_81' title="bbox 3368 4170 3602 4230">
    <p class='ocr_par' dir='ltr' id='par_1_81' title="bbox 3368 4170 3602 4230">
     <span class='ocr_line' id='line_1_81' title="bbox 3368 4170 3602 4230; baseline -0.03 0"><span class='ocrx_word' id='word_1_596' title='bbox 3368 4194 3397 4230; x_wconf 62' lang='grc' dir='ltr'>ει</span> <span class='ocrx_word' id='word_1_597' title='bbox 3450 4181 3507 4230; x_wconf 87' lang='lat' dir='ltr'><strong>et</strong></span> <span class='ocrx_word' id='word_1_598' title='bbox 3547 4170 3602 4225; x_wconf 87' lang='lat' dir='ltr'><strong>id</strong></span> 
     </span>
    </p>
   </div>
   <div class='ocr_carea' id='block_1_82' title="bbox 338 4261 3604 4331">
    <p class='ocr_par' dir='ltr' id='par_1_82' title="bbox 338 4261 3604 4331">
     <span class='ocr_line' id='line_1_82' title="bbox 338 4261 3604 4331; baseline 0.002 -18"><span class='ocrx_word' id='word_1_599' title='bbox 338 4261 559 4329; x_wconf 81' lang='lat' dir='ltr'><strong>quidem</strong></span> <span class='ocrx_word' id='word_1_600' title='bbox 593 4261 811 4319; x_wconf 92' lang='lat' dir='ltr'><strong>Solonis</strong></span> <span class='ocrx_word' id='word_1_601' title='bbox 842 4264 1121 4328; x_wconf 89' lang='lat' dir='ltr'><strong>instituto,</strong></span> <span class='ocrx_word' id='word_1_602' title='bbox 1153 4268 1369 4324; x_wconf 89' lang='lat' dir='ltr'><strong>ratione</strong></span> <span class='ocrx_word' id='word_1_603' title='bbox 1417 4269 1561 4324; x_wconf 75' lang='lat' dir='ltr'><strong>lunae</strong></span> <span class='ocrx_word' id='word_1_604' title='bbox 1604 4269 1680 4324; x_wconf 90' lang='lat' dir='ltr'><strong>ita</strong></span> <span class='ocrx_word' id='word_1_605' title='bbox 1721 4271 1926 4326; x_wconf 89' lang='lat' dir='ltr'><strong>sensim</strong></span> <span class='ocrx_word' id='word_1_606' title='bbox 1944 4272 2129 4329; x_wconf 90' lang='lat' dir='ltr'><strong>lumen</strong></span> <span class='ocrx_word' id='word_1_607' title='bbox 2161 4290 2320 4329; x_wconf 91' lang='lat' dir='ltr'><strong>suum</strong></span> <span class='ocrx_word' id='word_1_608' title='bbox 2352 4275 2673 4331; x_wconf 87' lang='lat' dir='ltr'><strong>minuentis.</strong></span> <span class='ocrx_word' id='word_1_609' title='bbox 2698 4276 2765 4328; x_wconf 90' lang='lat' dir='ltr'><strong>Et</strong></span> <span class='ocrx_word' id='word_1_610' title='bbox 2807 4276 2911 4329; x_wconf 92' lang='lat' dir='ltr'><strong>hoc</strong></span> <span class='ocrx_word' id='word_1_611' title='bbox 2941 4283 3091 4329; x_wconf 80' lang='lat' dir='ltr'><strong>certe.</strong></span> <span class='ocrx_word' id='word_1_612' title='bbox 3155 4272 3319 4327; x_wconf 89' lang='lat' dir='ltr'><strong>modo</strong></span> <span class='ocrx_word' id='word_1_613' title='bbox 3388 4269 3604 4324; x_wconf 83' lang='lat' dir='ltr'><strong>Aristo-</strong></span> 
     </span>
    </p>
   </div>
   <div class='ocr_carea' id='block_1_83' title="bbox 342 4355 1155 4430">
    <p class='ocr_par' dir='ltr' id='par_1_83' title="bbox 342 4355 1155 4430">
     <span class='ocr_line' id='line_1_83' title="bbox 342 4355 1155 4430; baseline 0.012 -22"><span class='ocrx_word' id='word_1_614' title='bbox 342 4355 550 4427; x_wconf 76' lang='lat' dir='ltr'><strong>phanes</strong></span> <span class='ocrx_word' id='word_1_615' title='bbox 578 4356 823 4413; x_wconf 90' lang='lat' dir='ltr'><strong>comicus</strong></span> <span class='ocrx_word' id='word_1_616' title='bbox 852 4369 1113 4430; x_wconf 91' lang='lat' dir='ltr'><strong>supputat</strong></span> <span class='ocrx_word' id='word_1_617' title='bbox 1141 4382 1155 4419; x_wconf 94' lang='lat'><strong>:</strong></span> 
     </span>
    </p>
   </div>
   <div class='ocr_carea' id='block_1_84' title="bbox 339 4471 1910 4549">
    <p class='ocr_par' dir='ltr' id='par_1_84' title="bbox 339 4471 1910 4549">
     <span class='ocr_line' id='line_1_84' title="bbox 339 4471 1910 4549; baseline 0.005 -23"><span class='ocrx_word' id='word_1_618' title='bbox 339 4471 879 4549; x_wconf 37' lang='grc' dir='ltr'>Πέμπζηητετράς,</span> <span class='ocrx_word' id='word_1_619' title='bbox 923 4479 1087 4547; x_wconf 83' lang='grc' dir='ltr'>τρίτη</span> <span class='ocrx_word' id='word_1_620' title='bbox 1113 4496 1125 4510; x_wconf 90' lang='grc'><strong>·</strong></span> <span class='ocrx_word' id='word_1_621' title='bbox 1167 4479 1321 4549; x_wconf 83' lang='grc' dir='ltr'>μετὰ</span> <span class='ocrx_word' id='word_1_622' title='bbox 1365 4482 1593 4548; x_wconf 77' lang='grc' dir='ltr'>ταύτην</span> <span class='ocrx_word' id='word_1_623' title='bbox 1633 4479 1910 4549; x_wconf 63' lang='grc' dir='ltr'>δευτέρω</span> 
     </span>
    </p>
   </div>
   <div class='ocr_carea' id='block_1_85' title="bbox 340 4539 1517 4617">
    <p class='ocr_par' dir='ltr' id='par_1_85' title="bbox 340 4539 1517 4617">
     <span class='ocr_line' id='line_1_85' title="bbox 340 4539 1517 4617; baseline 0.006 -21"><span class='ocrx_word' id='word_1_624' title='bbox 340 4539 463 4617; x_wconf 57' lang='grc' dir='ltr'><strong>Εξέῖ</strong></span> <span class='ocrx_word' id='word_1_625' title='bbox 498 4539 578 4611; x_wconf 66' lang='grc' dir='ltr'><strong>ἢν</strong></span> <span class='ocrx_word' id='word_1_626' title='bbox 604 4545 718 4614; x_wconf 76' lang='grc' dir='ltr'><strong>ἐγὼ</strong></span> <span class='ocrx_word' id='word_1_627' title='bbox 737 4539 1006 4617; x_wconf 59' lang='grc' dir='ltr'><strong>λιάλισία</strong></span> <span class='ocrx_word' id='word_1_628' title='bbox 1037 4539 1252 4603; x_wconf 45' lang='lat' dir='ltr'><strong>iace&quot;)?</strong></span> <span class='ocrx_word' id='word_1_629' title='bbox 1280 4549 1517 4617; x_wconf 76' lang='grc' dir='ltr'>ἡμερῶν</span> 
     </span>
    </p>
   </div>
   <div class='ocr_carea' id='block_1_86' title="bbox 338 4613 1515 4687">
    <p class='ocr_par' dir='ltr' id='par_1_86' title="bbox 338 4613 1515 4687">
     <span class='ocr_line' id='line_1_86' title="bbox 338 4613 1515 4687; baseline 0.008 -22"><span class='ocrx_word' id='word_1_630' title='bbox 338 4613 602 4675; x_wconf 81' lang='grc' dir='ltr'>Δέδοικα,</span> <span class='ocrx_word' id='word_1_631' title='bbox 633 4613 814 4682; x_wconf 63' lang='grc' dir='ltr'>εὐθὺς</span> <span class='ocrx_word' id='word_1_632' title='bbox 853 4618 978 4672; x_wconf 73' lang='grc' dir='ltr'>ἐσθ’</span> <span class='ocrx_word' id='word_1_633' title='bbox 1012 4619 1119 4687; x_wconf 69' lang='grc' dir='ltr'><strong>ἕνη</strong></span> <span class='ocrx_word' id='word_1_634' title='bbox 1159 4637 1223 4673; x_wconf 80' lang='grc' dir='ltr'><strong>τε</strong></span> <span class='ocrx_word' id='word_1_635' title='bbox 1253 4613 1352 4673; x_wconf 63' lang='lat' dir='ltr'><strong>aedi</strong></span> <span class='ocrx_word' id='word_1_636' title='bbox 1388 4613 1515 4674; x_wconf 63' lang='grc' dir='ltr'>ἆηέα.</span> 
     </span>
    </p>
   </div>
   <div class='ocr_carea' id='block_1_87' title="bbox 409 4726 1919 4806">
    <p class='ocr_par' dir='ltr' id='par_1_87' title="bbox 409 4726 1919 4806">
     <span class='ocr_line' id='line_1_87' title="bbox 409 4726 1919 4806; baseline 0.006 -29"><span class='ocrx_word' id='word_1_637' title='bbox 409 4727 563 4780; x_wconf 72' lang='grc' dir='ltr'>Μετὰ</span> <span class='ocrx_word' id='word_1_638' title='bbox 590 4726 646 4780; x_wconf 80' lang='grc' dir='ltr'>δὲ</span> <span class='ocrx_word' id='word_1_639' title='bbox 690 4727 948 4802; x_wconf 80' lang='grc' dir='ltr'>δευτέραν</span> <span class='ocrx_word' id='word_1_640' title='bbox 981 4732 1175 4786; x_wconf 85' lang='grc' dir='ltr'>ἀκτέον</span> <span class='ocrx_word' id='word_1_641' title='bbox 1210 4732 1357 4803; x_wconf 75' lang='grc' dir='ltr'>ἕνην.</span> <span class='ocrx_word' id='word_1_642' title='bbox 1389 4735 1562 4806; x_wconf 86' lang='grc' dir='ltr'>Χρεία</span> <span class='ocrx_word' id='word_1_643' title='bbox 1593 4734 1636 4787; x_wconf 78' lang='grc' dir='ltr'>δ’</span> <span class='ocrx_word' id='word_1_644' title='bbox 1663 4735 1790 4805; x_wconf 85' lang='grc' dir='ltr'>’ἐνης</span> <span class='ocrx_word' id='word_1_645' title='bbox 1824 4735 1919 4806; x_wconf 76' lang='grc' dir='ltr'><strong>καὶ</strong></span> 
     </span>
    </p>
   </div>
   <div class='ocr_carea' id='block_1_88' title="bbox 340 4816 1915 4894">
    <p class='ocr_par' dir='ltr' id='par_1_88' title="bbox 340 4816 1915 4894">
     <span class='ocr_line' id='line_1_88' title="bbox 340 4816 1915 4894; baseline 0.006 -28"><span class='ocrx_word' id='word_1_646' title='bbox 340 4816 465 4877; x_wconf 88' lang='grc' dir='ltr'>νέας</span> <span class='ocrx_word' id='word_1_647' title='bbox 488 4817 586 4870; x_wconf 84' lang='grc' dir='ltr'><strong>ούκ</strong></span> <span class='ocrx_word' id='word_1_648' title='bbox 611 4817 761 4873; x_wconf 78' lang='grc' dir='ltr'>ἔσται</span> <span class='ocrx_word' id='word_1_649' title='bbox 793 4822 946 4891; x_wconf 83' lang='grc' dir='ltr'>ἡμῖν,</span> <span class='ocrx_word' id='word_1_650' title='bbox 990 4821 1159 4875; x_wconf 75' lang='grc' dir='ltr'>διὰτὸ</span> <span class='ocrx_word' id='word_1_651' title='bbox 1196 4823 1270 4893; x_wconf 84' lang='grc' dir='ltr'>μὴ</span> <span class='ocrx_word' id='word_1_652' title='bbox 1312 4822 1452 4877; x_wconf 84' lang='grc' dir='ltr'><strong>κατὰ</strong></span> <span class='ocrx_word' id='word_1_653' title='bbox 1489 4822 1716 4894; x_wconf 88' lang='grc' dir='ltr'>σελήνην</span> <span class='ocrx_word' id='word_1_654' title='bbox 1742 4821 1915 4886; x_wconf 59' lang='grc' dir='ltr'>ἄγεινι</span> 
     </span>
    </p>
   </div>
   <div class='ocr_carea' id='block_1_89' title="bbox 340 4907 1918 4987">
    <p class='ocr_par' dir='ltr' id='par_1_89' title="bbox 340 4907 1918 4987">
     <span class='ocr_line' id='line_1_89' title="bbox 340 4907 1918 4987; baseline 0.003 -26"><span class='ocrx_word' id='word_1_655' title='bbox 340 4907 508 4980; x_wconf 86' lang='grc' dir='ltr'>’Ἐνην</span> <span class='ocrx_word' id='word_1_656' title='bbox 546 4908 603 4962; x_wconf 87' lang='grc' dir='ltr'>δὲ</span> <span class='ocrx_word' id='word_1_657' title='bbox 648 4910 748 4982; x_wconf 85' lang='grc' dir='ltr'>τὴν</span> <span class='ocrx_word' id='word_1_658' title='bbox 791 4912 1104 4966; x_wconf 89' lang='grc' dir='ltr'>τελευταίαν</span> <span class='ocrx_word' id='word_1_659' title='bbox 1144 4914 1239 4967; x_wconf 91' lang='grc' dir='ltr'>τοῦ</span> <span class='ocrx_word' id='word_1_660' title='bbox 1288 4914 1455 4986; x_wconf 83' lang='grc' dir='ltr'>μηνὸς</span> <span class='ocrx_word' id='word_1_661' title='bbox 1490 4916 1704 4987; x_wconf 85' lang='grc' dir='ltr'>ἡμέραν</span> <span class='ocrx_word' id='word_1_662' title='bbox 1733 4914 1918 4968; x_wconf 86' lang='grc' dir='ltr'>καλεῖν</span> 
     </span>
    </p>
   </div>
   <div class='ocr_carea' id='block_1_90' title="bbox 339 4997 1915 5075">
    <p class='ocr_par' dir='ltr' id='par_1_90' title="bbox 339 4997 1915 5075">
     <span class='ocr_line' id='line_1_90' title="bbox 339 4997 1915 5075; baseline 0.006 -27"><span class='ocrx_word' id='word_1_663' title='bbox 339 4997 432 5049; x_wconf 77' lang='grc' dir='ltr'>καὶ</span> <span class='ocrx_word' id='word_1_664' title='bbox 483 4998 631 5068; x_wconf 83' lang='grc' dir='ltr'>ἡμᾶς</span> <span class='ocrx_word' id='word_1_665' title='bbox 690 4999 886 5054; x_wconf 87' lang='grc' dir='ltr'>κωλύει</span> <span class='ocrx_word' id='word_1_666' title='bbox 941 5002 1134 5069; x_wconf 81' lang='grc' dir='ltr'>οὐθὲν,</span> <span class='ocrx_word' id='word_1_667' title='bbox 1187 5003 1267 5056; x_wconf 85' lang='grc' dir='ltr'>ὅτι</span> <span class='ocrx_word' id='word_1_668' title='bbox 1317 5004 1411 5058; x_wconf 80' lang='grc' dir='ltr'>καὶ</span> <span class='ocrx_word' id='word_1_669' title='bbox 1458 5005 1554 5058; x_wconf 83' lang='grc' dir='ltr'><strong>νέα</strong></span> <span class='ocrx_word' id='word_1_670' title='bbox 1612 5005 1644 5075; x_wconf 90' lang='grc' dir='ltr'><strong>ἡ</strong></span> <span class='ocrx_word' id='word_1_671' title='bbox 1700 5003 1915 5075; x_wconf 86' lang='grc' dir='ltr'>πρώτη,</span> 
     </span>
    </p>
   </div>
   <div class='ocr_carea' id='block_1_91' title="bbox 338 5087 1917 5169">
    <p class='ocr_par' dir='ltr' id='par_1_91' title="bbox 338 5087 1917 5169">
     <span class='ocr_line' id='line_1_91' title="bbox 338 5087 1917 5169; baseline 0.008 -29"><span class='ocrx_word' id='word_1_672' title='bbox 338 5087 558 5154; x_wconf 88' lang='grc' dir='ltr'>πλείους</span> <span class='ocrx_word' id='word_1_673' title='bbox 592 5106 653 5143; x_wconf 89' lang='grc' dir='ltr'><strong>τε</strong></span> <span class='ocrx_word' id='word_1_674' title='bbox 701 5092 757 5145; x_wconf 87' lang='grc' dir='ltr'><strong>αί</strong></span> <span class='ocrx_word' id='word_1_675' title='bbox 814 5093 1092 5161; x_wconf 79' lang='grc' dir='ltr'>φθίνοντος</span> <span class='ocrx_word' id='word_1_676' title='bbox 1133 5095 1372 5163; x_wconf 83' lang='grc' dir='ltr'>γίνονται</span> <span class='ocrx_word' id='word_1_677' title='bbox 1417 5097 1641 5169; x_wconf 84' lang='grc' dir='ltr'>ἡμέραι,</span> <span class='ocrx_word' id='word_1_678' title='bbox 1672 5097 1766 5151; x_wconf 76' lang='grc' dir='ltr'><strong>καὶ</strong></span> <span class='ocrx_word' id='word_1_679' title='bbox 1806 5096 1917 5153; x_wconf 76' lang='grc' dir='ltr'>ἔσθ’</span> 
     </span>
    </p>
   </div>
   <div class='ocr_carea' id='block_1_92' title="bbox 336 5178 1918 5259">
    <p class='ocr_par' dir='ltr' id='par_1_92' title="bbox 336 5178 1918 5259">
     <span class='ocr_line' id='line_1_92' title="bbox 336 5178 1918 5259; baseline 0.006 -28"><span class='ocrx_word' id='word_1_680' title='bbox 336 5178 425 5231; x_wconf 82' lang='grc' dir='ltr'>ὅτε</span> <span class='ocrx_word' id='word_1_681' title='bbox 473 5179 729 5246; x_wconf 74' lang='grc' dir='ltr'>ἐλάττους</span> <span class='ocrx_word' id='word_1_682' title='bbox 777 5183 884 5238; x_wconf 89' lang='grc' dir='ltr'><strong>τῶν</strong></span> <span class='ocrx_word' id='word_1_683' title='bbox 926 5184 1207 5250; x_wconf 84' lang='grc' dir='ltr'>Ἀττικῶν,</span> <span class='ocrx_word' id='word_1_684' title='bbox 1241 5186 1327 5239; x_wconf 79' lang='grc' dir='ltr'>διὰ</span> <span class='ocrx_word' id='word_1_685' title='bbox 1360 5187 1422 5240; x_wconf 86' lang='grc' dir='ltr'>τὸ</span> <span class='ocrx_word' id='word_1_686' title='bbox 1461 5189 1588 5251; x_wconf 82' lang='grc' dir='ltr'>τοὺς</span> <span class='ocrx_word' id='word_1_687' title='bbox 1631 5188 1730 5258; x_wconf 81' lang='grc' dir='ltr'>μὲν</span> <span class='ocrx_word' id='word_1_688' title='bbox 1766 5205 1918 5259; x_wconf 92' lang='grc' dir='ltr'>τρια-</span> 
     </span>
    </p>
   </div>
   <div class='ocr_carea' id='block_1_93' title="bbox 336 5270 1917 5351">
    <p class='ocr_par' dir='ltr' id='par_1_93' title="bbox 336 5270 1917 5351">
     <span class='ocr_line' id='line_1_93' title="bbox 336 5270 1917 5351; baseline 0.006 -29"><span class='ocrx_word' id='word_1_689' title='bbox 336 5270 707 5343; x_wconf 89' lang='grc' dir='ltr'>κονθημέρους</span> <span class='ocrx_word' id='word_1_690' title='bbox 754 5273 862 5326; x_wconf 89' lang='grc' dir='ltr'><strong>τῶν</strong></span> <span class='ocrx_word' id='word_1_691' title='bbox 907 5275 1093 5347; x_wconf 85' lang='grc' dir='ltr'>μηνῶν</span> <span class='ocrx_word' id='word_1_692' title='bbox 1147 5279 1279 5347; x_wconf 90' lang='grc' dir='ltr'>ἡμῖν</span> <span class='ocrx_word' id='word_1_693' title='bbox 1317 5274 1490 5342; x_wconf 75' lang='grc' dir='ltr'>εἶναι,</span> <span class='ocrx_word' id='word_1_694' title='bbox 1541 5280 1668 5343; x_wconf 82' lang='grc' dir='ltr'>τοὺς</span> <span class='ocrx_word' id='word_1_695' title='bbox 1713 5279 1770 5331; x_wconf 81' lang='grc' dir='ltr'>δὲ</span> <span class='ocrx_word' id='word_1_696' title='bbox 1818 5281 1917 5351; x_wconf 85' lang='grc' dir='ltr'><strong>μιᾷ</strong></span> 
     </span>
    </p>
   </div>
   <div class='ocr_carea' id='block_1_94' title="bbox 338 5360 1917 5440">
    <p class='ocr_par' dir='ltr' id='par_1_94' title="bbox 338 5360 1917 5440">
     <span class='ocr_line' id='line_1_94' title="bbox 338 5360 1917 5440; baseline 0.005 -27"><span class='ocrx_word' id='word_1_697' title='bbox 338 5360 699 5433; x_wconf 70' lang='grc' dir='ltr'>ὑπερϐάλλειν</span> <span class='ocrx_word' id='word_1_698' title='bbox 720 5364 826 5417; x_wconf 89' lang='grc' dir='ltr'><strong>τῶν</strong></span> <span class='ocrx_word' id='word_1_699' title='bbox 857 5365 1059 5436; x_wconf 85' lang='grc' dir='ltr'>ἑτέρων</span> <span class='ocrx_word' id='word_1_700' title='bbox 1082 5367 1284 5439; x_wconf 80' lang='grc' dir='ltr'>ἡμέρᾳ,</span> <span class='ocrx_word' id='word_1_701' title='bbox 1313 5368 1406 5422; x_wconf 74' lang='grc' dir='ltr'><strong>ἕνα</strong></span> <span class='ocrx_word' id='word_1_702' title='bbox 1441 5369 1497 5422; x_wconf 81' lang='grc' dir='ltr'>δὲ</span> <span class='ocrx_word' id='word_1_703' title='bbox 1524 5369 1617 5422; x_wconf 79' lang='grc' dir='ltr'>καὶ</span> <span class='ocrx_word' id='word_1_704' title='bbox 1651 5369 1793 5423; x_wconf 84' lang='grc' dir='ltr'>δυεῖν</span> <span class='ocrx_word' id='word_1_705' title='bbox 1819 5370 1917 5440; x_wconf 86' lang='grc' dir='ltr'>μὲν</span> 
     </span>
    </p>
   </div>
   <div class='ocr_carea' id='block_1_95' title="bbox 338 5444 1914 5533">
    <p class='ocr_par' dir='ltr' id='par_1_95' title="bbox 338 5444 1914 5533">
     <span class='ocr_line' id='line_1_95' title="bbox 338 5444 1914 5533; baseline 0.006 -29"><span class='ocrx_word' id='word_1_706' title='bbox 338 5453 605 5509; x_wconf 78' lang='grc' dir='ltr'>ἐλλείπειν</span> <span class='ocrx_word' id='word_1_707' title='bbox 661 5456 768 5509; x_wconf 86' lang='grc' dir='ltr'><strong>τῶν</strong></span> <span class='ocrx_word' id='word_1_708' title='bbox 829 5458 1311 5533; x_wconf 79' lang='grc' dir='ltr'>τριακονθημέρων</span> <span class='ocrx_word' id='word_1_709' title='bbox 1358 5458 1485 5529; x_wconf 73' lang='grc' dir='ltr'>ἑξῆς</span> <span class='ocrx_word' id='word_1_710' title='bbox 1531 5459 1698 5532; x_wconf 86' lang='grc' dir='ltr'>τριῶν</span> <span class='ocrx_word' id='word_1_711' title='bbox 1744 5461 1878 5513; x_wconf 84' lang='grc' dir='ltr'>ἑτῶν</span> <span class='ocrx_word' id='word_1_712' title='bbox 1894 5444 1914 5523; x_wconf 40' lang='grc'>’,</span> 
     </span>
    </p>
   </div>
   <div class='ocr_carea' id='block_1_96' title="bbox 340 5546 1917 5625">
    <p class='ocr_par' dir='ltr' id='par_1_96' title="bbox 340 5546 1917 5625">
     <span class='ocr_line' id='line_1_96' title="bbox 340 5546 1917 5625; baseline 0.005 -28"><span class='ocrx_word' id='word_1_713' title='bbox 340 5547 438 5617; x_wconf 81' lang='grc' dir='ltr'>μιᾷ</span> <span class='ocrx_word' id='word_1_714' title='bbox 469 5546 525 5599; x_wconf 82' lang='grc' dir='ltr'>δὲ</span> <span class='ocrx_word' id='word_1_715' title='bbox 570 5546 649 5617; x_wconf 82' lang='grc' dir='ltr'><strong>τῷ</strong></span> <span class='ocrx_word' id='word_1_716' title='bbox 684 5549 947 5622; x_wconf 85' lang='grc' dir='ltr'>τετάρτῳ,</span> <span class='ocrx_word' id='word_1_717' title='bbox 991 5551 1066 5615; x_wconf 77' lang='grc' dir='ltr'>ὡς</span> <span class='ocrx_word' id='word_1_718' title='bbox 1122 5552 1338 5624; x_wconf 76' lang='grc' dir='ltr'>εἴρηται</span> <span class='ocrx_word' id='word_1_719' title='bbox 1392 5570 1676 5625; x_wconf 84' lang='grc' dir='ltr'>προτερον.</span> <span class='ocrx_word' id='word_1_720' title='bbox 1723 5554 1785 5606; x_wconf 87' lang='grc' dir='ltr'>Οἱ</span> <span class='ocrx_word' id='word_1_721' title='bbox 1819 5554 1917 5623; x_wconf 82' lang='grc' dir='ltr'>μὲν</span> 
     </span>
    </p>
   </div>
   <div class='ocr_carea' id='block_1_97' title="bbox 333 5631 1917 5713">
    <p class='ocr_par' dir='ltr' id='par_1_97' title="bbox 333 5631 1917 5713">
     <span class='ocr_line' id='line_1_97' title="bbox 333 5631 1917 5713; baseline 0.005 -25"><span class='ocrx_word' id='word_1_722' title='bbox 333 5631 429 5689; x_wconf 85' lang='grc' dir='ltr'>οῦν</span> <span class='ocrx_word' id='word_1_723' title='bbox 480 5638 886 5709; x_wconf 75' lang='grc' dir='ltr'>ἑνδεκάςρθινοι,</span> <span class='ocrx_word' id='word_1_724' title='bbox 952 5643 1001 5696; x_wconf 80' lang='grc' dir='ltr'>οἱ</span> <span class='ocrx_word' id='word_1_725' title='bbox 1055 5642 1111 5697; x_wconf 83' lang='grc' dir='ltr'>δὲ</span> <span class='ocrx_word' id='word_1_726' title='bbox 1164 5643 1512 5713; x_wconf 80' lang='grc' dir='ltr'>δεκάφθινοι,</span> <span class='ocrx_word' id='word_1_727' title='bbox 1581 5639 1661 5708; x_wconf 74' lang='grc' dir='ltr'>εἷς</span> <span class='ocrx_word' id='word_1_728' title='bbox 1715 5643 1772 5699; x_wconf 79' lang='grc' dir='ltr'>δὲ</span> <span class='ocrx_word' id='word_1_729' title='bbox 1822 5645 1917 5698; x_wconf 78' lang='grc' dir='ltr'><strong>καὶ</strong></span> 
     </span>
    </p>
   </div>
   <div class='ocr_carea' id='block_1_98' title="bbox 334 5727 1918 5808">
    <p class='ocr_par' dir='ltr' id='par_1_98' title="bbox 334 5727 1918 5808">
     <span class='ocr_line' id='line_1_98' title="bbox 334 5727 1918 5808; baseline 0.006 -29"><span class='ocrx_word' id='word_1_730' title='bbox 334 5727 677 5798; x_wconf 76' lang='grc' dir='ltr'>ύκτάφθινος,</span> <span class='ocrx_word' id='word_1_731' title='bbox 717 5732 813 5785; x_wconf 75' lang='grc' dir='ltr'>καὶ</span> <span class='ocrx_word' id='word_1_732' title='bbox 838 5734 1154 5803; x_wconf 70' lang='grc' dir='ltr'>ἑνάφθινος·</span> <span class='ocrx_word' id='word_1_733' title='bbox 1193 5736 1333 5789; x_wconf 83' lang='grc' dir='ltr'>ἑπτά</span> <span class='ocrx_word' id='word_1_734' title='bbox 1379 5736 1476 5806; x_wconf 85' lang='grc' dir='ltr'>μὲν</span> <span class='ocrx_word' id='word_1_735' title='bbox 1507 5735 1616 5808; x_wconf 82' lang='grc' dir='ltr'><strong>γάρ</strong></span> <span class='ocrx_word' id='word_1_736' title='bbox 1646 5736 1777 5801; x_wconf 83' lang='grc' dir='ltr'>οἶδε,</span> <span class='ocrx_word' id='word_1_737' title='bbox 1813 5735 1918 5789; x_wconf 89' lang='grc' dir='ltr'><strong>Πο-</strong></span> 
     </span>
    </p>
   </div>
   <div class='ocr_carea' id='block_1_99' title="bbox 338 5819 1914 5903">
    <p class='ocr_par' dir='ltr' id='par_1_99' title="bbox 338 5819 1914 5903">
     <span class='ocr_line' id='line_1_99' title="bbox 338 5819 1914 5903; baseline 0.007 -31"><span class='ocrx_word' id='word_1_738' title='bbox 338 5819 578 5886; x_wconf 85' lang='grc' dir='ltr'>σειδεὼν,</span> <span class='ocrx_word' id='word_1_739' title='bbox 631 5822 947 5897; x_wconf 68' lang='grc' dir='ltr'>Γαμηλιὼνῖ</span> <span class='ocrx_word' id='word_1_740' title='bbox 994 5828 1333 5898; x_wconf 84' lang='grc' dir='ltr'>Μουνυχιὼν,</span> <span class='ocrx_word' id='word_1_741' title='bbox 1379 5828 1767 5903; x_wconf 75' lang='grc' dir='ltr'>Σκιροφοριὼν,</span> <span class='ocrx_word' id='word_1_742' title='bbox 1801 5831 1914 5883; x_wconf 83' lang='grc' dir='ltr'><strong>Με-</strong></span> 
     </span>
    </p>
   </div>
   <div class='ocr_carea' id='block_1_100' title="bbox 2027 4475 3282 4546">
    <p class='ocr_par' dir='ltr' id='par_1_100' title="bbox 2027 4475 3282 4546">
     <span class='ocr_line' id='line_1_100' title="bbox 2027 4475 3282 4546; baseline -0.001 -19"><span class='ocrx_word' id='word_1_743' title='bbox 2027 4478 2279 4544; x_wconf 79' lang='lat' dir='ltr'><strong>Quintus,</strong></span> <span class='ocrx_word' id='word_1_744' title='bbox 2313 4478 2501 4532; x_wconf 78' lang='lat' dir='ltr'><strong>deinde</strong></span> <span class='ocrx_word' id='word_1_745' title='bbox 2534 4486 2777 4545; x_wconf 82' lang='lat' dir='ltr'><strong>quarlus,</strong></span> <span class='ocrx_word' id='word_1_746' title='bbox 2809 4475 3029 4546; x_wconf 80' lang='lat' dir='ltr'><strong>hincque</strong></span> <span class='ocrx_word' id='word_1_747' title='bbox 3059 4476 3282 4536; x_wconf 77' lang='lat' dir='ltr'><strong>tertius;</strong></span> 
     </span>
    </p>
   </div>
   <div class='ocr_carea' id='block_1_101' title="bbox 1949 4544 3462 4618">
    <p class='ocr_par' dir='ltr' id='par_1_101' title="bbox 1949 4544 3462 4618">
     <span class='ocr_line' id='line_1_101' title="bbox 1949 4544 3462 4618; baseline -0.005 -13"><span class='ocrx_word' id='word_1_748' title='bbox 1949 4550 1995 4605; x_wconf 91' lang='lat' dir='ltr'><strong>D</strong></span> <span class='ocrx_word' id='word_1_749' title='bbox 2029 4547 2155 4618; x_wconf 73' lang='lat' dir='ltr'><strong>Post</strong></span> <span class='ocrx_word' id='word_1_750' title='bbox 2184 4566 2335 4618; x_wconf 84' lang='lat' dir='ltr'><strong>quem</strong></span> <span class='ocrx_word' id='word_1_751' title='bbox 2363 4544 2647 4606; x_wconf 83' lang='lat' dir='ltr'><strong>secundus,</strong></span> <span class='ocrx_word' id='word_1_752' title='bbox 2677 4544 3013 4618; x_wconf 52' lang='lat' dir='ltr'><strong>munimine:</strong></span> <span class='ocrx_word' id='word_1_753' title='bbox 3044 4559 3195 4614; x_wconf 86' lang='lat' dir='ltr'><strong>quem</strong></span> <span class='ocrx_word' id='word_1_754' title='bbox 3230 4544 3462 4597; x_wconf 68' lang='lat' dir='ltr'><strong>maxime</strong></span> 
     </span>
    </p>
   </div>
   <div class='ocr_carea' id='block_1_102' title="bbox 2024 4616 3325 4688">
    <p class='ocr_par' dir='ltr' id='par_1_102' title="bbox 2024 4616 3325 4688">
     <span class='ocr_line' id='line_1_102' title="bbox 2024 4616 3325 4688; baseline -0.005 -16"><span class='ocrx_word' id='word_1_755' title='bbox 2024 4616 2227 4683; x_wconf 71' lang='lat' dir='ltr'><strong>Metuo,</strong></span> <span class='ocrx_word' id='word_1_756' title='bbox 2259 4634 2475 4688; x_wconf 78' lang='lat' dir='ltr'><strong>sequens</strong></span> <span class='ocrx_word' id='word_1_757' title='bbox 2512 4628 2588 4671; x_wconf 77' lang='lat' dir='ltr'><strong>est</strong></span> <span class='ocrx_word' id='word_1_758' title='bbox 2618 4616 2866 4670; x_wconf 83' lang='lat' dir='ltr'><strong>continuo</strong></span> <span class='ocrx_word' id='word_1_759' title='bbox 2894 4626 3036 4669; x_wconf 81' lang='lat' dir='ltr'><strong>vetus</strong></span> <span class='ocrx_word' id='word_1_760' title='bbox 3064 4623 3111 4667; x_wconf 86' lang='lat' dir='ltr'><strong>el</strong></span> <span class='ocrx_word' id='word_1_761' title='bbox 3143 4629 3325 4667; x_wconf 78' lang='lat' dir='ltr'><strong>novus.</strong></span> 
     </span>
    </p>
   </div>
   <div class='ocr_carea' id='block_1_103' title="bbox 2091 4716 3601 4799">
    <p class='ocr_par' dir='ltr' id='par_1_103' title="bbox 2091 4716 3601 4799">
     <span class='ocr_line' id='line_1_103' title="bbox 2091 4716 3601 4799; baseline 0 -18"><span class='ocrx_word' id='word_1_762' title='bbox 2091 4727 2282 4799; x_wconf 86' lang='lat' dir='ltr'><strong>Itaque</strong></span> <span class='ocrx_word' id='word_1_763' title='bbox 2326 4736 2451 4798; x_wconf 91' lang='lat' dir='ltr'><strong>post</strong></span> <span class='ocrx_word' id='word_1_764' title='bbox 2504 4728 2805 4782; x_wconf 86' lang='lat' dir='ltr'><strong>secundum</strong></span> <span class='ocrx_word' id='word_1_765' title='bbox 2858 4726 3176 4797; x_wconf 80' lang='lat' dir='ltr'><strong>praecipitis,</strong></span> <span class='ocrx_word' id='word_1_766' title='bbox 3222 4726 3382 4781; x_wconf 87' lang='lat' dir='ltr'><strong>nobis</strong></span> <span class='ocrx_word' id='word_1_767' title='bbox 3433 4716 3601 4781; x_wconf 77' lang='lat' dir='ltr'><strong>collo-</strong></span> 
     </span>
    </p>
   </div>
   <div class='ocr_carea' id='block_1_104' title="bbox 2021 4816 3598 4882">
    <p class='ocr_par' dir='ltr' id='par_1_104' title="bbox 2021 4816 3598 4882">
     <span class='ocr_line' id='line_1_104' title="bbox 2021 4816 3598 4882; baseline -0.004 -6"><span class='ocrx_word' id='word_1_768' title='bbox 2021 4822 2229 4877; x_wconf 86' lang='lat' dir='ltr'><strong>candus</strong></span> <span class='ocrx_word' id='word_1_769' title='bbox 2281 4829 2365 4876; x_wconf 86' lang='lat' dir='ltr'><strong>est</strong></span> <span class='ocrx_word' id='word_1_770' title='bbox 2414 4828 2590 4875; x_wconf 90' lang='lat' dir='ltr'><strong>vetus.</strong></span> <span class='ocrx_word' id='word_1_771' title='bbox 2635 4818 2770 4873; x_wconf 89' lang='lat' dir='ltr'><strong>Nam</strong></span> <span class='ocrx_word' id='word_1_772' title='bbox 2822 4820 3023 4875; x_wconf 86' lang='lat' dir='ltr'><strong>veteris</strong></span> <span class='ocrx_word' id='word_1_773' title='bbox 3072 4826 3126 4874; x_wconf 91' lang='lat' dir='ltr'><strong>ct</strong></span> <span class='ocrx_word' id='word_1_774' title='bbox 3179 4817 3328 4880; x_wconf 81' lang='lat' dir='ltr'><strong>novi,</strong></span> <span class='ocrx_word' id='word_1_775' title='bbox 3377 4816 3434 4870; x_wconf 84' lang='lat' dir='ltr'><strong>id</strong></span> <span class='ocrx_word' id='word_1_776' title='bbox 3492 4829 3598 4882; x_wconf 84' lang='lat' dir='ltr'><strong>est,</strong></span> 
     </span>
    </p>
   </div>
   <div class='ocr_carea' id='block_1_105' title="bbox 2020 4909 3600 4983">
    <p class='ocr_par' dir='ltr' id='par_1_105' title="bbox 2020 4909 3600 4983">
     <span class='ocr_line' id='line_1_105' title="bbox 2020 4909 3600 4983; baseline -0.002 -16"><span class='ocrx_word' id='word_1_777' title='bbox 2020 4913 2251 4968; x_wconf 86' lang='lat' dir='ltr'><strong>extremi</strong></span> <span class='ocrx_word' id='word_1_778' title='bbox 2301 4920 2356 4968; x_wconf 88' lang='lat' dir='ltr'><strong>et</strong></span> <span class='ocrx_word' id='word_1_779' title='bbox 2404 4913 2587 4983; x_wconf 89' lang='lat' dir='ltr'><strong>primi,</strong></span> <span class='ocrx_word' id='word_1_780' title='bbox 2625 4927 2719 4968; x_wconf 89' lang='lat' dir='ltr'><strong>seu</strong></span> <span class='ocrx_word' id='word_1_781' title='bbox 2782 4909 3218 4975; x_wconf 88' lang='lat' dir='ltr'><strong>intermenstrui,</strong></span> <span class='ocrx_word' id='word_1_782' title='bbox 3268 4909 3428 4963; x_wconf 91' lang='lat' dir='ltr'><strong>nobis</strong></span> <span class='ocrx_word' id='word_1_783' title='bbox 3466 4925 3600 4964; x_wconf 87' lang='lat' dir='ltr'><strong>usus</strong></span> 
     </span>
    </p>
   </div>
   <div class='ocr_carea' id='block_1_106' title="bbox 2018 4998 3595 5072">
    <p class='ocr_par' dir='ltr' id='par_1_106' title="bbox 2018 4998 3595 5072">
     <span class='ocr_line' id='line_1_106' title="bbox 2018 4998 3595 5072; baseline -0.003 -16"><span class='ocrx_word' id='word_1_784' title='bbox 2018 5003 2253 5057; x_wconf 81' lang='lat' dir='ltr'><strong>exolevit</strong></span> <span class='ocrx_word' id='word_1_785' title='bbox 2286 5023 2296 5057; x_wconf 91' lang='lat'>:</span> <span class='ocrx_word' id='word_1_786' title='bbox 2325 5002 2472 5072; x_wconf 86' lang='lat' dir='ltr'><strong>quod</strong></span> <span class='ocrx_word' id='word_1_787' title='bbox 2508 5018 2615 5056; x_wconf 93' lang='lat' dir='ltr'><strong>non</strong></span> <span class='ocrx_word' id='word_1_788' title='bbox 2644 5003 2708 5055; x_wconf 89' lang='lat' dir='ltr'><strong>ad</strong></span> <span class='ocrx_word' id='word_1_789' title='bbox 2741 5001 2925 5054; x_wconf 90' lang='lat' dir='ltr'><strong>lunam</strong></span> <span class='ocrx_word' id='word_1_790' title='bbox 2964 5006 3209 5069; x_wconf 87' lang='lat' dir='ltr'><strong>tempora</strong></span> <span class='ocrx_word' id='word_1_791' title='bbox 3237 4998 3595 5054; x_wconf 84' lang='lat' dir='ltr'><strong>deducamus.</strong></span> 
     </span>
    </p>
   </div>
   <div class='ocr_carea' id='block_1_107' title="bbox 2021 5089 3596 5161">
    <p class='ocr_par' dir='ltr' id='par_1_107' title="bbox 2021 5089 3596 5161">
     <span class='ocr_line' id='line_1_107' title="bbox 2021 5089 3596 5161; baseline -0.004 -13"><span class='ocrx_word' id='word_1_792' title='bbox 2021 5091 2127 5148; x_wconf 88' lang='lat' dir='ltr'><strong>Sed</strong></span> <span class='ocrx_word' id='word_1_793' title='bbox 2199 5094 2340 5149; x_wconf 88' lang='lat' dir='ltr'><strong>diem</strong></span> <span class='ocrx_word' id='word_1_794' title='bbox 2410 5094 2618 5148; x_wconf 85' lang='lat' dir='ltr'><strong>mensis</strong></span> <span class='ocrx_word' id='word_1_795' title='bbox 2692 5092 2942 5146; x_wconf 91' lang='lat' dir='ltr'><strong>ultimum</strong></span> <span class='ocrx_word' id='word_1_796' title='bbox 3014 5089 3291 5161; x_wconf 89' lang='lat' dir='ltr'><strong>appellare</strong></span> <span class='ocrx_word' id='word_1_797' title='bbox 3360 5096 3596 5143; x_wconf 90' lang='lat' dir='ltr'><strong>veterem</strong></span> 
     </span>
    </p>
   </div>
   <div class='ocr_carea' id='block_1_108' title="bbox 2018 5179 3601 5255">
    <p class='ocr_par' dir='ltr' id='par_1_108' title="bbox 2018 5179 3601 5255">
     <span class='ocr_line' id='line_1_108' title="bbox 2018 5179 3601 5255; baseline -0.006 -14"><span class='ocrx_word' id='word_1_798' title='bbox 2018 5188 2144 5255; x_wconf 88' lang='lat' dir='ltr'><strong>quid</strong></span> <span class='ocrx_word' id='word_1_799' title='bbox 2195 5202 2295 5242; x_wconf 91' lang='lat' dir='ltr'><strong>nos</strong></span> <span class='ocrx_word' id='word_1_800' title='bbox 2349 5193 2514 5249; x_wconf 80' lang='lat' dir='ltr'><strong>vetat,</strong></span> <span class='ocrx_word' id='word_1_801' title='bbox 2566 5200 2691 5239; x_wconf 93' lang='lat' dir='ltr'><strong>cum</strong></span> <span class='ocrx_word' id='word_1_802' title='bbox 2742 5183 2951 5254; x_wconf 82' lang='lat' dir='ltr'><strong>primus</strong></span> <span class='ocrx_word' id='word_1_803' title='bbox 3000 5196 3219 5251; x_wconf 90' lang='lat' dir='ltr'><strong>quoque</strong></span> <span class='ocrx_word' id='word_1_804' title='bbox 3271 5192 3449 5234; x_wconf 87' lang='lat' dir='ltr'><strong>novus</strong></span> <span class='ocrx_word' id='word_1_805' title='bbox 3495 5179 3601 5251; x_wconf 74' lang='lat' dir='ltr'><strong>sit?</strong></span> 
     </span>
    </p>
   </div>
   <div class='ocr_carea' id='block_1_109' title="bbox 2016 5271 3595 5348">
    <p class='ocr_par' dir='ltr' id='par_1_109' title="bbox 2016 5271 3595 5348">
     <span class='ocr_line' id='line_1_109' title="bbox 2016 5271 3595 5348; baseline -0.004 -17"><span class='ocrx_word' id='word_1_806' title='bbox 2016 5276 2135 5332; x_wconf 85' lang='lat' dir='ltr'><strong>Jam</strong></span> <span class='ocrx_word' id='word_1_807' title='bbox 2160 5293 2289 5333; x_wconf 85' lang='lat' dir='ltr'><strong>vero</strong></span> <span class='ocrx_word' id='word_1_808' title='bbox 2318 5277 2617 5348; x_wconf 63' lang='lat' dir='ltr'><strong>praecipitis</strong></span> <span class='ocrx_word' id='word_1_809' title='bbox 2645 5276 2764 5331; x_wconf 90' lang='lat' dir='ltr'><strong>dies</strong></span> <span class='ocrx_word' id='word_1_810' title='bbox 2788 5273 3065 5330; x_wconf 89' lang='lat' dir='ltr'><strong>interdum</strong></span> <span class='ocrx_word' id='word_1_811' title='bbox 3094 5274 3281 5342; x_wconf 88' lang='lat' dir='ltr'><strong>plures</strong></span> <span class='ocrx_word' id='word_1_812' title='bbox 3310 5271 3595 5334; x_wconf 86' lang='lat' dir='ltr'><strong>habemus.</strong></span> 
     </span>
    </p>
   </div>
   <div class='ocr_carea' id='block_1_110' title="bbox 2019 5363 3600 5442">
    <p class='ocr_par' dir='ltr' id='par_1_110' title="bbox 2019 5363 3600 5442">
     <span class='ocr_line' id='line_1_110' title="bbox 2019 5363 3600 5442; baseline -0.006 -16"><span class='ocrx_word' id='word_1_813' title='bbox 2019 5387 2412 5442; x_wconf 90' lang='lat' dir='ltr'><strong>nonnunquam</strong></span> <span class='ocrx_word' id='word_1_814' title='bbox 2467 5370 2756 5440; x_wconf 88' lang='lat' dir='ltr'><strong>pauciores</strong></span> <span class='ocrx_word' id='word_1_815' title='bbox 2812 5368 3008 5423; x_wconf 89' lang='lat' dir='ltr'><strong>diebus</strong></span> <span class='ocrx_word' id='word_1_816' title='bbox 3068 5365 3283 5419; x_wconf 88' lang='lat' dir='ltr'><strong>Atticis.</strong></span> <span class='ocrx_word' id='word_1_817' title='bbox 3339 5363 3600 5429; x_wconf 52' lang='lat' dir='ltr'><strong>Quando.</strong></span> 
     </span>
    </p>
   </div>
   <div class='ocr_carea' id='block_1_111' title="bbox 2018 5457 3602 5533">
    <p class='ocr_par' dir='ltr' id='par_1_111' title="bbox 2018 5457 3602 5533">
     <span class='ocr_line' id='line_1_111' title="bbox 2018 5457 3602 5533; baseline -0.004 -17"><span class='ocrx_word' id='word_1_818' title='bbox 2018 5466 2237 5533; x_wconf 88' lang='lat' dir='ltr'><strong>quidem</strong></span> <span class='ocrx_word' id='word_1_819' title='bbox 2296 5478 2514 5517; x_wconf 83' lang='lat' dir='ltr'><strong>menses</strong></span> <span class='ocrx_word' id='word_1_820' title='bbox 2563 5461 2653 5514; x_wconf 89' lang='lat' dir='ltr'><strong>alii</strong></span> <span class='ocrx_word' id='word_1_821' title='bbox 2699 5461 2968 5514; x_wconf 86' lang='lat' dir='ltr'><strong>tricenum</strong></span> <span class='ocrx_word' id='word_1_822' title='bbox 3014 5457 3247 5519; x_wconf 80' lang='lat' dir='ltr'><strong>dierum,</strong></span> <span class='ocrx_word' id='word_1_823' title='bbox 3300 5457 3392 5510; x_wconf 90' lang='lat' dir='ltr'><strong>alii</strong></span> <span class='ocrx_word' id='word_1_824' title='bbox 3436 5457 3602 5510; x_wconf 74' lang='lat' dir='ltr'><strong>trice-</strong></span> 
     </span>
    </p>
   </div>
   <div class='ocr_carea' id='block_1_112' title="bbox 2018 5546 3600 5625">
    <p class='ocr_par' dir='ltr' id='par_1_112' title="bbox 2018 5546 3600 5625">
     <span class='ocr_line' id='line_1_112' title="bbox 2018 5546 3600 5625; baseline -0.006 -16"><span class='ocrx_word' id='word_1_825' title='bbox 2018 5571 2149 5609; x_wconf 93' lang='lat' dir='ltr'><strong>num</strong></span> <span class='ocrx_word' id='word_1_826' title='bbox 2172 5554 2536 5625; x_wconf 81' lang='lat' dir='ltr'><strong>singulorum,</strong></span> <span class='ocrx_word' id='word_1_827' title='bbox 2563 5568 2706 5607; x_wconf 89' lang='lat' dir='ltr'><strong>unus</strong></span> <span class='ocrx_word' id='word_1_828' title='bbox 2740 5551 2900 5606; x_wconf 85' lang='lat' dir='ltr'><strong>modo</strong></span> <span class='ocrx_word' id='word_1_829' title='bbox 2930 5549 3411 5610; x_wconf 86' lang='lat' dir='ltr'><strong>duodetricenum,</strong></span> <span class='ocrx_word' id='word_1_830' title='bbox 3438 5546 3600 5601; x_wconf 90' lang='lat' dir='ltr'><strong>modo</strong></span> 
     </span>
    </p>
   </div>
   <div class='ocr_carea' id='block_1_113' title="bbox 2017 5643 3601 5711">
    <p class='ocr_par' dir='ltr' id='par_1_113' title="bbox 2017 5643 3601 5711">
     <span class='ocr_line' id='line_1_113' title="bbox 2017 5643 3601 5711; baseline -0.006 -13"><span class='ocrx_word' id='word_1_831' title='bbox 2017 5644 2459 5706; x_wconf 69' lang='lat' dir='ltr'><strong>undetricennm,</strong></span> <span class='ocrx_word' id='word_1_832' title='bbox 2494 5643 2751 5696; x_wconf 88' lang='lat' dir='ltr'><strong>nimirum</strong></span> <span class='ocrx_word' id='word_1_833' title='bbox 2784 5648 2984 5711; x_wconf 88' lang='lat' dir='ltr'><strong>quarto</strong></span> <span class='ocrx_word' id='word_1_834' title='bbox 3034 5655 3251 5709; x_wconf 87' lang='lat' dir='ltr'><strong>quoque</strong></span> <span class='ocrx_word' id='word_1_835' title='bbox 3298 5652 3443 5691; x_wconf 90' lang='lat' dir='ltr'><strong>anno</strong></span> <span class='ocrx_word' id='word_1_836' title='bbox 3490 5653 3601 5689; x_wconf 86' lang='lat' dir='ltr'><strong>uno</strong></span> 
     </span>
    </p>
   </div>
   <div class='ocr_carea' id='block_1_114' title="bbox 2017 5728 3601 5805">
    <p class='ocr_par' dir='ltr' id='par_1_114' title="bbox 2017 5728 3601 5805">
     <span class='ocr_line' id='line_1_114' title="bbox 2017 5728 3601 5805; baseline -0.007 -15"><span class='ocrx_word' id='word_1_837' title='bbox 2017 5736 2104 5791; x_wconf 86' lang='lat' dir='ltr'><strong>die</strong></span> <span class='ocrx_word' id='word_1_838' title='bbox 2151 5735 2370 5797; x_wconf 88' lang='lat' dir='ltr'><strong>addito,</strong></span> <span class='ocrx_word' id='word_1_839' title='bbox 2424 5734 2570 5805; x_wconf 89' lang='lat' dir='ltr'><strong>quod</strong></span> <span class='ocrx_word' id='word_1_840' title='bbox 2623 5734 2776 5803; x_wconf 89' lang='lat' dir='ltr'><strong>prius</strong></span> <span class='ocrx_word' id='word_1_841' title='bbox 2834 5740 2919 5788; x_wconf 87' lang='lat' dir='ltr'><strong>est</strong></span> <span class='ocrx_word' id='word_1_842' title='bbox 2971 5732 3200 5786; x_wconf 87' lang='lat' dir='ltr'><strong>dictum.</strong></span> <span class='ocrx_word' id='word_1_843' title='bbox 3257 5728 3601 5799; x_wconf 66' lang='lat' dir='ltr'><strong>Quapmptvr</strong></span> 
     </span>
    </p>
   </div>
   <div class='ocr_carea' id='block_1_115' title="bbox 2020 5823 3599 5893">
    <p class='ocr_par' dir='ltr' id='par_1_115' title="bbox 2020 5823 3599 5893">
     <span class='ocr_line' id='line_1_115' title="bbox 2020 5823 3599 5893; baseline -0.007 -11"><span class='ocrx_word' id='word_1_844' title='bbox 2020 5842 2235 5883; x_wconf 85' lang='lat' dir='ltr'><strong>menses</strong></span> <span class='ocrx_word' id='word_1_845' title='bbox 2291 5827 2380 5881; x_wconf 90' lang='lat' dir='ltr'><strong>alii</strong></span> <span class='ocrx_word' id='word_1_846' title='bbox 2448 5825 2517 5881; x_wconf 89' lang='lat' dir='ltr'><strong>ab</strong></span> <span class='ocrx_word' id='word_1_847' title='bbox 2576 5826 2837 5893; x_wconf 24' lang='lat' dir='ltr'><strong>undecim.</strong></span> <span class='ocrx_word' id='word_1_848' title='bbox 2895 5824 3107 5880; x_wconf 89' lang='lat' dir='ltr'><strong>dierum</strong></span> <span class='ocrx_word' id='word_1_849' title='bbox 3162 5823 3373 5892; x_wconf 81' lang='lat' dir='ltr'><strong>reliquo</strong></span> <span class='ocrx_word' id='word_1_850' title='bbox 3433 5834 3599 5889; x_wconf 75' lang='lat' dir='ltr'><strong>supra</strong></span> 
     </span>
    </p>
   </div>
  </div>
