4112 6440
510 446 531 500 1
541 445 648 500 903

1541 443 1630 502 AD
1668 442 1936 504 EUSEB’II
1967 446 2365 505 CHRONICON
2407 444 2771 504 APPENDIX.

3631 443 3765 501 1204

507 564 696 637 viginti
725 578 953 619 numero
976 560 1443 636 ﬂendecapltthini
1474 578 1759 635 vocentur,
1793 571 1884 624 alii
1912 570 2078 626 Deca-

2185 571 2520 639 ταγειτνιὼν,
2564 568 2930 643 Βοηδρομιὼν,
2962 566 3315 638 Πυανεψιὼν,
3357 566 3548 621 ἕνδεκα
3582 565 3764 634 ἕξουσι

503 644 741 726 ρὴιίιίηἰ,
774 654 974 726 quibus
1021 656 1208 711 decem
1252 657 1370 712 dies
1415 669 1711 730 supersunt
1742 680 1754 715 :
1786 677 1931 718 unus
1952 677 2082 717 vero

504 746 937 818 Octaphthinus,
989 754 1045 803 et
1095 746 1508 818 Enaphthinus,
1570 752 1656 807 cui
1712 767 1860 807 nunc
1918 762 2078 820 orto,

502 852 654 892 nunc
726 851 921 892 novem
992 846 1255 908 superant
1322 839 1465 895 ultra
1530 841 1743 910 viginti.
1807 840 1873 896 Hi
1936 845 2081 898 enim

509 928 667 999 165
697 939 934 999 septem,
986 929 1257 986 Posideon
1282 972 1297 994 ,
1344 930 1631 990 Gamelion
1654 975 1669 999 ,
1718 934 2079 1008 Mnnychion,

507 1020 933 1090 Seirophorion,
986 1021 1381 1093 Metagitnion,
1435 1024 1831 1091 Boedromion,
1871 1028 2084 1100 Pyane-

506 1113 688 1181 psion,
724 1114 978 1169 undecim
1009 1115 1129 1171 dies
1176 1118 1471 1188 praecipitis
1506 1119 1821 1176 habebunt:
1849 1128 1905 1175 at
1954 1120 2083 1176 reli-

504 1204 602 1273 qui
651 1204 837 1259 decem
890 1212 1125 1271 tantum,
1175 1218 1373 1277 praeter
1427 1208 1931 1280 Elaphebolionem,
1987 1210 2082 1281 qui

503 1296 769 1352 continuo
801 1298 1040 1352 triennio
1066 1307 1191 1353 octo
1224 1301 1467 1364 habebit,
1495 1317 1690 1357 novem
1722 1312 1903 1356 autem
1937 1316 2083 1356 anno

504 1397 725 1462 quarto.
764 1390 837 1444 At
871 1392 915 1446 si
951 1390 1078 1460 quis
1112 1392 1339 1460 φθίνειν,
1377 1393 1430 1447 id
1456 1400 1562 1456 est,
1593 1395 1925 1462 pracipitare
1946 1435 1961 1457 ,
1983 1409 2081 1449 seu

506 1483 776 1549 desinere,
802 1490 856 1537 et
879 1482 1152 1546 ἵστασθαι,
1187 1482 1241 1537 id
1270 1491 1391 1549 est,
1421 1485 1621 1537 instare
1651 1484 1765 1540 sive
1791 1485 1929 1539 inire
1951 1499 2080 1555 pro-

507 1572 626 1643 p_ria
652 1572 794 1627 luna
826 1587 949 1628 esse
993 1572 1163 1638 dicat,
1196 1583 1379 1628 mente
1417 1574 1710 1643 animoque
1749 1576 2082 1644 complecta-

508 1673 621 1731 tur,
650 1663 799 1734 quod
829 1665 884 1718 in
917 1664 1040 1721 aliis
1060 1665 1225 1720 etiam
1254 1664 1632 1735 compluribus
1656 1664 1876 1719 aliunde
1900 1673 2084 1719 trans-

508 1757 656 1813 latus
703 1756 990 1827 improprii
1038 1756 1312 1813 sermonis
1361 1771 1496 1812 usus
1546 1756 1736 1823 evicit,
1778 1766 1839 1811 ut
1892 1756 1948 1811 in
1996 1756 2081 1813 bis

509 1862 727 1919 quoque
766 1846 950 1903 verbis
984 1845 1289 1917 χαλκεύειν,
1333 1854 1387 1901 ει
1420 1849 1697 1918 χορηγεῖν,
1737 1854 1793 1902 et
1822 1846 2083 1921 δημιουρ-

2184 660 2463 731 φθίνοντος
2505 661 2719 732 ἡμέρας
2739 676 2753 689 ⁸
2778 657 2912 712 δέκα
2939 658 2997 710 δὲ
3027 658 3077 711 οἱ
3115 657 3312 720 λοιποὶ,
3353 657 3491 727 πλὴν
3533 657 3760 729 Ἐλαφη..

2184 752 2458 817 ϐολιῶνος.
2489 747 2658 816 Οὗτος
2685 751 2793 823 γὰρ
2819 747 2965 804 ὀκτὼ
2997 750 3097 821 μὲν
3137 749 3266 821 ἑξῆς
3295 750 3464 820 τριῶν
3490 749 3647 813 ἐτῶν,
3676 753 3760 804 ὲν-

2184 844 2277 897 νέα
2307 840 2364 899 δὲ
2390 844 2469 916 τῷ
2500 846 2760 915 τετάρτῳ.
2807 844 2914 897 Καὶ
2946 842 3051 913 μὴν
3084 841 3139 894 εί
3168 859 3252 905 τις
3292 842 3355 894 τὸ
3400 843 3628 910 φθίνειν,
3668 843 3764 895 καὶ

2183 936 2436 990 ἵστασθαι
2461 936 2591 990 ίδιον
2616 933 2755 989 εἶναι
2782 935 2929 1004 λέγοι
2962 920 3209 1005 σελήνης,
3237 933 3595 1003 ἐνθυμείσθω,
3626 933 3761 986 διότι

2183 1029 2277 1081 καὶ
2307 1028 2393 1080 ἐπ’
2411 1028 2583 1083 ἄλλων
2601 1028 2809 1081 πολλῶν
2826 1028 3021 1099 χρῆσις
3040 1029 3133 1080 ἀπ’
3156 1026 3328 1079 ἄλλων
3356 1024 3760 1097 μεταληφθεῖσα

2183 1120 2525 1189 κεκράτηκεν
2571 1118 2934 1190 ἀκυρόλογσς·
2972 1115 3081 1173 οἷον
3125 1119 3217 1173 καὶ
3247 1119 3306 1171 τὸ
3334 1116 3639 1188 χαλκεύειν,
3666 1118 3760 1171 καὶ

2183 1214 2460 1280 χορηγεῖν,
2495 1208 2591 1263 καλ⁵
2635 1210 3009 1282 δημιουργεῖν.
3057 1208 3384 1280 Ὢνομάζετο
3414 1208 3471 1260 δέ
3505 1224 3634 1260 ποτε
3668 1209 3761 1263 καὶ

2185 1300 2380 1371 βυϐλία
2401 1298 2583 1372 μόνον,
2604 1302 2673 1355 τά
2700 1304 2766 1356 ἐκ
2796 1306 2893 1374 τῆς
2921 1302 3117 1372 βύϐλου
3137 1303 3236 1372 τῆς
3262 1303 3319 1354 ὲν
3347 1299 3608 1369 Αἰγύπτῳ
3634 1316 3761 1368 φυο-

2185 1392 2355 1464 μένης
2387 1393 2642 1465 παπύρου
2670 1394 2950 1465 γινόμενα.
3002 1393 3116 1447 Νῦν
3149 1393 3206 1445 δὲ
3238 1409 3333 1446 και
3382 1392 3449 1445 τά
3503 1393 3569 1444 ἐκ
3613 1391 3757 1444 λίνου

2184 1484 2385 1555 ῥάκους
2427 1484 2891 1555 κατεργασθέντος
2933 1484 3217 1555 πιλήματα
3255 1483 3530 1549 διάκολλα,
3574 1484 3632 1536 ἐν
3677 1479 3759 1547 οἷς

2181 1576 2487 1646 γράφομεν,
2522 1576 2761 1647 τοῦνομα
2793 1575 2905 1647 ἔχει
2927 1576 3105 1630 τοῦτο.
3130 1576 3241 1629 Καὶ
3270 1576 3501 1646 σχοινίον
3526 1573 3761 1646 πρόσθεν

2180 1668 2339 1722 τὸιὲκ
2373 1669 2585 1738 σχοίνου
2634 1668 2743 1722 τῶν
2785 1669 2972 1723 ἑλείων
3010 1667 3211 1738 φυτοῦ·
3253 1667 3348 1720 νῦν
3389 1667 3448 1721 δὲ
3479 1668 3573 1721 καὶ
3604 1667 3666 1720 τὸ
3695 1668 3760 1720 ὲκ

2181 1758 2325 1814 λίνου
2359 1760 2453 1813 καὶ
2485 1758 2647 1831 ἐρίων
2681 1761 2818 1830 πρὸς
2844 1759 2944 1832 τὴν
2981 1761 3153 1833 αὐτὴν
3192 1759 3382 1829 χρείαν
3423 1758 3759 1829 κλωθόμενον

2184 1850 2414 1921 σχοινίον
2437 1852 2924 1923 προσαγορεύεται.
2950 1851 3063 1904 Καὶ
3084 1849 3348 1922 αὐθέντης
3369 1849 3428 1903 δὲ
3452 1852 3483 1902 ό
3506 1850 3760 1920 αὐτόχειρ

509 1942 647 2009 γεῖν,
684 1936 743 1993 id
771 1945 878 2001 est,
904 1940 1125 2002 cudere,
1157 1938 1514 2008 suppeditare,
1553 1953 1850 2006 proereare.
1892 1937 2079 2003 Quon-

2185 1942 2341 2012 μόνον
2369 1942 2586 2011 ἐλέγετο
2618 1943 2806 1997 πάλαι.
2833 1941 2947 1995 Νῦν
2978 1942 3036 1996 δὲ
3066 1943 3160 1995 καὶ
3185 1939 3433 1995 ὁστισοῦν
3456 1940 3647 2004 αἴτιος,
3665 1941 3758 1993 καὶ

508 2032 637 2087 dam
682 2032 846 2087 etiam
878 2026 1068 2101 βυϐλία
1116 2031 1295 2086 solum
1342 2030 1689 2094 dicebantur,
1733 2045 1855 2100 qua:
1889 2030 2079 2084 ﬁerent

509 2139 577 2181 ex
602 2124 771 2194 junco
801 2138 1027 2194 papyro,
1054 2138 1179 2192 quae
1212 2123 1268 2176 in
1296 2122 1531 2193 Egypto
1553 2122 1894 2192 producitur.
1923 2121 2079 2177 Nunc

511 2230 643 2268 vero
694 2228 759 2271 ex
806 2214 901 2267 lini
949 2213 1256 2282 panniculis
1303 2224 1359 2269 et
1409 2214 1757 2269 linteolorum
1814 2213 2079 2268 ramentis

511 2306 689 2362 versis
718 2304 773 2359 in
802 2304 1100 2376 opificium,
1127 2306 1450 2375 constipata:
1489 2306 1693 2361 cliartm
1724 2305 1995 2375 quaedam,
2025 2311 2081 2360 et

514 2397 902 2467 conglutinata!
931 2396 1005 2467 (in
1033 2396 1235 2467 quibus
1260 2398 1576 2465 scribimus)
1611 2396 1665 2450 id
1693 2396 1931 2452 nominis
1960 2411 2081 2451 sor-

516 2490 630 2543 titae
667 2494 816 2543 sunt.
850 2485 916 2541 Et
948 2487 1178 2558 σχοινίον
1228 2487 1359 2541 olim
1393 2484 1541 2542 funis
1569 2499 1709 2552 erat,
1755 2504 1822 2543 ex
1852 2487 2081 2542 scbmno

514 2580 688 2651 junco
718 2580 863 2649 (qua:
911 2594 977 2635 ex
1012 2574 1350 2649 palustribus
1400 2574 1585 2648 planta
1625 2578 1731 2647 est)
1774 2577 2078 2643 confectus,

514 2671 611 2726 sed
638 2684 784 2724 nunc
812 2685 879 2725 ex
907 2670 1018 2724 lino
1052 2678 1106 2724 et
1136 2669 1278 2725 lanis
1320 2669 1375 2723 in
1401 2668 1653 2724 eumdem
1683 2684 1841 2723 usum
1872 2684 2079 2724 convo-

514 2768 664 2820 lutus
694 2770 1086 2832 contortusque
1113 2760 1280 2826 funis,
1325 2762 1612 2817 schmnion
1646 2762 1974 2832 appellatur.
2018 2761 2081 2817 Et

516 2867 779 2930 praeterea
820 2855 1081 2926 αὐθέντης
1126 2856 1195 2910 ab
1230 2856 1472 2925 antiquis
1522 2876 1539 2906 ι
1576 2855 1738 2910 caedis
1783 2862 2029 2925 patrator
2058 2874 2077 2908 ι

513 2958 729 3005 tantum
759 2948 1097 3003 vocabatur:
1131 2962 1278 3002 nunc
1308 2962 1436 3001 vero
1466 2947 1720 3017 quisquis
1749 2956 1941 3001 auctor
1974 2953 2079 3009 est,

516 3039 735 3105 artifex,
784 3039 989 3110 opifex,
1046 3047 1267 3094 curator
1323 3038 1403 3094 rei
1454 3037 1728 3108 cujusvis,
1795 3037 2082 3093 authentes

514 3140 887 3203 nuncupatur.
942 3130 1008 3186 Et
1056 3132 1317 3187 nimirum
1365 3131 1495 3185 vicit
1529 3130 1869 3201 invaluitque
1917 3145 2084 3200 supra

2180 2035 2644 2107 δημιουργὸς,εῐτ’
2676 2030 2771 2089 οὖν
2807 2033 3132 2105 αὐτουργὸς,
3179 2033 3274 2086 καὶ
3301 2033 3597 2103 ἐπιστάτης
3619 2031 3756 2102 πρά-

2181 2144 2392 2198 γματος
2421 2126 2754 2191 οὑτινοσοῦν,
2775 2126 3040 2197 αὐθέντης
3066 2126 3306 2178 καλεῖται
3323 2142 3336 2155 ·
3361 2124 3502 2196 ὑπὲρ
3528 2123 3594 2175 τά
3614 2122 3759 2193 χίλια

2180 2219 2246 2290 δὴ
2304 2218 2397 2290 ἐτη
2455 2218 2859 2292 κεκρατηκότος
2911 2216 3007 2271 τοῦ
3064 2216 3271 2270 τοιοῦδε
3326 2215 3721 2287 σημαινομένου
3742 2232 3754 2245 ’

2182 2311 2391 2381 ἐπειδὴ,
2438 2310 2761 2381 Ῥωμαίοις,
2814 2307 2966 2380 θαμά
3005 2308 3071 2380 δὴ
3114 2307 3430 2378 ὁμιλοῦντες
3463 2305 3764 2387 Ἕλληνες,⁸

2184 2403 2443 2457 συνίδοιεν
2488 2403 2588 2473 τὴν
2631 2401 2897 2473 σφετέραν
2924 2400 3103 2455 αὐτῶν
3144 2400 3329 2470 φωνὴν
3374 2399 3453 2452 ἔτι
3503 2397 3760 2469 δεομένην

2181 2492 2274 2547 τοῦ
2303 2510 2367 2561 γε
2408 2492 2669 2561 ἀνάλογον
2703 2490 2770 2545 ἂν
2813 2489 2892 2561 τῷ
2932 2509 2953 2543 ι
2975 2486 3143 2562 αὖτορ
3169 2508 3191 2543 ο
3224 2489 3446 2559 ὀνόματι
3477 2486 3586 2541 τῶν
3627 2487 3759 2540 Ῥω-

2186 2583 2360 2654 μαίων
2397 2582 2788 2654 ἀκριϐέστερον
2829 2581 3341 2654 προσοικειουμένου
3373 2581 3492 2641 ταῖς
3525 2578 3754 2650 χρείαις.

2182 2673 2337 2728 Οὕτω
2374 2673 2482 2746 γὰρ
2527 2672 2857 2744 βιαζόμενοι,
2914 2674 2990 2737 ὡς
3038 2673 3206 2738 είκδς,
3253 2671 3541 2743 πράγματι
3590 2670 3758 2740 συχνὰ

2180 2767 2368 2837 ἥκοντι
2386 2766 2467 2828 εἰς
2488 2764 2674 2836 χρείαν
2695 2763 2865 2833 ὄνομα
2886 2763 3171 2836 ἱδιαίτερον
3190 2762 3398 2826 θέσθαι,
3414 2761 3474 2815 τὸ
3494 2760 3755 2832 αὐθέντης

2181 2856 2245 2928 δὴ
2271 2856 2353 2919 είς
2384 2853 2541 2908 τοῦτο
2570 2851 3109 2925 άλλοτριονομοῦντες
3154 2853 3561 2924 μετενηνόχασι.
3593 2849 3752 2903 Βασί-

2182 2946 2322 3011 λειος
2352 2944 2445 3000 οὖν
2483 2946 2591 2999 τῶν
2636 2945 2920 3017 ἡμετέρων
2964 2944 3295 3017 ἱεροφαντῶν
3338 2945 3432 2996 ἐπὶ
3476 2941 3755 2996 Ἰουλιανοῦ

2183 3041 2581 3112 αὐτοκράτορος
2622 3037 2911 3108 γενόμενος
2964 3036 3124 3108 ἀνὴρ,
3175 3035 3271 3089 καὶ
3308 3035 3408 3105 τὴν
3448 3034 3630 3105 φωνὴν
3657 3035 3755 3103 οὐχ

2181 3128 2343 3204 ἦττον
2379 3131 2539 3203 ἢτὴν
2574 3130 2813 3185 διάνοιαν
2862 3128 3297 3200 κεκοσμημένος,
3352 3126 3421 3181 τά
3461 3126 3557 3181 τοῦ
3612 3127 3757 3181 θείου

515 3225 666 3280 mille
721 3238 896 3279 annos
942 3222 1261 3292 bujusmodi
1319 3220 1672 3292 signiﬁcatio,
1727 3229 2082 3292 posteaquam

2185 3222 2324 3278 Πνεύ
2333 3239 2499 3294 ματος
2520 3221 2832 3293 χαρίσματα
2856 3220 2917 3273 οὐ
2946 3218 3350 3290 λειτουργικῶς,
3381 3218 3496 3272 ἀλλ’
3523 3236 3542 3270 ι
3571 3216 3761 3271 αὐθενδ

517 3317 688 3374 (ἕναεεί
728 3331 851 3372 eum
886 3309 1151 3371 Romanis
1191 3324 1476 3372 versantes
1515 3323 1879 3387 perceperunt
1925 3329 2081 3369 suam

2185 3314 2351 3379 τικῶς
2381 3333 2398 3365 ι
2428 3312 2674 3383 γίνεσθαι
2705 3313 2876 3381 λέγει.
2902 3311 3016 3365 Καὶ
3055 3312 3306 3374 Συνέσιος
3335 3311 3621 3381 φιλόσοφος
3650 3309 3757 3363 τῶν

517 3409 757 3479 linguam
796 3406 977 3460 adhuc
1006 3406 1251 3475 indigere
1292 3406 1514 3461 nomine
1550 3405 1679 3459 huic
1731 3403 1940 3460 nomini
1979 3404 2083 3459 La-

514 3502 630 3554 tino
662 3518 681 3551 ι
710 3504 901 3553 auctor
929 3516 949 3550 ι
985 3497 1371 3568 respondente,
1395 3496 1542 3569 quod
1571 3498 1831 3568 majorem
1857 3497 2085 3552 haberet

516 3608 651 3647 usus
690 3590 1102 3662 proprietatem.
1150 3588 1228 3643 Ita
1271 3591 1414 3646 enim
1460 3591 1660 3656 coacti,
1693 3598 1753 3644 ut
1784 3589 2085 3645 verisimile

512 3692 617 3748 est,
649 3683 727 3738 rei
757 3682 956 3737 crebro
992 3681 1046 3736 in
1098 3696 1258 3737 usum
1291 3682 1563 3737 venientis
1592 3683 1768 3752 magis
1800 3680 2082 3752 proprium

514 3789 711 3830 nomen
739 3773 1038 3843 imponere,
1073 3766 1357 3828 hocscerte
1380 3789 1579 3828 nomen
1609 3773 1900 3829 authentes
1929 3772 1985 3826 in
2017 3771 2085 3826 il-

513 3865 607 3920 lud
638 3870 1098 3930 transmutarunt,
1131 3864 1413 3920 imitantes
1448 3865 1682 3920 alienam
1712 3865 1904 3934 legem.
1937 3863 2085 3919 Basi-

513 3958 621 4013 lius
676 3956 860 4026 itaque
911 3972 1055 4012 unus
1109 3971 1141 4011 e
1173 3958 1381 4012 nostris
1426 3956 1801 4025 pontiﬁcibus,
1839 3962 2085 4025 tempore

511 4046 860 4117 imperatoris
887 4036 1113 4106 Juliani,
1159 4045 1245 4099 vir
1289 4060 1401 4100 non
1438 4046 1621 4100 minus
1652 4045 1871 4115 eloquio
1917 4059 2083 4115 quam

511 4143 627 4198 acri
652 4140 988 4213 cogitatione
1017 4140 1301 4211 praeditus,
1333 4140 1477 4195 dona
1519 4138 1759 4210 Spiritus
1790 4140 1967 4195 sancti
1996 4138 2083 4192 di-

510 4238 586 4290 cit
620 4249 731 4290 non
765 4233 882 4289 ﬁeri
925 4249 1023 4303 per
1058 4232 1448 4299 ministerium,
1493 4233 1591 4288 sed
1628 4251 1645 4283 ι
1673 4232 2027 4287 authentice:
2060 4250 2078 4282 ι

510 4328 566 4384 id
600 4334 707 4391 est,
738 4341 847 4381 non
881 4342 911 4381 a
936 4327 1193 4381 ministro
1226 4326 1368 4388 dari,
1395 4324 1490 4380 sed
1519 4326 1588 4380 ab
1613 4334 1860 4380 auctore.
1887 4323 1954 4380 Et
1984 4323 2085 4395 Sy-

512 4422 704 4480 nesius
748 4420 1109 4492 phil080phus
1157 4419 1564 4475 eruditissimus
1623 4418 1719 4489 qui
1769 4417 1873 4482 fuit
1919 4418 2084 4487 paulo

512 4522 636 4587 post
682 4512 995 4571 Theodosio
1045 4513 1386 4584 imperante,
1441 4511 1791 4582 interrogans
1846 4510 2084 4581 patriar-

2183 3406 2524 3476 λογιωτάτων
2552 3403 2745 3477 μικρδν
2776 3404 3002 3474 ὕστερον
3028 3402 3122 3456 ἐπὶ
3164 3401 3466 3465 Θεοδοσίου,
3491 3400 3756 3455 πυνθανό-

2187 3517 2346 3571 μενος
2397 3498 2736 3571 πατριάρχου
2788 3494 3071 3567 Θεοφίλου,
3106 3496 3156 3548 εί
3198 3494 3303 3566 χρὴ
3350 3494 3590 3565 νομίζειν
3636 3492 3756 3547 ἐπὶ.

2186 3608 2386 3646 σκοπον
2420 3590 2767 3661 Ἀλέξανδρόν
2798 3607 2940 3655 τινα,
2967 3587 3410 3661 χειροτονηθέντα
3438 3588 3543 3641 ὑπὸ
3582 3587 3761 3640 Ἰωάνέ

2183 3703 2273 3739 νου
2309 3685 2404 3738 τοῦ
2439 3684 2576 3756 μετὰ
2598 3683 2769 3737 ταῦτα
2804 3682 3150 3754 νομισθέντος
3179 3681 3353 3750 ἁγίου,
3376 3681 3470 3733 καὶ
3496 3682 3759 3749 ἐπονομαδ

2187 3776 2401 3839 σθέντος
2437 3774 2843 3846 Χρυσοστόμου,
2876 3774 2998 3827 τότε
3039 3772 3128 3826 διά
3160 3789 3284 3827 τινα
3329 3771 3614 3842 συμϐᾶσαν
3646 3770 3747 3824 δια-

2186 3869 2360 3941 φορὰν
2416 3869 2510 3922 καὶ
2569 3866 2758 3920 στάσιν
2815 3865 2926 3919 τῶν
2989 3864 3323 3937 Ἐκκλησιῶν
3376 3862 3761 3935 ἀφωρισμένον

2184 3962 2375 4033 γνώμῃ
2434 3961 2714 4032 συνοδικῇ,
2773 3953 2865 4013 ὧδ’
2906 3958 3190 4030 ὲπιφέρει’
3232 3977 3251 4009 ι
3276 3956 3419 4029 Πρὸς
3462 3955 3491 4007 ὃ
3537 3956 3619 4009 δεῖ
3659 3954 3758 4026 τὴν

2185 4052 2473 4106 αὐθεντίαν
2516 4053 2612 4123 τῆς
2663 4049 3025 4122 ἀποστολικῆς
3076 4049 3325 4119 διαδοχῆς
3364 4047 3759 4119 ἀποκρίνασθαι

2186 4143 2371 4207 ἁπλῶς
2412 4145 2504 4197 καὶ
2554 4143 2759 4213 σαφῶς.
2807 4161 2825 4195 ι
2875 4143 2947 4195 Οὐ
2987 4141 3093 4218 μὴν
3137 4139 3273 4194 ἀλλὰ
3318 4140 3413 4193 καὶ
3463 4140 3756 4209 Ῥωμαῖοι,

2184 4232 2259 4299 ὼς
2303 4235 2644 4306 Πλούταρχος
2683 4236 2904 4307 ἱστορεῖ,
2939 4235 3038 4305 τὴν
3083 4235 3164 4296 είς
3204 4232 3331 4302 τρία
3375 4230 3634 4302 διαίρεσιν
3664 4226 3760 4282 τοῦ

2188 4326 2356 4397 μηνὸς
2398 4326 2531 4397 πρὸς
2574 4324 2672 4388 τὰς
2731 4325 2994 4395 μεγίστας
3037 4327 3186 4397 τρεῖς
3229 4322 3492 4394 διαφορὰς
3530 4324 3628 4393 τῆς
3676 4337 3762 4373 σε-

2184 4419 2353 4492 λήνης
2403 4418 2727 4487 τυγχάνουσι
2785 4417 3047 4488 πρότερον
3112 4415 3501 4486 πεποιηκότες·
3555 4411 3761 4467 Καλέν-

2184 4512 2280 4575 δας
2324 4510 2424 4581 μὲν
2465 4511 2566 4579 τὴν
2614 4509 2910 4580 νουμηνίαν
2960 4507 3321 4571 καλέσαντες,
3368 4508 3451 4561 ὅτι
3502 4505 3629 4577 περὶ
3663 4504 3761 4575 τὴν

513 4610 671 4664 cham
704 4606 1090 4678 Theophilum,
1125 4622 1194 4660 an
1223 4613 1475 4677 oporteat
1494 4604 1868 4660 Alexandrum
1893 4617 2083 4673 quem-

2189 4603 2404 4657 σύνοδον
2448 4596 2582 4655 οὖσα
2612 4600 2724 4654 τόθ’
2761 4601 2794 4671 ἡ
2846 4600 3039 4672 σελήνη
3093 4598 3283 4670 ὥσπερ
3318 4595 3562 4667 λέληθεν,
3589 4593 3766 4647 ἐπιλε-

514 4702 640 4755 dam
676 4700 999 4756 existimare
1026 4687 1375 4769 episcopum,
1400 4698 1455 4752 in
1501 4696 1886 4767 episcoporum
1930 4692 2084 4748 ordi-

517 4806 639 4846 nem
676 4790 995 4861 adoptatum
1024 4787 1095 4844 ab
1123 4786 1355 4854 Joanne,
1392 4789 1486 4859 qui
1517 4795 1706 4858 postea
1748 4787 1891 4842 inter
1927 4784 2086 4840 divos

516 4881 744 4944 relatus,
793 4886 849 4935 et
898 4880 1328 4951 Chrysostomus
1373 4879 1797 4950 cognominatus
1835 4884 1959 4933 est:
1991 4876 2087 4932 sed

515 4985 646 5027 tunc
692 4979 916 5042 propter
969 4970 1263 5041 quamdam
1309 4970 1711 5026 contentionem
1760 4977 1814 5024 et
1865 4968 2091 5023 seditio-

516 5079 639 5120 nem
686 5065 756 5119 ab
802 5063 1068 5119 Ecclesiis
1116 5064 1185 5117 de
1234 5062 1453 5117 concilii
1508 5062 1781 5117 sententia
1827 5061 2088 5117 exclusus

514 5165 634 5214 erat
661 5176 673 5211 :
701 5157 781 5212 sic
813 5153 978 5210 inl‘ert
1006 5174 1018 5209 :
1057 5173 1074 5205 ι
1106 5155 1187 5209 Ad
1209 5154 1357 5224 quod
1388 5169 1526 5223 opus
1555 5160 1641 5208 est
1667 5151 2030 5215 authentiam,
2064 5169 2082 5202 ι

518 5252 570 5306 id
599 5255 705 5314 est,
738 5268 757 5301 ι
789 5247 1178 5303 auctoritatem
1215 5246 1588 5302 successionis
1615 5244 1932 5315 apostolica:
1956 5243 2088 5299 sim-

518 5342 751 5412 pliciter,
796 5346 850 5395 et
902 5345 1088 5409 aperte
1146 5339 1475 5393 sententiam
1529 5335 1690 5392 ferre.
1723 5356 1742 5389 i
1798 5335 2089 5390 Enimvero

518 5435 682 5486 etiam
714 5430 969 5497 Romani,
999 5438 1059 5483 ut
1096 5430 1291 5485 scribit
1314 5428 1665 5495 Plutarchus,
1704 5428 1851 5481 illam
1884 5427 2090 5482 mensis

516 5526 845 5583 divisionem
885 5525 1220 5594 tripertitam
1265 5524 1333 5577 ad
1365 5531 1480 5578 tres
1512 5524 1781 5577 maximas
1812 5523 1956 5575 lunae
1982 5518 2091 5575 dil-

515 5617 777 5673 l'ercntias
812 5623 1083 5681 tecerunt,
1118 5615 1393 5670 Kalendas
1432 5614 1773 5669 novilunium
1809 5613 2090 5682 appellan-

403 5776 408 5793 ἱ
518 5722 619 5770 tes,
653 5708 802 5778 quod
829 5718 945 5765 tum
983 5711 1115 5766 luna
1155 5711 1213 5765 in
1257 5710 1408 5765 coitu
1444 5709 1748 5772 exsistens,
1791 5708 1949 5777 quasi
1993 5721 2088 5761 oe-

518 5800 665 5853 culta
718 5800 792 5855 sit
842 5801 1059 5870 penitus
1110 5801 1323 5856 defecta
1373 5799 1838 5856 lumineuclam
1871 5821 1888 5849 ι
1942 5799 2087 5854 enim

516 5889 781 5949 Romanis
826 5893 1059 5950 latenter
1102 5895 1398 5967 signiﬁcat,
1451 5894 1594 5949 unde
1642 5893 1911 5948 Kalendas
1956 5890 2087 5946 dicit

2188 4695 2435 4758 λοιπότος
2465 4694 2530 4765 δὴ
2562 4693 2842 4757 παντελῶς
2882 4693 2975 4747 τοῦ
3010 4692 3212 4762 φωτός·
3265 4690 3327 4743 τὸ
3363 4690 3473 4761 γὰρ
3501 4708 3519 4739 ι
3553 4687 3700 4756 κλάμ
3737 4706 3756 4736 ι

2199 4786 2492 4857 Ῥωμαίοις
2519 4784 2581 4838 τὸ
2606 4782 2782 4855 λάθρα
2817 4782 3177 4852 διασημαίνει,
3210 4780 3333 4834 ὅθεν
3364 4778 3462 4841 τὰς
3488 4775 3765 4837 Καλένδας

2189 4877 2499 4950 ὠνομάσθαι
2542 4876 2696 4948 φησί.
2732 4874 2924 4938 Νώνας
2950 4874 3028 4938 δὲ,
3060 4873 3187 4926 ὅταν
3213 4868 3530 4939 καταφανὴς
3552 4866 3766 4939 πρῶτον

2191 4972 2285 5023 ἐπὶ
2306 4970 2524 5041 δυσμῶν
2544 4969 2758 5040 γίνηται
2791 4967 2914 5020 νέαο
2941 4965 3126 5027 Εἰδοὺς
3152 4963 3229 5025 δὲ,
3259 4963 3408 5024 ὃταν,
3433 4957 3765 5027 πανσέληνος

2190 5060 2345 5126 οὖσα,
2379 5061 2719 5135 εὐειδεστέρα
2762 5058 2860 5129 τὴν
2903 5058 3023 5127 ww
3162 5055 3307 5110 Ἀλλ’·
3329 5054 3480 5125 ὅμως
3507 5051 3761 5121 ὕστερον*

2192 5156 2391 5213 καίτοι,
2422 5152 2542 5207 καθ’
2572 5152 2722 5223 ἥλιον
2762 5152 2986 5221 ἄγοντες
3024 5148 3152 5210 τοὺς
3198 5146 3393 5217 μῆνας,
3422 5142 3621 5215 ὁμοίως
3648 5139 3763 5210 ὀρί-

2192 5248 2375 5312 ζοντες
2404 5246 2495 5298 τὸν
2522 5245 2735 5316 χρόνον.
2770 5241 3065 5305 Καλένδας,
3090 5240 3187 5293 καὶ
3212 5237 3427 5301 Νώνας,
3456 5233 3551 5289 καὶ
3581 5232 3765 5293 Εἰδοὺς

2191 5339 2271 5392 ἔτι
2305 5336 2581 5400 καλοῦσιν,
2638 5336 2865 5408 ὀνόμασι
2924 5334 3336 5405 καταχρώμενοι
3377 5325 3459 5393 οἷς
3505 5328 3767 5400 πρότερον

2190 5431 2414 5498 ἄγοντες
2457 5429 2600 5483 κατά
2652 5428 2881 5499 σελήνην
2934 5425 3172 5498 ἐχρῶντο
3216 5422 3439 5494 κυρίως.
3485 5418 3654 5475 Οὐθὲν
3700 5416 3768 5484 δὴ

2191 5524 2389 5577 ἄτοπον
2419 5521 2528 5575 οὐδ’
2564 5522 2715 5593 ἡμῖν,
2763 5521 2812 5573 εί
2861 5519 3145 5589 ἱστάμενον
3198 5514 3480 5584 λέγοιμεν,
3518 5509 3613 5563 καὶ
3650 5505 3771 5575 φθί-

2190 5632 2371 5675 νοντα,
2407 5614 2481 5685 μὴ
2515 5614 2658 5668 κατά
2686 5614 2915 5684 σελήνην
2949 5611 3047 5670 ἔτι.
3092 5608 3230 5665 ἀλλὰ
3258 5606 3400 5661 κατὰ
3423 5604 3576 5676 ἥλιον
3605 5605 3769 5669 ἄγον-

2189 5724 2299 5769 τες.
2343 5707 2626 5775 Ἀνάλογον
2669 5706 2850 5759 τοίνυν
2896 5707 3028 5775 ἡμῖν
3068 5704 3179 5771 ἔξει
3218 5700 3483 5771 νουμηνία
3520 5698 3620 5768 μὲν
3652 5697 3771 5758 ταῖς

2192 5798 2507 5863 Καλένδαις,
2544 5799 2605 5851 τὸ
2649 5798 2704 5850 δὲ
2764 5798 3048 5867 ἱστάμενον
3092 5795 3170 5864 τῷ
3222 5794 3330 5865 πρὸ
3362 5786 3769 5853 Νωνῶν,“τδδὲ

2193 5890 2281 5941 ἐπὶ
2311 5889 2440 5944 δέκα
2477 5886 2553 5960 τῷ
2584 5890 2684 5961 πρὸ
2713 5888 2904 5956 Είδῶν,
2934 5888 2993 5942 τὺ
3020 5888 3075 5941 δὲ
3109 5886 3293 5958 φθῖνον
3324 5883 3402 5956 τῷ
3423 5884 3528 5952 πρὸ
3560 5878 3772 5937 Καλενρ
