4112 6440
402 343 544 403 1205

1363 350 1721 410 ΤΙΙΕΟΒΟῘΠ
1755 352 1962 410 (ἶΑΖᾹὲ
2004 354 2210 409 LIBER
2247 355 2337 410 DE
2383 354 2752 412 MENSIBUS.

3537 358 3679 416 1206

397 463 527 518 δῶν.
571 465 661 530 Ὦς
687 465 734 521 δ’
759 468 893 539 ήμῖν
918 467 1104 522 οὐκέτι
1133 468 1406 541 χρήσιμος
1430 469 1527 542 ἕνη
1557 471 1653 524 καὶ
1678 469 1797 533 νέα,
1822 470 1996 535 οὕτως

2101 472 2419 543 appellatas.
2464 471 2652 530 Nonas
2681 479 2887 540 aut-em,
2924 473 3147 545 quando
3186 474 3423 545 primum
3476 475 3543 528 ad
3580 491 3677 529 oc-

394 558 521 614 οὐδὲ
555 560 849 629 Ῥωμαῖοις
894 560 955 613 τὸ
1000 560 1410 631 Ἰντερλούνιονο
1450 561 1550 635 τὴν
1598 561 1708 634 γὰρ
1756 562 1990 635 ἡμέραν,

396 648 468 727 ἧς
498 652 560 708 τὸ
585 654 682 726 μὲν
709 652 788 726 τῷ
810 654 1027 727 λήγοντι
1055 655 1207 727 μηνὶ,
1229 656 1291 710 τὸ
1317 656 1374 710 δὲ
1405 655 1482 727 τῷ
1507 655 1795 728 ἀρχομένῳ
1819 673 1991 729 προσ-

400 748 525 820 ήκει
572 747 713 801 κατὰ
764 748 1013 820 σελήνην,
1049 749 1308 820 Ῥωμαῖοι
1338 748 1482 803 οὕτω
1512 749 1765 804 καλοῦσι.
1804 749 1992 804 Ταῦτα

407 837 505 909 μὲν
534 837 599 910 δὴ
623 837 764 891 οὕτω
796 837 1187 910 λαμϐανόμενα
1225 835 1285 893 εὖ
1314 838 1381 893 ἂν
1412 839 1544 910 ἔχοι.
1586 840 1701 893 Οὐκ
1733 838 1800 892 ἂν
1829 839 1993 908 ἀφαι-

407 932 580 1002 ρεῖται
616 929 660 982 δ’
687 930 717 983 ὁ
749 928 906 998 λόγος
934 930 1055 983 οὐδὲ
1102 929 1318 994 ἰδιώτας
1349 930 1448 1002 τὴν
1496 929 1607 984 τῶν
1643 931 1866 1003 ἡμερῶν
1890 931 1992 1001 τῆς

403 1025 633 1097 σελήνης
663 1026 888 1095 γνῶσιν,
915 1028 1111 1080 ὁπόσαι
1145 1027 1427 1082 ἑκάστοτε.
1459 1026 1601 1081 Πολὺ
1632 1028 1738 1101 γάρ
1765 1045 1819 1081 τι
1850 1044 1992 1098 συμ-

402 1117 657 1172 ϐάλλεται
679 1119 758 1183 εἰς
781 1117 929 1172 τοῦθ’
952 1121 984 1191 ἠ
1008 1118 1116 1172 τῶν
1138 1120 1171 1191 ή
1180 1117 1364 1191 μερῶν
1387 1118 1483 1172 τοῦ
1504 1117 1627 1172 καθ’
1643 1118 1795 1189 ἥλιον
1824 1119 1993 1190 μηνὸς

401 1211 606 1283 εῐδησις
627 1227 642 1242 θ
671 1213 764 1266 καὶ
797 1213 978 1285 ῥᾴδιον
1012 1212 1355 1285 προστιθέντι
1392 1214 1512 1276 ταῖς
1549 1213 1817 1276 ὲπακταῖς
1846 1211 1995 1283 εὑρι-

405 1323 560 1361 σκειν
580 1306 671 1361 τὸν
711 1307 962 1381 ἀριθμόν.
999 1308 1072 1361 Τὸ
1102 1307 1147 1361 δ’
1184 1307 1412 1379 ἀκριϐὲς
1445 1308 1545 1361 οὐκ
1575 1307 1907 1378 ἀπαιτητέον
1935 1307 1993 1360 ὲν

400 1401 632 1466 τούτοις.
673 1400 940 1456 Ἐπακταῑ⁵
970 1401 1056 1471 ἐφ’
1091 1394 1137 1470 ᾧ
1164 1407 1213 1454 α’
1255 1400 1489 1473 ἀριθμὸς
1530 1400 1755 1473 ἡμερῶν
1800 1401 1997 1469 ἐπαγο-

405 1492 583 1564 μένων
631 1492 858 1565 ἡλιακοῦ
923 1495 1090 1566 μηνὸς
1113 1533 1129 1559 ,
1185 1497 1271 1564 ἐφ’
1305 1488 1350 1563 ᾧ
1391 1494 1456 1566 β’.
1502 1494 1757 1569 Ἀριθμὸς
1809 1493 1994 1566 μηνῶν

402 1586 762 1657 ἐπαγομένων
796 1587 1068 1652 ἐνιαυτοῦ,
1108 1588 1219 1642 ἀπὸ
1254 1586 1637 1659 Μουνυχιῶνος
1663 1586 1994 1659 ἀρχομένου,

402 1679 489 1747 ἐφ’
519 1671 565 1747 ᾧ
596 1686 665 1748 γ’.
701 1679 989 1750 Γινόμενος
1029 1679 1260 1753 ἀριθμὸς
1307 1681 1371 1734 ἐκ
1411 1679 1521 1735 τῶν
1554 1685 1624 1743 α’,
1660 1681 1727 1750 β’,
1769 1688 1818 1749 γ’
1859 1679 1996 1752 ὁμοῦ

401 1771 734 1844 ληφθέντων,
764 1773 850 1842 ἐφ’
878 1764 923 1841 ᾧ
969 1772 1031 1841 δ’.
1062 1773 1376 1845 Ὑπερέχων
1416 1772 1526 1827 τῶν
1558 1773 1873 1845 τριάκοντα,
1908 1774 1992 1844 ἐφ’

403 1857 449 1932 ᾧ
487 1870 549 1917 ε’.
593 1863 867 1936 Ὑπεροχὴ
905 1863 989 1934 ἐφ’
1018 1858 1064 1934 ᾧ
1108 1862 1176 1928 ζ’.
1211 1865 1451 1937 Σελήνης
1497 1864 1723 1937 ἡμερῶν
1764 1865 1997 1937 ἀριθμὸς

402 1956 780 2029 ἐπαγομένων,
810 1957 895 2028 ἐφ’
919 1950 964 2026 ᾧ
995 1964 1065 2028 η’.
1095 1955 1168 2011 Τὸ
1199 1957 1263 2029 δὴ
1301 1957 1347 2010 δ’
1373 1957 1524 2012 ἔσται
1555 1959 1668 2011 ἴσον
1689 1956 1768 2029 τῷ
1799 1964 1870 2029 η’,
1899 1959 1996 2013 εὰν

405 2047 481 2118 μὴ
507 2048 569 2100 τὸ
600 2053 641 2101 ε’
675 2047 896 2121 ὑπάρχῃ
933 2048 1013 2121 τῷ
1039 2049 1104 2105 δ’.
1146 2049 1274 2103 Ἐὰν
1311 2049 1359 2103 δ’
1392 2049 1635 2123 ὑπάρχῃ,
1672 2049 1733 2102 τὺ
1767 2050 1810 2115 ζ’
1843 2048 1995 2106 ἔσται

404 2135 519 2191 ἴσον
545 2136 623 2209 τῷ
648 2137 710 2191 δ’.
752 2137 827 2191 Τὸ
865 2137 923 2190 δὲ
952 2144 1003 2191 α’
1037 2136 1270 2209 ληπτέον
1294 2137 1392 2191 ὅτι
1431 2135 1599 2192 ἐστίν.
1637 2135 1843 2190 Ἱκανὸν
1887 2135 1997 2206 γὰρ

401 2228 479 2294 ὡς
513 2229 651 2301 πρὸς
677 2230 805 2292 τοὺς
825 2228 1053 2294 πολλοὺς
1080 2228 1143 2283 τὸ
1162 2229 1191 2283 ὃ
1213 2246 1286 2285 τι.
1315 2229 1471 2283 Ἔστι
1499 2229 1545 2283 δ’
1574 2228 1683 2301 ἄρα
1704 2227 1876 2283 εἴκοσι
1902 2231 1998 2283 καὶ

401 2319 548 2375 ὀκτὼ
573 2319 667 2374 τοῦ
694 2319 790 2375 νῦν
818 2322 1085 2394 παρόντος
1109 2319 1416 2395 ὴραρχικοῦ
1443 2320 1617 2386 ἔτους.
1651 2319 1999 2386 Ἐπαυξέσθω

402 2413 461 2467 δὲ
487 2413 611 2468 καθ’
657 2414 888 2470 ἕκαστον
935 2415 1054 2481 ἔτος
1100 2414 1402 2487 ὴραρχικὺν
1440 2412 1735 2486 προσθέσει
1775 2412 1884 2468 τῶν
1914 2413 2001 2466 ἓν-

403 2503 556 2559 δεκα.
593 2505 705 2559 Καὶ
729 2506 951 2560 ἐπειδὰν
981 2506 1089 2559 τῶν
1119 2506 1412 2577 τριάκοντα
1445 2506 1712 2577 ὑπερέχῃ,
1759 2505 2000 2577 εἰλήφθω

404 2595 438 2664 ὴ
469 2594 713 2667 ὑπεροχή
745 2602 812 2649 α’.
848 2596 958 2649 Καὶ
989 2594 1132 2648 οὕτω
1158 2594 1223 2665 δὴ
1259 2593 1552 2660 ὲπαύξοντι
1585 2596 1695 2649 αἰεὶ
1723 2595 1818 2649 καὶ
1858 2595 2001 2668 λαμ-

406 2686 624 2740 6άνοντι
664 2688 897 2759 ληπτέον
929 2688 992 2742 τὸ
1028 2694 1099 2745 α’.
1145 2688 1450 2760 Πρόσθεσις
1495 2688 1581 2759 ἐφ’
1701 2686 1767 2741 θ’.
1807 2686 2000 2758 Ἑτέρα

408 2780 653 2851 ὀπεροχὴ
686 2780 772 2849 ἐφ’
808 2774 854 2849 ᾧ
901 2778 952 2833 ι’.
995 2780 1447 2852 Προσληφθέντος
1483 2781 1547 2846 δὴ
1596 2779 1689 2834 τοῦ
1731 2780 1775 2833 θ’
1809 2779 1889 2851 τῷ
1926 2786 1995 2845 α’,

409 2872 563 2926 ἔσται
591 2874 653 2927 τὸ
683 2879 752 2937 α’,
775 2873 852 2937 ὡς
883 2874 1041 2930 ὲννέα
1083 2873 1177 2927 τοῦ
1213 2874 1458 2938 ἐπιόντος
1481 2873 1787 2946 ὴραρχικοῦ
1812 2874 1963 2937 ἔτους
1981 2891 1993 2903 ·

409 2967 503 3020 καὶ
533 2965 694 3020 πάλιν
753 2965 1213 3039 προσληφθέντος,
1251 2966 1403 3021 ἔσται
1442 2965 1518 3031 ὡς
1561 2965 1733 3020 εἴκοσι
1778 2964 1871 3018 τοῦ
1905 2967 2002 3034 ὲιρ-

408 3059 538 3130 εξῆς
588 3061 773 3125 ἔτους·
818 3056 1034 3124 εἷταὼς
1084 3060 1181 3130 μία
1228 3058 1324 3112 τοῦ
1368 3058 1507 3130 μετὰ
1541 3057 1732 3112 ταῦτα.
1776 3057 1848 3111 Τὸ
1890 3058 1999 3130 γὰρ

413 3157 442 3202 ι’
473 3151 538 3221 δὴ
568 3151 794 3223 ὡςμία.
842 3152 953 3206 Καὶ
996 3150 1170 3215 οὕτως
1198 3150 1285 3204 ἀεέ
1304 3168 1316 3180 ο
1350 3148 1915 3222 ὲπιστημονικώτερον
1941 3150 1998 3203 δὲ

409 3230 535 3291 ὧδε.

2093 581 2287 622 casum
2314 566 2620 636 conspicua
2654 581 2797 621 nova
2830 564 2908 620 ﬁt.
2938 566 3088 626 ldus,
3121 565 3343 636 quando
3368 565 3481 635 jam
3518 566 3679 635 pleno

2092 659 2225 715 orbe
2256 657 2426 715 facies
2458 657 2756 714 formosior
2800 658 3164 728 conSpicilur.
3219 657 3329 713 Sed
3358 666 3542 713 tamen
3582 672 3681 727 po-

2092 759 2212 808 stea
2260 750 2451 812 etiam,
2484 752 2737 821 quamvis
2788 765 3008 808 menses
3055 750 3124 805 ad
3169 749 3342 805 solem
3366 738 3677 814 ’deducant,

2091 853 2308 913 tempus
2372 841 2628 897 similiter
2677 841 3017 908 dividentes,
3084 839 3400 906 Kalendas,
3453 839 3673 904 Nonas,

2091 934 2258 1001 ldus,
2317 934 2617 991 etiamnum
2673 942 2906 1001 vocant,
2966 932 3285 990 nominibus
3334 932 3674 989 abutentes:

2092 1028 2294 1098 quibus
2339 1034 2501 1081 antea
2534 1026 2603 1081 ad
2635 1025 2780 1080 lunae
2822 1040 3048 1081 cursum
3085 1024 3306 1094 proprie
3356 1023 3674 1080 utebantur.

2094 1114 2215 1172 Non
2247 1114 2415 1186 igitur
2445 1113 2743 1169 absurdum
2771 1113 2958 1180 fuerit,
2992 1114 3039 1169 si
3070 1129 3173 1170 nos
3206 1102 3427 1184 quoque
3459 1113 3677 1168 instan-

2096 1215 2203 1264 tem
2246 1214 2300 1263 et
2344 1206 2680 1277 praecipitem
2730 1205 3053 1272 dixerimus,
3115 1221 3224 1261 non
3270 1206 3339 1260 ad
3376 1206 3521 1261 lunae
3563 1222 3680 1260 am-

2096 1302 2265 1372 plius,
2294 1300 2391 1356 scd
2419 1299 2487 1354 ad
2516 1299 2651 1355 solis
2683 1298 3026 1354 curriculum
3057 1306 3304 1369 tempora
3339 1298 3676 1369 digerentcs.

2094 1392 2461 1465 Proportione
2512 1393 2701 1462 itaque
2736 1389 2878 1461 apud
2928 1405 3031 1447 nos
3069 1390 3425 1462 respondebit
3458 1403 3679 1446 neomeo

2096 1486 2188 1540 nia
2222 1482 2485 1540 Kalendis
2513 1480 2811 1548 Romanis;
2848 1482 3068 1537 instans
3100 1497 3254 1549 vero,
3292 1490 3347 1536 et
3386 1496 3554 1553 supra
3583 1479 3680 1535 dc-

2095 1590 2237 1640 cem,
2271 1581 2326 1631 et
2353 1589 2622 1646 praeceps,
2658 1588 2755 1629 seu
2786 1572 3069 1638 desinens,
3101 1573 3210 1629 illis
3240 1573 3458 1628 dicendi
3497 1571 3679 1627 modis

2096 1667 2329 1734 Latinis,
2365 1672 2512 1746 ante.
2528 1665 2738 1731 Nonas,
2767 1673 2895 1721 ante
2924 1666 3074 1730 ldus,
3111 1674 3238 1721 ante
3268 1665 3561 1723 Kalendas.
3606 1664 3680 1721 lit

2098 1776 2230 1817 vero
2263 1761 2429 1818 nobis.
2453 1777 2564 1817 non
2596 1762 2835 1831 amplius
2865 1778 3002 1818 usus
3029 1759 3259 1818 extremi
3299 1767 3355 1815 et
3389 1759 3574 1830 primi,
3599 1759 3681 1814 sic

2098 1869 2166 1909 ne
2196 1852 2461 1909 Romanis
2502 1853 2725 1923 quidem
2763 1855 3086 1919 interlunii;
3121 1852 3266 1909 diem
3305 1853 3452 1907 enim
3493 1851 3680 1920 (cuius

2096 1962 2228 2017 pars
2269 1946 2543 2001 desinenti
2577 1946 2779 2013 mensi,
2817 1960 2948 2018 pars
2974 1946 3262 2015 incipienti
3295 1944 3559 2015 competit
3586 1959 3676 1998 se—

2097 2040 2338 2096 cundum
2370 2040 2578 2111 lunam)
2617 2039 2850 2094 Romani
2890 2041 2965 2095 ita
2993 2048 3215 2095 vocant.
3250 2037 3373 2095 llaec
3408 2037 3574 2108 igitur
3599 2035 3682 2092 sic

2100 2137 2326 2201 accepta
2368 2130 2510 2187 bene
2562 2131 2788 2203 quidem
2846 2131 3104 2187 habeant.
3156 2128 3346 2201 Neque
3398 2143 3529 2184 vero
3591 2127 3681 2183 hic

2100 2238 2284 2279 sermo
2312 2224 2495 2294 privat
2526 2224 2719 2289 rudes,
2746 2231 2802 2280 et
2829 2224 3035 2281 idiotas
3067 2223 3280 2280 dierum
3310 2223 3456 2277 lunae
3492 2220 3683 2292 cogni-

2102 2316 2269 2379 tione,
2303 2324 2567 2388 quotnam
2592 2317 2808 2374 scilicet
2839 2315 3087 2389 quotidie
3115 2316 3247 2372 sint.
3283 2314 3511 2395 Multum
3535 2313 3684 2369 enim

2098 2409 2168 2465 ad
2195 2410 2251 2466 id
2278 2411 2541 2466 conducit
2564 2410 2781 2467 dierum
2812 2410 3014 2467 solaris
3043 2409 3255 2466 mensis
3283 2406 3513 2480 peritia;
3548 2404 3686 2461 faci-

2100 2501 2321 2573 liusque
2359 2509 2446 2558 est
2475 2517 2573 2558 eos
2613 2502 2734 2559 dies
2785 2502 2997 2573 epaclis
3046 2502 3331 2574 adjicienti
3360 2497 3683 2570 huiusmodi

2102 2595 2348 2651 lunarem
2376 2610 2669 2651 numerum
2698 2594 2966 2652 invenire.
3013 2595 3197 2667 Atque
3229 2596 3320 2651 hic
3346 2610 3455 2651 nou
3498 2593 3686 2664 requi-

2103 2688 2273 2745 renda
2302 2688 2523 2745 subtilis
2542 2698 2846 2759 exactaque
2879 2688 3185 2760 diligentia.
3219 2686 3436 2759 Epactte
3467 2687 3580 2743 sint
3600 2685 3681 2753 A;

2102 2798 2369 2838 numerus
2402 2782 2615 2838 dierum
2642 2782 2841 2840 solaris
2871 2782 3079 2838 mensis
3112 2781 3358 2838 seriatim
3393 2779 3685 2835 continua-

2104 2883 2287 2931 torum
2321 2876 2395 2932 sit
2424 2874 2506 2943 B;
2548 2891 2815 2932 numerus
2854 2876 3125 2932 mensium
3177 2874 3306 2928 anni
3340 2886 3686 2942 consequen-

2104 2969 2242 3022 tium
2275 2982 2305 3022 a
2345 2966 2542 3023 Martio
2571 2968 2793 3038 quidem
2842 2967 3160 3038 incipientis
3199 2966 3274 3032 C;
3314 2962 3586 3020 conﬂatus
3615 2978 3685 3017 ex

2104 3058 2169 3122 A,
2201 3057 2264 3123 B,
2294 3056 2335 3113 C
2369 3074 2663 3123 numerus,
2710 3059 2783 3115 sit
2821 3058 2898 3127 D;
2948 3075 3214 3115 numerus
3262 3057 3539 3114 excedens
3582 3055 3686 3110 tri-

2104 3150 2255 3221 ginta
2287 3150 2359 3206 sit
2387 3149 2467 3218 E;
2495 3166 2760 3208 excessus
2790 3152 2879 3207 ille
2906 3160 3132 3209 vocetur
3161 3149 3237 3217 F;
3270 3163 3536 3206 numerus
3569 3147 3684 3203 die-

2026 3236 2067 3292 C
2101 3256 2224 3296 rum
2270 3242 2413 3298 lunae
2458 3243 2920 3314 consequentium
2973 3246 3044 3298 sit
3084 3242 3153 3300 G.
3189 3242 3463 3299 Caeterum
3508 3239 3552 3293 D
3583 3238 3689 3295 erit

410 3335 592 3402 qualis
619 3334 685 3404 G,
724 3336 832 3392 nisi
869 3335 912 3390 E
960 3335 1034 3392 sit
1082 3334 1145 3391 Ι).
1202 3333 1361 3403 Quod
1416 3335 1463 3392 si
1512 3337 1604 3401 sit,
1638 3336 1680 3391 F
1746 3338 1853 3394 erit
1916 3339 2095 3410 qualis
2156 3337 2221 3392 Π.
2257 3339 2305 3394 A
2339 3355 2490 3403 vero,
2528 3341 2584 3396 id
2627 3350 2714 3397 est
2757 3348 3079 3413 epactarum
3120 3356 3358 3405 summa,
3427 3353 3690 3409 quaecun-

409 3441 518 3503 que
551 3429 645 3493 sit,
681 3428 949 3484 sumenda
982 3438 1087 3487 est.
1123 3431 1333 3487 Sufficit
1357 3432 1504 3489 enim
1537 3433 1703 3506 vulgo
1756 3433 1851 3488 illa
1904 3449 2249 3506 quaecunque
2288 3436 2381 3491 sit.
2418 3434 2560 3491 Sunt
2626 3436 2814 3508 itaque
2860 3438 3059 3509 viginti
3102 3446 3230 3493 octo
3277 3444 3485 3507 epacta:
3540 3448 3685 3506 prae-

411 3523 585 3579 sentis
632 3523 763 3578 anni
804 3539 835 3578 a
872 3539 1003 3580 vere
1049 3525 1387 3596 incipientis.
1427 3525 1632 3582 Verum
1670 3533 1978 3597 augeantur
2024 3543 2123 3597 per
2146 3528 2396 3599 singulos
2427 3544 2604 3585 annos
2640 3530 2896 3585 similiter
2942 3545 2974 3585 a
3006 3545 3131 3585 vere
3173 3530 3522 3588 inchoantes.
3584 3527 3689 3582 ad-

410 3619 620 3673 ditione
654 3615 931 3672 undecim.
967 3615 1033 3671 Et
1069 3618 1291 3688 quando
1332 3618 1421 3673 hic
1463 3633 1730 3675 numerus
1761 3619 1986 3689 triginta
2035 3620 2360 3690 excesserit,
2390 3630 2644 3677 sumatur
2673 3622 2765 3678 ille
2810 3638 3079 3679 excessus
3112 3624 3179 3677 A.
3220 3621 3285 3677 Et
3324 3622 3404 3677 sic
3470 3634 3690 3691 semper

412 3713 632 3786 augenti
671 3722 727 3769 et
792 3714 1087 3784 accipienti
1135 3714 1464 3770 sumendum
1521 3722 1608 3770 est
1668 3715 1736 3768 A.
1785 3713 1909 3769 Fiat
1977 3714 2189 3771 additio
2232 3714 2300 3770 Η.
2356 3717 2512 3773 Alter
2559 3732 2824 3774 excessus
2870 3718 2944 3775 sit
2984 3719 3028 3787 Ι,
3074 3718 3354 3774 additione
3399 3715 3467 3782 H,
3524 3715 3693 3772 simul

414 3816 630 3879 sumpta
679 3824 803 3864 cum
836 3808 905 3875 A,
938 3808 993 3863 id
1047 3816 1154 3875 est,
1205 3825 1331 3865 cum
1375 3810 1571 3881 viginti
1621 3818 1748 3867 octo
1790 3810 2000 3882 epactis
2040 3813 2329 3883 praesentis
2372 3813 2503 3868 anni
2558 3813 2638 3882 A,
2672 3830 3002 3871 excrescens
3047 3829 3259 3870 summa
3311 3813 3417 3870 erit
3479 3811 3692 3869 dierum

414 3915 608 3955 novem
643 3901 924 3971 sequentis
962 3903 1092 3956 anni
1123 3917 1153 3956 a
1181 3919 1311 3959 vere
1342 3903 1643 3959 inchoativi
1674 3924 1686 3959 :
1715 3914 1770 3961 et
1797 3920 1996 3962 rursus
2034 3905 2180 3962 facta
2213 3908 2513 3975 additione,
2550 3918 2715 3965 erunt
2741 3909 2935 3980 viginti
2970 3909 3132 3981 166
3190 3917 3398 3978 epaclm
3460 3920 3695 3977 sequen-

415 3994 488 4049 tis
540 3993 702 4060 anni;
749 3993 948 4049 deinde
999 4009 1108 4049 una
1158 4004 1349 4067 epacta
1390 3997 1523 4052 anni
1568 3997 1665 4069 qui
1707 4000 1989 4055 succedet.
2036 3999 2057 4053 Ι
2093 4000 2243 4058 enim
2270 4016 2534 4060 excessus
2561 4003 2840 4060 secundus
2874 4019 2983 4058 una
3014 4004 3285 4059 duntaxat
3340 4011 3531 4073 epacta
3587 4009 3692 4058 est.

417 4087 483 4142 Et
517 4088 591 4143 ita
619 4088 843 4145 assidue
868 4090 994 4157 ﬁat;
1035 4091 1268 4162 peritius
1298 4107 1431 4148 vero
1458 4094 1559 4150 sic.

843 4206 1099 4275 Εὕρεσις
1134 4206 1255 4261 τῶν
1281 4208 1575 4265 ἐπακτῶν.

488 4321 603 4387 lq'.
623 4319 912 4392 Διῃρήσθω
956 4320 1108 4393 παρὰ
1139 4323 1495 4377 ὲνεακαίδεκα
1519 4326 1588 4378 τὰ
1607 4324 1715 4379 ἀπὸ
1735 4325 2002 4394 γενέσεως

2590 4206 2832 4262 Iuventio
2854 4214 3182 4275 epactarum.

2180 4317 2321 4374 XVI.
2364 4317 2692 4373 Dividantur
2725 4316 2854 4370 anni
2881 4331 2911 4370 a
2937 4315 3107 4370 natali
3134 4314 3451 4371 Christiano
3474 4332 3571 4387 per
3596 4331 3697 4372 no-

417 4411 512 4465 τοῦ
551 4411 688 4465 Θεοῦ
730 4412 1051 4483 ἀπαγόμενα
1089 4413 1206 4483 ἐτη,
1239 4416 1877 4491 προσκειμένουτούτοις
1908 4417 2000 4471 καὶ

2109 4413 2434 4480 vemdecim,
2464 4412 2554 4468 his
2594 4426 2706 4467 uno
2750 4410 2926 4465 altero
2960 4424 3105 4463 anno
3146 4409 3312 4463 etiam
3350 4409 3558 4466 addito.
3599 4411 3698 4465 Su-

418 4503 538 4568 ὲνὸς
577 4501 659 4558 ἔτι
702 4503 890 4574 ἑτέρου
936 4502 1111 4568 ἔτους.
1166 4505 1527 4578 Εἰλήφθωσαν
1556 4507 1614 4561 δὲ
1642 4510 1700 4562 αἱ
1737 4509 1878 4581 ὑπὲρ
1905 4510 2008 4574 τὰς

417 4593 873 4662 ὲνεακαιδεκάδας
907 4595 1322 4666 περιττεύουσαι
1351 4598 1573 4670 ἡμέραι,
1609 4600 1703 4653 καὶ
1730 4600 2008 4655 πολυπλα-

424 4685 805 4758 σιασθήτωσαν
855 4687 949 4741 ἐπὶ
996 4686 1090 4743 τὸν
1148 4689 1372 4744 ἓνδεκα’
1415 4688 1534 4745 εἶτα
1577 4692 2006 4765 διαιρεθήτωσαν

422 4781 578 4851 παρὰ
636 4780 948 4851 τριᾶκοντα.
1001 4782 1067 4834 Αἱ
1117 4781 1229 4854 γὰρ
1288 4782 1430 4855 ὑπὲρ
1472 4783 1571 4847 τὰς
1616 4786 2007 4857 τριακοντάδας

420 4871 815 4938 πλεονάζουσαι
833 4872 896 4926 τὸ
921 4879 969 4927 α’
1011 4875 1068 4926 αἱ
1102 4875 1340 4928 ὲπακταί
1367 4878 1525 4930 εἰσιν.
1553 4870 1698 4942 Οῗον,
1729 4877 1875 4948 χίλια
1910 4877 2009 4948 μὲν

420 4966 515 5018 καὶ
541 4965 872 5036 τετρακόσια
907 4967 1002 5020 καλ¹
1042 4966 1412 5039 ἑϐδομήκοντα
1448 4965 1544 5020 νῦν
1583 4966 1653 5021 τὰ
1681 4968 1789 5022 ἀπὸ
1814 4968 2011 5038 Θεογο-

422 5056 540 5119 νίας
565 5054 690 5127 ἔτη.
727 5055 1083 5127 Προσκεὶσθω
1114 5056 1171 5110 δὲ
1199 5057 1411 5121 τούτοις
1456 5057 1552 5110 καὶ
1586 5057 1665 5111 ἓν.
1703 5057 2009 5129 Διαιρεθέν-

423 5166 529 5202 των
568 5149 635 5222 δὴ
680 5148 888 5202 τούτων
915 5147 1069 5220 παρὰ
1117 5148 1505 5205 ὲνεακαίδεκα.
1547 5148 1706 5218 δῆλον
1747 5150 1829 5201 ὅτι
1867 5148 2011 5201 ὀκτὼ

420 5240 475 5290 αἱ
512 5237 927 5303 πλεονάζουσαι.
973 5238 1298 5310 Ληφθεισῶν
1324 5240 1392 5293 «δὲ
1432 5238 1541 5293 τῶν
1586 5238 1731 5305 ρκτὼ
1782 5239 1875 5293 ἐπὶ
1918 5240 2011 5294 τὸν

420 5327 635 5393 ἕνδεκα,
671 5329 1003 5401 ὀγδοήκοντα
1033 5331 1127 5385 καὶ
1157 5329 1302 5384 ὀκτὼ
1335 5330 1544 5399 γίνεται
1582 5331 1643 5384 τὸ
1676 5333 1741 5385 ἐκ
1782 5331 2007 5385 τούτων.

420 5420 796 5494 Διαιρεθέντος
826 5422 871 5475 δ’
898 5418 964 5477 αὖ
990 5423 1180 5477 τούτου
1213 5425 1293 5486 εἰς
1319 5423 1731 5494 τριακοντάδας,
1761 5424 1822 5477 τὸ
1849 5424 2009 5477 πλεο-

419 5515 583 5579 νάζον
612 5514 764 5569 ἔσται
793 5515 966 5569 εἰκοσι
995 5517 1090 5570 καὶ
1125 5517 1290 5570 ὀκτώ.
1322 5516 1495 5570 Τοῦτο
1530 5516 1577 5569 δ’
1617 5512 1687 5587 ἧν
1714 5522 1763 5569 α’
1791 5517 1885 5570 τοῦ
1917 5518 2012 5572 νῦν

418 5607 693 5680 παρόντος
725 5608 974 5662 ἐνιαυτοῦ
992 5625 1006 5640 ·
1039 5609 1303 5678 ἀνάλογον
1329 5609 1386 5663 δὲ
1415 5610 1509 5663 καὶ
1538 5609 1600 5663 τὸ
1627 5609 1810 5662 λοιπὸν
1838 5611 1947 5663 αἰεὶ
1975 5612 2007 5682 ἡ

417 5698 637 5771 εὕρεσις
661 5699 815 5755 ἔσται
840 5700 938 5754 τοῦ
966 5707 1038 5755 α’.
1074 5700 1245 5755 Πάλιν
1280 5701 1345 5772 δὴ
1384 5702 1480 5754 καὶ
1516 5700 1660 5754 οὕτω
1692 5701 1929 5755 λαϐόντα
1952 5702 2012 5755 τὸ

422 5791 845 5865 α’,’προσθετέον
874 5793 1021 5866 αὐτῷ
1045 5793 1106 5848 τὸ
1132 5793 1178 5865 β’
1213 5794 1306 5849 καὶ
1333 5800 1402 5863 γ”
1460 5794 1520 5848 τό
1557 5810 1613 5848 τε
1650 5792 1865 5848 σύνολον
1886 5793 1943 5847 τὸ
1971 5793 2010 5846 δ’

2109 4514 2335 4560 mantur
2360 4518 2492 4561 vero
2528 4503 2670 4567 dies,
2704 4502 2800 4573 qui
2830 4517 2897 4557 ex
2936 4515 3001 4555 ea
3031 4500 3305 4556 divisione
3337 4499 3479 4571 (quae
3504 4502 3565 4555 lit
3596 4516 3700 4571 per

2112 4597 2515 4669 novemdecim)
2576 4602 2909 4666 supererunt
2955 4612 2971 4649 :
3009 4601 3065 4648 et
3108 4592 3552 4663 multiplicentur
3600 4608 3700 4662 per

2111 4688 2393 4754 undecim,
2417 4686 2616 4742 deinde
2641 4685 2960 4742 dividantur
2990 4700 3088 4754 per
3133 4682 3380 4754 triginta.
3415 4681 3519 4751 Qui
3550 4692 3700 4738 certe

2112 4795 2281 4850 supra
2335 4778 2649 4834 tricesimas
2706 4778 2830 4832 illas
2873 4777 2993 4831 dies
3037 4775 3425 4842 remanebunt,
3481 4785 3610 4831 sunt
3654 4773 3701 4834 Α

2112 4881 2339 4942 epacta}.
2366 4870 2533 4926 Verbi
2557 4869 2757 4942 gratia,
2781 4884 2931 4923 nunc
2963 4883 2992 4922 a
3024 4868 3195 4923 natali
3230 4868 3548 4924 Christiano
3573 4878 3702 4926 sunt

2112 4964 2265 5018 mille
2294 4961 2686 5033 quadringenti
2713 4958 3067 5031 septuaginta
3094 4958 3249 5011 anni.
3277 4957 3592 5028 Adjiciatur
3615 4957 3702 5012 his

2114 5072 2278 5111 unus.
2326 5054 2426 5110 His
2460 5070 2591 5126 ergo
2629 5068 2728 5124 per
2772 5050 3152 5107 novemdecim
3188 5050 3528 5113 distributis,
3579 5065 3704 5105 cer-

2112 5158 2229 5205 tum
2260 5156 2346 5204 est
2390 5157 2519 5202 octo
2562 5160 2846 5216 superare.
2882 5142 3132 5214 Sumptis
3172 5158 3305 5199 vero
3334 5143 3423 5197 his
3463 5150 3610 5207 octo,
3649 5152 3705 5199 et

2113 5254 2211 5308 per
2246 5236 2502 5291 undecim
2549 5234 2953 5305 multiplicatis,
2981 5234 3078 5304 qui
3109 5232 3400 5288 conﬁcitur
3440 5232 3566 5288 inde
3602 5250 3707 5289 nu-

2114 5345 2324 5394 merus,
2357 5328 2607 5384 continet
2628 5327 2912 5398 octoginta
2945 5335 3089 5382 octo.
3128 5325 3496 5388 Hoorursum
3526 5326 3707 5382 diviso

2116 5439 2212 5493 per
2241 5423 2488 5494 triginta,
2524 5436 2828 5477 excurrens
2858 5435 3073 5475 summa
3104 5420 3253 5490 capit
3275 5419 3702 5491 duodetriginta.

2115 5518 2171 5572 Id
2215 5524 2396 5571 autem
2441 5525 2529 5571 est
2558 5514 2605 5569 Α
2639 5523 2831 5583 epacta
2878 5513 3167 5583 praesentis
3212 5512 3344 5566 anni
3379 5532 3391 5565 :
3425 5513 3707 5576 similique

2116 5609 2329 5663 ratione
2360 5608 2414 5662 in
2455 5615 2738 5677 posterum
2783 5606 2889 5662 erit
2939 5615 3257 5675 cpaclarum
3291 5604 3558 5659 inventio.
3605 5603 3698 5659 Sic

2120 5702 2290 5769 igitur
2313 5700 2512 5755 iterum
2547 5699 2784 5769 sumptis
2811 5699 3043 5769 epactis,
3068 5697 3113 5749 A
3136 5696 3370 5759 scilicet,
3407 5696 3708 5767 adjiciatur

2122 5803 2176 5848 et
2208 5792 2267 5860 Β,
2305 5792 2449 5859 etC,
2480 5798 2596 5848 tum
2622 5790 2704 5847 D:
2741 5806 2954 5848 summa
3003 5806 3067 5846 ex
3104 5789 3172 5845 iis
3206 5787 3438 5845 conﬂata
3476 5788 3708 5847 dicenda
