4112 6440
436 422 573 482 1207

1455 423 1548 479 AD
1588 422 1856 482 EUSEBII
1882 422 2279 482 CHRONICON
2307 423 2668 483 APPENDIX.

3555 427 3580 482 l
3590 427 3694 483 9.08

430 551 513 596 est
551 538 619 604 G,
653 535 757 593 nisi
788 537 1088 594 excesserit
1127 537 1374 610 triginta.
1423 537 1560 594 Nam
1608 542 1653 597 si
1685 542 2006 607 excesserit,

2115 543 2307 615 ῥητέον
2335 539 2475 600 εἶναι
2504 545 2569 597 τὸ
2597 550 2672 616 η’,
2702 542 2800 598 ἐὰν
2845 543 2920 616 μὴ
2953 545 3194 619 ὑπερέχῃ
3230 543 3338 599 τῶν
3374 545 3690 616 τριάκοντα.

433 633 522 688 hic
571 646 833 688 excessus
891 633 997 685 erit
1053 630 1342 688 dicendus.
1389 631 1577 704 Neque
1630 651 1760 690 vero
1817 637 2011 690 horum

431 723 729 796 quidquam
750 723 905 779 festis
925 723 1122 780 diebus
1148 725 1542 794 impedimento
1557 735 1661 782 est.
1683 729 1842 782 Anno
1866 729 2011 782 enim

431 822 548 870 toto
572 817 625 868 in
659 814 798 870 duas
821 817 1292 886 etquinquaginta
1326 817 1665 887 septimanas
1688 818 2009 883 distributo,

431 922 498 961 ex
522 915 762 977 quatuor
801 907 1127 974 septimanis
1154 908 1356 978 singuli
1386 924 1602 964 menses
1635 925 1664 962 a
1694 911 1854 965 nobis
1878 926 2014 964 con-

432 999 810 1060 stituerentur,
843 1007 897 1051 et
925 1007 1124 1068 praeter
1164 999 1214 1053 id
1250 1001 1460 1054 muneri
1492 1009 1732 1070 quatuor
1759 1000 1878 1055 dies
1910 1001 2012 1054 ha-

433 1090 638 1146 bebunt
690 1090 1104 1152 sanctissimos,
1163 1091 1411 1161 singulos
1459 1107 1556 1162 per
1608 1094 2006 1160 septimanam:

432 1183 539 1237 nisi
575 1183 620 1237 si
655 1181 796 1237 forte
839 1189 1245 1239 antevertentes
1295 1183 1462 1254 aliqui
1511 1199 1539 1238 a
1595 1183 1881 1241 Dominico
1921 1186 2012 1242 die

431 1277 718 1347 incipiant,
751 1277 834 1331 vel
870 1275 1082 1330 tardius
1125 1276 1445 1332 incedentes
1473 1276 1616 1332 intra
1656 1278 1890 1332 mediam
1922 1293 1999 1335 se-

429 1371 754 1442 ptimamm.
803 1369 875 1422 At
925 1370 1132 1424 mensis
1187 1367 1467 1426 Plethonis
1527 1386 1625 1426 sex
1672 1370 1842 1425 festos
1889 1371 2009 1426 dies

433 1465 750 1528 continens,
779 1461 955 1518 aufert
993 1463 1114 1533 plus
1141 1462 1297 1532 justo
1327 1463 1764 1518 necessariorum
1799 1463 2007 1518 civitati

429 1570 678 1626 operum.
717 1553 946 1624 Ignaros
989 1553 1136 1608 enim
1170 1561 1332 1623 atque
1369 1553 1573 1607 inertes
1620 1567 1743 1606 esse
1781 1566 2010 1607 necesse

427 1655 512 1702 est
540 1661 656 1708 eos.
693 1645 788 1716 qui
830 1643 969 1699 festa
1023 1645 1255 1714 agitant.
1304 1640 1370 1695 Et
1419 1635 1580 1696 sifnnl
1627 1650 1740 1697 tres
1778 1640 1896 1695 dies
1929 1639 2010 1695 fe-

428 1747 546 1795 stos
585 1752 708 1793 esse
739 1734 998 1805 deinceps
1022 1751 1088 1788 ex
1121 1733 1402 1788 Plethonis
1432 1732 1780 1788 institutione
1815 1746 2011 1788 usuve-

427 1830 512 1886 nit
545 1848 558 1885 :
588 1828 796 1885 mensis
840 1828 1060 1899 quidem
1117 1826 1367 1880 ultimum
1400 1825 1584 1896 (quem
1622 1833 1861 1880 veterem
1901 1840 2004 1879 vo-

2130 637 2254 691 Ἑάν
2281 635 2326 690 δ’
2357 637 2620 710 ὑπερέχῃ,
2651 637 2748 710 τὴν
2783 635 3054 710 ὑπεροχὴν
3091 633 3230 691 εἶναι
3251 637 3488 692 λεκτέον.
3534 639 3692 692 Ἀλλά

2117 725 2224 797 μὴν
2253 725 2374 778 οὐδὲ
2404 728 2522 790 ταῖς
2559 726 2895 798 ἱερομηνίαις
2925 726 3175 798 ἐμποδὼν
3212 727 3534 782 καθίσταται
3567 728 3692 783 τού-

2112 835 2221 871 των
2250 818 2426 872 ούθέν.
2459 817 2564 872 Τοῦ
2597 819 2706 892 γάρ
2736 819 2857 874 ὅλου
2909 820 3156 875 ἐνιαυτοῦ
3199 821 3574 893 διαιρουμένου
3609 823 3685 886 είς

2113 911 2452 981 πεντήκοντα
2486 912 2581 966 καὶ
2626 911 2718 966 δύο
2760 914 3015 978 ἑπτάδας,
3064 915 3130 968 ὲκ
3169 916 3446 988 τεττάρων
3482 915 3546 986 δὴ
3595 916 3686 969 καὶ

2112 1004 2245 1074 ἡμῖν
2281 1004 2389 1059 τῶν
2443 1005 2630 1076 μηνῶν
2672 1007 2897 1071 ἕκαστος
2941 1007 3092 1061 ἔσται
3133 1007 3397 1073 ἑπτάδων,
3447 1008 3550 1073 ἔξω
3578 1009 3686 1061 τῶν

2096 1096 2504 1169 ’ὑπεραρίθμων
2547 1116 2611 1169 γε
2661 1100 2922 1171 ἡμερῶν·
2971 1101 3066 1154 καὶ
3120 1101 3382 1174 τέτταρας
3432 1101 3542 1168 ἕξει
3585 1101 3685 1164 τὰς

2113 1191 2421 1260 ἁγιωτάτας
2453 1192 2562 1246 τῶν
2600 1193 2923 1265 ἱεῳμηνιῶν
2959 1194 3027 1248 δι’
3075 1194 3307 1266 ἑϐδόμης
3351 1195 3508 1265 μίαν⁸
3545 1192 3684 1264 πλὴν

2111 1285 2160 1337 εί
2198 1283 2307 1355 ἄρα
2335 1283 2444 1339 ἀπὸ
2478 1285 2674 1357 κυρίας
2704 1287 2922 1358 ἄρχοιτο
2951 1286 3250 1358 πρπερῶν,
3289 1287 3323 1356 ἢ
3363 1285 3562 1358 μεταξὺ
3584 1285 3684 1356 τῆς

2111 1374 2340 1437 ἑπτάδος
2368 1391 2471 1428 που
2500 1375 2762 1448 ὑστερῶν.
2804 1377 2899 1444 Ἓξ
2923 1377 2981 1431 δὲ
3020 1378 3050 1430 ὁ
3090 1378 3183 1431 τοῦ
3210 1376 3493 1448 Πλήθωνος
3521 1376 3680 1446 ἔχων,

2111 1466 2270 1522 πλέον
2319 1485 2372 1521 τι
2427 1467 2522 1522 τοῦ
2580 1469 2790 1534 δέοντος
2850 1470 3163 1542 ἀφαιρεῖται
3208 1469 3314 1523 τῶν
3374 1469 3682 1536 ἀναγκαίων

2108 1557 2284 1631 ἔργων
2312 1563 2376 1631 τῇ
2409 1561 2581 1614 πόλει.
2625 1561 2841 1633 Ἀργεῖν
2881 1561 2990 1634 γὰρ
3027 1561 3238 1630 ἀνάγκη
3284 1560 3410 1624 τοὺς
3455 1559 3684 1628 ἄγοντας

2111 1650 2446 1722 ἱερομηνίαν.
2485 1653 2595 1706 Καὶ
2625 1651 2742 1723 ἅμα
2769 1655 2916 1723 τρετς
2954 1651 3151 1722 ἐφεξῆς
3191 1650 3502 1724 ἱερομηνίας
3540 1666 3680 1719 συμ-

2109 1739 2280 1793 ϐαίνει
2315 1741 2617 1794 ποιεῖσθαι·
2672 1741 2800 1813 ἕνην
2843 1741 2942 1813 μὲν
2987 1741 3286 1795 Πλούτωνι⁶
3329 1739 3457 1810 ἔνην
3491 1738 3550 1792 δὲ
3587 1738 3682 1791 καὶ

2109 1832 2234 1887 νέαν
2265 1834 2357 1887 ἐπὶ
2391 1836 2457 1905 τῇ
2489 1831 2694 1888 ἑαυτῶν
2719 1833 3030 1902 ἐπισκέψει·
3062 1831 3352 1903 νουμηνίαν
3377 1831 3432 1884 δὲ
3469 1829 3546 1900 τῷ
3575 1828 3678 1882 Διί.

429 1923 538 1993 cat)
560 1919 783 1976 Plutoni
818 1894 1100 1986 :vetcrem
1134 1926 1189 1974 et
1231 1894 1456 1982 novum,
1480 1917 1532 1972 id
1574 1927 1680 1980 est,
1711 1917 2010 1971 intermen-

2114 1925 2282 1979 Τοῦτο
2311 1925 2368 1979 δὲ
2399 1894 2703 1997 προσκορές
2723 1924 2788 1979 ἀν
2816 1925 2902 1995 εἴη
2927 1894 3088 1977 ὀὕτω
3117 1894 3428 1994 συμϐαῖνον.
3461 1894 3680 1973 Βέλτιον

429 2025 644 2070 struum
669 2014 756 2070 sui
791 2013 1064 2083 cujusque
1093 2011 1456 2081 reeognitioni
1485 2031 1498 2064 :
1537 2011 1879 2064 novilunium
1912 2025 2010 2064 au-

431 2115 538 2162 tem
586 2103 726 2161 Jovi.
777 2102 980 2158 Verum
1031 2103 1083 2157 id
1132 2103 1206 2156 ita
1255 2104 1478 2158 evenire
1522 2101 1866 2156 fastidiosum
1915 2103 2007 2157 sit.

433 2199 619 2270 Itaque
647 2214 744 2269 per
778 2196 1242 2251 intermissionem
1275 2211 1436 2265 agere
1467 2194 1676 2264 (eorum
1713 2197 1856 2249 enim
1889 2210 2011 2264 qua:

431 2292 724 2348 intervallo
759 2288 918 2351 ﬁunt,
943 2289 988 2343 si
1018 2288 1260 2356 jucunda
1287 2286 1506 2356 quidem
1537 2295 1688 2348 sunt,
1710 2286 2010 2355 jucundior

429 2391 516 2440 est
567 2397 763 2437 sensus
803 2380 934 2434 :sin
987 2388 1169 2433 autem
1224 2377 1477 2436 molesta,
1523 2375 1908 2444 tolerabilior),
1955 2382 2010 2430 et

431 2490 596 2546 quam
665 2471 1036 2545 paucissimas
1095 2469 1262 2524 ferias
1322 2469 1602 2522 celebrare
1658 2468 1856 2536 melius
1915 2465 2005 2522 sit.

435 2565 612 2622 Unum
668 2563 815 2618 enim
877 2561 982 2617 hoc
1033 2560 1195 2615 civile
1245 2560 1556 2614 institutum
1614 2558 2006 2628 perniciosum,

433 2654 636 2709 multas
672 2651 884 2707 scilicet
917 2665 1079 2721 agere
1108 2669 1119 2704 :
1147 2664 1212 2704 ac
1244 2649 1460 2718 signum
1498 2656 1581 2702 est
1625 2663 1733 2700 non
1767 2649 2008 2716 pietatis,

432 2746 528 2801 sed
562 2746 883 2817 voluptatis.
926 2743 1197 2798 Caeterum
1239 2741 1334 2808 qui
1383 2739 1502 2793 dies
1548 2741 1724 2794 forent
1766 2739 2010 2793 celebres

433 2839 741 2909 ferialique,
775 2831 1027 2890 Plethoni
1066 2831 1286 2904 quidem
1324 2848 1431 2886 non
1476 2838 1592 2886 erat
1633 2830 1893 2884 indecens
1931 2845 2013 2884 re-

431 2946 681 2995 censere,
718 2935 778 2983 ut
809 2927 900 2999 qui
937 2927 1076 2980 alios
1107 2926 1224 2980 dies
1250 2924 1440 2988 festos,
1473 2938 1636 2992 quam
1668 2923 1764 2992 qui
1795 2938 1824 2976 a
1853 2923 2010 2976 nobis

431 3019 636 3090 recepti
665 3019 799 3086 sint,
827 3017 1150 3072 constituat.
1183 3014 1352 3069 Nobis
1383 3030 1510 3068 vero
1539 3012 1593 3068 id
1622 3013 1847 3067 minime
1872 3027 2011 3082 Opus

431 3124 516 3171 est
545 3135 559 3170 :
587 3128 711 3169 cum
744 3111 923 3168 dehis
950 3111 1004 3164 in
1034 3107 1324 3180 prmsentia
1365 3121 1548 3161 sermo
1577 3113 1867 3184 susceptus
1899 3120 2009 3158 non

431 3208 524 3263 sit.
568 3204 704 3260 Nam
755 3212 962 3258 certum
1017 3211 1124 3262 est,
1161 3199 1386 3254 Christo
1434 3198 1741 3269 resurgenti
1785 3197 2010 3253 rituales

429 3307 483 3354 et
508 3296 784 3370 legitimos
813 3301 1050 3364 quatuor
1083 3291 1201 3347 dies
1240 3306 1483 3344 mensem
1521 3290 1818 3360 quemlibet
1847 3288 2007 3343 habi-

429 3400 636 3446 turum.
671 3385 1027 3444 Commodius
1053 3385 1220 3448 enim,
1246 3399 1410 3453 quam
1438 3399 1734 3453 possumus
1781 3384 2008 3438 minimo

429 3498 518 3538 res
547 3479 763 3535 divinas
789 3476 1136 3532 contrahere.
1167 3473 1237 3527 At
1270 3472 1414 3528 diem
1448 3472 1650 3527 festum
1685 3472 1845 3526 nobis
1876 3473 2010 3543 ipsis

428 3572 742 3645 spectandis
793 3569 1026 3640 singulis
1079 3565 1364 3621 mensibus
1411 3563 1915 3635 prmscribcndum,
1956 3571 2010 3620 et

428 3680 612 3722 rerum
655 3678 687 3718 a
726 3661 887 3718 nobis
924 3668 1268 3732 patratarum
1318 3658 1712 3728 inspectionem
1753 3657 1921 3712 semel
1955 3657 2009 3711 in

427 3774 619 3815 mense
663 3755 990 3818 faciendam,
1037 3759 1099 3808 ut
1133 3760 1322 3808 censet
1362 3750 1613 3816 Plethon,
1659 3766 1761 3805 nos
1790 3751 2010 3822 quidem

427 3863 711 3920 negamus.
753 3843 957 3902 Verum
987 3844 1135 3914 pium
1165 3850 1527 3913 sanctumque
1559 3842 1632 3896 sit
1662 3841 1715 3895 id
1740 3839 2008 3911 quotidie,

427 3941 629 3998 nedum
660 3939 832 4004 feriis,
863 3937 1116 4001 actitare,
1145 3943 1310 3989 nocte
1331 3935 1545 3989 scilicet
1573 3950 1602 3988 a
1631 3949 1826 3990 somno
1863 3931 2012 3988 sulli-

427 4033 618 4098 cienti,
655 4038 711 4086 et
739 4029 849 4085 cibi
880 4027 1242 4084 concoctione
1275 4026 1472 4096 prima,
1508 4025 1796 4080 nobiscum
1840 4041 2012 4095 repu—

428 4132 628 4190 tantes,
667 4121 928 4194 quidnam
963 4120 1166 4192 piaculi
1197 4118 1376 4188 pridie
1409 4116 1710 4174 admissum
1743 4119 1838 4182 sit,
1863 4118 2011 4189 quod

427 4217 707 4289 expiatum
747 4215 814 4270 iri
844 4221 1095 4284 oporteat
1125 4211 1389 4284 postridie
1415 4232 1427 4267 :
1453 4221 1571 4266 tum
1602 4212 1708 4266 hoc
1735 4212 1918 4289 statim
1944 4213 2014 4268 ab

2109 2013 2202 2072 οὖν
2228 2017 2597 2082 διαλείποντας
2637 2019 2790 2086 ἄγειν
2836 2018 2964 2090 (τῶν
2998 2017 3106 2087 γὰρ
3165 2017 3230 2068 ἐκ
3259 2013 3682 2083 διαλειμμάτων,

2111 2107 2279 2177 ἡδέων
2327 2107 2426 2179 μὲν
2469 2107 2658 2172 ὄντων,
2703 2106 2864 2178 ἡδίων
2904 2110 2936 2179 ἡ
2991 2107 3259 2178 αἴσθησις,
3305 2104 3558 2175 λυπηρῶν
3599 2102 3677 2166 δὲ,

2109 2196 2558 2268 εύφορητοτέρα·)
2586 2197 2771 2265 ὀλίγας
2799 2215 2856 2250 τε
2882 2196 2958 2262 ὡς
2992 2196 3070 2250 ἔνι
3119 2195 3349 2267 μάλιστα
3380 2194 3530 2260 ἄγειν
3564 2193 3684 2262 ἐορ-

2111 2289 2207 2353 “ei;
2227 2306 2239 2320 '
2281 2289 2339 2342 ἓν
2369 2289 2477 2362 γὰρ
2503 2290 2609 2342 τῶν
2641 2289 2859 2360 φαύλων
2908 2289 3312 2360 πολιτευμάτων
3351 2285 3466 2338 ἐστὶ
3504 2283 3596 2336 καὶ
3622 2281 3683 2334 τὸ

2111 2383 2308 2447 πολλὰς
2341 2384 2494 2452 ἄγειν
2517 2401 2530 2412 ·
2563 2385 2658 2437 καὶ
2685 2385 2908 2453 σημεῖον
2941 2383 3002 2436 οὐ
3042 2381 3364 2444 Οεοσεϐείας,
3401 2376 3534 2432 ἀλλὰ
3557 2393 3682 2446 τρυν

2111 2474 2390 2544 φῆςέστι.
2442 2473 2600 2537 Τίνες
2645 2473 2690 2525 δ’
2729 2471 2793 2524 ἂν
2839 2472 3026 2543 εἴησαν
3061 2468 3389 2544 ἱερομηνίαι,
3435 2465 3681 2532 Πλήθωνι

2113 2566 2211 2637 μὲν
2245 2566 2484 2636 ἥρμοττε
2520 2566 2706 2633 φάναι,
2725 2565 2800 2627 ὡς
2825 2563 2888 2635 δή
2917 2580 3068 2626 τινας
3102 2562 3290 2632 ἐτέρας
3311 2559 3417 2612 τῶν
3443 2559 3572 2628 ἡμῖν
3597 2571 3684 2608 νο-

2114 2655 2418 2729 μιζομένων
2451 2656 2862 2728 νομοθετοῦντι·
2905 2657 3036 2727 ἡμῖν
3068 2655 3123 2708 δὲ
3153 2655 3352 2724 ἣκιστα
3377 2651 3475 2714 δεῖ,
3510 2648 3680 2710 ἄλλως

2108 2767 2168 2802 τε
2194 2751 2288 2803 καὶ
2337 2749 2411 2822 μὴ
2459 2749 2586 2822 περὶ
2613 2749 2802 2802 τούτου
2851 2749 2946 2803 νῦν
2985 2751 3134 2812 ὄντος
3171 2746 3262 2800 τοῦ
3301 2745 3479 2813 λόγου.
3516 2743 3686 2808 Δῆλον

2109 2842 2218 2913 γὰρ
2260 2843 2341 2896 ὃτι
2377 2841 2477 2906 τὰς
2520 2840 2876 2914 νομιζομένας
2915 2842 3176 2912 τέτταρας
3213 2839 3323 2902 ἕξει
3355 2837 3460 2890 τῶν
3498 2833 3684 2906 μηνῶν

2109 2933 2336 2996 ἕκαστος
2381 2933 2500 3004 Θεῷ
2543 2933 2622 3005 τῷ
2667 2933 2814 3005 αὐτῷ
2843 2933 3152 2988 ἀναστάντι.
3186 2933 3438 3000 ’Ἄμεινον
3465 2927 3572 2997 γὰρ
3604 2927 3684 2989 εἱς

2119 3025 2326 3078 ἐλάττω
2353 3026 2428 3088 ὡς
2457 3026 2522 3079 ἂν
2555 3025 2788 3095 μάλιστα
2881 3027 3150 3096 συναιρεῖν
3175 3021 3240 3074 τὰ
3267 3020 3394 3089 περὶ
3421 3017 3480 3070 τὸ
3507 3017 3678 3068 Θεῖον.

2112 3115 2190 3186 Τῇ
2225 3116 2269 3169 δ’
2303 3115 2457 3188 ἡμῶν
2489 3115 2670 3170 αὐτῶν
2705 3116 2990 3186 ἐπισκέψει
3030 3112 3338 3186 ἱερομηνίαν
3375 3105 3685 3182 ὁρίσαιάνά

2112 3209 2339 3262 ἕκαστον
2366 3209 2530 3281 μῆνα,
2562 3211 2656 3264 καὶ
2683 3209 2828 3276 ἅπαξ
2860 3207 2954 3262 τοῦ
2997 3206 3162 3279 μηνὸς
3207 3201 3488 3270 ἐπίσκεψιν
3518 3199 3684 3251 ποιεῖ-

2119 3304 2241 3356 σοαι
2268 3303 2376 3356 τῶν
2405 3304 2811 3375 πεπραγμένων
2854 3304 3006 3374 ἡμῖν,
3039 3299 3112 3364 ὡς
3147 3298 3285 3362 ἀξιοῖ
3314 3293 3560 3366 Πλήθων,
3586 3291 3685 3360 οὐχ

2113 3397 2275 3466 ἡμεῖς
2307 3393 2371 3463 γέ
2411 3411 2590 3464 φαμεν
2613 3411 2627 3424 ⁶
2685 3392 2822 3448 ἀλλὰ
2857 3391 2979 3446 καθ’
3007 3389 3218 3461 ἡμέραν
3259 3385 3491 3454 ἑκάστην
3531 3380 3687 3434 τοῦτο

2117 3487 2388 3542 ποιεῖσθαι
2412 3488 2538 3542 ἄνευ
2571 3485 2906 3559 ἱερομηνίας,
2937 3483 3154 3551 νύκτωρ
3185 3478 3276 3532 ἐπὶ
3314 3477 3464 3546 ὕπνῳ
3496 3471 3686 3542 ἱκανῷ,

2119 3581 2212 3634 καὶ
2243 3584 2448 3652 τροφῆς
2476 3579 2639 3650 πέψει
2677 3581 2742 3649 τῇ
2779 3577 2970 3650 πρώτῃ
3009 3568 3486 3641 ἀναλογιζομένους
3518 3565 3569 3618 τί
3592 3564 3685 3635 δή·

2118 3687 2248 3725 ποτε
2279 3671 2620 3744 πεπραχότες
2645 3673 2710 3741 τῇ
2742 3667 3042 3741 προτεραίᾳ
3084 3663 3278 3735 ἐσμέν·
3307 3661 3406 3716 κάν
3433 3676 3486 3711 τι
3585 3671 3683 3708 πε-

2119 3763 2608 3834 πλημμελημένον,
2643 3761 2812 3814 ἓωοεν
2853 3759 3034 3824 εὐθὺς,
3178 3755 3342 3816 ὅσιον,
3377 3747 3686 3820 ἐπανορθω-

2121 3855 2392 3926 σαμένων,
2433 3854 2628 3922 λογίων
2673 3849 2977 3926 ἀκροᾶσθαι
3029 3843 3392 3918 καοαρτικῶν,
3448 3842 3541 3894 καὶ
3589 3841 3685 3892 ὲπ-

2118 3943 2288 4008 όπτας
2317 3944 2426 3998 τῶν
2465 3944 2784 4012 ἁγιωτάτων
2815 3941 2976 4014 ἱερῶν
3019 3937 3360 4010 γενομένους.
3405 3933 3605 3986 Ἐνίοτε
3629 3929 3685 3982 δὲ

2123 4035 2286 4106 μοίρᾳ
2315 4034 2491 4106 ἀγαθῇ
2512 4035 2602 4086 καὶ
2622 4032 2716 4087 τοῦ
2745 4031 2808 4086 Θύ
2816 4047 2981 4104 ματος
3006 4027 3392 4099 γευσαμένους,
3416 4025 3502 4078 ἐπ’
3527 4021 3684 4094 ἔργον

2121 4127 2448 4197 πορεύεσθαι
2473 4127 2580 4180 ἀπὸ
2601 4122 2856 4196 τοιαύτης
2885 4123 3076 4195 ἀρχῆς.
3108 4119 3265 4174 Ἀλλὰ
3292 4118 3418 4189 περὶ
3445 4115 3544 4187 μὲν
3565 4111 3683 4167 τού-

2119 4234 2226 4270 των
2253 4219 2312 4270 ὲν
2344 4218 2542 4282 ἄλλοις.

430 4325 627 4367 aurora
657 4318 928 4373 correcto,
959 4309 1184 4378 puritica
1221 4305 1632 4375 piaculariaque
1663 4293 1894 4359 oracula.
1946 4309 2296 4373 auscultare,
2357 4311 2641 4380 factusque
2689 4305 3160 4362 sanctissimorum
3218 4313 3500 4358 sacrorum
3563 4310 3685 4366 spc-

428 4412 689 4468 ctatores,
729 4409 786 4458 et
847 4401 1009 4458 bonis
1052 4401 1326 4457 interdum
1367 4400 1562 4456 avibus
1605 4399 1700 4454 illo
1744 4400 2039 4466 sacrificio,
2107 4403 2502 4474 sanctiﬁcaque
2551 4406 2733 4459 hostia
2777 4401 3033 4463 delibata,
3079 4413 3110 4451 a
3155 4395 3248 4451 tali
3305 4391 3572 4464 principio
3616 4387 3687 4442 ad

427 4511 624 4570 operas
652 4503 876 4552 nostras
907 4495 1078 4550 abire.
1111 4493 1218 4550 Sed
1249 4493 1318 4550 de
1346 4493 1434 4549 his
1463 4494 1619 4549 alias.

611 4639 888 4706 Quomodo
901 4640 1210 4710 septimana:
1229 4638 1340 4695 dies
1361 4648 1483 4694 sunt
1505 4639 1836 4696 numerandi.

497 4751 665 4810 XVII.
697 4752 859 4809 'Licet
888 4769 1020 4810 veru
1051 4753 1374 4824 septimana:
1405 4753 1523 4808 dies
1567 4769 1883 4816 numerare,
1925 4753 2008 4808 vel

433 4854 491 4902 ut
528 4846 703 4902 Graeci
733 4845 898 4917 hujus
947 4847 1146 4910 :etatis,
1193 4847 1430 4916 primum
1471 4845 1616 4899 diem
1669 4843 2008 4900 Dontinieum

429 4945 690 4996 vocantes
722 4957 734 4992 :
765 4937 1069 4995 secundum
1099 4955 1252 5001 vero,
1287 4937 1338 4992 id
1379 4937 1524 5008 quod
1567 4933 1751 4991 revera
1787 4945 1893 5000 cst,
1927 4955 2014 4994 se-

431 5029 671 5085 cundum
727 5047 740 5084 :
784 5029 980 5084 deinde
1035 5029 1254 5083 tertium
1284 5069 1298 5091 ,
1361 5037 1619 5098 quartum
1649 5070 1662 5094 ,
1716 5029 2010 5098 quintum,

431 5130 667 5186 sextum,
696 5120 985 5190 septimum
1014 5137 1028 5173 :
1059 5122 1145 5174 vel
1179 5131 1233 5174 ut
1263 5121 1425 5175 hodie
1445 5118 1676 5173 Romani
1711 5120 2012 5175 secundum

433 5212 620 5268 stellas
651 5211 945 5278 erraticas,
989 5218 1116 5282 post
1149 5209 1491 5264 Dominieum
1533 5211 1674 5264 lunae
1713 5211 1856 5266 diem
1902 5220 2014 5266 sta-

431 5312 673 5367 tuentes,
702 5304 900 5359 deinde
945 5301 1160 5365 Martis,
1193 5302 1259 5356 ad
1292 5303 1407 5356 haze
1438 5301 1716 5364 Mercurii,
1754 5311 2012 5372 praeterea

433 5394 604 5460 Jovis,
635 5404 822 5466 postea
857 5393 1106 5458 Veneris,
1145 5395 1363 5449 demtnn
1393 5393 1638 5449 Saturni.
1672 5393 2016 5450 Paraseeren

433 5489 576 5542 enim
613 5489 756 5543 diem
790 5499 1004 5544 sextum
1049 5489 1344 5559 appellare,
1382 5497 1434 5542 et
1466 5487 1760 5558 septimum
1803 5487 2014 5542 Sabbu—

435 5585 573 5642 tum,
610 5580 663 5634 id
693 5580 836 5652 apud
861 5597 984 5645 nos,
1020 5590 1079 5635 ut
1107 5580 1344 5645 videtur,
1371 5583 1574 5635 nullam
1613 5583 1880 5637 rationem
1916 5584 2015 5636 ha—

444 5671 553 5740 bet,
579 5672 675 5727 sed
703 5674 845 5742 apud
879 5672 1100 5730 Iudaeos
1130 5673 1364 5730 fortasse
1392 5694 1403 5728 :
1432 5675 1691 5728 nimirum
1723 5685 1851 5731 ante
1882 5675 2016 5730 Sab-

438 5763 624 5818 batum
673 5764 796 5819 illos
835 5776 1154 5835 apparatum
1195 5764 1374 5820 facere
1412 5773 1650 5836 oportet,
1689 5775 1746 5820 ut
1779 5767 1872 5836 qui
1923 5784 2016 5822 su-

443 5851 764 5919 ;‘crslitiosa
787 5855 1020 5924 quadam
1049 5854 1310 5927 religione
1339 5855 1610 5924 obstricti,
1648 5857 1784 5911 nihil
1815 5859 2014 5928 negotii

2047 4654 2092 4710 Ι)
2210 4639 2342 4706 Πῶς
2373 4616 2854 4707 ἀριθμητέοντὰς
2883 4631 2992 4702 τῆς
3019 4630 3340 4701 ἑϐδομάδος
3373 4627 3616 4699 ἡμέρας.

2188 4753 2284 4808 IZ'.
2341 4753 2605 4822 Ὑπὰρχει
2655 4751 2710 4804 δὲ
2749 4751 2840 4803 καὶ
2899 4749 2996 4811 τὰς
3055 4747 3154 4816 τῆς
3205 4742 3430 4804 ἐπτάὸος
3479 4740 3688 4811 ἡμέρας

2116 4845 2370 4917 ἀριθμεῖν
2400 4846 2519 4916 ἤτοι
2553 4843 2627 4908 ὡς
2679 4844 2728 4894 οἱ
2770 4841 2864 4894 νῦν
2889 4839 3166 4908 Ἕλληνες,
3193 4834 3292 4906 τὴν
3327 4834 3423 4904 μὲν
3469 4831 3692 4903 πρώτην

2118 4936 2315 5008 κυρίαν
2347 4934 2665 4996 καλοῦντας,
2697 4933 2796 5002 τὴν
2836 4932 2892 4984 δὲ
2921 4929 3196 4999 δευτέραν,
3230 4924 3372 4978 τοῦτ’
3409 4922 3539 4978 αὐτὸ
3573 4921 3690 4974 δευ-

2117 5031 2320 5101 τέραν’
2354 5023 2473 5081 εἶτα
2507 5025 2715 5098 τρίτην,
2771 5022 3020 5094 τετράδας
3057 5021 3331 5090 πέμπτηνν
3373 5017 3558 5084 gmw”
3602 5013 3691 5066 ἔθ’

2119 5121 2324 5190 δόμηνο
2357 5118 2390 5190 ἢ
2422 5117 2496 5182 ὡς
2543 5120 2592 5171 oi
2637 5116 2732 5169 νῦν
2771 5113 3028 5182 Ῥωμαῖοι
3069 5107 3207 5163 κατά
3245 5107 3372 5168 τοὺς
3419 5103 3692 5173 πλάνητας

2118 5213 2228 5264 τῶν
2263 5210 2526 5282 ἀστέρων,
2563 5208 2698 5280 μετὰ
2723 5206 2820 5277 τὴν
2847 5204 3038 5275 κυρίαν
3064 5201 3288 5272 σελήνης
3313 5197 3546 5268 ἡμέραν,
3573 5189 3691 5246 εἶτα

2123 5305 2338 5375 Ἄρεος,
2372 5302 2490 5356 εἶτα
2527 5299 2730 5372 Ἑρμοῦ
2755 5341 2769 5364 ,
2806 5293 2923 5350 εἶτα
2972 5295 3126 5358 Διὸς,
3175 5287 3290 5344 εἶτα
3343 5287 3689 5358 Ἀφροδίτης,

2114 5392 2234 5450 εἶτα
2260 5396 2490 5465 Κρόνου.
2517 5395 2590 5447 Τὸ
2620 5393 2676 5447 δὲ
2699 5387 3054 5462 Παρασκευὴν
3083 5385 3177 5456 μὲν
3203 5383 3298 5454 τὴν
3331 5381 3520 5450 ἕκτην,
3550 5377 3693 5432 Σάϐ-

2124 5491 2285 5543 ϐατον
2314 5488 2370 5540 δὲ
2404 5485 2688 5557 ὀνομάζειν
2722 5485 2817 5553 τὴν
2854 5481 3104 5551 ἑϐδόμην,
3139 5477 3238 5528 οὐκ
3265 5473 3398 5544 ἔχει,
3426 5473 3502 5535 ὡς
3528 5471 3693 5534 ἔοικε,

2123 5582 2279 5649 λόγον
2308 5582 2438 5651 ἡμῖν
2463 5597 2476 5609 ·
2516 5577 2650 5632 ἀλλά
2711 5575 2985 5636 Ἰουδαίοις
3041 5571 3203 5632 ἴσωςο
3255 5563 3698 5637 παρεσκευάσθαι

2124 5675 2231 5744 γὰρ
2264 5673 2505 5736 ἐκείνους
2533 5670 2638 5742 πρὸ
2673 5667 2766 5722 τοῦ
2795 5665 3072 5720 Σαϐϐάτου
3112 5661 3210 5723 δεῖ,
3240 5657 3314 5720 ὡς
3353 5657 3418 5728 δὴ
3467 5652 3698 5726 μηθενὸς

2126 5769 2286 5838 ἔργου
2331 5765 2670 5834 ἁπτομένους
2714 5760 2819 5814 ὑπὸ
2859 5753 3272 5827 δεισιδαιμονίας
3317 5751 3381 5820 τῇ
3414 5746 3698 5818 ὑστεραίᾳ*

2139 5859 2295 5929 Ἰῐιιῖι
2327 5858 2378 5910 δὲ
2407 5857 2558 5909 οῖιῆὲν
2600 5855 2695 5908 δεῖ.
2741 5851 2874 5906 Οἰτε
2920 5847 3026 5920 γὰρ
3074 5849 3135 5917 τῇ
3186 5843 3385 5915 ἑϐδόμῃ
3421 5839 3699 5913 ἁργοῦμεν
