4112 6440
384 405 407 460 ί
418 416 527 474 209

1375 420 1729 478 THEODORI
1769 423 1976 480 GAZzE
2016 424 2219 479 LIBER
2257 424 2345 480 DE
2386 423 2756 481 MENSIBUS.

3517 424 3658 481 1210

383 538 565 608 ἡμεῖς,
616 536 682 606 τῇ
729 534 1036 607 καλουμένῃ
1071 535 1346 591 Σάϐϐατον
1383 540 1685 602 Ἰουδαίοις·
1730 541 1867 595 ἀλλὰ
1908 546 1966 614 τῇ

2081 545 2282 598 obeant
2322 545 2609 615 postridie.
2654 541 2854 598 Verum
2894 541 2945 596 id
2992 550 3178 597 nostra
3221 540 3356 595 nihil
3406 540 3654 597 interest.

388 629 602 701 πρώτῃ,
632 628 796 699 κυρίᾳ
825 630 958 699 ἡμῖν
986 628 1124 702 οὔσῃ
1154 630 1250 682 καὶ
1282 629 1566 702 ἱερομηνίᾳ
1594 633 1815 702 Χριστῷ
1844 634 1976 686 ἁνα-

390 721 608 774 στάντι·
665 718 778 773 οὗθ’
827 719 1001 784 οὕτως
1051 720 1330 792 ἀργοῦμεν
1381 723 1604 791 ἄγοντες
1650 724 1860 796 ἑορτὴν,
1898 726 1977 790 ὡς

390 810 527 882 μηδὲ
555 810 754 882 ἑψῆσαί
790 828 864 875 τι,
901 812 995 864 καὶ
1038 811 1317 883 τράπεζαν
1362 812 1704 884 παραθέσθαι
1753 813 1976 885 θεμιτὸν

388 901 557 958 εἶναι’
590 905 726 957 ἀλλὰ
763 905 874 957 δεῖν
909 904 1350 975 παρεσκευάσθαι
1392 906 1501 959 πᾶν
1540 908 1606 975 τῇ
1648 905 1972 977 προτεραίᾳ.

390 995 601 1049 Οὐκοῦν
627 995 753 1048 οὔτε
787 1010 839 1048 τι
872 997 1165 1067 χρήσιμον,
1201 994 1312 1049 οὔτ’
1338 996 1512 1061 ἄλλως
1537 996 1811 1068 εὔσχημον
1841 1000 1976 1069 ήμῖν

387 1088 459 1141 τὰ
496 1087 764 1141 Ἰουδαίων
817 1088 992 1140 ταῦτα
1045 1088 1284 1159 ὀνόματα
1335 1091 1417 1152 είς
1463 1088 1865 1160 καταρίθμησίν
1910 1102 2009 1158 γε’

388 1179 683 1249 ἑϐδομάδος
715 1179 814 1250 τῆς
859 1178 1134 1251 ἡμετέρας
1164 1180 1481 1250 λαμῦάνειν.
1531 1180 1663 1233 Οὐδὲ
1698 1180 1886 1250 δήκαὶ
1914 1180 1976 1234 τὸ

387 1271 665 1324 Σάϐϐατον
690 1266 782 1324 οὖν
802 1269 1002 1341 ὁμοίως
1024 1270 1136 1341 ἔχει
1158 1270 1236 1341 τῷ
1264 1271 1491 1324 Ὡσαννά
1517 1271 1610 1324 καὶ
1627 1271 1705 1342 τῷ
1724 1270 1972 1325 Σαϐαὼθο

390 1362 533 1433 ἅπερ
563 1361 772 1430 ἔκφυλα
808 1362 905 1432 μὲν
934 1361 1028 1414 καὶ
1055 1361 1226 1415 ταῦτα
1246 1378 1261 1391 ’
1291 1363 1641 1431 ὲπιφωνείται
1669 1361 1713 1413 δ’
1744 1362 1893 1430 ὅμως
1916 1362 1975 1414 ἐν

386 1456 507 1517 ταῖς
552 1452 870 1524 ίεροποιίαις
919 1452 1177 1505 ἑκάστοτε
1226 1451 1377 1524 παρὰ
1427 1450 1534 1504 τῶν
1583 1450 1828 1523 ζακόρων
1875 1454 1974 1505 ἐπ-

389 1542 644 1611 άναγκες.
667 1543 747 1596 Τά
773 1543 869 1614 μὲν
893 1541 1002 1614 γὰρ
1029 1542 1380 1614 ὲξωσιωμένα
1395 1544 1457 1614 δὴ
1482 1547 1594 1607 τοῖς
1618 1544 1973 1615 κυριωτάτοις

387 1635 482 1687 κα)⁸
518 1635 797 1704 μεγίστοις
822 1633 929 1688 τῶν
959 1633 1119 1704 ίερῶν
1144 1634 1273 1689 ὄντα
1304 1635 1443 1689 κατά
1468 1653 1521 1687 τι
1551 1636 1862 1706 ἀπόρρητον
1898 1637 1973 1708 μὴ

385 1725 445 1777 οὐ
479 1720 753 1799 θεμιτὺνῇ
787 1725 1185 1797 παραλλάττειν
1211 1741 1226 1756 °
1255 1724 1314 1777 τὸ
1342 1724 1398 1777 δὲ
1437 1725 1851 1795 περιειργάσθαι
1883 1727 1975 1779 καὶ

390 1819 662 1889 μηδεμίαν
692 1818 814 1889 ἕχον
841 1819 1087 1889 ἀνάγκην
1126 1817 1423 1882 Ἰουδαΐζει.
1453 1818 1641 1886 Ἡμεῖς
1674 1818 1770 1887 μὲν
1795 1819 1974 1871 τοίνυν

2076 634 2265 705 Neque
2308 636 2454 690 enim
2499 636 2733 705 septimo
2770 635 2859 690 die
2907 636 2975 688 ab
3005 636 3154 689 omni
3195 649 3359 703 opere
3396 632 3659 688 feriamur

2075 727 2301 789 inertes,
2333 728 2426 797 qui
2455 728 2573 782 dies
2604 742 2633 780 a
2658 725 2860 781 Iudaeis
2901 725 3197 781 Sabbatum
3234 741 3264 778 a
3294 726 3477 795 quiete
3509 741 3655 779 nun-

2077 825 2342 886 cupatur;
2372 819 2467 873 sed
2502 819 2621 888 ipso
2652 819 2740 873 die
2762 820 2959 889 primo,
2992 819 3084 888 qui
3109 817 3268 872 nobis
3292 824 3376 872 est
3410 816 3658 871 Domini-

2075 925 2200 975 cus,
2254 925 2522 979 sacerque
2565 910 2678 965 Deo
2736 910 3065 979 resurgenti.
3102 909 3290 980 Neque
3345 917 3527 963 tamen
3571 910 3656 965 sic

2075 1002 2334 1073 otiamur.
2376 1011 2436 1056 ut
2460 1002 2547 1057 vel
2578 1002 2806 1066 elixare,
2848 1002 2933 1056 vel
2972 1016 3217 1055 mensam
3251 1010 3496 1056 sternere
3530 1001 3661 1055 reli-

2075 1093 2165 1163 gio
2197 1093 2303 1156 sit,
2337 1108 2627 1163 operaque
2658 1093 2727 1148 sit
2755 1094 2988 1163 pretium
3032 1092 3215 1147 omnia
3241 1091 3416 1163 pridie
3448 1098 3660 1162 praepa-

2074 1197 2192 1239 rata
2225 1185 2447 1262 habere.
2479 1185 2621 1255 Ergo
2654 1200 2757 1240 nec
2782 1186 2936 1250 utile,
2970 1200 3071 1239 nec
3100 1186 3304 1255 alioqui
3338 1184 3655 1248 honestum,

2075 1273 2191 1327 haec
2221 1271 2531 1328 Iudaeorum
2581 1276 2801 1329 nomina
2833 1275 2888 1330 in
2926 1283 3132 1331 nostra:
3181 1274 3502 1344 septimanae
3542 1274 3660 1328 cal-

2075 1365 2260 1417 culum
2291 1380 2593 1421 assumere.
2625 1365 2735 1420 Nec
2766 1366 2910 1421 enim
2937 1367 3017 1422 sic
3049 1382 3108 1423 se
3139 1366 3303 1421 habet
3330 1365 3654 1431 Sabbatum,

2075 1462 2137 1508 ut
2169 1456 2326 1527 167
2356 1456 2615 1512 Hosanna
2645 1468 2699 1512 et
2743 1457 3019 1513 Sabaoth:
3046 1474 3170 1527 quae
3220 1459 3398 1512 aliena
3433 1459 3655 1528 quidem

2075 1562 2200 1601 cum
2233 1555 2286 1602 et
2314 1548 2429 1618 ipsa
2459 1549 2591 1611 sint,
2634 1558 2813 1604 tamen
2839 1549 2892 1603 in
2920 1550 3063 1603 hunc
3092 1564 3269 1619 usque
3300 1548 3444 1603 diem
3472 1549 3528 1603 in
3565 1563 3657 1603 sa-

2075 1636 2301 1691 criﬁciis
2341 1638 2735 1694 acclamatione
2778 1638 3053 1693 communi
3087 1638 3156 1692 ab
3192 1637 3327 1707 ipsis
3369 1652 3653 1692 sacrorum

2076 1730 2351 1785 ministris
2374 1733 2688 1787 necessario
2714 1740 3067 1803 nsurpantur.
3099 1731 3231 1796 Quae
3249 1731 3394 1784 enim
3421 1746 3451 1783 a
3478 1729 3655 1784 maxi-

2077 1818 2182 1872 mis
2204 1819 2554 1888 pontificibus
2587 1822 2821 1891 alicujus
2843 1820 3031 1874 arcani
3058 1819 3236 1888 gratia
3263 1819 3475 1874 saneita
3501 1827 3653 1886 sunt,

387 1906 517 1977 περὶ
558 1907 742 1977 μηνῶν
789 1923 848 1958 τε
898 1906 991 1959 καὶ
1040 1904 1262 1978 ἡμερῶν
1286 1946 1300 1970 ,
1348 1906 1444 1959 καὶ
1493 1904 1739 1958 ἐνιαυτοῦ
1763 1945 1778 1970 ,
1829 1904 1966 1960 οὕτω

2075 1908 2230 1964 nefas
2275 1911 2347 1965 sit
2400 1912 2708 1966 immutare.
2774 1909 3167 1981 Superstitiose
3212 1924 3345 1964 vero
3389 1920 3441 1965 et
3493 1910 3655 1965 anxie

389 1997 621 2068 χρῆσθαι
649 1995 881 2067 μάλιστα
907 1996 1186 2066 ἀξιοῦμεν.

2074 2015 2255 2073 agere,
2286 2004 2431 2074 quod
2471 2005 2686 2077 nullum
2711 2021 2893 2071 usum,
2926 2014 3323 2077 cogentemque
3356 2005 3655 2061 necessita-

386 2101 496 2147 tem
528 2092 732 2148 habet:
763 2091 818 2145 id
849 2090 1445 2146 redoletJudaismum.
1472 2089 1583 2147 Nos
1621 2091 1788 2162 igitur
1845 2095 2155 2162 mensibus,
2192 2098 2389 2156 diebus
2443 2108 2498 2156 et
2548 2115 2695 2155 anno
2758 2101 2840 2156 sic
2881 2100 2961 2155 uti
3000 2101 3236 2156 maxime
3270 2101 3494 2172 dignum
3550 2114 3653 2169 pu-

388 2198 589 2242 tamus.

434 2281 568 2348 Πῶς
597 2280 693 2335 δεῖ
712 2280 880 2351 ἄγειν
908 2280 1047 2346 τοὺς
1081 2281 1340 2350 χρόνους
1366 2281 1498 2334 κατ’
1539 2281 1905 2350 Ἀθηναίους.

454 2436 563 2488 ιΗν.
598 2436 662 2488 Et
689 2435 744 2488 δέ
773 2453 852 2507 τῳ
883 2436 1131 2506 διαφέροι
1159 2437 1314 2505 ἄγειν
1342 2436 1417 2501 ὼς
1456 2437 1750 2508 Ἀθηναῖοι,
1779 2443 1845 2511 τῇ
1871 2440 1971 2510 μὲν

384 2525 534 2591 τάξει
562 2529 824 2598 χρήσεται
850 2527 913 2599 δὴ
946 2531 1012 2599 τῇ
1045 2528 1431 2602 ὲπιδειχθείσῃ,
1464 2529 1517 2581 εἴ
1545 2548 1600 2582 τι
1633 2533 1661 2583 ὁ
1696 2530 1852 2599 λόγος
1882 2533 1969 2585 ὅδε

386 2620 604 2688 διαιρεῖ·
630 2621 803 2690 ἀρχὴν
824 2620 880 2672 δὲ
896 2620 1064 2686 τάξας
1085 2618 1179 2673 τοῦ
1202 2620 1357 2683 ἔτους
1376 2621 1474 2685 τὰς
1499 2621 1717 2693 θερινὰς
1737 2623 1966 2695 τροπὰς,

385 2711 524 2780 ὑριεί
549 2709 657 2761 τῶν
686 2710 871 2780 μηνῶν
905 2712 1028 2774 τοὺς
1060 2712 1158 2782 μὲν
1188 2711 1687 2783 τριακονθημέρους
1710 2717 1804 2767 καὶ
1832 2715 1968 2785 πλή-

387 2818 521 2871 ρεις,
572 2802 698 2865 τοὺς
738 2803 794 2855 δὲ
833 2804 930 2873 μιᾷ
969 2803 1076 2856 τῶν
1129 2804 1331 2874 ἑτέρων
1388 2803 1740 2874 λειπομένους
1784 2807 1969 2879 ἡμέρᾳ

385 2893 612 2958 ἐναλλὰξ
639 2895 769 2966 παρ’
797 2893 913 2957 ἕνα,
954 2895 1292 2965 ῶςήμίσεώς
1339 2913 1442 2948 που
1495 2896 1762 2960 ἐνδέοντος
1816 2901 1964 2970 μιᾶς,

385 2985 595 3054 πρὸςτὸ
631 2985 1094 3056 τριακονθήμερον
1140 2982 1276 3038 εἶναι
1315 2986 1406 3039 τὸν
1447 2988 1545 3058 τῆς
1595 2987 1823 3057 σελήνης
1864 3005 1968 3059 μη-

385 3078 552 3128 νιαῖον
586 3076 795 3146 χρόνον.
835 3074 983 3146 ’Λριθ
994 3077 1222 3145 μήσεται
1250 3076 1306 3128 δὲ
1335 3076 1434 3139 τὰς
1461 3076 1671 3147 ἡμέρας
1713 3077 1840 3147 ἄχρι
1866 3077 1967 3147 τῆς

2065 2282 2340 2349 Quomodo
2383 2283 2672 2338 secundum
2713 2282 3053 2339 Athenienses
3099 2276 3304 2353 agen'da
3345 2292 3470 2338 sunt
3517 2294 3651 2340 tem-

2778 2371 2930 2424 pora.

2135 2441 2321 2497 XVIII.
2360 2443 2516 2510 Quod
2553 2445 2599 2501 si
2633 2445 2793 2513 cujus
2835 2445 3128 2501 interesset
3156 2444 3459 2500 secundum
3482 2446 3651 2504 Athe-

2062 2535 2283 2592 nienses
2323 2552 2505 2606 agere,
2534 2537 2728 2593 ordine
2762 2537 2982 2607 quidem
3015 2546 3201 2593 utetur
3230 2540 3646 2595 demonstrato:

2064 2625 2111 2680 si
2145 2626 2276 2695 quid
2304 2627 2514 2681 ordinis
2542 2627 2795 2697 praesenti
2837 2642 3091 2681 sermone
3118 2627 3402 2682 consecuti
3434 2643 3646 2683 sumus.

2065 2712 2267 2769 Verum
2299 2725 2584 2786 postquam
2610 2717 2679 2770 ab
2702 2718 2891 2771 aestivo
2946 2717 3186 2772 solstitio
3253 2718 3382 2771 anni
3443 2719 3651 2787 princi-

2069 2807 2218 2877 pium
2248 2809 2603 2873 ordinaverit,
2634 2809 2905 2864 mensium
2932 2808 3207 2864 describet
3238 2811 3376 2865 alios
3408 2812 3650 2865 tricena-

2065 2900 2181 2954 rios
2208 2907 2261 2955 et
2296 2900 2506 2969 plenos,
2548 2901 2686 2954 alios
2743 2915 2871 2954 vero
2901 2915 3011 2954 uno
3052 2901 3140 2955 die
3171 2901 3354 2957 minus
3403 2902 3524 2957 aliis
3568 2903 3648 2955 al-

2068 2989 2240 3045 ternis
2277 2990 2492 3044 vicibus
2542 3004 2772 3055 censos;
2836 2987 2992 3058 quasi
3047 2987 3332 3042 deficiente
3359 2989 3467 3041 diei
3497 2998 3645 3043 certe

2068 3073 2314 3144 dimidio,
2373 3087 2431 3133 ut
2488 3088 2830 3133 menstruum
2870 3078 3011 3131 lunae
3034 3085 3247 3148 tempus
3280 3078 3351 3133 sit
3378 3078 3648 3131 tricenum

385 3165 654 3234 εἰκοστῆς,
704 3164 763 3216 ὃν
813 3165 1023 3235 εἴρηται
1073 3165 1294 3236 τρόπον·
1340 3163 1475 3234 μετὰ
1513 3165 1570 3216 δὲ
1608 3164 1830 3236 ταύτην,
1881 3165 1966 3217 δε-

2067 3173 2299 3228 dierum.
2334 3171 2730 3242 Supputabitur
2767 3178 2946 3224 autem
2978 3169 3188 3223 dierum
3219 3170 3382 3233 ratio,
3418 3185 3527 3240 quo
3555 3185 3650 3224 su-

385 3255 556 3325 κάτην
589 3254 884 3324 φθίνοντος,
923 3256 970 3306 εί
1001 3254 1212 3325 πλήρης
1249 3257 1276 3307 ὀ
1307 3256 1434 3325 μήν·
1475 3251 1593 3307 εἶτα
1627 3256 1841 3326 ἐνάτην,
1870 3256 1964 3308 καὶ

386 3345 513 3417 ἑξῆς
557 3345 911 3417 ἀναστρέφων
954 3345 1081 3417 ἄχρι
1126 3345 1402 3418 δευτέρας·
1451 3348 1567 3417 μεθ’
1604 3348 1670 3417 ἢν
1709 3348 1834 3417 ἕνην
1870 3347 1964 3401 καὶ

385 3439 529 3491 νέαν.
566 3438 630 3490 Εἰ
664 3438 841 3501 κοῖλος
869 3441 896 3491 ὁ
925 3439 1051 3507 μὴν,
1084 3438 1278 3509 ἐνάτην
1302 3438 1601 3506 φθίνοντος,
1635 3440 1729 3492 καὶ
1755 3440 1880 3509 egi};
1904 3439 1964 3492 τὸ

385 3529 667 3598 ἀνάλογον,
695 3530 770 3593 ὡς
790 3531 884 3583 καὶ
911 3529 1250 3597 Πολυδεύκης
1272 3529 1513 3601 ἀριθμεῖ⁸
1541 3532 1636 3600 οὐχ
1664 3530 1864 3594 ἱκανῶς
1885 3530 1960 3596 δὲ,

384 3622 518 3675 διότι
540 3622 721 3676 κοίλου
748 3622 909 3692 μόνου
935 3621 1225 3690 καταλέγει
1251 3622 1482 3692 ἡμέρας.
1513 3621 1738 3693 Πλήθων
1758 3622 1813 3674 δὲ
1835 3622 1962 3695 ἕνην

388 3713 489 3784 μὲν
515 3713 614 3785 τὴν
634 3713 882 3785 εἰκοστὴν
912 3714 1127 3784 ἐνάτην,
1161 3714 1288 3784 ἕνην
1316 3714 1371 3766 δὲ
1402 3716 1495 3766 καὶ
1520 3713 1646 3767 νέαν
1677 3714 1774 3785 τὴν
1806 3731 1962 3785 τρια-

386 3804 587 3874 κοστήν
617 3804 810 3874 λέγων,
849 3804 1002 3858 οὐδὲν
1040 3805 1246 3876 ἀπᾷδον
1272 3804 1431 3876 ήμῶν
1462 3822 1615 3876 φησι,
1646 3806 1707 3858 τό
1740 3822 1803 3874 γε
1835 3806 1963 3877 περὶ

385 3897 446 3948 τὸ
478 3899 729 3967 πρᾶγμα.
768 3898 870 3949 ’Ἡν
905 3897 1013 3968 γὰρ
1049 3896 1307 3968 δευτέραν
1342 3895 1619 3965 φθίνοντος
1647 3898 1806 3967 ἡμεῖς
1839 3896 1961 3967 ἀρι-

387 3985 654 4056 θμοῦμεν,
691 3988 817 4057 ἕνην
854 3987 1028 4050 καλεῖ,
1067 3988 1134 4040 ἵν’
1165 3987 1294 4050 ἴσως
1324 3987 1471 4059 αὐτῷ
1507 3987 1791 4059 ἱερομηνία
1828 3984 1964 4041 οὖσα

385 4079 462 4150 τῷ
498 4077 803 4143 Πλούτωνι,
843 4079 1066 4132 αὐτόθεν
1105 4079 1168 4149 δὴ
1211 4081 1321 4132 κάκ
1362 4080 1463 4150 τῆς
1501 4079 1871 4151 προσηγορίας
1902 4079 1963 4132 τὸ

388 4172 584 4244 σεμνὸν
618 4172 716 4245 ἔχῃ
745 4172 839 4225 καὶ
867 4172 1148 4245 τραγικόν.
1173 4175 1263 4225 Δεῖ
1293 4172 1401 4243 γὰρ
1426 4173 1517 4225 καί
1549 4190 1692 4236 τινος
1720 4173 1960 4226 τοιούτου

385 4268 498 4331 τοῖς
528 4265 655 4334 περ)⁹
697 4262 765 4316 τά
804 4263 926 4317 ὅσια
959 4265 1525 4334 πραγματευομένοις.
1572 4264 1864 4335 Πειρατέον
1906 4264 1962 4317 δὲ

386 4355 525 4409 κατὰ
554 4355 781 4426 σελήνην
805 4354 1057 4426 ἀριθμεῖν
1080 4354 1176 4418 τὰς
1199 4356 1431 4426 ἡμέρας.
1473 4356 1624 4408 Ἐπεὶ
1654 4357 1746 4409 καὶ
1772 4356 1832 4410 τὸ
1853 4355 1961 4409 τῶν

388 4446 571 4519 μηνῶν
606 4448 729 4509 τοὺς
758 4447 856 4516 μὲν
885 4424 1131 4516 πλήρεις,
1165 4447 1288 4507 τοὺς
1314 4446 1369 4499 δὲ
1401 4447 1611 4509 κοίλους
1640 4446 1956 4518 λαμϐάνειν,

383 4537 536 4590 τουτὶ
567 4536 834 4606 βούλεται.
863 4537 975 4606 Οὐχ
1011 4536 1192 4590 ἱκανὸν
1218 4536 1296 4590 δέ’
1329 4537 1463 4591 ἀλλὰ
1495 4538 1577 4590 δεῖ
1604 4556 1706 4591 που
1729 4539 1824 4591 καὶ
1843 4537 1954 4592 ἀλλ’

382 4629 518 4682 ἄττα
555 4627 1037 4699 πραγματεύεσθαι
1080 4629 1270 4697 συχνὰ,
1299 4630 1348 4681 εἰ
1382 4629 1561 4699 μέλλοι
1597 4629 1864 4693 σώζεσθαι
1897 4631 1958 4684 τὸ

382 4723 662 4793 ὁμόλογονι
707 4721 942 4791 χαλεπὸν
987 4720 1043 4772 δὲ
1088 4720 1178 4773 διὰ
1214 4720 1312 4791 τὴν
1359 4720 1557 4792 πολλὴν
1601 4722 1700 4793 τῆς
1729 4722 1959 4793 σελήνης

384 4813 628 4880 ἀταξίαν.
678 4816 754 4866 Δι’
788 4814 926 4883 ὅπερ
970 4812 1079 4865 οὐδ’
1133 4812 1402 4884 Ἀθηναῖοι
1447 4815 1723 4883 φαίνονται
1766 4831 1961 4886 κατορ-

382 4907 619 4970 θοῦντες·
642 4904 718 4969 ὡς
740 4905 854 4958 ἔστι
877 4905 1254 4977 τεκμήρασθαι
1283 4906 1376 4958 καὶ
1403 4905 1460 4971 ἐξ
1482 4899 1555 4959 ὧν
1577 4905 1641 4976 δὴ
1664 4908 1690 4959 ὁ
1718 4905 1960 4977 κωμικὸς

383 4999 648 5070 ποιεῖτὴν
680 4998 910 5069 σελήνην
936 4997 1237 5067 θυμαίνειν,
1276 4999 1356 5050 ὅτι
1383 4997 1534 5050 οὐδὲν
1563 4998 1704 5051 κατὰ
1732 4998 1958 5069 σελήνην

378 5091 513 5164 ἦγον
546 5093 644 5157 τὰς
677 5093 891 5165 ἡμέρας
936 5093 1207 5163 Ἀθηναῖοι
1244 5092 1439 5164 ὀρθῶς,
1479 5092 1593 5145 ἀλλ’
1632 5092 1743 5146 ἀνω
1773 5109 1831 5145 τε
1865 5092 1957 5145 καὶ

381 5185 530 5238 κάτω
562 5184 936 5238 ὲκυδοιδόπωψ
960 5183 1101 5236 οὕτω
1128 5183 1235 5254 γὰρ
1264 5184 1526 5255 κέχρηται
1548 5185 1612 5254 τῇ
1641 5182 1805 5249 λέξει.
1826 5181 1955 5233 Πει-

384 5274 575 5347 ρατέον
615 5275 795 5346 μέντοι
832 5273 971 5328 κατὰ
1000 5274 1062 5327 τὸ
1087 5274 1309 5327 δυνατὸν
1349 5272 1712 5343 διορθοῦσθαι,
1741 5271 1957 5344 χρωμέ-

379 5383 501 5430 νους
529 5369 642 5430 τοῖς
675 5366 1090 5438 ὲμπειροτάτοις
1126 5366 1214 5420 ἀεὶ
1244 5365 1354 5420 τῶν
1387 5365 1788 5437 ἀστρολογικῶν
1818 5366 1955 5418 θεω-

381 5478 448 5531 ρη
458 5460 643 5531 μάτων
672 5477 736 5512 συ
745 5459 1015 5530 μϐούλοις.

2064 3266 2371 3339 pradictum
2396 3272 2479 3319 est
2513 3263 2696 3325 modo,
2734 3278 2904 3333 usque
2942 3263 3006 3316 ad
3035 3262 3354 3317 vicesimum
3394 3282 3407 3317 :
3449 3278 3651 3318 secun—

2064 3362 2192 3415 dum
2225 3374 2410 3428 quem,
2447 3358 2494 3411 si
2526 3357 2732 3411 mensis
2790 3363 2873 3410 est
2911 3356 3125 3425 plenus,
3174 3356 3324 3410 dices
3378 3357 3650 3411 decimum

2062 3451 2382 3523 przecipilis,
2424 3448 2619 3503 deinde
2653 3463 2880 3512 nonum,
2933 3455 2988 3501 et
3040 3448 3115 3501 ita
3169 3447 3425 3518 deinceps
3456 3448 3651 3502 ordine

2064 3550 2398 3614 praepostero
2429 3555 2602 3609 usque
2627 3539 2693 3593 ad
2724 3538 3025 3595 secundum
3069 3557 3081 3593 :
3114 3546 3240 3608 post
3268 3554 3427 3608 quem
3468 3545 3650 3593 extre-

2062 3652 2211 3692 mum
2236 3635 2494 3705 primum,
2533 3649 2628 3689 seu
2656 3643 2890 3687 veterem
2916 3638 2969 3686 et
2999 3647 3219 3686 novum.
3255 3631 3323 3684 At
3351 3631 3397 3686 si
3434 3629 3644 3686 mensis

2064 3745 2233 3786 cavus
2267 3729 2359 3791 sit,
2392 3743 2598 3781 nonum
2622 3724 2928 3780 desinentis
2956 3731 3082 3796 post
3110 3725 3432 3779 vicesimum
3469 3723 3645 3791 dices,

2063 3829 2117 3875 et
2137 3820 2302 3874 simili
2341 3816 2602 3884 deinceps
2636 3817 2868 3878 ratione,
2900 3822 2959 3867 ut
2990 3815 3154 3868 etiam
3184 3813 3375 3866 Pollux
3418 3827 3648 3867 enume-

2063 3921 2171 3977 rat,
2203 3911 2299 3965 sed
2330 3926 2440 3963 non
2468 3906 2798 3963 sufficienter
2835 3904 3076 3975 quidem,
3107 3910 3165 3957 ut
3193 3903 3286 3972 qui
3316 3901 3487 3957 solius
3525 3901 3647 3956 cavi

2062 4003 2180 4058 dies
2213 4007 2519 4059 recenseat.
2553 3997 2781 4051 Plethon
2808 4010 2938 4049 vero
2966 3994 3289 4048 vicesimum
3327 4006 3529 4046 nonum
3552 4005 3649 4046 ve-

2061 4098 2235 4147 terem
2271 4090 2574 4161 appellans,
2607 4099 2658 4141 et
2692 4086 3029 4140 tricesimum
3061 4091 3298 4139 veterem
3337 4091 3393 4138 et
3418 4098 3645 4149 novum,

2065 4183 2205 4238 nihil
2234 4183 2419 4249 nobis,
2479 4188 2743 4252 quantum
2781 4181 2847 4234 ad
2885 4181 3024 4233 hanc
3077 4192 3214 4239 rem,
3245 4176 3529 4232 dissonum
3562 4175 3646 4230 af-

2063 4275 2187 4329 fert.
2216 4274 2368 4328 Diem
2409 4273 2576 4337 enim,
2619 4289 2778 4342 quem
2814 4271 3113 4327 secundum
3161 4269 3459 4340 praecipitis
3509 4268 3650 4323 dici-

2060 4380 2208 4431 mus,
2248 4364 2337 4420 ille
2395 4374 2632 4419 veterem
2689 4363 2943 4434 appellat,
2975 4370 3036 4415 ut
3091 4361 3229 4415 forte
3293 4375 3508 4434 sacrum
3539 4360 3646 4429 ipsi

2063 4453 2286 4510 Plutoni
2337 4452 2875 4510 exsistentem.l\‘am
2925 4468 2991 4507 ex
3042 4451 3357 4521 hujusmodi
3402 4450 3643 4520 appella-

2066 4549 2219 4603 tione
2240 4548 2426 4603 ncscio
2456 4548 2589 4618 quid
2630 4562 2815 4618 grave,
2849 4532 3268 4615 superciliosum
3296 4551 3350 4598 et
3381 4543 3643 4613 tragicum

2062 4656 2175 4710 prae
2204 4655 2262 4694 se
2292 4640 2397 4694 fert
2432 4655 2444 4690 :
2472 4654 2593 4709 quae
2625 4655 2712 4694 res
2742 4638 2987 4708 apprime
3012 4652 3150 4706 opus
3177 4647 3262 4691 est
3291 4636 3359 4689 iis
3407 4634 3500 4703 qui
3533 4642 3646 4686 tra-

2064 4734 2282 4788 ctandis
2326 4734 2497 4787 sacris
2531 4731 2909 4786 vehementius
2966 4737 3321 4797 occupantur.
3354 4725 3646 4779 Enimvero

2065 4822 2487 4893 periclitandum
2516 4830 2601 4876 est
2622 4822 2689 4875 ad
2709 4822 2893 4874 lunam
2924 4820 3041 4873 dies
3075 4831 3385 4872 numerare.
3416 4813 3647 4881 Quando

2065 4912 2322 4968 etiamid
2377 4913 2480 4967 sibi
2512 4914 2628 4966 vult
2680 4928 2743 4967 ea
2790 4913 3060 4966 mensium
3119 4908 3460 4971 constitutio,
3520 4920 3646 4960 cum

2064 5006 2206 5075 pleni
2257 5006 2372 5068 alii,
2407 5006 2499 5058 alii
2536 5004 2654 5058 cavi
2682 5011 2996 5058 sumuntur.
3033 5000 3142 5055 Sed
3175 5015 3285 5054 non
3315 4998 3510 5053 suﬁleit
3555 5005 3644 5050 ta-

2062 5109 2210 5147 men.
2240 5091 2521 5162 Siquidem
2563 5100 2617 5147 et
2637 5093 2739 5146 alia
2772 5092 3019 5162 quaadam
3062 5090 3256 5145 crebro
3286 5087 3644 5143 commentari

2063 5193 2300 5254 oportet,
2344 5186 2390 5239 si
2432 5185 2849 5239 consonantiam
2897 5183 3371 5253 aequalitatemque
3427 5192 3645 5233 servare

2062 5278 2295 5349 velimus
2328 5294 2341 5329 :
2376 5278 2426 5332 id
2449 5277 2593 5346 quod
2626 5286 2848 5347 prepter
2869 5292 2977 5330 non
3004 5290 3223 5344 parvam
3279 5275 3420 5327 lunae
3451 5268 3646 5324 confu-

2064 5369 2277 5424 sionem
2308 5375 2394 5425 est
2427 5367 2664 5423 difﬁcile.
2708 5367 2828 5433 Quo
2859 5367 2940 5430 fit,
2971 5373 3033 5421 ut
3072 5379 3250 5435 neque
3279 5361 3643 5417 Athenienses

2061 5459 2351 5514 videantur
2392 5468 2542 5515 recte
2575 5467 2738 5529 atque
2775 5459 2967 5514 ordine
3023 5455 3339 5528 procedere,
3383 5460 3443 5507 ut
3481 5467 3543 5506 ex
3576 5464 3643 5505 eo

377 5556 679 5626 eonjectari
745 5563 848 5622 est,
889 5556 1037 5626 quod
1098 5556 1341 5612 comicus
1401 5555 1592 5609 lunam
1660 5553 1791 5609 facit
1852 5554 1921 5608 iis
1967 5568 2312 5621 succensere,
2346 5555 2493 5625 quod
2534 5570 2643 5608 non
2682 5562 2831 5609 recte
2864 5553 2930 5608 ad
2961 5567 3118 5608 suum
3178 5550 3350 5621 ipsius
3393 5546 3642 5602 curricu-

376 5650 490 5706 ium
521 5661 767 5724 tempora
805 5651 1121 5723 dirigerent,
1142 5652 1237 5708 sed
1264 5651 1407 5706 infra
1438 5666 1604 5722 supra
1649 5649 2070 5715 confunderent;
2104 5649 2186 5705 sic
2243 5650 2391 5704 enim
2451 5651 2542 5705 ille
2597 5650 2860 5719 loquitur.
2919 5645 3319 5717 ExperiendUm
3343 5650 3524 5696 tamen
3557 5645 3642 5694 est

374 5748 669 5805 emendare
711 5763 810 5820 pro
882 5748 1051 5814 virili,
1104 5749 1309 5806 utendo
1374 5747 1596 5805 assidue
1649 5745 2003 5818 peritissimis
2073 5745 2382 5816 astrologiae
2455 5745 2888 5817 speculationum
2949 5747 3451 5814 praeceptorumque
3508 5748 3643 5788 conv

374 5853 400 5896 δ
427 5837 614 5892 liariis.
