4112 6440
454 384 587 443 ﬁt!

913 500 990 556 De
1017 517 1190 556 mense
1230 501 1596 558 intercalario.

534 593 670 648 XIX.
708 595 776 648 Et
803 609 993 649 mense
1015 594 1234 666 quidem
1266 596 1620 651 intercalario
1652 595 1849 654 Atticis
1889 600 2050 658 annis

456 686 625 741 etiam
655 703 795 758 opus
817 697 920 748 est,
964 689 1042 742 uti
1085 690 1240 757 prius
1283 689 1702 760 explicavimus,
1734 701 1793 746 ut
1840 710 2054 750 menses

461 787 815 849 perseverent
838 779 1178 848 temporibus
1201 782 1526 836 concordes.
1560 781 1912 840 lnserendum
1954 788 2057 840 ita-

461 887 570 940 que
601 870 1020 940 Scirophorioni
1062 876 1261 936 mensi,
1295 873 1386 942 qui
1419 875 1714 944 respondet
1747 875 1906 943 Maio,
1939 878 2057 934 dies

463 963 711 1032 triginta.
744 962 1048 1032 Teslcsque
1105 963 1268 1032 hujus
1334 965 1411 1018 rei
1453 964 1763 1020 Macrobius
1819 971 2057 1038 scriptor

475 1050 757 1105 Romanus
783 1059 836 1104 et
868 1049 1197 1107 Herodotus.
1229 1052 1364 1106 Nam
1420 1053 1509 1107 ille
1543 1055 1597 1107 in
1654 1054 2054 1122 Saturnalibus,

463 1143 595 1197 dum
643 1142 1001 1213 Glaucippum
1045 1144 1098 1198 in
1135 1149 1546 1202 commentariis
1574 1148 1641 1203 de
1688 1152 1862 1206 sacris
1891 1153 2058 1207 Athe-

463 1233 740 1288 niensium
791 1235 1202 1304 interpretatur,
1271 1235 1406 1290 dicit
1452 1237 1816 1294 Athenienses
1865 1241 2058 1296 ultimo

466 1330 645 1382 mensi
676 1327 805 1381 anni
839 1326 1146 1397 superfluos
1177 1327 1296 1383 dies
1327 1329 1584 1397 injicere;
1626 1333 1777 1402 atqui
1831 1334 2058 1392 ultimus

464 1428 552 1474 est
590 1417 1006 1490 Scirophorion.
1067 1418 1304 1476 Rursum
1352 1421 1656 1479 Herodotus
1689 1425 2058 1480 inlercalatio-

466 1529 593 1568 nem
629 1529 752 1570 esse
801 1514 1014 1568 dierum
1068 1514 1340 1568 tricenum
1374 1516 1588 1571 abunde
1620 1519 1934 1574 manifestat
1973 1521 2058 1575 his

467 1606 686 1661 verbis:
711 1625 729 1658 ι
761 1604 917 1671 Quod
953 1607 1000 1662 si
1031 1608 1196 1673 volet,
1221 1607 1422 1678 inquit,
1455 1609 1685 1664 alterum
1715 1625 1918 1664 annum
1937 1628 2059 1666 esse

463 1716 631 1771 quam
661 1701 915 1765 alterum,
954 1715 1064 1754 uno
1092 1717 1277 1756 mense
1300 1702 1586 1771 majorem,
1620 1711 1678 1757 ut
1706 1711 1950 1774 tempora
1972 1722 2060 1760 eo-

468 1792 593 1846 dem
620 1799 929 1862 opportune
965 1801 1278 1857 recurrant,
1306 1809 1523 1848 menses
1559 1795 1777 1864 quidem
1821 1797 2049 1853 interca-

1516 383 1608 438 AD
1649 383 1920 441 EUSEBII
1957 385 2354 444 CHRONICON
2383 386 2748 442 APPENDIX.

2080 515 2130 570 Δ

3606 383 3750 442 1219·

2581 505 2719 574 Περὶ
2749 505 3073 574 ἐμϐολᾲιου
3102 505 3318 573 μηνός.

2230 598 2330 651 ΙΘ’.
2369 600 2478 652 Καὶ
2514 599 2612 668 μὲν
2651 597 2715 669 δὴ
2751 597 2844 649 καὶ
2885 597 3054 666 μηνὸς
3099 594 3397 664 ἐμϐολίμου
3423 593 3604 664 δεήσει
3632 595 3747 668 τοῖς

2151 690 2435 752 ,Ἂττικοῖς
2481 689 2647 751 ἔτεσι,
2696 687 2949 756 καθάπερ
2994 686 3209 756 εἴρηται
3253 684 3538 754 πρότερον,
3586 684 3650 736 ἵν’
3690 683 3746 755 ι)¹

2161 783 2326 853 μῆνες
2352 781 2740 852 συμϐαίνοντες
2761 780 3043 834 διατελῶσι
3070 782 3190 841 ταῖς
3217 777 3407 848 ὥραις.
3433 777 3740 847 Ἐπεμϐλη-

2156 862 2342 924 τέονδ
2367 872 2472 942 ἄρα
2499 873 2591 925 ἐπί
2612 871 3002 942 Σκιροφοριῶνι
3035 871 3166 940 μηνὶ
3190 869 3483 940 τριάκοντα
3504 870 3733 940 ἡμέρας.

2159 961 2450 1032 Μάρτυρες
2493 962 2549 1015 δὲ
2594 962 2798 1015 τούτων
2834 961 3150 1032 Μακρόϐιος
3194 961 3461 1031 Ῥωμαῖος
3504 978 3742 1031 συγγρα-

2159 1057 2290 1123 φεὺς
2313 1055 2404 1107 καὶ
2421 1054 2720 1124 Ἡρόδοτος·
2744 1056 2772 1107 ὁ
2802 1053 2900 1124 μὲν
2921 1053 3095 1121 λέγων
3123 1055 3179 1105 ἐν
3204 1055 3316 1114 τοῖς
3341 1053 3611 1118 Κρονίοις
3636 1052 3738 1104 τῶν

2161 1150 2631 1222 συγγραμμάτων,
2690 1146 3233 1218 μεθερμηνευόμενος
3285 1144 3633 1199 Γλαύκιππον
3681 1145 3741 1196 ἐν

2158 1243 2269 1303 τοῖς
2323 1241 2451 1311 περὶ
2497 1239 2605 1292 τῶν
2645 1238 2930 1311 Ἀθήνῃσιν
2970 1236 3130 1306 ίερῶν
3173 1236 3266 1288 καὶ
3294 1235 3456 1288 ὁσίων
3494 1235 3740 1306 ὑπομνή-

2163 1347 2319 1399 μασι,
2358 1331 2523 1398 φάναι
2563 1328 2878 1398 ’Δθηναίους
2905 1327 3002 1390 τὰς
3027 1326 3284 1398 περιττὰς
3312 1326 3524 1396 ἡμέρας
3551 1325 3628 1395 τῷ
3651 1342 3742 1378 τε-

2160 1423 2392 1492 λευταίῳ
2425 1420 2788 1491 ἐπεμϐάλλειν
2839 1421 2970 1491 μηνὶ
3001 1419 3095 1472 τοῦ
3132 1419 3400 1473 ἐνιαυτοῦ·
3438 1419 3745 1480 τελευταῖος

2159 1513 2215 1566 δὲ
2247 1512 2615 1586 Σκιροφοριὼν
2643 1510 2729 1584 ἦν·
2754 1516 2781 1566 ό
2799 1513 2854 1566 δέ
2883 1509 2948 1566 αὖ
2973 1513 3038 1565 ἐκ
3064 1511 3269 1565 τούτων
3291 1510 3569 1580 διασαφῶν
3594 1528 3746 1582 τρια-

2161 1605 2500 1676 κονθήμερον
2529 1605 2620 1658 τὸν
2649 1605 2944 1676 ἐμϐόλιμον
2975 1600 3134 1657 εἶναι·
3170 1623 3187 1654 ι
3224 1605 3286 1656 Εἰ
3315 1604 3372 1656 δέ
3405 1603 3468 1673 δὴ
3498 1601 3744 1673 ἐθελήσει

2160 1697 2254 1750 τοῦ
2291 1697 2335 1749 θ’
2366 1698 2557 1769 ἓτερον
2581 1696 2690 1750 τῶν
2725 1697 2890 1749 ἐτέων
2925 1696 3057 1767 μηνὶ
3097 1695 3437 1766 μακρότερον
3470 1693 3739 1761 γίνεσθαι,

2165 1791 2248 1842 ἵνα
2263 1789 2326 1860 δὴ
2350 1792 2404 1842 αἱ
2429 1783 2566 1860 ὧραι
2592 1788 2928 1859 συμϐαίνωσι
2959 1785 3389 1858 παραγινόμεναι
3411 1786 3490 1846 εἰς
3512 1784 3574 1836 τὸ
3599 1784 3739 1848 δέον,

470 1880 590 1934 larii
620 1881 840 1951 triginta
870 1880 1113 1951 quinque
1149 1881 1284 1936 fiunt
1315 1898 1410 1952 per
1449 1899 1624 1939 annos
1684 1887 2052 1955 septuaginta,

2173 1883 2329 1952 αῆνες
2363 1883 2461 1952 μὲν
2497 1881 2646 1953 παρὰ
2695 1880 2761 1933 τὰ
2799 1879 3171 1949 ἐϐδομήκοντα
3209 1877 3331 1929 ἔτεα
3367 1877 3415 1928 οἱ
3462 1875 3744 1947 ἐμϐόλιμοι

469 1973 587 2028 dies
616 1988 744 2028 vero
771 1989 840 2028 ex
877 1973 965 2028 his
1002 1974 1285 2030 mensibus
1328 1975 1474 2029 mille
1506 1983 1560 2030 et
1586 1978 2003 2048 quinquaginta.
2033 1999 2051 2030 ι

544 2146 724 2215 Quoto
762 2155 942 2203 autetn
962 2164 1182 2220 quoque
1205 2165 1348 2205 anno
1402 2151 1834 2208 intercalandum
1869 2153 1962 2221 sit,
2012 2155 2058 2210 si

472 2241 598 2310 quis
624 2239 898 2295 Herodoto
951 2241 1109 2296 fidem
1165 2241 1472 2297 habendam
1534 2250 1708 2313 putat,
1769 2261 1836 2299 ex
1888 2263 2061 2317 nuper

474 2335 748 2406 appositis
779 2334 926 2404 quod
949 2333 1144 2405 quierit
1172 2349 1388 2389 sumere
1413 2341 1613 2405 potest.
1647 2337 1890 2392 Alternis
1913 2339 2060 2393 enim

476 2424 956 2479 intercalationem
1025 2425 1142 2479 fieri
1180 2424 1443 2488 declarat,
1479 2425 1609 2480 dum
1667 2427 1800 2483 dicit
1831 2431 2060 2485 alterum

475 2533 542 2572 ex
582 2517 797 2574 duobus
843 2516 1004 2572 annis
1053 2517 1170 2571 fieri
1223 2519 1397 2574 altero
1449 2518 1782 2590 longiorem,
1840 2532 1895 2580 et
1931 2524 2062 2579 dum

473 2610 721 2679 quinque
748 2617 803 2664 et
837 2610 1059 2681 triginta
1088 2625 1304 2667 menses
1325 2611 1706 2670 intercalarios
1723 2632 1818 2686 per
1847 2625 2066 2688 septua-

477 2701 627 2766 ginta
660 2714 834 2756 annos
859 2710 1167 2755 enumerat.
1192 2699 1251 2755 ld
1302 2703 1448 2772 quod
1478 2703 1665 2760 forsan
1695 2706 1874 2761 adhuc
1926 2708 2067 2763 indi-

478 2802 570 2861 get
599 2791 1061 2856 consideratione,
1092 2807 1330 2862 quonam
1376 2804 1534 2864 pacto
1563 2813 1659 2866 per
1694 2798 1938 2856 alternos
1965 2817 2067 2856 an—

2158 1974 2397 2042 γίνονται
2435 1975 2726 2045 τριάκοντα
2769 1971 2953 2031 πέντε,
2991 1970 3196 2041 ἡμέραι
3232 1968 3289 2021 δὲ
3324 1970 3388 2021 ἐκ
3419 1967 3526 2021 τῶν
3561 1968 3747 2039 μηνῶν

2158 2066 2362 2118 τούτων
2397 2066 2564 2136 χίλιαι
2592 2065 2684 2117 καὶ
2716 2064 3072 2132 πεντήκοντα.
3113 2079 3130 2111 ι

2231 2159 2309 2209 Δι’
2336 2157 2533 2209 ὁπόσου
2567 2155 2623 2208 δέ
2654 2153 2844 2226 χρόνου
2871 2150 3266 2221 ἐπεμϐλητέον,
3281 2150 3334 2202 εἴ
3361 2166 3446 2212 τις
3479 2147 3747 2221 Ἡροδότῳ

2163 2248 2444 2301 πείθεσθαι
2473 2247 2634 2313 ἀξιοῖ,
2667 2245 2892 2298 αὐτόθεν
2916 2245 2978 2296 ἐκ
3000 2243 3108 2296 τῶν
3138 2241 3232 2294 νῦν
3253 2240 3316 2311 δὴ
3334 2239 3748 2312 παρατεθέντων

2163 2341 2275 2411 ἕχει
2297 2339 2480 2392 λαϐεῖν
2507 2339 2567 2391 τὸ
2595 2337 2945 2409 ζητούμενον.
2983 2332 3242 2397 Ἐναλλὰξ
3264 2333 3371 2406 γάρ
3393 2352 3476 2387 τοι
3503 2334 3748 2406 παρήἓνα

2163 2431 2409 2502 γίνεσθαι
2428 2433 2516 2485 τὸν
2539 2429 2869 2502 ἐμϐολισμὸν
2891 2427 3044 2498 δηλοῖ
3063 2427 3158 2480 τοῦ
3180 2426 3226 2479 θ’
3247 2427 3333 2479 ἐτε
3342 2445 3434 2498 ρον
3458 2427 3567 2480 τῶν
3583 2427 3748 2480 ἐτέων

2163 2522 2356 2591 λέγων,
2371 2523 2465 2575 καὶ
2477 2519 2932 2592 τριακονταπέντε
2952 2517 3128 2589 μῆνας
3143 2517 3472 2587 ἐμϐολίμους
3487 2516 3594 2568 τῶν
3611 2515 3751 2568 ἐϐδο-

2169 2616 2411 2686 μήκοντα
2435 2612 2571 2666 ἐτῶν
2595 2611 2720 2684 apte
2729 2610 2864 2682 μῶν.
2883 2612 2955 2662 Ἢ
2971 2608 3128 2662 τοῦτο
3157 2609 3255 2678 μὲν
3280 2607 3410 2670 ἴσως
3436 2608 3606 2660 δεῖται
3628 2606 3750 2658 σκέ-

2165 2707 2331 2776 ψεως,
2357 2705 2473 2770 πῶς
2497 2705 2583 2768 ἂν,
2603 2705 2815 2775 θατέρῳ
2832 2703 2917 2756 ἀεὶ
2934 2702 3040 2754 τῶν
3071 2701 3208 2754 ἐτῶν
3233 2702 3329 2753 ἐπε
3339 2699 3748 2770 μϐαλλομένων.

2168 2799 2463 2869 τριάκοντα
2491 2796 2733 2868 ἡμερῶν,
2769 2793 3056 2864 συμϐαίνοι
3085 2795 3214 2856 τοὺς
3255 2792 3433 2862 μῆνας
3469 2791 3752 2861 ὁμολογεῖν

478 2897 582 2937 nos
623 2881 965 2937 intercalatis
1002 2881 1197 2938 diebus
1246 2883 1472 2952 triginta
1517 2885 1798 2956 contingat
1852 2903 2068 2944 menses

2173 2891 2288 2952 ταῖς
2311 2888 2481 2958 ῶραις
2505 2886 2610 2940 ἀεί·
2635 2884 2757 2938 ἐπεὶ
2782 2883 2837 2936 δέ
2867 2883 3043 2955 μάτην
3063 2882 3128 2935 ἂν
3151 2881 3354 2951 γίνοιτο
3381 2880 3467 2934 διὰ
3493 2879 3753 2934 πλειόνων

477 2972 898 3042 tempestatibus
925 2979 1258 3041 competere.
1291 2973 1522 3040 Quando
1550 2991 1682 3030 sane
1711 2986 1914 3032 temere
1973 2995 2070 3049 per

2173 2981 2230 3033 τὸ
2247 2980 2313 3033 δι’
2342 2979 2647 3032 ἐλασσόνων
2674 2977 2972 3047 δυνάμενον
2993 2974 3261 3044 γίνεσθαι·
3286 2973 3491 3042 γίνοιτο
3519 2972 3563 3024 δ’
3591 2972 3657 3026 ἂν
3683 2972 3753 3025 δι’

478 3063 636 3133 plura
661 3061 771 3128 fiat,
803 3063 949 3132 quod
981 3062 1098 3118 fieri
1124 3063 1302 3133 possit
1334 3080 1430 3135 per
1452 3065 1742 3135 pauciora;
1795 3071 1940 3139 atqui
1974 3085 2070 3139 per

2173 3072 2494 3133 ἐλασσόνων,
2527 3071 2576 3122 εί
2609 3069 2698 3122 διὰ
2729 3068 2991 3138 τετάρτου
3029 3065 3202 3136 ταύτῃ
3245 3064 3532 3135 γινόμενον
3578 3059 3636 3116 εὗ
3687 3063 3756 3117 ἂν

479 3156 737 3227 pauciora
769 3156 883 3220 ﬁat,
910 3155 958 3210 si
985 3164 1182 3226 quarto
1212 3171 1431 3226 quoque
1461 3172 1605 3211 anno
1662 3158 1864 3216 factum
1917 3177 2070 3232 teque

2174 3163 2305 3235 ἔχοι·
2351 3161 2664 3234 ληφθέντων
2717 3161 2816 3231 μὲν
2865 3159 2973 3212 τῶν
3031 3157 3216 3229 μηνῶν
3264 3156 3387 3209 καθ’
3430 3155 3466 3210 ἃ.
3519 3157 3752 3228 εἴρηται,

480 3256 636 3303 recte
659 3247 878 3302 habeat.
908 3245 1157 3317 Sumptis
1188 3248 1408 3318 quidem
1441 3249 1744 3315 mensibus,
1795 3259 1852 3306 ut
1883 3254 2072 3308 retuli-

480 3353 625 3403 mus,
651 3344 705 3392 et
749 3337 1089 3392 interealatis
1127 3339 1322 3396 diebus
1383 3341 1608 3410 triginta
1669 3351 1794 3412 post
1849 3345 2070 3399 tertium

480 3447 756 3504 quemque
778 3446 1002 3497 annum,
1023 3431 1126 3486 hoc
1142 3440 1227 3487 est
1253 3432 1541 3487 intervallo
1551 3432 1784 3488 duorum
1802 3450 2072 3492 annorum

483 3525 955 3580 intercalalionem
984 3525 1121 3589 fieri,
1145 3525 1252 3581 nisi
1276 3527 1321 3581 si
1340 3527 1407 3581 ab
1436 3526 1540 3582 hoc
1587 3527 1900 3583 inchoativo
1931 3544 2070 3598 quo-

485 3615 630 3686 piam
657 3615 748 3670 die
777 3615 1056 3670 solstitiali
1087 3629 1267 3670 annus
1297 3616 1542 3684 incipiat.
1578 3613 1719 3669 Sunt
1773 3624 1954 3671 autem
1988 3617 2074 3670 in-

485 3707 728 3761 choativi
759 3707 1104 3772 solstitiales,
1131 3707 1362 3777 primus,
1398 3707 1694 3770 secundus,
1725 3709 1938 3772 tertius,
1960 3709 2078 3764 uni-

487 3814 660 3854 versae
689 3796 1053 3867 perfectaque
1082 3797 1313 3866 periodi.
1375 3796 1592 3852 Primus
1629 3799 1852 3868 quidem
1914 3799 2075 3869 primi

489 3905 756 3944 annorum
793 3889 1104 3955 undenarii,
1136 3898 1191 3943 et
1223 3890 1556 3960 imperfectae
1594 3891 1840 3961 periodi;
1883 3908 2079 3946 secun-

489 3980 593 4034 dus
617 3995 748 4033 vero
771 3978 998 4033 secundi
1021 3979 1334 4042 undenarii,
1355 3990 1410 4033 et
1433 3978 1780 4060 ~imperfecta;
1829 3980 2078 4049 periodi;

491 4073 687 4128 tertius
727 4081 907 4128 autem
966 4073 1245 4142 sequentis
1295 4073 1563 4126 octonarii
1623 4072 1833 4141 justum
1889 4089 2081 4127 nume-

492 4179 615 4220 rum
663 4165 933 4219 universae
980 4163 1341 4233 perfectaeque
1398 4162 1560 4232 168
1589 4162 1798 4231 periodi
1850 4163 2081 4232 implen-

493 4265 584 4318 tis.
618 4261 754 4316 Nam
780 4261 884 4316 hoc
907 4276 1080 4332 genus
1123 4259 1412 4323 curriculi,
1449 4267 1507 4312 ut
1543 4259 1703 4328 plena
1747 4258 1802 4312 in
1852 4259 1938 4314 his
1988 4259 2082 4315 fiat

493 4372 764 4411 annorum
803 4355 1094 4419 revolutio,
1121 4355 1428 4410 ternarium
1473 4353 1629 4408 illum
1663 4368 1930 4407 annorum
1958 4369 2083 4424 gra-

493 4449 627 4503 dum
655 4448 883 4519 expetit.
923 4446 1095 4502 Porro
1147 4445 1350 4500 accidit
1382 4444 1519 4499 nihil
1551 4444 1744 4498 ultimo
1796 4459 1941 4500 anno
1990 4463 2084 4501 su-

2177 3259 2273 3309 ἐπε
2283 3254 2668 3327 μϐαλλομένων
2693 3253 2750 3306 δέ
2777 3251 3068 3323 τριάκοντα
3094 3250 3315 3321 ἡμερῶν
3347 3249 3426 3320 τῷ
3447 3249 3616 3320 τρίτῳ
3647 3248 3756 3300 ἑτει

2173 3349 2282 3410 ἀεὶ,
2304 3347 2461 3401 τοῦτο
2480 3347 2526 3399 δ’
2557 3345 2673 3398 ἐστὶ
2704 3343 2855 3413 παρὰ
2885 3342 2978 3395 δύο
3005 3341 3253 3410 γίνεσθαι
3283 3341 3373 3393 τὸν
3402 3337 3753 3409 ἐμϐολισμόν·

2174 3437 2312 3508 πλὴν
2338 3439 2384 3489 εἰ
2411 3435 2520 3507 ἄρα
2542 3434 2650 3489 ἀπό
2678 3450 2824 3496 τινος
2846 3431 2954 3485 τῶν
2983 3431 3228 3502 ἀρχικῶν
3247 3428 3522 3501 τροπικῶν
3537 3427 3760 3499 ἡμερῶν

2175 3532 2398 3604 ἄρχεται
2431 3530 2460 3582 ὁ
2493 3527 2759 3590 ἐνιαυτός.
2811 3518 2984 3579 Αῦται
3031 3525 3076 3578 δ’
3113 3525 3220 3576 eici.
3260 3521 3475 3595 πρώτη,
3511 3521 3760 3592 δευτέρα,

2175 3626 2355 3696 τρίτη,
2385 3621 2486 3692 τῆς
2509 3621 2636 3692 ὅλης
2663 3618 2755 3673 καὶ
2786 3615 3109 3680 αὐτοτελοῦς
3137 3615 3411 3686 περιόδου·
3439 3613 3631 3684 πρώτη
3663 3612 3762 3682 μὲν

2175 3713 2275 3782 τῆς
2308 3709 2530 3782 πρώτης
2559 3707 2840 3770 ἑνδεκάδος
2863 3707 2958 3760 καὶ
2982 3704 3208 3768 ἀτελοῦς
3232 3704 3502 3776 περιόδου·
3533 3701 3764 3772 δευτέρα.

2178 3803 2234 3856 δέ
2253 3802 2349 3870 τῆς
2369 3800 2626 3872 δευτέρας
2647 3797 2928 3862 ἑνδεκάδος
2951 3797 3047 3850 καὶ
3066 3795 3291 3859 ἀτελοῦς
3312 3794 3583 3865 περιόδου·
3602 3791 3762 3862 τρίτη

2179 3893 2236 3945 δέ
2254 3893 2352 3961 τῆς
2373 3890 2500 3960 ἑξῆς
2521 3890 2746 3952 ὀκτάδος
2773 3906 2836 3942 συ
2845 3886 3200 3959 μπληρούσης
3221 3887 3320 3958 τὴν
3336 3886 3463 3955 ὅλην
3477 3901 3535 3936 τε
3553 3884 3647 3937 καὶ
3663 3883 3764 3934 αὺ-

2179 3983 2370 4053 τοτελῆ
2402 3982 2667 4053 περίοδον.
2695 3981 2952 4035 Βούλεται
2971 3981 3067 4052 μὲν
3083 3979 3192 4050 γὰρ
3217 3981 3250 4050 ή
3273 3977 3459 4046 ἔφοδος
3484 3976 3622 4028 κάπὶ
3643 3973 3764 4026 τού-

2181 4094 2288 4128 των
2320 4076 2420 4146 τὴν
2457 4074 2668 4144 τριάδα·
2714 4074 3001 4145 συμϐαίνει
3033 4073 3091 4126 δὲ
3124 4069 3463 4144 περιττεύειν
3494 4067 3664 4139 μηθὲν
3687 4067 3766 4137 τῷ

2181 4168 2476 4238 τελευταίῳ
2496 4168 2627 4220 ἔτει·
2657 4167 2769 4222 ἀλλ’
2799 4168 2918 4237 ἦτοι
2947 4165 3232 4229 ἐλλείπειν,
3262 4163 3338 4226 ὡς
3367 4162 3459 4214 ἐπὶ
3486 4161 3584 4230 τῆς
3614 4157 3764 4228 πρώ-

2182 4279 2282 4332 της
2313 4260 2593 4324 ἑνδεκάδος
2632 4260 2727 4313 καὶ
2761 4260 2860 4329 τῆς
2899 4259 3178 4330 δευτέρας,
3213 4257 3246 4328 ἢ
3295 4255 3520 4318 ἰσάζειν,
3567 4253 3642 4315 ὡς
3677 4253 3768 4304 ἐπὶ

2183 4355 2282 4424 τῆς
2323 4353 2450 4423 ἑξῆς
2490 4369 2554 4422 γε
2588 4351 2835 4415 όκτάδος.
2881 4351 2958 4404 Δι’
2997 4350 3135 4420 ὅπερ
3165 4348 3380 4417 ἀνάγκη
3423 4345 3500 4416 τῷ
3542 4341 3680 4413 μετὰ
3708 4342 3770 4394 τὸ

2186 4445 2414 4519 ἀρχικὸν
2442 4445 2604 4508 εὐθὺς
2632 4445 2741 4497 ἑτει
2772 4444 2998 4511 ἐπάγειν
3028 4443 3125 4504 τὰς
3153 4439 3434 4510 περιττάς.
3467 4438 3556 4488 Δεῖ
3587 4433 3771 4504 μέντοι

497 4541 797 4612 perﬂuere;
827 4541 922 4598 sed
958 4541 1042 4596 vel
1073 4540 1332 4604 deﬁcere,
1366 4547 1427 4592 ut
1456 4539 1510 4592 in
1536 4537 1716 4608 primo
1745 4545 1799 4592 et
1842 4538 2070 4592 secunde

2189 4535 2282 4590 καί
2309 4552 2452 4598 τινος
2491 4535 2683 4606 ἐτέρας
2718 4533 3037 4606 προσθήκης
3067 4531 3157 4585 διὰ
3184 4529 3254 4583 τά
3286 4527 3644 4598 ἐπιτρέχοντα
3669 4523 3772 4593 μό-

498 4634 838 4701 undenario;
894 4634 979 4688 vel
1027 4648 1270 4704 aequare,
1332 4639 1392 4686 ut
1442 4630 1497 4684 in
1548 4637 1811 4700 sequente
1856 4629 2079 4698 quidem

497 4725 803 4782 octonario.
851 4724 1198 4795 Quapropter
1250 4737 1476 4778 necesse
1518 4731 1602 4776 est
1673 4719 1933 4773 continuo
1998 4719 2075 4772 illi

497 4835 664 4884 anno,
687 4823 779 4890 qui
827 4821 1090 4876 initialem
1125 4819 1351 4889 excipit,
1385 4817 1503 4873 dies
1567 4815 1912 4870 abundantes
1943 4815 2201 4884 adjicere.
2229 4815 2415 4869 Altera

498 4925 620 4985 pter
639 4921 1022 4969 exeurrentem
1084 4912 1410 4983 particulam

497 5009 647 5062 vices
687 5007 792 5060 hoc
820 5005 1006 5060 modo.

572 5099 680 5154 Fac
730 5114 856 5154 esse
919 5095 1392 5154 Hecatombaeonis
1449 5092 1737 5150 neomenia
1791 5090 2086 5148 solstitium

499 5194 680 5264 primo
709 5206 856 5246 anno
881 5210 895 5246 :
924 5196 1188 5260 sequente
1227 5185 1476 5258 profecto
1504 5185 1612 5239 erit
1636 5182 1964 5238 duodecimo
1999 5183 2087 5237 die

502 5284 1010 5351 Hecatombaaonis;
1033 5283 1194 5352 eique
1223 5279 1410 5335 addito
1466 5277 1840 5342 intercalario,
1871 5275 2087 5346 ipsique

503 5359 943 5449 supplementum
1001 5375 1312 5429 confectum
1356 5379 1462 5436 est,
1513 5376 1568 5425 et
1623 5367 1873 5438 sequenti
1919 5381 2085 5429 anno,

503 5480 636 5543 puta
668 5470 852 5534 tertio,
879 5467 1176 5524 solstitium
1201 5463 1420 5520 exsistit
1442 5461 1705 5516 vicesimo
1735 5459 1980 5516 secundo
1997 5459 2088 5512 die

506 5562 714 5617 mensis
781 5557 1141 5620 interealarii,
1188 5564 1243 5612 et
1287 5553 1549 5625 superflui
1599 5559 1728 5608 sunt
1757 5551 1878 5607 dies
1921 5559 2085 5614 octo;

507 5656 654 5724 atqui
678 5653 930 5710 undecim
962 5651 1270 5722 oportebat.
1296 5649 1483 5716 Itaque
1507 5647 1562 5700 in
1585 5655 1840 5716 quartum
1875 5644 2088 5698 instan-

506 5746 581 5799 tis
634 5742 1106 5800 Hecatombaonis
1163 5740 1461 5795 solstitium
1494 5748 1692 5808 quarto
1743 5752 1886 5791 anno
1918 5737 2092 5800 redit;

507 5835 705 5893 deinde
727 5837 783 5891 in
815 5836 1089 5893 decimum
1123 5834 1377 5904 quinlutn
1437 5847 1582 5886 anno
1631 5827 2009 5899 consequenti,
2041 5827 2095 5881 in

2193 4644 2304 4698 ρια,
2333 4627 2470 4696 εἴγε
2498 4627 2710 4698 ἡμέρας
2742 4625 2978 4678 ἐλλείπει
3014 4625 3144 4694 μιᾶς
3172 4639 3276 4674 που
3304 4620 3391 4673 διὰ
3420 4615 3773 4689 τετραετηρί-

2185 4719 2294 4782 δος.
2341 4717 2785 4790 Ἀναπληρωτέον
2817 4716 2873 4769 δὲ
2901 4713 3044 4770 κατὰ
3072 4714 3237 4784 μέρος
3261 4704 3384 4764 ὧδε.

2492 4821 2674 4867 tamen
2729 4811 3010 4866 additione
3071 4809 3236 4864 etiam
3301 4824 3441 4879 opus
3483 4811 3587 4864 est,
3642 4814 3774 4870 pro-

1460 4925 1472 4960 :
1516 4909 1791 4979 siquidem
1835 4915 2034 4978 quarto
2082 4924 2302 4980 quoque
2342 4923 2487 4962 anno
2511 4907 2631 4961 dies
2673 4920 2817 4960 unus
2870 4903 3045 4959 deest.
3102 4901 3400 4974 Repleatur
3446 4902 3632 4968 itaque
3679 4909 3778 4964 per

2273 5082 2612 5138 ’Υποκείσθω
2653 5077 3127 5152 Ἑκατομϐαιῶνος
3152 5076 3419 5148 νουμηνία
3441 5076 3542 5146 τὴν
3570 5075 3778 5147 τροπὴν

2188 5175 2328 5231 εἶναι
2352 5176 2430 5247 τῷ
2463 5175 2673 5254 πρώτῳ
2689 5174 2818 5228 ἔτει·
2849 5171 3046 5226 οὐκοῦν
3070 5170 3148 5242 τῷ
3169 5169 3408 5242 δευτέρῳ
3431 5168 3660 5239 δευτέρα
3683 5169 3780 5221 ἐπὶ

2189 5270 2341 5323 δέκα.
2377 5267 2564 5338 Τούτῳ
2593 5266 2636 5319 δ’
2665 5265 2996 5334 ἐπαχθέντος
3040 5263 3135 5316 τοῦ
3175 5261 3508 5331 ἐμϐολίμου,
3555 5260 3687 5312 αὐτό
3720 5277 3778 5311 τε

2197 5362 2679 5434 συμπεπλήρωται,
2728 5360 2821 5412 καὶ
2863 5359 2897 5429 ή
2941 5356 3116 5429 τροπὴ
3144 5355 3304 5426 ὀγδόῃ
3342 5353 3440 5407 τοῦ
3481 5353 3780 5424 ἐμϐολίμου

2191 5457 2470 5526 φθίνοντος
2505 5454 2741 5524 ὑπάρχει
2782 5449 2860 5521 τῷ
2904 5450 3132 5512 ἐπιόντι,
3182 5449 3278 5501 καὶ
3315 5446 3571 5516 περιτταὶ
3613 5443 3776 5497 ὀκτώ·

2191 5546 2360 5600 δεῖδέ
2405 5546 2617 5599 ἐνδεκα.
2663 5542 2872 5597 Οὐκοῦν
2910 5544 2988 5604 είς
3035 5539 3300 5610 τετάρτην
3347 5537 3638 5606 ἱσταμένου
3684 5532 3780 5586 τοῦ

2205 5637 2681 5709 Ἑκατομϐαιῶνος
2716 5635 2981 5704 ἐπανήκει
3007 5631 3085 5702 τῷ
3112 5631 3237 5700 ἑξῆς
3265 5632 3298 5699 ή
3329 5629 3528 5699 τροπή·
3557 5622 3674 5679 εἶτα
3703 5627 3782 5686 εἰς

2200 5735 2456 5805 πέμπτην
2490 5730 2582 5783 ἐπὶ
2613 5729 2745 5782 δέκα
2776 5727 2853 5797 τῷ
2883 5723 3126 5796 ἐχομένῳ
3155 5722 3389 5792 πρόεισι.
3426 5720 3598 5772 Τοῦτο
3635 5718 3680 5769 δ’
3715 5711 3781 5771 αὖ

2200 5822 2496 5894 ἐμϐολάςον
2546 5821 2625 5882 εἰς
2681 5817 2937 5886 πέμπτην
2991 5812 3085 5867 τοῦ
3143 5811 3440 5882 ἐμϐολίμου
3507 5807 3782 5878 φθίνοντος
