4112 6440
450 358 588 417 1215

1435 349 1792 410 THEODORI
1829 351 2037 407 GAZ/E
2077 352 2281 408 LIBER
2323 354 2414 410 DE
2451 355 2823 415 MENSIBUS.

3583 362 3725 418 ιειι

445 476 737 547 καθίστησι
782 473 883 546 τὴν
928 472 1137 545 τροπὴν
1191 469 1270 545 τῷ
1320 473 1564 536 ἐπιόντι,
1621 472 1715 525 καὶ
1771 469 2020 543 περιττὰς

2132 488 2243 542 quo
2268 473 2683 531 intercalatione
2712 475 2860 532 facta
2877 476 3079 548 quinto
3097 483 3153 534 et
3181 475 3444 534 vicesimo
3466 477 3553 534 die
3567 493 3722 534 nieno-

420 570 627 627 πέντε.
662 569 824 621 Ὥστε
875 566 936 621 τὸ
985 564 1183 636 ἐφεξῆς
1236 566 1302 637 δὴ
1345 565 1552 638 ἑϐδόμῃ
1605 563 1893 635 ἱσταμένου
1938 562 2033 616 τοῦ

454 660 926 733 Ἑκατομϐαιῶνος
973 659 1293 732 τροπιάσει,
1332 660 1427 712 καὶ
1465 658 1629 732 ὀγδόῃ
1669 658 1765 711 ἐπὶ
1800 655 1933 710 δέκα
1975 656 2035 710 τὸ

443 756 562 825 μετ’
598 755 752 808 αὐτό.
794 751 997 808 Τούτου
1030 752 1087 805 δὲ
1124 751 1288 805 πάλιν
1333 749 1750 821 ἐμϐολάζοντος,
1791 752 1825 820 ἡ
1857 747 2033 822 τροπὴ

437 845 667 917 δευτέρᾳ
700 843 793 898 τοῦ
842 843 1142 916 ἐμϐολίμου
1185 843 1466 913 φθίνοντος
1504 842 1656 896 ἔσται
1692 843 1772 913 τῷ
1802 842 2031 909 ἐπιόντι,

440 939 537 993 καὶ
589 937 843 1009 περιτταὶ
895 934 1006 989 δύο.
1066 935 1156 1007 Τῷ
1202 936 1310 1008 ἄρα
1358 935 1487 1003 ἑξῆς
1528 937 1609 999 εἱς
1653 936 1889 1006 δεκάτην
1936 934 2032 987 τοῦ

448 1027 923 1101 Ἑκατομϐαιῶνος
962 1026 1313 1099 περιΐσταται
1345 1028 1380 1098 ἡ
1421 1025 1622 1097 τροπὴ,
1668 1027 1765 1080 καὶ
1816 1025 1894 1096 τῷ
1937 1027 2032 1081 ἐπὶ

436 1121 612 1194 τούτῳ
645 1124 726 1184 είς
756 1121 988 1192 δεκάτην
1021 1119 1085 1190 δὴ
1120 1118 1422 1189 φθίνοντος.
1463 1118 1627 1171 Τουτὶ
1654 1118 1698 1171 δ’
1729 1118 2031 1189 ἐμϐολάζον

438 1214 743 1268 τελευταῖον
775 1213 876 1284 τῆς
904 1210 1128 1283 πρώτης
1159 1210 1460 1275 ἑνδεκάδος,
1488 1212 1570 1275 είς
1590 1198 1853 1281 δευτέραν
1881 1212 2032 1264 ἱσταο

438 1304 602 1376 μένου
626 1304 719 1358 τοῦ
753 1302 1228 1374 Ἑκατομϐαιῶνος
1249 1299 1651 1371 ἀποκαθίστησι
1676 1298 1775 1371 τὴν
1796 1300 2027 1372 τροπὴν,

437 1396 697 1469 περιττὴν
729 1395 829 1467 μὲν
869 1393 1138 1466 μηδεμίαν
1168 1392 1480 1454 ὑπολεῖπον,
1521 1391 1647 1460 μιᾶς
1698 1389 1744 1441 δ’
1777 1390 1857 1442 ἔτι
1888 1388 2027 1444 δέον.

435 1489 584 1560 Αὕτη
621 1489 720 1560 μὲν
748 1483 844 1543 οὖν
876 1485 1070 1559 πρώτη
1105 1484 1351 1548 ένδεκάς,
1379 1483 1473 1536 καὶ
1503 1481 1751 1553 περίοδος
1783 1483 1842 1533 ὲν
1872 1480 2029 1552 μέρει

434 1582 530 1636 καὶ
556 1579 784 1652 ἀτελὴς,
821 1576 1098 1648 ἀρχομένη
1131 1577 1230 1648 μὲν
1259 1574 1369 1629 ἀπὸ
1401 1571 1700 1643 νουμηνίας
1730 1570 1826 1624 τοῦ
1871 1571 2030 1623 Ἐκα-

434 1672 794 1744 τομϐαιῶνος,
840 1668 1149 1724 τελευτῶσα
1185 1668 1241 1721 δὲ
1282 1668 1362 1731 εἰς
1407 1656 1667 1737 δευτέραν
1715 1662 2025 1734 ἱσταμένου,

431 1764 499 1817 δι’
532 1764 764 1827 έπτάδος
796 1760 1081 1831 ίθαγενοῦς
1120 1758 1324 1832 δηλαδὴ
1366 1757 1740 1829 βοηθουμένης
1771 1755 2029 1827 τετράδος

433 1855 806 1928 ἐμϐολιμαίων
835 1830 988 1909 ἐτῶν·
1021 1830 1251 1925 δευτέρα
1280 1851 1337 1904 δὲ
1363 1850 1526 1921 ὁμοία
1555 1851 1637 1913 εἱς
1660 1849 1850 1922 τρίτην
1874 1849 2027 1902 ἱστα·
2060 1830 2101 1886 Β

437 1949 598 2020 μένου
647 1945 1050 2015 ἀποκαθίστησι
1095 1944 1195 2016 τὴν
1237 1944 1471 2015 τροπήν
1513 1940 1705 2012 τρίτην
1741 1939 1784 1993 δ’
1829 1939 2027 2011 ἔχουσα

432 2041 585 2107 τάξιν
628 2040 817 2103 όκτάς,
862 2038 1067 2110 ὁμοίως
1113 2034 1499 2107 ἐφοδευομένη,
1550 2033 1751 2106 πληροῖ
1790 2032 1890 2103 τὴν
1928 2032 2028 2104 τῆς

429 2134 558 2203 ὅλης
604 2131 698 2187 καὶ
749 2129 1074 2193 αὐτοτελοῦς
1127 2128 1380 2201 περιόδου
1423 2125 1895 2191 ἀποκατάστασιν,
1945 2126 2027 2189 εἱς

431 2225 728 2297 νουμηνίαν
777 2222 1195 2278 ἀποκαθιστᾶσα
1234 2219 1329 2275 τοῦ
1371 2217 1870 2291 Ἑκατομϐαιῶνος.
1915 2217 2025 2270 Καὶ

431 2321 518 2374 ἀεὶ
556 2316 731 2384 οὕτως
780 2317 1201 2390 περιϊστάμεναι
1247 2316 1305 2368 αἱ
1342 2312 1565 2385 τροπαὶ,
1604 2310 1880 2382 ὁμολόγως
1912 2313 2024 2375 τοῖς

435 2413 600 2485 μησὶν
627 2411 833 2480 ἕξουσι,
877 2407 1318 2484 προστιθεμένων
1356 2407 1452 2461 καλ⁹
1483 2406 1590 2460 τῶν
1627 2404 2024 2476 ὲπιτρεχόντων

434 2504 659 2577 μορίων,
691 2505 840 2567 ὅπως
872 2502 938 2557 ἂν
971 2503 1194 2573 ἄμεινον
1227 2498 1357 2572 δοκῇ
1385 2497 1756 2571 προστιθέναι.
1787 2495 2024 2567 Θεωρεί-

432 2596 545 2651 σθω
572 2596 629 2649 δὲ
651 2595 824 2650 ταῦτα
844 2595 982 2648 κάπὶ
1011 2594 1110 2665 τῆς
1138 2591 1454 2664 ὲκτεθεὶσης
1477 2590 1808 2665 διαγραφῆς.
1837 2589 2023 2644 Ταῦτα

434 2688 534 2758 μὲν
563 2689 629 2742 ἐκ
662 2686 867 2741 τούτων
916 2685 1249 2758 θεωρείσθω,
1294 2684 1402 2755 ὅτῳ
1453 2682 1731 2755 ἐπιμελές·
1776 2684 1827 2736 εἰ
1857 2682 1915 2736 δέ
1942 2699 2022 2753 τῳ

432 2781 584 2849 φίλον
623 2780 715 2833 καὶ
756 2778 899 2833 κατὰ
934 2778 1202 2849 Πλήθωνα
1244 2776 1475 2848 διαιρεῖν
1515 2793 1573 2830 τε
1615 2775 1712 2830 καὶ⁹
1741 2774 2018 2847 ἀριθμεῖν,

428 2872 540 2925 οὐδ’
565 2870 715 2941 αὐτῷ
734 2888 788 2923 τι
815 2867 1015 2924 κωλύει
1044 2868 1276 2940 χρῆσθαι
1297 2870 1364 2939 τῇ
1387 2865 1536 2932 τάξει
1559 2884 1619 2920 τε
1643 2868 1739 2920 καλ⁸
1754 2866 2021 2939 ὀνομασία

427 2964 538 3018 τῶν
571 2962 756 3035 μηνῶν
792 2964 858 3034 τῇ
896 2959 1241 3031 ἀποδοθείσῃ.
1275 2959 1396 3014 Κᾶν
1424 2958 1652 3031 Πλήθων
1681 2959 1824 3013 οὕτω
1851 2959 2020 3014 διονο-

433 3056 617 3129 μάζων
646 3057 777 3128 περὶ
804 3053 989 3127 μηνῶν
1008 3053 1271 3125 ἔγραφεν,
1294 3055 1343 3106 εί
1367 3055 1497 3125 παρ’
1524 3052 1685 3105 ἄλλου
1713 3052 1897 3106 λαϐεῖν
1917 3053 2018 3125 τὴν

429 3151 567 3223 πρὸς
594 3149 859 3221 ἀλλήλους
896 3145 1145 3212 σύνταξιν
1177 3146 1287 3202 τῶν
1319 3146 1505 3219 μηνῶν
1538 3142 1681 3217 εἶχεν
1710 3146 1904 3218 ὀρθῶς·
1930 3147 2020 3199 οὺ-

429 3241 520 3296 θὲν
547 3240 657 3297 γὰρ
680 3239 830 3297 αὐτῶ
858 3237 982 3293 οὒτε
1009 3240 1110 3297 τὰς
1143 3238 1480 3297 ἱερομηνίας,
1505 3236 1629 3291 οὔτε
1654 3237 1762 3291 τῶν
1794 3241 1826 3297 ἠ
1837 3238 2018 3297 μερῶν

2124 3146 2314 3210 buere,
2345 3151 2401 3200 et
2428 3159 2742 3209 numerare,
2774 3144 2914 3200 nihil
2971 3145 3126 3199 illum
3180 3144 3461 3215 impediat,
3494 3145 3674 3215 quomi

2124 3256 2230 3297 nus
2248 3246 2304 3297 et
2336 3238 2532 3295 ordine
2558 3246 2769 3297 utatur.
2799 3247 2856 3295 et
2881 3239 3167 3294 nominum
3195 3238 3409 3293 ratione
3451 3246 3582 3294 ante
3608 3254 3674 3294 ex

2751 3278 2769 3304 9
2799 3269 2856 3295 σι
2881 3269 3167 3294 Ιιυιηιιιιιιιι
3196 3269 3409 3293 ιαιιυησ
3451 3269 3582 3294 an“:
3608 3269 3707 3294 CI-

427 3241 520 3296 θὲν
547 3240 657 3313 γὰρ
680 3239 830 3310 αὐτῷ
858 3237 982 3293 οὒτε
1009 3240 1110 3303 τὰς
1143 3238 1480 3310 ἱερομηνίας,
1505 3236 1629 3291 οὔτε
1654 3237 1762 3291 τῶν
1794 3238 2018 3310 ἡμερῶν

425 3333 525 3405 τὴν
570 3332 975 3405 καταρίθμησιν
1025 3330 1334 3401 ἐλυμαίνετ’
1377 3328 1443 3384 ἂν
1479 3331 1515 3401 ἦ
1561 3347 1627 3399 γε
1678 3329 1786 3384 τῶν
1833 3331 2019 3403 μηνῶν

424 3426 709 3496 ὀνομασία,
733 3424 809 3488 ὡς
852 3423 1123 3494 Ἀθηναῖοι
1159 3417 1316 3494 ἦγον*
1348 3421 1423 3475 ὲῶ
1450 3421 1650 3490 λέγειν.
1681 3421 1757 3485 ὡς
1783 3424 1877 3475 καὶ
1899 3423 2020 3475 ἐσέ-

432 3536 626 3591 μνυνεν
652 3518 718 3572 ἂν
745 3516 943 3588 κομιδῇ
970 3515 1346 3586 ἐπικοσμοῦσα
1374 3514 1436 3568 τὸ
1461 3515 1716 3587 γράμμα.
1741 3514 1856 3569 Νῦν
1871 3514 1914 3567 δ’
1932 3516 2018 3569 ὅδε

422 3613 483 3665 τὸ
509 3611 606 3683 μὲν
622 3611 821 3666 ἄτοπον
848 3611 982 3681 ἡμῖν
1005 3607 1106 3679 τῆς
1136 3608 1376 3679 ἐκφορᾶς
1403 3606 1513 3661 τῶν
1548 3606 1874 3679 Ῥωμαϊκῶν
1901 3608 2018 3660 ὀνο-

429 3703 613 3773 μάτων
653 3702 894 3772 φεύγων,
938 3699 1265 3769 Ἰανουάριον
1292 3698 1388 3752 καὶ
1413 3698 1799 3769 Φεϐρουάριον,
1826 3698 1921 3751 καὶ
1946 3697 2018 3751 τὰ

421 3792 647 3847 τοιαῦτα
686 3794 787 3846 οὐκ
817 3791 1093 3863 ὀνομάζει·
1138 3789 1358 3861 ἀπορῶν
1389 3789 1447 3843 δὲ
1475 3788 1573 3861 τὴν
1613 3788 1864 3856 σύνταξιν
1905 3789 2015 3844 τῶν

436 3883 781 3954 Ἑλληνικῶν,
809 3883 903 3938 καὶ
934 3882 994 3936 τὸ
1022 3881 1151 3954 περὶ
1176 3880 1274 3954 τὴν
1298 3879 1524 3953 ζήτησιν
1546 3879 1893 3952 ταλαίπωρον
1921 3880 2014 3934 εύ-

428 3975 778 4046 λαϐούμενος,
812 3976 905 4028 ἐπὶ
930 3975 991 4027 τὸ
1024 3975 1314 4045 πρόχειρον
1352 3972 1610 4045 τρέπεται
1637 3972 1732 4026 τοῦ
1756 3972 2010 4044 ἀριθμοῦ.

2135 566 2215 622 sis
2243 566 2578 622 intercalarii
2607 569 2861 639 sequenti
2884 584 3052 634 anno,
3085 570 3296 626 scilicet
3325 578 3502 637 sexto,
3535 572 3722 627 solsti-

2135 657 2273 713 tium
2296 660 2619 724 collocatur,
2651 669 2707 716 et
2743 659 3091 731 superﬂuunt
3145 662 3409 733 quinque.
3465 663 3719 733 Quapro-

2132 759 2256 821 pter
2317 767 2498 808 annus
2549 755 2816 824 septimus
2884 770 3123 826 sequens
3198 757 3430 826 septimo
3476 757 3720 813 ineuntis

2132 840 2603 900 Hecatombazonis
2633 846 2931 903 solstitium
2954 853 3199 918 peraget,
3216 862 3271 904 et
3294 846 3508 904 decimo
3525 859 3720 903 octavo

2131 951 2313 994 annus
2335 945 2585 995 octavus.
2628 938 2743 995 Hoc
2772 955 2995 995 rursum
3028 940 3345 996 intercalari
3398 940 3563 1003 facto,
3607 941 3719 996 sol-

2131 1030 2340 1086 stitium
2375 1030 2481 1086 erit
2501 1030 2770 1087 vicesimo
2795 1047 2939 1087 nono
2974 1030 3064 1085 die
3120 1034 3331 1089 mensis
3381 1032 3717 1088 intercalarii

2130 1135 2276 1175 anno
2305 1130 2593 1192 sequente,
2626 1129 2680 1177 et
2704 1122 2823 1178 dies
2862 1124 3207 1179 abundantes
3233 1123 3366 1178 duo.
3398 1122 3558 1178 Anno
3586 1138 3718 1179 vero

2129 1214 2389 1279 decimo,
2445 1214 2498 1269 in
2566 1215 2840 1270 decimum
2884 1215 3357 1272 Hecatombaaonis
3421 1214 3717 1271 solstitium

2130 1305 2528 1377 circumagitur
2561 1325 2573 1361 :
2602 1314 2656 1361 et
2688 1307 2941 1376 proximo
2984 1308 3040 1362 in
3075 1309 3403 1364 vicesimum
3452 1308 3715 1379 primum,

2130 1397 2226 1467 qui
2256 1396 2436 1454 factus
2466 1399 2814 1456 intercalaris
2860 1400 3088 1457 ultimus
3146 1401 3370 1472 quidem
3408 1401 3571 1473 primi
3613 1417 3718 1457 un—

2129 1488 2362 1552 denarii,
2414 1491 2470 1545 in
2519 1492 2823 1546 secundum
2885 1491 3360 1551 Hecatombteonis
3411 1493 3715 1551 solstitium

2129 1583 2393 1646 restituit,
2420 1583 2629 1636 nullum
2668 1583 3002 1654 superﬂuum
3034 1585 3371 1656 relinquens,
3401 1586 3497 1642 sed
3535 1584 3715 1640 adhuc

2129 1675 2218 1731 die
2244 1674 2356 1730 uno
2388 1676 2658 1748 indigens.
2694 1678 2813 1748 Ipse
2831 1679 2996 1749 igitur
3029 1679 3243 1750 primus
3265 1678 3623 1747 undenarius,
3658 1694 3715 1736 et

2130 1768 2484 1838 particularis
2516 1769 2796 1839 periodus,
2826 1778 2881 1825 et
2911 1770 3258 1841 imperfecta,
3292 1772 3566 1843 incipiens
3592 1770 3718 1843 qui-

2128 1858 2250 1914 dem
2288 1875 2318 1913 a
2351 1860 2637 1914 novilunio
2673 1860 3167 1925 llecatombaeonis,
3199 1863 3288 1919 die
3311 1878 3440 1919 vero
3468 1864 3715 1921 secundo

2127 1951 2377 2020 ejusdem
2404 1950 2625 2019 ﬁniens,
2656 1967 2754 2022 per
2775 1958 2983 2022 septem
3032 1953 3247 2008 scilicet
3276 1967 3452 2009 annos
3487 1959 3715 2008 natura-

2129 2042 2231 2108 les,
2255 2043 2564 2113 opitulante
2590 2043 3002 2099 intercalarium
3027 2058 3296 2100 annorum
3323 2045 3710 2116 quaternione.

2130 2134 2419 2191 Secundus
2442 2143 2705 2205 praeterea
2744 2136 3083 2192 undenarius
3138 2136 3395 2193 similiter
3451 2137 3508 2192 in
3565 2136 3711 2193 diem

2128 2226 2352 2282 tertium
2382 2225 2856 2283 llecatombaeonis
2886 2228 3184 2284 solstitium
3217 2227 3417 2300 rejicit,
3450 2236 3506 2282 at
3546 2227 3713 2283 tertio

2128 2317 2252 2374 loco
2278 2320 2596 2377 octonarius
2641 2319 3103 2392 positus,pariter
3147 2321 3438 2387 decursus,
3499 2320 3714 2391 perﬁcit

2128 2408 2578 2482 illam‘universa:
2598 2410 2963 2482 perfectaque
2992 2412 3205 2483 periodi
3228 2413 3446 2482 plenam
3497 2413 3709 2468 instau-

2125 2502 2418 2569 rationem,
2450 2503 2748 2560 solstitium
2778 2504 2835 2560 in
2864 2504 3211 2560 neomeniam
3239 2503 3712 2562 Hecatombetnis

2127 2594 2447 2651 restituens.
2472 2594 2539 2649 Et
2561 2595 2643 2650 sic
2673 2610 2891 2668 semper
2926 2596 3264 2652 circumacta
3297 2596 3542 2654 solstitia
3582 2613 3709 2652 cum

2125 2686 2408 2742 mensibus
2440 2695 2782 2759 congruent,
2818 2685 3023 2743 additis
3074 2688 3239 2744 etiam
3296 2688 3584 2759 inrticulis
3613 2703 3712 2743 ex-

2125 2780 2474 2836 currentibus
2508 2795 2671 2851 quam
2703 2779 3158 2836 commodissile
3186 2779 3315 2835 addi
3345 2796 3510 2852 posse
3557 2781 3710 2838 vide-

2124 2871 2351 2927 buntur.
2377 2869 2549 2926 Porro
2570 2871 2975 2927 consideranda
3004 2871 3121 2927 haec
3175 2881 3307 2928 sunt
3334 2871 3499 2928 etiam
3528 2873 3584 2927 in
3614 2889 3711 2929 ex-

2124 2967 2304 3034 posita
2322 2956 2761 3035 ddescriptaquc
2815 2964 3039 3031 tabella,
3076 2964 3122 3020 si
3178 2965 3272 3020 cui
3324 2965 3379 3020 id
3428 2981 3575 3021 cura:
3599 2974 3706 3023 est.

2124 3052 2281 3120 Quod
2312 3053 2360 3109 si
2394 3052 2487 3108 cui
2539 3053 2718 3123 placet
2782 3053 3088 3109 secundum
3134 3051 3454 3109 Plethonem
3519 3052 3710 3109 distri-

2124 3146 2314 3210 buere,
2345 3151 2401 3200 et
2428 3159 2742 3209 numerare,
2774 3144 2914 3200 nihil
2971 3145 3126 3199 illum
3180 3144 3461 3215 impediat,
3494 3145 3710 3215 quomi-

2124 3334 2346 3407 plicata.
2392 3332 2573 3404 Atque
2604 3333 2769 3389 etiam
2823 3331 3056 3389 Plethon
3117 3331 3222 3386 hac
3264 3331 3708 3387 denominatione

2124 3442 2259 3484 usus
2299 3433 2467 3491 esset,
2490 3441 2614 3480 cum
2647 3426 2716 3482 de
2746 3426 3031 3482 mensibus
3063 3425 3352 3490 scriberet,
3379 3423 3426 3481 si
3457 3432 3606 3480 recte
3637 3424 3709 3481 ab

2124 3519 2233 3573 alio
2258 3519 2497 3574 mutuari
2517 3519 2659 3573 hanc
2686 3526 2933 3574 mutuam
2963 3518 3235 3574 mensium
3272 3518 3469 3573 seriem
3497 3518 3709 3588 potuis-

2125 3620 2228 3668 set.
2256 3609 2445 3681 Neque
2480 3610 2627 3668 enim
2658 3610 2761 3680 ipsi
2793 3625 2926 3667 suas
2959 3608 3147 3675 ferias,
3194 3608 3519 3680 dierumque
3567 3624 3707 3664 enu-

2120 3704 2485 3759 merationem
2515 3702 2904 3759 labefactasset
2927 3701 3233 3757 Atticorum
3277 3701 3552 3757 mensium
3606 3714 3707 3754 no-

2121 3795 2461 3850 menelatura
2487 3813 2500 3848 :
2528 3803 2588 3850 ut
2618 3794 2840 3850 interim
2871 3800 3107 3858 taceam,
3138 3799 3411 3864 quantum
3464 3792 3704 3862 dignita-

2119 3885 2194 3940 tis
2213 3892 2268 3941 et
2297 3884 2608 3957 splendoris
2658 3882 2953 3949 attulisset,
2982 3883 3184 3938 librum
3221 3883 3401 3953 ipsum
3460 3881 3704 3952 scriptu-

2120 3992 2348 4049 ramque
2377 3978 2595 4034 abunde
2622 3991 2923 4033 exornans.
2957 3974 3114 4031 Nunc
3145 3991 3274 4031 vero
3296 3975 3387 4032 ille
3410 3973 3702 4030 absurdam

426 4069 587 4124 nobis
618 4067 986 4123 Romanorum
1009 4067 1279 4123 mensium
1316 4068 1747 4122 enuntiationem
1778 4066 2075 4139 refugiens,
2117 4087 2221 4128 nec
2250 4070 2595 4139 Januarium,
2637 4084 2738 4124 nec
2762 4067 3149 4133 Februarium,
3186 4082 3288 4123 nec
3327 4066 3569 4137 reliquos
3601 4080 3703 4120 no-

423 4159 594 4214 minat
621 4176 634 4212 :
667 4156 842 4228 deque
879 4156 1193 4214 Graecorum
1222 4160 1495 4216 mensium
1518 4160 1710 4216 ordine
1735 4158 2169 4230 dubitabundus,
2201 4172 2256 4221 et
2282 4163 2489 4221 laboris
2523 4160 2886 4234 investigandi
2917 4158 3180 4232 fugitans,
3226 4160 3295 4215 ad
3323 4157 3539 4215 numeri
3565 4155 3705 4214 faci-

419 4252 624 4309 litatem
647 4252 954 4309 divertitur.

820 4346 959 4415 Περὶ
986 4345 1182 4416 ἀρχῆς
1207 4346 1318 4416 τῆς
1346 4348 1592 4417 ἡμέρας.

490 4439 576 4492 κο.
629 4437 875 4510 Ἡμέρας
900 4437 944 4491 δ’
976 4438 1150 4510 ἀρχὴν
1189 4439 1472 4510 (συγγενὲς
1498 4440 1608 4512 γὰρ
1638 4441 1718 4512 τῷ
1746 4442 1875 4514 περἱ
1906 4460 2011 4514 μη·

421 4528 530 4583 νῶν
558 4529 702 4601 λόγῳ
725 4530 820 4584 καὶ
848 4529 1026 4602 τοῦτο)
1061 4531 1333 4603 Ἀθηναῖοι
1363 4532 1458 4603 μὲν
1485 4533 1580 4602 ἀφ’
1609 4533 1760 4604 ἡλίου
1787 4533 2009 4607 δυσμῶν

419 4612 576 4692 ἦγον,
604 4621 704 4694 τὴν
733 4622 907 4676 νύκτα
932 4624 999 4694 τῇ
1038 4624 1157 4693 μετ’
1208 4624 1379 4695 αὐτὴν
1428 4623 1611 4696 ἡμέρᾳ
1644 4624 2004 4696 λογιζόμενοι,

419 4713 517 4767 καὶ
552 4713 645 4767 τὸν
693 4713 898 4784 μεταξὺ
941 4713 1133 4783 γρεεον
1180 4713 1342 4786 μέχρι
1388 4713 1499 4769 τῶν
1540 4716 1744 4788 ἑτέρων
1786 4715 2006 4785 δυσμῶν

424 4802 555 4870 μίαν
584 4800 859 4872 τιθέμενοι
893 4802 1124 4873 ημέραν,
1175 4803 1251 4866 ἀς
1288 4798 1459 4867 Αὖλος
1510 4803 1796 4874 Ῥωμαίων
1827 4804 2009 4874 λόγιιος

419 4893 649 4965 Μάρκον
672 4894 904 4967 Βάρωνα
925 4894 1368 4967 ἀναγεγραφέναι
1399 4895 1553 4966 φησί·
1588 4896 1851 4967 Ῥωμαῖοι
1877 4898 1934 4951 δὲ
1956 4898 2006 4950 οἱ

424 4989 522 5058 μὲν
552 4991 771 5059 ἀρχαῖοι
801 4987 910 5044 ἀπὸ
936 4987 1114 5059 μέσων
1134 4988 1343 5041 νυκτῶν
1364 4988 1614 5060 ἤρχοντο,
1637 4981 1719 5051 οἷς
1736 4988 1837 5043 καὶ
1860 4987 2007 5060 Πλή-

419 5081 530 5135 θων
561 5082 829 5153 ἑπόμενος
861 5080 1036 5153 ἀρχὴν
1062 5081 1317 5151 τοιαύτην
1343 5082 1600 5134 ποιεῖταιο
1630 5081 1682 5133 οἱ
1712 5078 1807 5136 νῦν
1831 5081 1889 5134 δὲ
1912 5081 2004 5149 ἀφ’

422 5174 585 5243 ηλίου
601 5175 914 5245 ἀνίσχοντος
945 5176 1158 5243 ἄγουσι·
1200 5173 1598 5246 παραπλησίως
1629 5174 1687 5227 δὲ
1713 5174 1809 5227 καὶ
1834 5174 1885 5227 οἱ
1912 5172 2008 5227 νῦν

424 5263 703 5335 Ἕλληνες.
723 5265 914 5320 Καίτοι
938 5263 1245 5318 τούναντίον
1268 5263 1437 5334 ἐχρῆν
1469 5261 1791 5334 σύμπαντας
1805 5260 1930 5325 τούς
1943 5278 2007 5329 γε

421 5357 808 5429 ἀπδΧριστοῦ
840 5356 1137 5421 ποιεῖσθαι,
1171 5354 1564 5427 χαριζομένους
1592 5353 1670 5425 τῷ
1702 5353 2003 5426 ἀρχηγέτῃ.

420 5448 577 5502 οὕτω
596 5448 708 5522 γὰρ
743 5450 904 5521 μόνον
937 5449 1089 5503 ἔσται
1118 5451 1363 5521 τριταῖον
1395 5446 1696 5502 ἀναϐιῶναι
1727 5446 1892 5500 αὐτὸν
1921 5463 2009 5499 τε-

421 5540 650 5606 θνεῶτα,
684 5542 781 5596 ἐὰν
804 5544 838 5616 ή
866 5542 965 5614 τῆς
986 5542 1200 5614 ἡμέρας
1232 5540 1376 5613 ἀρχὴ
1400 5539 1745 5612 λαμϐάνηται
1772 5541 1891 5610 ἢτοι
1912 5540 2006 5594 ἀπ’

424 5631 602 5701 ἄκρας
630 5633 857 5702 νυκτὸς,
889 5633 966 5698 ὡς
1008 5632 1283 5704 Ἀθηναῖοι
1309 5628 1464 5703 ἦγον,
1498 5632 1532 5702 ἦ
1561 5631 1671 5685 ἀπὸ
1702 5631 1893 5702 μέσης,
1931 5632 2007 5695 ὡς

428 5721 711 5797 Ῥωμαῖοι.
754 5728 991 5800 Πότερον
1036 5727 1114 5793 δὲ,
1158 5727 1220 5779 οὐ
1262 5726 1445 5798 ῥᾴδιον
1490 5726 1897 5797 ἀποφήνασθαι.
1945 5729 2007 5779 Οἱ

426 5818 523 5885 μὲν
547 5819 655 5892 γὰρ
680 5822 805 5893 περὶ
829 5819 917 5875 τὸν
939 5818 1118 5875 Ἄθων
1142 5817 1379 5889 θεολόγοι
1410 5836 1548 5874 κατσ
1574 5816 1743 5892 μέσην
1764 5818 2005 5891 ἀκριϐῶς

2650 4342 2731 4398 De
2757 4342 3022 4413 principio
3040 4338 3167 4396 diei.

2185 4434 2306 4492 XX.
2334 4433 2674 4504 Principium
2710 4447 2841 4488 vero
2870 4430 2981 4486 diei
3027 4424 3500 4501 (quandoquidem
3560 4437 3701 4496 pra:-

2038 4515 2084 4569 D
2112 4531 2253 4588 senti
2277 4528 2346 4585 de
2390 4527 2678 4585 mensibus
2708 4525 2950 4582 sermoni
2995 4523 3053 4578 id
3103 4536 3323 4594 quoque
3381 4533 3699 4592 germanum

2107 4622 2212 4695 est)
2242 4621 2609 4676 Athenienses
2642 4634 2673 4673 a
2701 4617 2834 4675 solis
2883 4630 3087 4671 occasu
3150 4611 3549 4676 observabant,
3599 4623 3699 4664 no-

2106 4724 2248 4772 ctem
2265 4713 2374 4769 diei
2396 4710 2647 4782 sequenti
2677 4709 3044 4771 aseribentes,
3087 4716 3141 4762 et
3172 4720 3335 4762 omne
3373 4704 3430 4758 in
3458 4701 3698 4759 medium

2110 4814 2327 4874 tempus
2366 4803 2435 4859 ad
2470 4803 2703 4858 alterum
2735 4799 3081 4855 occidentem
3114 4810 3286 4851 unum
3316 4794 3463 4849 diem
3490 4793 3700 4849 consti-

2107 4906 2350 4965 tuentes,
2379 4904 2438 4951 ut
2457 4896 2634 4950 Aulus
2661 4892 2891 4957 Gellius,
2922 4890 3152 4945 Latinus
3186 4894 3381 4943 auctor
3425 4902 3537 4941 non
3579 4886 3700 4942 ine-

2108 5003 2256 5064 ptus,
2294 4991 2535 5044 Marcum
2578 4985 2883 5040 Varronem
2923 4984 3147 5053 scriptis
3185 4980 3479 5036 mandasse
3509 4979 3694 5035 tradit.

2106 5085 2176 5140 At
2198 5082 2431 5137 Romani
2460 5078 2665 5150 priscis
2695 5076 3040 5147 temporibus
3072 5090 3102 5128 a
3130 5074 3313 5129 media
3341 5072 3565 5139 quidem
3600 5087 3697 5126 no-

2108 5185 2193 5232 cte
2225 5172 2559 5230 inchoabant
2592 5190 2606 5225 :
2635 5184 2777 5226 auos
2799 5167 3027 5223 Plethon
3064 5167 3286 5221 imitans
3316 5164 3459 5219 idem
3484 5161 3693 5233 princi-

2106 5270 2257 5341 pium
2307 5265 2461 5320 l'acit.
2492 5265 2648 5318 Nunc
2698 5275 2828 5316 vero
2859 5259 2929 5314 ab
2970 5258 3183 5314 oriente
3239 5256 3354 5312 sole
3387 5256 3695 5325 inceptant,

2107 5359 2408 5428 itidemque
2441 5354 2639 5411 Graeci.
2661 5350 2988 5421 Quanquam
3021 5357 3211 5404 contra
3236 5345 3524 5417 oportebat
3541 5344 3694 5399 Chri-

2107 5450 2319 5508 stianos
2343 5462 2534 5503 omnes
2564 5445 2763 5508 facere,
2804 5443 2860 5498 id
2884 5440 3150 5511 obsequii
3181 5454 3284 5495 suo
3312 5437 3555 5508 Principi
3598 5453 3695 5492 ex-

2106 5543 2379 5597 hibentes.
2404 5538 2496 5594 Sic
2524 5538 2670 5594 cnim
2703 5537 2880 5611 solum
2914 5532 3192 5589 constabit
3235 5531 3385 5585 illum
3413 5536 3691 5585 mortuum

2108 5635 2270 5689 tertio
2298 5632 2389 5688 die
2418 5631 2705 5695 revixisse,
2740 5630 2788 5685 si
2814 5629 2953 5684 vela
2989 5639 3203 5682 summa
3239 5631 3420 5686 nocte,
3454 5630 3516 5677 ut
3550 5622 3689 5679 sole-

2104 5728 2240 5795 bant
2260 5724 2659 5788 Athenienses,
2689 5722 2774 5776 vel
2826 5736 2855 5773 a
2882 5719 3083 5783 media,
3111 5723 3171 5770 ut
3213 5715 3468 5775 Romani.
3536 5712 3692 5784 princ

2110 5819 2315 5892 cipium
2336 5817 2442 5876 dici
2473 5824 2743 5873 sumatur.
2773 5813 2965 5870 Utrum
2996 5822 3125 5869 vero
3152 5808 3357 5880 potius,
3398 5805 3548 5864 dictu
3577 5818 3688 5860 non
