4132 6410
451 397 592 457 1218

1510 396 1601 451 ΔΙ)
1649 388 1921 451 EUSEBII
1958 393 2358 452 CHRONICON
2395 394 2762 451 APPENDIX.

3581 392 3715 447 1216

451 526 538 574 est
574 515 757 572 facile.
783 512 922 570 Nam
954 513 1215 586 theologi,
1250 513 1345 584 qui
1372 515 1631 569 accolunt
1656 514 1839 568 Athon
1875 529 2033 568 mon-

2149 515 2305 569 νύκτα
2347 514 2603 584 γενέσθαι
2640 514 2742 585 τὴν
2773 513 3069 568 ἀναϐίωσιν
3105 509 3446 580 ἐξηγοῦνται,
3490 511 3583 564 καὶ
3607 510 3719 564 τῶν

452 618 586 672 tem,
620 609 749 665 totis
785 608 994 662 viribus
1026 606 1362 661 contendunt
1406 607 1627 662 circiter
1678 605 1858 661 noctis
1916 621 2030 660 meo

454 702 605 756 dium
633 700 1091 755 resurrectionem
1127 697 1325 752 factam
1356 714 1514 764 esse;
1548 706 1602 753 et
1627 713 1785 753 saera
1822 697 1912 750 illa
1941 712 2034 751 an-

457 795 709 847 telucana
746 793 799 845 in
821 792 940 859 ejus
970 792 1048 844 rei
1086 791 1405 846 memoriam
1429 805 1460 843 a
1494 790 1674 844 media
1705 795 1864 843 nocte
1893 788 2034 843 inci-

458 886 635 957 piunt.
660 886 904 951 Quorum
953 884 1093 938 ratio
1155 884 1263 937 hoc
1300 883 1497 947 habet,
1556 881 1699 952 quod
1742 882 2035 951 contigerit

459 978 718 1033 mulieres
751 978 1022 1047 profundo
1051 977 1272 1046 quidem
1320 974 1561 1029 diluculo
1590 974 1658 1028 ad
1709 988 2033 1028 monumen-

462 1078 578 1123 tum
634 1069 933 1139 profectas,
990 1076 1049 1122 ut
1102 1068 1490 1137 exsequiarum
1546 1067 1697 1136 justa
1754 1066 1823 1119 de
1885 1080 2037 1120 more

460 1169 805 1233 peragerent,
831 1159 1151 1215 defunctum
1187 1174 1297 1214 non
1329 1158 1628 1217 invenisse,
1661 1165 1722 1210 ut
1765 1154 1942 1209 Lucas
1980 1153 2036 1207 in

462 1268 566 1310 suo
607 1252 903 1324 Evangelio
942 1252 1283 1323 perscripsit.
1322 1248 1458 1304 Illud
1499 1249 1643 1304 enim
1703 1246 2034 1318 profundum

462 1345 768 1400 diluculum
793 1344 1102 1414 proximum
1138 1352 1357 1411 tempus
1394 1340 1588 1394 mediae
1637 1338 1787 1393 nocti
1836 1335 2039 1406 signiti-

464 1451 592 1491 care
616 1428 953 1491 existimant.
985 1432 1163 1488 Simul
1195 1448 1325 1487 vero
1362 1424 1450 1486 'sic
1488 1444 1708 1498 quoque
1768 1428 1894 1497 plus
1936 1425 2039 1477 ali-

462 1538 673 1601 quanto
699 1528 847 1583 tertii
869 1528 978 1583 diei
1001 1527 1368 1582 contineatur.
1406 1522 1669 1591 lstudque
1700 1520 1825 1590 plus
1879 1518 2040 1587 169

466 1623 683 1692 signum
700 1619 1009 1675 evidentius
1040 1625 1125 1673 est
1163 1617 1339 1687 ipsius
1374 1614 1589 1669 dierum
1616 1609 1905 1665 ternionis.
1933 1608 2038 1663 Sed

462 1729 532 1766 ex
565 1712 714 1767 Italis
766 1710 999 1765 Romani
1043 1716 1167 1779 post
1221 1707 1454 1762 mediam
1491 1712 1706 1759 noctem
1754 1701 1809 1755 id
1872 1700 2042 1754 fuisse

467 1804 639 1865 aiunt,
671 1812 725 1857 et
757 1800 1087 1873 profundum
1140 1797 1274 1853 illud
1321 1797 1402 1851 sic
1429 1796 1760 1864 intelligunt,
1793 1799 1852 1846 ut
1880 1805 1907 1843 a
1941 1805 2041 1843 no-

2136 606 2512 660 ἀναστατικῶν
2550 606 2809 676 ἄρχονται
2844 604 3045 675 ὀργίων
3079 603 3241 666 εὐθὺς
3280 603 3387 655 ἀπὸ
3418 601 3596 672 μέσων
3627 596 3733 653 νυὲ

2137 697 2303 751 κτῶν.
2338 697 2508 764 Λόγος
2543 694 2586 747 δ’
2610 694 2811 758 αὑτῶν,
2853 694 2934 747 ὅτι
2960 692 3061 755 τάς
3094 694 3174 756 εἰς
3208 690 3269 744 τὸ
3308 692 3495 762 μνῆμα
3524 690 3728 757 ἀφικο--

2142 789 2311 860 μένας
2330 791 2595 858 γυναῖκας
2616 785 3024 858 ἐπαμείψασθαι
3049 784 3118 837 τὰ
3141 783 3500 854 νενομισμένα
3521 781 3718 853 ὸρθρου

2142 880 2240 951 μὲν
2270 880 2350 932 ἔτι
2389 878 2583 949 βαθέος
2630 876 3057 949 παραγενέσθαι,
3100 877 3175 948 μὴ
3206 876 3498 946 εὑρηκέναι
3540 874 3597 927 δὲ
3627 872 3718 925 τὸν

2139 975 2351 1042 νεκρὸν,
2380 973 2429 1025 οἱ
2461 973 2588 1043 περὶ
2615 972 2828 1025 Λουκᾶν
2856 970 2964 1023 τῶν
2996 968 3398 1038 εύαγγελιστῶν
3432 968 3717 1038 γεγράφα-

2142 1083 2227 1120 σιν
2272 1065 2630 1139 ἱστοροῦντες.
2677 1064 2750 1117 Τὸ
2781 1064 2888 1133 γὰρ
2917 1062 3009 1116 τοῦ
3042 1062 3240 1135 ὄρθρου
3280 1060 3415 1133 βαθὺ
3454 1061 3516 1114 τὸ
3554 1059 3718 1129 ἐγγύς

2142 1175 2244 1211 που
2267 1159 2365 1227 τῆς
2395 1157 2566 1229 μέσης
2586 1158 2779 1220 νυκτὸς
2803 1155 3029 1227 μηνύειν
3052 1154 3542 1226 ὑπολαμϐάνουσιν.
3568 1153 3723 1223 ’Ἅμα

2141 1249 2199 1302 δὲ
2228 1249 2322 1303 καί
2353 1267 2407 1302 τι
2446 1249 2608 1302 πλέον
2651 1247 3063 1320 ἐπιλαμϐάνοιτ’
3102 1246 3168 1300 ἂν
3207 1245 3350 1299 οὑτω
3392 1245 3489 1316 τῆς
3530 1244 3723 1316 τρίτης

2143 1341 2374 1411 ἡμέρας.
2404 1340 2483 1393 Τὸ
2510 1341 2567 1393 δὲ
2594 1339 2777 1402 πλέον,
2818 1342 3042 1411 σημεῖον
3074 1339 3139 1409 δὴ
3177 1337 3279 1408 τῆς
3317 1336 3535 1410 τριάδος
3575 1336 3723 1389 ἐστὶν

2144 1432 2556 1503 ἐναργέστερον.
2581 1432 2701 1485 Τῶν
2732 1432 2778 1485 δ’
2812 1432 3130 1486 Ἰταλιωτῶν
3154 1433 3200 1483 οἱ
3228 1432 3356 1502 περί
3376 1431 3474 1501 τὴν
3507 1428 3723 1500 Ῥώμην

2148 1523 2285 1594 μετά
2308 1525 2479 1595 μέσην
2501 1542 2605 1578 που
2631 1524 2800 1577 νύκτα
2828 1525 2983 1594 φασὶ,
3018 1524 3114 1578 καὶ
3141 1524 3202 1576 τὸ
3221 1523 3377 1593 βαθὺ,
3401 1522 3725 1592 ἀφιστάντες

2148 1616 2345 1681 ἱκανῶς
2386 1617 2481 1670 τοῦ
2531 1617 2718 1689 μέσου,
2759 1616 3036 1670 ἀκούουσι.
3086 1616 3330 1686 Μηδενὸς
3374 1615 3417 1668 δ’
3465 1616 3574 1686 ἄρα
3618 1613 3725 1667 τῶν

2149 1708 2511 1779 συγγραφέων
2550 1709 2978 1779 ἀποσαφοῦντος,
3015 1707 3175 1761 ὁπότε
3202 1707 3303 1778 τῆς
3334 1707 3527 1770 νυκτὸς
3547 1708 3574 1759 ὁ
3593 1706 3725 1769 Θεὸς

2147 1802 2412 1874 ἀναϐιῴη,
2442 1803 2584 1857 ἔοικε
2612 1803 2708 1873 μὲν
2736 1802 3156 1873 ἁσφαλεστέρως
3178 1801 3243 1855 ἂν
3264 1801 3430 1872 ἔχειν,
3448 1800 3501 1853 εί
3522 1818 3605 1863 τις
3631 1801 3725 1853 ἀπ’

466 1896 572 1950 ctis
607 1895 786 1949 medio
810 1892 1140 1950 sullicientcr
1165 1890 1448 1944 dirimant.
1491 1886 1627 1941 Cum
1677 1898 1808 1953 ergo
1859 1881 2045 1935 nullus

2150 1895 2323 1964 ἄκρας
2349 1896 2540 1958 νυκτὸς
2565 1895 2766 1949 τιθείτο
2788 1895 2884 1966 τὴν
2904 1897 3002 1966 τῆς
3028 1895 3240 1966 ἡμέρας
3264 1894 3458 1963 ἀρχὴν.
3488 1891 3725 1963 Συμϐαί-

469 1986 748 2058 Evangelii
783 1987 1016 2055 scriptor
1038 1984 1251 2044 doceat,
1295 1997 1402 2051 qua
1457 1987 1612 2048 parte
1661 1978 1841 2032 nectis
1890 1976 2044 2030 Chri-

470 2084 590 2131 stus
611 2076 930 2136 surrexerit,
964 2074 1139 2127 tutius
1166 2070 1384 2139 quidem
1414 2069 1645 2129 videtur,
1681 2067 1725 2121 si
1758 2068 1882 2135 quis
1910 2080 2043 2119 con-

470 2169 663 2223 stituat
685 2182 715 2220 a
744 2181 959 2221 summa
988 2171 1150 2217 nocte
1178 2160 1285 2216 diei
1333 2160 1683 2230 principium.
1717 2157 1853 2211 Nam
1898 2156 2044 2225 quod

466 2257 703 2313 mediam
754 2263 969 2310 noctem
1017 2252 1395 2333 subsequitur,
1444 2250 1654 2304 accedit
1704 2250 1779 2301 illi
1819 2264 1917 2317 pro
1944 2264 2041 2299 au-

471 2351 671 2405 ctario.
714 2348 923 2415 Quibus
954 2360 1085 2399 vero
1119 2344 1175 2397 in
1205 2344 1308 2396 hoc
1355 2342 1532 2395 solum
1594 2342 1737 2394 ratio
1774 2339 1878 2393 sita
1925 2346 2043 2401 est,

470 2455 580 2494 non
611 2440 785 2508 major
807 2448 892 2493 est
923 2435 1121 2490 lidueia
1144 2432 1292 2503 quod
1319 2432 1507 2485 volunt
1531 2429 1856 2503 assequendi
1881 2445 2044 2498 quam

475 2531 778 2602 periculum
811 2530 880 2582 ab
909 2515 973 2582 eo
999 2523 1314 2580 aberrandi.
1368 2521 1479 2576 llos
1520 2522 1667 2576 enim
1720 2520 1841 2573 vice
1889 2534 2048 2573 versa

468 2621 576 2675 hoc
619 2618 1012 2675 inconveniens
1068 2620 1349 2683 sequetur,
1383 2611 1513 2665 dum
1567 2610 1798 2680 primam
1834 2616 2049 2662 noctem

469 2713 578 2768 diei
609 2712 939 2783 principium
975 2717 1217 2780 ponunt;
1248 2704 1393 2777 quod
1440 2718 1564 2758 cum
1617 2703 1944 2771 permissum
1976 2701 2047 2755 sit

470 2804 734 2858 carnibus
760 2802 907 2857 vesci
932 2800 1221 2870 postridie,
1254 2798 1308 2852 id
1339 2796 1557 2866 quidem
1582 2793 2047 2848 licebitasumma

471 2895 811 2966 praecedente
842 2902 1048 2948 nocte:
1088 2898 1283 2945 contra
1330 2903 1459 2943 vero
1512 2900 1636 2941 cum
1695 2884 1766 2940 sit
1815 2885 2045 2937 vetitum

468 2988 661 3042 eadem
695 2986 784 3040 die
802 3000 1014 3039 caenam
1051 2986 1117 3038 de
1146 2982 1408 3037 carnibus
1444 2994 1683 3041 sumere,
1713 2994 1822 3031 non
1849 2991 2048 3031 conce-

471 3080 636 3135 detur
671 3082 863 3136 eadem
887 3088 1067 3133 nocte.
1100 3076 1212 3130 Hac
1245 3077 1413 3145 igitur
1446 3074 1515 3129 de
1568 3088 1631 3127 re
1675 3071 1870 3126 melius
1924 3070 2049 3124 dili-

471 3190 506 3245 g
543 3172 801 3244 ntiusque
825 3174 1005 3227 denuo
1024 3182 1106 3227 est
1134 3168 1592 3225 considerandum
1627 3187 1639 3223 :
1673 3165 2049 3222 commodum-

2149 2004 2226 2038 νει
2255 1987 2363 2056 γὰρ
2397 1987 2545 2057 αὑτῴ
2579 1987 2637 2052 ἐξ
2673 1987 2968 2057 ὲπιμέτρου
3006 1987 3065 2039 τὸ
3099 1985 3237 2057 μετά
3263 1986 3359 2057 τὴν
3398 1985 3592 2055 μέσην.
3633 1978 3726 2046 Οἷς

2149 2074 2193 2126 δ’
2231 2077 2322 2128 ἐπὶ
2365 2076 2539 2146 τούτῳ
2578 2076 2737 2145 μόνον
2782 2078 2810 2129 ὁ
2848 2076 3005 2143 λόγος
3045 2076 3295 2146 βέϐηκεν,
3336 2076 3396 2127 οὑ
3444 2074 3643 2146 μᾶλλόν
3674 2091 3727 2126 τι

2152 2164 2352 2236 θάρρος
2409 2166 2812 2235 ἐπιτυγχάνειν,
2870 2165 2903 2238 ἢ
2961 2167 3204 2219 κίνδυνον
3266 2166 3723 2236 παραναστατεῖν.

2151 2259 2384 2310 ’Ἄτοπον
2440 2258 2688 2328 μέντοιγε
2732 2258 2918 2329 ἕτερον
2955 2254 3020 2311 αὖ
3065 2256 3418 2328 ἀκολουθήσει
3479 2255 3726 2326 θεμένοις

2146 2348 2580 2418 ἀκρόνυχοντὴν
2622 2348 2815 2419 ἀρχὴν,
2861 2349 2940 2411 τὸ,
2985 2352 3050 2420 τῇ
3100 2349 3363 2420 ὑστεραίᾳ
3400 2348 3632 2419 νόμιμον
3669 2346 3726 2400 ὂν

2148 2437 2345 2490 ἐσθίειν
2388 2438 2585 2510 κρεῶν,
2640 2439 2839 2505 ἐξεῖναι
2883 2444 3225 2511 κρεωφαγείν
3271 2440 3364 2493 ἀπ’
3413 2440 3588 2510 ἄκρας
3632 2438 3726 2508 τῆς

2149 2528 2461 2600 ἡγουμένης
2484 2530 2695 2593 νυκτός·
2736 2530 2831 2584 καὶ
2861 2532 3021 2585 πάλιν
3050 2530 3495 2602 ἀπηγορευμένον
3530 2526 3620 2591 αὖ,
3656 2529 3726 2598 μὶ·

2152 2622 2351 2687 ἐξεῖναι
2380 2622 2593 2674 δεῖπνον
2624 2623 2690 2676 ἐκ
2718 2624 2946 2694 κρέατος
2976 2624 3076 2694 τῆς
3102 2627 3273 2693 αὐτῆς
3298 2623 3502 2691 ταύτης
3538 2620 3724 2682 νυκτός

2152 2728 2215 2778 γε
2235 2710 2469 2763 ἑλέσθαι.
2497 2712 2634 2783 Περὶ
2657 2713 2846 2765 τούτου
2874 2715 2971 2784 μὲν
2992 2711 3084 2767 οῦν
3107 2714 3347 2777 εἰσαῦθις
3373 2710 3713 2764 ἐπισκεπτέον

2154 2803 2269 2855 ἐστὶ
2300 2803 2529 2873 βέλτιον,
2559 2804 2652 2857 καὶ
2680 2806 2805 2867 τοὺς
2831 2805 2961 2876 περὶ
2988 2805 3159 2858 ταῦτα
3184 2806 3390 2868 δεινοὺς
3417 2802 3704 2876 παρακαλέ

2158 2910 2355 2956 σαντας
2390 2893 2919 2964 συμϐουλεύσασθαι,
2969 2895 3149 2959 καλῶς
3190 2895 3323 2966 ἔχει.
3361 2898 3452 2947 Δεῖ
3485 2895 3592 2963 γὰρ
3630 2892 3731 2965 τὴν

2158 2987 2345 3056 σκέψιν
2384 2987 2526 3041 οὑτω
2560 2989 2853 3051 ποιεῖσθαι,
2889 2990 2964 3052 ὡς
3004 2990 3138 3060 μήτε
3181 2989 3496 3059 συμϐαίνειν
3534 2989 3595 3040 ἐκ
3632 2986 3725 3038 τοῦ

2153 3077 2313 3145 λόγου
2343 3078 2583 3131 ἐναντίον
2605 3083 2717 3142 τοῖς
2740 3080 2905 3144 ὁσίοις
2937 3081 3125 3151 μηθὲν,
3156 3080 3369 3148 εὑαγῶς
3396 3096 3455 3132 τε
3476 3080 3568 3150 τῆς
3596 3079 3728 3150 ἡμέι

2157 3186 2255 3239 ρας
2286 3169 2578 3239 κατάρχειν
2599 3170 2692 3224 τοῦ
2720 3171 2850 3224 Θεοῦ
2885 3172 3064 3243 χάριν.

470 3282 579 3335 que
609 3265 772 3321 fuerit
838 3265 1031 3318 harum
1096 3278 1281 3317 rerum
1356 3263 1563 3333 peritos
1636 3273 1830 3329 rogare
1887 3263 1942 3311 et
1986 3260 2293 3315 consulere.
2346 3259 2471 3314 llaec
2523 3276 2761 3332 namque
2821 3264 2896 3316 ita
2951 3265 3289 3319 considerari
3343 3263 3730 3332 observarique

471 3369 709 3431 oportet,
745 3367 803 3413 ut
825 3375 888 3414 ex
924 3374 1178 3414 sermone
1210 3356 1346 3412 nihil
1371 3356 1672 3427 quidquam
1698 3352 1873 3409 sacris
1914 3353 2255 3407 contrarium
2278 3355 2526 3421 eveniat,
2560 3356 2818 3427 diemque
2841 3358 2927 3428 pie
2988 3375 3052 3414 ac
3115 3370 3307 3415 sancte
3362 3360 3416 3413 in
3479 3358 3573 3414 Dei
3613 3373 3733 3430 gra-

473 3455 607 3508 tiam
635 3451 1005 3521 auspicemur.

798 3563 944 3618 Unde
964 3561 1293 3618 numeranda
1325 3570 1447 3614 sunt
1476 3568 1726 3628 tempora.

546 3658 691 3713 XXI.
726 3657 1017 3710 Enimvero
1066 3655 1228 3709 etiam
1257 3651 1340 3705 fas
1373 3662 1456 3706 est
1479 3668 1508 3705 a
1537 3653 1700 3705 natali
1746 3651 2057 3707 Christiano

479 3759 725 3818 tempora
754 3754 1074 3818 supputare,
1114 3760 1224 3798 non
1252 3752 1312 3797 ut
1333 3743 1508 3797 Graeci
1540 3759 1570 3797 a
1605 3744 1793 3798 mundi
1824 3745 2055 3814 origine,

479 3854 627 3893 nunc
650 3854 851 3893 annum
880 3834 1437 3906 noningentesimum,
1472 3842 1727 3887 octavum
1767 3843 1821 3889 et
1837 3842 2058 3903 septua-

480 3927 749 3998 gesimum
809 3934 1161 3980 numerantes
1220 3936 1386 3992 supra
1454 3923 1635 3978 sexies
1687 3924 2055 3978 millesimum.

478 4017 770 4088 Prophetis
792 4017 1009 4084 quidem
1042 4015 1122 4071 sic
1152 4014 1386 4069 fortasse
1428 4014 1625 4068 licebat
1651 4032 1666 4080 ;
1724 4031 1911 4069 verum
1943 4031 2057 4070 me-

483 4114 588 4165 lius
609 4121 690 4165 est
717 4109 922 4164 Christi
947 4109 1185 4162 cultores
1215 4108 1396 4162 abillo
1426 4107 1684 4175 incipere.
1710 4106 1864 4173 Quod
1893 4107 2056 4160 etiam

481 4208 650 4273 agunt
672 4199 923 4263 Romani,
963 4200 1127 4267 hujus
1152 4200 1250 4253 aevi
1299 4197 1645 4252 millesimum
1687 4198 2053 4267 quadringen-

482 4295 738 4350 lrsimttm
767 4301 821 4347 et
847 4292 1303 4361 septuagesimum
1334 4299 1651 4359 praesentem
1675 4304 1877 4341 annum
1909 4304 2058 4341 com-

485 4395 760 4458 putantes,
801 4400 1111 4455 quanquam
1144 4383 1309 4452 prisci
1342 4383 1419 4436 illi
1451 4383 1519 4437 ab
1550 4382 1681 4436 urbe
1712 4380 1927 4435 condita
1956 4397 2057 4433 nu-

486 4483 790 4543 merahant,
854 4478 1313 4548 quemadmodum
1376 4476 1740 4530 Athenienses
1798 4490 1829 4528 a
1882 4474 2058 4544 prima

481 4567 800 4640 Olympiade
830 4585 844 4634 ;
878 4567 971 4621 alii
1006 4582 1133 4621 vero
1156 4582 1185 4620 a
1218 4566 1358 4621 bello
1386 4564 1644 4633 Trojano.

559 4662 630 4717 De
648 4661 927 4717 mensibus
961 4660 1129 4729 igitur
1151 4659 1265 4713 haec
1296 4660 1566 4726 descripta
1599 4665 1781 4722 sunto,
1815 4656 1881 4710 ad
1911 4672 2058 4713 eme-

480 4756 704 4812 rendam
739 4754 1172 4823 antiquariorum
1196 4751 1635 4819 disertorumquc
1669 4749 1908 4803 virorum
1954 4749 2056 4804 hoc

479 4850 800 4920 olisequiolo
827 4850 1057 4920 gratiam
1091 4862 1104 4897 :
1147 4844 1193 4898 si
1222 4843 1350 4913 quid
1380 4843 1610 4895 fortasse
1633 4840 1749 4909 spei
1779 4849 1863 4895 est
1904 4839 2053 4895 ϐπε-

2406 3556 2587 3609 Ὄθεν
2613 3558 2969 3627 ἀριθμητέον
3006 3560 3147 3625 τοὺς
3182 3561 3461 3629 χρόνους.

2226 3645 2356 3701 ΚΑ’.
2396 3648 2579 3700 Ὄσιον
2614 3646 2671 3699 δὲ
2728 3648 2820 3700 καὶ
2864 3648 2989 3711 τοὺς
3042 3647 3265 3718 χρόνους
3311 3648 3563 3719 ἀριθμεῖν
3620 3650 3732 3702 ἀπὸ

2156 3739 2382 3810 γενετῆς
2409 3740 2502 3792 τοῦ
2536 3740 2701 3794 αὑτοῦ
2747 3740 2912 3794 Θεοῦ·
2944 3741 3077 3793 ἀλλά
3114 3743 3213 3812 μὴ,
3246 3742 3322 3805 ὡς
3370 3744 3420 3794 οἱ
3469 3742 3562 3795 νῦν
3599 3744 3730 3797 ’Ἐλ-

2156 3831 2335 3902 ληνες,
2374 3832 2482 3884 ἀπὸ
2505 3832 2709 3901 κόσμου
2743 3834 3025 3901 γενέσεως,
3055 3833 3511 3903 ἐξακισχιλιοστὸν
3541 3836 3731 3889 ἐνακο-

2158 3924 2367 3977 σιοστὸν
2400 3925 2796 3995 ἑϐδομηκοστὸν
2820 3926 3003 3995 ὄγδοον
3034 3926 3153 3978 τόδε
3183 3926 3301 3989 ἔτος
3332 3927 3730 3997 καταριθμοῦν-

2154 4035 2264 4081 τες.
2298 4018 2598 4090 Προφητῶν
2631 4020 2728 4089 μὲν
2754 4019 2864 4090 γὰρ
2890 4020 3017 4081 ἴσως
3048 4018 3141 4070 καὶ
3165 4016 3338 4071 ταῦτα
3356 4035 3372 4049 ’
3402 4019 3623 4089 ἄμεινον
3649 4018 3726 4084 δὲ,

2155 4111 2429 4181 τιμῶντας
2473 4113 2728 4182 Χριστὸν,
2757 4111 2850 4164 ἀπ’
2895 4109 3059 4164 αὑτοῦ
3092 4109 3377 4181 ἄρχεσθαι,
3402 4112 3651 4183 καθάπερ
3680 4114 3727 4165 oi

2156 4204 2250 4256 νῦν
2272 4205 2422 4267 ὄντες
2456 4205 2716 4275 Ῥωμαῖοι
2750 4203 2963 4272 ἄγουσι,
2995 4203 3257 4274 χιλιοστὸν
3287 4204 3729 4274 τετρακοσιοστὸν

2156 4297 2553 4367 ἑϐδομηκοστὸν
2604 4296 2721 4350 τόδε
2759 4294 3206 4366 διαριθμούμενοι
3234 4294 3381 4359 ἔτος·
3417 4296 3594 4348 καίτοι
3623 4295 3729 4348 τῶν

2156 4388 2321 4442 πάλαι
2353 4389 2640 4459 Ῥωμαίων
2664 4388 2771 4441 ἀπὸ
2806 4387 3035 4450 κτίσεως
3069 4384 3285 4457 Ῥώμης
3318 4386 3692 4457 ἀριθμούντων
3712 4404 3724 4415 ·

2155 4479 2343 4550 ὥσπερ
2375 4479 2642 4551 Ἀθηναῖοι
2677 4479 2774 4549 μὲν
2790 4479 2898 4532 ἀπὸ
2932 4476 3289 4547 Ὀλυμπιάδος
3320 4477 3559 4549 πρώτης,
3584 4477 3729 4533 ἄλλοι

2155 4571 2211 4624 δὲ
2248 4571 2356 4624 ἀπὸ
2380 4570 2488 4624 τῶν
2522 4570 2804 4641 Τρωῖκῶν.

2227 4661 2362 4732 Περὶ
2410 4661 2506 4731 μὲν
2554 4657 2645 4713 οὖν
2680 4660 2787 4713 τῶν
2839 4659 3023 4730 μηνῶν
3077 4660 3248 4731 ταύτῃ
3305 4658 3576 4730 διωρίσθω
3621 4660 3731 4714 τῶν

2156 4749 2350 4817 λογίων
2379 4749 2537 4821 χάριν
2570 4750 2778 4821 ἀνδρῶν
2795 4765 2807 4777 ·
2832 4749 2887 4802 εἴ
2909 4767 2992 4812 τις
3016 4749 3122 4814 ἄρα
3145 4749 3295 4812 ἐλπὶς
3320 4749 3597 4803 διάλεκτον
3621 4754 3731 4814 τοῖς

2156 4840 2549 4910 ἐπιγινομένοις
2570 4839 2788 4893 ἔσεσθαι
2830 4839 3177 4911 Ἐλληνικήν’
3217 4839 3352 4893 ἀλλά
3385 4842 3484 4913 μὴ,
3521 4841 3596 4905 ὼς
3637 4841 3733 4895 ἄλ·-

479 4959 597 4997 cam
629 4914 886 5011 linguam,
920 4938 1148 5008 ejusque
1179 4935 1419 4991 studium
1470 4933 1715 5001 adusque
1767 4932 2045 5001 posterita-

2159 4932 2267 4986 λων
2299 4930 2468 4985 πάλαι
2501 4929 2691 4994 ἐθνῶν,
2715 4931 2809 4983 καὶ
2834 4930 2927 4982 τοῦ
2964 4930 3275 4998 Ἑλληνικοῦ
3305 4918 3398 4983 νῦν
3422 4932 3617 4997 παντὸς
3640 4933 3733 4987 καὶ

478 5045 586 5090 tem
612 5033 727 5088 fore
766 5047 921 5085 :non
950 5039 1153 5092 autem,
1188 5036 1250 5083 ut
1305 5026 1534 5080 aliarum
1594 5023 1865 5093 quondam
1926 5039 2055 5094 gen-

2161 5022 2350 5091 γένους
2383 5020 2476 5074 καὶ
2508 5018 2669 5089 λόγου
2694 5018 2948 5089 τελευτὴν
2976 5018 3208 5089 εἵμαρτο
3237 5014 3396 5077 εἶναι.

478 5131 633 5187 tium,
661 5123 837 5181 Graeci
859 5137 1076 5194 quoque
1100 5135 1251 5175 nunc
1282 5119 1451 5173 totius
1479 5124 1534 5171 et
1560 5116 1797 5187 generis,
1828 5124 1882 5170 et
1928 5116 2199 5172 sermonis
2222 5116 2381 5170 linem
2405 5128 2528 5170 esse
2560 5113 2612 5167 in
2646 5111 2773 5167 fatis
2805 5119 2905 5166 est.

908 5239 1079 5290 Testes
1097 5236 1151 5289 in
1167 5235 1263 5288 hoc
1301 5233 1436 5288 libro
1458 5231 1626 5285 citati.

754 5326 1009 5382 Basilius.

759 5398 969 5452 Plelho.

758 5470 931 5522 Aulus
965 5466 1264 5523 Romanus.

757 5539 1102 5595 Aristoteles.

760 5608 1019 5663 Galenus.

762 5677 1067 5732 Macrobius
1086 5675 1385 5737 Romanus.

761 5745 1189 5816 Theophrastus.

769 5815 1176 5875 Demosthenes.

2648 5228 2955 5298 Μάρτυρες
2977 5228 3059 5296 τῷ
3081 5229 3261 5299 λόγιοι.

2444 5322 2742 5385 Βασίλειος.

2442 5393 2685 5463 Πλήθων.

2440 5460 2612 5527 Αὖλος
2653 5464 2934 5533 Ῥωμαῖος.

2455 5534 2850 5604 Ἀριστοτέλης.

2441 5552 2698 5672 Sim?

2446 5674 2756 5744 Μακρόϐιος
2790 5673 3074 5745 Ῥωμαῖος.

2444 5746 2797 5815 Θεόφραστος.

2444 5819 2518 5887 Δη
2526 5814 2806 5887 μοσθένης.
