4112 6440
382 396 523 450 1217

676 509 890 573 Πλίνιος
927 511 1218 581 Ῥωμαῖος.

668 581 943 650 Στράϐων.

672 652 949 721 Αἰσχίνης.

682 722 1091 792 Ἀριστοφάνης.

672 791 1041 860 Πλούταρχος.

668 862 1016 929 Θουκυδίδης.

673 931 1033 1002 Πολυδεύκης.

678 1001 1018 1071 Σιμπλίκιος.

679 1074 743 1123 'H
752 1072 980 1141 ρὸδοτος.

672 1141 912 1203 Σουῖδας.

675 1211 946 1274 Συνέσιος.

670 1283 889 1351 Καῖσαρ
916 1283 944 1334 ὁ
974 1282 1115 1346 θεός.

1243 396 1298 451 S.
1343 396 1585 452 MAXIM]
1624 396 1981 452 MARTYRIS
2015 398 2392 457 COMI‘UTUS
2430 398 2876 458 ECCLESIAST.

1995 518 2042 573 Α

3524 396 3664 467 ιείε

2346 511 2560 568 Plinius
2582 512 2888 571 Romanus.

2347 583 2569 638 Strabo.

2345 652 2637 707 Eschines

2345 724 2764 793 Aristophanes.

2347 792 2700 848 Plutarchus.

2347 862 2721 935 Thucydides.

2350 931 2567 988 Pollux.

2347 1004 2693 1073 §irnplicius.

2350 1071 2686 1129 Herodotus.

2351 1142 2574 1198 Suidas.

2346 1212 2635 1281 Synesius.

2346 1281 2518 1339 Divus
2545 1284 2752 1338 Cmsar.

473 1591 772 1707 ΤΟΥ
826 1592 1026 1707 ΕΝ
1081 1589 1604 1706 ΑΓΙΟΙΣ
1680 1588 2295 1706 ΠΑΤΡΟΣ
2350 1594 2802 1711 ΗΜΩΝ
2860 1584 3587 1715 ΜΑΞΙΜΟΥ

1570 1802 1908 1858 ΜυΝΑΧΟΥ
1945 1804 2066 1857 ΚΑΙ
2104 1804 2479 1859 ΜΑΡΤΥΡΟΣ

309 1924 322 1937 ’
395 1926 770 2019 Egeram
804 1961 1315 2017 ΚΕΦΑΛΑῙΩΔΙΙΣ
1360 1960 1537 2014 IIEPI
1577 1960 1721 2013 Tor
1758 1962 1944 2014 KATA

2063 1962 2324 2014 ΡΙΣἸῸΝ
2370 1964 2511 2016 ΤΟΝ
2542 1964 2726 2018 ΘΕΟΝ
2754 1967 2968 2020 ΗΜΩΝ
3006 1969 3372 2025 ΣΩΊἨΡΙΟΝ
3396 1973 3653 2035 ΠΑΣΧΑ,

1466 2116 1541 2169 Τὸ
1580 2115 1876 2188 διαγραφὲν
1899 2116 2145 2171 κανόνιον
2175 2117 2573 2190 ὲρμηνεύουσα.

1383 2370 1949 2505 SANCTI
2042 2372 2644 2504 ΜΑΧΙΜΙ

1606 2590 1916 2666 MONACHI
1955 2609 2043 2665 ET
2083 2611 2464 2685 mannis,

1166 2767 1443 2825 BREVIS
1482 2765 1916 2823 ENARRATIO
1950 2764 2405 2823 CHRISTIANI
2437 2768 2880 2840 PASCHATIS,

1376 2923 1495 2991 Qua
1545 2921 1812 2993 descripti
1841 2921 2094 2977 laterculi
2144 2923 2289 2979 ratio
2331 2924 2667 2994 declaratur,

1409 3074 1763 3133 DIONYSIO
1802 3075 2106 3134 PETAVIO
2144 3077 2607 3137 INTERPBETE.

400 3342 484 3411 Τῷ
523 3338 890 3410 πανευφὴμῳ
928 3337 1218 3411 Πατρικίῳ
1252 3336 1436 3411 κιρ-ίῳ
1468 3336 1669 3404 Πέτρῳ
1705 3335 1973 3406 Μάξιμος

2079 3335 2510 3411 ],7()111ιιειι·ἱζ
2547 3352 2609 3390 ac
2657 3335 2878 3411 (qudam
2922 3339 3294 3411 generepmni
3342 3339 3650 3396 celebranda

874 3408 1152 3473 ταπεινὸς
1190 3407 1480 3477 μονάζων.

463 3527 540 3580 A’.
559 3526 772 3596 Ἐπειδὴ
789 3542 847 3577 σε
857 3566 870 3591 ,
888 3522 1133 3593 πανεύφη
1143 3539 1208 3592 με
1226 3521 1319 3574 καὶ
1332 3520 1558 3592 θεοφρού
1568 3537 1696 3592 ρητε
1709 3520 1967 3586 δέσποτα,

392 3619 507 3690 βίου
539 3618 743 3688 τροφὴν
775 3618 869 3670 καὶ
898 3615 1197 3686 συμϐίωσιν
1223 3613 1319 3684 τὴν
1354 3614 1615 3667 ἀνωτάτω
1664 3614 1971 3684 πεποιημέ-

389 3728 479 3763 νον
499 3711 689 3779 σοφίαν
714 3708 1032 3776 ὲπίσταμαι,
1050 3705 1170 3759 καθ’
1191 3705 1312 3775 ἥν⁵¹
1332 3705 1418 3757 ἀεὶ
1435 3706 1692 3776 φρονήσει
1716 3704 1836 3777 Θείᾳ
1875 3705 1970 3758 καὶ

389 3803 558 3873 ἀρετῇ
616 3803 838 3871 γόνιμον
891 3800 989 3870 τήν
1046 3814 1106 3849 τε
1160 3796 1289 3868 περὶ
1334 3796 1395 3848 τὸ
1430 3799 1569 3849 νοεῖν
1601 3796 1669 3849 τὰ
1707 3796 1847 3849 καλὰ
1875 3797 1970 3849 καὶ

389 3894 647 3963 πράττειν
704 3892 944 3945 θεόδοτον
1007 3888 1119 3954 ἕξιν
1162 3889 1257 3941 καὶ
1304 3887 1581 3958 δύναμιν,
1614 3881 1688 3941 ὦν
1740 3887 1895 3959 βάσις
1934 3890 1967 3959 ἡ

388 3984 617 4054 εὐσεϐὴς
642 3985 735 4036 καὶ
764 3981 1040 4053 ὀροὸδοξος
1076 3980 1257 4044 πίστις
1284 3980 1612 4051 καθέστηκε·
1652 3980 1820 4051 μόνην
1842 3981 1969 4034 ὑπο-

388 4076 652 4143 φαίνουσα
696 4073 762 4126 δι’
795 4073 1006 4135 ἐλπίδος
1040 4071 1137 4143 τὴν
1177 4071 1284 4125 τῶν
1315 4070 1581 4142 ἀοράτων,
1629 4071 1706 4134 ὡς
1755 4071 1966 4142 ὁρατῶν

388 4168 489 4239 ἤδη
512 4184 627 4229 πως
657 4165 799 4219 κατὰ
830 4166 928 4236 τὴν
965 4164 1125 4235 χάριν
1173 4163 1573 4233 γεγενημένων
1605 4164 1700 4216 καὶ
1728 4163 1834 4235 πρὸ
1868 4164 1969 4233 τῆς

387 4258 701 4326 ἐκφάνσεως
732 4254 1073 4322 ἀποκάλυψιν
1108 4256 1220 4316 τοῖς
1254 4252 1398 4305 κατὰ
1443 4253 1500 4306 σὲ
1530 4252 1626 4323 τὴν
1659 4252 1754 4306 τοῦ
1791 4254 1966 4322 Λόγου

386 4347 688 4419 παρουσίαν
724 4345 810 4399 διὰ
832 4345 933 4414 τῆς
965 4344 1099 4415 πρὸς
1126 4343 1288 4397 αὐτὸν
1316 4344 1712 4415 ἀνεπιστρόφου
1737 4345 1968 4414 πορείας

386 4438 759 4509 ἐκδεχομένοις
804 4436 892 4490 ἀεὶ⁸
938 4435 1032 4489 καὶ
1066 4437 1431 4506 προσμένουσι
1481 4437 1717 4489 συνεῖδον
1752 4439 1865 4500 τοῖς
1906 4454 1965 4490 τε

385 4530 563 4594 ἄλλοις
586 4529 759 4599 ὑμῶν,
782 4528 875 4581 καὶ
905 4526 1002 4597 μὲν
1024 4526 1087 4597 δὴ
1116 4525 1193 4597 τῷ
1222 4527 1362 4598 ὑπὲρ
1384 4525 1453 4579 τὰ
1477 4527 1574 4580 ὅλα
1604 4527 1844 4597 μεγίστῳ
1868 4527 1968 4598 τῆς

387 4616 845 4685 συγκαταὸάσεως
884 4612 1268 4685 κατορθώματι
1312 4615 1588 4685 θαρρήσας
1611 4632 1670 4667 τε
1704 4615 1840 4686 ἅμα,
1873 4617 1967 4669 καὶ

2197 3408 2438 3461 Patricio
2470 3406 2650 3471 Petro,
2678 3406 2948 3462 Maximus
2970 3409 3186 3462 humilis
3209 3413 3514 3466 monachus.

2142 3522 2184 3576 l.
2212 3521 2348 3576 Cum
2389 3531 2442 3576 te
2473 3521 2693 3576 caelesti
2745 3537 2808 3576 ac
2841 3523 3040 3577 divinae
3086 3523 3366 3593 sapientiae
3416 3525 3655 3579 innutri-

2069 3620 2185 3667 tum
2216 3614 2274 3667 in
2309 3613 2458 3667 omni
2489 3630 2612 3668 esse
2660 3613 2766 3668 vita
2803 3616 3166 3682 meminerim,
3224 3617 3505 3685 praeclare,
3540 3627 3594 3673 et
3620 3635 3651 3672 a

2068 3704 2178 3760 Deo
2207 3705 2585 3760 conservande
2634 3705 2881 3769 domine,
2931 3721 2995 3760 ac
3042 3706 3305 3762 divinitus
3341 3712 3650 3763 communi—

2067 3806 2189 3853 cata
2220 3798 2313 3851 illa
2344 3797 2609 3851 facultate
2634 3798 2944 3867 praeditum,
2971 3815 3092 3868 qua:
3119 3801 3330 3855 caelesti
3358 3801 3648 3872 prudentia

2067 3898 2122 3944 et
2141 3890 2343 3944 virtute
2382 3889 2639 3953 fecunda,
2677 3889 2744 3942 ad
2796 3890 3031 3945 honesta
3078 3908 3307 3962 quaeque
3359 3894 3647 3963 cogitanda

2067 3981 2432 4051 faciendaque
2475 3981 2760 4050 perducit:
2790 3997 3023 4053 quorum
3071 3982 3481 4038 fundamentum
3521 3985 3649 4040 reli-

2065 4073 2220 4143 giosa
2253 4072 2388 4127 ﬁdes
2418 4083 2522 4136 est,
2558 4082 2817 4146 recteque
2849 4075 3089 4129 sentiens
3125 4090 3138 4126 :
3180 4090 3301 4144 quae
3338 4075 3513 4129 solam
3552 4091 3649 4129 eo-

2065 4180 2186 4219 rum
2216 4179 2336 4235 quae
2369 4164 2722 4233 aspectabilia
2758 4178 2869 4219 non
2904 4173 3053 4230 sunt,
3087 4165 3236 4219 velut
3283 4165 3468 4220 divina
3507 4179 3650 4235 quo-

2066 4255 2361 4312 dammodo
2402 4256 2579 4326 gratia
2629 4255 2742 4325 jam
2796 4256 3232 4327 aspectabilium,
3280 4257 3443 4313 etiam
3493 4268 3649 4312 ante-

2065 4363 2229 4418 quam
2259 4348 2531 4418 patefacta
2565 4349 2696 4414 sint,
2748 4348 3120 4404 ostensionem
3153 4362 3253 4419 per
3287 4363 3439 4418 spem
3490 4349 3657 4403 exhiq

2064 4441 2158 4497 bet
2188 4439 2257 4494 iis
2278 4441 2393 4510 qui,
2417 4439 2564 4509 quod
2593 4446 2652 4493 tu
2683 4437 2839 4504 facis,
2871 4439 3163 4495 adventum
3196 4437 3361 4494 Verbi
3386 4439 3653 4495 continuat

2067 4534 2135 4589 ad
2168 4534 2370 4603 ipsum,
2413 4547 2515 4587 nec
2548 4532 2854 4602 interrupta
2879 4532 3265 4602 progressione
3325 4530 3648 4602 praestolan-

2067 4632 2156 4677 tur
2185 4638 2250 4677 ac
2273 4623 2578 4678 sustinent:
2608 4623 2774 4679 statui
2799 4622 2941 4693 apud
2972 4637 3077 4687 me,
3107 4637 3230 4677 cum
3260 4621 3385 4677 aliis
3425 4621 3649 4701 vestris,

384 4708 775 4781 προθυμηθεὶς.
794 4707 1039 4762 κανόνιόν
1066 4724 1119 4760 τι
1150 4707 1445 4778 διαγράψαι
1473 4706 1687 4778 σεμνὸν,
1713 4709 1808 4762 καὶ
1826 4710 1958 4762 ἁπο-
1985 4705 2001 4762 1

2063 4722 2174 4767 tum
2205 4713 2309 4767 hoc
2332 4712 2598 4783 singulari
2630 4712 2984 4768 demissionis
3029 4711 3097 4766 ad
3132 4727 3220 4767 me
3247 4721 3441 4768 vestrae
3472 4713 3649 4776 facto,

384 4801 588 4855 στεῖλαι
623 4803 735 4864 τοῖς
779 4801 1154 4870 πανευιρήμοις
1200 4801 1297 4853 καὶ
1335 4800 1741 4870 ὑπερευφήμοις
1797 4801 1958 4870 ὑμῖν·

379 4894 479 4963 τήν
530 4908 592 4944 τε
643 4890 753 4944 τῶν
796 4891 966 4959 ἁγίων
998 4889 1259 4962 νηστειῶν
1290 4890 1492 4943 εἴσοδον
1518 4889 1958 4962 ἐκπεριειληφός,

381 4984 475 5038 καὶ
507 4983 605 5055 τὴν
628 4984 725 5055 τῆς
753 4983 901 5052 ἱερᾶς
934 4982 1283 5047 ἀναστάσεως
1306 4984 1517 5055 ὲορτήν-
1538 4985 1633 5036 καὶ
1659 4982 1796 5052 πρὸς
1826 4983 1955 5036 ταύ-

378 5090 499 5137 ταις
546 5073 645 5144 τὴν
684 5073 745 5126 τὸ
791 5073 1017 5127 παλαιὸν
1058 5073 1349 5144 ἐπίσημον,
1377 5072 1472 5126 νῦν
1528 5072 1584 5125 δὲ
1634 5072 1755 5127 καθ’
1810 5074 1956 5144 ἡμᾶς

379 5165 590 5234 ἄσημον
618 5158 782 5216 οὖσαν
803 5180 817 5195 ·
847 5164 923 5227 ὡς
959 5163 1111 5217 οὐδὲν
1154 5163 1408 5233 οὐδαμῶς
1436 5166 1495 5217 ἐν
1535 5165 1672 5235 αὐτῇ
1711 5163 1955 5217 τελοῦσιν

379 5256 531 5324 ἡμῖν,
577 5254 609 5325 ἦ
661 5253 989 5325 τελουμένην
1044 5253 1106 5308 τὸ
1155 5255 1394 5320 σύνολον,
1442 5255 1677 5328 δεκάτην
1708 5255 1802 5309 τοῦ
1833 5257 1954 5310 καθ’

391 5345 675 5417 Ἐϐραίους
723 5345 949 5417 ἑϐδόμου
993 5347 1160 5417 μηνός
1181 5363 1196 5378 ο
1231 5345 1351 5400 καθ’
1384 5347 1449 5417 ἢν
1480 5346 1627 5414 ἅπαξ
1659 5347 1754 5401 τοῦ
1780 5349 1955 5402 ἐνιαυ-

375 5438 472 5491 τοῦ
501 5438 643 5491 κατὰ
686 5437 847 5508 νόμον
872 5438 1107 5490 ἐποιεῖτο
1130 5437 1229 5509 τὴν
1261 5438 1341 5500 είς
1368 5437 1436 5490 τὰ
1460 5438 1626 5507 ’Ἅγια
1651 5439 1759 5492 τῶν
1783 5439 1952 5508 ἁγίων

377 5527 579 5582 εἴσοδον
619 5527 647 5579 ὁ
677 5524 986 5598 ἀρχιερεύς·
1017 5527 1095 5589 εἰς
1124 5527 1190 5597 ἣν
1225 5527 1320 5580 καὶ
1349 5526 1427 5596 τῷ
1452 5528 1697 5600 Ζαχαρία
1729 5528 1951 5597 γέγονεν

375 5624 405 5675 ὁ
431 5619 812 5691 χρηματισμὸς
846 5617 973 5691 περὶ
1023 5618 1267 5672 Ἰωάννου
1295 5618 1390 5672 τοῦ
1423 5620 1658 5690 μεγάλου
1692 5621 1793 5691 τῆς
1813 5622 1947 5693 ἀλη-

428 5776 489 5847 _"
519 5775 561 5845 f.
593 5776 688 5829 καὶ
712 5776 832 5847 τήν,
865 5774 967 5830 nisi
1000 5774 1140 5829 τοιοὺὲ
1166 5774 1436 5845 quidpiam
1475 5773 1630 5829 desit.

2066 4819 2132 4859 ac
2153 4804 2351 4859 merito
2389 4805 2653 4870 conlisus,
2690 4804 3012 4859 laterculum
3069 4804 3357 4874 quemdam
3413 4813 3647 4874 augusta

2065 4897 2328 4967 religione
2357 4897 2577 4966 plenum
2623 4896 2979 4962 describere;
3010 4904 3064 4950 et
3118 4894 3185 4949 ad
3220 4908 3317 4949 vos
3363 4894 3521 4948 laude
3575 4909 3643 4948 ac

2061 4988 2447 5060 praedicatione
2478 4988 2626 5044 omni
2653 4988 2963 5058 superiores
2996 4987 3229 5042 mittere.
3289 4983 3347 5041 lu
3390 5001 3499 5056 quo
3523 4988 3647 5058 pri—

2064 5098 2211 5137 mum
2231 5081 2566 5161 jejunjorum
2598 5082 2914 5137 continetur
2937 5080 3239 5151 ingressus.
3264 5086 3378 5133 tum
3398 5079 3646 5135 solemne

2061 5154 2483 5229 resurrectionis
2513 5171 2810 5227 Dominicaa
2842 5172 3007 5226 :item
3037 5170 3183 5224 aliud
3234 5169 3455 5235 festum,
3490 5169 3642 5240 quod

2059 5258 2189 5313 olim
2219 5257 2453 5323 celebre,
2490 5266 2653 5312 nunc‘
2699 5258 2997 5313 obscurum
3057 5256 3201 5325 apud
3257 5271 3360 5311 nos
3400 5263 3453 5311 et
3487 5257 3641 5327 igno-

2059 5348 2199 5416 bile;
2230 5348 2411 5418 utqui
2442 5347 2577 5402 nihil
2609 5362 2675 5404 ex
2724 5364 2792 5404 eo
2849 5351 2917 5402 ad
2968 5346 3354 5403 celebrandum
3403 5349 3641 5402 assumi-

2058 5455 2213 5501 mus,
2256 5455 2432 5510 neque
2452 5454 2709 5496 curamus
2754 5442 2980 5496 omnino
3021 5455 3036 5493 :
3095 5439 3361 5494 decimam
3397 5437 3643 5508 intelligo

2058 5531 2272 5601 septimi
2299 5532 2505 5589 mensis
2530 5529 2767 5598 Iudaici,
2802 5548 2898 5603 per
2928 5547 3094 5603 quam
3125 5531 3290 5587 semel
3317 5531 3633 5601 quotannis.

2056 5639 2123 5680 ex
2146 5623 2469 5695 praescripto
2501 5624 2658 5696 legis,
2690 5625 2745 5680 in
2775 5622 2977 5680 Sancta
3014 5630 3330 5680 sanctorum
3378 5620 3637 5678 introibat
