  <div class='ocr_page' id='page_1' title='image "/cluster/home/n/w/nwhite01/storage/ocr_20150623/19/nnc1.0037127454/632.png"; bbox 0 0 4112 6440; ppageno 0'>
   <div class='ocr_carea' id='block_1_1' title="bbox 394 394 525 448">
    <p class='ocr_par' dir='ltr' id='par_1_1' title="bbox 394 394 525 448">
     <span class='ocr_line' id='line_1_1' title="bbox 394 394 525 448; baseline 0.008 -2"><span class='ocrx_word' id='word_1_1' title='bbox 394 394 525 448; x_wconf 69' lang='grc'><strong>1221</strong></span> 
     </span>
    </p>
   </div>
   <div class='ocr_carea' id='block_1_2' title="bbox 1245 389 2898 448">
    <p class='ocr_par' dir='ltr' id='par_1_2' title="bbox 1245 389 2898 448">
     <span class='ocr_line' id='line_1_2' title="bbox 1245 389 2898 448; baseline -0.001 -2"><span class='ocrx_word' id='word_1_2' title='bbox 1245 392 1301 446; x_wconf 87' lang='lat' dir='ltr'><strong>S.</strong></span> <span class='ocrx_word' id='word_1_3' title='bbox 1345 391 1592 446; x_wconf 76' lang='lat' dir='ltr'><strong>MAXIMI</strong></span> <span class='ocrx_word' id='word_1_4' title='bbox 1634 389 1995 446; x_wconf 77' lang='lat' dir='ltr'><strong>MARTYRIS</strong></span> <span class='ocrx_word' id='word_1_5' title='bbox 2033 389 2414 448; x_wconf 78' lang='lat' dir='ltr'><strong>COMPUTUS</strong></span> <span class='ocrx_word' id='word_1_6' title='bbox 2451 389 2898 447; x_wconf 83' lang='lat' dir='ltr'><strong>ECCLESIAST.</strong></span> 
     </span>
    </p>
   </div>
   <div class='ocr_carea' id='block_1_3' title="bbox 3523 393 3661 448">
    <p class='ocr_par' dir='ltr' id='par_1_3' title="bbox 3523 393 3661 448">
     <span class='ocr_line' id='line_1_3' title="bbox 3523 393 3661 448; baseline 0 0"><span class='ocrx_word' id='word_1_7' title='bbox 3523 393 3661 448; x_wconf 70' lang='grc' dir='ltr'>ιεεε</span> 
     </span>
    </p>
   </div>
   <div class='ocr_carea' id='block_1_4' title="bbox 395 501 1995 575">
    <p class='ocr_par' dir='ltr' id='par_1_4' title="bbox 395 503 1976 571">
     <span class='ocr_line' id='line_1_4' title="bbox 395 503 1976 571; baseline -0.004 -9"><span class='ocrx_word' id='word_1_8' title='bbox 395 508 457 561; x_wconf 84' lang='grc' dir='ltr'>Τί</span> <span class='ocrx_word' id='word_1_9' title='bbox 486 503 562 561; x_wconf 81' lang='grc' dir='ltr'>τὸ</span> <span class='ocrx_word' id='word_1_10' title='bbox 611 505 932 569; x_wconf 73' lang='grc' dir='ltr'>κανόνων,</span> <span class='ocrx_word' id='word_1_11' title='bbox 975 503 1073 557; x_wconf 73' lang='grc' dir='ltr'>καὶ</span> <span class='ocrx_word' id='word_1_12' title='bbox 1125 505 1184 556; x_wconf 81' lang='grc' dir='ltr'><strong>τί</strong></span> <span class='ocrx_word' id='word_1_13' title='bbox 1225 503 1482 571; x_wconf 79' lang='grc' dir='ltr'><strong>περιέχει</strong></span> <span class='ocrx_word' id='word_1_14' title='bbox 1528 505 1567 570; x_wconf 70' lang='grc' dir='ltr'><strong><em>ἡ</em></strong></span> <span class='ocrx_word' id='word_1_15' title='bbox 1613 503 1828 556; x_wconf 79' lang='grc' dir='ltr'>τούτου</span> <span class='ocrx_word' id='word_1_16' title='bbox 1869 503 1976 556; x_wconf 85' lang='grc' dir='ltr'><strong>δύ·-</strong></span> 
     </span>
    </p>
   </div>
   <div class='ocr_carea' id='block_1_5' title="bbox 2076 501 3665 575">
    <p class='ocr_par' dir='ltr' id='par_1_5' title="bbox 2085 501 3665 575">
     <span class='ocr_line' id='line_1_5' title="bbox 2085 501 3665 575; baseline 0 -16"><span class='ocrx_word' id='word_1_17' title='bbox 2085 502 2238 571; x_wconf 75' lang='grc'><strong>171</strong></span> <span class='ocrx_word' id='word_1_18' title='bbox 2261 532 2285 542; x_wconf 92' lang='grc'><strong><em>-</em></strong></span> <span class='ocrx_word' id='word_1_19' title='bbox 2309 503 2467 572; x_wconf 74' lang='grc'><strong>172</strong></span> <span class='ocrx_word' id='word_1_20' title='bbox 2501 501 2820 571; x_wconf 78' lang='lat' dir='ltr'><strong>Cujusmodi</strong></span> <span class='ocrx_word' id='word_1_21' title='bbox 2847 503 2918 556; x_wconf 76' lang='lat' dir='ltr'><strong>sit</strong></span> <span class='ocrx_word' id='word_1_22' title='bbox 2940 502 3277 568; x_wconf 81' lang='lat' dir='ltr'><strong>latcrculttm,</strong></span> <span class='ocrx_word' id='word_1_23' title='bbox 3318 513 3367 556; x_wconf 83' lang='lat' dir='ltr'><strong>et</strong></span> <span class='ocrx_word' id='word_1_24' title='bbox 3421 522 3540 575; x_wconf 64' lang='lat' dir='ltr'><strong>quae</strong></span> <span class='ocrx_word' id='word_1_25' title='bbox 3581 510 3665 563; x_wconf 69' lang='lat' dir='ltr'><strong>eis</strong></span> 
     </span>
    </p>
   </div>
   <div class='ocr_carea' id='block_1_6' title="bbox 1081 609 1284 662">
    <p class='ocr_par' dir='ltr' id='par_1_6' title="bbox 1081 609 1284 662">
     <span class='ocr_line' id='line_1_6' title="bbox 1081 609 1284 662; baseline -0.005 -17"><span class='ocrx_word' id='word_1_26' title='bbox 1081 609 1284 662; x_wconf 78' lang='grc' dir='ltr'>ναμις.</span> 
     </span>
    </p>
   </div>
   <div class='ocr_carea' id='block_1_7' title="bbox 465 727 2055 802">
    <p class='ocr_par' dir='ltr' id='par_1_7' title="bbox 465 727 2055 802">
     <span class='ocr_line' id='line_1_7' title="bbox 465 727 2055 802; baseline -0.002 -19"><span class='ocrx_word' id='word_1_27' title='bbox 465 733 534 785; x_wconf 86' lang='lat' dir='ltr'><strong>B&#39;.</strong></span> <span class='ocrx_word' id='word_1_28' title='bbox 554 731 616 783; x_wconf 86' lang='grc' dir='ltr'><strong>Ἦ</strong></span> <span class='ocrx_word' id='word_1_29' title='bbox 631 729 785 784; x_wconf 73' lang='grc' dir='ltr'>τοῦδε</span> <span class='ocrx_word' id='word_1_30' title='bbox 797 729 891 783; x_wconf 80' lang='grc' dir='ltr'>τοῦ</span> <span class='ocrx_word' id='word_1_31' title='bbox 911 730 1270 802; x_wconf 79' lang='grc' dir='ltr'><strong>προκειμένου</strong></span> <span class='ocrx_word' id='word_1_32' title='bbox 1305 727 1700 799; x_wconf 52' lang='grc' dir='ltr'>ὑφήγησιςιτοῦ</span> <span class='ocrx_word' id='word_1_33' title='bbox 1721 728 1968 782; x_wconf 88' lang='grc' dir='ltr'>κανονίου</span> <span class='ocrx_word' id='word_1_34' title='bbox 2044 755 2055 760; x_wconf 96' lang='grc'><strong>-</strong></span> 
     </span>
    </p>
   </div>
   <div class='ocr_carea' id='block_1_8' title="bbox 388 818 1968 893">
    <p class='ocr_par' dir='ltr' id='par_1_8' title="bbox 388 818 1968 893">
     <span class='ocr_line' id='line_1_8' title="bbox 388 818 1968 893; baseline -0.002 -18"><span class='ocrx_word' id='word_1_35' title='bbox 388 823 578 876; x_wconf 77' lang='grc' dir='ltr'>τοῦτον</span> <span class='ocrx_word' id='word_1_36' title='bbox 605 821 715 892; x_wconf 83' lang='grc' dir='ltr'>ἔχει</span> <span class='ocrx_word' id='word_1_37' title='bbox 749 822 839 874; x_wconf 84' lang='grc' dir='ltr'><strong>τὸν</strong></span> <span class='ocrx_word' id='word_1_38' title='bbox 873 822 1092 893; x_wconf 78' lang='grc' dir='ltr'>τρόπον.</span> <span class='ocrx_word' id='word_1_39' title='bbox 1123 821 1395 892; x_wconf 79' lang='grc' dir='ltr'>Ἱ“ριπλοῦν</span> <span class='ocrx_word' id='word_1_40' title='bbox 1424 818 1585 872; x_wconf 81' lang='grc' dir='ltr'>τοῦτο</span> <span class='ocrx_word' id='word_1_41' title='bbox 1611 821 1968 890; x_wconf 81' lang='grc' dir='ltr'>καθέστηκεν,</span> 
     </span>
    </p>
   </div>
   <div class='ocr_carea' id='block_1_9' title="bbox 388 911 1972 984">
    <p class='ocr_par' dir='ltr' id='par_1_9' title="bbox 388 911 1972 984">
     <span class='ocr_line' id='line_1_9' title="bbox 388 911 1972 984; baseline 0 -21"><span class='ocrx_word' id='word_1_42' title='bbox 388 913 465 976; x_wconf 84' lang='grc' dir='ltr'><strong>ὡς</strong></span> <span class='ocrx_word' id='word_1_43' title='bbox 489 913 744 984; x_wconf 77' lang='grc' dir='ltr'><strong>περιέχον</strong></span> <span class='ocrx_word' id='word_1_44' title='bbox 775 913 833 964; x_wconf 84' lang='grc' dir='ltr'>ὲν</span> <span class='ocrx_word' id='word_1_45' title='bbox 873 911 1050 982; x_wconf 83' lang='grc' dir='ltr'>ἐαυτῷ</span> <span class='ocrx_word' id='word_1_46' title='bbox 1085 913 1185 982; x_wconf 84' lang='grc' dir='ltr'><strong>τήν</strong></span> <span class='ocrx_word' id='word_1_47' title='bbox 1215 929 1274 963; x_wconf 87' lang='grc' dir='ltr'><strong>τε</strong></span> <span class='ocrx_word' id='word_1_48' title='bbox 1318 911 1426 962; x_wconf 90' lang='grc' dir='ltr'><strong>τῶν</strong></span> <span class='ocrx_word' id='word_1_49' title='bbox 1456 911 1627 978; x_wconf 84' lang='grc' dir='ltr'>ἁγίων</span> <span class='ocrx_word' id='word_1_50' title='bbox 1667 911 1972 982; x_wconf 71' lang='grc' dir='ltr'>παρείσϐαο</span> 
     </span>
    </p>
   </div>
   <div class='ocr_carea' id='block_1_10' title="bbox 393 1000 1970 1074">
    <p class='ocr_par' dir='ltr' id='par_1_10' title="bbox 393 1000 1970 1074">
     <span class='ocr_line' id='line_1_10' title="bbox 393 1000 1970 1074; baseline 0.001 -19"><span class='ocrx_word' id='word_1_51' title='bbox 393 1021 477 1055; x_wconf 91' lang='grc' dir='ltr'><strong>σιν</strong></span> <span class='ocrx_word' id='word_1_52' title='bbox 516 1003 778 1074; x_wconf 75' lang='grc' dir='ltr'><strong>νηστειῶν</strong></span> <span class='ocrx_word' id='word_1_53' title='bbox 800 1004 903 1057; x_wconf 71' lang='grc' dir='ltr'>,καὶ</span> <span class='ocrx_word' id='word_1_54' title='bbox 948 1003 1048 1074; x_wconf 80' lang='grc' dir='ltr'><strong>τὴν</strong></span> <span class='ocrx_word' id='word_1_55' title='bbox 1090 1001 1692 1073; x_wconf 82' lang='grc' dir='ltr'><strong>τεσσαρεσκαιδεκάτην</strong></span> <span class='ocrx_word' id='word_1_56' title='bbox 1723 1000 1819 1054; x_wconf 78' lang='grc' dir='ltr'>τοῦ</span> <span class='ocrx_word' id='word_1_57' title='bbox 1849 1002 1970 1056; x_wconf 80' lang='grc' dir='ltr'>καθ’</span> 
     </span>
    </p>
   </div>
   <div class='ocr_carea' id='block_1_11' title="bbox 403 1089 1972 1165">
    <p class='ocr_par' dir='ltr' id='par_1_11' title="bbox 403 1089 1972 1165">
     <span class='ocr_line' id='line_1_11' title="bbox 403 1089 1972 1165; baseline 0 -20"><span class='ocrx_word' id='word_1_58' title='bbox 403 1094 688 1165; x_wconf 80' lang='grc' dir='ltr'>Ἐϐραίους</span> <span class='ocrx_word' id='word_1_59' title='bbox 713 1091 928 1164; x_wconf 86' lang='grc' dir='ltr'>πρώτου</span> <span class='ocrx_word' id='word_1_60' title='bbox 951 1091 1138 1163; x_wconf 77' lang='grc' dir='ltr'>μηνὸς,</span> <span class='ocrx_word' id='word_1_61' title='bbox 1175 1091 1319 1158; x_wconf 86' lang='grc' dir='ltr'>λέγω</span> <span class='ocrx_word' id='word_1_62' title='bbox 1352 1090 1415 1161; x_wconf 82' lang='grc' dir='ltr'>δὴ</span> <span class='ocrx_word' id='word_1_63' title='bbox 1439 1090 1532 1144; x_wconf 82' lang='grc' dir='ltr'>τοῦ</span> <span class='ocrx_word' id='word_1_64' title='bbox 1567 1089 1770 1144; x_wconf 86' lang='grc' dir='ltr'>Νισάν·</span> <span class='ocrx_word' id='word_1_65' title='bbox 1799 1093 1877 1153; x_wconf 87' lang='grc' dir='ltr'><strong>είς</strong></span> <span class='ocrx_word' id='word_1_66' title='bbox 1906 1092 1972 1162; x_wconf 87' lang='grc' dir='ltr'><strong>ἣν</strong></span> 
     </span>
    </p>
   </div>
   <div class='ocr_carea' id='block_1_12' title="bbox 391 1181 1970 1253">
    <p class='ocr_par' dir='ltr' id='par_1_12' title="bbox 391 1181 1970 1253">
     <span class='ocr_line' id='line_1_12' title="bbox 391 1181 1970 1253; baseline -0.003 -15"><span class='ocrx_word' id='word_1_67' title='bbox 391 1185 452 1238; x_wconf 82' lang='grc' dir='ltr'><strong>τὸ</strong></span> <span class='ocrx_word' id='word_1_68' title='bbox 481 1185 600 1238; x_wconf 87' lang='grc' dir='ltr'>κατ’</span> <span class='ocrx_word' id='word_1_69' title='bbox 643 1185 840 1248; x_wconf 85' lang='grc' dir='ltr'>αὐτοὺς</span> <span class='ocrx_word' id='word_1_70' title='bbox 872 1185 1063 1253; x_wconf 85' lang='grc' dir='ltr'>Πάσχα</span> <span class='ocrx_word' id='word_1_71' title='bbox 1087 1182 1348 1235; x_wconf 89' lang='grc' dir='ltr'>τελεῖται·</span> <span class='ocrx_word' id='word_1_72' title='bbox 1377 1181 1474 1234; x_wconf 72' lang='grc' dir='ltr'>καὶ</span> <span class='ocrx_word' id='word_1_73' title='bbox 1504 1182 1603 1253; x_wconf 77' lang='grc' dir='ltr'>τὴν</span> <span class='ocrx_word' id='word_1_74' title='bbox 1624 1183 1854 1252; x_wconf 84' lang='grc' dir='ltr'>δεκάτην</span> <span class='ocrx_word' id='word_1_75' title='bbox 1878 1181 1970 1234; x_wconf 82' lang='grc' dir='ltr'>τοῦ</span> 
     </span>
    </p>
   </div>
   <div class='ocr_carea' id='block_1_13' title="bbox 393 1271 1971 1344">
    <p class='ocr_par' dir='ltr' id='par_1_13' title="bbox 393 1271 1971 1344">
     <span class='ocr_line' id='line_1_13' title="bbox 393 1271 1971 1344; baseline -0.001 -18"><span class='ocrx_word' id='word_1_76' title='bbox 393 1273 622 1344; x_wconf 80' lang='grc' dir='ltr'>ἑϐδόμου</span> <span class='ocrx_word' id='word_1_77' title='bbox 657 1273 859 1344; x_wconf 85' lang='grc' dir='ltr'>μηνὸς,</span> <span class='ocrx_word' id='word_1_78' title='bbox 895 1273 1060 1344; x_wconf 79' lang='grc' dir='ltr'>ήγουν</span> <span class='ocrx_word' id='word_1_79' title='bbox 1115 1271 1209 1324; x_wconf 83' lang='grc' dir='ltr'>τοῦ</span> <span class='ocrx_word' id='word_1_80' title='bbox 1250 1272 1450 1342; x_wconf 84' lang='grc' dir='ltr'>Θερσί·</span> <span class='ocrx_word' id='word_1_81' title='bbox 1496 1271 1619 1325; x_wconf 67' lang='grc' dir='ltr'>καθ’</span> <span class='ocrx_word' id='word_1_82' title='bbox 1649 1273 1715 1343; x_wconf 78' lang='grc' dir='ltr'><strong>ἢν</strong></span> <span class='ocrx_word' id='word_1_83' title='bbox 1751 1273 1779 1324; x_wconf 90' lang='grc' dir='ltr'>ὁ</span> <span class='ocrx_word' id='word_1_84' title='bbox 1812 1273 1971 1344; x_wconf 85' lang='grc' dir='ltr'>ἁρχι-</span> 
     </span>
    </p>
   </div>
   <div class='ocr_carea' id='block_1_14' title="bbox 391 1363 1970 1440">
    <p class='ocr_par' dir='ltr' id='par_1_14' title="bbox 391 1363 1970 1440">
     <span class='ocr_line' id='line_1_14' title="bbox 391 1363 1970 1440; baseline -0.003 -18"><span class='ocrx_word' id='word_1_85' title='bbox 391 1370 551 1440; x_wconf 85' lang='grc' dir='ltr'>ερεὺς</span> <span class='ocrx_word' id='word_1_86' title='bbox 584 1369 642 1421; x_wconf 86' lang='grc' dir='ltr'><strong>τὸ</strong></span> <span class='ocrx_word' id='word_1_87' title='bbox 662 1368 890 1421; x_wconf 84' lang='grc' dir='ltr'>παλαιὸν</span> <span class='ocrx_word' id='word_1_88' title='bbox 911 1368 1011 1438; x_wconf 84' lang='grc' dir='ltr'>τὴν</span> <span class='ocrx_word' id='word_1_89' title='bbox 1039 1367 1119 1429; x_wconf 89' lang='grc' dir='ltr'><strong>είς</strong></span> <span class='ocrx_word' id='word_1_90' title='bbox 1150 1365 1221 1420; x_wconf 84' lang='grc' dir='ltr'>τὰ</span> <span class='ocrx_word' id='word_1_91' title='bbox 1245 1367 1412 1435; x_wconf 78' lang='grc' dir='ltr'>Ἀγια</span> <span class='ocrx_word' id='word_1_92' title='bbox 1444 1365 1550 1418; x_wconf 87' lang='grc' dir='ltr'><strong>τῶν</strong></span> <span class='ocrx_word' id='word_1_93' title='bbox 1575 1365 1743 1434; x_wconf 84' lang='grc' dir='ltr'>ἁγίων</span> <span class='ocrx_word' id='word_1_94' title='bbox 1764 1363 1970 1418; x_wconf 83' lang='grc' dir='ltr'>εἴσοδον</span> 
     </span>
    </p>
   </div>
   <div class='ocr_carea' id='block_1_15' title="bbox 385 1456 1972 1529">
    <p class='ocr_par' dir='ltr' id='par_1_15' title="bbox 385 1456 1972 1529">
     <span class='ocr_line' id='line_1_15' title="bbox 385 1456 1972 1529; baseline -0.001 -17"><span class='ocrx_word' id='word_1_95' title='bbox 385 1461 646 1512; x_wconf 80' lang='grc' dir='ltr'>ἐποιεῖτο.</span> <span class='ocrx_word' id='word_1_96' title='bbox 681 1459 791 1512; x_wconf 73' lang='grc' dir='ltr'><strong>Καὶ</strong></span> <span class='ocrx_word' id='word_1_97' title='bbox 812 1457 925 1512; x_wconf 77' lang='grc' dir='ltr'>ἔστι</span> <span class='ocrx_word' id='word_1_98' title='bbox 954 1457 1057 1528; x_wconf 78' lang='grc' dir='ltr'><strong>τῆς</strong></span> <span class='ocrx_word' id='word_1_99' title='bbox 1091 1457 1190 1529; x_wconf 88' lang='grc' dir='ltr'>μὲν</span> <span class='ocrx_word' id='word_1_100' title='bbox 1216 1456 1630 1529; x_wconf 85' lang='grc' dir='ltr'>παρεισϐάσεως</span> <span class='ocrx_word' id='word_1_101' title='bbox 1668 1456 1777 1510; x_wconf 89' lang='grc' dir='ltr'><strong>τῶν</strong></span> <span class='ocrx_word' id='word_1_102' title='bbox 1805 1456 1972 1526; x_wconf 80' lang='grc' dir='ltr'>ἁγίων</span> 
     </span>
    </p>
   </div>
   <div class='ocr_carea' id='block_1_16' title="bbox 391 1547 1971 1622">
    <p class='ocr_par' dir='ltr' id='par_1_16' title="bbox 391 1547 1971 1622">
     <span class='ocr_line' id='line_1_16' title="bbox 391 1547 1971 1622; baseline -0.003 -18"><span class='ocrx_word' id='word_1_103' title='bbox 391 1549 654 1622; x_wconf 80' lang='grc' dir='ltr'>νηστειῶν</span> <span class='ocrx_word' id='word_1_104' title='bbox 687 1552 718 1622; x_wconf 80' lang='grc' dir='ltr'>ἡ</span> <span class='ocrx_word' id='word_1_105' title='bbox 768 1549 1064 1622; x_wconf 88' lang='grc' dir='ltr'>σημείωσις</span> <span class='ocrx_word' id='word_1_106' title='bbox 1101 1548 1160 1614; x_wconf 80' lang='grc' dir='ltr'>ἐξ</span> <span class='ocrx_word' id='word_1_107' title='bbox 1197 1548 1492 1618; x_wconf 82' lang='grc' dir='ltr'><strong>εὐωνύμων</strong></span> <span class='ocrx_word' id='word_1_108' title='bbox 1536 1547 1632 1601; x_wconf 77' lang='grc' dir='ltr'>τοῦ</span> <span class='ocrx_word' id='word_1_109' title='bbox 1664 1547 1829 1601; x_wconf 80' lang='grc' dir='ltr'>αὐτοῦ</span> <span class='ocrx_word' id='word_1_110' title='bbox 1871 1565 1971 1601; x_wconf 91' lang='grc' dir='ltr'>κα-</span> 
     </span>
    </p>
   </div>
   <div class='ocr_carea' id='block_1_17' title="bbox 391 1637 1971 1713">
    <p class='ocr_par' dir='ltr' id='par_1_17' title="bbox 391 1637 1971 1713">
     <span class='ocr_line' id='line_1_17' title="bbox 391 1637 1971 1713; baseline -0.003 -18"><span class='ocrx_word' id='word_1_111' title='bbox 391 1642 567 1695; x_wconf 90' lang='grc' dir='ltr'>νονίου</span> <span class='ocrx_word' id='word_1_112' title='bbox 589 1640 1040 1713; x_wconf 81' lang='grc' dir='ltr'>διαγεγραμμένη</span> <span class='ocrx_word' id='word_1_113' title='bbox 1059 1658 1071 1671; x_wconf 92' lang='grc'><strong>·</strong></span> <span class='ocrx_word' id='word_1_114' title='bbox 1105 1641 1138 1712; x_wconf 84' lang='grc' dir='ltr'><strong>ή</strong></span> <span class='ocrx_word' id='word_1_115' title='bbox 1167 1640 1222 1692; x_wconf 80' lang='grc' dir='ltr'>δὲ</span> <span class='ocrx_word' id='word_1_116' title='bbox 1249 1637 1820 1709; x_wconf 83' lang='grc' dir='ltr'>τεσσαρεσκαιδεκάτη</span> <span class='ocrx_word' id='word_1_117' title='bbox 1876 1637 1971 1690; x_wconf 73' lang='grc' dir='ltr'>τοῦ</span> 
     </span>
    </p>
   </div>
   <div class='ocr_carea' id='block_1_18' title="bbox 393 1729 1974 1806">
    <p class='ocr_par' dir='ltr' id='par_1_18' title="bbox 393 1729 1974 1806">
     <span class='ocr_line' id='line_1_18' title="bbox 393 1729 1974 1806; baseline -0.003 -20"><span class='ocrx_word' id='word_1_118' title='bbox 393 1733 518 1786; x_wconf 87' lang='grc' dir='ltr'>καθ’</span> <span class='ocrx_word' id='word_1_119' title='bbox 559 1734 845 1805; x_wconf 78' lang='grc' dir='ltr'>Ἐϐραίους</span> <span class='ocrx_word' id='word_1_120' title='bbox 885 1732 1104 1806; x_wconf 85' lang='grc' dir='ltr'>πρώτου</span> <span class='ocrx_word' id='word_1_121' title='bbox 1157 1732 1324 1803; x_wconf 73' lang='grc' dir='ltr'>μηνὸς</span> <span class='ocrx_word' id='word_1_122' title='bbox 1360 1733 1425 1784; x_wconf 83' lang='grc' dir='ltr'>ἐκ</span> <span class='ocrx_word' id='word_1_123' title='bbox 1473 1729 1664 1796; x_wconf 80' lang='grc' dir='ltr'>δεξιῶν</span> <span class='ocrx_word' id='word_1_124' title='bbox 1708 1729 1974 1798; x_wconf 86' lang='grc' dir='ltr'>σύνεγγυς</span> 
     </span>
    </p>
   </div>
   <div class='ocr_carea' id='block_1_19' title="bbox 392 1820 1973 1910">
    <p class='ocr_par' dir='ltr' id='par_1_19' title="bbox 392 1820 1973 1910">
     <span class='ocr_line' id='line_1_19' title="bbox 392 1820 1973 1910; baseline -0.003 -32"><span class='ocrx_word' id='word_1_125' title='bbox 392 1825 487 1878; x_wconf 81' lang='grc' dir='ltr'>τοῦ</span> <span class='ocrx_word' id='word_1_126' title='bbox 535 1827 676 1880; x_wconf 82' lang='grc' dir='ltr'>κατά</span> <span class='ocrx_word' id='word_1_127' title='bbox 735 1825 897 1896; x_wconf 82' lang='grc' dir='ltr'>μέσον</span> <span class='ocrx_word' id='word_1_128' title='bbox 941 1822 1396 1910; x_wconf 68' lang='grc' dir='ltr'>ἐγγεγραμμένου</span> <span class='ocrx_word' id='word_1_129' title='bbox 1446 1820 1674 1893; x_wconf 84' lang='grc' dir='ltr'>τροχοῦ·</span> <span class='ocrx_word' id='word_1_130' title='bbox 1727 1822 1865 1892; x_wconf 80' lang='grc' dir='ltr'>μετὰ</span> <span class='ocrx_word' id='word_1_131' title='bbox 1917 1821 1973 1874; x_wconf 83' lang='grc' dir='ltr'><strong>δὲ</strong></span> 
     </span>
    </p>
   </div>
   <div class='ocr_carea' id='block_1_20' title="bbox 2750 594 3022 650">
    <p class='ocr_par' dir='ltr' id='par_1_20' title="bbox 2750 594 3022 650">
     <span class='ocr_line' id='line_1_20' title="bbox 2750 594 3022 650; baseline 0.011 -4"><span class='ocrx_word' id='word_1_132' title='bbox 2750 594 2821 647; x_wconf 86' lang='lat' dir='ltr'><strong>sit</strong></span> <span class='ocrx_word' id='word_1_133' title='bbox 2854 594 3022 650; x_wconf 79' lang='lat' dir='ltr'><strong>illius.</strong></span> 
     </span>
    </p>
   </div>
   <div class='ocr_carea' id='block_1_21' title="bbox 2149 728 3661 799">
    <p class='ocr_par' dir='ltr' id='par_1_21' title="bbox 2149 728 3661 799">
     <span class='ocr_line' id='line_1_21' title="bbox 2149 728 3661 799; baseline 0.004 -19"><span class='ocrx_word' id='word_1_134' title='bbox 2149 728 2212 784; x_wconf 91' lang='lat' dir='ltr'><strong>ll.</strong></span> <span class='ocrx_word' id='word_1_135' title='bbox 2253 728 2525 798; x_wconf 81' lang='lat' dir='ltr'><strong>Propositi</strong></span> <span class='ocrx_word' id='word_1_136' title='bbox 2587 732 2817 784; x_wconf 88' lang='lat' dir='ltr'><strong>canonis</strong></span> <span class='ocrx_word' id='word_1_137' title='bbox 2849 729 3118 799; x_wconf 78' lang='lat' dir='ltr'><strong>expositio</strong></span> <span class='ocrx_word' id='word_1_138' title='bbox 3160 731 3225 785; x_wconf 89' lang='lat' dir='ltr'><strong>ad</strong></span> <span class='ocrx_word' id='word_1_139' title='bbox 3255 730 3400 786; x_wconf 90' lang='lat' dir='ltr'><strong>hunc</strong></span> <span class='ocrx_word' id='word_1_140' title='bbox 3437 733 3661 787; x_wconf 88' lang='lat' dir='ltr'><strong>modum</strong></span> 
     </span>
    </p>
   </div>
   <div class='ocr_carea' id='block_1_22' title="bbox 2078 819 3645 876">
    <p class='ocr_par' dir='ltr' id='par_1_22' title="bbox 2078 819 3645 876">
     <span class='ocr_line' id='line_1_22' title="bbox 2078 819 3645 876; baseline 0.001 -1"><span class='ocrx_word' id='word_1_141' title='bbox 2078 835 2139 875; x_wconf 82' lang='lat' dir='ltr'><strong>se</strong></span> <span class='ocrx_word' id='word_1_142' title='bbox 2173 820 2359 874; x_wconf 87' lang='lat' dir='ltr'><strong>habet.</strong></span> <span class='ocrx_word' id='word_1_143' title='bbox 2393 819 2489 874; x_wconf 88' lang='lat' dir='ltr'><strong>Est</strong></span> <span class='ocrx_word' id='word_1_144' title='bbox 2519 819 2610 874; x_wconf 91' lang='lat' dir='ltr'><strong>ille</strong></span> <span class='ocrx_word' id='word_1_145' title='bbox 2638 819 2850 875; x_wconf 88' lang='lat' dir='ltr'><strong>divisus</strong></span> <span class='ocrx_word' id='word_1_146' title='bbox 2881 819 3173 876; x_wconf 80' lang='lat' dir='ltr'><strong>trifariam.</strong></span> <span class='ocrx_word' id='word_1_147' title='bbox 3209 819 3464 876; x_wconf 87' lang='lat' dir='ltr'><strong>Continet</strong></span> <span class='ocrx_word' id='word_1_148' title='bbox 3498 823 3645 876; x_wconf 89' lang='lat' dir='ltr'><strong>enim</strong></span> 
     </span>
    </p>
   </div>
   <div class='ocr_carea' id='block_1_23' title="bbox 2077 909 3661 981">
    <p class='ocr_par' dir='ltr' id='par_1_23' title="bbox 2077 909 3661 981">
     <span class='ocr_line' id='line_1_23' title="bbox 2077 909 3661 981; baseline 0 -15"><span class='ocrx_word' id='word_1_149' title='bbox 2077 911 2363 966; x_wconf 91' lang='lat' dir='ltr'><strong>introitum</strong></span> <span class='ocrx_word' id='word_1_150' title='bbox 2389 925 2674 965; x_wconf 88' lang='lat' dir='ltr'><strong>sacrorum</strong></span> <span class='ocrx_word' id='word_1_151' title='bbox 2704 909 3041 980; x_wconf 84' lang='lat' dir='ltr'><strong>jejuniorum</strong></span> <span class='ocrx_word' id='word_1_152' title='bbox 3065 930 3079 977; x_wconf 92' lang='lat'><strong>;</strong></span> <span class='ocrx_word' id='word_1_153' title='bbox 3100 921 3353 981; x_wconf 82' lang='lat' dir='ltr'><strong>quartam</strong></span> <span class='ocrx_word' id='word_1_154' title='bbox 3387 913 3661 967; x_wconf 83' lang='lat' dir='ltr'><strong>decimam</strong></span> 
     </span>
    </p>
   </div>
   <div class='ocr_carea' id='block_1_24' title="bbox 2080 1001 3651 1074">
    <p class='ocr_par' dir='ltr' id='par_1_24' title="bbox 2080 1001 3651 1074">
     <span class='ocr_line' id='line_1_24' title="bbox 2080 1001 3651 1074; baseline 0.001 -17"><span class='ocrx_word' id='word_1_155' title='bbox 2080 1004 2241 1074; x_wconf 81' lang='lat' dir='ltr'><strong>primi</strong></span> <span class='ocrx_word' id='word_1_156' title='bbox 2273 1003 2482 1058; x_wconf 85' lang='lat' dir='ltr'><strong>mensis</strong></span> <span class='ocrx_word' id='word_1_157' title='bbox 2513 1002 2820 1058; x_wconf 91' lang='lat' dir='ltr'><strong>secundum</strong></span> <span class='ocrx_word' id='word_1_158' title='bbox 2850 1001 3130 1069; x_wconf 67' lang='lat' dir='ltr'><strong>Hebraeos,</strong></span> <span class='ocrx_word' id='word_1_159' title='bbox 3175 1005 3277 1058; x_wconf 87' lang='lat' dir='ltr'><strong>hoc</strong></span> <span class='ocrx_word' id='word_1_160' title='bbox 3322 1016 3407 1061; x_wconf 89' lang='lat' dir='ltr'><strong>est</strong></span> <span class='ocrx_word' id='word_1_161' title='bbox 3438 1005 3605 1060; x_wconf 89' lang='lat' dir='ltr'><strong>Nisan</strong></span> <span class='ocrx_word' id='word_1_162' title='bbox 3641 1026 3651 1058; x_wconf 94' lang='lat'>:</span> 
     </span>
    </p>
   </div>
   <div class='ocr_carea' id='block_1_25' title="bbox 2078 1093 3656 1166">
    <p class='ocr_par' dir='ltr' id='par_1_25' title="bbox 2078 1093 3656 1166">
     <span class='ocr_line' id='line_1_25' title="bbox 2078 1093 3656 1166; baseline 0 -16"><span class='ocrx_word' id='word_1_163' title='bbox 2078 1098 2134 1150; x_wconf 90' lang='lat' dir='ltr'><strong>in</strong></span> <span class='ocrx_word' id='word_1_164' title='bbox 2159 1110 2324 1166; x_wconf 85' lang='lat' dir='ltr'><strong>quam</strong></span> <span class='ocrx_word' id='word_1_165' title='bbox 2354 1095 2569 1150; x_wconf 87' lang='lat' dir='ltr'><strong>Pascha</strong></span> <span class='ocrx_word' id='word_1_166' title='bbox 2601 1095 2822 1148; x_wconf 88' lang='lat' dir='ltr'><strong>illorum</strong></span> <span class='ocrx_word' id='word_1_167' title='bbox 2857 1093 3050 1148; x_wconf 88' lang='lat' dir='ltr'><strong>incidit</strong></span> <span class='ocrx_word' id='word_1_168' title='bbox 3075 1114 3089 1150; x_wconf 90' lang='lat'>:</span> <span class='ocrx_word' id='word_1_169' title='bbox 3114 1112 3215 1150; x_wconf 87' lang='lat' dir='ltr'><strong>nec</strong></span> <span class='ocrx_word' id='word_1_170' title='bbox 3250 1112 3358 1150; x_wconf 91' lang='lat' dir='ltr'><strong>non</strong></span> <span class='ocrx_word' id='word_1_171' title='bbox 3383 1097 3656 1154; x_wconf 85' lang='lat' dir='ltr'><strong>decimam</strong></span> 
     </span>
    </p>
   </div>
   <div class='ocr_carea' id='block_1_26' title="bbox 2079 1186 3657 1259">
    <p class='ocr_par' dir='ltr' id='par_1_26' title="bbox 2079 1186 3657 1259">
     <span class='ocr_line' id='line_1_26' title="bbox 2079 1186 3657 1259; baseline -0.001 -17"><span class='ocrx_word' id='word_1_172' title='bbox 2079 1187 2294 1259; x_wconf 81' lang='lat' dir='ltr'><strong>septimi</strong></span> <span class='ocrx_word' id='word_1_173' title='bbox 2319 1187 2549 1252; x_wconf 82' lang='lat' dir='ltr'><strong>mensis,</strong></span> <span class='ocrx_word' id='word_1_174' title='bbox 2591 1187 2842 1250; x_wconf 72' lang='lat' dir='ltr'><strong>videlicet</strong></span> <span class='ocrx_word' id='word_1_175' title='bbox 2869 1186 3064 1242; x_wconf 88' lang='lat' dir='ltr'><strong>Thersi</strong></span> <span class='ocrx_word' id='word_1_176' title='bbox 3097 1206 3110 1238; x_wconf 93' lang='lat'>:</span> <span class='ocrx_word' id='word_1_177' title='bbox 3147 1204 3252 1258; x_wconf 88' lang='lat' dir='ltr'><strong>qua</strong></span> <span class='ocrx_word' id='word_1_178' title='bbox 3291 1205 3540 1244; x_wconf 89' lang='lat' dir='ltr'><strong>summus</strong></span> <span class='ocrx_word' id='word_1_179' title='bbox 3565 1202 3657 1247; x_wconf 73' lang='lat' dir='ltr'><strong>8a-</strong></span> 
     </span>
    </p>
   </div>
   <div class='ocr_carea' id='block_1_27' title="bbox 2081 1277 3660 1335">
    <p class='ocr_par' dir='ltr' id='par_1_27' title="bbox 2081 1277 3660 1335">
     <span class='ocr_line' id='line_1_27' title="bbox 2081 1277 3660 1335; baseline -0.003 -1"><span class='ocrx_word' id='word_1_180' title='bbox 2081 1279 2278 1334; x_wconf 87' lang='lat' dir='ltr'><strong>cerdos</strong></span> <span class='ocrx_word' id='word_1_181' title='bbox 2304 1279 2436 1334; x_wconf 90' lang='lat' dir='ltr'><strong>olim</strong></span> <span class='ocrx_word' id='word_1_182' title='bbox 2467 1277 2668 1332; x_wconf 89' lang='lat' dir='ltr'><strong>Sancta</strong></span> <span class='ocrx_word' id='word_1_183' title='bbox 2691 1286 3006 1332; x_wconf 80' lang='lat' dir='ltr'><strong>sanctorum</strong></span> <span class='ocrx_word' id='word_1_184' title='bbox 3031 1278 3236 1331; x_wconf 81' lang='lat' dir='ltr'><strong>adibat.</strong></span> <span class='ocrx_word' id='word_1_185' title='bbox 3271 1278 3442 1335; x_wconf 88' lang='lat' dir='ltr'><strong>Porro</strong></span> <span class='ocrx_word' id='word_1_186' title='bbox 3468 1280 3660 1333; x_wconf 82' lang='lat' dir='ltr'><strong>intro-</strong></span> 
     </span>
    </p>
   </div>
   <div class='ocr_carea' id='block_1_28' title="bbox 2079 1367 3656 1440">
    <p class='ocr_par' dir='ltr' id='par_1_28' title="bbox 2079 1367 3656 1440">
     <span class='ocr_line' id='line_1_28' title="bbox 2079 1367 3656 1440; baseline -0.001 -16"><span class='ocrx_word' id='word_1_187' title='bbox 2079 1370 2189 1426; x_wconf 90' lang='lat' dir='ltr'><strong>itus</strong></span> <span class='ocrx_word' id='word_1_188' title='bbox 2220 1383 2503 1424; x_wconf 87' lang='lat' dir='ltr'><strong>sacrorum</strong></span> <span class='ocrx_word' id='word_1_189' title='bbox 2523 1367 2860 1438; x_wconf 86' lang='lat' dir='ltr'><strong>jejuniorum</strong></span> <span class='ocrx_word' id='word_1_190' title='bbox 2889 1369 3102 1422; x_wconf 80' lang='lat' dir='ltr'><strong>notatio</strong></span> <span class='ocrx_word' id='word_1_191' title='bbox 3127 1369 3194 1422; x_wconf 89' lang='lat' dir='ltr'><strong>ad</strong></span> <span class='ocrx_word' id='word_1_192' title='bbox 3223 1369 3504 1424; x_wconf 85' lang='lat' dir='ltr'><strong>sinistram</strong></span> <span class='ocrx_word' id='word_1_193' title='bbox 3530 1385 3656 1440; x_wconf 88' lang='lat' dir='ltr'><strong>par-</strong></span> 
     </span>
    </p>
   </div>
   <div class='ocr_carea' id='block_1_29' title="bbox 2078 1459 3656 1532">
    <p class='ocr_par' dir='ltr' id='par_1_29' title="bbox 2078 1459 3656 1532">
     <span class='ocr_line' id='line_1_29' title="bbox 2078 1459 3656 1532; baseline -0.001 -17"><span class='ocrx_word' id='word_1_194' title='bbox 2078 1472 2223 1532; x_wconf 89' lang='lat' dir='ltr'><strong>ptem</strong></span> <span class='ocrx_word' id='word_1_195' title='bbox 2247 1460 2475 1516; x_wconf 89' lang='lat' dir='ltr'><strong>canonis</strong></span> <span class='ocrx_word' id='word_1_196' title='bbox 2506 1459 2779 1530; x_wconf 89' lang='lat' dir='ltr'><strong>descripta</strong></span> <span class='ocrx_word' id='word_1_197' title='bbox 2831 1466 2958 1525; x_wconf 87' lang='lat' dir='ltr'><strong>est;</strong></span> <span class='ocrx_word' id='word_1_198' title='bbox 3003 1467 3198 1529; x_wconf 90' lang='lat' dir='ltr'><strong>quarta</strong></span> <span class='ocrx_word' id='word_1_199' title='bbox 3250 1459 3462 1514; x_wconf 88' lang='lat' dir='ltr'><strong>decima</strong></span> <span class='ocrx_word' id='word_1_200' title='bbox 3522 1476 3656 1515; x_wconf 86' lang='lat' dir='ltr'><strong>vero</strong></span> 
     </span>
    </p>
   </div>
   <div class='ocr_carea' id='block_1_30' title="bbox 2078 1548 3659 1622">
    <p class='ocr_par' dir='ltr' id='par_1_30' title="bbox 2078 1548 3659 1622">
     <span class='ocr_line' id='line_1_30' title="bbox 2078 1548 3659 1622; baseline -0.001 -19"><span class='ocrx_word' id='word_1_201' title='bbox 2078 1551 2238 1622; x_wconf 88' lang='lat' dir='ltr'><strong>primi</strong></span> <span class='ocrx_word' id='word_1_202' title='bbox 2280 1550 2484 1605; x_wconf 89' lang='lat' dir='ltr'><strong>mensis</strong></span> <span class='ocrx_word' id='word_1_203' title='bbox 2523 1548 2737 1603; x_wconf 82' lang='lat' dir='ltr'><strong>Judaici</strong></span> <span class='ocrx_word' id='word_1_204' title='bbox 2778 1548 2846 1601; x_wconf 91' lang='lat' dir='ltr'><strong>ad</strong></span> <span class='ocrx_word' id='word_1_205' title='bbox 2891 1549 3140 1602; x_wconf 78' lang='lat' dir='ltr'><strong>dextram</strong></span> <span class='ocrx_word' id='word_1_206' title='bbox 3167 1587 3181 1610; x_wconf 94' lang='lat'><strong>,</strong></span> <span class='ocrx_word' id='word_1_207' title='bbox 3242 1563 3414 1619; x_wconf 88' lang='lat' dir='ltr'><strong>prope</strong></span> <span class='ocrx_word' id='word_1_208' title='bbox 3458 1548 3659 1603; x_wconf 88' lang='lat' dir='ltr'><strong>inscri—</strong></span> 
     </span>
    </p>
   </div>
   <div class='ocr_carea' id='block_1_31' title="bbox 2079 1638 3656 1714">
    <p class='ocr_par' dir='ltr' id='par_1_31' title="bbox 2079 1638 3656 1714">
     <span class='ocr_line' id='line_1_31' title="bbox 2079 1638 3656 1714; baseline -0.003 -17"><span class='ocrx_word' id='word_1_209' title='bbox 2079 1651 2226 1714; x_wconf 86' lang='lat' dir='ltr'><strong>ptam</strong></span> <span class='ocrx_word' id='word_1_210' title='bbox 2253 1643 2308 1696; x_wconf 90' lang='lat' dir='ltr'><strong>in</strong></span> <span class='ocrx_word' id='word_1_211' title='bbox 2336 1642 2514 1696; x_wconf 87' lang='lat' dir='ltr'><strong>medio</strong></span> <span class='ocrx_word' id='word_1_212' title='bbox 2547 1649 2744 1694; x_wconf 88' lang='lat' dir='ltr'><strong>rotam.</strong></span> <span class='ocrx_word' id='word_1_213' title='bbox 2772 1640 2903 1694; x_wconf 89' lang='lat' dir='ltr'><strong>Post</strong></span> <span class='ocrx_word' id='word_1_214' title='bbox 2929 1641 3068 1694; x_wconf 91' lang='lat' dir='ltr'><strong>hanc</strong></span> <span class='ocrx_word' id='word_1_215' title='bbox 3094 1639 3277 1694; x_wconf 86' lang='lat' dir='ltr'><strong>statim</strong></span> <span class='ocrx_word' id='word_1_216' title='bbox 3303 1640 3370 1692; x_wconf 89' lang='lat' dir='ltr'><strong>ad</strong></span> <span class='ocrx_word' id='word_1_217' title='bbox 3406 1638 3656 1693; x_wconf 75' lang='lat' dir='ltr'><strong>dextram</strong></span> 
     </span>
    </p>
   </div>
   <div class='ocr_carea' id='block_1_32' title="bbox 2079 1731 3656 1805">
    <p class='ocr_par' dir='ltr' id='par_1_32' title="bbox 2079 1731 3656 1805">
     <span class='ocr_line' id='line_1_32' title="bbox 2079 1731 3656 1805; baseline -0.003 -17"><span class='ocrx_word' id='word_1_218' title='bbox 2079 1735 2253 1805; x_wconf 81' lang='lat' dir='ltr'><strong>magis</strong></span> <span class='ocrx_word' id='word_1_219' title='bbox 2293 1733 2508 1788; x_wconf 87' lang='lat' dir='ltr'><strong>accedit</strong></span> <span class='ocrx_word' id='word_1_220' title='bbox 2541 1733 2653 1799; x_wconf 88' lang='lat' dir='ltr'><strong>illa,</strong></span> <span class='ocrx_word' id='word_1_221' title='bbox 2686 1747 2848 1802; x_wconf 89' lang='lat' dir='ltr'><strong>quam</strong></span> <span class='ocrx_word' id='word_1_222' title='bbox 2881 1731 3144 1797; x_wconf 78' lang='lat' dir='ltr'><strong>diximus,</strong></span> <span class='ocrx_word' id='word_1_223' title='bbox 3175 1731 3386 1784; x_wconf 88' lang='lat' dir='ltr'><strong>decima</strong></span> <span class='ocrx_word' id='word_1_224' title='bbox 3415 1731 3534 1786; x_wconf 90' lang='lat' dir='ltr'><strong>dies</strong></span> <span class='ocrx_word' id='word_1_225' title='bbox 3566 1745 3656 1784; x_wconf 81' lang='lat' dir='ltr'><strong>se-</strong></span> 
     </span>
    </p>
   </div>
   <div class='ocr_carea' id='block_1_33' title="bbox 2077 1821 3657 1898">
    <p class='ocr_par' dir='ltr' id='par_1_33' title="bbox 2077 1821 3657 1898">
     <span class='ocr_line' id='line_1_33' title="bbox 2077 1821 3657 1898; baseline -0.004 -17"><span class='ocrx_word' id='word_1_226' title='bbox 2077 1828 2232 1898; x_wconf 88' lang='lat' dir='ltr'><strong>ptimi</strong></span> <span class='ocrx_word' id='word_1_227' title='bbox 2262 1826 2494 1890; x_wconf 88' lang='lat' dir='ltr'><strong>mensis,</strong></span> <span class='ocrx_word' id='word_1_228' title='bbox 2529 1824 2667 1879; x_wconf 90' lang='lat' dir='ltr'><strong>adeo</strong></span> <span class='ocrx_word' id='word_1_229' title='bbox 2701 1832 2763 1878; x_wconf 92' lang='lat' dir='ltr'><strong>ut</strong></span> <span class='ocrx_word' id='word_1_230' title='bbox 2805 1823 2944 1877; x_wconf 90' lang='lat' dir='ltr'><strong>nihil</strong></span> <span class='ocrx_word' id='word_1_231' title='bbox 2971 1838 3001 1876; x_wconf 88' lang='lat' dir='ltr'><strong>a</strong></span> <span class='ocrx_word' id='word_1_232' title='bbox 3029 1823 3256 1878; x_wconf 89' lang='lat' dir='ltr'><strong>sinistra</strong></span> <span class='ocrx_word' id='word_1_233' title='bbox 3291 1829 3488 1891; x_wconf 69' lang='lat' dir='ltr'><strong>prazter</strong></span> <span class='ocrx_word' id='word_1_234' title='bbox 3510 1821 3657 1890; x_wconf 86' lang='lat' dir='ltr'><strong>jeju-</strong></span> 
     </span>
    </p>
   </div>
   <div class='ocr_carea' id='block_1_34' title="bbox 391 1901 1995 1990">
    <p class='ocr_par' dir='ltr' id='par_1_34' title="bbox 391 1901 1977 1990">
     <span class='ocr_line' id='line_1_34' title="bbox 391 1901 1977 1990; baseline -0.002 -21"><span class='ocrx_word' id='word_1_235' title='bbox 391 1917 599 1990; x_wconf 83' lang='grc' dir='ltr'>ταύτην</span> <span class='ocrx_word' id='word_1_236' title='bbox 665 1918 827 1982; x_wconf 83' lang='grc' dir='ltr'>εὐθὺς</span> <span class='ocrx_word' id='word_1_237' title='bbox 889 1901 1207 1987; x_wconf 69' lang='grc' dir='ltr'>δεξιώτερον</span> <span class='ocrx_word' id='word_1_238' title='bbox 1269 1916 1302 1985; x_wconf 91' lang='grc' dir='ltr'><strong>ή</strong></span> <span class='ocrx_word' id='word_1_239' title='bbox 1365 1914 1618 1984; x_wconf 83' lang='grc' dir='ltr'>λεχθεῖσα</span> <span class='ocrx_word' id='word_1_240' title='bbox 1648 1913 1847 1982; x_wconf 86' lang='grc' dir='ltr'>δεκάτη</span> <span class='ocrx_word' id='word_1_241' title='bbox 1883 1913 1977 1966; x_wconf 83' lang='grc' dir='ltr'>τοῦ</span> 
     </span>
    </p>
   </div>
   <div class='ocr_carea' id='block_1_35' title="bbox 2076 1901 3656 1990">
    <p class='ocr_par' dir='ltr' id='par_1_35' title="bbox 2083 1915 3656 1985">
     <span class='ocr_line' id='line_1_35' title="bbox 2083 1915 3656 1985; baseline -0.006 -9"><span class='ocrx_word' id='word_1_242' title='bbox 2083 1921 2300 1976; x_wconf 81' lang='lat' dir='ltr'><strong>nierum</strong></span> <span class='ocrx_word' id='word_1_243' title='bbox 2344 1919 2630 1973; x_wconf 90' lang='lat' dir='ltr'><strong>introitum</strong></span> <span class='ocrx_word' id='word_1_244' title='bbox 2672 1915 3007 1985; x_wconf 88' lang='lat' dir='ltr'><strong>descriptum</strong></span> <span class='ocrx_word' id='word_1_245' title='bbox 3049 1916 3342 1980; x_wconf 84' lang='lat' dir='ltr'><strong>habeatur;</strong></span> <span class='ocrx_word' id='word_1_246' title='bbox 3385 1930 3416 1967; x_wconf 90' lang='lat' dir='ltr'><strong>a</strong></span> <span class='ocrx_word' id='word_1_247' title='bbox 3462 1917 3656 1968; x_wconf 80' lang='lat' dir='ltr'><strong>dextra</strong></span> 
     </span>
    </p>
   </div>
   <div class='ocr_carea' id='block_1_36' title="bbox 393 1998 1975 2080">
    <p class='ocr_par' dir='ltr' id='par_1_36' title="bbox 393 1998 1975 2080">
     <span class='ocr_line' id='line_1_36' title="bbox 393 1998 1975 2080; baseline -0.002 -21"><span class='ocrx_word' id='word_1_248' title='bbox 393 2006 623 2078; x_wconf 75' lang='grc' dir='ltr'>ἑϐδόμου</span> <span class='ocrx_word' id='word_1_249' title='bbox 662 2009 862 2080; x_wconf 89' lang='grc' dir='ltr'>μηνός·</span> <span class='ocrx_word' id='word_1_250' title='bbox 912 2007 988 2070; x_wconf 87' lang='grc' dir='ltr'><strong>ὡς</strong></span> <span class='ocrx_word' id='word_1_251' title='bbox 1023 2003 1160 2059; x_wconf 83' lang='grc' dir='ltr'>εἶναι</span> <span class='ocrx_word' id='word_1_252' title='bbox 1207 2005 1374 2075; x_wconf 89' lang='grc' dir='ltr'>μόνην</span> <span class='ocrx_word' id='word_1_253' title='bbox 1426 2005 1484 2070; x_wconf 80' lang='grc' dir='ltr'>ἐξ</span> <span class='ocrx_word' id='word_1_254' title='bbox 1527 2005 1832 2076; x_wconf 81' lang='grc' dir='ltr'>ἀριστερῶν</span> <span class='ocrx_word' id='word_1_255' title='bbox 1863 1998 1975 2075; x_wconf 81' lang='grc' dir='ltr'>’τὴν</span> 
     </span>
    </p>
   </div>
   <div class='ocr_carea' id='block_1_37' title="bbox 2083 2005 3655 2077">
    <p class='ocr_par' dir='ltr' id='par_1_37' title="bbox 2083 2005 3655 2077">
     <span class='ocr_line' id='line_1_37' title="bbox 2083 2005 3655 2077; baseline -0.003 -17"><span class='ocrx_word' id='word_1_256' title='bbox 2083 2023 2217 2062; x_wconf 89' lang='lat' dir='ltr'><strong>vero</strong></span> <span class='ocrx_word' id='word_1_257' title='bbox 2259 2017 2415 2077; x_wconf 88' lang='lat' dir='ltr'><strong>parte</strong></span> <span class='ocrx_word' id='word_1_258' title='bbox 2446 2013 2740 2074; x_wconf 90' lang='lat' dir='ltr'><strong>utrumque</strong></span> <span class='ocrx_word' id='word_1_259' title='bbox 2784 2005 2877 2066; x_wconf 88' lang='lat' dir='ltr'><strong>sit,</strong></span> <span class='ocrx_word' id='word_1_260' title='bbox 2913 2015 3110 2074; x_wconf 88' lang='lat' dir='ltr'><strong>quarta</strong></span> <span class='ocrx_word' id='word_1_261' title='bbox 3153 2005 3364 2059; x_wconf 84' lang='lat' dir='ltr'><strong>decima</strong></span> <span class='ocrx_word' id='word_1_262' title='bbox 3399 2005 3655 2058; x_wconf 86' lang='lat' dir='ltr'><strong>nimirum</strong></span> 
     </span>
    </p>
   </div>
   <div class='ocr_carea' id='block_1_38' title="bbox 392 2092 1995 2170">
    <p class='ocr_par' dir='ltr' id='par_1_38' title="bbox 392 2095 1978 2170">
     <span class='ocr_line' id='line_1_38' title="bbox 392 2095 1978 2170; baseline -0.001 -20"><span class='ocrx_word' id='word_1_263' title='bbox 392 2102 493 2169; x_wconf 82' lang='grc' dir='ltr'>τῆς</span> <span class='ocrx_word' id='word_1_264' title='bbox 520 2099 938 2170; x_wconf 76' lang='grc' dir='ltr'>παρεισϐάσεως</span> <span class='ocrx_word' id='word_1_265' title='bbox 976 2097 1320 2167; x_wconf 81' lang='grc' dir='ltr'>διαγραφὴν·</span> <span class='ocrx_word' id='word_1_266' title='bbox 1359 2098 1424 2150; x_wconf 89' lang='grc' dir='ltr'>ὲκ</span> <span class='ocrx_word' id='word_1_267' title='bbox 1471 2095 1663 2161; x_wconf 83' lang='grc' dir='ltr'>δεξιῶν</span> <span class='ocrx_word' id='word_1_268' title='bbox 1698 2095 1756 2150; x_wconf 82' lang='grc' dir='ltr'>δὲ</span> <span class='ocrx_word' id='word_1_269' title='bbox 1797 2097 1978 2166; x_wconf 83' lang='grc' dir='ltr'>ἀμφο-</span> 
     </span>
    </p>
   </div>
   <div class='ocr_carea' id='block_1_39' title="bbox 2076 2092 3660 2170">
    <p class='ocr_par' dir='ltr' id='par_1_39' title="bbox 2083 2092 3660 2168">
     <span class='ocr_line' id='line_1_39' title="bbox 2083 2092 3660 2168; baseline -0.001 -18"><span class='ocrx_word' id='word_1_270' title='bbox 2083 2097 2244 2168; x_wconf 85' lang='lat' dir='ltr'><strong>primi</strong></span> <span class='ocrx_word' id='word_1_271' title='bbox 2275 2096 2480 2151; x_wconf 87' lang='lat' dir='ltr'><strong>mensis</strong></span> <span class='ocrx_word' id='word_1_272' title='bbox 2512 2103 2567 2150; x_wconf 91' lang='lat' dir='ltr'><strong>et</strong></span> <span class='ocrx_word' id='word_1_273' title='bbox 2605 2096 2816 2150; x_wconf 84' lang='lat' dir='ltr'><strong>decima</strong></span> <span class='ocrx_word' id='word_1_274' title='bbox 2859 2096 3096 2165; x_wconf 89' lang='lat' dir='ltr'><strong>septimi.</strong></span> <span class='ocrx_word' id='word_1_275' title='bbox 3126 2093 3320 2149; x_wconf 85' lang='lat' dir='ltr'><strong>Totius</strong></span> <span class='ocrx_word' id='word_1_276' title='bbox 3350 2102 3532 2148; x_wconf 87' lang='lat' dir='ltr'><strong>autem</strong></span> <span class='ocrx_word' id='word_1_277' title='bbox 3561 2092 3660 2148; x_wconf 86' lang='lat' dir='ltr'><strong>de-</strong></span> 
     </span>
    </p>
   </div>
   <div class='ocr_carea' id='block_1_40' title="bbox 393 2186 1974 2262">
    <p class='ocr_par' dir='ltr' id='par_1_40' title="bbox 393 2186 1974 2262">
     <span class='ocr_line' id='line_1_40' title="bbox 393 2186 1974 2262; baseline -0.001 -21"><span class='ocrx_word' id='word_1_278' title='bbox 393 2189 566 2261; x_wconf 89' lang='grc' dir='ltr'>τέρων</span> <span class='ocrx_word' id='word_1_279' title='bbox 623 2191 724 2262; x_wconf 80' lang='grc' dir='ltr'><strong>τῆς</strong></span> <span class='ocrx_word' id='word_1_280' title='bbox 773 2189 1371 2262; x_wconf 85' lang='grc' dir='ltr'>τεσσαρεσκαιδεκάτης</span> <span class='ocrx_word' id='word_1_281' title='bbox 1418 2189 1565 2259; x_wconf 68' lang='grc' dir='ltr'><strong>φημὶ⁹</strong></span> <span class='ocrx_word' id='word_1_282' title='bbox 1613 2186 1709 2241; x_wconf 81' lang='grc' dir='ltr'>τοῦ</span> <span class='ocrx_word' id='word_1_283' title='bbox 1756 2188 1974 2262; x_wconf 86' lang='grc' dir='ltr'>πρώτου</span> 
     </span>
    </p>
   </div>
   <div class='ocr_carea' id='block_1_41' title="bbox 2083 2189 3137 2261">
    <p class='ocr_par' dir='ltr' id='par_1_41' title="bbox 2083 2189 3137 2261">
     <span class='ocr_line' id='line_1_41' title="bbox 2083 2189 3137 2261; baseline -0.001 -15"><span class='ocrx_word' id='word_1_284' title='bbox 2083 2191 2403 2261; x_wconf 86' lang='lat' dir='ltr'><strong>scriptionis</strong></span> <span class='ocrx_word' id='word_1_285' title='bbox 2435 2189 2584 2244; x_wconf 89' lang='lat' dir='ltr'><strong>illius</strong></span> <span class='ocrx_word' id='word_1_286' title='bbox 2617 2189 2700 2244; x_wconf 88' lang='lat' dir='ltr'><strong>vis</strong></span> <span class='ocrx_word' id='word_1_287' title='bbox 2732 2199 2816 2244; x_wconf 91' lang='lat' dir='ltr'><strong>est</strong></span> <span class='ocrx_word' id='word_1_288' title='bbox 2843 2190 3137 2259; x_wconf 86' lang='lat' dir='ltr'><strong>ejusmodi.</strong></span> 
     </span>
    </p>
   </div>
   <div class='ocr_carea' id='block_1_42' title="bbox 398 2277 3657 2355">
    <p class='ocr_par' dir='ltr' id='par_1_42' title="bbox 398 2277 3657 2355">
     <span class='ocr_line' id='line_1_42' title="bbox 398 2277 3657 2355; baseline -0.001 -19"><span class='ocrx_word' id='word_1_289' title='bbox 398 2283 566 2355; x_wconf 84' lang='grc' dir='ltr'>μηνὸς</span> <span class='ocrx_word' id='word_1_290' title='bbox 597 2283 689 2337; x_wconf 79' lang='grc' dir='ltr'>καὶ</span> <span class='ocrx_word' id='word_1_291' title='bbox 735 2283 836 2354; x_wconf 83' lang='grc' dir='ltr'>τῆς</span> <span class='ocrx_word' id='word_1_292' title='bbox 877 2282 1108 2352; x_wconf 84' lang='grc' dir='ltr'>δεκάτης</span> <span class='ocrx_word' id='word_1_293' title='bbox 1148 2278 1244 2333; x_wconf 81' lang='grc' dir='ltr'>τοῦ</span> <span class='ocrx_word' id='word_1_294' title='bbox 1299 2278 1527 2350; x_wconf 80' lang='grc' dir='ltr'>ἑϐδόμου</span> <span class='ocrx_word' id='word_1_295' title='bbox 1579 2278 1766 2350; x_wconf 85' lang='grc' dir='ltr'>μηνός.</span> <span class='ocrx_word' id='word_1_296' title='bbox 1816 2277 1938 2330; x_wconf 88' lang='grc' dir='ltr'><strong>Τῶν</strong></span> <span class='ocrx_word' id='word_1_297' title='bbox 1973 2277 2032 2331; x_wconf 81' lang='grc' dir='ltr'>δὲ</span> <span class='ocrx_word' id='word_1_298' title='bbox 2068 2279 2672 2351; x_wconf 76' lang='grc' dir='ltr'>διαγεγραμμένων,ὲν</span> <span class='ocrx_word' id='word_1_299' title='bbox 2725 2279 2866 2344; x_wconf 84' lang='grc' dir='ltr'>ὅλοις</span> <span class='ocrx_word' id='word_1_300' title='bbox 2899 2282 2933 2351; x_wconf 87' lang='grc' dir='ltr'><strong>ή</strong></span> <span class='ocrx_word' id='word_1_301' title='bbox 3005 2280 3236 2352; x_wconf 80' lang='grc' dir='ltr'>δύναμις</span> <span class='ocrx_word' id='word_1_302' title='bbox 3283 2282 3422 2354; x_wconf 77' lang='grc' dir='ltr'>αὕτη</span> <span class='ocrx_word' id='word_1_303' title='bbox 3495 2279 3657 2335; x_wconf 79' lang='grc' dir='ltr'>καθέ-</span> 
     </span>
    </p>
   </div>
   <div class='ocr_carea' id='block_1_43' title="bbox 394 2388 619 2443">
    <p class='ocr_par' dir='ltr' id='par_1_43' title="bbox 394 2388 619 2443">
     <span class='ocr_line' id='line_1_43' title="bbox 394 2388 619 2443; baseline 0.009 -17"><span class='ocrx_word' id='word_1_304' title='bbox 394 2388 619 2443; x_wconf 79' lang='grc' dir='ltr'>στηκεν.</span> 
     </span>
    </p>
   </div>
   <div class='ocr_carea' id='block_1_44' title="bbox 705 2523 1663 2595">
    <p class='ocr_par' dir='ltr' id='par_1_44' title="bbox 705 2523 1663 2595">
     <span class='ocr_line' id='line_1_44' title="bbox 705 2523 1663 2595; baseline -0.002 -15"><span class='ocrx_word' id='word_1_305' title='bbox 705 2527 800 2592; x_wconf 86' lang='grc' dir='ltr'>Τίς</span> <span class='ocrx_word' id='word_1_306' title='bbox 832 2527 871 2595; x_wconf 77' lang='grc' dir='ltr'><strong><em>ἠ</em></strong></span> <span class='ocrx_word' id='word_1_307' title='bbox 897 2525 972 2590; x_wconf 77' lang='grc' dir='ltr'>ἐξ</span> <span class='ocrx_word' id='word_1_308' title='bbox 1000 2526 1321 2595; x_wconf 75' lang='grc' dir='ltr'><strong>εὐωνύμων</strong></span> <span class='ocrx_word' id='word_1_309' title='bbox 1348 2523 1663 2594; x_wconf 64' lang='grc' dir='ltr'>διαγραφή.</span> 
     </span>
    </p>
   </div>
   <div class='ocr_carea' id='block_1_45' title="bbox 464 2657 1972 2732">
    <p class='ocr_par' dir='ltr' id='par_1_45' title="bbox 464 2657 1972 2732">
     <span class='ocr_line' id='line_1_45' title="bbox 464 2657 1972 2732; baseline -0.001 -20"><span class='ocrx_word' id='word_1_310' title='bbox 464 2660 538 2714; x_wconf 84' lang='lat' dir='ltr'><strong>I&quot;.</strong></span> <span class='ocrx_word' id='word_1_311' title='bbox 571 2660 658 2714; x_wconf 87' lang='grc' dir='ltr'>Ἐν</span> <span class='ocrx_word' id='word_1_312' title='bbox 680 2660 779 2731; x_wconf 83' lang='grc' dir='ltr'>μὲν</span> <span class='ocrx_word' id='word_1_313' title='bbox 793 2659 870 2732; x_wconf 80' lang='grc' dir='ltr'>τῷ</span> <span class='ocrx_word' id='word_1_314' title='bbox 885 2661 1148 2731; x_wconf 80' lang='grc' dir='ltr'>εὐωνύμῳ</span> <span class='ocrx_word' id='word_1_315' title='bbox 1167 2660 1398 2731; x_wconf 88' lang='grc' dir='ltr'>κανονίῳ</span> <span class='ocrx_word' id='word_1_316' title='bbox 1413 2661 1470 2714; x_wconf 86' lang='grc' dir='ltr'><strong>ὲν</strong></span> <span class='ocrx_word' id='word_1_317' title='bbox 1487 2657 1686 2732; x_wconf 87' lang='grc' dir='ltr'>πρώτῳ</span> <span class='ocrx_word' id='word_1_318' title='bbox 1703 2657 1867 2729; x_wconf 84' lang='grc' dir='ltr'>στίχῳ</span> <span class='ocrx_word' id='word_1_319' title='bbox 1883 2658 1972 2711; x_wconf 79' lang='grc' dir='ltr'><strong>αὖ·</strong></span> 
     </span>
    </p>
   </div>
   <div class='ocr_carea' id='block_1_46' title="bbox 393 2751 1967 2823">
    <p class='ocr_par' dir='ltr' id='par_1_46' title="bbox 393 2751 1967 2823">
     <span class='ocr_line' id='line_1_46' title="bbox 393 2751 1967 2823; baseline 0 -19"><span class='ocrx_word' id='word_1_320' title='bbox 393 2752 486 2804; x_wconf 76' lang='grc' dir='ltr'><strong>τοῦ</strong></span> <span class='ocrx_word' id='word_1_321' title='bbox 507 2752 684 2822; x_wconf 78' lang='grc' dir='ltr'>ὀρθῶς</span> <span class='ocrx_word' id='word_1_322' title='bbox 699 2751 1013 2822; x_wconf 87' lang='grc' dir='ltr'>καθιέμενοι</span> <span class='ocrx_word' id='word_1_323' title='bbox 1033 2754 1082 2805; x_wconf 80' lang='grc' dir='ltr'>οἱ</span> <span class='ocrx_word' id='word_1_324' title='bbox 1116 2752 1258 2806; x_wconf 79' lang='grc' dir='ltr'>ἑπτὰ</span> <span class='ocrx_word' id='word_1_325' title='bbox 1279 2751 1566 2823; x_wconf 75' lang='grc' dir='ltr'>ἐμϐόλιμοι</span> <span class='ocrx_word' id='word_1_326' title='bbox 1599 2751 1765 2822; x_wconf 82' lang='grc' dir='ltr'>μῆνές</span> <span class='ocrx_word' id='word_1_327' title='bbox 1797 2753 1934 2804; x_wconf 87' lang='grc' dir='ltr'>είσιν</span> <span class='ocrx_word' id='word_1_328' title='bbox 1953 2769 1967 2781; x_wconf 89' lang='grc'><strong>·</strong></span> 
     </span>
    </p>
   </div>
   <div class='ocr_carea' id='block_1_47' title="bbox 397 2842 1970 2916">
    <p class='ocr_par' dir='ltr' id='par_1_47' title="bbox 397 2842 1970 2916">
     <span class='ocr_line' id='line_1_47' title="bbox 397 2842 1970 2916; baseline -0.001 -20"><span class='ocrx_word' id='word_1_329' title='bbox 397 2846 454 2898; x_wconf 82' lang='grc' dir='ltr'>ἐν</span> <span class='ocrx_word' id='word_1_330' title='bbox 483 2845 539 2897; x_wconf 84' lang='grc' dir='ltr'>δὲ</span> <span class='ocrx_word' id='word_1_331' title='bbox 567 2844 646 2914; x_wconf 78' lang='grc' dir='ltr'><strong>τῷ</strong></span> <span class='ocrx_word' id='word_1_332' title='bbox 678 2845 721 2915; x_wconf 85' lang='grc' dir='ltr'><strong>β’</strong></span> <span class='ocrx_word' id='word_1_333' title='bbox 753 2845 919 2916; x_wconf 85' lang='grc' dir='ltr'>στίχῳ</span> <span class='ocrx_word' id='word_1_334' title='bbox 941 2843 1008 2898; x_wconf 80' lang='grc' dir='ltr'>τὰ</span> <span class='ocrx_word' id='word_1_335' title='bbox 1035 2843 1097 2896; x_wconf 81' lang='grc' dir='ltr'>ιθ¹</span> <span class='ocrx_word' id='word_1_336' title='bbox 1125 2845 1224 2915; x_wconf 83' lang='grc' dir='ltr'>τῆς</span> <span class='ocrx_word' id='word_1_337' title='bbox 1254 2844 1479 2915; x_wconf 87' lang='grc' dir='ltr'>σελήνης</span> <span class='ocrx_word' id='word_1_338' title='bbox 1504 2842 1620 2913; x_wconf 75' lang='grc' dir='ltr'>ἔτη,</span> <span class='ocrx_word' id='word_1_339' title='bbox 1646 2843 1754 2896; x_wconf 74' lang='grc' dir='ltr'><strong>ἀπὸ</strong></span> <span class='ocrx_word' id='word_1_340' title='bbox 1780 2843 1842 2896; x_wconf 80' lang='grc' dir='ltr'>ιθ¹</span> <span class='ocrx_word' id='word_1_341' title='bbox 1870 2842 1970 2914; x_wconf 85' lang='grc' dir='ltr'><strong>τὴν</strong></span> 
     </span>
    </p>
   </div>
   <div class='ocr_carea' id='block_1_48' title="bbox 396 2933 1968 3008">
    <p class='ocr_par' dir='ltr' id='par_1_48' title="bbox 396 2933 1968 3008">
     <span class='ocr_line' id='line_1_48' title="bbox 396 2933 1968 3008; baseline -0.002 -20"><span class='ocrx_word' id='word_1_342' title='bbox 396 2936 569 3007; x_wconf 78' lang='grc' dir='ltr'>ἀρχὴν</span> <span class='ocrx_word' id='word_1_343' title='bbox 597 2937 817 3008; x_wconf 78' lang='grc' dir='ltr'>ἔχοντα·</span> <span class='ocrx_word' id='word_1_344' title='bbox 851 2936 947 2988; x_wconf 72' lang='grc' dir='ltr'>καὶ</span> <span class='ocrx_word' id='word_1_345' title='bbox 978 2935 1150 3000; x_wconf 76' lang='grc' dir='ltr'>οὕτως</span> <span class='ocrx_word' id='word_1_346' title='bbox 1173 2936 1261 2990; x_wconf 79' lang='grc' dir='ltr'><strong>διὰ</strong></span> <span class='ocrx_word' id='word_1_347' title='bbox 1304 2933 1542 3006; x_wconf 84' lang='grc' dir='ltr'>πρώτου,</span> <span class='ocrx_word' id='word_1_348' title='bbox 1571 2935 1664 2988; x_wconf 76' lang='grc' dir='ltr'><strong>καὶ</strong></span> <span class='ocrx_word' id='word_1_349' title='bbox 1695 2933 1968 3004; x_wconf 83' lang='grc' dir='ltr'>δευτέρου,</span> 
     </span>
    </p>
   </div>
   <div class='ocr_carea' id='block_1_49' title="bbox 397 3024 1967 3098">
    <p class='ocr_par' dir='ltr' id='par_1_49' title="bbox 397 3024 1967 3098">
     <span class='ocr_line' id='line_1_49' title="bbox 397 3024 1967 3098; baseline -0.002 -19"><span class='ocrx_word' id='word_1_350' title='bbox 397 3027 490 3079; x_wconf 74' lang='grc' dir='ltr'><strong>καὶ</strong></span> <span class='ocrx_word' id='word_1_351' title='bbox 529 3026 637 3080; x_wconf 87' lang='grc' dir='ltr'><strong>τῶν</strong></span> <span class='ocrx_word' id='word_1_352' title='bbox 684 3026 920 3098; x_wconf 82' lang='grc' dir='ltr'>καθεξῆς</span> <span class='ocrx_word' id='word_1_353' title='bbox 970 3028 1050 3090; x_wconf 90' lang='grc' dir='ltr'><strong>είς</strong></span> <span class='ocrx_word' id='word_1_354' title='bbox 1094 3026 1155 3079; x_wconf 87' lang='grc' dir='ltr'><strong>τὸ</strong></span> <span class='ocrx_word' id='word_1_355' title='bbox 1195 3025 1658 3080; x_wconf 81' lang='grc' dir='ltr'>ὀκτωκαιδέκατον</span> <span class='ocrx_word' id='word_1_356' title='bbox 1703 3024 1967 3097; x_wconf 85' lang='grc' dir='ltr'>λήγοντα·</span> 
     </span>
    </p>
   </div>
   <div class='ocr_carea' id='block_1_50' title="bbox 399 3117 1967 3190">
    <p class='ocr_par' dir='ltr' id='par_1_50' title="bbox 399 3117 1967 3190">
     <span class='ocr_line' id='line_1_50' title="bbox 399 3117 1967 3190; baseline -0.001 -18"><span class='ocrx_word' id='word_1_357' title='bbox 399 3121 456 3172; x_wconf 83' lang='grc' dir='ltr'><strong>ὲν</strong></span> <span class='ocrx_word' id='word_1_358' title='bbox 476 3118 644 3190; x_wconf 83' lang='grc' dir='ltr'>τρίτῳ</span> <span class='ocrx_word' id='word_1_359' title='bbox 680 3119 847 3190; x_wconf 86' lang='grc' dir='ltr'>στίχῳ</span> <span class='ocrx_word' id='word_1_360' title='bbox 896 3120 951 3174; x_wconf 85' lang='grc' dir='ltr'><strong>αί</strong></span> <span class='ocrx_word' id='word_1_361' title='bbox 980 3118 1089 3173; x_wconf 89' lang='grc' dir='ltr'><strong>τῶν</strong></span> <span class='ocrx_word' id='word_1_362' title='bbox 1138 3119 1235 3190; x_wconf 83' lang='grc' dir='ltr'><strong>τῆς</strong></span> <span class='ocrx_word' id='word_1_363' title='bbox 1260 3118 1486 3190; x_wconf 87' lang='grc' dir='ltr'>σελήνης</span> <span class='ocrx_word' id='word_1_364' title='bbox 1516 3117 1652 3170; x_wconf 80' lang='grc' dir='ltr'>ὲτῶν</span> <span class='ocrx_word' id='word_1_365' title='bbox 1700 3117 1932 3171; x_wconf 82' lang='grc' dir='ltr'>ὲπακταί</span> <span class='ocrx_word' id='word_1_366' title='bbox 1953 3134 1967 3148; x_wconf 88' lang='grc'><strong>·</strong></span> 
     </span>
    </p>
   </div>
   <div class='ocr_carea' id='block_1_51' title="bbox 399 3209 1972 3282">
    <p class='ocr_par' dir='ltr' id='par_1_51' title="bbox 399 3209 1972 3282">
     <span class='ocr_line' id='line_1_51' title="bbox 399 3209 1972 3282; baseline 0.001 -21"><span class='ocrx_word' id='word_1_367' title='bbox 399 3211 457 3261; x_wconf 82' lang='grc' dir='ltr'>ὲν</span> <span class='ocrx_word' id='word_1_368' title='bbox 484 3209 729 3280; x_wconf 76' lang='grc' dir='ltr'>τετάρτῳ</span> <span class='ocrx_word' id='word_1_369' title='bbox 764 3209 930 3280; x_wconf 90' lang='grc' dir='ltr'>στίχῳ</span> <span class='ocrx_word' id='word_1_370' title='bbox 966 3210 1016 3262; x_wconf 86' lang='grc' dir='ltr'><strong>οί</strong></span> <span class='ocrx_word' id='word_1_371' title='bbox 1059 3209 1360 3280; x_wconf 75' lang='grc' dir='ltr'>Ῥωμαῖκοὶ</span> <span class='ocrx_word' id='word_1_372' title='bbox 1401 3210 1588 3281; x_wconf 81' lang='grc' dir='ltr'>μῆνες,</span> <span class='ocrx_word' id='word_1_373' title='bbox 1648 3209 1972 3282; x_wconf 89' lang='grc' dir='ltr'>Ἰανουάριος</span> 
     </span>
    </p>
   </div>
   <div class='ocr_carea' id='block_1_52' title="bbox 397 3301 1971 3372">
    <p class='ocr_par' dir='ltr' id='par_1_52' title="bbox 397 3301 1971 3372">
     <span class='ocr_line' id='line_1_52' title="bbox 397 3301 1971 3372; baseline 0.001 -20"><span class='ocrx_word' id='word_1_374' title='bbox 397 3301 491 3352; x_wconf 76' lang='grc' dir='ltr'><strong>καὶ</strong></span> <span class='ocrx_word' id='word_1_375' title='bbox 540 3301 936 3372; x_wconf 82' lang='grc' dir='ltr'>Φεϐρουάριος·</span> <span class='ocrx_word' id='word_1_376' title='bbox 991 3303 1050 3355; x_wconf 80' lang='grc' dir='ltr'><strong>ὲν</strong></span> <span class='ocrx_word' id='word_1_377' title='bbox 1097 3301 1334 3372; x_wconf 85' lang='grc' dir='ltr'>πέμπτῳ</span> <span class='ocrx_word' id='word_1_378' title='bbox 1385 3302 1551 3372; x_wconf 85' lang='grc' dir='ltr'>στίχῳ</span> <span class='ocrx_word' id='word_1_379' title='bbox 1611 3301 1667 3354; x_wconf 80' lang='grc' dir='ltr'>αἱ</span> <span class='ocrx_word' id='word_1_380' title='bbox 1715 3303 1971 3354; x_wconf 87' lang='grc' dir='ltr'>ποσταῖαι</span> 
     </span>
    </p>
   </div>
   <div class='ocr_carea' id='block_1_53' title="bbox 2188 2516 3542 2591">
    <p class='ocr_par' dir='ltr' id='par_1_53' title="bbox 2188 2516 3542 2591">
     <span class='ocr_line' id='line_1_53' title="bbox 2188 2516 3542 2591; baseline 0.006 -22"><span class='ocrx_word' id='word_1_381' title='bbox 2188 2516 2329 2584; x_wconf 82' lang='lat' dir='ltr'><strong>Quid</strong></span> <span class='ocrx_word' id='word_1_382' title='bbox 2358 2517 2457 2570; x_wconf 76' lang='lat' dir='ltr'><strong>sibi</strong></span> <span class='ocrx_word' id='word_1_383' title='bbox 2487 2518 2609 2570; x_wconf 84' lang='lat' dir='ltr'><strong>velit</strong></span> <span class='ocrx_word' id='word_1_384' title='bbox 2637 2516 2835 2570; x_wconf 79' lang='lat' dir='ltr'><strong>tabella</strong></span> <span class='ocrx_word' id='word_1_385' title='bbox 2866 2516 2935 2570; x_wconf 90' lang='lat' dir='ltr'><strong>ad</strong></span> <span class='ocrx_word' id='word_1_386' title='bbox 2961 2519 3239 2574; x_wconf 61' lang='lat' dir='ltr'><strong>sinistram</strong></span> <span class='ocrx_word' id='word_1_387' title='bbox 3260 2521 3542 2591; x_wconf 76' lang='lat' dir='ltr'><strong>inscripta.</strong></span> 
     </span>
    </p>
   </div>
   <div class='ocr_carea' id='block_1_54' title="bbox 2149 2652 3654 2728">
    <p class='ocr_par' dir='ltr' id='par_1_54' title="bbox 2149 2652 3654 2728">
     <span class='ocr_line' id='line_1_54' title="bbox 2149 2652 3654 2728; baseline 0.007 -22"><span class='ocrx_word' id='word_1_388' title='bbox 2149 2652 2234 2707; x_wconf 85' lang='lat' dir='ltr'><strong>ill.</strong></span> <span class='ocrx_word' id='word_1_389' title='bbox 2273 2655 2331 2708; x_wconf 88' lang='lat' dir='ltr'><strong>In</strong></span> <span class='ocrx_word' id='word_1_390' title='bbox 2355 2653 2582 2710; x_wconf 87' lang='lat' dir='ltr'><strong>sinistro</strong></span> <span class='ocrx_word' id='word_1_391' title='bbox 2612 2653 2898 2718; x_wconf 89' lang='lat' dir='ltr'><strong>laterculo,</strong></span> <span class='ocrx_word' id='word_1_392' title='bbox 2938 2656 3169 2726; x_wconf 88' lang='lat' dir='ltr'><strong>ejusque</strong></span> <span class='ocrx_word' id='word_1_393' title='bbox 3202 2658 3380 2728; x_wconf 72' lang='lat' dir='ltr'><strong>pritno</strong></span> <span class='ocrx_word' id='word_1_394' title='bbox 3406 2675 3571 2716; x_wconf 80' lang='lat' dir='ltr'><strong>versu</strong></span> <span class='ocrx_word' id='word_1_395' title='bbox 3596 2663 3654 2717; x_wconf 86' lang='lat' dir='ltr'><strong>in</strong></span> 
     </span>
    </p>
   </div>
   <div class='ocr_carea' id='block_1_55' title="bbox 2078 2746 3657 2818">
    <p class='ocr_par' dir='ltr' id='par_1_55' title="bbox 2078 2746 3657 2818">
     <span class='ocr_line' id='line_1_55' title="bbox 2078 2746 3657 2818; baseline 0.003 -16"><span class='ocrx_word' id='word_1_396' title='bbox 2078 2746 2348 2802; x_wconf 89' lang='lat' dir='ltr'><strong>directum</strong></span> <span class='ocrx_word' id='word_1_397' title='bbox 2379 2746 2746 2802; x_wconf 82' lang='lat' dir='ltr'><strong>descendente</strong></span> <span class='ocrx_word' id='word_1_398' title='bbox 2795 2756 3004 2818; x_wconf 84' lang='lat' dir='ltr'><strong>septem</strong></span> <span class='ocrx_word' id='word_1_399' title='bbox 3035 2757 3164 2804; x_wconf 90' lang='lat' dir='ltr'><strong>sunt</strong></span> <span class='ocrx_word' id='word_1_400' title='bbox 3190 2751 3468 2805; x_wconf 89' lang='lat' dir='ltr'><strong>embolimi</strong></span> <span class='ocrx_word' id='word_1_401' title='bbox 3499 2768 3657 2808; x_wconf 87' lang='lat' dir='ltr'><strong>men-</strong></span> 
     </span>
    </p>
   </div>
   <div class='ocr_carea' id='block_1_56' title="bbox 2081 2839 3654 2909">
    <p class='ocr_par' dir='ltr' id='par_1_56' title="bbox 2081 2839 3654 2909">
     <span class='ocr_line' id='line_1_56' title="bbox 2081 2839 3654 2909; baseline 0.002 -14"><span class='ocrx_word' id='word_1_402' title='bbox 2081 2856 2190 2895; x_wconf 87' lang='lat' dir='ltr'><strong>ses.</strong></span> <span class='ocrx_word' id='word_1_403' title='bbox 2237 2840 2294 2894; x_wconf 90' lang='lat' dir='ltr'><strong>ln</strong></span> <span class='ocrx_word' id='word_1_404' title='bbox 2325 2839 2570 2895; x_wconf 88' lang='lat' dir='ltr'><strong>secundo</strong></span> <span class='ocrx_word' id='word_1_405' title='bbox 2614 2855 2799 2903; x_wconf 89' lang='lat' dir='ltr'><strong>versu,</strong></span> <span class='ocrx_word' id='word_1_406' title='bbox 2847 2856 2938 2893; x_wconf 69' lang='lat' dir='ltr'><strong>xxx</strong></span> <span class='ocrx_word' id='word_1_407' title='bbox 2966 2840 3191 2897; x_wconf 90' lang='lat' dir='ltr'><strong>lunares</strong></span> <span class='ocrx_word' id='word_1_408' title='bbox 3228 2843 3400 2909; x_wconf 91' lang='lat' dir='ltr'><strong>anni;</strong></span> <span class='ocrx_word' id='word_1_409' title='bbox 3431 2843 3592 2899; x_wconf 84' lang='lat' dir='ltr'><strong>initio</strong></span> <span class='ocrx_word' id='word_1_410' title='bbox 3620 2860 3654 2899; x_wconf 88' lang='lat' dir='ltr'><strong>a</strong></span> 
     </span>
    </p>
   </div>
   <div class='ocr_carea' id='block_1_57' title="bbox 2079 2927 3652 2999">
    <p class='ocr_par' dir='ltr' id='par_1_57' title="bbox 2079 2927 3652 2999">
     <span class='ocr_line' id='line_1_57' title="bbox 2079 2927 3652 2999; baseline 0.003 -17"><span class='ocrx_word' id='word_1_411' title='bbox 2079 2944 2224 2983; x_wconf 89' lang='lat' dir='ltr'><strong>nono</strong></span> <span class='ocrx_word' id='word_1_412' title='bbox 2267 2928 2481 2984; x_wconf 89' lang='lat' dir='ltr'><strong>decimo</strong></span> <span class='ocrx_word' id='word_1_413' title='bbox 2515 2927 2660 2982; x_wconf 82' lang='lat' dir='ltr'><strong>facto</strong></span> <span class='ocrx_word' id='word_1_414' title='bbox 2694 2947 2704 2981; x_wconf 96' lang='lat'>:</span> <span class='ocrx_word' id='word_1_415' title='bbox 2743 2929 2887 2982; x_wconf 83' lang='lat' dir='ltr'><strong>unde</strong></span> <span class='ocrx_word' id='word_1_416' title='bbox 2921 2929 2990 2982; x_wconf 89' lang='lat' dir='ltr'><strong>ad</strong></span> <span class='ocrx_word' id='word_1_417' title='bbox 3029 2931 3291 2999; x_wconf 90' lang='lat' dir='ltr'><strong>primum,</strong></span> <span class='ocrx_word' id='word_1_418' title='bbox 3322 2932 3652 2997; x_wconf 83' lang='lat' dir='ltr'><strong>secundum,</strong></span> 
     </span>
    </p>
   </div>
   <div class='ocr_carea' id='block_1_58' title="bbox 2078 3021 3653 3093">
    <p class='ocr_par' dir='ltr' id='par_1_58' title="bbox 2078 3021 3653 3093">
     <span class='ocr_line' id='line_1_58' title="bbox 2078 3021 3653 3093; baseline 0.004 -19"><span class='ocrx_word' id='word_1_419' title='bbox 2078 3036 2143 3074; x_wconf 88' lang='lat' dir='ltr'><strong>ac</strong></span> <span class='ocrx_word' id='word_1_420' title='bbox 2172 3027 2404 3076; x_wconf 68' lang='lat' dir='ltr'><strong>caeteros</strong></span> <span class='ocrx_word' id='word_1_421' title='bbox 2459 3021 2654 3076; x_wconf 89' lang='lat' dir='ltr'><strong>ordine</strong></span> <span class='ocrx_word' id='word_1_422' title='bbox 2682 3037 3010 3093; x_wconf 76' lang='lat' dir='ltr'><strong>progressus</strong></span> <span class='ocrx_word' id='word_1_423' title='bbox 3055 3023 3260 3080; x_wconf 89' lang='lat' dir='ltr'><strong>desinit</strong></span> <span class='ocrx_word' id='word_1_424' title='bbox 3301 3025 3359 3079; x_wconf 89' lang='lat' dir='ltr'><strong>in</strong></span> <span class='ocrx_word' id='word_1_425' title='bbox 3397 3035 3653 3082; x_wconf 86' lang='lat' dir='ltr'><strong>octavum</strong></span> 
     </span>
    </p>
   </div>
   <div class='ocr_carea' id='block_1_59' title="bbox 2079 3109 3654 3187">
    <p class='ocr_par' dir='ltr' id='par_1_59' title="bbox 2079 3109 3654 3187">
     <span class='ocr_line' id='line_1_59' title="bbox 2079 3109 3654 3187; baseline 0.006 -22"><span class='ocrx_word' id='word_1_426' title='bbox 2079 3109 2390 3176; x_wconf 86' lang='lat' dir='ltr'><strong>decimum;</strong></span> <span class='ocrx_word' id='word_1_427' title='bbox 2423 3110 2587 3166; x_wconf 89' lang='lat' dir='ltr'><strong>tertio</strong></span> <span class='ocrx_word' id='word_1_428' title='bbox 2616 3125 2781 3165; x_wconf 87' lang='lat' dir='ltr'><strong>versu</strong></span> <span class='ocrx_word' id='word_1_429' title='bbox 2813 3111 3086 3166; x_wconf 90' lang='lat' dir='ltr'><strong>lunarium</strong></span> <span class='ocrx_word' id='word_1_430' title='bbox 3135 3129 3408 3170; x_wconf 89' lang='lat' dir='ltr'><strong>annorum</strong></span> <span class='ocrx_word' id='word_1_431' title='bbox 3446 3127 3654 3187; x_wconf 64' lang='lat' dir='ltr'><strong>epactaz</strong></span> 
     </span>
    </p>
   </div>
   <div class='ocr_carea' id='block_1_60' title="bbox 2077 3199 3653 3271">
    <p class='ocr_par' dir='ltr' id='par_1_60' title="bbox 2077 3199 3653 3271">
     <span class='ocr_line' id='line_1_60' title="bbox 2077 3199 3653 3271; baseline 0.004 -15"><span class='ocrx_word' id='word_1_432' title='bbox 2077 3203 2458 3268; x_wconf 89' lang='lat' dir='ltr'><strong>continentur;</strong></span> <span class='ocrx_word' id='word_1_433' title='bbox 2503 3208 2723 3271; x_wconf 84' lang='lat' dir='ltr'><strong>quarto,</strong></span> <span class='ocrx_word' id='word_1_434' title='bbox 2755 3199 2990 3265; x_wconf 76' lang='lat' dir='ltr'><strong>Romani</strong></span> <span class='ocrx_word' id='word_1_435' title='bbox 3030 3218 3246 3260; x_wconf 81' lang='lat' dir='ltr'><strong>menses</strong></span> <span class='ocrx_word' id='word_1_436' title='bbox 3282 3205 3412 3270; x_wconf 79' lang='lat' dir='ltr'><strong>duo,</strong></span> <span class='ocrx_word' id='word_1_437' title='bbox 3447 3205 3653 3263; x_wconf 86' lang='lat' dir='ltr'><strong>Janua-</strong></span> 
     </span>
    </p>
   </div>
   <div class='ocr_carea' id='block_1_61' title="bbox 2076 3293 3656 3368">
    <p class='ocr_par' dir='ltr' id='par_1_61' title="bbox 2076 3293 3656 3368">
     <span class='ocr_line' id='line_1_61' title="bbox 2076 3293 3656 3368; baseline 0.004 -21"><span class='ocrx_word' id='word_1_438' title='bbox 2076 3294 2194 3348; x_wconf 89' lang='lat' dir='ltr'><strong>rius</strong></span> <span class='ocrx_word' id='word_1_439' title='bbox 2219 3301 2272 3348; x_wconf 92' lang='lat' dir='ltr'><strong>et</strong></span> <span class='ocrx_word' id='word_1_440' title='bbox 2298 3293 2666 3361; x_wconf 89' lang='lat' dir='ltr'><strong>Februarius;</strong></span> <span class='ocrx_word' id='word_1_441' title='bbox 2717 3296 2944 3366; x_wconf 88' lang='lat' dir='ltr'><strong>quintus</strong></span> <span class='ocrx_word' id='word_1_442' title='bbox 2977 3297 3249 3354; x_wconf 89' lang='lat' dir='ltr'><strong>mensium</strong></span> <span class='ocrx_word' id='word_1_443' title='bbox 3283 3308 3480 3368; x_wconf 89' lang='lat' dir='ltr'><strong>quotas</strong></span> <span class='ocrx_word' id='word_1_444' title='bbox 3505 3302 3656 3356; x_wconf 76' lang='lat' dir='ltr'><strong>exhi-</strong></span> 
     </span>
    </p>
   </div>
   <div class='ocr_carea' id='block_1_62' title="bbox 395 3365 1995 3464">
    <p class='ocr_par' dir='ltr' id='par_1_62' title="bbox 395 3365 1971 3464">
     <span class='ocr_line' id='line_1_62' title="bbox 395 3365 1971 3464; baseline 0.001 -21"><span class='ocrx_word' id='word_1_445' title='bbox 395 3391 576 3444; x_wconf 77' lang='grc' dir='ltr'>αὐτῶν</span> <span class='ocrx_word' id='word_1_446' title='bbox 621 3365 729 3445; x_wconf 79' lang='grc' dir='ltr'><strong>τῶν</strong></span> <span class='ocrx_word' id='word_1_447' title='bbox 783 3365 998 3464; x_wconf 76' lang='grc' dir='ltr'>μηνῶν,</span> <span class='ocrx_word' id='word_1_448' title='bbox 1039 3393 1119 3456; x_wconf 81' lang='grc' dir='ltr'><strong>εἰς</strong></span> <span class='ocrx_word' id='word_1_449' title='bbox 1163 3365 1229 3455; x_wconf 70' lang='grc' dir='ltr'><strong>άς</strong></span> <span class='ocrx_word' id='word_1_450' title='bbox 1261 3365 1548 3462; x_wconf 72' lang='grc' dir='ltr'>συμϐαίνεί</span> <span class='ocrx_word' id='word_1_451' title='bbox 1586 3392 1830 3460; x_wconf 90' lang='grc' dir='ltr'>γίνεσθαι</span> <span class='ocrx_word' id='word_1_452' title='bbox 1873 3393 1971 3463; x_wconf 82' lang='grc' dir='ltr'>τὴν</span> 
     </span>
    </p>
   </div>
   <div class='ocr_carea' id='block_1_63' title="bbox 2076 3365 3654 3464">
    <p class='ocr_par' dir='ltr' id='par_1_63' title="bbox 2076 3365 3654 3460">
     <span class='ocr_line' id='line_1_63' title="bbox 2076 3365 3654 3460; baseline 0.004 -20"><span class='ocrx_word' id='word_1_453' title='bbox 2076 3385 2184 3451; x_wconf 88' lang='lat' dir='ltr'><strong>bet,</strong></span> <span class='ocrx_word' id='word_1_454' title='bbox 2236 3385 2291 3440; x_wconf 90' lang='lat' dir='ltr'><strong>in</strong></span> <span class='ocrx_word' id='word_1_455' title='bbox 2336 3402 2475 3456; x_wconf 89' lang='lat' dir='ltr'><strong>quas</strong></span> <span class='ocrx_word' id='word_1_456' title='bbox 2516 3365 2871 3457; x_wconf 84' lang='lat' dir='ltr'><strong>Carnisprivii</strong></span> <span class='ocrx_word' id='word_1_457' title='bbox 2925 3388 3123 3443; x_wconf 79' lang='lat' dir='ltr'><strong>festum</strong></span> <span class='ocrx_word' id='word_1_458' title='bbox 3147 3365 3403 3460; x_wconf 53' lang='lat' dir='ltr'><strong>-.incidit;</strong></span> <span class='ocrx_word' id='word_1_459' title='bbox 3461 3402 3654 3448; x_wconf 76' lang='lat' dir='ltr'><strong>sextus</strong></span> 
     </span>
    </p>
   </div>
   <div class='ocr_carea' id='block_1_64' title="bbox 395 3484 1972 3558">
    <p class='ocr_par' dir='ltr' id='par_1_64' title="bbox 395 3484 1972 3558">
     <span class='ocr_line' id='line_1_64' title="bbox 395 3484 1972 3558; baseline -0.003 -17"><span class='ocrx_word' id='word_1_460' title='bbox 395 3485 814 3557; x_wconf 83' lang='grc' dir='ltr'>ἀποκρεώσιμον</span> <span class='ocrx_word' id='word_1_461' title='bbox 857 3487 1080 3558; x_wconf 76' lang='grc' dir='ltr'>ἑορτήν·</span> <span class='ocrx_word' id='word_1_462' title='bbox 1111 3487 1168 3538; x_wconf 85' lang='grc' dir='ltr'>ὲν</span> <span class='ocrx_word' id='word_1_463' title='bbox 1201 3485 1346 3554; x_wconf 74' lang='grc' dir='ltr'>ἕκτῳ</span> <span class='ocrx_word' id='word_1_464' title='bbox 1389 3485 1556 3555; x_wconf 84' lang='grc' dir='ltr'>στίχῳ</span> <span class='ocrx_word' id='word_1_465' title='bbox 1589 3485 1645 3536; x_wconf 87' lang='grc' dir='ltr'><strong>αί</strong></span> <span class='ocrx_word' id='word_1_466' title='bbox 1681 3484 1972 3554; x_wconf 72' lang='grc' dir='ltr'>προσθεταὶ</span> 
     </span>
    </p>
   </div>
   <div class='ocr_carea' id='block_1_65' title="bbox 395 3575 1972 3651">
    <p class='ocr_par' dir='ltr' id='par_1_65' title="bbox 395 3575 1972 3651">
     <span class='ocr_line' id='line_1_65' title="bbox 395 3575 1972 3651; baseline -0.001 -21"><span class='ocrx_word' id='word_1_467' title='bbox 395 3579 620 3651; x_wconf 80' lang='grc' dir='ltr'>ἡμέραι,</span> <span class='ocrx_word' id='word_1_468' title='bbox 676 3578 764 3632; x_wconf 80' lang='grc' dir='ltr'>διὰ</span> <span class='ocrx_word' id='word_1_469' title='bbox 801 3578 1027 3651; x_wconf 89' lang='grc' dir='ltr'>σηρικοῦ</span> <span class='ocrx_word' id='word_1_470' title='bbox 1067 3577 1474 3650; x_wconf 85' lang='grc' dir='ltr'>γεγραμμέναι.</span> <span class='ocrx_word' id='word_1_471' title='bbox 1517 3577 1629 3631; x_wconf 74' lang='grc' dir='ltr'><strong>Καὶ</strong></span> <span class='ocrx_word' id='word_1_472' title='bbox 1669 3576 1841 3630; x_wconf 81' lang='grc' dir='ltr'>ταῦτα</span> <span class='ocrx_word' id='word_1_473' title='bbox 1873 3575 1972 3645; x_wconf 82' lang='grc' dir='ltr'>μὲν</span> 
     </span>
    </p>
   </div>
   <div class='ocr_carea' id='block_1_66' title="bbox 396 3668 798 3742">
    <p class='ocr_par' dir='ltr' id='par_1_66' title="bbox 396 3668 798 3742">
     <span class='ocr_line' id='line_1_66' title="bbox 396 3668 798 3742; baseline 0.012 -20"><span class='ocrx_word' id='word_1_474' title='bbox 396 3668 458 3734; x_wconf 73' lang='grc' dir='ltr'>ἐξ</span> <span class='ocrx_word' id='word_1_475' title='bbox 479 3669 798 3742; x_wconf 83' lang='grc' dir='ltr'>εὐωνύμων.</span> 
     </span>
    </p>
   </div>
   <div class='ocr_carea' id='block_1_67' title="bbox 751 3800 1616 3872">
    <p class='ocr_par' dir='ltr' id='par_1_67' title="bbox 751 3800 1616 3872">
     <span class='ocr_line' id='line_1_67' title="bbox 751 3800 1616 3872; baseline -0.005 -13"><span class='ocrx_word' id='word_1_476' title='bbox 751 3805 848 3871; x_wconf 86' lang='grc' dir='ltr'>Τίς</span> <span class='ocrx_word' id='word_1_477' title='bbox 878 3805 918 3872; x_wconf 74' lang='grc' dir='ltr'>ἡ</span> <span class='ocrx_word' id='word_1_478' title='bbox 947 3803 1016 3858; x_wconf 82' lang='grc' dir='ltr'>ἐκ</span> <span class='ocrx_word' id='word_1_479' title='bbox 1049 3801 1264 3868; x_wconf 76' lang='grc' dir='ltr'>δεξιῶν</span> <span class='ocrx_word' id='word_1_480' title='bbox 1297 3800 1616 3872; x_wconf 63' lang='grc' dir='ltr'>διαγραφή.</span> 
     </span>
    </p>
   </div>
   <div class='ocr_carea' id='block_1_68' title="bbox 467 3912 1972 3988">
    <p class='ocr_par' dir='ltr' id='par_1_68' title="bbox 467 3912 1972 3988">
     <span class='ocr_line' id='line_1_68' title="bbox 467 3912 1972 3988; baseline -0.003 -18"><span class='ocrx_word' id='word_1_481' title='bbox 467 3918 537 3970; x_wconf 85' lang='grc' dir='ltr'><strong>Δ’.</strong></span> <span class='ocrx_word' id='word_1_482' title='bbox 591 3917 686 3970; x_wconf 87' lang='grc' dir='ltr'>Ἐκ</span> <span class='ocrx_word' id='word_1_483' title='bbox 716 3916 901 3983; x_wconf 86' lang='grc' dir='ltr'>δεξιῶν</span> <span class='ocrx_word' id='word_1_484' title='bbox 923 3917 978 3970; x_wconf 84' lang='grc' dir='ltr'><strong>δὲ</strong></span> <span class='ocrx_word' id='word_1_485' title='bbox 1007 3918 1065 3971; x_wconf 87' lang='grc' dir='ltr'>ὲν</span> <span class='ocrx_word' id='word_1_486' title='bbox 1089 3914 1290 3988; x_wconf 86' lang='grc' dir='ltr'>πρώτῳ</span> <span class='ocrx_word' id='word_1_487' title='bbox 1317 3915 1484 3986; x_wconf 87' lang='grc' dir='ltr'>στίχῳ</span> <span class='ocrx_word' id='word_1_488' title='bbox 1508 3912 1578 3967; x_wconf 84' lang='grc' dir='ltr'>τὰ</span> <span class='ocrx_word' id='word_1_489' title='bbox 1606 3912 1871 3986; x_wconf 73' lang='grc' dir='ltr'>εἰρημένα</span> <span class='ocrx_word' id='word_1_490' title='bbox 1907 3912 1972 3966; x_wconf 82' lang='grc' dir='ltr'>ιθ¹</span> 
     </span>
    </p>
   </div>
   <div class='ocr_carea' id='block_1_69' title="bbox 397 4005 1971 4079">
    <p class='ocr_par' dir='ltr' id='par_1_69' title="bbox 397 4005 1971 4079">
     <span class='ocr_line' id='line_1_69' title="bbox 397 4005 1971 4079; baseline -0.002 -19"><span class='ocrx_word' id='word_1_491' title='bbox 397 4007 496 4079; x_wconf 85' lang='grc' dir='ltr'>τῆς</span> <span class='ocrx_word' id='word_1_492' title='bbox 530 4009 754 4078; x_wconf 82' lang='grc' dir='ltr'>σελήνης</span> <span class='ocrx_word' id='word_1_493' title='bbox 779 4007 895 4079; x_wconf 78' lang='grc' dir='ltr'>ἐτη,</span> <span class='ocrx_word' id='word_1_494' title='bbox 919 4007 1027 4061; x_wconf 82' lang='grc' dir='ltr'>ἀπὸ</span> <span class='ocrx_word' id='word_1_495' title='bbox 1056 4007 1274 4079; x_wconf 90' lang='grc' dir='ltr'>πρώτου</span> <span class='ocrx_word' id='word_1_496' title='bbox 1304 4007 1426 4060; x_wconf 88' lang='grc' dir='ltr'>καθ’</span> <span class='ocrx_word' id='word_1_497' title='bbox 1454 4005 1644 4077; x_wconf 78' lang='grc' dir='ltr'>εἱρμὸν</span> <span class='ocrx_word' id='word_1_498' title='bbox 1672 4005 1971 4077; x_wconf 85' lang='grc' dir='ltr'>ἀρχόμενα,</span> 
     </span>
    </p>
   </div>
   <div class='ocr_carea' id='block_1_70' title="bbox 401 4095 1974 4170">
    <p class='ocr_par' dir='ltr' id='par_1_70' title="bbox 401 4095 1974 4170">
     <span class='ocr_line' id='line_1_70' title="bbox 401 4095 1974 4170; baseline -0.002 -18"><span class='ocrx_word' id='word_1_499' title='bbox 401 4100 495 4152; x_wconf 71' lang='grc' dir='ltr'><strong>καὶ</strong></span> <span class='ocrx_word' id='word_1_500' title='bbox 525 4099 615 4152; x_wconf 81' lang='grc' dir='ltr'>διὰ</span> <span class='ocrx_word' id='word_1_501' title='bbox 645 4098 740 4151; x_wconf 83' lang='grc' dir='ltr'><strong>τοῦ</strong></span> <span class='ocrx_word' id='word_1_502' title='bbox 775 4099 1049 4170; x_wconf 85' lang='grc' dir='ltr'>δευτέρου,</span> <span class='ocrx_word' id='word_1_503' title='bbox 1084 4100 1178 4152; x_wconf 75' lang='grc' dir='ltr'><strong>καὶ</strong></span> <span class='ocrx_word' id='word_1_504' title='bbox 1207 4099 1413 4167; x_wconf 87' lang='grc' dir='ltr'>τρίτου,</span> <span class='ocrx_word' id='word_1_505' title='bbox 1449 4098 1546 4152; x_wconf 71' lang='grc' dir='ltr'><strong>καὶ</strong></span> <span class='ocrx_word' id='word_1_506' title='bbox 1578 4096 1688 4150; x_wconf 85' lang='grc' dir='ltr'><strong>τῶν</strong></span> <span class='ocrx_word' id='word_1_507' title='bbox 1735 4095 1974 4166; x_wconf 78' lang='grc' dir='ltr'>καθεξῆς</span> 
     </span>
    </p>
   </div>
   <div class='ocr_carea' id='block_1_71' title="bbox 398 4187 1974 4260">
    <p class='ocr_par' dir='ltr' id='par_1_71' title="bbox 398 4187 1974 4260">
     <span class='ocr_line' id='line_1_71' title="bbox 398 4187 1974 4260; baseline -0.003 -16"><span class='ocrx_word' id='word_1_508' title='bbox 398 4194 480 4254; x_wconf 87' lang='grc' dir='ltr'><strong>είς</strong></span> <span class='ocrx_word' id='word_1_509' title='bbox 501 4191 592 4244; x_wconf 71' lang='grc' dir='ltr'>τὸν</span> <span class='ocrx_word' id='word_1_510' title='bbox 637 4189 704 4242; x_wconf 80' lang='grc' dir='ltr'><strong>ιϐ’</strong></span> <span class='ocrx_word' id='word_1_511' title='bbox 731 4189 998 4260; x_wconf 90' lang='grc' dir='ltr'>λήγοντα·</span> <span class='ocrx_word' id='word_1_512' title='bbox 1037 4191 1094 4244; x_wconf 80' lang='grc' dir='ltr'><strong>ἐν</strong></span> <span class='ocrx_word' id='word_1_513' title='bbox 1123 4189 1359 4260; x_wconf 82' lang='grc' dir='ltr'>δευτέρῳ</span> <span class='ocrx_word' id='word_1_514' title='bbox 1392 4189 1558 4259; x_wconf 88' lang='grc' dir='ltr'>στίχῳ</span> <span class='ocrx_word' id='word_1_515' title='bbox 1589 4189 1638 4240; x_wconf 77' lang='lat' dir='ltr'><strong>oi</strong></span> <span class='ocrx_word' id='word_1_516' title='bbox 1677 4187 1974 4258; x_wconf 78' lang='grc' dir='ltr'>Ῥωμαῖκοὶ</span> 
     </span>
    </p>
   </div>
   <div class='ocr_carea' id='block_1_72' title="bbox 401 4278 1974 4355">
    <p class='ocr_par' dir='ltr' id='par_1_72' title="bbox 401 4278 1974 4355">
     <span class='ocr_line' id='line_1_72' title="bbox 401 4278 1974 4355; baseline -0.004 -19"><span class='ocrx_word' id='word_1_517' title='bbox 401 4284 589 4355; x_wconf 82' lang='grc' dir='ltr'>μῆνες.</span> <span class='ocrx_word' id='word_1_518' title='bbox 622 4283 989 4354; x_wconf 80' lang='grc' dir='ltr'>Σεπτέμϐριος</span> <span class='ocrx_word' id='word_1_519' title='bbox 1017 4282 1111 4336; x_wconf 73' lang='grc' dir='ltr'><strong>καὶ</strong></span> <span class='ocrx_word' id='word_1_520' title='bbox 1136 4280 1464 4352; x_wconf 87' lang='grc' dir='ltr'>Ὀκτώϐριος</span> <span class='ocrx_word' id='word_1_521' title='bbox 1481 4297 1495 4310; x_wconf 91' lang='grc'><strong>·</strong></span> <span class='ocrx_word' id='word_1_522' title='bbox 1531 4282 1590 4333; x_wconf 83' lang='grc' dir='ltr'><strong>ὲν</strong></span> <span class='ocrx_word' id='word_1_523' title='bbox 1616 4279 1784 4351; x_wconf 86' lang='grc' dir='ltr'>τρίτῳ</span> <span class='ocrx_word' id='word_1_524' title='bbox 1807 4278 1974 4348; x_wconf 90' lang='grc' dir='ltr'>στίχῳ</span> 
     </span>
    </p>
   </div>
   <div class='ocr_carea' id='block_1_73' title="bbox 396 4370 1972 4444">
    <p class='ocr_par' dir='ltr' id='par_1_73' title="bbox 396 4370 1972 4444">
     <span class='ocr_line' id='line_1_73' title="bbox 396 4370 1972 4444; baseline -0.004 -16"><span class='ocrx_word' id='word_1_525' title='bbox 396 4378 451 4428; x_wconf 81' lang='grc' dir='ltr'><strong>αἱ</strong></span> <span class='ocrx_word' id='word_1_526' title='bbox 482 4375 687 4428; x_wconf 84' lang='grc' dir='ltr'>τούτων</span> <span class='ocrx_word' id='word_1_527' title='bbox 721 4373 832 4426; x_wconf 90' lang='grc' dir='ltr'><strong>τῶν</strong></span> <span class='ocrx_word' id='word_1_528' title='bbox 887 4372 1071 4444; x_wconf 89' lang='grc' dir='ltr'>μηνῶν</span> <span class='ocrx_word' id='word_1_529' title='bbox 1121 4375 1396 4436; x_wconf 88' lang='grc' dir='ltr'>ποσταῖαι,</span> <span class='ocrx_word' id='word_1_530' title='bbox 1432 4373 1512 4436; x_wconf 86' lang='grc' dir='ltr'>εἰς</span> <span class='ocrx_word' id='word_1_531' title='bbox 1539 4371 1606 4435; x_wconf 75' lang='grc' dir='ltr'>ἃς</span> <span class='ocrx_word' id='word_1_532' title='bbox 1649 4371 1840 4425; x_wconf 85' lang='grc' dir='ltr'>πίπτει</span> <span class='ocrx_word' id='word_1_533' title='bbox 1876 4370 1972 4423; x_wconf 81' lang='grc' dir='ltr'>τοῦ</span> 
     </span>
    </p>
   </div>
   <div class='ocr_carea' id='block_1_74' title="bbox 397 4463 1974 4535">
    <p class='ocr_par' dir='ltr' id='par_1_74' title="bbox 397 4463 1974 4535">
     <span class='ocr_line' id='line_1_74' title="bbox 397 4463 1974 4535; baseline -0.002 -17"><span class='ocrx_word' id='word_1_534' title='bbox 397 4466 622 4535; x_wconf 84' lang='grc' dir='ltr'>ἑϐδόμου</span> <span class='ocrx_word' id='word_1_535' title='bbox 671 4464 790 4520; x_wconf 89' lang='grc' dir='ltr'>καθ’</span> <span class='ocrx_word' id='word_1_536' title='bbox 834 4464 1118 4535; x_wconf 83' lang='grc' dir='ltr'>Ἐϐραίους</span> <span class='ocrx_word' id='word_1_537' title='bbox 1161 4463 1330 4534; x_wconf 86' lang='grc' dir='ltr'>μηνὸς</span> <span class='ocrx_word' id='word_1_538' title='bbox 1363 4465 1397 4534; x_wconf 86' lang='grc' dir='ltr'><strong>ή</strong></span> <span class='ocrx_word' id='word_1_539' title='bbox 1443 4463 1642 4534; x_wconf 86' lang='grc' dir='ltr'>δεκάτη</span> <span class='ocrx_word' id='word_1_540' title='bbox 1688 4465 1808 4517; x_wconf 88' lang='grc' dir='ltr'>κατ’</span> <span class='ocrx_word' id='word_1_541' title='bbox 1855 4463 1974 4526; x_wconf 76' lang='grc' dir='ltr'>ἔτος</span> 
     </span>
    </p>
   </div>
   <div class='ocr_carea' id='block_1_75' title="bbox 397 4551 1974 4626">
    <p class='ocr_par' dir='ltr' id='par_1_75' title="bbox 397 4551 1974 4626">
     <span class='ocr_line' id='line_1_75' title="bbox 397 4551 1974 4626; baseline -0.001 -18"><span class='ocrx_word' id='word_1_542' title='bbox 397 4557 624 4609; x_wconf 73' lang='grc' dir='ltr'>ἕκαστον</span> <span class='ocrx_word' id='word_1_543' title='bbox 643 4573 657 4586; x_wconf 93' lang='grc'><strong>·</strong></span> <span class='ocrx_word' id='word_1_544' title='bbox 689 4557 746 4612; x_wconf 81' lang='grc' dir='ltr'><strong>ἐν</strong></span> <span class='ocrx_word' id='word_1_545' title='bbox 769 4555 1014 4626; x_wconf 88' lang='grc' dir='ltr'>τετάρτῳ</span> <span class='ocrx_word' id='word_1_546' title='bbox 1035 4554 1204 4624; x_wconf 87' lang='grc' dir='ltr'>στίχῳ</span> <span class='ocrx_word' id='word_1_547' title='bbox 1232 4555 1289 4605; x_wconf 78' lang='lat' dir='ltr'><strong>ai</strong></span> <span class='ocrx_word' id='word_1_548' title='bbox 1314 4553 1610 4624; x_wconf 74' lang='grc' dir='ltr'>προσθεταὶ</span> <span class='ocrx_word' id='word_1_549' title='bbox 1638 4553 1862 4624; x_wconf 81' lang='grc' dir='ltr'>ἡμέραι,</span> <span class='ocrx_word' id='word_1_550' title='bbox 1885 4551 1974 4606; x_wconf 84' lang='grc' dir='ltr'><strong>διά</strong></span> 
     </span>
    </p>
   </div>
   <div class='ocr_carea' id='block_1_76' title="bbox 400 4645 1971 4721">
    <p class='ocr_par' dir='ltr' id='par_1_76' title="bbox 400 4645 1971 4721">
     <span class='ocr_line' id='line_1_76' title="bbox 400 4645 1971 4721; baseline -0.003 -19"><span class='ocrx_word' id='word_1_551' title='bbox 400 4651 628 4721; x_wconf 88' lang='grc' dir='ltr'>σηρικοῦ</span> <span class='ocrx_word' id='word_1_552' title='bbox 676 4649 1096 4720; x_wconf 86' lang='grc' dir='ltr'>γεγραμμέναι·</span> <span class='ocrx_word' id='word_1_553' title='bbox 1147 4649 1204 4701; x_wconf 89' lang='grc' dir='ltr'>ὲν</span> <span class='ocrx_word' id='word_1_554' title='bbox 1239 4649 1474 4717; x_wconf 89' lang='grc' dir='ltr'>πέμπτῳ</span> <span class='ocrx_word' id='word_1_555' title='bbox 1523 4647 1690 4716; x_wconf 88' lang='grc' dir='ltr'>στίχῳ</span> <span class='ocrx_word' id='word_1_556' title='bbox 1731 4648 1778 4699; x_wconf 83' lang='lat' dir='ltr'><strong>oi</strong></span> <span class='ocrx_word' id='word_1_557' title='bbox 1836 4645 1971 4698; x_wconf 83' lang='grc' dir='ltr'><strong>Ῥω-</strong></span> 
     </span>
    </p>
   </div>
   <div class='ocr_carea' id='block_1_77' title="bbox 2071 3476 3656 3548">
    <p class='ocr_par' dir='ltr' id='par_1_77' title="bbox 2071 3476 3656 3548">
     <span class='ocr_line' id='line_1_77' title="bbox 2071 3476 3656 3548; baseline 0.006 -20"><span class='ocrx_word' id='word_1_558' title='bbox 2071 3491 2265 3530; x_wconf 86' lang='lat' dir='ltr'><strong>versus</strong></span> <span class='ocrx_word' id='word_1_559' title='bbox 2304 3476 2584 3530; x_wconf 90' lang='lat' dir='ltr'><strong>addititios</strong></span> <span class='ocrx_word' id='word_1_560' title='bbox 2625 3477 2768 3540; x_wconf 89' lang='lat' dir='ltr'><strong>dies,</strong></span> <span class='ocrx_word' id='word_1_561' title='bbox 2807 3479 2922 3531; x_wconf 85' lang='lat' dir='ltr'><strong>sive</strong></span> <span class='ocrx_word' id='word_1_562' title='bbox 2955 3478 3236 3548; x_wconf 78' lang='lat' dir='ltr'><strong>regulares</strong></span> <span class='ocrx_word' id='word_1_563' title='bbox 3277 3481 3524 3536; x_wconf 73' lang='lat' dir='ltr'><strong>continet</strong></span> <span class='ocrx_word' id='word_1_564' title='bbox 3566 3497 3656 3537; x_wconf 89' lang='lat' dir='ltr'><strong>se-</strong></span> 
     </span>
    </p>
   </div>
   <div class='ocr_carea' id='block_1_78' title="bbox 2071 3566 3343 3640">
    <p class='ocr_par' dir='ltr' id='par_1_78' title="bbox 2071 3566 3343 3640">
     <span class='ocr_line' id='line_1_78' title="bbox 2071 3566 3343 3640; baseline 0.006 -20"><span class='ocrx_word' id='word_1_565' title='bbox 2071 3567 2189 3622; x_wconf 90' lang='lat' dir='ltr'><strong>rico</strong></span> <span class='ocrx_word' id='word_1_566' title='bbox 2223 3568 2449 3640; x_wconf 90' lang='lat' dir='ltr'><strong>scripto.</strong></span> <span class='ocrx_word' id='word_1_567' title='bbox 2487 3566 2612 3623; x_wconf 72' lang='lat' dir='ltr'><strong>Haec</strong></span> <span class='ocrx_word' id='word_1_568' title='bbox 2638 3569 2704 3623; x_wconf 88' lang='lat' dir='ltr'><strong>ad</strong></span> <span class='ocrx_word' id='word_1_569' title='bbox 2735 3569 3022 3624; x_wconf 85' lang='lat' dir='ltr'><strong>sinistram</strong></span> <span class='ocrx_word' id='word_1_570' title='bbox 3048 3569 3343 3628; x_wconf 86' lang='lat' dir='ltr'><strong>habentur.</strong></span> 
     </span>
    </p>
   </div>
   <div class='ocr_carea' id='block_1_79' title="bbox 2073 3793 3649 3870">
    <p class='ocr_par' dir='ltr' id='par_1_79' title="bbox 2073 3793 3649 3870">
     <span class='ocr_line' id='line_1_79' title="bbox 2073 3793 3649 3870; baseline 0.004 -22"><span class='ocrx_word' id='word_1_571' title='bbox 2073 3793 2214 3861; x_wconf 86' lang='lat' dir='ltr'><strong>Quid</strong></span> <span class='ocrx_word' id='word_1_572' title='bbox 2251 3793 2320 3848; x_wconf 90' lang='lat' dir='ltr'><strong>ad</strong></span> <span class='ocrx_word' id='word_1_573' title='bbox 2344 3795 2590 3850; x_wconf 67' lang='lat' dir='ltr'><strong>dextram</strong></span> <span class='ocrx_word' id='word_1_574' title='bbox 2616 3804 2753 3851; x_wconf 67' lang='lat' dir='ltr'><strong>rotae</strong></span> <span class='ocrx_word' id='word_1_575' title='bbox 2775 3804 2984 3867; x_wconf 78' lang='lat' dir='ltr'><strong>partem</strong></span> <span class='ocrx_word' id='word_1_576' title='bbox 3005 3799 3126 3853; x_wconf 78' lang='lat' dir='ltr'><strong>sita:</strong></span> <span class='ocrx_word' id='word_1_577' title='bbox 3147 3798 3337 3852; x_wconf 77' lang='lat' dir='ltr'><strong>tabula</strong></span> <span class='ocrx_word' id='word_1_578' title='bbox 3359 3800 3501 3870; x_wconf 76' lang='lat' dir='ltr'><strong>signi</strong></span> <span class='ocrx_word' id='word_1_579' title='bbox 3507 3801 3649 3869; x_wconf 68' lang='grc' dir='ltr'><strong>βδεῖ.</strong></span> 
     </span>
    </p>
   </div>
   <div class='ocr_carea' id='block_1_80' title="bbox 2142 3905 3652 3978">
    <p class='ocr_par' dir='ltr' id='par_1_80' title="bbox 2142 3905 3652 3978">
     <span class='ocr_line' id='line_1_80' title="bbox 2142 3905 3652 3978; baseline 0.003 -20"><span class='ocrx_word' id='word_1_580' title='bbox 2142 3905 2231 3960; x_wconf 79' lang='grc' dir='ltr'><strong>Ν.</strong></span> <span class='ocrx_word' id='word_1_581' title='bbox 2269 3905 2481 3962; x_wconf 74' lang='lat' dir='ltr'><strong>Dextra:</strong></span> <span class='ocrx_word' id='word_1_582' title='bbox 2519 3907 2718 3962; x_wconf 66' lang='lat' dir='ltr'><strong>tabulae</strong></span> <span class='ocrx_word' id='word_1_583' title='bbox 2755 3907 2970 3978; x_wconf 90' lang='lat' dir='ltr'><strong>primus</strong></span> <span class='ocrx_word' id='word_1_584' title='bbox 3014 3923 3208 3964; x_wconf 85' lang='lat' dir='ltr'><strong>versus</strong></span> <span class='ocrx_word' id='word_1_585' title='bbox 3249 3907 3652 3973; x_wconf 81' lang='lat' dir='ltr'><strong>novemdecim,</strong></span> 
     </span>
    </p>
   </div>
   <div class='ocr_carea' id='block_1_81' title="bbox 2074 3996 3655 4068">
    <p class='ocr_par' dir='ltr' id='par_1_81' title="bbox 2074 3996 3655 4068">
     <span class='ocr_line' id='line_1_81' title="bbox 2074 3996 3655 4068; baseline 0.001 -18"><span class='ocrx_word' id='word_1_586' title='bbox 2074 4003 2133 4050; x_wconf 90' lang='lat' dir='ltr'><strong>ut</strong></span> <span class='ocrx_word' id='word_1_587' title='bbox 2165 3996 2301 4060; x_wconf 79' lang='lat' dir='ltr'><strong>dixi,</strong></span> <span class='ocrx_word' id='word_1_588' title='bbox 2329 4012 2509 4052; x_wconf 89' lang='lat' dir='ltr'><strong>annus</strong></span> <span class='ocrx_word' id='word_1_589' title='bbox 2532 3997 2675 4052; x_wconf 70' lang='lat' dir='ltr'><strong>luna:</strong></span> <span class='ocrx_word' id='word_1_590' title='bbox 2711 3998 3121 4068; x_wconf 85' lang='lat' dir='ltr'><strong>complectitur,</strong></span> <span class='ocrx_word' id='word_1_591' title='bbox 3164 3997 3258 4068; x_wconf 92' lang='lat' dir='ltr'><strong>qui</strong></span> <span class='ocrx_word' id='word_1_592' title='bbox 3286 4013 3318 4052; x_wconf 88' lang='lat' dir='ltr'><strong>a</strong></span> <span class='ocrx_word' id='word_1_593' title='bbox 3344 3998 3523 4068; x_wconf 89' lang='lat' dir='ltr'><strong>primo</strong></span> <span class='ocrx_word' id='word_1_594' title='bbox 3556 4011 3655 4068; x_wconf 85' lang='lat' dir='ltr'><strong>per</strong></span> 
     </span>
    </p>
   </div>
   <div class='ocr_carea' id='block_1_82' title="bbox 2074 4088 3650 4160">
    <p class='ocr_par' dir='ltr' id='par_1_82' title="bbox 2074 4088 3650 4160">
     <span class='ocr_line' id='line_1_82' title="bbox 2074 4088 3650 4160; baseline -0.001 -17"><span class='ocrx_word' id='word_1_595' title='bbox 2074 4088 2400 4153; x_wconf 89' lang='lat' dir='ltr'><strong>secundum,</strong></span> <span class='ocrx_word' id='word_1_596' title='bbox 2439 4089 2686 4153; x_wconf 89' lang='lat' dir='ltr'><strong>tertium,</strong></span> <span class='ocrx_word' id='word_1_597' title='bbox 2719 4104 2784 4144; x_wconf 92' lang='lat' dir='ltr'><strong>ac</strong></span> <span class='ocrx_word' id='word_1_598' title='bbox 2817 4089 3063 4159; x_wconf 89' lang='lat' dir='ltr'><strong>reliquos</strong></span> <span class='ocrx_word' id='word_1_599' title='bbox 3097 4089 3291 4144; x_wconf 90' lang='lat' dir='ltr'><strong>ordine</strong></span> <span class='ocrx_word' id='word_1_600' title='bbox 3323 4088 3650 4160; x_wconf 90' lang='lat' dir='ltr'><strong>procedunt,</strong></span> 
     </span>
    </p>
   </div>
   <div class='ocr_carea' id='block_1_83' title="bbox 2073 4179 3655 4251">
    <p class='ocr_par' dir='ltr' id='par_1_83' title="bbox 2073 4179 3655 4251">
     <span class='ocr_line' id='line_1_83' title="bbox 2073 4179 3655 4251; baseline -0.001 -17"><span class='ocrx_word' id='word_1_601' title='bbox 2073 4188 2239 4251; x_wconf 87' lang='lat' dir='ltr'><strong>atque</strong></span> <span class='ocrx_word' id='word_1_602' title='bbox 2271 4179 2328 4234; x_wconf 91' lang='lat' dir='ltr'><strong>in</strong></span> <span class='ocrx_word' id='word_1_603' title='bbox 2356 4179 2629 4235; x_wconf 89' lang='lat' dir='ltr'><strong>decimum</strong></span> <span class='ocrx_word' id='word_1_604' title='bbox 2654 4195 2861 4233; x_wconf 89' lang='lat' dir='ltr'><strong>nonum</strong></span> <span class='ocrx_word' id='word_1_605' title='bbox 2895 4179 3186 4246; x_wconf 91' lang='lat' dir='ltr'><strong>desinunt;</strong></span> <span class='ocrx_word' id='word_1_606' title='bbox 3223 4179 3498 4236; x_wconf 91' lang='lat' dir='ltr'><strong>secundus</strong></span> <span class='ocrx_word' id='word_1_607' title='bbox 3528 4195 3655 4233; x_wconf 76' lang='lat' dir='ltr'><strong>ver-</strong></span> 
     </span>
    </p>
   </div>
   <div class='ocr_carea' id='block_1_84' title="bbox 2075 4269 3653 4343">
    <p class='ocr_par' dir='ltr' id='par_1_84' title="bbox 2075 4269 3653 4343">
     <span class='ocr_line' id='line_1_84' title="bbox 2075 4269 3653 4343; baseline 0 -16"><span class='ocrx_word' id='word_1_608' title='bbox 2075 4289 2170 4328; x_wconf 88' lang='lat' dir='ltr'><strong>sus</strong></span> <span class='ocrx_word' id='word_1_609' title='bbox 2207 4272 2486 4326; x_wconf 82' lang='lat' dir='ltr'><strong>Romanos</strong></span> <span class='ocrx_word' id='word_1_610' title='bbox 2522 4286 2741 4327; x_wconf 89' lang='lat' dir='ltr'><strong>menses</strong></span> <span class='ocrx_word' id='word_1_611' title='bbox 2782 4272 2948 4327; x_wconf 87' lang='lat' dir='ltr'><strong>habet</strong></span> <span class='ocrx_word' id='word_1_612' title='bbox 2989 4270 3368 4343; x_wconf 89' lang='lat' dir='ltr'><strong>Septembrem</strong></span> <span class='ocrx_word' id='word_1_613' title='bbox 3398 4279 3455 4327; x_wconf 93' lang='lat' dir='ltr'><strong>et</strong></span> <span class='ocrx_word' id='word_1_614' title='bbox 3484 4269 3653 4327; x_wconf 89' lang='lat' dir='ltr'><strong>Octo-</strong></span> 
     </span>
    </p>
   </div>
   <div class='ocr_carea' id='block_1_85' title="bbox 2074 4362 3654 4434">
    <p class='ocr_par' dir='ltr' id='par_1_85' title="bbox 2074 4362 3654 4434">
     <span class='ocr_line' id='line_1_85' title="bbox 2074 4362 3654 4434; baseline -0.001 -15"><span class='ocrx_word' id='word_1_615' title='bbox 2074 4366 2258 4431; x_wconf 88' lang='lat' dir='ltr'><strong>brem;</strong></span> <span class='ocrx_word' id='word_1_616' title='bbox 2320 4364 2376 4418; x_wconf 90' lang='lat' dir='ltr'><strong>in</strong></span> <span class='ocrx_word' id='word_1_617' title='bbox 2415 4363 2580 4418; x_wconf 91' lang='lat' dir='ltr'><strong>tertio</strong></span> <span class='ocrx_word' id='word_1_618' title='bbox 2613 4363 2733 4419; x_wconf 92' lang='lat' dir='ltr'><strong>dies</strong></span> <span class='ocrx_word' id='word_1_619' title='bbox 2778 4371 2908 4419; x_wconf 90' lang='lat' dir='ltr'><strong>sunt</strong></span> <span class='ocrx_word' id='word_1_620' title='bbox 2955 4363 3248 4429; x_wconf 90' lang='lat' dir='ltr'><strong>mensium,</strong></span> <span class='ocrx_word' id='word_1_621' title='bbox 3290 4364 3345 4418; x_wconf 94' lang='lat' dir='ltr'><strong>in</strong></span> <span class='ocrx_word' id='word_1_622' title='bbox 3378 4378 3516 4434; x_wconf 86' lang='lat' dir='ltr'><strong>quas</strong></span> <span class='ocrx_word' id='word_1_623' title='bbox 3546 4362 3654 4418; x_wconf 84' lang='lat' dir='ltr'><strong>lle-</strong></span> 
     </span>
    </p>
   </div>
   <div class='ocr_carea' id='block_1_86' title="bbox 2074 4454 3652 4526">
    <p class='ocr_par' dir='ltr' id='par_1_86' title="bbox 2074 4454 3652 4526">
     <span class='ocr_line' id='line_1_86' title="bbox 2074 4454 3652 4526; baseline -0.004 -14"><span class='ocrx_word' id='word_1_624' title='bbox 2074 4457 2246 4512; x_wconf 85' lang='lat' dir='ltr'><strong>braici</strong></span> <span class='ocrx_word' id='word_1_625' title='bbox 2293 4455 2500 4513; x_wconf 88' lang='lat' dir='ltr'><strong>mensis</strong></span> <span class='ocrx_word' id='word_1_626' title='bbox 2545 4456 2766 4526; x_wconf 85' lang='lat' dir='ltr'><strong>septimi</strong></span> <span class='ocrx_word' id='word_1_627' title='bbox 2799 4456 3011 4510; x_wconf 81' lang='lat' dir='ltr'><strong>decima</strong></span> <span class='ocrx_word' id='word_1_628' title='bbox 3040 4455 3342 4526; x_wconf 87' lang='lat' dir='ltr'><strong>quotannis</strong></span> <span class='ocrx_word' id='word_1_629' title='bbox 3378 4454 3652 4521; x_wconf 84' lang='lat' dir='ltr'><strong>incurrit;</strong></span> 
     </span>
    </p>
   </div>
   <div class='ocr_carea' id='block_1_87' title="bbox 2075 4544 3651 4619">
    <p class='ocr_par' dir='ltr' id='par_1_87' title="bbox 2075 4544 3651 4619">
     <span class='ocr_line' id='line_1_87' title="bbox 2075 4544 3651 4619; baseline -0.001 -18"><span class='ocrx_word' id='word_1_630' title='bbox 2075 4549 2132 4603; x_wconf 88' lang='lat' dir='ltr'><strong>in</strong></span> <span class='ocrx_word' id='word_1_631' title='bbox 2163 4555 2362 4619; x_wconf 89' lang='lat' dir='ltr'><strong>quarto</strong></span> <span class='ocrx_word' id='word_1_632' title='bbox 2401 4549 2684 4618; x_wconf 77' lang='lat' dir='ltr'><strong>regulares</strong></span> <span class='ocrx_word' id='word_1_633' title='bbox 2728 4547 2908 4602; x_wconf 89' lang='lat' dir='ltr'><strong>serico</strong></span> <span class='ocrx_word' id='word_1_634' title='bbox 2952 4547 3176 4616; x_wconf 86' lang='lat' dir='ltr'><strong>scripti;</strong></span> <span class='ocrx_word' id='word_1_635' title='bbox 3222 4547 3278 4601; x_wconf 92' lang='lat' dir='ltr'><strong>in</strong></span> <span class='ocrx_word' id='word_1_636' title='bbox 3316 4547 3512 4617; x_wconf 88' lang='lat' dir='ltr'><strong>quinto</strong></span> <span class='ocrx_word' id='word_1_637' title='bbox 3542 4544 3651 4600; x_wconf 82' lang='lat' dir='ltr'><strong>Ro-</strong></span> 
     </span>
    </p>
   </div>
   <div class='ocr_carea' id='block_1_88' title="bbox 2074 4636 3653 4706">
    <p class='ocr_par' dir='ltr' id='par_1_88' title="bbox 2074 4636 3653 4706">
     <span class='ocr_line' id='line_1_88' title="bbox 2074 4636 3653 4706; baseline -0.002 -14"><span class='ocrx_word' id='word_1_638' title='bbox 2074 4639 2222 4692; x_wconf 89' lang='lat' dir='ltr'><strong>mani</strong></span> <span class='ocrx_word' id='word_1_639' title='bbox 2253 4653 2470 4694; x_wconf 87' lang='lat' dir='ltr'><strong>menses</strong></span> <span class='ocrx_word' id='word_1_640' title='bbox 2508 4636 2736 4693; x_wconf 85' lang='lat' dir='ltr'><strong>Martius</strong></span> <span class='ocrx_word' id='word_1_641' title='bbox 2762 4644 2816 4692; x_wconf 92' lang='lat' dir='ltr'><strong>et</strong></span> <span class='ocrx_word' id='word_1_642' title='bbox 2855 4636 3096 4706; x_wconf 79' lang='lat' dir='ltr'><strong>Aprilis;</strong></span> <span class='ocrx_word' id='word_1_643' title='bbox 3135 4637 3190 4690; x_wconf 91' lang='lat' dir='ltr'><strong>in</strong></span> <span class='ocrx_word' id='word_1_644' title='bbox 3241 4643 3398 4692; x_wconf 79' lang='lat' dir='ltr'><strong>sexto</strong></span> <span class='ocrx_word' id='word_1_645' title='bbox 3431 4650 3653 4691; x_wconf 89' lang='lat' dir='ltr'><strong>eorum-</strong></span> 
     </span>
    </p>
   </div>
   <div class='ocr_carea' id='block_1_89' title="bbox 400 4725 1995 4816">
    <p class='ocr_par' dir='ltr' id='par_1_89' title="bbox 400 4739 1971 4816">
     <span class='ocr_line' id='line_1_89' title="bbox 400 4739 1971 4816; baseline -0.004 -19"><span class='ocrx_word' id='word_1_646' title='bbox 400 4745 587 4815; x_wconf 69' lang='grc' dir='ltr'>μαῖκοὶ</span> <span class='ocrx_word' id='word_1_647' title='bbox 618 4743 804 4813; x_wconf 81' lang='grc' dir='ltr'>μῆνες,</span> <span class='ocrx_word' id='word_1_648' title='bbox 826 4742 1070 4816; x_wconf 88' lang='grc' dir='ltr'>Μάρτιος</span> <span class='ocrx_word' id='word_1_649' title='bbox 1093 4741 1189 4794; x_wconf 70' lang='grc' dir='ltr'>καὶ</span> <span class='ocrx_word' id='word_1_650' title='bbox 1220 4740 1496 4811; x_wconf 72' lang='grc' dir='ltr'>’Δπρίλιος</span> <span class='ocrx_word' id='word_1_651' title='bbox 1513 4757 1526 4770; x_wconf 89' lang='grc'><strong>·</strong></span> <span class='ocrx_word' id='word_1_652' title='bbox 1553 4741 1611 4793; x_wconf 82' lang='grc' dir='ltr'>ὲν</span> <span class='ocrx_word' id='word_1_653' title='bbox 1633 4741 1776 4810; x_wconf 72' lang='grc' dir='ltr'>ἕκτῳ</span> <span class='ocrx_word' id='word_1_654' title='bbox 1803 4739 1971 4810; x_wconf 88' lang='grc' dir='ltr'>στίχῳ</span> 
     </span>
    </p>
   </div>
   <div class='ocr_carea' id='block_1_90' title="bbox 2076 4725 3651 4816">
    <p class='ocr_par' dir='ltr' id='par_1_90' title="bbox 2076 4725 3651 4798">
     <span class='ocr_line' id='line_1_90' title="bbox 2076 4725 3651 4798; baseline -0.002 -15"><span class='ocrx_word' id='word_1_655' title='bbox 2076 4729 2195 4784; x_wconf 91' lang='lat' dir='ltr'><strong>dem</strong></span> <span class='ocrx_word' id='word_1_656' title='bbox 2226 4729 2496 4784; x_wconf 90' lang='lat' dir='ltr'><strong>mensium</strong></span> <span class='ocrx_word' id='word_1_657' title='bbox 2537 4728 2676 4793; x_wconf 89' lang='lat' dir='ltr'><strong>dies,</strong></span> <span class='ocrx_word' id='word_1_658' title='bbox 2711 4727 2914 4798; x_wconf 86' lang='lat' dir='ltr'><strong>quibus</strong></span> <span class='ocrx_word' id='word_1_659' title='bbox 2954 4728 3117 4797; x_wconf 87' lang='lat' dir='ltr'><strong>primi</strong></span> <span class='ocrx_word' id='word_1_660' title='bbox 3159 4727 3368 4783; x_wconf 86' lang='lat' dir='ltr'><strong>mensis</strong></span> <span class='ocrx_word' id='word_1_661' title='bbox 3399 4725 3651 4782; x_wconf 81' lang='lat' dir='ltr'><strong>Hebrait-i</strong></span> 
     </span>
    </p>
   </div>
   <div class='ocr_carea' id='block_1_91' title="bbox 395 4829 1970 4902">
    <p class='ocr_par' dir='ltr' id='par_1_91' title="bbox 395 4829 1970 4902">
     <span class='ocr_line' id='line_1_91' title="bbox 395 4829 1970 4902; baseline -0.003 -16"><span class='ocrx_word' id='word_1_662' title='bbox 395 4836 452 4887; x_wconf 81' lang='grc' dir='ltr'>αἱ</span> <span class='ocrx_word' id='word_1_663' title='bbox 482 4833 686 4886; x_wconf 87' lang='grc' dir='ltr'>τούτων</span> <span class='ocrx_word' id='word_1_664' title='bbox 738 4834 1014 4896; x_wconf 85' lang='grc' dir='ltr'>ποσταῖαι,</span> <span class='ocrx_word' id='word_1_665' title='bbox 1063 4831 1188 4884; x_wconf 87' lang='grc' dir='ltr'>καθ’</span> <span class='ocrx_word' id='word_1_666' title='bbox 1234 4830 1301 4894; x_wconf 79' lang='grc' dir='ltr'>ἃς</span> <span class='ocrx_word' id='word_1_667' title='bbox 1343 4830 1554 4898; x_wconf 88' lang='grc' dir='ltr'>γίνεται</span> <span class='ocrx_word' id='word_1_668' title='bbox 1601 4829 1696 4882; x_wconf 78' lang='grc' dir='ltr'>τοῦ</span> <span class='ocrx_word' id='word_1_669' title='bbox 1753 4829 1970 4902; x_wconf 88' lang='grc' dir='ltr'>πρώτου</span> 
     </span>
    </p>
   </div>
   <div class='ocr_carea' id='block_1_92' title="bbox 396 4920 1975 4997">
    <p class='ocr_par' dir='ltr' id='par_1_92' title="bbox 396 4920 1975 4997">
     <span class='ocr_line' id='line_1_92' title="bbox 396 4920 1975 4997; baseline -0.001 -17"><span class='ocrx_word' id='word_1_670' title='bbox 396 4927 517 4980; x_wconf 84' lang='grc' dir='ltr'>καθ’</span> <span class='ocrx_word' id='word_1_671' title='bbox 545 4925 828 4997; x_wconf 86' lang='grc' dir='ltr'>Ἑϐραίους</span> <span class='ocrx_word' id='word_1_672' title='bbox 855 4925 1023 4996; x_wconf 82' lang='grc' dir='ltr'>μηνὸς</span> <span class='ocrx_word' id='word_1_673' title='bbox 1054 4926 1088 4995; x_wconf 84' lang='grc' dir='ltr'>ἡ</span> <span class='ocrx_word' id='word_1_674' title='bbox 1121 4923 1688 4994; x_wconf 88' lang='grc' dir='ltr'>τεσσαρεσκαιδεκάτη</span> <span class='ocrx_word' id='word_1_675' title='bbox 1714 4920 1836 4976; x_wconf 79' lang='grc' dir='ltr'>κατ’</span> <span class='ocrx_word' id='word_1_676' title='bbox 1855 4923 1975 4988; x_wconf 73' lang='grc' dir='ltr'>ἔτος</span> 
     </span>
    </p>
   </div>
   <div class='ocr_carea' id='block_1_93' title="bbox 395 5013 1973 5087">
    <p class='ocr_par' dir='ltr' id='par_1_93' title="bbox 395 5013 1973 5087">
     <span class='ocr_line' id='line_1_93' title="bbox 395 5013 1973 5087; baseline -0.003 -15"><span class='ocrx_word' id='word_1_677' title='bbox 395 5018 656 5072; x_wconf 67' lang='grc' dir='ltr'>ἕκαστον·</span> <span class='ocrx_word' id='word_1_678' title='bbox 685 5019 742 5071; x_wconf 80' lang='grc' dir='ltr'>ὲν</span> <span class='ocrx_word' id='word_1_679' title='bbox 776 5017 987 5087; x_wconf 80' lang='grc' dir='ltr'>ἑϐδόμῳ</span> <span class='ocrx_word' id='word_1_680' title='bbox 1022 5016 1190 5086; x_wconf 86' lang='grc' dir='ltr'>στίχῳ</span> <span class='ocrx_word' id='word_1_681' title='bbox 1218 5016 1275 5070; x_wconf 83' lang='grc' dir='ltr'><strong>αί</strong></span> <span class='ocrx_word' id='word_1_682' title='bbox 1309 5014 1603 5086; x_wconf 66' lang='grc' dir='ltr'><strong>προσθεταὶ¹</strong></span> <span class='ocrx_word' id='word_1_683' title='bbox 1639 5013 1802 5068; x_wconf 85' lang='grc' dir='ltr'>πάλιν</span> <span class='ocrx_word' id='word_1_684' title='bbox 1835 5015 1973 5085; x_wconf 87' lang='grc' dir='ltr'>ήμέ-</span> 
     </span>
    </p>
   </div>
   <div class='ocr_carea' id='block_1_94' title="bbox 397 5102 1972 5180">
    <p class='ocr_par' dir='ltr' id='par_1_94' title="bbox 397 5102 1972 5180">
     <span class='ocr_line' id='line_1_94' title="bbox 397 5102 1972 5180; baseline -0.003 -18"><span class='ocrx_word' id='word_1_685' title='bbox 397 5126 524 5180; x_wconf 91' lang='grc' dir='ltr'>ραι,</span> <span class='ocrx_word' id='word_1_686' title='bbox 575 5107 1044 5179; x_wconf 85' lang='grc' dir='ltr'>διαγεγραμμέναι</span> <span class='ocrx_word' id='word_1_687' title='bbox 1093 5105 1202 5160; x_wconf 81' lang='grc' dir='ltr'><strong>άπὸ</strong></span> <span class='ocrx_word' id='word_1_688' title='bbox 1245 5104 1495 5176; x_wconf 83' lang='grc' dir='ltr'>σηρικοῦ.</span> <span class='ocrx_word' id='word_1_689' title='bbox 1544 5102 1732 5158; x_wconf 81' lang='grc' dir='ltr'>Ταῦτα</span> <span class='ocrx_word' id='word_1_690' title='bbox 1769 5106 1865 5158; x_wconf 61' lang='grc' dir='ltr'><strong>καὶ¹</strong></span> <span class='ocrx_word' id='word_1_691' title='bbox 1915 5106 1972 5158; x_wconf 82' lang='grc' dir='ltr'><strong>ὲν</strong></span> 
     </span>
    </p>
   </div>
   <div class='ocr_carea' id='block_1_95' title="bbox 396 5200 746 5266">
    <p class='ocr_par' dir='ltr' id='par_1_95' title="bbox 396 5200 746 5266">
     <span class='ocr_line' id='line_1_95' title="bbox 396 5200 746 5266; baseline 0.003 -13"><span class='ocrx_word' id='word_1_692' title='bbox 396 5203 508 5264; x_wconf 83' lang='grc' dir='ltr'>τοῖς</span> <span class='ocrx_word' id='word_1_693' title='bbox 533 5200 746 5266; x_wconf 85' lang='grc' dir='ltr'>δεξιοῖς.</span> 
     </span>
    </p>
   </div>
   <div class='ocr_carea' id='block_1_96' title="bbox 631 5295 1713 5405">
    <p class='ocr_par' dir='ltr' id='par_1_96' title="bbox 631 5295 1713 5405">
     <span class='ocr_line' id='line_1_96' title="bbox 631 5295 1713 5405; baseline -0.006 -17"><span class='ocrx_word' id='word_1_694' title='bbox 631 5295 728 5401; x_wconf 76' lang='grc' dir='ltr'>Τί</span> <span class='ocrx_word' id='word_1_695' title='bbox 752 5336 792 5402; x_wconf 74' lang='grc' dir='ltr'>ἡ</span> <span class='ocrx_word' id='word_1_696' title='bbox 823 5335 928 5388; x_wconf 87' lang='grc' dir='ltr'>τοῦ</span> <span class='ocrx_word' id='word_1_697' title='bbox 949 5333 1145 5405; x_wconf 82' lang='grc' dir='ltr'>μέσου</span> <span class='ocrx_word' id='word_1_698' title='bbox 1170 5332 1389 5403; x_wconf 82' lang='grc' dir='ltr'>τροχοῦ</span> <span class='ocrx_word' id='word_1_699' title='bbox 1419 5329 1713 5402; x_wconf 62' lang='grc' dir='ltr'>διαγραφή</span> 
     </span>
    </p>
   </div>
   <div class='ocr_carea' id='block_1_97' title="bbox 466 5461 1971 5536">
    <p class='ocr_par' dir='ltr' id='par_1_97' title="bbox 466 5461 1971 5536">
     <span class='ocr_line' id='line_1_97' title="bbox 466 5461 1971 5536; baseline -0.007 -14"><span class='ocrx_word' id='word_1_700' title='bbox 466 5468 544 5522; x_wconf 86' lang='lat' dir='ltr'><strong>E&#39;.</strong></span> <span class='ocrx_word' id='word_1_701' title='bbox 591 5467 649 5520; x_wconf 82' lang='grc' dir='ltr'>Ὀ</span> <span class='ocrx_word' id='word_1_702' title='bbox 671 5467 729 5520; x_wconf 80' lang='grc' dir='ltr'>δὲ</span> <span class='ocrx_word' id='word_1_703' title='bbox 755 5465 958 5522; x_wconf 82' lang='grc' dir='ltr'>τούτων</span> <span class='ocrx_word' id='word_1_704' title='bbox 983 5466 1144 5536; x_wconf 89' lang='grc' dir='ltr'>μέσος</span> <span class='ocrx_word' id='word_1_705' title='bbox 1168 5464 1361 5536; x_wconf 86' lang='grc' dir='ltr'>τροχὸς</span> <span class='ocrx_word' id='word_1_706' title='bbox 1385 5461 1480 5516; x_wconf 82' lang='grc' dir='ltr'>τοῦ</span> <span class='ocrx_word' id='word_1_707' title='bbox 1511 5461 1664 5534; x_wconf 87' lang='grc' dir='ltr'>ήλίου</span> <span class='ocrx_word' id='word_1_708' title='bbox 1699 5461 1971 5533; x_wconf 83' lang='grc' dir='ltr'>καθέστη-</span> 
     </span>
    </p>
   </div>
   <div class='ocr_carea' id='block_1_98' title="bbox 397 5553 1970 5630">
    <p class='ocr_par' dir='ltr' id='par_1_98' title="bbox 397 5553 1970 5630">
     <span class='ocr_line' id='line_1_98' title="bbox 397 5553 1970 5630; baseline -0.006 -16"><span class='ocrx_word' id='word_1_709' title='bbox 397 5578 513 5623; x_wconf 88' lang='grc' dir='ltr'>κεν,</span> <span class='ocrx_word' id='word_1_710' title='bbox 544 5559 690 5612; x_wconf 76' lang='grc' dir='ltr'>ένδον</span> <span class='ocrx_word' id='word_1_711' title='bbox 716 5559 815 5630; x_wconf 85' lang='grc' dir='ltr'><strong>μὲν</strong></span> <span class='ocrx_word' id='word_1_712' title='bbox 847 5557 1042 5611; x_wconf 79' lang='grc' dir='ltr'>ἑαυτοῦ</span> <span class='ocrx_word' id='word_1_713' title='bbox 1065 5555 1136 5609; x_wconf 85' lang='grc' dir='ltr'>τὰ</span> <span class='ocrx_word' id='word_1_714' title='bbox 1166 5555 1308 5608; x_wconf 78' lang='grc' dir='ltr'>ἑπτὰ</span> <span class='ocrx_word' id='word_1_715' title='bbox 1333 5555 1557 5609; x_wconf 87' lang='grc' dir='ltr'>δίσεκτα</span> <span class='ocrx_word' id='word_1_716' title='bbox 1589 5554 1731 5608; x_wconf 86' lang='grc' dir='ltr'>κατὰ</span> <span class='ocrx_word' id='word_1_717' title='bbox 1758 5553 1970 5607; x_wconf 88' lang='grc' dir='ltr'>διαστο-</span> 
     </span>
    </p>
   </div>
   <div class='ocr_carea' id='block_1_99' title="bbox 396 5645 1969 5724">
    <p class='ocr_par' dir='ltr' id='par_1_99' title="bbox 396 5645 1969 5724">
     <span class='ocr_line' id='line_1_99' title="bbox 396 5645 1969 5724; baseline -0.004 -19"><span class='ocrx_word' id='word_1_718' title='bbox 396 5653 494 5724; x_wconf 84' lang='grc' dir='ltr'><strong>λὴν</strong></span> <span class='ocrx_word' id='word_1_719' title='bbox 539 5651 646 5704; x_wconf 86' lang='grc' dir='ltr'>ἀπὸ</span> <span class='ocrx_word' id='word_1_720' title='bbox 713 5649 992 5720; x_wconf 87' lang='grc' dir='ltr'>τεσσάρων</span> <span class='ocrx_word' id='word_1_721' title='bbox 1043 5651 1123 5711; x_wconf 84' lang='grc' dir='ltr'><strong>είς</strong></span> <span class='ocrx_word' id='word_1_722' title='bbox 1165 5648 1407 5718; x_wconf 87' lang='grc' dir='ltr'>τέσσαρα</span> <span class='ocrx_word' id='word_1_723' title='bbox 1454 5645 1550 5716; x_wconf 79' lang='grc' dir='ltr'>ἔτη</span> <span class='ocrx_word' id='word_1_724' title='bbox 1593 5646 1930 5716; x_wconf 87' lang='grc' dir='ltr'>κεκτημένος</span> <span class='ocrx_word' id='word_1_725' title='bbox 1955 5660 1969 5675; x_wconf 92' lang='grc'><strong>·</strong></span> 
     </span>
    </p>
   </div>
   <div class='ocr_carea' id='block_1_100' title="bbox 405 5736 1966 5812">
    <p class='ocr_par' dir='ltr' id='par_1_100' title="bbox 405 5736 1966 5812">
     <span class='ocr_line' id='line_1_100' title="bbox 405 5736 1966 5812; baseline -0.003 -18"><span class='ocrx_word' id='word_1_726' title='bbox 405 5744 539 5812; x_wconf 73' lang='grc' dir='ltr'>μετὰ</span> <span class='ocrx_word' id='word_1_727' title='bbox 585 5743 642 5796; x_wconf 87' lang='grc' dir='ltr'>δὲ</span> <span class='ocrx_word' id='word_1_728' title='bbox 685 5743 755 5796; x_wconf 78' lang='grc' dir='ltr'>τὰ</span> <span class='ocrx_word' id='word_1_729' title='bbox 795 5742 1038 5804; x_wconf 88' lang='grc' dir='ltr'>δίσεκτα,</span> <span class='ocrx_word' id='word_1_730' title='bbox 1095 5737 1258 5802; x_wconf 79' lang='grc' dir='ltr'>εὐθὺς</span> <span class='ocrx_word' id='word_1_731' title='bbox 1313 5736 1454 5790; x_wconf 81' lang='grc' dir='ltr'>κατὰ</span> <span class='ocrx_word' id='word_1_732' title='bbox 1501 5737 1719 5808; x_wconf 89' lang='grc' dir='ltr'>πρῶτον</span> <span class='ocrx_word' id='word_1_733' title='bbox 1761 5737 1966 5807; x_wconf 90' lang='grc' dir='ltr'>στίχον,</span> 
     </span>
    </p>
   </div>
   <div class='ocr_carea' id='block_1_101' title="bbox 398 5825 1967 5906">
    <p class='ocr_par' dir='ltr' id='par_1_101' title="bbox 398 5825 1967 5906">
     <span class='ocr_line' id='line_1_101' title="bbox 398 5825 1967 5906; baseline -0.006 -18"><span class='ocrx_word' id='word_1_734' title='bbox 398 5835 563 5906; x_wconf 80' lang='grc' dir='ltr'>ήγουν</span> <span class='ocrx_word' id='word_1_735' title='bbox 594 5833 811 5899; x_wconf 79' lang='grc' dir='ltr'>κύκλον,</span> <span class='ocrx_word' id='word_1_736' title='bbox 843 5831 909 5886; x_wconf 78' lang='grc' dir='ltr'><strong>τὰ</strong></span> <span class='ocrx_word' id='word_1_737' title='bbox 959 5836 1042 5900; x_wconf 80' lang='grc' dir='ltr'>κη’</span> <span class='ocrx_word' id='word_1_738' title='bbox 1107 5827 1202 5882; x_wconf 78' lang='grc' dir='ltr'>τοῦ</span> <span class='ocrx_word' id='word_1_739' title='bbox 1242 5827 1392 5900; x_wconf 79' lang='grc' dir='ltr'>ἡλίου</span> <span class='ocrx_word' id='word_1_740' title='bbox 1435 5825 1561 5897; x_wconf 77' lang='grc' dir='ltr'>ἐτη,</span> <span class='ocrx_word' id='word_1_741' title='bbox 1596 5825 1705 5881; x_wconf 82' lang='grc' dir='ltr'>ἀπὸ</span> <span class='ocrx_word' id='word_1_742' title='bbox 1748 5826 1967 5897; x_wconf 88' lang='grc' dir='ltr'>πρώτου</span> 
     </span>
    </p>
   </div>
   <div class='ocr_carea' id='block_1_102' title="bbox 2075 4815 3654 4890">
    <p class='ocr_par' dir='ltr' id='par_1_102' title="bbox 2075 4815 3654 4890">
     <span class='ocr_line' id='line_1_102' title="bbox 2075 4815 3654 4890; baseline -0.003 -16"><span class='ocrx_word' id='word_1_743' title='bbox 2075 4828 2272 4890; x_wconf 89' lang='lat' dir='ltr'><strong>quarta</strong></span> <span class='ocrx_word' id='word_1_744' title='bbox 2302 4819 2514 4875; x_wconf 90' lang='lat' dir='ltr'><strong>decima</strong></span> <span class='ocrx_word' id='word_1_745' title='bbox 2543 4819 2842 4889; x_wconf 88' lang='lat' dir='ltr'><strong>quotannis</strong></span> <span class='ocrx_word' id='word_1_746' title='bbox 2871 4819 3167 4886; x_wconf 89' lang='lat' dir='ltr'><strong>tribuitur;</strong></span> <span class='ocrx_word' id='word_1_747' title='bbox 3200 4818 3465 4888; x_wconf 82' lang='lat' dir='ltr'><strong>septimus</strong></span> <span class='ocrx_word' id='word_1_748' title='bbox 3497 4815 3654 4871; x_wconf 92' lang='lat' dir='ltr'><strong>deni-</strong></span> 
     </span>
    </p>
   </div>
   <div class='ocr_carea' id='block_1_103' title="bbox 2073 4909 3653 4981">
    <p class='ocr_par' dir='ltr' id='par_1_103' title="bbox 2073 4909 3653 4981">
     <span class='ocr_line' id='line_1_103' title="bbox 2073 4909 3653 4981; baseline -0.002 -16"><span class='ocrx_word' id='word_1_749' title='bbox 2073 4927 2180 4981; x_wconf 91' lang='lat' dir='ltr'><strong>que</strong></span> <span class='ocrx_word' id='word_1_750' title='bbox 2228 4926 2420 4967; x_wconf 90' lang='lat' dir='ltr'><strong>versus</strong></span> <span class='ocrx_word' id='word_1_751' title='bbox 2457 4910 2738 4964; x_wconf 89' lang='lat' dir='ltr'><strong>addititios</strong></span> <span class='ocrx_word' id='word_1_752' title='bbox 2787 4909 2927 4974; x_wconf 91' lang='lat' dir='ltr'><strong>dies,</strong></span> <span class='ocrx_word' id='word_1_753' title='bbox 2972 4910 3088 4965; x_wconf 87' lang='lat' dir='ltr'><strong>sive</strong></span> <span class='ocrx_word' id='word_1_754' title='bbox 3117 4909 3398 4980; x_wconf 76' lang='lat' dir='ltr'><strong>regulares</strong></span> <span class='ocrx_word' id='word_1_755' title='bbox 3454 4922 3653 4969; x_wconf 67' lang='lat' dir='ltr'><strong>rvrsus</strong></span> 
     </span>
    </p>
   </div>
   <div class='ocr_carea' id='block_1_104' title="bbox 2074 4995 3654 5066">
    <p class='ocr_par' dir='ltr' id='par_1_104' title="bbox 2074 4995 3654 5066">
     <span class='ocr_line' id='line_1_104' title="bbox 2074 4995 3654 5066; baseline -0.001 -14"><span class='ocrx_word' id='word_1_756' title='bbox 2074 4997 2316 5053; x_wconf 91' lang='lat' dir='ltr'><strong>ostendit</strong></span> <span class='ocrx_word' id='word_1_757' title='bbox 2341 4997 2520 5052; x_wconf 88' lang='lat' dir='ltr'><strong>serico</strong></span> <span class='ocrx_word' id='word_1_758' title='bbox 2553 4997 2880 5066; x_wconf 89' lang='lat' dir='ltr'><strong>descriptos.</strong></span> <span class='ocrx_word' id='word_1_759' title='bbox 2914 4995 3041 5054; x_wconf 65' lang='lat' dir='ltr'><strong>Haec</strong></span> <span class='ocrx_word' id='word_1_760' title='bbox 3069 4997 3138 5052; x_wconf 89' lang='lat' dir='ltr'><strong>ad</strong></span> <span class='ocrx_word' id='word_1_761' title='bbox 3169 4998 3420 5054; x_wconf 80' lang='lat' dir='ltr'><strong>dextram</strong></span> <span class='ocrx_word' id='word_1_762' title='bbox 3458 4997 3654 5054; x_wconf 87' lang='lat' dir='ltr'><strong>inscri-</strong></span> 
     </span>
    </p>
   </div>
   <div class='ocr_carea' id='block_1_105' title="bbox 2074 5087 2817 5158">
    <p class='ocr_par' dir='ltr' id='par_1_105' title="bbox 2074 5087 2817 5158">
     <span class='ocr_line' id='line_1_105' title="bbox 2074 5087 2817 5158; baseline 0 -18"><span class='ocrx_word' id='word_1_763' title='bbox 2074 5095 2167 5158; x_wconf 87' lang='lat' dir='ltr'><strong>pta</strong></span> <span class='ocrx_word' id='word_1_764' title='bbox 2195 5087 2379 5142; x_wconf 89' lang='lat' dir='ltr'><strong>tabula</strong></span> <span class='ocrx_word' id='word_1_765' title='bbox 2410 5087 2817 5157; x_wconf 85' lang='lat' dir='ltr'><strong>complectitur.</strong></span> 
     </span>
    </p>
   </div>
   <div class='ocr_carea' id='block_1_106' title="bbox 2287 5311 3465 5382">
    <p class='ocr_par' dir='ltr' id='par_1_106' title="bbox 2287 5311 3465 5382">
     <span class='ocr_line' id='line_1_106' title="bbox 2287 5311 3465 5382; baseline -0.001 -15"><span class='ocrx_word' id='word_1_766' title='bbox 2287 5313 2428 5380; x_wconf 86' lang='lat' dir='ltr'><strong>Quid</strong></span> <span class='ocrx_word' id='word_1_767' title='bbox 2457 5314 2513 5367; x_wconf 87' lang='lat' dir='ltr'><strong>in</strong></span> <span class='ocrx_word' id='word_1_768' title='bbox 2544 5313 2717 5367; x_wconf 87' lang='lat' dir='ltr'><strong>medio</strong></span> <span class='ocrx_word' id='word_1_769' title='bbox 2745 5312 3007 5382; x_wconf 84' lang='lat' dir='ltr'><strong>descripta</strong></span> <span class='ocrx_word' id='word_1_770' title='bbox 3037 5320 3156 5365; x_wconf 88' lang='lat' dir='ltr'><strong>rota</strong></span> <span class='ocrx_word' id='word_1_771' title='bbox 3179 5311 3465 5366; x_wconf 84' lang='lat' dir='ltr'><strong>contineat.</strong></span> 
     </span>
    </p>
   </div>
   <div class='ocr_carea' id='block_1_107' title="bbox 2150 5446 3650 5527">
    <p class='ocr_par' dir='ltr' id='par_1_107' title="bbox 2150 5446 3650 5527">
     <span class='ocr_line' id='line_1_107' title="bbox 2150 5446 3650 5527; baseline -0.003 -23"><span class='ocrx_word' id='word_1_772' title='bbox 2150 5451 2208 5504; x_wconf 90' lang='lat' dir='ltr'><strong>V.</strong></span> <span class='ocrx_word' id='word_1_773' title='bbox 2254 5449 2430 5505; x_wconf 78' lang='lat' dir='ltr'><strong>Media</strong></span> <span class='ocrx_word' id='word_1_774' title='bbox 2453 5450 2778 5505; x_wconf 79' lang='lat' dir='ltr'><strong>tabellarum</strong></span> <span class='ocrx_word' id='word_1_775' title='bbox 2801 5458 2918 5503; x_wconf 89' lang='lat' dir='ltr'><strong>rota</strong></span> <span class='ocrx_word' id='word_1_776' title='bbox 2945 5448 3046 5527; x_wconf 83' lang='lat' dir='ltr'><strong>soli</strong></span> <span class='ocrx_word' id='word_1_777' title='bbox 3073 5448 3354 5504; x_wconf 83' lang='lat' dir='ltr'><strong>tribuitur.</strong></span> <span class='ocrx_word' id='word_1_778' title='bbox 3384 5446 3561 5516; x_wconf 89' lang='lat' dir='ltr'><strong>Hujus</strong></span> <span class='ocrx_word' id='word_1_779' title='bbox 3595 5447 3650 5500; x_wconf 92' lang='lat' dir='ltr'><strong>in</strong></span> 
     </span>
    </p>
   </div>
   <div class='ocr_carea' id='block_1_108' title="bbox 2076 5542 3650 5613">
    <p class='ocr_par' dir='ltr' id='par_1_108' title="bbox 2076 5542 3650 5613">
     <span class='ocr_line' id='line_1_108' title="bbox 2076 5542 3650 5613; baseline -0.004 -14"><span class='ocrx_word' id='word_1_780' title='bbox 2076 5545 2338 5600; x_wconf 90' lang='lat' dir='ltr'><strong>interiore</strong></span> <span class='ocrx_word' id='word_1_781' title='bbox 2362 5559 2490 5599; x_wconf 89' lang='lat' dir='ltr'><strong>area</strong></span> <span class='ocrx_word' id='word_1_782' title='bbox 2523 5551 2732 5613; x_wconf 88' lang='lat' dir='ltr'><strong>septem</strong></span> <span class='ocrx_word' id='word_1_783' title='bbox 2770 5542 3053 5596; x_wconf 81' lang='lat' dir='ltr'><strong>bisextiles</strong></span> <span class='ocrx_word' id='word_1_784' title='bbox 3084 5547 3233 5605; x_wconf 92' lang='lat' dir='ltr'><strong>sunt,</strong></span> <span class='ocrx_word' id='word_1_785' title='bbox 3275 5542 3470 5611; x_wconf 91' lang='lat' dir='ltr'><strong>quinto</strong></span> <span class='ocrx_word' id='word_1_786' title='bbox 3512 5555 3650 5610; x_wconf 88' lang='lat' dir='ltr'><strong>quo-</strong></span> 
     </span>
    </p>
   </div>
   <div class='ocr_carea' id='block_1_109' title="bbox 2077 5633 3649 5707">
    <p class='ocr_par' dir='ltr' id='par_1_109' title="bbox 2077 5633 3649 5707">
     <span class='ocr_line' id='line_1_109' title="bbox 2077 5633 3649 5707; baseline -0.003 -17"><span class='ocrx_word' id='word_1_787' title='bbox 2077 5653 2186 5707; x_wconf 91' lang='lat' dir='ltr'><strong>que</strong></span> <span class='ocrx_word' id='word_1_788' title='bbox 2215 5651 2359 5690; x_wconf 88' lang='lat' dir='ltr'><strong>anno</strong></span> <span class='ocrx_word' id='word_1_789' title='bbox 2409 5635 2596 5706; x_wconf 85' lang='lat' dir='ltr'><strong>positi.</strong></span> <span class='ocrx_word' id='word_1_790' title='bbox 2647 5633 2779 5689; x_wconf 89' lang='lat' dir='ltr'><strong>Post</strong></span> <span class='ocrx_word' id='word_1_791' title='bbox 2834 5634 3117 5689; x_wconf 85' lang='lat' dir='ltr'><strong>bisextilcs</strong></span> <span class='ocrx_word' id='word_1_792' title='bbox 3167 5635 3222 5688; x_wconf 89' lang='lat' dir='ltr'><strong>in</strong></span> <span class='ocrx_word' id='word_1_793' title='bbox 3255 5635 3431 5704; x_wconf 89' lang='lat' dir='ltr'><strong>primo</strong></span> <span class='ocrx_word' id='word_1_794' title='bbox 3462 5649 3649 5694; x_wconf 85' lang='lat' dir='ltr'><strong>versu,</strong></span> 
     </span>
    </p>
   </div>
   <div class='ocr_carea' id='block_1_110' title="bbox 2078 5723 3644 5793">
    <p class='ocr_par' dir='ltr' id='par_1_110' title="bbox 2078 5723 3644 5793">
     <span class='ocr_line' id='line_1_110' title="bbox 2078 5723 3644 5793; baseline -0.005 -9"><span class='ocrx_word' id='word_1_795' title='bbox 2078 5729 2194 5784; x_wconf 84' lang='lat' dir='ltr'><strong>sive</strong></span> <span class='ocrx_word' id='word_1_796' title='bbox 2240 5727 2469 5791; x_wconf 90' lang='lat' dir='ltr'><strong>circulo,</strong></span> <span class='ocrx_word' id='word_1_797' title='bbox 2505 5725 2633 5779; x_wconf 85' lang='lat' dir='ltr'><strong>anni</strong></span> <span class='ocrx_word' id='word_1_798' title='bbox 2682 5725 2816 5780; x_wconf 90' lang='lat' dir='ltr'><strong>solis</strong></span> <span class='ocrx_word' id='word_1_799' title='bbox 2849 5741 3043 5786; x_wconf 81' lang='lat' dir='ltr'><strong>xxvul,</strong></span> <span class='ocrx_word' id='word_1_800' title='bbox 3085 5725 3317 5793; x_wconf 91' lang='lat' dir='ltr'><strong>primus,</strong></span> <span class='ocrx_word' id='word_1_801' title='bbox 3351 5723 3644 5782; x_wconf 83' lang='lat' dir='ltr'><strong>secundus.</strong></span> 
     </span>
    </p>
   </div>
   <div class='ocr_carea' id='block_1_111' title="bbox 2075 5815 3648 5889">
    <p class='ocr_par' dir='ltr' id='par_1_111' title="bbox 2075 5815 3648 5889">
     <span class='ocr_line' id='line_1_111' title="bbox 2075 5815 3648 5889; baseline -0.003 -14"><span class='ocrx_word' id='word_1_802' title='bbox 2075 5829 2127 5875; x_wconf 90' lang='lat' dir='ltr'><strong>et</strong></span> <span class='ocrx_word' id='word_1_803' title='bbox 2157 5820 2231 5874; x_wconf 88' lang='lat' dir='ltr'><strong>ita</strong></span> <span class='ocrx_word' id='word_1_804' title='bbox 2271 5817 2529 5889; x_wconf 91' lang='lat' dir='ltr'><strong>deinceps</strong></span> <span class='ocrx_word' id='word_1_805' title='bbox 2561 5831 2736 5886; x_wconf 89' lang='lat' dir='ltr'><strong>usque</strong></span> <span class='ocrx_word' id='word_1_806' title='bbox 2791 5815 2859 5870; x_wconf 89' lang='lat' dir='ltr'><strong>ad</strong></span> <span class='ocrx_word' id='word_1_807' title='bbox 2903 5815 3226 5872; x_wconf 89' lang='lat' dir='ltr'><strong>vicesimum</strong></span> <span class='ocrx_word' id='word_1_808' title='bbox 3263 5826 3520 5872; x_wconf 88' lang='lat' dir='ltr'><strong>octavum</strong></span> <span class='ocrx_word' id='word_1_809' title='bbox 3550 5829 3648 5872; x_wconf 67' lang='grc' dir='ltr'><strong>εις</strong></span> 
     </span>
    </p>
   </div>
  </div>
