4112 6440
442 375 585 430 122.5
1495 377 1587 432 AD
1626 376 1895 434 EUSEBII
1933 375 2332 434 CIIRONICON
2372 377 2741 439 AI‘PENDIX.
3590 384 3736 441 ιεει

441 492 750 561 plicantur;
785 492 1064 548 secundus
1114 510 1332 558 versus,
1366 494 1485 550 sive
1515 496 1764 550 circulus
1796 505 1928 549 octo
1975 509 2006 547 e

2132 493 2256 547 καθ’
2296 495 2485 565 εἱρμὸν
2517 496 2611 548 καὶ
2643 493 2897 564 δευτέρου
2943 496 3105 567 μέχρι
3149 497 3217 550 τὰ
3269 504 3353 566 κη’
3384 496 3726 571 διαγεγραμο

440 579 631 650 viginti
665 596 934 635 annorum
971 593 1197 651 epactas
1241 584 1469 654 pnebet,
1517 592 1678 654 prout
1722 601 1870 640 anno
1914 583 2005 640 cui

2141 587 2313 657 μένα·
2373 588 2513 641 κατὰ
2564 589 2655 641 τὸν
2700 588 2953 658 δεύτερον
3000 590 3182 659 στίχον
3234 590 3325 642 καὶ
3380 590 3579 645 κύκλον
3625 593 3730 657 τὰς

437 685 546 741 que
582 684 913 744 congruunt.
957 673 1084 729 Ilaec
1112 676 1180 731 de
1208 676 1390 730 media
1423 686 1567 732 rota.

2137 679 2316 733 αὐτῶν
2346 680 2451 734 τῶν
2477 690 2562 751 κη’
2596 682 2733 735 ἑτῶν
2773 683 3040 746 ἐπακτὰς,
3072 683 3157 752 ἐφ’
3186 683 3417 737 ἑκάστου
3443 684 3595 750 έτους
3623 686 3723 752 τὰς

2138 774 2479 843 προσφόρους
2523 775 2802 843 ἀναλόγως
2844 777 3357 850 ἐπιγεγραμμένας.
3407 777 3592 833 Ταῦτα
3627 782 3724 833 καὶ

439 958 550 1014 Cur
575 962 640 1015 ab
685 979 824 1016 anno
856 962 997 1017 lume
1047 981 1162 1025 XIX.
1221 983 1325 1020 non
1369 983 1399 1017 (ι
1436 968 1606 1034 primo
1639 967 1835 1021 tabella
1878 967 2006 1021 sini-

946 1047 1059 1088 stra
1086 1036 1247 1089 ducat
1278 1039 1510 1091 initium.

510 1144 595 1201 Vl.
636 1145 751 1201 Cur
799 1157 982 1203 autem
1040 1165 1151 1204 non
1219 1166 1249 1205 a
1292 1151 1469 1220 primo
1511 1151 1725 1204 initium
1790 1150 2026 1205 habeant

434 1241 564 1297 anni
601 1241 824 1297 lunares
849 1243 914 1296 ad
950 1243 1234 1299 sinistram
1262 1244 1536 1314 inscripti,
1576 1245 1670 1298 sed
1696 1260 1725 1297 a
1757 1261 1907 1299 nono
1931 1245 2027 1299 de-

432 1330 598 1396 cimo,
645 1346 710 1385 ac
736 1331 934 1388 deinde
968 1335 1203 1404 primus.
1230 1337 1528 1399 secundus,
1565 1345 1619 1392 et
1650 1338 1845 1408 reliqui
1900 1338 2027 1393 sub-

428 1421 716 1493 iiciantur,
742 1441 910 1480 causa
939 1435 1022 1481 est
1048 1427 1344 1497 ejusmodi.
1399 1430 1574 1498 Caput
1600 1430 1936 1500 jejuniorum
1970 1431 2023 1484 in

430 1517 733 1585 penultimo
768 1534 979 1582 mense,
1012 1519 1118 1575 hoc
1168 1529 1255 1575 est
1283 1522 1578 1576 undecimo
1616 1523 1853 1577 labentis
1893 1526 2021 1576 anni

428 1614 694 1675 perpetuo
728 1609 1020 1679 contingit,
1052 1610 1130 1664 uti
1183 1608 1451 1665 Paschale
1510 1610 1709 1666 festum
1755 1611 1809 1663 in
1844 1612 2022 1680 primo

428 1700 802 1755 succedentis.
837 1700 1020 1765 Quare
1061 1717 1189 1756 cum
1227 1702 1369 1759 duos
1418 1718 1593 1759 annos
1628 1711 1902 1772 occupent
1932 1719 2023 1758 sa-

426 1793 861 1863 crijejuniorum
884 1796 1026 1860 dies,
1064 1795 1151 1850 vel
1188 1796 1372 1866 potius
1405 1811 1436 1850 a
1475 1795 1694 1849 duobus
1728 1796 1833 1865 ipsi
1867 1812 2019 1849 com-

425 1885 862 1954 prehendantur,
895 1886 967 1939 ita
1007 1894 1065 1939 ut
1101 1885 1321 1940 initium
1351 1887 1569 1941 illorum
1608 1886 1678 1941 ab
1710 1902 1855 1941 anno
1892 1904 2021 1942 cur-

426 1983 581 2031 rente
606 1977 749 2031 lunae
780 1976 1049 2047 pendeat;
1083 1976 1209 2033 linis
1233 1984 1416 2032 autem
1451 1978 1520 2032 ab
1545 1993 1611 2033 eo
1643 1978 1738 2047 qui
1770 1978 2021 2049 proxime

426 2066 700 2137 sequitur,
731 2082 958 2123 necesse
976 2076 1061 2121 est
1080 2076 1137 2121 ut
1160 2067 1499 2138 jejuniorum
1533 2068 1751 2123 initiunt
1777 2086 1842 2123 ex
1871 2085 2019 2125 anno

424 2152 643 2209 decimo
676 2170 823 2209 nono
869 2158 1181 2224 metiamur,
1214 2157 1435 2227 quando
1496 2159 1738 2214 salutare
1800 2159 2016 2216 Pascha

422 2261 570 2301 anno
598 2248 742 2313 luna:
768 2249 945 2318 primo
974 2250 1305 2304 celebratur.
1345 2249 1436 2304 Sic
1460 2267 1526 2305 ex
1549 2266 1696 2305 anno
1737 2253 1912 2321 primo
1934 2254 2013 2324 je-

418 2339 705 2408 juniorum
740 2348 905 2410 caput
938 2340 1219 2412 dirigitur,
1269 2344 1485 2412 quoties
1526 2342 1724 2399 festum
1753 2345 2018 2402 Resurre-

422 2430 624 2485 ctionis
666 2430 721 2484 in
762 2432 1065 2485 secundum
1098 2431 1324 2499 incidit;
1366 2440 1422 2487 et
1469 2448 1536 2488 ex
1571 2435 1838 2501 secundo,
1888 2452 2015 2491 cum

422 2521 478 2575 in
523 2523 745 2577 tertium
788 2523 976 2586 cadit,
1038 2532 1092 2579 et
1133 2524 1204 2579 ab
1260 2524 1365 2580 hoc
1416 2541 1633 2590 rursus,
1688 2528 1911 2596 quando
1957 2529 2015 2583 in

420 2621 679 2684 quartum
714 2615 948 2669 incurrit
982 2634 994 2669 :
1044 2624 1211 2686 atque
1252 2616 1324 2672 ita
1347 2633 1535 2688 porro.
1589 2618 1670 2673 Ad
1703 2620 1851 2675 hunc
1894 2636 2013 2676 mo-

420 2704 551 2759 dum
580 2720 640 2760 se
675 2705 836 2760 habet
874 2705 1147 2760 lunarium
1185 2706 1254 2762 ad
1294 2708 1576 2763 sinistram
1606 2722 1877 2764 annorum
1914 2709 2012 2766 de-

420 2798 671 2868 scriptio.

425 2998 582 3070 173
619 2998 850 3065 Quinam
878 3000 985 3054 sint
1009 2999 1297 3068 embolimi,
1327 3012 1373 3056 et
1401 3018 1518 3072 quae
1546 3003 1758 3058 lunares
1782 3012 2002 3074 epactw.

2135 864 2260 934 περὶ
2293 864 2386 917 τοῦ
2421 866 2586 935 μέσου
2616 867 2835 938 τροχοῦ.

2138 980 2296 1045 Τίς⁷⁸
2318 981 2356 1047 ἡ
2391 972 2606 1053 ἀξιόἰίν
2632 982 2743 1049 τῆς
2776 985 3046 1052 σελήνης
3071 985 3267 1053 ἔτους,
3295 988 3434 1041 ἀλλ’
3460 988 3571 1042 οὐκ
3598 988 3720 1043 ἀπὸ

2327 1051 2562 1119 πρώτης
2583 1054 2652 1106 ἐι·
2680 1054 2760 1120 τῷ
2788 1051 3073 1126 εὐωνύμῳ
3099 1051 3511 1128 διαγράμματι.

2202 1165 2293 1231 G”.
2334 1164 2397 1216 Ἡ
2425 1165 2481 1218 δὲ
2514 1166 2664 1219 αἰτία
2696 1166 2817 1220 καθ’
2850 1168 2917 1240 ἢν
2964 1168 3064 1221 οὐκ
3103 1169 3211 1222 ἀπὸ
3242 1168 3460 1241 πρώτου
3488 1171 3639 1235 ἔτους
3681 1174 3716 1244 ἡ

2128 1255 2383 1327 ὲγγραφὴ
2414 1256 2522 1310 τῶν
2555 1259 2653 1328 τῆς
2683 1258 2917 1330 σελήνης
2944 1260 3082 1312 ἐτῶν
3107 1258 3166 1325 ἐξ
3199 1261 3493 1332 εὐωνύμων
3517 1262 3713 1332 ὲτάγη,

2127 1349 2262 1403 ἀλλὰ
2296 1350 2405 1402 ἀπὸ
2441 1349 2527 1416 ιϐ’,
2563 1353 2657 1405 καὶ
2694 1351 2869 1415 οὕτως
2898 1353 3138 1425 πρώτου,
3182 1355 3277 1408 καὶ
3314 1355 3588 1426 δευτέρου,
3618 1359 3717 1411 καὶ

2125 1439 2233 1493 τῶν
2290 1440 2564 1511 καθεξῆς,
2615 1443 2753 1515 αὕτη
2802 1444 2968 1500 ἐστίν.
3020 1446 3085 1499 Ἡ
3134 1447 3495 1518 παρείσὸασις
3535 1450 3591 1500 ὲν
3634 1448 3715 1519 τῷ

2126 1532 2468 1603 προτελεύτῳ
2503 1534 2653 1604 μηνὶ,
2676 1536 2955 1589 τουτέστιν
2981 1537 3255 1607 ἑνδεκάτῳ
3286 1536 3381 1591 τοῦ
3416 1538 3714 1601 ἐνεστῶτος

2122 1622 2333 1689 γίνεται
2359 1622 2513 1686 ἔτους
2555 1624 2673 1677 ἀεί·
2713 1625 2965 1699 καθάπερ
2996 1627 3090 1681 καὶ
3128 1630 3160 1698 ἠ
3200 1628 3505 1699 Πασχάλιος
3545 1631 3710 1700 ἑορτὴ

2124 1714 2182 1765 ὲν
2205 1711 2282 1783 τῷ
2310 1712 2511 1785 πρώτῳ
2543 1714 2636 1768 τοῦ
2662 1716 2885 1770 εἰσιέναι
2918 1718 3224 1787 μέλλοντος.
3261 1720 3479 1793 Ἐπειδὴ
3513 1708 3605 1775 οὖν
3636 1722 3711 1776 τὰ

2122 1801 2215 1855 δύο
2248 1803 2637 1872 μεσολαϐοῦσιν
2665 1806 2758 1876 ἔτη
2791 1809 2849 1859 αἱ
2884 1807 3037 1877 ἅγιαι
3062 1809 3171 1863 τῶν
3192 1811 3455 1882 νηστειῶν
3480 1812 3709 1884 ἡμέραι.

2128 1893 2327 1963 μᾶλλον
2376 1894 2432 1947 δὲ
2486 1896 2623 1967 πρὸς
2664 1898 2847 1951 αὐτῶν
2880 1894 3039 1953 αὗται
3079 1900 3571 1973 συλλαμϐάνονται·
3613 1905 3710 1957 καὶ

2121 1982 2189 2035 τὰ
2209 1984 2255 2015 ⁸⁸
2281 1984 2380 2055 μὲν
2403 1985 2502 2056 τὴν
2540 1987 2745 2041 οίκείαν
2768 1989 2941 2060 ἀρχὴν
2971 1991 3276 2062 ἠρτημέναι
3299 1991 3392 2046 τοῦ
3415 1994 3709 2060 ἐνεστῶτος

2121 2076 2219 2146 τῆς
2242 2077 2465 2149 σελήνης
2486 2078 2659 2145 ἔτους,
2686 2082 2827 2135 κατὰ
2849 2083 2905 2136 δὲ
2930 2082 2989 2136 τὸ
3009 2082 3161 2148 τέλος
3181 2080 3333 2149 αὖθις
3360 2086 3452 2139 τοῦ
3480 2088 3705 2144 εἰσιέναι

2124 2168 2409 2238 μέλλοντος
2430 2188 2441 2200 ·
2477 2172 2690 2244 ἀνάγκη
2718 2175 2936 2238 πάντως
2963 2176 3070 2229 ἀπὸ
3090 2178 3572 2232 ὲννεακαιδεκάτου
3602 2198 3708 2234 κα-

2119 2261 2419 2324 νονίζεσθαι
2465 2263 2620 2329 ἔτους
2668 2267 2767 2338 τὴν
2816 2266 2990 2339 ἀρχὴν
3036 2267 3143 2321 τῶν
3176 2269 3470 2339 νηστειῶν,
3508 2272 3594 2324 ὅτε
3642 2273 3708 2326 τὸ

2120 2356 2386 2425 σωτήριον
2434 2356 2627 2428 Πάσχα
2674 2359 2731 2410 ὲν
2766 2359 2970 2430 πρώτῳ
3000 2360 3099 2430 τῆς
3153 2360 3383 2432 σελήνης
3430 2361 3539 2415 ἔτει
3582 2364 3709 2416 ἐπι-

2116 2447 2372 2502 τελεῖται.
2402 2447 2559 2501 Οὕτω
2595 2449 2651 2502 δὲ
2683 2450 2778 2502 καὶ
2805 2451 2919 2503 ἀπὸ
2965 2451 3178 2524 πρώτου
3208 2452 3308 2522 τὴν
3340 2452 3705 2523 παρείσϐασιν

2117 2537 2300 2601 πάλιν,
2333 2539 2483 2610 ὃτεή
2534 2540 2904 2612 ἀναστάσιμος
2949 2543 3110 2613 ἑορτὴ
3155 2544 3213 2597 ἐν
3248 2543 3288 2614 β·
3331 2544 3474 2612 γίνετ
3489 2559 3573 2597 ιι·
3607 2546 3704 2598 καὶ

2115 2630 2224 2684 ἀπὸ
2261 2630 2327 2701 β’,
2373 2631 2463 2684 ὅτε
2496 2633 2555 2685 ὲν
2597 2632 2675 2703 τῷ
2724 2634 2930 2706 τρίτῳ·
2968 2635 3063 2688 καὶ¹
3103 2635 3211 2689 ἀπὸ
3250 2635 3462 2701 τούτου,
3512 2638 3601 2690 ὅτε
3642 2637 3708 2691 ὲν

2113 2721 2391 2792 τετάρτῳ·
2442 2724 2539 2775 καὶ
2602 2723 2793 2787 ἁπλῶς
2853 2725 3016 2798 μέχρι
3060 2726 3267 2791 τέλους.
3317 2721 3486 2792 Οὗτος
3530 2723 3623 2782 οὖν
3673 2730 3706 2782 ὁ

2113 2814 2212 2885 τῆς
2240 2814 2545 2885 διαγραφῆς
2593 2814 2751 2883 λόγος
2778 2816 2887 2870 τῶν
2924 2817 3025 2888 τῆς
3063 2817 3293 2890 σελήνης
3316 2818 3375 2886 ἐξ
3404 2818 3704 2891 εὐωνύμων

2114 2905 2273 2961 ἑτῶν.

2119 3022 2284 3087 Τίνες
2344 3026 2398 3077 οἱ
2444 3022 2775 3093 ἐμϐόλιμοι,
2816 3025 2918 3147 acati
2959 3025 3119 3091 τίνες
3171 3027 3232 3080 al
3286 3026 3538 3083 ἐπακταὶ
3590 3027 3703 3098 τῆς

2767 3112 2853 3147 σε.
2888 3113 3059 3147 τινπρ.

2767 3112 3059 3162 cunmm.

496 3179 602 3233 VII.
657 3178 877 3250 Septem
921 3197 1139 3237 menses
1204 3183 1562 3240 intercalares
1613 3200 1680 3240 ex
1736 3185 1803 3241 iis
1867 3201 2006 3257 quas

2183 3186 2257 3237 Z'.
2288 3186 2349 3237 Οἱ
2389 3184 2443 3238 δὲ
2476 3187 2615 3241 ἑπτὰ
2654 3187 2939 3259 ἐμϐόλιμοι
2977 3188 3143 3259 μῆνες
3167 3188 3232 3243 ὲκ
3262 3189 3370 3243 τῶν
3392 3189 3702 3263 λεγομένων

419 3281 642 3343 epactas
666 3273 810 3328 lunae
843 3273 1099 3340 dicimus,
1124 3276 1458 3345 colliguntur
1488 3285 1611 3346 post
1640 3277 1777 3333 duos
1805 3293 2001 3346 annos,

419 3366 502 3421 vel
540 3378 672 3430 tres,
704 3366 925 3436 quando
955 3366 1022 3421 ad
1062 3368 1418 3422 tricenarium
1460 3369 1672 3423 dierum
1714 3386 2002 3426 numerum

420 3459 770 3528 perveniunt.
801 3456 1020 3527 Epactze
1058 3474 1225 3529 porro
1264 3476 1327 3514 ex
1362 3459 1575 3514 defectu
1615 3460 1825 3515 lunaris
1875 3464 2004 3517 anni

419 3548 487 3602 ad
520 3551 755 3605 solarem
792 3552 1065 3605 oriuntur.
1117 3550 1252 3605 Nam
1299 3552 1496 3607 solaris
1547 3552 1741 3608 diebus
1779 3561 2007 3609 constat

418 3656 661 3708 cccuv;
711 3642 923 3698 lunaris
968 3658 1175 3698 cccuv.
1226 3642 1381 3699 Unde
1430 3645 1712 3714 proprium
1759 3661 2001 3700 mensem

419 3736 581 3790 habet
619 3736 833 3790 dierum
878 3752 1029 3801 εχιτ,
1084 3751 1149 3789 ac
1206 3737 1473 3791 semissis.
1521 3736 1590 3790 At
1640 3752 1817 3792 annus
1864 3738 2005 3792 luna:

417 3829 648 3898 quilibet
682 3843 791 3881 uno
822 3828 1006 3897 aliquo
1044 3827 1112 3881 de
1145 3827 1569 3883 intercalaribus
1598 3829 1840 3898 septenis
1866 3845 2004 3899 prae-

417 3920 586 3983 ditus,
630 3918 892 3974 tredecim
935 3919 1163 3973 omnino
1217 3935 1435 3974 menses
1487 3920 1690 3986 habet;
1739 3922 1877 3976 adeo
1942 3931 2002 3976 ut

420 4012 486 4066 ad
531 4011 816 4067 duodenos
865 4013 1091 4066 ultimus
1138 4012 1243 4067 iste
1284 4028 1383 4083 pro
1424 4028 1514 4076 eo,
1566 4028 1629 4067 ac
1665 4014 2001 4081 nominatur,

418 4102 764 4157 intercalaris
808 4102 1078 4170 accedat;
1131 4111 1421 4172 propterea
1475 4116 1587 4157 non
1641 4104 1824 4159 solum
1884 4105 2005 4162 dies

417 4196 637 4268 colligat
693 4211 920 4264 cccuv,
982 4197 1057 4251 uti
1112 4198 1296 4253 czeteri
1359 4199 1581 4253 lunares
1644 4200 1775 4253 anni
1837 4219 1849 4256 :
1908 4202 2005 4257 sed

415 4303 743 4353 cccuxsiv,
796 4289 1069 4345 tricenum
1114 4289 1328 4346 dierum
1382 4305 1571 4346 mense
1618 4290 1845 4363 insuper
1904 4293 2006 4348 ad-

415 4382 550 4438 dito.

419 4495 496 4552 De
537 4495 777 4551 Ilebrwis
830 4496 1116 4559 mensibus,
1171 4497 1263 4566 qui
1314 4495 1383 4550 ad
1440 4498 1718 4552 sinistram
1783 4499 2001 4554 canonis

2114 3277 2372 3330 έπακτῶν
2420 3279 2521 3350 τῆς
2575 3279 2804 3350 σελήνης
2836 3279 3180 3350 ἁθροίζονται
3233 3283 3375 3336 κατὰ
3416 3283 3614 3339 διετίαν
3662 3287 3698 3358 ἦ

2114 3368 2351 3437 τριετίαν
2400 3369 2632 3441 ἁριϐμδν
2672 3370 2715 3423 λ’
2770 3371 2995 3442 ἡμερῶν
3052 3372 3469 3443 ἐκπληροῦντες.
3522 3377 3591 3428 Ai
3641 3377 3700 3430 δὲ

2114 3460 2352 3512 ὲπακταὶ
2378 3459 2466 3513 διὰ
2504 3461 2602 3530 τὴν
2641 3460 2879 3530 ἔκλειψιν
2928 3460 3157 3514 δίδονται
3193 3461 3286 3514 τοῦ
3324 3463 3424 3533 τῆς
3459 3452 3702 3535 ’τελήντις

2115 3550 2267 3614 ἔτους
2297 3552 2430 3622 πρὸς
2461 3551 2521 3605 τὸ
2559 3552 2783 3622 ἡλιακὸν
2815 3552 2952 3615 ἔτος.
2996 3553 3215 3625 Ἐπειδὴ
3239 3554 3302 3606 τὸ
3341 3555 3441 3625 μὲν
3475 3555 3699 3626 ἡλιακὸν

2113 3642 2220 3706 τξε¹
2260 3643 2595 3712 καθέστηκεν
2653 3644 2899 3715 ἡμερῶν,
2951 3645 3013 3697 τὸ
3037 3645 3094 3697 δὲ
3142 3646 3241 3715 τῆς
3297 3646 3525 3717 σελήνης
3566 3648 3696 3701 τνδ’.

2117 3732 2280 3788 ’ΌΟεν
2333 3733 2427 3786 καὶ
2478 3734 2568 3786 τὸν
2619 3736 2819 3786 οἰκεῖον
2871 3734 3015 3804 μῆνα
3064 3732 3143 3786 κο’
3187 3732 3414 3805 ἡμίσεος
3471 3735 3701 3806 ἡμερῶν

2114 3827 2396 3897 κέκτηται.
2439 3828 2553 3881 [liv
2583 3826 2639 3879 δὲ
2674 3826 2903 3897 σελήνης
2937 3826 3085 3891 ἔτος,
3125 3825 3413 3897 δεχόμενον
3451 3826 3546 3879 ἕνα
3586 3825 3701 3880 τῶν

2116 3918 2427 3989 ἐμϐολίμων
2471 3917 2678 3989 μηνῶν,
2716 3916 3017 3989 δεκατριῶν
3049 3918 3255 3986 γίνεται
3286 3916 3523 3980 πάντως,
3557 3915 3700 3988 πρὸς

2112 4012 2231 4072 ταῖς
2299 4009 2620 4062 δυοκαίδεκα
2667 4008 2853 4063 τοῦτον
2906 4008 3243 4080 φερωνύμως
3296 4008 3700 4079 ἐμϐαλλόμενον

2115 4097 2262 4168 ἕχον·
2309 4097 2385 4160 ὼς
2420 4098 2768 4169 εὑρίσκεσθαι
2807 4097 2992 4151 λοιπὸν
3026 4098 3101 4169 μὴ
3144 4098 3304 4169 μόνον
3335 4097 3435 4151 τνδ⁹
3472 4096 3700 4173 ἡμερῶν

2115 4191 2254 4246 κατὰ
2283 4190 2351 4243 τὰ
2380 4190 2543 4244 λοιπὰ
2572 4191 2669 4260 τῆς
2697 4190 2925 4262 σελήνης
2961 4190 3077 4262 ἐτη,
3120 4189 3258 4245 ἀλλὰ
3283 4190 3398 4244 τπδ’
3430 4192 3499 4262 τῇ
3529 4206 3699 4261 προσ·-

2115 4288 2260 4343 θέσει
2296 4288 2390 4342 τοῦ
2423 4288 2719 4359 ἐμϐολίμου
2759 4288 2927 4360 μηνὸς
2956 4288 2999 4341 λ’
3038 4286 3278 4359 ἡμερῶν.

2114 4495 2255 4565 Περὶ
2292 4494 2412 4549 τῶν
2433 4494 2501 4559 ἐξ
2542 4495 2865 4565 εὐωνύμων
2904 4495 3012 4550 τοῦ
3055 4493 3343 4565 κανωςίου
3378 4491 3700 4565 τετῃρημέ·

484 4578 692 4640 partem
719 4568 976 4622 observati
1009 4576 1151 4640 siml,
1176 4558 1225 4620 et
1246 4569 1480 4637 ipsorum
1510 4580 1669 4639 quoto
1695 4570 1801 4635 die,
1824 4571 2005 4640 cujus-

2175 4558 2314 4640 a‘er
2350 4558 2959 4640 Ἑϐραϊκῶν-μηνῶν,
3003 4567 3127 4640 καζ
3179 4563 3292 4640 τῆς
3343 4558 3545 4640 nardi}
3582 4558 3700 4617 Exo-

489 4638 636 4693 modt'
669 4648 791 4692 sunt
823 4649 873 4692 et
905 4655 1070 4708 quare
1102 4639 1320 4694 diverti.

484 4746 625 4804 VIII.
657 4748 797 4804 Hinc
840 4750 1006 4820 igitur
1052 4752 1387 4819 penultimus
1433 4752 1643 4809 lunaris
1683 4753 1833 4809 illius
1874 4752 2005 4806 anni

415 4842 626 4896 mensis
664 4857 775 4897 non
803 4842 1129 4896 undecimus
1157 4852 1263 4907 est,
1293 4844 1391 4898 sed
1418 4845 1799 4909 duodecimus,
1833 4859 1863 4898 a
1896 4860 2007 4915 quo

416 4941 738 4988 sanctorum
765 4932 1101 5002 jejuniorum
1138 4934 1421 4988 introitum
1461 4936 1587 5004 jure
1617 4936 1895 5000 metimur,
1930 4936 2002 4991 ob

416 5039 705 5080 excessum
743 5026 949 5079 mensis
990 5026 1172 5088 unius,
1214 5026 1306 5096 qui
1337 5026 1407 5081 ab
1453 5026 1747 5081 undecimo
1779 5027 2004 5083 illorum

417 5116 859 5172 observationem
912 5116 1166 5187 progredi
1219 5123 1387 5182 vetat,
1439 5126 1499 5171 ut
1548 5133 1618 5173 ne
1666 5119 1852 5188 plures
1907 5136 2009 5175 nu-

419 5224 593 5274 mero,
641 5222 805 5279 quam
860 5223 1049 5262 revera
1107 5209 1237 5272 sint,
1296 5208 1415 5263 dies
1457 5208 1565 5263 illis
1606 5208 1953 5278 imputentur
1992 5228 2005 5264 :

419 5298 564 5355 unde
601 5299 873 5355 calculum
922 5298 1359 5356 subducentibus
1400 5315 1557 5355 error
1604 5298 1857 5370 obrepat.
1898 5301 2011 5356 Cae-

418 5401 598 5448 terum
638 5393 694 5447 in
739 5399 971 5462 utroque
1015 5408 1223 5457 mense,
1288 5391 1599 5457 undecimo,
1657 5393 1904 5463 inquam,
1946 5406 2001 5449 et

418 5483 768 5550 duodecimo,
799 5485 868 5539 ad
899 5486 1188 5540 sinistrum
1226 5486 1369 5542 latus
1400 5487 1631 5541 canonis
1658 5502 1770 5540 non
1807 5488 2001 5542 eadem

417 5586 586 5647 quota
628 5578 746 5633 dies
775 5579 1073 5633 ascribitur
1101 5595 1132 5635 e
1172 5580 1395 5650 regione
1429 5581 1798 5635 Itomanorum
1843 5596 2003 5635 men-

417 5664 563 5721 sitim
601 5683 616 5719 :
662 5666 1125 5734 quemadmodum
1167 5669 1223 5722 in
1254 5667 1448 5723 dextra
1492 5679 1646 5739 parte
1687 5669 1779 5723 uni
1825 5671 2003 5726 mensi

490 5823 537 5856 "
564 5823 719 5877 Deest
750 5826 918 5879 αἰτία.
994 5828 1039 5858 ⁸·
1077 5826 1119 5895 Ῑ.
1152 5825 1313 5879 κατά.

2173 4638 2418 4703 σταίας·
2447 4633 2616 4703 τίνες
2642 4633 2887 4702 τέέἱσι,
2920 4638 3017 4690 καὶ
3041 4636 3139 4689 διὰ
3175 4637 3233 4688 τί
3261 4633 3552 4704 διάφοροι.

2176 4753 2258 4805 Η’.
2307 4750 2588 4804 Ἐντεῦθεν
2610 4746 2703 4804 οὖν
2724 4751 2818 4804 καὶ
2837 4748 3252 4822 προτελευταῑον
3283 4748 3427 4819 μῆνα
3467 4745 3559 4799 τὸν
3585 4744 3697 4817 πρὸ

2105 4844 2202 4898 τοῦ
2227 4844 2434 4909 τέλους,
2456 4840 2531 4896 οὐ¹
2548 4842 2640 4896 τὸν
2668 4842 2971 4905 ἑνδέκατον,
2993 4840 3127 4895 ἀλλὰ
3154 4840 3247 4893 τὸν
3278 4836 3697 4891 δυοκαιδέκατον

2106 4936 2168 4990 τὸ
2197 4934 2407 4988 τοιοῦτο
2439 4934 2537 5003 τῆς
2576 4932 2806 5003 σελήνης
2829 4932 3090 5003 κέκτηται
3132 4930 3281 4993 ἔτος·
3319 4929 3380 4993 ἐξ
3405 4920 3467 4981 οὗ
3523 4944 3699 4999 προσ-

2106 5030 2350 5101 ηκόντως
2377 5030 2470 5084 καὶ
2502 5030 2535 5099 ἡ
2570 5026 2933 5097 παρείσὸασις
2960 5022 3068 5076 τῶν
3094 5022 3264 5091 ἁγίων
3297 5018 3559 5091 νηστειῶν
3592 5035 3696 5072 κα-

2106 5121 2374 5187 νονίζεται
2423 5121 2490 5175 δι’
2525 5121 2693 5191 αὐτὴν
2738 5117 2832 5172 τοῦ
2882 5115 3050 5188 μηνὸς
3075 5114 3171 5185 τὴν
3205 5112 3544 5184 περισσείαν,
3582 5128 3697 5163 κω-

2106 5214 2340 5267 λύουσαν
2373 5213 2471 5281 τὴν
2502 5212 2608 5265 ἀπὸ
2631 5211 2914 5264 ἑνδεκάτου
2952 5205 3203 5276 γενέσθαι
3251 5204 3418 5275 μηνὸς
3448 5202 3698 5274 παρατή-

2110 5322 2303 5379 ρησιν·
2342 5306 2417 5370 ὡς
2462 5305 2599 5376 μήτε
2637 5303 2855 5365 πλείους
2886 5301 2919 5372 ἢ
2954 5294 3029 5353 ὧν
3068 5297 3374 5368 ὑπάρχουσι
3415 5294 3557 5347 κατὰ
3604 5292 3697 5346 τὸν

2109 5396 2339 5468 ἀριθμὸν
2370 5395 2467 5458 τὰς
2499 5394 2677 5450 αὐτῶν
2717 5393 2930 5464 ἡμέρας
2973 5388 3325 5462 ψηφίζεσθαι,
3353 5386 3462 5440 κάκ
3490 5383 3697 5437 τούτων

2109 5487 2425 5557 διαμαρτεῖν
2493 5488 2620 5549 τοὺς
2679 5484 3033 5554 ψηφίζοντας.
3095 5482 3401 5550 Τετήρηται
3458 5475 3517 5529 δὲ
3573 5473 3698 5528 καθ’

2111 5578 2369 5648 ἑκάτερον
2399 5578 2563 5649 μῆνα,
2595 5577 2688 5630 τὸν
2718 5576 3002 5629 ἑνδέκατον
3048 5572 3190 5641 λέγω
3241 5571 3332 5624 καὶ
3362 5570 3453 5623 τὸν
3482 5567 3701 5621 δυοκαι-

2110 5671 2335 5726 δέκατον
2385 5673 2443 5725 ὲν
2483 5671 2562 5743 τῷ
2610 5668 2878 5739 εὐωνύμῳ
2926 5666 3020 5721 τοῦ
3060 5664 3303 5719 κανονίου
3348 5664 3448 5731 οὐχ
3484 5663 3517 5731 ὴ
3560 5659 3700 5728 αὑτὴ
