4112 6440
380 389 527 447 12ὶὸ

1193 386 1255 442 S.
1295 386 1547 442 MAXIM!
1590 369 2372 443 MABTYRIS'COMPUTUS
2406 383 2848 442 ECCLESIAST.

3504 392 3644 449 i226

377 512 612 567 ποσταϊα
633 510 774 563 κατὰ
793 507 893 580 τὴν
921 507 1030 561 τῶν
1061 507 1386 579 Ῥωμαϊκῶν
1405 509 1711 582 διαγραφὴν
1728 526 1742 540 ’
1776 508 1964 580 ὥσπερ

2070 522 2168 579 per
2216 521 2393 562 annos
2442 522 2639 563 omnes
2687 494 2954 563 decimam
3007 518 3260 579 quartam
3319 510 3642 568 attributam

377 604 459 657 ἐνὶ
478 601 613 675 μηνὶ
632 600 724 655 καὶ
739 600 875 664 ὅλοις
893 600 937 633 ⁸⁷
956 601 1069 663 τοῖς
1084 599 1258 654 ἐτεσιν
1269 601 1328 654 ὲν
1340 598 1418 671 τῷ
1439 599 1598 671 δεξιῷ
1611 599 1711 672 τὴν
1733 598 1792 654 ιδ’
1814 617 1967 673 σεση-

381 692 692 765 μειωμένην
712 691 930 765 ὁρῶμεν
953 691 1306 762 ὑπάρχουσαν
1331 707 1346 721 ε
1379 689 1494 744 ἀλλ’
1521 690 1656 762 άλλη
1681 690 1776 744 καὶ
1797 689 1961 763 άλλη.

375 776 500 835 Οἷον
524 783 604 844 εἰς
644 780 744 852 μὲν
771 780 863 834 τὸν
905 786 974 834 ια’
1002 782 1132 851 παρ’
1161 778 1433 852 Ἑϐραίοις
1464 779 1647 834 Σαϐάτ
1671 779 1965 851 λεγόμενον

373 876 408 945 ή
427 873 622 929 τούτου
651 873 1088 942 ἑπτακαιδεκάτη
1108 890 1123 903 ο
1143 874 1199 925 ὲν
1216 873 1445 937 ἐκείνοις
1470 872 1653 944 μέντοι
1685 876 1799 937 τοῖς
1818 871 1964 927 ἔτεσι

374 967 489 1029 τοῖς
520 965 619 1019 οὐκ
664 964 849 1037 ἔχουσι
872 965 965 1018 τὸν
1003 964 1298 1037 ἐμϐόλιμον
1318 981 1333 996 ·
1370 966 1451 1028 εἰς
1482 965 1540 1018 δὲ
1570 964 1662 1020 τὸν
1689 965 1964 1020 δυοκαιδέ-

375 1073 560 1123 κατον,
592 1057 763 1129 ’Ἄδαρ
803 1058 1364 1134 προσαγορευόμενον,
1410 1061 1444 1129 ὴ
1480 1057 1669 1112 τούτου
1691 1059 1962 1113 ὀκτωκαι-

371 1146 595 1218 δεκάτη,
613 1150 671 1201 ὲν
687 1147 896 1212 τούτοις
920 1147 1162 1218 δηλονότι
1186 1150 1298 1212 τοῖς
1319 1148 1411 1203 τὸν
1433 1148 1728 1220 ἐμϐόλιμον
1753 1148 1957 1220 ἔχουσι.

372 1237 486 1291 Καὶ
517 1235 674 1291 τοῦτό
695 1253 760 1306 γε
789 1238 932 1291 κατά
953 1237 1131 1306 λόγον.
1170 1237 1388 1309 Ἐπειδὴ
1409 1237 1518 1310 γὰρ
1540 1239 1622 1293 κθ’
1650 1240 1745 1293 καὶ
1764 1239 1807 1292 λ’
1826 1241 1961 1311 ἡμε-

374 1327 485 1397 ρῶν
519 1331 648 1400 παρ’
677 1329 932 1401 ἑκάτερον
965 1329 1110 1402 μῆνα
1125 1329 1234 1383 τῶν
1260 1330 1588 1386 δυοκαίδεκα
1608 1332 1707 1402 τῆς
1728 1331 1960 1404 σελήνης

368 1418 697 1491 ψηφίζομεν,
726 1421 863 1493 πρὸς
892 1420 951 1475 τὸ
993 1421 1068 1493 μὴ
1105 1425 1294 1493 τεμεῖν
1336 1423 1546 1495 ἡμέρας
1586 1424 1673 1478 διὰ
1717 1422 1813 1478 τοῦ
1853 1423 1959 1478 ἀνὰ

370 1512 452 1565 κδ’
488 1512 714 1584 ἡμίσεος
763 1513 986 1577 τούτους
1025 1512 1284 1585 ψηφίζειν
1334 1514 1645 1586 (συμϐαίνει
1671 1514 1781 1588 γὰρ
1812 1513 1955 1570 οὕτω

368 1605 469 1669 τάς
499 1622 561 1658 τε
598 1606 704 1659 τνδ¹
730 1606 945 1679 ἡμέρας
987 1606 1217 1670 ἐντελῶς
1263 1607 1614 1680 ἀριθμεῖσθαι
1660 1607 1805 1663 κατὰ
1846 1610 1954 1663 πᾶν

369 1697 488 1760 ἔτος
510 1699 611 1769 τῆς
645 1698 910 1769 σελήνης,
958 1697 1052 1751 καὶ
1087 1696 1360 1769 μηδεμιᾶς
1394 1697 1712 1769 συμϐαίνειν
1737 1699 1953 1771 ἡμέρας

365 1788 663 1859 διαίρεσιν
703 1788 780 1852 ὡς
819 1788 1068 1843 ἐντεῦθεν
1109 1788 1295 1843 λοιπὸν
1338 1787 1689 1859 εὑρίσκεσθαι
1729 1790 1817 1845 διὰ
1854 1789 1955 1862 τὴν

366 1880 619 1950 τοιαύτην
650 1882 715 1934 ὲκ
747 1879 962 1953 πρώτου
998 1880 1165 1951 μηνὸς
1199 1880 1517 1936 ἀκολουθίαν
1548 1883 1643 1935 καὶ
1674 1880 1827 1946 τάξιν
1855 1860 1948 1935 τόν
1985 1860 2029 1920 Β

369 1972 468 2044 μὲν
488 1979 556 2026 ια’
578 1972 799 2043 ἡμερῶν
820 1972 929 2036 κθ’;
953 1972 1045 2025 τὸν
1076 1972 1133 2027 δὲ
1161 1972 1575 2027 δυοκαιδέκατον
1600 1973 1642 2026 λ’
1674 1972 1941 2045 ἡμερῶν)’

366 2064 753 2138 προσηκόντως
777 2060 869 2117 οὖν
898 2065 957 2117 ὲν
989 2064 1086 2135 μὲν
1118 2065 1231 2127 τοῖς
1259 2064 1360 2117 οὑκ
1387 2063 1569 2134 ἔχουσι
1605 2064 1697 2118 τὸν
1726 2062 1947 2134 ἐμϐόλι-

368 2173 469 2229 μον
500 2155 592 2210 τὸν
632 2163 697 2209 ια’
740 2156 837 2210 καί⁹
883 2154 982 2227 τὴν
1019 2154 1208 2209 τούτου
1256 2154 1319 2220 ιζ’
1353 2154 1764 2226 ἐκανονίσαμεν.
1813 2155 1946 2208 Ἀπὸ

363 2247 472 2321 γὰρ
508 2247 712 2318 ταύτης
753 2247 914 2320 μέχρι
948 2248 1048 2319 τῆς
1091 2246 1186 2300 τοῦ
1225 2246 1348 2301 καθ’
1395 2246 1680 2319 Ἐϐραίους
1725 2244 1945 2320 πρώτου

366 2340 534 2412 μηνὸς
560 2343 620 2394 ιδ’
646 2339 741 2395 τοῦ
769 2341 993 2395 εἰσιέναι
1019 2340 1303 2412 μέλλοντος
1329 2339 1486 2404 ἔτους
1526 2339 1706 2412 ἰσάριθ
1714 2357 1805 2410 μοι
1836 2339 1945 2393 τῶν

363 2433 534 2502 ἁγίων
561 2431 823 2504 νηστειῶν
849 2434 905 2488 αἱ
931 2433 1135 2506 ἡμέραι
1166 2433 1516 2505 τυγχάνουσι,
1552 2432 1800 2486 τουτέστι
1845 2430 1942 2497 νξ’.

364 2524 635 2578 Τοσαῦται
665 2523 774 2596 γὰρ
815 2525 875 2578 αἱ
901 2523 1010 2577 τῶν
1035 2530 1085 2596 η’
1117 2523 1428 2595 ἑϐδομάδων
1461 2523 1743 2595 προδήλως
1767 2524 1902 2577 εἰσίν
1925 2539 1941 2554 ο

361 2610 474 2669 οἷον
501 2618 558 2669 αἱ
582 2616 863 2670 ὑπόλοιποι.
897 2624 967 2685 ιγ’
1001 2614 1166 2670 αὐτοῦ
1200 2613 1294 2669 τοῦ
1319 2621 1387 2668 ια’
1418 2616 1588 2687 μηνός
1607 2631 1621 2646 ·
1647 2617 1804 2687 εἴπερ
1837 2614 1941 2681 κθ’,

362 2706 546 2771 καθὼς
574 2707 728 2779 ἔφην,
768 2702 922 2771 οὗτος
959 2706 1287 2777 ψηφίζεταιο
1324 2708 1418 2760 καὶ
1450 2708 1506 2760 αί
1537 2705 1633 2760 τοῦ
1667 2706 1943 2761 δυοκαιδε-

364 2803 528 2857 κάτου
556 2802 600 2856 λ’
617 2820 632 2834 ·
664 2804 759 2857 καὶ
787 2804 844 2857 αἰ
874 2803 969 2857 τοῦ
1010 2802 1231 2874 πρώτου
1259 2803 1428 2875 μηνὸς
1456 2803 1539 2859 ιδ’.
1562 2803 1732 2875 Δῆλον
1762 2803 1839 2867 δὲ,
1867 2804 1944 2869 ὡς

361 2901 454 2963 ιγ’,
478 2894 572 2948 καὶ⁸
613 2894 680 2959 λ’,
714 2895 808 2949 καὶ
846 2895 927 2963 ιδ’,
960 2895 1173 2967 ἡμέρας
1199 2895 1275 2960 νζ¹
1307 2893 1572 2951 ποιοῦσιν.
1627 2896 1716 2949 Ἐν
1746 2895 1803 2948 δὲ
1832 2898 1943 2959 τοῖς

359 2988 542 3057 ἔχουσι
563 2986 654 3039 τὸν
680 2986 978 3057 ἐμϐόλιμον
1008 2986 1154 3040 ἔτεσι
1180 2986 1273 3041 τὸν
1310 2985 1726 3041 δυοκαιδέκατον
1746 2988 1946 3057 ἐτηρή-

359 3096 564 3151 σαμεν,
602 3078 698 3134 καὶ
734 3079 834 3150 τὴν
865 3078 1030 3133 αὐτοῦ
1065 3077 1560 3150 ὀκτωκαιδεκάτην.
1609 3078 1705 3130 Ἐκ
1741 3076 1946 3146 ταύτης

357 3173 467 3245 γὰρ
510 3173 672 3246 μέχρι
727 3174 827 3278 τῆς
852 3171 946 3226 τοῦ
998 3171 1215 3244 πρώτου
1259 3172 1427 3253 μηνὸς
1476 3170 1536 3224 ιδ’
1580 3171 1636 3224 αἱ
1673 3170 1750 3235 νς’
1784 3169 1946 3223 πάλιν
1972 3221 2016 3278 C

354 3264 698 3336 ἁθροίζονται
721 3282 734 3296 ·
764 3259 875 3319 οἷον
904 3266 961 3317 αἰ
992 3264 1158 3318 αὐτοῦ
1184 3264 1277 3318 τοῦ
1306 3264 1373 3336 ιβ’
1413 3263 1697 3320 ὑπόλοιποι
1727 3269 1819 3331 ιγ’,
1852 3261 1940 3316 διὰ

355 3359 416 3410 τὸ
448 3357 492 3411 λ’
534 3356 761 3430 ἡμερῶν
808 3355 997 3410 τοῦτον
1041 3356 1412 3427 ψηφίζεσθαι·
1451 3356 1548 3410 καὶ
1584 3355 1677 3409 τοῦ
1724 3355 1942 3427 ἐμϐολί-

358 3466 482 3518 μου,
513 3427 682 3520 ἧγουν
725 3447 1208 3520 τρισκαιδεκάτου,
1249 3447 1326 3500 λ’·
1383 3446 1651 3511 τοσαύτας
1682 3446 1792 3519 γάρ
1832 3447 1939 3510 πᾶς

355 3540 649 3611 ἐμϐόλιμος
679 3541 970 3610 κέκτηταιο
1016 3540 1110 3594 καὶ
1153 3541 1211 3594 αί
1235 3538 1330 3594 τοῦ
1380 3538 1596 3610 πρώτου
1647 3537 1816 3610 μηνὸς
1853 3538 1934 3591 ιδ’.

353 3629 516 3684 Ὅθεν
557 3630 653 3683 ἐπὶ
704 3629 799 3683 τοῦ
830 3629 1162 3692 τελευταίου,
1204 3630 1371 3701 ἤγουν
1406 3627 1499 3682 τοῦ
1544 3628 1607 3682 ιθ¹
1639 3628 1813 3693 ἔτους,
1843 3628 1938 3681 καὶ

351 3724 450 3794 τὴν
478 3730 552 3788 ις’
570 3721 663 3776 τοῦ
689 3724 809 3776 κατ’
835 3722 998 3776 αὐτὸν
1030 3729 1097 3777 ια’
1130 3722 1300 3794 μηνὸς
1325 3721 1793 3792 ὲπεσημηνάμεθα
1812 3737 1825 3750 ·
1849 3720 1937 3774 διὰ

350 3814 444 3866 τὸν
473 3813 882 3868 δυοκαιδὰατον
925 3813 1090 3866 αὑτοῦ
1126 3813 1271 3885 μῆνα
1301 3811 1383 3866 κθ¹
1414 3812 1575 3883 μόνον
1628 3810 1936 3883 ψηφίζομεγ

351 3906 596 3977 ἡμερῶν,
640 3904 831 3978 ὥσπερ
863 3901 958 3961 οὖν
1003 3905 1203 3960 καύτὸν
1253 3904 1347 3958 τὸν
1382 3911 1486 3958 ια’·
1534 3904 1635 3974 τὴν
1661 3903 1719 3957 δὲ
1759 3904 1936 3958 αἰτίαν

351 3998 631 4071 προϊόντες
678 3998 1008 4070 δηλώσομεν.
1063 3997 1316 4067 Εύλόγως
1354 3993 1448 4051 οὖν
1485 3996 1574 4050 διὰ
1625 3997 1798 4050 ταῦτα
1843 3997 1935 4050 καὶ

350 4090 451 4161 τὴν
495 4088 824 4160 μετάστασιν
858 4089 980 4159 ῐσην
1018 4087 1388 4160 ὲπιτηροῢμεν
1437 4087 1529 4142 ἐπὶ
1579 4086 1782 4141 τούτων
1824 4085 1935 4139 τῶν

350 4176 731 4249 δεδηλωμένων
785 4177 990 4249 μηνῶν,
1026 4177 1193 4248 ἤγουν
1237 4176 1347 4229 τῶν
1399 4175 1578 4229 αὐτῶν
1637 4174 1932 4240 ποσταίων,

350 4269 449 4338 τῆς
483 4266 901 4338 παρεισϐάσεως
930 4266 1110 4339 χάριν,
1139 4268 1199 4320 ὲν
1236 4264 1317 4336 τῷ
1354 4265 1620 4337 εὐωνύμῳ
1647 4263 1742 4318 τοῦ
1775 4281 1935 4318 κανο-

352 4360 490 4426 νίου,
525 4359 627 4430 τῆς
670 4359 763 4413 ἐπὶ
796 4358 900 4429 τῆς
935 4358 994 4413 ιδ’
1020 4358 1115 4413 τοῦ
1143 4357 1360 4431 πρώτου
1415 4358 1583 4430 μηνὸς
1633 4357 1935 4429 γενομένης

349 4455 512 4524 ἡμῖν,
558 4455 616 4506 ὲν
652 4452 731 4525 τῷ
759 4451 918 4523 δεξιῷ
974 4451 1132 4524 μέρει
1178 4451 1273 4505 τοῦ
1315 4450 1480 4505 αὐτοῦ
1526 4450 1798 4514 κανονίου,
1828 4449 1932 4521 τῆς

2068 599 2383 667 cernimus;
2417 599 2511 655 sed
2540 599 2669 668 alia,
2699 609 2864 671 atque
2909 600 3037 656 alia.
3063 599 3226 657 Velut
3266 602 3321 657 in
3354 604 3643 663 undecimo

2065 706 2287 756 mense,
2339 705 2501 762 quem
2559 689 2768 747 Hebraei
2822 689 2989 746 Sabat
3039 693 3364 758 nominant,
3429 694 3641 750 decima

2064 784 2296 854 septima
2330 783 2449 839 dies
2475 785 2771 839 adnotatur
2811 784 2880 841 iis
2912 784 3073 840 annis
3095 785 3189 855 qui
3225 784 3520 840 embolimo
3546 800 3641 841 ca-

2062 885 2234 943 rent;
2292 877 2351 930 in
2406 875 2734 932 duodecimo
2782 891 2937 940 vero,
2988 875 3085 947 qui
3139 876 3209 931 ab
3261 876 3372 932 illis
3410 884 3641 932 vocatur

2061 966 2229 1031 Adar,
2261 975 2456 1024 octava
2489 968 2703 1024 decima
2743 968 2799 1024 in
2833 969 2997 1025 annis
3034 968 3329 1024 embolimo
3370 969 3633 1039 praeditis.

2061 1059 2218 1126 Quod
2252 1060 2473 1131 quidem
2507 1060 2706 1117 rationi
2734 1070 3162 1117 consentaneum
3191 1069 3296 1117 est.
3329 1059 3466 1116 Cum
3490 1063 3638 1118 enim

2059 1153 2342 1208 duodenos
2394 1152 2539 1207 lunae
2584 1167 2802 1207 menses
2845 1151 3072 1207 alternis
3104 1150 3294 1223 viginti
3333 1167 3548 1218 novem,
3581 1159 3637 1208 et

2057 1244 2284 1316 triginta
2322 1243 2535 1299 dierum
2581 1253 2859 1315 putemus,
2890 1259 2960 1299 ne
2996 1245 3115 1300 dies
3162 1243 3356 1314 partiri
3400 1258 3631 1300 necesse

2060 1337 2153 1400 sit,
2183 1336 2227 1390 si
2253 1333 2442 1406 viginti
2495 1349 2691 1391 novem
2718 1349 2783 1389 ac
2821 1334 3105 1390 dimidium
3136 1334 3368 1405 singulis
3391 1334 3630 1404 impute-

2059 1443 2182 1482 mus
2222 1427 2327 1500 (sic
2359 1428 2505 1483 enim
2549 1427 2768 1492 accidit,
2803 1436 2862 1482 ut
2893 1428 2950 1482 i'n
2979 1426 3225 1497 quolibet
3266 1441 3410 1482 anno
3447 1427 3628 1480 lunari

2059 1527 2336 1576 trecentos
2376 1528 2431 1575 et
2486 1514 2884 1589 quinquaginta
2951 1526 3190 1588 quatuor
3256 1517 3376 1572 dies
3423 1518 3634 1587 integre

2056 1628 2432 1677 numeremus,
2472 1611 2594 1667 sine
2622 1612 2733 1667 ulla
2767 1611 2876 1666 diei
2902 1610 3172 1665 fractione
3198 1626 3213 1675 ;
3238 1626 3348 1681 quo
3383 1608 3444 1663 (it
3474 1616 3535 1665 ut
3563 1624 3633 1665 ex

2058 1703 2311 1760 instituto
2362 1704 2634 1759 mensium
2701 1701 2893 1757 ordine
2950 1715 3016 1756 ac
3076 1700 3458 1763 successione,
3507 1707 3633 1771 post
3732 1765 3738 1774 ,

2056 1797 2292 1867 primum
2322 1795 2582 1865 deinceps
2626 1793 2949 1849 undecimus
2987 1793 3105 1849 dies
3128 1793 3324 1848 habeat
3348 1806 3541 1847 novem
3577 1798 3634 1846 et

2056 1886 2282 1958 viginti,
2343 1884 2705 1942 duodecimus
2762 1900 2895 1940 vero
2948 1883 3195 1955 triginta)
3246 1897 3440 1939 :.cum
3491 1882 3630 1945 haec,

2053 1979 2297 2049 inquam,
2333 1978 2416 2034 sic
2455 1977 2714 2041 habeant,
2740 1976 2938 2031 merito
2970 1975 3028 2030 iu
3076 1976 3239 2030 annis
3282 1974 3629 2044 simplicibus

2051 2070 2398 2125 unde’cimum
2449 2084 2717 2132 mensem,
2762 2067 2993 2138 ejusque
3022 2081 3133 2121 χιιι
3175 2066 3318 2120 diem
3360 2065 3428 2120 ad
3458 2079 3629 2120 cano-

2052 2176 2177 2216 nem
2205 2159 2608 2216 adnotavimus.
2657 2158 2791 2213 Nam
2818 2160 2888 2214 ab
2925 2158 3028 2214 hoc
3051 2157 3140 2213 die
3176 2172 3351 2228 usque
3380 2158 3447 2211 ad
3474 2157 3631 2212 deci-

2055 2267 2205 2307 mum
2244 2261 2499 2323 quartum
2528 2251 2690 2323 primi
2727 2250 2935 2305 mensis
2979 2248 3193 2305 Judaici
3229 2250 3287 2304 in
3328 2264 3476 2305 anno
3502 2264 3631 2305 con-

2057 2344 2330 2416 sequenti,
2383 2344 2609 2400 totidem
2669 2351 2802 2415 quot
2851 2344 3061 2400 sanctis
3100 2343 3331 2413 jcjuniis
3377 2343 3628 2400 attributi

2052 2446 2202 2501 sunt,
2249 2438 2595 2493 intercedunt
2633 2435 2751 2493 dies
2774 2477 2789 2501 ,
2819 2451 3016 2507 nempe
3047 2452 3179 2493 LVII.
3219 2435 3323 2492 Tot
3362 2438 3509 2492 enim
3560 2451 3629 2492 ex

2052 2528 2486 2585 hebdomadibus
2530 2536 2657 2582 octo
2701 2527 2965 2583 conﬁunt.
3014 2526 3155 2583 Sunt
3193 2535 3372 2584 autem
3419 2527 3474 2583 hi
3507 2527 3628 2582 dies

2051 2636 2149 2674 xm
2190 2635 2256 2675 ex
2303 2620 2590 2676 undecimo
2641 2635 2830 2676 mense
2870 2619 3117 2688 residui;
3148 2621 3264 2691 qui,
3312 2626 3374 2674 ut
3419 2621 3629 2675 dictum

2050 2720 2167 2776 est,
2222 2726 2417 2767 novem
2471 2718 2526 2766 et
2579 2710 2772 2783 viginti
2822 2710 3072 2781 colligit;
3131 2720 3246 2765 tum
3316 2711 3628 2768 duodecimi

2050 2801 2258 2857 mensis
2300 2818 2449 2868 xxx;
2493 2817 2557 2857 ac
2601 2802 2759 2872 primi
2811 2801 3065 2873 denique.
3114 2816 3232 2858 τιν.
3285 2802 3630 2870 Colliguntur

2050 2907 2118 2947 ex
2162 2907 2282 2958 xm,
2320 2899 2376 2946 et
2403 2908 2535 2960 xxx,
2566 2899 2621 2947 et
2649 2907 2762 2957 xu,
2803 2894 3093 2963 perspicue
3136 2893 3253 2948 dies
3292 2908 3423 2947 Lvn.
3455 2893 3527 2946 At
3569 2893 3628 2948 in

2052 2985 2213 3041 annis
2256 2984 2615 3041 embolimaais
2652 2985 3038 3041 duodecinmm
3085 2999 3357 3049 mensem,
3396 2984 3628 3055 ejusque

2051 3078 2195 3133 diem
2222 3087 2477 3132 octavum
2506 3077 2781 3133 decimum
2820 3077 3192 3133 adhibuimus.
3227 3077 3310 3132 Ab
3338 3077 3443 3132 hoc
3479 3078 3629 3132 enim

2053 3186 2227 3240 usque
2278 3169 2345 3225 ad
2392 3168 2667 3225 decimum
2713 3178 2971 3239 quartum
3031 3170 3241 3225 mensis
3292 3169 3472 3240 primi,
3510 3170 3628 3224 col-

2051 3263 2293 3332 liguntur
2343 3260 2504 3316 iidem
2545 3276 2656 3315 Lvu
2703 3261 2841 3327 dies,
2891 3261 3152 3316 nimirum
3197 3276 3262 3316 ex
3314 3260 3627 3316 duodecimi

2050 3354 2255 3409 mensis
2301 3353 2538 3409 residuis
2584 3368 2703 3415 ιιιι,
2754 3352 3018 3422 quoniam
3066 3352 3160 3407 il-le
3216 3353 3444 3423 triginta
3504 3351 3627 3409 dics

2045 3445 2210 3499 habet
2253 3464 2267 3500 :
2318 3452 2376 3500 et
2407 3461 2475 3500 ex
2515 3444 2818 3509 embolimi,
2863 3445 2980 3500 sive
3029 3443 3174 3499 tertii
3210 3444 3430 3509 decimi,
3468 3461 3572 3498 xxx
3606 3482 3624 3509 ,

2045 3537 2272 3592 totidem
2310 3536 2457 3592 enim
2486 3537 2813 3592 embolimus
2841 3536 3283 3608 quivis‘obtinet,
3309 3550 3373 3592 ac
3402 3535 3624 3592 demum

2044 3644 2113 3683 ex
2148 3628 2354 3684 mensis
2395 3616 2557 3699 primi
2591 3626 2785 3683 diebus
2829 3643 2944 3682 XIV.
2986 3626 3072 3683 Ob
3110 3628 3255 3682 hanc
3287 3630 3513 3682 causam
3562 3627 3623 3683 in

2046 3735 2190 3776 anno
2233 3728 2534 3791 postremo,
2589 3721 2684 3790 qui
2728 3730 2814 3775 est
2860 3707 3106 3775 decimus
3150 3734 3365 3785 nonus,
3409 3721 3620 3776 mensis

2044 3814 2313 3871 undecimi
2336 3830 2426 3868 xv:
2461 3814 2604 3869 diem
2637 3814 2997 3884 ascripsimus
3021 3852 3037 3878 ,
3061 3814 3322 3884 quoniam
3349 3812 3619 3868 duodeci-

2041 3920 2193 3960 mum
2229 3906 2377 3962 illius
2417 3921 2664 3962 mensem
2709 3905 2943 3972 dierum,
2989 3922 3102 3961 non
3145 3906 3381 3977 amplius
3425 3920 3621 3961 novem

2042 4013 2109 4052 ac
2144 3996 2341 4069 viginti
2387 3996 2797 4060 constituimus,
2842 4005 2904 4049 ut
2952 4003 3008 4051 et
3052 3995 3425 4061 undecimum,
3459 3994 3623 4065 cujus

2040 4094 2122 4148 rei
2148 4093 2206 4146 in
2236 4090 2702 4161 consequentibus
2729 4089 2870 4144 ratio
2898 4088 3177 4145 reddetur.
3202 4088 3473 4156 Quocirca
3488 4089 3621 4159 jure

2040 4189 2099 4243 in
2136 4187 2205 4244 iis
2243 4201 2381 4257 quos
2411 4185 2527 4241 dixi
2556 4184 2841 4240 mensibus
2865 4220 2882 4248 ,
2926 4197 2992 4237 ac
3040 4182 3224 4253 quotis
3267 4195 3460 4237 eorum
3499 4179 3620 4235 dic-

2040 4274 2167 4345 bus,
2194 4288 2417 4350 propter
2462 4278 2747 4333 introitum
2775 4274 3111 4346 jejuniorum
3129 4313 3146 4338 ,
3176 4271 3424 4328 eamdem
3449 4272 3618 4328 alter-

2041 4377 2322 4433 nationem
2370 4375 2427 4429 in
2478 4372 2707 4429 sinistro
2756 4370 2929 4425 latere
2974 4368 3203 4425 canonis
3238 4367 3618 4426 observamus,

2039 4484 2206 4541 quam
2244 4469 2301 4523 in
2336 4467 2533 4524 dextro
2573 4463 2643 4520 ad
2675 4462 2942 4519 decimam
2971 4466 3225 4529 quartam
3263 4455 3424 4528 primi
3464 4470 3623 4510 men-

349 4543 697 4607 ἀναστάσεως
724 4541 910 4596 ἕνεκεν
928 4559 943 4572 ·
969 4543 1080 4597 ἀπὸ
1100 4541 1203 4611 τῆς
1228 4528 1518 4614 Κυριακῆς
1532 4540 1925 4613 καὶδευτέρας,

2049 4528 2120 4623 sis
2151 4560 2494 4620 adhibemus,
2538 4563 2759 4626 propter
2792 4528 3000 4607 festum
3026 4545 3449 4604 resurrectionis
3474 4562 3490 4613 ;
3520 4543 3617 4598 ubi

349 4635 445 4689 καὶ
471 4633 582 4690 τῶν
608 4632 845 4707 καθεξῆς
866 4633 1086 4707 ἡμερῶν
1111 4635 1191 4697 εἰς
1220 4632 1319 4705 τὴν
1345 4632 1605 4687 ἐπιοῦσαν
1635 4632 1798 4702 ἁγίαν
1820 4633 1933 4686 Κυ-

352 4727 548 4799 ριακὴν
578 4725 1010 4798 μεταϐαίνοντες.
1027 4724 1213 4779 Ταῦτα
1240 4725 1334 4779 καὶ
1360 4725 1490 4797 περὶ
1516 4724 1723 4780 τούτων
1751 4724 1933 4779 εἰπόν-

348 4836 459 4884 τες,
482 4818 815 4876 ὲπανακτέον
839 4819 971 4889 ἡμῖν
999 4816 1091 4870 τὸν
1119 4816 1276 4887 λόγον
1298 4817 1379 4881 εἰς
1398 4814 1500 4887 τὴν
1518 4815 1628 4870 τῶν
1647 4816 1745 4888 τῆς
1770 4815 1932 4887 σελή-

349 4928 448 4983 νης
478 4909 613 4964 ἐτῶν
636 4909 1036 4981 άπακρίϐωσιν.

345 5132 491 5202 Περί
544 5132 875 5202 διαστολῆς
923 5132 1046 5187 τῶν
1104 5131 1215 5202 τῆς
1272 5132 1545 5202 σελήνης
1594 5131 1778 5198 ἐτῶν,
1836 5133 1938 5188 καὶ

805 5202 1028 5273 ὁμάδος
1055 5202 1174 5257 τῶν
1215 5203 1474 5273 ἡμερῶν.

418 5293 496 5346 Θ¹.
524 5293 677 5347 Εἰσὶν
695 5286 789 5347 οὖν
812 5293 881 5346 τὰ
905 5293 1003 5347 ὅλα
1025 5294 1123 5365 τῆς
1150 5293 1382 5365 σελήνης
1411 5293 1528 5364 ἐτη,
1555 5292 1739 5358 καθὼς
1775 5293 1935 5367 ἐρρέ-

349 5382 438 5452 θη,
475 5381 541 5436 ιθ⁹
560 5401 573 5413 ι
600 5382 649 5447 ζ’
680 5384 779 5453 μὲν
820 5382 892 5437 τὰ
919 5384 1046 5446 τοὺς
1075 5383 1394 5454 ἰσαρίθμους
1426 5384 1756 5456 ἐμϐολίμους
1781 5383 1934 5456 έχον-

348 5491 417 5528 τα
460 5475 659 5546 μῆνας,
706 5476 873 5548 ἤγουν
922 5476 992 5530 τὰ
1046 5476 1157 5530 ἀπὸ
1203 5477 1322 5530 τπδ’
1367 5476 1628 5548 ἡμερῶν·
1685 5478 1751 5547 ιβ’
1780 5478 1838 5531 δὲ
1864 5476 1935 5530 τὰ

348 5566 617 5638 λεγόμενα
657 5567 844 5632 κοινὰ,
875 5566 1120 5621 τουτέστι
1152 5567 1222 5620 τὰ
1255 5568 1366 5622 ἀπὸ
1390 5568 1517 5621 τνδν.
1561 5569 1629 5621 At
1659 5569 1717 5623 δὲ
1758 5569 1933 5622 πᾶσαι

349 5655 459 5710 τῶν
488 5657 667 5710 αὐτῶν
695 5656 760 5711 ιθ’
786 5658 884 5730 τῆς
918 5657 1147 5729 σελήνης
1181 5657 1319 5711 ἐτῶν
1349 5657 1574 5730 ἡμέραι,
1605 5661 1673 5732 τῇ
1706 5675 1930 5729 συμπα-

439 5813 481 5843 ¹⁷
519 5812 558 5868 Γ.
589 5814 647 5867 ὲν
674 5813 838 5877 ὅλοις.

634 5910 902 5968 Parnm.
951 5909 1067 5970 (in.
1119 5911 1294 5974 ΧΙΧ.

2044 4673 2076 4712 a
2109 4652 2411 4715 Dominica,
2447 4655 2502 4703 et
2539 4644 2782 4703 secunda
2820 4641 2977 4706 feria,
3000 4640 3326 4709 caeterisque
3353 4636 3616 4707 deinceps

2043 4748 2114 4806 ad
2142 4751 2388 4803 sanctam
2425 4738 2764 4796 Dominicam
2795 4741 3113 4805 sequentem
3143 4732 3439 4787 transitum
3471 4728 3614 4784 faci-

2021 4854 2189 4897 mus.
2213 4836 2321 4894 Sed
2357 4834 2427 4891 de
2453 4834 2523 4889 iis
2556 4831 2861 4895 hactenus;
2888 4841 3035 4881 nunc
3062 4823 3132 4879 ad
3165 4836 3437 4880 annorum
3459 4821 3621 4875 luna—

2038 4931 2182 4985 rium
2205 4927 2475 4981 rationem
2499 4918 2812 4977 accuratius
2832 4913 3212 4987 explicandam
3247 4910 3619 4969 convertenda

2037 5031 2122 5079 est
2149 5017 2348 5076 oratio.

2142 5129 2499 5199 Explicantur
2526 5124 2653 5178 anni
2679 5123 2914 5187 lunares,
2947 5130 2998 5176 et
3030 5136 3242 5176 summa
3276 5119 3503 5176 dierum.

2106 5290 2200 5347 IX.
2233 5292 2376 5347 Anni
2414 5291 2638 5347 lunares
2666 5290 2921 5346 universe
2955 5294 3087 5344 sunt
3128 5283 3528 5347 novemdecim,
3558 5289 3619 5336 ut

2037 5382 2246 5440 dictum
2295 5392 2400 5440 est.
2434 5383 2680 5451 Quorum
2731 5389 2961 5452 septem,
3002 5379 3359 5437 intercalares
3397 5392 3621 5433 menses

2038 5476 2340 5546 accipiunt,
2392 5477 2668 5548 iidemque
2724 5475 2921 5532 diebus
2969 5477 3227 5529 constant
3273 5484 3616 5534 cccu-x-xiv;

2040 5569 2330 5625 duodecim
2369 5584 2502 5627 vero
2532 5584 2855 5627 communes
2900 5567 3246 5638 appellantur
3270 5601 3286 5626 ,
3331 5561 3426 5633 qui
3473 5560 3624 5616 scili-

2038 5668 2126 5716 cet
2178 5662 2296 5719 dies
2341 5661 2549 5718 habent
2591 5676 2799 5717 cccmv.
2844 5659 3016 5718 Porro
3065 5653 3229 5730 174
3266 5653 3387 5714 dies
3428 5668 3623 5711 omnes

3180 5902 3259 5963 39
