4112 6440
463 418 595 478 121⁸1

459 555 526 599 ex
568 553 663 595 xIx
711 537 872 594 annis
918 533 1210 591 lunaribus
1254 531 1493 598 collecti,
1559 529 1825 587 adhibitis
1870 528 2040 584 nimi-
2067 535 2111 591 Α

424 642 583 691 .rum
631 626 1049 683 intercalaribus
1112 624 1415 689 mensibus,
1470 622 1683 678 dierum
1746 635 2036 677 numerum

437 709 766 792 fexaequant,
828 720 921 791 qui
971 735 1039 775 ex
1095 733 1187 773 xu
1244 718 1406 773 annis
1459 716 1736 771 solaribus
1794 712 2037 779 exsistit,

438 788 694 881 'quorum
734 788 936 884 sing—ali
962 824 1168 866 cccuv
1205 808 1400 865 diebus
1422 814 1697 864 constant.
1728 803 1864 861 Nam
1902 820 2038 876 pro-

460 911 645 971 pterea
686 911 893 973 septem
933 901 1213 958 embolimi
1257 915 1474 957 menses
1536 899 1698 956 annis
1750 898 2040 954 lunaribus

462 993 765 1057 accedunt,
826 998 885 1048 ut
931 991 989 1047 bi
1036 1006 1269 1047 numero
1317 991 1530 1047 dierum
1587 1004 1715 1044 cum
1764 988 2040 1045 solaribus

462 1087 620 1147 annis
662 1086 817 1158 paria
854 1084 1097 1151 faciant;
1139 1100 1202 1140 ac
1232 1101 1341 1141 non
1384 1083 1552 1152 6,726
1590 1084 1740 1140 solos
1776 1082 1895 1138 dies
1940 1081 2041 1136 ba—

459 1180 643 1246 beant,
678 1179 775 1235 sed
799 1179 988 1246 6,955.
1023 1177 1276 1235 Totidem
1307 1178 1454 1233 enim
1474 1177 1851 1235 novemdecim
1873 1174 2038 1229 annis

463 1272 735 1329 solaribus
789 1273 1133 1344 imputantur
1177 1292 1189 1328 :
1233 1272 1371 1328 adeo
1405 1280 1468 1327 ut
1516 1287 1586 1327 ne
1636 1285 1782 1325 unus
1817 1267 2041 1339 quidem

465 1367 521 1423 in
548 1370 665 1419 toto
687 1362 1175 1420 decemnovennali
1206 1365 1361 1437 cyclo
1387 1363 1505 1420 dies
1535 1359 1826 1418 redundet.

468 1478 583 1543 Qua
617 1481 823 1535 ratione
854 1479 1152 1548 superﬂuus
1182 1480 1236 1533 in
1268 1478 1562 1534 embolimis
1605 1475 1871 1532 mensibus
1904 1474 2040 1541 dies,

875 1560 926 1604 et
957 1560 1115 1621 quoto
1147 1567 1286 1604 anno
1318 1553 1607 1605 eximatur.

530 1663 599 1719 Χ.
631 1662 768 1719 Nam
795 1664 1011 1719 tametsi
1038 1671 1246 1735 septem
1274 1664 1416 1718 lunae
1440 1677 1657 1718 menses
1685 1660 2040 1731 adjiciantur,

466 1754 568 1814 hoc
594 1763 681 1812 est
725 1769 826 1810 ecx
866 1753 1023 1818 dies;
1075 1754 1146 1810 ob
1189 1754 1534 1825 singulorum
1580 1752 1730 1808 illius
1770 1763 2043 1805 annorum

468 1848 536 1906 ab
577 1848 855 1905 solaribus
905 1846 1203 1913 defectum,
1271 1861 1397 1901 cum
1453 1843 1869 1925 undecimoisti
1921 1840 2040 1896 dies

467 1938 684 1998 nonnisi
716 1952 839 1994 celx
866 1937 1179 2000 conliciant,
1215 1934 1462 1992 decimus
1506 1950 1687 1991 nonus
1713 1948 1892 1988 annus
1932 1946 2044 1986 uno

469 2035 554 2090 die
596 2031 901 2096 mutilatur,
944 2043 1011 2085 ac
1054 2043 1255 2085 cccun
1303 2033 1550 2092 constat,
1595 2034 1657 2082 ut
1703 2021 2043 2096 superﬂuum

467 2139 531 2183 ex
571 2122 882 2181 embolimis
934 2120 1216 2179 mensibus
1282 2125 1574 2175 consumat
1611 2117 1777 2173 diem.
1833 2115 2046 2186 Quippe

471 2229 643 2274 annus
673 2215 778 2270 iste
810 2228 840 2268 a
867 2227 922 2269 tv
949 2211 1039 2268 die
1073 2210 1277 2284 Aprilis
1314 2210 1584 2282 incipiens
1620 2210 1678 2263 in
1722 2223 1836 2263 xm
1867 2205 2045 2261 Martii

468 2307 690 2371 desinit.
738 2307 859 2375 Quo
925 2305 985 2362 lit
1028 2314 1088 2362 ut
1135 2316 1193 2362 et
1232 2319 1451 2361 menses
1497 2301 1777 2359 embolimi
1822 2299 2046 2370 plenum

467 2396 676 2455 dierum
721 2411 1011 2454 numerum
1048 2396 1340 2460 retineant,
1378 2400 1434 2449 et
1467 2391 1637 2448 totius
1682 2388 2049 2446 enneadecae-

471 2488 659 2545 teridis
694 2488 882 2559 cyclus
927 2501 998 2541 ne
1055 2499 1168 2541 uno
1212 2483 1438 2557 quidem
1485 2480 1575 2539 die
1615 2481 1827 2537 solares
1870 2492 2046 2535 annos

473 2576 847 2635 aovemdecim
873 2573 1125 2633 excedat.

472 2866 624 2936 Quod
647 2865 808 2921 etiam
835 2864 919 2919 illi
946 2865 1037 2936 qui
1066 2863 1278 2936 lunares
1306 2879 1473 2936 annos
1497 2858 1770 2936 quinquies
1799 2870 1850 2918 et
1879 2862 2048 2936 sexies

542 2932 1296 3019 multiplicant,)uperﬂuum
1336 2933 1478 2989 diem
1508 2932 1775 2999 eximant,
1835 2934 1936 2988 etsi
1995 2932 2050 2987 id

541 3008 649 3062 alio
688 3005 743 3061 in
775 3022 914 3061 anno
937 3005 1166 3077 faciant.

529 3119 633 3177 .XJ.
662 3117 822 3176 Unde
852 3120 929 3175 illi
979 3132 1199 3190 quoque
1249 3120 1342 3189 qui
1374 3134 1548 3175 annos
1581 3118 1728 3174 lunae
1757 3118 2052 3191 quinquies

1439 410 1530 467 AD
1545 491 1554 499 .
1567 408 1657 468 EU
1664 407 1853 491 SEBII‘
1876 400 2277 467 CHRONICON
2317 402 2543 463 APPEN
2550 403 2663 460 DIX
2673 444 2688 458 .

3589 400 3730 457 1228
3756 416 3771 433 ‘-

2144 526 2375 601 ραλὴψει
2415 525 2617 598 δηλαδὴ
2668 520 2778 577 τῶν
2825 518 3138 591 ιμϐολίμων
3189 514 3405 588 μηνῶν,
3446 514 3728 588 ἰσάριθμοι

2146 619 2503 690 τυγχάνουσιν
2531 615 2736 688 ἡμέραι
2768 615 2825 668 αἱ
2852 612 2963 667 τῶν
2983 612 3029 644 ⁵⁵
3063 609 3304 682 ἡλιακῶν
3331 608 3395 662 ιθ¹
3417 626 3431 639 ·
3480 608 3725 663 τουτέστι

2144 711 2252 765 τῶν
2277 711 2384 765 ἀπὸ
2407 708 2535 773 τξε’.
2561 706 2660 761 Διὰ
2681 705 2840 760 τοῦτο
2866 704 2974 777 γὰρ
2999 705 3049 758 οἱ
3074 701 3214 756 ἑπτά
3242 700 3529 772 ἐμϐόλιμοι
3557 701 3727 771 μῆνες

2145 801 2525 875 προστίθενται
2572 802 2683 863 τοῖς
2726 798 2828 868 τῆς
2888 796 3119 867 σελήνης
3175 793 3372 858 ἔτεσιν,
3418 793 3506 846 ἵνα
3557 791 3725 846 ταῦτα

2145 893 2285 947 κατὰ
2317 893 2409 947 τὸν
2440 892 2672 965 ἀριθμὸν
2697 892 2806 943 τῶν
2836 888 3059 960 ἡμερῶν
3082 886 3383 949 άνελλιπιῖις
3406 884 3549 955 ἔχειν
3574 884 3735 956 ποιή-

2146 1003 2281 1040 σωσι
2321 984 2458 1056 πρὸς
2498 984 2567 1038 τὰ
2603 983 2700 1037 τοῦ
2742 982 2894 1055 ἡλίου
2939 980 3034 1052 ἔτη
3058 996 3071 1010 ·
3122 979 3217 1033 καὶ
3262 973 3401 1031 εἶναι
3440 977 3513 1048 μὴ
3568 977 3730 1048 μόνον

2145 1078 2333 1148 ,ςψκςξ
2365 1077 2608 1149 ἡμερῶν,
2654 1076 2791 1130 ἀλλὰ
2825 1074 3025 1141 γςεῇλεκ
3073 1071 3343 1125 Τοσαῦται
3375 1070 3484 1143 γάρ
3521 1073 3577 1125 αἱ
3621 1070 3738 1122 τῶν

2147 1170 2213 1223 ιθ¹
2265 1169 2510 1242 ἡλιακῶν
2555 1168 2692 1222 ἐτῶν
2736 1165 2941 1238 ἡμέραι
2988 1163 3375 1233 τυγχάνουσιν,
3432 1162 3555 1215 οὐδὲ
3602 1162 3733 1232 μιᾶς

2145 1262 2406 1336 περιττῆς
2444 1260 2614 1332 οὔσης
2641 1260 2859 1333 ἡμέρας
2883 1261 2943 1313 ὲν
2962 1256 3043 1329 τῷ
3065 1255 3250 1327 κύκλῳ
3271 1254 3374 1325 τῆς
3398 1255 3526 1325 ὅλης
3557 1256 3737 1308 ὲννεαρ

2144 1354 2637 1428 καιδεκαετηρίδος.

2143 1470 2280 1539 Πῶς
2309 1471 2348 1539 ἡ
2370 1469 2439 1523 ὲν
2464 1468 2589 1535 τοῖς
2622 1468 2961 1537 ἐμϐολίμοις
2992 1465 3147 1539 μησί
3178 1470 3609 1539 περιλττεύοινσα
3621 1465 3735 1535 μία

2355 1539 2547 1610 ἡμέρα
2569 1536 2980 1608 ὑποτέμνεται,
3004 1536 3105 1590 καὶ
3125 1537 3195 1590 ἐν
3211 1537 3363 1600 ποίῳ
3379 1537 3517 1591 ἔτει.

2216 1656 2273 1710 I'.
2309 1655 2374 1709 El
2406 1655 2513 1728 γὰρ
2561 1655 2658 1708 καὶ
2692 1653 2736 1719 ζ’
2770 1653 2943 1724 μῆνας
2984 1650 3347 1723 ἐμϐάλλομεν,
3384 1652 3628 1705 τουτέστι
3664 1658 3735 1705 σι’

2144 1747 2381 1822 ἡμέρας,
2428 1747 2590 1820 αὐτῇ,
2641 1747 2742 1818 τῆς
2797 1744 2906 1799 τῶν
2948 1745 3072 1799 καθ’
3112 1744 3342 1799 ἕκαστον
3386 1744 3507 1811 ἔτος
3562 1744 3735 1816 αὐτῆς

2074 1888 2117 1945 Β
2145 1841 2306 1914 χάριν
2352 1840 2677 1912 συλλείψεως
2720 1839 2789 1906 ⁸⁹,
2824 1837 3015 1893 ἕνδεκα
3055 1838 3277 1910 ἡμερῶν
3315 1839 3396 1902 εἰς
3444 1837 3521 1891 σθ’
3567 1837 3739 1908 μόνας

2146 1931 2549 2007 ἀθροιζομένων
2570 1948 2583 1962 ·
2618 1930 2755 1986 ἀλλά
2774 1947 2838 1999 γε
2870 1931 2933 1984 τὸ
2963 1929 3273 1984 τελευταῖον
3305 1929 3446 1994 ἔτος,
3475 1930 3641 2001 ἡγουν
3672 1928 3739 1983 τδ

2148 2024 2236 2090 ιθ’,
2277 2023 2429 2096 παρά
2468 2023 2597 2094 μίαν
2647 2023 2864 2095 ἡμέραν
2906 2022 2996 2077 διὰ
3047 2021 3205 2076 τοῦτο
3245 2023 3559 2093 γεγένηται,
3618 2015 3739 2093 τνγ⁹

2147 2117 2414 2189 ὑπάρχον,
2456 2114 2544 2170 ἵνα
2588 2115 2837 2190 ὑποτέμῃ
2879 2115 2978 2187 τὴν
3007 2117 3065 2171 ὲν
3098 2119 3213 2179 τοῖς
3244 2115 3566 2186 ὲμϐολίμοις
3600 2114 3740 2186 μησὶ

2146 2206 2572 2279 περιττεύουσαν
2604 2207 2731 2279 μίαν
2769 2207 3006 2279 ἡμέραν.
3047 2208 3312 2279 Ἀρχεται
3351 2207 3452 2278 μὲν
3484 2206 3593 2279 γὰρ
3627 2205 3740 2261 ἀπὸ

2146 2299 2247 2370 τῆς
2281 2296 2323 2351 δ’
2355 2296 2450 2351 τοῦ
2489 2296 2764 2370 Ἀπριλίου
2797 2298 2997 2369 μηνός·
3024 2299 3105 2361 είς
3123 2296 3179 2350 δὲ
3208 2297 3306 2368 τὴν
3341 2296 3424 2366 κβ¹
3455 2297 3549 2350 τοῦ
3575 2298 3736 2368 Μαρο

2146 2390 2264 2443 τίου
2314 2387 2659 2462 περαιοῦται.
2708 2388 2798 2454 Ἐξ
2840 2384 2901 2445 οὗ
2930 2389 3048 2461 (τῆς
3068 2389 3150 2459 τε)
3200 2389 3310 2443 τῶν
3343 2387 3654 2460 ἐμϐολίμων
3700 2391 3736 2460 ἡ

2147 2480 2403 2553 ἀρτιότης
2455 2480 2533 2551 τῷ
2565 2479 2835 2553 ἰσαρίθμῳ
2866 2480 2975 2534 τῶν
3006 2480 3231 2553 ἡμερῶν
3262 2479 3607 2544 διασώζεται·
3641 2481 3742 2535 καὶ

2148 2572 2179 2626 ὁ
2199 2571 2301 2641 τῆς
2331 2570 2458 2641 ὅλης
2503 2571 3139 2645 ἐννεακαιδεκαετηρίδος
3169 2569 3371 2634 κύκλος
3396 2572 3454 2623 ὲν
3487 2569 3608 2623 οὐδὲ
3639 2571 3742 2641 μιᾷ

2148 2664 2335 2735 ἡμέρᾳ
2387 2663 2699 2729 πλεονάζων
2744 2664 3057 2735 εὑρίσκεται
3107 2662 3248 2737 πρὸς
3304 2661 3593 2717 δεκαεννέα
3640 2661 3740 2715 τοῦ

2149 2753 2305 2827 ἡλίου
2330 2754 2424 2828 ἔτη
2448 2756 2509 2809 τὸ
2535 2755 2776 2812 σύνολον.

2154 2870 2285 2924 Ὅτι
2315 2869 2414 2923 καὶ
2446 2869 2571 2936 τοῖς
2587 2869 3007 2924 πενταπλοῦσι
3039 2868 3140 2922 καὶ
3170 2867 3511 2933 ἑξαπλοῦσι
3532 2867 3605 2921 τὰ
3630 2865 3745 2934 τῆς

2223 2939 2493 3063 (ἕελήνης
2513 2943 2616 3009 ἐτη
2655 2940 2695 3009 ἡ
2730 2940 2970 3011 περιττὴ
2996 2938 3412 3009 ὑποτέμνεται,
3436 2938 3551 2993 κᾶν
3575 2938 3746 3005 ἄλλῳ

2261 3028 2367 3063 τει.
3228 3052 3233 3063 .

2261 3028 2367 3066 τει.
3228 3052 3233 3063 ι

2224 3124 2329 3178 IA'.
2392 3122 2558 3177 Ὅθεν
2613 3124 2663 3177 οἱ
2709 3123 2809 3195 τὴν
2859 3122 3240 3178 πεντάπλωσιν
3295 3122 3392 3176 καὶ
3438 3121 3748 3189 ὲξάπλωσιν

470 3213 760 3282 seriesque
809 3211 1198 3281 multiplicant,
1240 3226 1365 3265 cum
1394 3209 1644 3265 eamdem
1675 3209 1819 3265 diem
1855 3217 1910 3265 et
1945 3209 2049 3281 ipsi

2154 3213 2463 3285 ποιούμενοι
2490 3213 2598 3268 τῶν
2619 3214 2720 3285 τῆς
2757 3214 2987 3286 σελήνης
3013 3213 3173 3280 ὲτῶν,
3201 3214 3295 3267 καὶ
3325 3212 3468 3266 οὕτω
3496 3213 3595 3284 τὴν
3642 3211 3749 3266 αύ-

471 3305 808 3374 computent,
854 3301 1016 3357 iidem
1060 3308 1247 3356 tamen
1277 3300 1336 3355 in
1402 3315 1548 3356 anno
1584 3301 1680 3371 qui
1712 3315 1900 3355 eorum
1934 3300 2051 3354 cal-

470 3395 597 3451 culo
632 3392 959 3450 undecimus
989 3400 1095 3457 est,
1140 3407 1303 3463 quem
1342 3406 1445 3446 nos
1474 3400 1735 3462 quartum
1778 3390 2051 3446 decimum

471 3498 749 3561 putamus,
799 3485 1135 3557 superﬂuum
1166 3501 1231 3541 ex
1257 3484 1567 3540 embolimis
1599 3483 1883 3539 mensibus
1909 3481 2053 3537 diem

471 3580 818 3651 exemptilem
863 3578 1087 3635 habent.
1140 3577 1354 3633 Etenim
1392 3591 1591 3631 cccun
1630 3576 1894 3631 duntaxat
1936 3577 2055 3631 die-

472 3685 595 3725 rum
645 3668 969 3725 undecimus
1021 3669 1113 3724 ille
1149 3668 1412 3725 statuitur
1453 3684 1654 3733 annus,
1697 3668 1855 3739 quia
1889 3667 2056 3722 trice-

473 3763 615 3819 simo
649 3763 826 3833 primo
856 3762 946 3817 die
992 3760 1309 3817 Decembris
1351 3762 1553 3826 iniens,
1602 3760 1850 3831 ejusdem
1901 3774 2055 3814 men-

473 3855 553 3910 sis
602 3853 817 3908 decimo
874 3862 1069 3907 octavo
1133 3853 1479 3908 terminatur.
1538 3851 1594 3907 Id
1657 3859 1838 3908 autem
1887 3866 1954 3907 ex
1991 3866 2057 3907 eo

473 3949 712 4007 constat,
740 3941 887 4012 quod
927 3957 1107 3997 annus
1151 3941 1368 3995 illorum
1400 3941 1763 3998 duodecimus
1804 3953 2057 4013 quartam

473 4034 745 4090 decimam
790 4033 849 4089 in
882 4028 1157 4093 Kalendas
1202 4030 1451 4087 Januarii
1499 4033 1700 4088 habeat
1745 4048 1812 4088 ex
1859 4046 2055 4090 eorum

473 4127 688 4182 calculo
726 4145 740 4182 :
786 4125 931 4180 unde
962 4139 1307 4195 consequens
1343 4130 1429 4179 est
1468 4124 1812 4181 neomeniam
1859 4124 1917 4180 in
1964 4139 2058 4180 nx

474 4219 793 4276 Decembris
822 4217 1083 4274 incidere.

476 4329 598 4398 Qua
625 4329 693 4385 de
726 4346 895 4401 causa
918 4329 1134 4385 lunares
1163 4346 1328 4385 annos
1358 4329 1633 4401 quinquies
1662 4327 2057 4401 multiplicent;

544 4410 595 4456 et
632 4400 891 4471 quomodo
921 4402 976 4454 in
1012 4401 1192 4456 eodem
1229 4402 1436 4454 calculo
1479 4400 1769 4471 aberrent;
1806 4411 1917 4453 tum
1962 4414 2060 4454 cur

551 4472 764 4526 annalis
793 4486 974 4526 eorum
1009 4480 1285 4542 computus
1325 4488 1359 4525 a
1386 4479 1570 4526 nostra
1597 4470 1876 4535 discrepet.

542 4648 659 4704 Xll.
705 4648 1067 4721 Exemptilem
1126 4665 1295 4720 porro
1346 4646 1497 4706 diem
1554 4650 1724 4705 istum
1786 4648 1854 4703 ad
1907 4648 2058 4704 hunc

473 4742 699 4798 modum
736 4742 1019 4797 inculcare
1050 4742 1295 4797 student.
1348 4741 1484 4797 Cum
1530 4742 1679 4797 enim
1719 4743 2057 4797 tricenorum

474 4836 688 4890 dierum
723 4834 969 4889 lunarem
996 4833 1339 4890 constituant
1369 4849 1614 4891 mensem
1642 4874 1659 4900 ,
1695 4848 1761 4889 ac
1792 4850 1891 4905 pro
1921 4849 2061 4890 uno-

474 4942 696 4998 quoque
726 4925 817 4982 die
845 4926 1249 4997 sexagesimam
1278 4942 1443 4982 unam
1473 4927 1803 4998 particulam
1834 4933 2059 4982 sumant

473 5027 529 5074 et
565 5017 846 5089 colligant,
882 5019 1060 5074 visum
1106 5024 1193 5075 est
1243 5018 1378 5089 ipsis
1425 5026 1480 5074 et
1531 5033 1632 5088 pro
1677 5018 1773 5073 illo
1811 5017 1920 5084 die,
1962 5019 2059 5090 qui

475 5107 769 5164 undecimo
823 5124 1045 5180 quoque
1097 5124 1244 5164 anno
1299 5110 1592 5174 minuitur,
1657 5110 1905 5181 quinque
1958 5126 2058 5182 per

474 5214 650 5254 annos
676 5199 923 5271 singulos
948 5200 1320 5271 sexagesimas
1341 5199 1602 5266 conﬂare,
1622 5210 1703 5267 ut,
1730 5201 2059 5257 duodecimo

476 5288 696 5342 demum
744 5302 890 5343 anno
924 5288 1156 5343 collecto
1196 5303 1306 5343 uno
1341 5288 1451 5351 die,
1490 5288 1551 5341 in
1596 5287 1762 5358 hujus
1815 5289 2057 5359 primum

477 5375 625 5431 illius
657 5376 785 5431 anni
821 5384 1163 5447 postremum
1208 5377 1352 5431 diem
1397 5376 1713 5446 trajieiant;
1750 5393 1913 5448 quem
1965 5393 2057 5432 xIx

478 5467 795 5525 Decembris
833 5485 956 5525 esse
987 5469 1101 5540 jam
1128 5469 1405 5540 diximus;
1434 5471 1533 5540 qui
1567 5470 1710 5527 idem
1739 5473 1903 5527 unius
1929 5471 2059 5526 anni

480 5561 606 5615 linis
643 5570 748 5625 est,
795 5573 849 5616 et
886 5562 1216 5633 principium
1267 5562 1498 5620 alterius
1539 5578 1605 5617 ex
1644 5564 1913 5619 ementita
1959 5563 2057 5617 illa

477 5656 888 5722 computatione
919 5670 984 5708 ac
1020 5655 1300 5721 methodo,
1332 5670 1441 5710 non
1482 5664 1664 5711 tamen
1695 5673 1763 5712 ex
1794 5657 1873 5712 rei
1910 5658 2057 5713 veri-

2155 3305 2256 3376 τῆς
2277 3306 2321 3337 ⁸⁸
2352 3306 2569 3376 ἡμέραν
2593 3304 2944 3377 ψηφίζοντες,
2976 3308 3035 3360 ὲν
3055 3306 3325 3375 ἑνδεκάτῳ
3345 3306 3590 3360 κάκεῖνοι
3611 3304 3746 3367 ἔτει,

2154 3397 2262 3450 τῶν
2282 3395 2459 3449 αὐτῶν
2493 3397 2537 3428 ⁶¹
2567 3395 2953 3469 ψηφιζομένων
2982 3398 3153 3452 ἐτῶνο
3180 3399 3317 3471 ὅπερ
3351 3416 3750 3470 τεσσαρεσκαι-

2155 3488 2379 3542 δέκατύν
2404 3489 2551 3542 ἐστιν
2577 3491 2711 3560 ἡμῖν
2759 3490 3161 3562 ἀριθμούμενον
3184 3507 3198 3521 ·
3228 3491 3329 3558 τὴν
3367 3491 3425 3544 ὲν
3451 3495 3563 3554 τοῖς
3585 3489 3752 3562 ἐμϐο-

2154 3580 2334 3651 λίμοις
2351 3580 2778 3652 περιττεύουσαν
2813 3582 2941 3652 μίαν
2964 3581 3181 3653 ἡμέραν
3209 3580 3501 3636 λείπουσαν
3543 3582 3749 3653 κέκτη-

2155 3689 2247 3725 ται
2283 3673 2348 3725 θ’.
2376 3672 2432 3724 T'
2466 3672 2574 3745 γάρ
2607 3679 2685 3742 νγ¹
2721 3671 2947 3744 ἡμερῶν
2989 3674 3223 3745 ὑπάρχει
3251 3674 3313 3726 τὸ
3345 3673 3477 3727 αὐτὸ
3509 3673 3575 3726 ια’
3605 3674 3748 3739 ἔτος,

2157 3762 2459 3834 ἀρχόμενον
2507 3763 2608 3834 μὲν
2640 3764 2748 3818 ἀπὸ
2781 3764 2882 3834 τῆς
2909 3766 3197 3837 τριακάδος
3236 3765 3462 3838 πρώτης
3502 3765 3597 3819 τοῦ
3651 3769 3752 3821 Δε-

2157 3855 2424 3925 κεμϐρίου
2459 3855 2647 3927 μηνὸς,
2678 3857 2757 3920 εἰς
2782 3856 2842 3910 δὲ
2864 3856 2961 3927 τὴν
2998 3863 3066 3929 ιη’
3092 3857 3187 3909 τοῦ
3217 3856 3383 3910 αὑτοῦ
3419 3855 3751 3927 καταλῆγον.

2158 3947 2269 4001 Καὶ
2298 3947 2455 4019 δῆλον
2496 3948 2564 4002 ὲκ
2592 3946 2687 4001 τοῦ
2717 3947 2781 4001 τὸ
2819 3948 3234 4003 δυοκαιδέκατον
3256 3950 3337 4012 εἰς
3377 3949 3477 4021 τήν
3524 3948 3752 4021 πρώτην

2159 4039 2254 4093 τοῦ
2292 4040 2622 4113 Ἰανουαρίου
2652 4041 3251 4113 τεσσαρεσκαιδεκάτην
3289 4042 3455 4114 ἔχειν,
3486 4043 3625 4096 κατὰ
3647 4043 3752 4113 τὴν

2159 4130 2384 4184 ἐκείνων
2428 4131 2640 4201 ψῆφον·
2673 4131 2750 4195 ὡς
2782 4131 3050 4204 ὑπάρχειν
3096 4133 3262 4187 αὐτοῦ
3319 4133 3421 4205 τὴν
3457 4132 3751 4205 νεομηνίαν

2160 4222 2304 4276 κατὰ
2330 4221 2427 4295 τὴν
2453 4223 2517 4276 ιθ¹
2542 4223 2635 4278 τοῦ
2670 4225 3008 4298 Δεκεμϐρίου
3050 4226 3239 4301 μηνός.

2102 4397 2108 4403 ,
2167 4336 2338 4408 Τίνος
2381 4335 2558 4408 χάριν
2591 4339 3011 4393 πενταπλοῢσι
3043 4341 3118 4394 τὰ
3153 4339 3266 4408 τῆς
3298 4339 3569 4407 σελήνης
3605 4338 3747 4407 Enr

2233 4406 2334 4479 καί
2375 4407 2502 4479 πῶς
2534 4408 2667 4479 περὶ
2697 4408 2813 4476 τὴν
2849 4410 3046 4478 αὐτὴν
3086 4406 3469 4479 σφάλλονται
3511 4408 3746 4479 ψῆφον·

2234 4476 2335 4552 καί
2362 4476 2460 4552 διά
2486 4478 2556 4552 τί-
2575 4479 2820 4552 πρμὸςλτὸ
2851 4476 2998 4552 stop“
3015 4476 3161 4550 ἡμῖν
3178 4476 3587 4552 ψηφιζόμενὸν
3608 4476 3752 4549 ἔτος

2089 4577 2137 4635 D
2190 4590 2193 4597 .
2232 4548 2299 4601 τὸ
2324 4549 2462 4617 παρ’
2486 4548 2695 4615 αὐτοῖς
2727 4548 3085 4605 διαλλάττει.

2236 4659 2335 4713 IB'.
2386 4660 2789 4733 Διεσπουδάσθη
2823 4662 2882 4716 δὲ
2923 4662 3133 4727 τούτοις
3165 4663 3265 4734 τὴν
3314 4664 3416 4735 τῆς
3455 4662 3754 4737 λειπούσης

2168 4750 2520 4823 παρενθήκην
2584 4752 2917 4825 ποιήσασθαι
2971 4754 3113 4809 κατὰ
3169 4755 3318 4810 τόνδε
3365 4754 3458 4809 τὸν
3509 4757 3753 4826 τρόπον’

2181 4842 2397 4914 Ἐπειδὴ
2433 4842 2545 4914 γὰρ
2574 4844 2758 4907 αὐτοῖς
2796 4844 3084 4917 λ’ἡμερῶν
3113 4847 3143 4898 ὁ
3174 4845 3272 4916 τῆς
3313 4845 3542 4917 σελήνης
3582 4845 3761 4916 ψηφί.

2170 4932 2322 4998 ζεται
2354 4933 2485 5005 μὴν,
2526 4934 2615 4988 διὰ
2666 4933 2761 4988 τοῦ
2806 4934 2936 5006 μίαν
2979 4935 3277 5010 ἑξηκοστὴν
3325 4936 3468 5010 ὑπὲρ
3513 4937 3760 5010 ἑκάστης

2167 5025 2380 5097 ἡμέρας
2422 5024 2628 5080 τιθέναι
2678 5026 2773 5081 καὶ
2816 5027 3231 5100 συλλαμϐάνειν,
3283 5028 3428 5096 εδοξε
3483 5031 3579 5085 καὶ
3607 5031 3756 5103 ὑπὲρ

2165 5113 2391 5187 ταύτης,
2424 5114 2571 5184 λέγω
2618 5115 2683 5187 δὴ
2715 5117 2819 5188 τῆς
2857 5116 2999 5171 κατὰ
3045 5117 3107 5171 τὸ
3153 5118 3589 5174 ἐνδεκαιδέκατον
3612 5120 3757 5188 ἔτος

2168 5203 2463 5274 λειπούσης
2508 5205 2744 5278 ἡμέρας,
2791 5214 2831 5260 ε’
2882 5208 3004 5262 καθ’
3050 5201 3281 5264 ἕκαστον
3326 5211 3445 5275 ἔτος
3496 5212 3757 5282 συνάγειν

2167 5292 2438 5365 ἐξηκοστά
2463 5312 2478 5327 ο
2512 5297 2596 5361 ὡς
2657 5297 2743 5365 ἂν,
2805 5299 2894 5355 διά
2935 5299 3028 5354 τοῦ
3075 5301 3488 5356 δυοκαιδεκάτου
3546 5303 3759 5375 ταύτην

2164 5384 2527 5457 ἀθροίζοντες,
2578 5389 2670 5441 ἐπὶ
2712 5389 2811 5461 τὴν
2852 5391 3047 5446 τούτου
3101 5391 3326 5466 πρώτην
3376 5395 3477 5465 τὴν
3538 5395 3757 5448 ἐκείνου

2161 5477 2476 5533 τελευταίαν
2532 5478 2847 5547 ἀγάγωσιν·
2904 5484 3027 5554 ἥτις
3072 5486 3218 5538 ἐστὶν
3264 5489 3299 5557 ἡ
3354 5486 3605 5558 λεχθεῖσα
3657 5485 3756 5540 τοῦ

2163 5567 2500 5640 Δεκεμϐρίου
2533 5569 2596 5623 ιθ¹
2620 5587 2633 5599 ·
2669 5572 2764 5624 καὶ
2790 5572 2907 5626 ἔστι
2941 5574 3041 5644 μὲν
3077 5576 3109 5645 ἡ
3146 5574 3286 5647 αύτὴ
3314 5576 3410 5630 τοῦ
3447 5579 3548 5648 μὲν
3577 5577 3755 5640 τέλος,

2161 5658 2257 5712 τοῦ
2285 5659 2344 5713 δὲ
2378 5661 2523 5734 ἀρχὴ
2555 5662 2696 5716 κατὰ
2727 5664 2883 5735 τήνδε
2925 5667 3024 5738 τὴν
3053 5667 3432 5740 ὲπινοηθεῖσαν
3451 5668 3631 5743 ψῆφον
3661 5670 3762 5725 καὶ

557 5807 601 5836 ³·
629 5805 672 5874 f.
704 5807 939 5881 ἡμέραις
980 5810 1108 5866 τῶν.
1158 5810 1230 5896 ,⁸⁸
1262 5811 1304 5882 ι’.
1338 5810 1645 5883 ἐλλείψεως.
1724 5813 1769 5846 ⁵⁰
1796 5812 1841 5884 Ι.
1863 5806 2008 5868 οὗτοι
2038 5811 2135 5888 τὴν
2156 5814 2346 5887 αὑτήν.
2426 5817 2468 5852 ⁸⁸
2499 5817 2544 5888 f.
2573 5819 2776 5886 αὐτοῖς.
2849 5823 2894 5855 ⁶²
2926 5823 2970 5895 f.
3006 5824 3317 5897 κέκτηνται.
