4112 6440
384 384 552 441 4229'
1220 382 1278 438 S.
1318 382 1562 442 MAXIM!
1596 384 1954 443 MARTYRIS
1990 381 2364 442 COMPUTUS
2401 380 2840 439 BCCLESIAST.
3502 384 3639 439 «πο

387 503 630 576 μέθοδον,
653 501 716 557 οὐ
753 501 858 574 μὴν
895 499 1125 572 ἀληθείᾳ
1162 503 1258 556 καὶ
1293 501 1600 574 πράγματι.
1630 503 1757 567 Πῶς
1789 505 1900 576 γὰρ
1925 507 1959 576 ή

2068 510 2198 558 tate.
2233 498 2342 568 Qui
2391 499 2534 555 enim
2567 499 2690 554 dies
2720 513 2825 552 una
2860 496 3043 554 facere
3079 497 3238 562 duas,
3283 505 3377 553 aut
3404 499 3639 554 duorum

387 595 486 666 μία
512 595 612 658 τὰς
636 595 748 659 δύο,
783 595 816 666 ἢ
846 596 966 648 ἀντὶ
989 594 1098 649 τῶν
1133 593 1227 648 δύο
1250 597 1466 667 ποιήσει
1507 598 1626 650 ποτ’
1658 597 1760 661 av;
1795 598 1963 652 Τοῦτο

2071 595 2246 651 instar
2278 593 2478 649 habere
2519 591 2738 662 possit?
2768 589 2886 645 Hoc
2921 604 3050 644 sane
3086 605 3194 644 non
3229 591 3405 645 solum
3435 589 3644 659 impos~

383 688 493 757 γὰρ
521 686 656 757 πρὸς
677 686 738 740 τὸ
764 687 1040 757 ἀμήχανον
1055 687 1150 739 καὶ
1175 685 1380 756 ἠλίθιον
1405 688 1577 758 πάντη
1604 687 1960 762 καθέστηκεν.

397 778 676 834 Ἐντεῦθεν
706 773 801 833 οὖν
840 779 1080 849 καὶπερὶ
1117 779 1217 850 τὴν
1245 779 1344 848 τῆς
1381 779 1612 850 σελήνης
1640 780 1962 849 σφάλλονται

387 867 584 938 ψῆφον,
634 868 1034 939 ἀναιρουμένης
1067 868 1168 938 τῆς
1205 866 1469 938 ἀκριϐοῦς
1498 869 1854 940 καταλήψεως
1902 873 1966 923 ὲκ

386 958 485 1030 τῆς
547 957 655 1011 τῶν
695 965 735 1012 ε’
781 957 1089 1028 ἑξηκοστῶν
1137 958 1459 1022 ἀσυντελοῢς
1508 959 1846 1030 ἐπικλήσεως
1897 961 1961 1014 ⁸³.

399 1051 552 1105 Ἐπεὶ
578 1051 640 1104 τὸ
666 1051 764 1122 μὲν
789 1051 897 1105 ἀπὸ
920 1050 962 1104 λ’
993 1051 1121 1114 τοὺς
1145 1051 1346 1121 ταύτης
1379 1051 1551 1121 μῆνας
1582 1055 1774 1118 ποιεῖν,
1806 1053 1868 1106 τὸ
1920 1053 1966 1084 ⁸⁸

391 1143 642 1212 συνάγειν
665 1143 746 1205 ὼς
768 1142 904 1212 ἔφην
935 1143 1064 1213 μίαν
1089 1143 1384 1214 ἑξηκοστὴν
1405 1144 1543 1213 ὑπὲρ
1565 1145 1802 1215 ἑκάστης
1830 1144 1967 1215 ἡμέ-

390 1251 513 1305 ρας,
543 1234 646 1286 οὐκ
670 1232 783 1302 ἔχει
808 1233 1162 1304 πλεονασμὸν,
1189 1234 1312 1288 οὐδὲ
1342 1235 1608 1288 τοσούτων
1624 1234 1845 1306 ἡμερῶν
1874 1235 1966 1289 τὸν

389 1324 557 1393 αὐτῆς
604 1325 748 1393 μῆνα
789 1323 1150 1394 παρίστησιν·
1194 1325 1226 1394 ή
1267 1323 1375 1395 γὰρ
1406 1326 1488 1387 είς
1530 1323 1574 1375 λ’
1606 1323 1794 1389 πάλιν,
1847 1324 1965 1377 ἀλλ’

387 1413 508 1484 οὐχὶ
553 1415 632 1476 εἱς
663 1412 746 1466 κθ¹
787 1413 959 1484 ἣμισυ
991 1413 1102 1466 τῶν
1146 1413 1546 1485 ἀθροιζομένων
1595 1414 1873 1478 ἀνάλυσις,
1906 1415 1968 1469 τὸ

387 1503 686 1574 προστεθὲν
729 1502 818 1558 διὰ
862 1502 969 1556 τῶν
1015 1503 1320 1574 ἐξηκοστῶν
1353 1504 1723 1575 ήμισημέριον
1777 1504 1969 1558 ὑποτέ-

388 1611 615 1667 μνουσα,
638 1595 855 1658 πλείους
878 1593 1018 1666 ἔχειν
1045 1595 1105 1646 οὐ
1135 1597 1455 1666 παραχωρεῖ
1474 1595 1582 1648 τῶν
1607 1594 1686 1647 κθ¹
1709 1595 1936 1666 ἡμίσεος
1951 1612 1966 1626 °

386 1686 449 1740 τὸ
486 1686 544 1740 δὲ
580 1687 648 1740 τὰ
695 1694 735 1740 ε’
763 1685 905 1740 κατά
950 1687 1058 1740 πᾶν
1105 1685 1222 1749 ἔτος
1254 1686 1506 1755 συνάγειν
1547 1685 1834 1758 ὲξηκοστὰ,
1868 1687 1970 1760 τῆς

390 1779 533 1832 κατὰ
565 1781 634 1831 τὸ
667 1780 948 1833 ἑνδέκατον
991 1779 1397 1850 ὐποτμηθείσης
1433 1779 1592 1850 χάριν
1633 1779 1964 1852 ἀναπληρώ-

2073 686 2233 742 sibile
2263 693 2369 748 est,
2411 684 2504 740 sed
2536 683 2701 738 etiam
2738 681 3018 738 stolidum.
3070 680 3206 735 llinc
3241 681 3404 752 igitur
3432 681 3642 736 lunaris

2070 777 2290 833 illorum
2335 775 2577 830 calculus
2626 773 2879 836 aberrat,
2929 785 3090 841 quem
3144 771 3216 825 ob
3269 769 3640 840 imperfectam

2072 869 2314 938 quinque
2336 865 2798 935 sexagesimarum
2829 861 3201 915 accessionem
3238 869 3493 914 accurate
3515 875 3644 914 con-
3719 931 3724 934 _

2074 960 2229 1029 sequi
2258 965 2556 1028 nequeunt.
2579 953 2715 1008 Nam
2746 952 2890 1024 quod
2915 952 3232 1007 tricenarios
3257 951 3401 1006 lunae
3427 965 3643 1006 menses

2073 1050 2392 1113 instituunt,
2444 1056 2719 1118 quatenus
2764 1059 2864 1115 pro
2904 1043 3146 1115 quolibet
3194 1042 3283 1098 die
3328 1058 3516 1108 unam,
3562 1040 3646 1096 uti

2075 1141 2280 1195 dictum
2323 1149 2430 1204 est,
2466 1137 2860 1206 sexagesimam
2905 1135 3212 1205 colligunt;
3263 1132 3387 1186 ideo
3432 1131 3644 1186 nullam

2075 1231 2492 1288 redundantiam
2529 1229 2704 1294 aﬂ'ert,
2725 1242 2901 1298 neque
2925 1226 3152 1283 totidem
3190 1225 3404 1280 dierum
3426 1239 3646 1278 menses

2077 1323 2224 1380 illius
2256 1323 2457 1387 eilic—it;
2501 1320 2760 1392 quoniam
2793 1319 3006 1373 dierum
3040 1332 3252 1372 summa
3282 1331 3378 1388 per
3404 1317 3646 1371 tricena-

2075 1417 2220 1472 rium
2261 1431 2551 1472 numerum
2587 1415 2783 1479 divisa,
2823 1413 3142 1469 dimidiatus
3177 1411 3266 1467 ille
3291 1412 3408 1467 dies
3432 1429 3462 1467 e
3487 1427 3648 1468 sexa-

2053 1508 2302 1579 ‘gesimis
2330 1508 2625 1563 adveniens
2668 1507 3006 1571 exhauritur,
3047 1521 3225 1576 neque
3267 1506 3450 1575 plures
3480 1521 3645 1577 quam

2075 1615 2205 1656 xxix
2241 1599 2471 1670 singulis
2517 1598 2797 1654 mensibus
2829 1597 3107 1668 relinquit.
3139 1599 3208 1652 At
3248 1613 3377 1652 vero
3402 1598 3648 1667 quolibet

2077 1705 2222 1744 anno
2269 1689 2609 1760 sexagesima
2669 1688 2926 1758 serupula
2971 1689 3218 1758 quinque
3270 1687 3528 1758 colligere
3576 1687 3645 1741 ad

2077 1797 2202 1838 eum
2244 1781 2614 1852 supplendum
2655 1780 2820 1845 diem,
2864 1780 2957 1850 qui
3003 1780 3293 1835 undecimo
3332 1795 3474 1835 anno
3515 1794 3646 1851 sup-

391 1886 548 1934 σεως,
575 1871 895 1944 διαμαρτεῖν
930 1870 1144 1934 πάντως
1167 1874 1309 1924 ποιεῖ
1329 1872 1455 1934 τοὺς
1476 1871 1830 1942 ψηφίζοντας.
1854 1874 1963 1928 Καὶ

2071 1873 2348 1944 primitur,
2383 1871 2545 1943 plane
2574 1870 2643 1924 ad
2676 1870 2920 1926 rationes
2950 1869 3360 1926 conturbandas
3383 1870 3640 1940 pertinet.

388 1963 550 2034 δῆλον
581 1964 648 2017 ὲκ
679 1963 772 2017 τοῦ
811 1964 905 2017 καὶ
935 1963 1071 2035 μετά
1105 1962 1308 2033 ταύτην
1349 1963 1448 2035 τὴν
1489 1965 1618 2035 μίαν
1654 1965 1866 2036 ἡμέραν
1898 1967 1964 2020 ὲκ

389 2057 498 2110 τῶν
522 2056 826 2110 ὑπολοίπων
857 2055 900 2122 ζ’
944 2057 1042 2127 τῆς
1073 2056 1298 2128 σελήνης
1340 2057 1474 2109 ὲτῶν
1515 2058 1856 2130 συναγόμενα
1891 2058 1967 2112 λε’

391 2147 658 2218 ἑξηκοστά
714 2147 856 2201 κατά
895 2148 957 2201 τὸ
1000 2147 1152 2211 τέλος
1204 2148 1302 2218 τῆς
1335 2149 1966 2222 ἐννεακαιδεκαετηρίδος

389 2240 467 2304 ὡς
489 2239 720 2310 περιττά
747 2239 1178 2311 διαρῤίπτεσθαι.
1221 2240 1334 2292 Πᾶν
1352 2239 1408 2292 δὲ
1434 2240 1575 2294 κατά
1599 2259 1651 2294 τι
1683 2242 1834 2314 παρά
1857 2241 1965 2295 τῶν

390 2331 736 2403 ψηφιζόντων
756 2331 999 2402 ἀνοήτως
1033 2331 1357 2403 ῥιπτόμενον
1381 2333 1480 2404 τήν
1507 2349 1565 2386 τε
1585 2331 1679 2386 τοῦ
1711 2333 1832 2386 ὅλου
1870 2333 1967 2386 κύ-

392 2422 521 2477 κλου
559 2423 700 2478 κατά
743 2423 906 2495 τήνδε
952 2423 1048 2494 τὴν
1091 2423 1309 2494 μέθοδον
1338 2425 1670 2478 ἀναστασίαν
1700 2425 1744 2457 ⁸⁵
1777 2415 1962 2496 δηλοῖ,

392 2516 616 2570 καὶτῶν
645 2517 781 2587 αὐτῇ
816 2516 1168 2586 κεχρημένων
1190 2516 1455 2588 διελέγχει
1496 2518 1558 2570 τὸ
1591 2517 1835 2588 σφάλμα.
1864 2518 1965 2571 Λό-

391 2620 486 2672 γος
537 2604 646 2674 γὰρ
685 2606 900 2667 αὐτοῖς,
945 2605 1019 2667 ὡς
1067 2600 1238 2670 εἷπον,
1269 2605 1388 2658 ἐστὶ
1433 2608 1759 2674 συναγαγεῖν
1797 2605 1966 2676 μόνην

388 2695 489 2767 τὴν
522 2696 649 2766 μίαν
675 2694 886 2766 ἐκείνην
906 2712 918 2726 ’
963 2695 1136 2760 οὐδεὶς
1167 2696 1225 2749 δὲ
1259 2696 1388 2767 περὶ
1416 2696 1698 2767 ἀκριϐείας
1729 2695 1790 2749 τὸ
1841 2697 1966 2750 σύν-

389 2786 532 2840 ολον.
573 2786 887 2840 Διαλλάττει
909 2785 965 2839 δὲ
996 2789 1090 2840 καὶ
1117 2787 1178 2841 τὸ
1212 2790 1342 2860 παρ’
1373 2788 1557 2852 αὐτοῖς
1591 2787 1964 2860 ψηφιζόμενον

389 2878 510 2944 ἔτος
545 2880 680 2951 πρὸς
723 2879 784 2932 τὸ
833 2879 961 2950 παρ’
997 2881 1127 2950 ήμῖν
1168 2880 1310 2934 κατά
1357 2881 1455 2950 τὴν
1513 2881 1964 2954 ὲκκλησιαστικὴν

389 2970 685 3042 παράδοσιν
699 2969 1098 3041 ἀριθμούμενον
1113 2987 1126 3000 ο
1149 2970 1335 3042 ἐπειδὴ
1361 2973 1475 3034 τοῖς
1492 2969 1600 3022 ἀπὸ
1631 2970 1754 3024 uasa:
1761 2989 1800 3042 μ
1820 2971 1964 3024 ἔτεσι

394 3069 470 3129 ις’
509 3060 913 3132 προστιθέασιν.
962 3059 1123 3114 Ἀλλά
1152 3061 1324 3114 ταῦτα
1353 3060 1472 3114 κατ’
1503 3059 1802 3132 ἐπιδρομήν
1836 3063 1965 3133 περὶ

389 3155 613 3210 ἐκείνων
645 3153 910 3218 εἰπόντες,
956 3155 1035 3217 είς
1083 3153 1143 3207 τὸ
1176 3153 1534 3225 προκείμενον
1557 3152 1960 3224 ἐπανέλθωμεν,

2071 1967 2248 2035 Atque
2281 1963 2384 2018 hoc
2429 1979 2496 2018 ex
2539 1978 2605 2017 eo
2641 1961 3006 2028 convincitur,
3039 1962 3206 2033 quod,
3251 1971 3376 2033 post
3420 1962 3643 2016 unicum

2074 2055 2226 2110 illum
2264 2055 2430 2120 diem,
2462 2053 2686 2125 triginta
2733 2054 2975 2125 quinque
3007 2056 3394 2126 sexagesimas,
3421 2070 3543 2125 quae
3571 2069 3639 2109 ex

2073 2148 2233 2204 annis
2282 2155 2492 2218 septem
2543 2147 2686 2201 lunae
2729 2145 2970 2204 residuis
3032 2145 3367 2211 conﬂantur,
3427 2145 3644 2202 evoluta

2073 2241 2292 2298 demum
2324 2240 2846 2297 enneadecacteride
2891 2246 3154 2310 tanquam
3193 2239 3503 2312 superﬂuas
3548 2257 3645 2296 ex~

2071 2342 2342 2405 pungunt.
2388 2331 2666 2403 Quidquid
2709 2341 2898 2388 autem
2949 2347 3016 2387 ex
3071 2331 3252 2402 aliqua
3296 2341 3449 2403 parte
3495 2332 3645 2388 velut

2072 2440 2537 2496 supervacaneum
2570 2425 2626 2478 in
2659 2423 3022 2481 subducendo
3060 2424 3259 2480 Stolide
3287 2423 3552 2494 rejicitur,
3587 2422 3640 2478 id

2071 2523 2126 2572 et
2151 2517 2289 2588 cycli
2321 2517 2491 2572 totius
2523 2517 2699 2574 labem
2733 2517 2838 2574 hac
2870 2519 2925 2572 in
2961 2517 3238 2581 methodo,
3259 2524 3313 2573 ct
3333 2531 3521 2571 eorum
3546 2515 3642 2586 qui

2071 2615 2320 2671 utuntur,
2355 2621 2598 2662 errorem
2636 2607 2903 2677 coarguit.
2944 2605 3080 2660 Nam
3121 2605 3175 2660 id
3219 2620 3389 2662 unum
3427 2605 3615 2660 intuen

2071 2707 2186 2764 tur,
2221 2707 2281 2753 ut
2307 2698 2515 2755 dictum
2549 2707 2652 2764 est,
2685 2700 2862 2755 solum
2887 2710 2946 2754 ut
2971 2699 3122 2753 illum
3153 2697 3296 2754 diem
3332 2696 3640 2761 detrahant,

2073 2803 2237 2860 quam
2292 2789 2532 2859 idipsum
2582 2803 2714 2844 vero
2763 2800 2955 2845 exacte
3009 2787 3236 2852 faciant,
3290 2787 3445 2858 pensi
3505 2786 3643 2842 nihil

2073 2879 2296 2939 habent.
2331 2878 2473 2946 Quin
2505 2883 2668 2935 etiam
2698 2878 2911 2933 annalis
2960 2871 3179 2933 illorum
3237 2883 3528 2947 computus
3575 2876 3644 2930 ab

2073 2987 2138 3028 eo
2176 2973 2468 3042 discrepat,
2514 2985 2676 3042 quem
2706 2986 2809 3026 nos
2839 2987 2907 3026 ex
2953 2969 3244 3026 traditione
3273 2968 3645 3026 ecclesiastica

2073 3065 2394 3119 retinemus.
2425 3062 2637 3133 Quippe
2679 3063 2749 3118 ad
2787 3078 2962 3120 annos
2993 3061 3190 3117 Adami
3220 3061 3458 3118 sedecim
3505 3061 3645 3131 adji-

2072 3156 2247 3212 ciunt.
2281 3155 2483 3211 Verum
2526 3153 2644 3212 lucc
2687 3153 2754 3209 de
2789 3154 2897 3210 illis
2929 3154 3086 3226 quasi
3122 3153 3299 3211 obiter
3330 3151 3644 3223 attigimus;

387 3247 488 3316 τὴν
513 3245 693 3300 αἰτίαν
735 3244 1058 3316 τρανοῦντες
1100 3245 1199 3316 τῆς
1225 3222 1348 3298 τῶν
1379 3222 1708 3316 *ἐμϐολίμων
1743 3245 1802 3298 ὲν
1844 3222 1962 3309 τοῖς

2068 3262 2214 3304 nunc
2257 3247 2326 3302 ad
2373 3247 2714 3318 propositum
2764 3245 3051 3301 redeamus
3079 3284 3094 3308 ,
3147 3258 3478 3314 causamque
3520 3243 3644 3297 red-

387 3337 535 3392 ετεσι
570 3337 669 3409 τῆς
690 3336 916 3408 σελήνης
943 3337 1259 3410 προσθήκης
1296 3337 1500 3411 μηνῶν.

2001 3369 2006 3373 ~
2064 3338 2296 3407 damus,
2349 3353 2449 3394 cur
2509 3335 2786 3393 embolimi
2856 3351 3076 3391 menses
3134 3334 3418 3390 lunaribus
3480 3335 3644 3390 annis

1967 3462 1971 3464 ν
2063 3435 2405 3488 inserantur.

393 3533 508 3606 Τίς,
558 3532 656 3588 καὶ
684 3532 787 3606 διὰ
820 3533 878 3586 τι
903 3531 1024 3606 τῶν
1060 3534 1392 3604 ἐμϐολίμων
1416 3535 1627 3604 μηνῶν
1661 3539 1702 3606 ἠ
1727 3538 1796 3592 ἐν
1837 3538 1962 3606 τοῖς

457 3605 618 3658 ἔτεσι
642 3602 753 3674 τῇς
798 3602 1447 3674 σελήνηςπροσθήκὴ.
1490 3602 1605 3661 Καὶ
1644 3602 1830 3663 πόθεν
1866 3602 1959 3664 ἀεὶ

455 3674 532 3748 τὸ⁸
575 3673 810 3742 πρῶτον
852 3675 1119 3748 ἄρχεται,
1158 3673 1275 3730 καὶ
1334 3676 1453 3731 ποῦ
1499 3680 1565 3730 τὸ
1618 3679 1962 3733 τελευταῖον

455 3743 645 3815 λήγει.

455 3856 555 3912 II".
585 3857 828 3930 Λέγομεν
869 3855 985 3924 οὖν,
1029 3860 1106 3924 ὡς
1137 3860 1225 3915 διὰ
1249 3860 1408 3916 τοῦτο
1441 3862 1623 3926 αὐτοῖς
1666 3862 1959 3936 ἐνεϐλήθη-

389 3964 509 4011 σαν,
549 3948 636 4003 ἵνα
674 3949 734 4018 ἐξ
776 3952 895 4015 ὲνὸς
929 3953 1022 4006 καὶ
1057 3952 1152 4006 τοῦ
1189 3953 1352 4007 αὐτοῦ
1391 3955 1558 4026 μηνὸς
1592 3954 1763 4009 ταῦτα
1794 3955 1963 4027 ψηφί-

387 4037 575 4101 ζεσθαι
598 4041 974 4106 κανονισθῶσι,
1012 4043 1086 4114 μὴ
1111 4043 1346 4116 ἀλλωςῆ
1393 4045 1536 4100 οὕτω
1572 4047 1762 4102 παθεῖν
1801 4047 1962 4102 τοῦτο

386 4128 681 4200 δυνάμενα,
719 4130 808 4184 διὰ
839 4131 938 4202 τὴν
967 4134 1052 4202 ἐφ’
1100 4135 1330 4188 ἑκάστου
1370 4137 1478 4189 τῶν
1505 4137 1698 4192 ἕνδεκα
1730 4140 1960 4212 ὑστέρη-

389 4235 475 4271 σιν
499 4221 748 4291 ,ήμερῶν,
776 4215 850 4274 ὧν
874 4223 936 4275 τὸ
956 4222 1180 4294 ήλιακὸν
1209 4223 1349 4289 ἔτος,
1389 4226 1489 4278 οὐκ
1517 4227 1638 4297 ἔχον
1663 4227 1761 4299 τὴν
1792 4229 1962 4282 ἔλλει-

385 4309 500 4380 ψιν,
532 4312 592 4378 ἐξ
631 4311 749 4375 ἐνὸς
785 4313 879 4366 καὶ
908 4313 1003 4366 τοῦ
1033 4314 1194 4368 αὐτοῦ
1228 4318 1395 4386 μηνὸς
1423 4319 1723 4390 ἀρχόμενον
1744 4322 1831 4376 ἀεὶ
1863 4339 1964 4376 κα-

387 4402 686 4466 νονίζεται⁹
731 4403 876 4472 λέγω
911 4403 974 4475 δὴ
1014 4404 1108 4457 τοῦ
1143 4407 1360 4477 ὲαρινοῦ
1395 4410 1487 4461 καὶ
1533 4409 1630 4481 τὴν
1675 4412 1962 4484 ἰσημερίαν

388 4490 632 4562 ἔχοντοςο
681 4494 741 4557 ὃς
796 4497 914 4548 ἐστι
958 4496 1096 4550 κατά
1148 4496 1248 4567 μὲν
1300 4498 1601 4568 Ῥωμαίους
1665 4501 1960 4574 Ἀπρίλιος,

2066 3544 2225 3616 175
2254 3542 2622 3616 Quanamst’t,
2647 3551 2698 3598 et
2721 3557 2824 3612 qua
2843 3540 2906 3595 de
2924 3557 3092 3616 causa
3135 3540 3234 3616 ﬁat
3259 3540 3313 3594 in
3332 3540 3648 3616 annisllmwa

2133 3609 2389 3669 ἧιῖηδῖιιηι
2426 3609 2825 3668 ειηὺοίὶηιονιιηι
2865 3611 3111 3680 adjectio.
3138 3609 3143 3610 ⁷
3167 3610 3305 3664 Item
3354 3609 3491 3663 unde
3533 3626 3647 3676 pcr-

2131 3694 2284 3756 petuo
2347 3685 2550 3754 primus
2621 3699 2790 3737 annus
2850 3679 3028 3747 ineat,
3091 3689 3141 3735 et
3200 3679 3291 3734 ubi
3347 3691 3651 3747 postremus

2024 3793 2039 3821 ε,
2133 3756 2378 3826 desinat]

2135 3866 2273 3924 Xlll.
2299 3867 2390 3923 Sic
2424 3867 2588 3940 igitur
2623 3866 2935 3929 statuimus,
2969 3863 3040 3919 ob
3073 3876 3193 3918 eam
3222 3875 3446 3917 causam
3475 3861 3642 3916 inseri

2062 3976 2282 4017 menses
2303 3961 2448 4024 illos,
2472 3966 2530 4014 ut
2547 3958 2614 4013 ab
2631 3973 2739 4013 uno
2755 3957 3052 4026 eodemque
3064 3968 3248 4010 mense
3262 3960 3523 4023 perpetuo
3539 3954 3645 4006 cal-

2063 4054 2222 4108 culus
2249 4051 2510 4122 procedat
2541 4067 2554 4102 :
2591 4048 2738 4119 quod
2770 4047 2928 4102 aliter
2964 4048 3020 4100 in
3053 4045 3212 4100 annis
3245 4043 3368 4100 istis
3397 4044 3635 4098 obtineri

2063 4160 2176 4201 non
2207 4152 2410 4216 potest,
2439 4143 2702 4214 quoniam
2737 4140 2938 4211 singuli
2983 4137 3178 4192 diebus
3221 4136 3478 4190 undecim
3509 4134 3646 4190 deti-

2065 4238 2261 4304 ciunt;
2305 4251 2415 4307 quo
2457 4235 2674 4290 defectu
2722 4247 2850 4287 cum
2896 4232 3096 4287 solaris
3137 4245 3318 4286 annus
3354 4237 3546 4291 vacet,
3575 4243 3645 4282 ex

2064 4329 2257 4384 eodem
2315 4341 2530 4396 semper
2588 4325 2768 4389 initio,
2827 4324 3085 4378 nimirum
3141 4337 3314 4378 verno
3370 4331 3426 4376 et
3479 4319 3646 4389 aequi-

2065 4421 2289 4476 noctiali
2319 4434 2528 4484 mense,
2547 4417 2950 4488 proﬁciscitur;
2980 4430 3139 4485 quem
3167 4414 3385 4485 quidem
3407 4409 3643 4466 Romani

2065 4509 2306 4579 Aprilem
2352 4501 2588 4571 vocant,‘
2631 4507 2952 4562 Macedones
3002 4505 3355 4567 Xanthicum,
3399 4501 3639 4572 Egyptii

387 4585 530 4638 κατά
577 4585 634 4638 δὲ
678 4587 994 4652 Μακεδόνας
1034 4566 1314 4656 Ξανθικὸς,
1346 4566 1488 4645 κατά
1532 4591 1589 4644 δὲ
1633 4566 1960 4662 Αἰγυπτίους

2068 4566 2408 4663 Ρίιπιηιιῑιιῑ,
2441 4598 2652 4654 Hebraei
2695 4598 2866 4654 Nisan
2907 4618 2920 4653 ε
2963 4598 3052 4654 cui
3096 4596 3297 4650 Arietis
3338 4566 3560 4664 signum
3589 4592 3642 4646 in

386 4675 683 4748 Φαρμουθὶ,
719 4677 858 4731 κατά
892 4679 949 4731 δὲ
1000 4679 1282 4750 Ἑϐραίους
1320 4681 1494 4736 Νισάν
1516 4699 1530 4713 ·
1567 4685 1662 4736 καὶ¹
1693 4683 1835 4737 κατὰ
1871 4685 1962 4738 τὸν

388 4765 649 4832 ζωδιακὸν
676 4765 866 4840 [ἥλιον]
897 4768 927 4819 ὁ
967 4766 1256 4839 λεγόμενος
1297 4772 1448 4841 παρά
1489 4775 1599 4835 τοῖς
1637 4772 1742 4839 ἔξω
1770 4773 1958 4844 Κριός.

399 4858 616 4930 Ἐπειδὴ
646 4859 752 4931 γάρ
787 4860 908 4913 καθ’
945 4861 1172 4914 ἕκαστον
1200 4861 1317 4925 ἔτος
1357 4865 1537 4926 αὐτοῖς
1574 4865 1608 4935 ή
1657 4863 1852 4935 σελήνη
1897 4867 1962 4935 τῇ

385 4951 493 5004 τῶν
513 4953 816 5024 εἰρημένων
841 4959 908 5006 ια’
930 4955 1154 5026 ἡμερῶν
1174 4955 1404 5024 ἐλλείψει
1437 4956 1724 5020 τοσαύταις
1754 4957 1960 5028 ὑποκα-

384 5041 732 5106 ταϐαίνουσα,
767 5043 866 5115 τὴν
914 5045 1006 5114 ἀφ’
1037 5040 1106 5116 ἦς
1137 5045 1336 5117 ἤρξατο
1381 5046 1616 5118 ήμέραν,
1657 5049 1754 5118 οὐχ
1789 5048 1886 5102 ἕνα
1919 5048 1966 5079 ⁸⁸

385 5132 480 5184 καὶ
518 5133 608 5186 τὸν
636 5135 797 5187 αὐτὸν
843 5135 1102 5207 κέκτηται
1143 5139 1318 5209 ἀρχὴν
1352 5138 1395 5169 ⁸⁷
1432 5139 1596 5210 μῆνα,
1645 5139 1806 5210 δῆλον
1835 5142 1962 5195 ὄντα

387 5223 539 5294 παρά
579 5227 703 5289 τοὺς
734 5227 945 5291 ἄλλους,
976 5229 1112 5281 ἀλλά
1152 5230 1356 5293 πάντας
1381 5230 1596 5301 ἐπίσης,
1642 5234 1707 5286 ὲκ
1737 5232 1832 5286 τοῦ
1873 5235 1963 5287 διὰ

388 5315 604 5369 πάντων
645 5317 765 5370 καθ’
809 5318 998 5389 εἱρμὸν
1060 5321 1436 5385 ἀναποδίζειν·
1495 5322 1569 5386 ὼς
1613 5324 1958 5394 άσημείωτον

392 5407 638 5462 ἐντεῦθεν
666 5410 930 5482 ὑπάρχειν
946 5411 1131 5468 λοιπὸν
1159 5415 1258 5484 τὴν
1280 5414 1324 5446 ⁸⁸
1349 5415 1456 5467 τῶν
1480 5416 1647 5487 αὐτῆς
1670 5419 1958 5488 νεομηνίας

386 5498 542 5553 ἐτῶν.
601 5501 666 5555 Ἥ
685 5503 905 5574 τεχνικὴ
945 5504 1121 5576 ψῆφος
1163 5503 1302 5575 αὕτη
1338 5506 1432 5559 καὶ
1472 5507 1691 5577 μέθοδος
1737 5509 1958 5577 γέγονεν

384 5593 472 5646 ἔπ’
491 5594 659 5666 αὐτῆς
686 5595 827 5648 κατά
853 5595 950 5668 τὴν
967 5597 1076 5650 τῶν
1104 5598 1243 5650 ἑπτά
1264 5597 1571 5668 ὲμϐολίμων
1599 5600 1916 5672 προσθήκην
1939 5618 1952 5632 ο

456 5748 501 5780 ⁸³
530 5748 570 5812 f.
604 5750 945 5815 ἱπικτίοιως.
1037 5752 1082 5785 ⁸⁸
1114 5753 1153 5808 f.
1189 5751 1285 5818 τῷ.

1362 5753 1408 5784 ⁸⁸
1435 5752 1475 5820 Ι.
1505 5754 1788 5811 ἀστασίαν.
1865 5756 1909 5788 ⁸⁸
1944 5756 1986 5822 f.
2019 5757 2080 5811 οὺ
2114 5757 2236 5812 καθ’
2265 5758 2380 5815 ἱνα.
2457 5759 2501 5792 ⁸⁷
2529 5758 2569 5826 f.
2603 5755 2702 5826 τὴν
2728 5757 2820 5827 ἀρ.

2069 4691 2308 4747 Zodiaco
2361 4690 2674 4762 respondet.
2731 4689 2945 4745 Etenim
3002 4688 3258 4758 quoniam
3303 4687 3432 4739 luna
3483 4693 3646 4754 quot-

2072 4783 2232 4838 annis
2255 4781 2508 4836 undecim
2540 4781 2754 4842 diebus,
2778 4788 2838 4834 ut
2855 4780 3112 4843 diximus,
3137 4777 3320 4846 a_solis
3343 4791 3486 4829 anno
3514 4775 3646 4828 deti-

2072 4873 2246 4935 ciens,
2280 4871 2504 4926 totidem
2533 4886 2680 4932 eum,
2716 4869 2862 4923 unde
2889 4882 3183 4938 progressa
3220 4877 3324 4930 est,
3353 4865 3645 4919 antevertit

2067 4960 2210 5014 diem
2241 4978 2256 5026 ;
2288 4959 2410 5014 ideo
2441 4975 2548 5013 non
2577 4966 2786 5014 certum
2823 4959 2987 5014 habet
3024 4973 3088 5012 ac
3118 4958 3283 5012 ﬁxum
3322 4957 3376 5010 in
3401 4971 3512 5009 uno
3539 4956 3642 5008 ali-

2066 5065 2197 5120 quo,
2225 5060 2278 5105 et
2308 5050 2448 5104 inter
2483 5059 2713 5104 caeteros
2746 5049 3043 5104 manifesto
3071 5064 3261 5104 mense
3290 5049 3643 5119 principium,

2067 5144 2162 5198 sed
2221 5143 2292 5196 ab
2339 5143 2595 5198 omnibus
2649 5142 2930 5211 aequaliter
2983 5142 3216 5212 incipit,
3271 5141 3416 5211 quod
3453 5157 3652 5196 omnes

2065 5235 2514 5305 retrogrcdiendo
2565 5234 2883 5304 singillatim
2931 5241 3202 5304 peragret,
3254 5233 3391 5288 adeo
3434 5241 3494 5286 ut
3547 5232 3651 5286 οὓς

2068 5342 2290 5381 scurum
2323 5327 2417 5391 sit,
2460 5342 2561 5382 nec
2593 5327 2702 5380 ulla
2730 5336 2882 5380 certa
2919 5334 3043 5378 nota
3075 5325 3358 5378 deﬁnitum
3396 5325 3641 5384 initium,

2066 5434 2098 5472 a
2133 5435 2243 5491 quo
2289 5421 2590 5476 neomenize
2630 5421 2776 5475 illius
2825 5421 3094 5473 oriantur.
3135 5418 3278 5472 Hinc
3310 5418 3648 5471 artiﬁciosns

2065 5511 2169 5566 iste
2213 5519 2506 5581 computus
2559 5527 2623 5564 ac
2670 5511 2963 5566 methodus
3011 5509 3304 5563 adhibetur
3347 5509 3641 5577 ejusmodi.

2063 5602 2120 5656 in
2136 5618 2242 5674 qua
2264 5614 2468 5674 septem
2493 5603 2766 5658 adduntur
2781 5601 3056 5656 embolimi
3086 5616 3300 5655 menses
3325 5619 3338 5653 :
3358 5599 3437 5652 uti
3462 5615 3648 5669 quent-

2900 5757 2943 5788 “
2978 5755 3020 5826 f-
3055 5754 3154 5826 τὴν
3183 5755 3381 5827 ἀρχήν·
