4132 6410
464 373 597 430 1251

1451 367 1542 422 AD
1582 366 1850 423 EUSEBII
1888 366 2290 424 CHRONICON
2333 366 2708 424 APPENDIX.

3579 371 3718 425 19.33

463 482 756 540 admodum
797 485 900 549 sol,
933 484 1011 539 sic
1054 483 1145 536 illa
1196 481 1265 536 alt
1317 495 1425 536 uno
1489 481 1788 552 eodemque
1850 496 2020 537 menst

2137 481 2213 546 ὡς
2243 480 2310 536 ἂν
2337 480 2400 547 ἐξ
2431 481 2548 546 ἐνὸς
2580 483 2674 535 καὶ
2705 479 2798 534 τοῦ
2840 477 3006 532 αὑτοῦ
3050 477 3239 550 μηνὸς,
3275 479 3464 552 ὥσπερ
3489 483 3519 536 ό
3545 483 3714 556 ἥλιος,

461 583 666 632 certam
713 573 1091 646 proﬁciscendi
1143 572 1383 642 regulam
1429 584 1492 624 ac
1545 570 2036 625 dinumerationem

461 667 677 723 habeat.
719 665 945 720 Accedit
975 673 1029 719 et
1065 664 1172 718 alia
1210 678 1399 729 causa,
1431 664 1692 718 nimirum
1718 673 1774 717 ut
1821 663 2036 718 decem-

459 758 781 814 novennalis
813 756 1057 812 circulus
1097 763 1270 822 totus,
1319 755 1486 811 unius
1539 757 1668 810 anni
1707 757 1907 812 solaris
1945 757 2034 810 in-

459 859 596 912 star,
647 849 884 919 undique
927 863 1023 918 par
1061 847 1167 903 sibi
1207 862 1271 901 ac
1308 846 1506 902 similis
1543 847 1814 914 exsistat;
1849 854 2036 919 utpote

459 945 528 998 ab
559 943 747 998 eodem
783 952 986 1012 puncto
1011 941 1389 1011 progrediens,
1421 948 1474 995 et
1500 941 1554 993 in
1587 939 1730 995 idem
1771 949 2034 1013 perpetuo

457 1035 716 1090 desinens
749 1053 761 1088 :
793 1040 852 1086 ut
882 1033 1116 1101 exempli
1158 1047 1324 1086 causa
1346 1073 1359 1094 ,
1404 1032 1580 1101 primo
1634 1047 1779 1088 anno
1817 1048 2034 1104 semper

456 1146 485 1182 a
525 1128 614 1183 die
648 1126 826 1181 Martii
873 1141 1009 1179 xxm
1049 1125 1284 1195 incipit:
1328 1125 1520 1180 ultimo
1568 1126 1696 1179 item
1741 1139 1904 1190 anno,
1936 1125 2031 1196 qui

454 1226 538 1275 est
591 1235 773 1274 nonus
825 1217 1094 1280 decimus,
1146 1216 1201 1270 in
1255 1216 1499 1285 ejusdem
1556 1215 1736 1270 Martii
1783 1231 1898 1270 χχιι
1941 1215 2032 1272 die

454 1311 660 1366 ﬁnitur.
715 1311 792 1366 Ac
829 1308 899 1365 de
963 1311 1172 1379 epactis
1226 1307 1388 1372 lunae,
1440 1315 1496 1362 et
1539 1307 1848 1364 embolimis
1900 1307 2031 1362 hac-

454 1412 635 1458 tenus.

945 1620 1022 1676 De
1058 1637 1231 1676 mense
1262 1619 1538 1677 Paschali.

519 1753 664 1813 XIV.
695 1753 959 1824 Deinceps
996 1767 1128 1808 vero
1158 1760 1213 1808 et
1244 1753 1337 1808 ille
1365 1752 1644 1810 notandus
1669 1762 1755 1810 est
1791 1755 2021 1822 mensis,

2137 571 2280 624 οὕτω
2300 571 2364 643 δή
2403 574 2499 626 καὶ⁹
2555 571 2694 642 αὕτη
2739 571 3090 642 κανονίζηται
3127 572 3221 624 καὶ
3259 571 3580 645 ψηφίζηται.
3607 578 3718 631 Καὶ

2137 664 2199 716 ού
2230 663 2384 717 τοῦτο
2423 665 2602 734 μόνον,
2639 663 2753 718 ἀλλ’
2790 664 2876 716 ἵνα
2919 663 3013 717 καὶ
3051 663 3126 726 ὡς
3159 658 3240 727 εἷς
3281 665 3526 742 ἐνιαυτὸς
3563 667 3717 739 ήλίου

2137 756 2400 810 πάντοθεν
2437 755 2629 810 ἐαυτὸν
2663 757 2706 789 ⁸⁸
2748 756 3033 826 τυγχάνων
3069 756 3181 820 ῐσος
3213 758 3308 810 καὶ
3347 757 3532 829 ὅμοιος
3555 760 3584 811 ὁ
3609 761 3717 824 πᾶς

2136 849 2234 920 τῆς
2256 849 2888 920 ἐννεακαιδεκαετηρίδος
2916 849 3116 911 κύκλος
3138 849 3319 920 δειχθῇ
3342 866 3356 880 ·
3390 849 3466 912 ὡς
3492 851 3601 903 ἀπὸ
3618 851 3714 904 τοῦ

2134 940 2300 994 αὑτοῦ
2331 943 2411 1004 εἰς
2451 942 2512 995 τὸ
2567 941 2698 995 αὐτὸ
2746 943 2969 1011 σημεῖον
2999 940 3296 1012 ἀρχόμενός
3330 958 3389 994 τε
3414 941 3510 994 καὶ
3545 959 3716 1013 περα-

2134 1031 2394 1102 τούμενος
2415 1051 2428 1063 ·
2461 1029 2572 1086 οἷον
2611 1033 2750 1087 κατὰ
2782 1033 2880 1104 μὲν
2895 1033 2956 1084 τὸ
2985 1033 3198 1104 πρῶτον
3225 1034 3341 1097 Ero;
3376 1034 3540 1086 αὐτοῦ
3575 1034 3714 1106 λαμ-

2133 1126 2314 1181 ϐάνων
2351 1128 2438 1180 ἀεὶ
2484 1128 2583 1199 τὴν
2612 1128 2784 1200 ἀρχὴν
2822 1130 2879 1180 ἐν
2923 1129 2990 1198 τῇ
3031 1127 3124 1178 τοῦ
3165 1127 3408 1199 Μαρτίου
3443 1129 3610 1199 μηνὸς
3633 1131 3714 1181 εἰ-

2132 1217 2252 1271 κάδι
2285 1219 2442 1290 τρίτῃ
2463 1236 2476 1248 ·
2511 1219 2650 1272 κατὰ
2691 1219 2749 1272 δὲ
2780 1218 2840 1272 τὸ
2882 1218 3207 1281 τελευταῖον,
3236 1219 3405 1289 ἤγουν
3440 1219 3502 1272 τὸ
3533 1221 3720 1274 ἐννεαά

2130 1311 2469 1373 καιδέκατον,
2498 1311 2560 1365 τὸ
2597 1312 2748 1375 τέλος
2783 1311 3070 1381 δεχόμενος
3105 1312 3248 1366 κατὰ
3279 1312 3376 1382 τήν
3418 1310 3512 1365 τοῦ
3544 1312 3708 1366 αὑτοῦ

2133 1402 2300 1473 μηνὸς
2326 1401 2515 1456 είκάδα
2541 1401 2818 1473 δευτέραν.
2846 1403 3031 1457 Ταῦτα
3053 1398 3145 1456 οὖν
3173 1403 3269 1456 καὶ
3304 1403 3432 1474 περὶ
3453 1402 3709 1457 ἐπακτῶν

2130 1493 2383 1564 σελήνης,
2419 1493 2648 1547 καὶτῶν
2681 1494 3017 1564 ἐμϐολίμων.

2462 1626 2602 1696 Περὶ
2639 1627 2745 1681 τοῦ
2777 1628 3131 1695 Πασχαλὶου
3157 1627 3372 1696 μηνός.

2199 1760 2296 1813 1Δ’.
2327 1761 2418 1812 Δεῖ
2444 1759 2501 1813 δὲ
2526 1759 2665 1814 κατὰ
2693 1759 2754 1814 τὸ
2792 1758 3083 1814 ἀκόλουθον
3114 1759 3562 1832 ἐπισημήνασθαι
3609 1759 3708 1814 καὶ

447 1851 544 1922 qui
591 1847 837 1903 omnium
894 1859 1164 1900 annorum
1224 1844 1366 1899 lunae
1423 1848 1739 1902 neomenias
1789 1847 1845 1902 in
1899 1862 2020 1903 sese

2125 1849 2290 1903 αὐτὸν
2317 1850 2408 1904 τὸν
2453 1851 2598 1922 μῆνα
2639 1851 2732 1905 τὸν
2767 1851 2900 1906 εἴσω
2931 1850 3126 1906 ἐαυτοῦ
3164 1824 3398 1921 τὰςῖτιῖλν
3425 1852 3563 1906 ὅλων
3603 1852 3704 1923 τῆς

451 1943 690 1999 continet
724 1961 738 1996 :
770 1955 932 2011 quem
970 1946 1258 2010 propterea
1298 1937 1520 2008 quidam
1566 1938 1886 1996 Paschalem
1929 1957 2023 1997 no-

451 2036 660 2090 minant
707 2054 723 2090 :
774 2034 917 2088 unde
952 2040 1006 2088 et
1056 2033 1273 2087 initium
1322 2033 1488 2088 ducat
1531 2039 1584 2087 et
1636 2033 1731 2086 ubi
1784 2033 2021 2089 desinat.

450 2125 696 2181 Dicimus
743 2125 929 2195 itaque
986 2125 1152 2195 hujus
1209 2124 1428 2180 initium
1489 2139 1612 2179 esse
1659 2123 1836 2178 Martii
1880 2141 2017 2193 vnn;

454 2219 616 2274 ﬁnem
643 2219 846 2289 Aprilis
874 2235 928 2274 v.
968 2216 1104 2272 Nam
1137 2218 1204 2273 ab
1237 2218 1331 2273 illa
1367 2217 1458 2274 die
1498 2217 1566 2272 ad
1607 2217 1769 2282 hanc,
1810 2219 2020 2276 solidus

449 2309 594 2363 lunae
636 2307 843 2363 mensis
896 2305 1189 2362 intercedit
1225 2307 1438 2362 dierum
1478 2324 1630 2362 ηις.
1658 2305 1763 2364 Per
1796 2309 2020 2365 totidem

449 2399 594 2456 enim
639 2398 785 2452 ultro
847 2396 1096 2467 citroque
1164 2409 1475 2454 commeant
1550 2397 1699 2453 illius
1748 2413 2018 2454 annorum

447 2489 770 2556 neomeniaa,
825 2495 1048 2560 propter
1093 2489 1349 2545 undecim
1406 2489 1546 2555 dies,
1601 2491 1802 2560 quibus
1852 2491 2018 2546 iidem

447 2578 707 2636 deﬁciunt
742 2577 894 2644 anni,
923 2588 978 2632 et
1007 2577 1265 2644 tricenos,
1293 2577 1388 2649 qui
1428 2595 1524 2650 per
1551 2579 2019 2636 intercalationem

449 2667 741 2723 adduntur.
791 2665 882 2722 Sic
906 2674 960 2721 et
997 2677 1203 2736 quartae
1238 2667 1479 2731 decimae,
1507 2683 1628 2737 quae
1655 2682 1686 2722 a
1716 2669 2018 2724 neomeniis

447 2760 644 2818 deinde
671 2758 996 2831 procedunt,
1026 2759 1082 2814 in
1127 2773 1265 2829 quas
1305 2758 1516 2814 Pascha
1540 2758 1852 2816 Iudaeorum
1880 2761 2018 2816 inci-

447 2852 546 2919 dit,
573 2851 764 2908 eodem
807 2849 970 2905 modo
1012 2865 1232 2906 sursum
1285 2851 1653 2923 deorsumque
1685 2860 1946 2924 promotae
1984 2869 2016 2908 a

453 2960 542 3000 ut
584 2943 672 3000 die
710 2943 889 2998 Martii
928 2943 1206 3014 capientes
1233 2943 1543 3011 exordium,
1576 2945 1782 3016 Aprilis
1813 2953 2014 3001 octava

449 3037 658 3093 decima
689 3035 1069 3092 terminantur.
1104 3035 1314 3091 Etenim
1347 3037 1415 3092 ad
1438 3037 1580 3091 hanc
1609 3037 1677 3092 ab
1705 3037 1800 3091 illa
1820 3050 2014 3091 novem

445 3135 501 3183 et
524 3126 715 3198 viginti
738 3133 1098 3181 numerantur
1124 3126 1262 3182 dies.
1293 3126 1483 3182 Annus
1516 3127 1680 3192 lunae,
1706 3127 1800 3196 qui
1831 3139 2013 3180 remo—
2041 3155 2084 3215 α

443 3216 717 3272 tissimam
785 3216 1034 3270 omnium
1098 3215 1474 3279 neomeniam,
1534 3223 1589 3271 et
1661 3213 2014 3286 quartamde-

443 3309 642 3364 cimam
694 3307 892 3372 habet,
931 3315 1017 3363 est
1065 3306 1310 3363 decimus
1355 3315 1542 3364 sextus
1568 3325 1586 3365 :
1615 3307 1709 3379 qui
1749 3310 2012 3378 citimam,

443 3411 692 3459 octavus.

447 3702 523 3756 De
574 3701 961 3755 transcensione
1010 3699 1194 3770 legalis
1237 3698 1543 3765 Paschalis,
1593 3717 1656 3755 ac
1683 3701 1748 3758 de
1785 3704 2009 3758 solemni

516 3772 839 3843 Christiano,
870 3789 903 3824 a
938 3786 1041 3841 qua
1061 3769 1146 3824 die
1177 3771 1231 3824 in
1258 3787 1419 3843 quam
1459 3769 1680 3840 produci
1726 3774 2012 3828 secundum

513 3857 764 3896 canonem
797 3842 973 3895 liceat.

514 3975 630 4031 XV.
674 3975 941 4042 Quocirca
973 3989 1098 4039 nos,
1128 3974 1333 4045 quibus
1363 3976 1666 4031 secundum
1696 3979 1924 4047 gratiam
1955 3994 2012 4033 tn

447 4087 467 4121 ι
525 4069 731 4140 azymis
761 4067 1093 4124 sinceritatis
1149 4066 1202 4138 (Ι
1244 4067 1368 4123 Cor.
1411 4085 1485 4138 γ,
1526 4069 1581 4141 8)
1622 4091 1640 4122 ι
1685 4070 1890 4126 Christi
1917 4070 2012 4128 Dei

441 4163 616 4218 nostri
649 4160 862 4216 Pascha
891 4161 1167 4216 celebrare
1194 4161 1534 4227 conceditur,
1569 4177 1734 4217 unam
1770 4170 2012 4217 tantum-

441 4253 604 4308 modo
640 4253 784 4309 diem
827 4251 1290 4317 transcendimus,
1339 4253 1555 4324 quoties
1605 4253 1664 4309 in
1710 4253 2009 4308 Sabbatum

441 4343 768 4400 incidentem
820 4344 1096 4401 cernimus
1147 4343 1328 4399 Martii
1385 4361 1478 4399 xu
1533 4343 1699 4410 diem,
1748 4345 1804 4399 in
1845 4359 2011 4416 quam

2125 1939 2353 2012 σελήνης
2410 1941 2548 1994 ἐτῶν
2579 1942 2870 2012 νεομηνίας
2910 1941 3244 2012 κεκτημένον
3267 1958 3282 1972 ·
3325 1941 3384 1996 ὃν
3417 1940 3505 1994 διὰ
3547 1940 3704 1994 τοῦτο

2123 2030 2216 2083 καί
2265 2049 2412 2096 τινες
2445 2032 2754 2103 Πασχάλιον
2800 2033 3158 2104 ὀνομάζουσι’
3209 2032 3372 2086 πόθεν
3413 2027 3566 2096 οὗτος
3603 2034 3704 2104 τὴν

2121 2121 2298 2193 ἀρχὴν
2323 2122 2457 2192 ἔχει,
2485 2123 2580 2177 καὶ
2613 2123 2715 2176 ποῦ
2748 2123 2810 2177 τὸ
2834 2124 3007 2188 τέλος.
3032 2125 3216 2196 Φαμὲν
3235 2119 3349 2188 οὖν,
3376 2124 3453 2187 ὡς
3475 2124 3574 2196 τὴν
3603 2125 3702 2196 μὲν

2119 2210 2294 2282 ἀρχὴν
2322 2210 2606 2282 ἔχεικατὰ
2642 2212 2740 2283 τὴν
2785 2212 2880 2266 τοῦ
2929 2213 3174 2285 Μαρτίου
3199 2213 3367 2285 μηνὸς
3407 2220 3480 2284 η’,
3527 2213 3590 2267 τὸ
3645 2215 3701 2268 δέ

2119 2299 2270 2364 τέλος
2315 2299 2458 2354 κατὰ
2503 2301 2604 2374 τήν
2649 2301 2744 2356 τοῦ
2789 2303 3066 2375 Ἀπριλίου
3106 2310 3170 2360 ε’.
3215 2305 3302 2371 Ἐξ
3336 2304 3550 2376 ἐκείνης
3589 2306 3701 2378 γὰρ

2122 2392 2285 2464 μέχρι
2316 2393 2519 2463 ταύτης
2545 2393 2652 2466 μὴν
2681 2395 2917 2466 ὑπάρχει
2954 2395 3181 2468 σελήνης
3203 2395 3512 2469 ὁλόκληρος,
3545 2414 3701 2450 τουτ-

2118 2485 2233 2539 έστι
2279 2485 2359 2539 κθ⁹
2403 2485 2628 2559 ἡμέραι.
2656 2486 2756 2540 Διὰ
2790 2487 3060 2542 τοσούτων
3094 2489 3201 2561 γάρ
3229 2490 3414 2544 ἀνίασι
3441 2491 3538 2544 καὶ
3565 2507 3701 2544 κατ-

2121 2576 2232 2631 ίασι
2257 2575 2325 2630 τὰ
2347 2575 2546 2648 ταύτης
2578 2576 2674 2650 ἔτη
2699 2579 2839 2633 κατὰ
2887 2579 2986 2650 τὴν
3033 2579 3210 2632 αὐτῶν
3242 2579 3533 2652 νεομηνίαν
3561 2580 3624 2634 ἐκ
3642 2597 3702 2634 τε

2115 2667 2218 2737 τῆς
2261 2667 2370 2721 τῶν
2395 2673 2463 2719 ια’
2494 2667 2716 2738 ήμερῶν
2745 2667 3055 2738 ἐκλείψεως,
3083 2668 3178 2721 καὶ
3200 2668 3297 2739 τῆς
3326 2667 3434 2722 τῶν
3465 2668 3508 2720 λ’
3542 2668 3704 2722 πάλιν

2117 2756 2353 2828 ἐμϐολῆς
2399 2757 2496 2811 καὶ
2551 2759 2890 2830 προσθήκης.
2931 2757 3088 2812 Οὕτω
3129 2757 3186 2812 δὲ
3250 2760 3344 2813 καὶ
3389 2760 3446 2812 αἱ
3485 2759 3550 2813 ἐκ
3592 2759 3704 2813 τῶν

2115 2850 2417 2922 νεομηνιῶν
2438 2846 2594 2914 αὖθις
2620 2853 2994 2922 προαγόμεναι
3023 2851 3698 2924 τεσσαρεσκαιδεκαταῖαι,

2115 2940 2238 2994 καθ’
2267 2940 2334 3003 ἃς
2373 2940 2645 3013 Ἑϐραίοις
2673 2941 2734 2995 τὸ
2763 2943 2956 3014 Πάσχα
2991 2942 3248 3006 τελεῖται,
3289 2942 3429 2997 κατὰ
3462 2943 3555 2995 τὸν
3584 2943 3699 2996 ἴσον

2116 3033 2473 3104 ἐπαιρόμεναι
2515 3033 2610 3088 καὶ
2635 3034 2956 3106 καθιέμεναι
2997 3036 3219 3107 τρόπον,
3263 3034 3361 3106 τὴν
3392 3035 3490 3106 μὲν
3523 3034 3700 3106 ἀρχὴν

2117 3122 2297 3193 έχουσι
2327 3125 2466 3179 κατὰ
2501 3126 2602 3197 τὴν
2635 3127 2825 3181 εἰκάδα
2863 3126 3084 3200 πρώτην
3126 3127 3220 3182 τοῦ
3252 3126 3517 3199 Μαρτίου,
3545 3127 3608 3181 τὸ
3642 3127 3704 3181 δὲ

2117 3214 2270 3278 τέλος
2295 3214 2437 3268 κατὰ
2471 3215 2571 3288 τὴν
2609 3216 2885 3288 Ἀπριλίου
2917 3225 3006 3289 ιη’.
3049 3219 3168 3272 Ἀπ’
3202 3219 3420 3290 ἐκείνης
3458 3217 3569 3290 γὰρ
3595 3217 3700 3282 ἐως

2116 3303 2319 3376 ταύτης
2351 3304 2430 3358 κθ¹
2479 3305 2639 3360 πάλιν
2681 3307 2886 3378 ήμέραι
2929 3309 3308 3379 τυγχάνουσιν.
3340 3309 3498 3362 Ἔστι
3545 3307 3602 3362 δέ
3639 3307 3704 3361 τὸ

2117 3395 2216 3467 τήν
2235 3398 2550 3470 κατωτέραν
2582 3399 2772 3454 πασῶν
2793 3399 2904 3453 τῶν
2931 3401 3232 3472 νεομηνιῶν
3254 3400 3547 3472 νεομηνίαν
3574 3417 3698 3453 τεσ-

2121 3493 2622 3562 σαρεσκαιδεκάτην
2658 3493 2708 3524 ⁷ο
2756 3491 3078 3563 ποιούμενον
3118 3491 3240 3556 ἔτος
3281 3491 3509 3565 σελήνης
3541 3491 3602 3545 τὸ
3640 3490 3703 3556 ἐξ

2117 3583 2213 3636 καὶ
2239 3583 2461 3638 δέκατον
2480 3601 2494 3616 ·
2527 3585 2587 3638 τὸ
2616 3584 2673 3638 δὲ
2697 3584 2795 3656 τὴν
2816 3585 3094 3658 άνωτέραν
3120 3585 3182 3639 τὸ
3210 3592 3281 3656 η’.

2117 3715 2257 3783 Περὶ
2289 3713 2401 3784 τῆς
2440 3715 2592 3768 κατὰ
2628 3715 2695 3768 τὸ
2741 3715 2991 3784 νομικὸν
3032 3714 3246 3783 Πάσχα
3291 3714 3699 3784 ὐπερϐάσεως,

2186 3784 2287 3858 καί
2308 3783 2416 3858 τῆς
2437 3785 2586 3838 κατὰ
2608 3783 2866 3858 Χριστόν
2894 3785 3166 3858 τελετῆς,
3182 3787 3275 3858 Δἐκ
3316 3783 3493 3854 ποίας
3523 3783 3699 3858 αὕτη,

2189 3854 2287 3909 καὶ
2315 3854 2491 3924 μέχρι
2515 3855 2690 3920 ποίας
2715 3855 2939 3925 ἡμέρας
2958 3856 3342 3917 κανονίζὲται.

2187 3989 2287 4042 lE'.
2320 3987 2520 4060 Διόπερ
2546 3989 2710 4060 ἡμεῖς
2739 3990 2953 4045 οἱκατὰ
2983 3991 3144 4064 χάριν
3171 3991 3230 4046 ἐν
3259 4011 3278 4045 ι
3303 3991 3535 4064 ἀζύμοις
3566 3995 3699 4047 είλιο

2117 4078 2359 4150 κρινείας
2399 4098 2420 4130 ι
2455 4079 2516 4132 τὸ
2554 4081 2694 4136 κατὰ
2720 4083 2953 4154 Χριστὸν
2990 4083 3083 4138 τὸν
3120 4084 3252 4138 Θεὸν
3277 4087 3434 4157 ἡμῶν
3459 4089 3697 4162 ἠξιωμέ-

2116 4187 2195 4224 νοι
2250 4169 2442 4242 Πάσχα
2499 4172 2691 4238 τελεῖν,
2754 4174 2829 4238 ὡς
2885 4176 3013 4244 μίαν
3061 4176 3228 4248 μόνην
3281 4180 3699 4254 ὑπερϐαίνοντες

2117 4262 2350 4333 ἡμέραν,
2383 4263 2470 4316 ὅτε
2493 4264 2756 4337 Σαϐϐάτῳ
2789 4267 3092 4335 φθάνουσαν
3132 4269 3336 4342 ῐδοιμεν
3373 4271 3471 4343 τὴν
3508 4274 3698 4327 εἰκάδα

2117 4353 2342 4426 πρώτην
2371 4355 2466 4408 τοῦ
2494 4356 2744 4427 Μαρτίου
2773 4359 2960 4429 μηνὸς,
2990 4359 3112 4412 καθ’
3151 4362 3218 4432 ἢν
3266 4366 3502 4435 συναντᾷ
3527 4367 3622 4420 καὶ
3662 4367 3696 4436 ἡ

439 4435 583 4490 lunae
623 4434 832 4490 decima
864 4441 1063 4504 quarta
1097 4434 1396 4504 competit;
1437 4442 1691 4505 septenos
1727 4449 1857 4490 vero
1892 4434 2010 4491 dies

2119 4445 2180 4499 ιδ’
2206 4444 2301 4498 τοῦ
2334 4445 2570 4514 φέγγους
2589 4461 2603 4475 ⁶
2637 4448 2733 4501 καὶ
2763 4448 2838 4512 ὡς
2874 4449 3034 4504 πάλιν
3051 4450 3095 4515 ζ’
3137 4451 3354 4524 ἡμέρας
3381 4434 3544 4525 ἡνίκα
3586 4434 3696 4508 Κυέ

439 4525 885 4593 transmittimus,
917 4523 1136 4595 quoties
1180 4540 1313 4580 xvm
1357 4525 1562 4595 Aprilis
1601 4526 1690 4580 die
1727 4524 2008 4581 Dominica

2120 4534 2316 4608 ριακῆς
2341 4510 2633 4608 γινομένην
2664 4510 2913 4610 εὕρωμεν
2941 4540 3040 4612 τὴν
3060 4510 3192 4595 τοῦ..
3211 4510 3488 4616 ’Ᾰπριλιίου
3531 4545 3699 4617 μηνὸς

440 4617 651 4680 incidit,
691 4622 746 4671 et
783 4616 839 4670 in
877 4615 1124 4670 eamdem
1150 4623 1344 4686 quarta
1374 4615 1584 4670 decima
1609 4615 1768 4684 primi
1794 4613 2010 4671 Iudaeo-

437 4723 560 4762 rnm
597 4707 801 4762 mensis
828 4707 1076 4761 incurrit.
1113 4704 1190 4759 lta
1224 4706 1466 4777 quinque
1509 4713 1564 4762 et
1597 4707 1820 4776 triginta
1863 4716 2008 4766 totos

437 4796 556 4852 dies
601 4795 848 4868 (totidem
908 4795 1055 4850 enim
1092 4810 1124 4848 a
1155 4810 1269 4848 ml
1327 4795 1508 4850 Martii
1551 4797 1619 4849 ad
1657 4813 1764 4850 xxv
1800 4798 2008 4868 Aprilis

440 4886 710 4956 interiecti
740 4885 890 4958 sunt)
938 4885 1165 4942 salutari
1211 4884 1463 4941 Paschati
1498 4887 1822 4943 celebrando
1865 4904 2010 4959 prae-

439 4979 719 5033 stituimus
766 4994 780 5029 :
822 4977 959 5032 adeo
1003 4983 1064 5032 ut
1113 4993 1291 5048 neque
1331 4979 1469 5031 citra
1505 4977 1674 5043 illam,
1721 4994 1823 5034 nec
1863 4981 2006 5035 ultra

437 5069 602 5124 istam
627 5068 910 5134 obeamus,
947 5069 1020 5124 oh
1049 5069 1484 5125 ecclesiasticum
1513 5085 1776 5125 canonem
1807 5080 1860 5127 et
1895 5080 2007 5126 tra-

436 5158 727 5226 ditionem,
762 5174 885 5230 qua:
931 5160 1074 5213 intra
1115 5160 1218 5217 hos
1260 5159 1378 5216 dies
1423 5158 1636 5216 Pascha
1678 5164 1894 5218 retinet.
1925 5162 2008 5217 Ad

439 5265 563 5304 eum
591 5251 776 5323 itaque
803 5253 1024 5308 modum
1056 5262 1164 5307 tam
1187 5255 1527 5320 neomenias,
1549 5270 1712 5326 quam
1744 5258 2008 5316 terminos

440 5337 732 5398 Pascliales
762 5344 817 5398 in
849 5344 1009 5401 annis
1035 5344 1177 5399 lunae
1207 5353 1612 5417 computamus.

550 5719 596 5752 es
693 5722 888 5792 έαυτῳ,
969 5726 1013 5757 ⁷ο
1040 5722 1163 5795 ng.
1189 5726 1284 5778 καὶ
1323 5743 1546 5798 τεσσαρ.

2116 4631 2216 4697 ιη¹ο
2249 4626 2330 4690 είς
2360 4625 2428 4698 ἢν
2466 4628 2670 4698 ὁμοίως
2704 4629 2798 4682 καὶ
2827 4632 2860 4700 ή
2895 4631 3017 4684 καθ’
3061 4632 3345 4705 Ἐϐραίους
3378 4635 3438 4689 ιδ’
3466 4637 3696 4690 τελεῖται

2113 4714 2332 4786 πρώτου
2365 4716 2533 4788 μηνός
2552 4733 2566 4748 ⁸
2591 4719 2650 4771 ἐν
2679 4718 2722 4771 λ’
2747 4721 2840 4773 καὶ
2866 4727 2907 4773 ε’
2925 4723 3046 4786 ταῖς
3078 4723 3282 4789 πάσαις
3319 4726 3558 4798 ἡμέραις
3586 4728 3696 4798 (τοι-

2113 4806 2308 4861 σαῦται
2354 4807 2464 4880 γὰρ
2513 4810 2570 4862 αῖ
2616 4809 2725 4864 ἀπὸ
2752 4810 2964 4877 εἰκάδος
2999 4813 3254 4889 δευτέρας
3295 4819 3563 4890 Μαρτίου,
3601 4817 3696 4891 μέ-

2111 4915 2203 4970 χρι
2233 4898 2448 4962 εἰκάδος
2467 4901 2724 4972 πέμπτης
2761 4903 3038 4976 Ἀπριλίου
3061 4909 3440 4981 τυγχάνουσι)·
3478 4927 3694 4965 κανονι-

2105 4989 2308 5059 ζόμεθα
2359 4989 2421 5043 τὸ
2476 4993 2744 5064 σωτήριον
2793 4995 2988 5068 Πάσχα
3030 4997 3242 5063 τελεῖν·
3295 4998 3420 5053 οὔτε
3477 5002 3696 5074 ἐκείνην

2109 5081 2655 5148 ὑποκαταϐαίνοντες,
2685 5085 2810 5142 οὔτε
2846 5088 2966 5160 μὴν,
2989 5092 3192 5165 ταύτην
3228 5093 3691 5165 ύπεραναϐαίνον-

2088 5157 2201 5236 ’τες
2225 5189 2239 5202 ·
2267 5172 2356 5226 διὰ
2383 5173 2480 5245 τὴν
2516 5176 2574 5229 ἐν
2602 5176 2830 5244 ταύταις
2848 5157 2968 5235 *καί
3003 5157 3378 5238 εἴσω-τούτων
3401 5184 3692 5258 δεδομένην

2108 5263 2242 5333 ήμῖν
2269 5264 2728 5339 ἐκκλησιαστικὴν
2772 5271 3094 5342 νομοθεσίαν
3135 5291 3195 5327 τε
3232 5277 3326 5329 καὶ
3367 5277 3686 5348 παράδοσιν.

2122 5355 2283 5426 Ἡμῖν
2317 5358 2416 5427 μὲν
2443 5353 2536 5412 οὖν
2565 5360 2626 5413 αῖ
2650 5378 2710 5414 τε
2733 5365 3012 5436 νεομηνίαι
3037 5368 3132 5421 καὶ
3169 5369 3690 5441 τεσσαρεσκαιδεκα-

2112 5449 2259 5602 erga:
2287 5449 2394 5503 τῶν
2418 5452 2516 5522 τῆς
2547 5453 2776 5526 σελήνης
2808 5457 2947 5512 ἐτῶν
2981 5459 3229 5514 ἐντεῦθεν
3265 5461 3359 5514 καί
3397 5460 3539 5515 οὕτω
3584 5459 3692 5531 ψη·

2114 5553 2152 5602 φ
2209 5555 2380 5594 ονται.

2114 5553 2380 5607 φιςονται.
