4112 6440
388 423 529 486 1255

1210 423 1270 481 S.
1313 423 1569 480 MAXIM!
1605 424 1969 489 MARTYRIS
2006 427 2385 485 COMPUTUS
2422 427 2868 484 ECCLESIAST.

3525 428 3659 484 ISSI

399 550 502 603 Ἐκ
536 547 710 602 ποῖον
752 548 1082 616 Ῥωμαϊκὸν
1111 546 1280 616 μῆνα
1307 549 1365 618 τίκ
1389 547 1455 602 τὸ
1497 547 1851 616 Πασχάλιον
1875 567 1980 604 κα-

2085 550 2330 618 Quonam
2371 564 2436 603 ea:
2465 547 2701 601 Romano
2735 562 2912 601 mense
2939 545 3166 599 methodi
3207 543 3487 618 Paschalis
3517 545 3662 597 ordi-

456 619 792 682 νονίζουσι,
825 618 927 671 καὶ
968 619 1166 672 πάντα
1197 618 1270 672 τὰ
1305 617 1417 685 τῆς
1442 617 1715 686 σελήνης
1758 620 1886 687 ἐτη,
1924 623 1980 674 οἰ

452 690 946 753 πενταπλοῦντες
966 689 1155 742 ταῦτα
1185 688 1284 741 καὶ
1305 689 1736 756 ἐξαπλοῦντεςο
1752 689 1851 743 καὶ
1875 691 1980 743 πό-

453 762 575 823 θεν,
598 759 696 812 καὶ
732 759 877 824 πῶς,
924 759 1023 812 καὶ
1054 759 1125 811 ἐν
1168 759 1362 824 ποίοις
1393 759 1556 812 ἔτεσι
1598 760 1977 814 πεντεκαιδε-

455 828 668 897 κάτην,
698 829 797 888 καί
840 828 911 894 ἒξ
945 829 1042 883 καὶ
1083 828 1344 895 δεκάτην
1380 827 1448 881 ιδ’
1487 828 1819 899 ψηφιζουσι
1869 831 1978 886 τοῦ

455 901 585 954 καθ’
627 900 928 969 Ἐϐραίους
953 897 1187 968 πρώτου
1215 899 1430 969 μηνός.

454 918 583 954 καθ’
635 918 928 969 ιοραιους
953 918 1187 968 πρωτου
1215 918 1430 969 μηνος.

455 1015 570 1082 ΙΕΓ.
597 1014 723 1077 Τοῖς
747 1013 804 1066 δὲ
839 1010 1210 1067 πενταπλοῢσι
1235 1010 1406 1064 ταῦτα
1436 1010 1531 1065 καὶ
1563 1009 1887 1076 ἐξαπλοῦσιν
1918 1010 1978 1077 ἐξ

380 1104 544 1160 ἄλλου
588 1105 896 1176 Ῥωμαῖκοῦ
936 1104 1124 1176 μηνὸς,
1167 1103 1312 1172 λέγω
1359 1103 1424 1174 δὴ
1468 1103 1563 1156 τοῦ
1605 1103 1973 1174 Δεκεμϐρίουθ

383 1196 492 1250 ἀπὸ
514 1196 624 1269 γὰρ
644 1197 746 1267 τῆς
767 1196 961 1250 τούτου
991 1195 1259 1267 τετάρτης
1295 1196 1608 1267 ποιούμενοι
1646 1197 1744 1268 τὴν
1776 1197 1974 1270 ἀρχὴν,

382 1287 479 1342 τοῦ
506 1289 606 1353 τὰς
625 1289 754 1353 ὅλας
784 1288 1079 1359 νεομηνίας
1116 1287 1246 1341 εἰσω
1276 1287 1468 1341 ἑαυτοῦ
1503 1288 1840 1360 κεκτημένου
1878 1306 1976 1361 μη-

383 1381 496 1446 νὸς,
521 1381 584 1435 τὸ
607 1381 759 1445 τέλος
789 1382 870 1445 εἰς
907 1381 1007 1454 τὴν
1040 1381 1135 1434 τοῦ
1177 1381 1506 1452 Ἱανουαρίου
1547 1381 1787 1437 τίθενται
1823 1381 1974 1453 πρώ-

384 1488 503 1542 την.
534 1470 634 1524 Κθ¹
666 1471 776 1543 γὰρ
812 1471 906 1525 ἀπ’
933 1470 1147 1540 ἐκείνης
1185 1471 1346 1542 μέχρι
1379 1471 1584 1542 ταύτης
1609 1473 1736 1526 εἰσί.
1775 1474 1974 1546 Διόπερ

384 1563 450 1615 ὲκ
468 1561 674 1634 ταύτης
700 1561 784 1632 δὴ,
814 1579 889 1632 φη
898 1561 960 1631 μὶ
983 1562 1082 1632 τῆς
1105 1560 1198 1614 τοῦ
1236 1562 1566 1634 ’Ῑανουαρίου
1584 1561 1828 1635 πρώτης,
1864 1567 1973 1620 πᾶν

385 1650 616 1723 σελήνης
645 1651 1021 1715 κανονίζοντες
1052 1650 1201 1714 ἔτος,
1240 1647 1356 1705 εἶτα
1388 1651 1475 1712 διὰ
1507 1653 1606 1724 τὴν
1643 1652 1736 1706 τοῦ
1781 1653 1974 1724 Πάσχα

382 1739 602 1810 ψῆφον,
647 1741 717 1795 τά
768 1740 877 1793 ἀπὸ
921 1739 1125 1811 ταύτης
1171 1741 1332 1811 μέχρι
1374 1740 1822 1812 συμπληρώσεως
1875 1741 1970 1795 τοῦ

383 1833 654 1904 Μαρτίου,
690 1833 800 1887 τῶν
834 1838 883 1900 ις
913 1833 1156 1905 ἡμερῶν,
1199 1832 1460 1904 ἰσάριθμα
1501 1835 1820 1902 συνάγοντες
1847 1834 1973 1905 ἐξηυ-

2155 622 2444 683 nationem,
2473 636 2536 672 ac
2567 617 2837 671 lunarium
2875 633 3134 669 annorum
3166 617 3492 683 putationem
3522 631 3663 684 repe-

2156 700 2270 744 tant
2297 730 2311 751 ,
2358 691 2448 759 qui
2485 689 2579 742 hos
2628 688 2932 759 quinquies,
2974 687 3242 759 sexiesque
3283 685 3658 759 multiplicant.

2155 756 2402 814 Et’unde.
2438 776 2502 813 ac
2525 756 2809 830 quomodo,
2835 767 2889 830 et
2915 756 3102 828 quibus
3137 758 3190 810 in
3222 758 3376 810 annis
3399 757 3661 830 decimam

2151 832 2414 902 quintam,
2445 847 2507 902 ac
2532 826 2742 902 sextam
2776 826 3032 881 decimam
3065 836 3334 902 numerent
3357 843 3475 881 eam
3497 826 3658 895 diem,

2147 897 2265 972 quia
2287 902 2342 955 in
2372 899 2602 954 Iudaico
2630 915 2801 953 mense
2830 915 3008 952 revera
3036 908 3111 952 est
3141 897 3344 951 decima
3373 906 3586 968 quarta.

2151 1013 2292 1069 XVI.
2323 1014 2425 1080 Qui
2451 1013 2784 1070 annoslunaa
2808 1011 3158 1082 perquinque
3191 1025 3255 1065 ac
3277 1025 3373 1066 sex
3397 1009 3659 1081 multipli-

2078 1113 2227 1171 cant,
2252 1106 2321 1160 ab
2351 1106 2524 1160 altero
2559 1120 2746 1160 mense
2784 1101 3100 1159 methodum
3147 1101 3375 1170 ducunt,
3407 1101 3661 1158 videlicet

2079 1211 2110 1250 a
2152 1195 2459 1252 Decembri.
2529 1195 2692 1266 176
2741 1191 2877 1248 Nam
2928 1209 2959 1248 a
3014 1199 3212 1263 quarto
3255 1191 3421 1262 hujus
3469 1191 3660 1262 auspi-

2077 1294 2290 1352 cantes,
2319 1303 2563 1344 mensem
2598 1286 2775 1352 illum,
2802 1285 2898 1356 qui
2927 1283 3244 1340 neomenias
3282 1283 3338 1338 in
3374 1299 3436 1338 se
3466 1298 3661 1338 omnes

2077 1380 2482 1451 complectitur,
2521 1377 2780 1434 Kalendis
2825 1375 3105 1432 Ianuariis
3153 1375 3466 1431 terminauit.
3521 1373 3661 1428 Sunt

2074 1471 2222 1526 enim
2268 1471 2337 1525 ab
2378 1470 2472 1524 illo
2506 1469 2570 1524 ad
2606 1469 2752 1524 hunc
2794 1483 2991 1524 novem
3026 1477 3078 1523 et
3108 1466 3299 1537 viginti
3343 1467 3479 1522 dies.
3512 1466 3662 1532 Quo-

2074 1564 2220 1618 circa
2259 1562 2436 1634 prima
2472 1562 2719 1617 Januarii
2760 1563 2879 1617 dies
2902 1561 3091 1632 regula
3118 1567 3203 1616 est
3244 1575 3512 1614 annorum
3542 1575 3661 1615 om-

2072 1653 2225 1707 nium
2290 1652 2480 1718 lunae;
2544 1651 2614 1707 ab
2671 1650 2859 1707 eadem
2909 1665 3041 1706 vero
3109 1657 3244 1720 quot
3282 1649 3352 1703 ad
3407 1650 3659 1706 ultimam

2074 1742 2254 1796 Martii
2297 1741 2414 1797 dies
2453 1751 2831 1805 numerantur,
2872 1741 2966 1812 qui
3014 1748 3143 1796 sunt
3171 1739 3495 1812 nonaginta,
3541 1741 3663 1796 toti-

2073 1835 2195 1891 dem
2226 1834 2298 1890 ob
2335 1832 2658 1890 Paschalem
2683 1841 3002 1904 computum
3027 1833 3370 1904 sexagesima
3399 1833 3660 1903 scrupula

385 1927 576 1990 κοστὰ,
611 1925 747 1998 μετὰ
793 1925 893 1996 τὴν
921 1927 1002 1989 εἰς
1035 1925 1078 1978 λ’
1122 1924 1278 1979 λύσιν
1310 1924 1516 1979 τούτων
1553 1925 1616 1996 δὴ
1665 1926 1773 1980 τῶν
1813 1925 1980 1998 τριῶν

2082 1927 2346 1998 colligunt
2393 1945 2406 1980 :
2441 1935 2556 1980 tum
2589 1925 2862 1981 divisione
2910 1925 3077 1990 facta,
3109 1932 3166 1980 et
3207 1925 3434 1980 tricenis
3465 1925 3661 1982 diebus

388 2017 595 2090 μηνῶν,
637 2016 1008 2090 ἡμισημέριον
1052 2018 1238 2081 αὐτοῖς
1299 2016 1804 2088 καταλιμπάνεται,
1857 2034 1978 2070 του-

384 2111 534 2166 τέστι
562 2111 604 2164 λ’
629 2111 914 2183 ἑξηκοστά.
936 2110 1156 2175 Τούτοις
1183 2105 1278 2165 οὖν
1308 2112 1422 2174 τοῖς
1445 2109 1488 2162 λ’
1518 2110 1828 2180 ἑξηκοστοῖς
1849 2127 1974 2164 συν-

385 2202 745 2274 εμϐάλλοντες
785 2204 879 2256 καὶ
907 2203 976 2256 τὰ
997 2205 1119 2257 κατ’
1169 2202 1288 2266 ἔτος
1315 2201 1544 2256 ἕκαστον
1563 2203 1628 2255 ὲκ
1649 2201 1759 2255 τῶν
1785 2208 1825 2254 ε’
1848 2201 1975 2272 ἑξη-

385 2295 596 2350 κοστῶν
647 2295 992 2366 συναγόμενα
1041 2295 1240 2366 μόρια,
1297 2295 1393 2348 xui
1440 2293 1722 2358 ποιοῦντες
1765 2293 1978 2366 ἡμέραν

390 2387 518 2459 μίαν
537 2405 554 2426 ο
588 2388 748 2458 τυχὸν
772 2387 830 2440 δὲ
853 2389 948 2441 xui
974 2388 1132 2460 πρὸς,
1155 2389 1222 2443 ἄν
1245 2405 1370 2459 περ,
1403 2387 1478 2451 ὡς
1497 2387 1664 2450 εἰκὸς,
1687 2385 1783 2440 xui
1815 2386 1977 2458 μέχρι

384 2475 549 2529 τινῶν
587 2475 812 2548 ἡμερῶν
844 2476 941 2530 τοῦ
985 2477 1264 2549 ’Δπριλίου
1295 2478 1394 2550 τὴν
1434 2476 1616 2547 ψῆφον
1659 2476 1972 2531 ἐκτείνωσιο

384 2565 474 2618 διὰ
509 2565 607 2638 τὴν
639 2567 733 2620 τοῦ
777 2568 972 2638 Πάσχα
1031 2568 1397 2640 παρέκϐασιν.
1453 2569 1689 2640 Ἀνάγκη
1733 2569 1842 2641 γὰρ
1883 2569 1978 2623 xui

385 2657 591 2711 τούτων
634 2659 1032 2730 συλλαμϐάνειν
1073 2660 1142 2713 τὰ
1176 2660 1464 2731 ὲξηκοστά.
1501 2661 1796 2732 Συμϐαίνει
1842 2661 1979 2715 πάν-

386 2764 496 2813 τως
545 2751 742 2814 αὐτοὺς
791 2753 857 2822 τῇ
900 2751 1003 2822 τῆς
1048 2752 1179 2821 μιᾶς
1216 2751 1432 2822 ἡμέρας
1479 2751 1512 2822 ἢ
1554 2753 1649 2806 xui
1681 2752 1774 2806 δύο
1805 2770 1977 2824 προσ-

383 2841 531 2925 θήκῃ
555 2843 622 2907 ⁷³,
649 2841 749 2913 τὴν
768 2841 862 2895 τοῦ
887 2842 1107 2914 πρώτου
1129 2843 1250 2897 καθ’
1287 2843 1569 2915 Ἐϐραίους
1594 2844 1762 2914 μηνὸς
1779 2843 1858 2909 ιδ’,
1882 2843 1977 2898 xui

390 2940 474 2997 ιε’,
515 2933 671 3004 ἧκα).
711 2940 806 2999 ις’.
841 2936 952 2988 Καὶ
996 2943 1054 2988 ιε’
1096 2936 1215 3007 μὲν,
1263 2936 1324 2990 ὲν
1367 2935 1580 2999 τούτοις
1620 2938 1732 2998 τοῖς
1777 2936 1973 3003 ἐτεσιν,

385 3019 499 3079 οἷον
539 3027 619 3097 τῷ
663 3027 923 3099 πέμπτῳ,
964 3030 1060 3081 xui
1111 3030 1276 3099 ἕκτῳ,
1309 3029 1404 3082 xui
1436 3027 1502 3094 ζ’,
1539 3031 1634 3083 xui
1667 3036 1738 3101 η’,
1771 3031 1866 3082 xui
1908 3029 1973 3096 θ’,

385 3119 483 3174 καὶ
528 3125 579 3178 ι’,
614 3119 710 3173 xui
738 3123 948 3184 tu',xui
986 3121 1075 3184 t6',
1111 3122 1204 3174 xui
1255 3129 1344 3190 ιγ’,
1379 3121 1474 3174 καὶ
1503 3121 1585 3186 ιδ’,
1623 3121 1718 3175 xui
1765 3128 1845 3184 ιε’,
1881 3121 1976 3174 xui

388 3214 487 3273 ις’,
548 3209 596 3240 ⁷³
636 3210 730 3263 xui
760 3211 825 3264 ιϐ’
855 3229 868 3242 ο
916 3211 975 3277 ἒξ
1004 3213 1096 3266 καὶ
1131 3211 1362 3283 δεκάτην
1391 3213 1449 3266 δὲ
1481 3215 1538 3266 ὲν
1583 3212 1663 3283 τῷ
1708 3212 1976 3284 ἰσαρίθμῳ

2081 2018 2137 2073 in
2170 2035 2386 2076 menses
2416 2019 2664 2091 singulos
2693 2019 3001 2090 imputatis,
3028 2020 3274 2091 reliquus
3299 2030 3382 2076 est
3405 2019 3661 2076 dimidia.-

2080 2123 2170 2171 tus
2226 2115 2364 2182 dies,
2422 2130 2544 2186 quae
2592 2125 2723 2170 sunt
2778 2114 3036 2185 scrupula
3091 2115 3336 2186 triginta.
3395 2113 3477 2169 Ad
3543 2114 3665 2169 haec

2079 2206 2249 2276 igitur
2316 2206 2573 2274 scrupula
2640 2214 2825 2276 partes
2889 2206 3013 2262 illas
3083 2206 3309 2276 insuper
3367 2203 3656 2275 adjiciunt,

2079 2314 2201 2368 quae
2261 2313 2328 2353 ex
2376 2298 2620 2369 quinque
2673 2298 3067 2368 sexagesimis,
3123 2296 3190 2353 de
3241 2297 3440 2367 quibus
3491 2312 3658 2367 supra

2079 2389 2451 2452 meminimus,
2499 2389 2795 2444 exsistunt.
2829 2390 2907 2443 Ita
2949 2389 3067 2443 dies
3101 2389 3315 2459 integra
3348 2387 3657 2456 conﬁcitur,

2077 2496 2252 2552 eoque
2296 2481 2531 2552 amplius
2575 2481 2886 2548 interdum,
2931 2482 3004 2547 si,
3042 2481 3186 2552 quod
3241 2490 3325 2538 est
3365 2487 3658 2537 consenta-

2079 2589 2264 2637 neum,
2303 2573 2369 2628 ad
2415 2574 2534 2630 dies
2571 2574 2780 2644 aliquot
2824 2573 2892 2628 de
2932 2573 3136 2645 Aprilis
3179 2587 3368 2629 mense
3413 2571 3659 2628 calculus

2079 2665 2430 2737 provehatur,
2469 2674 2528 2720 ut
2569 2673 2682 2720 tum
2720 2666 2940 2730 accidit,
2977 2681 3100 2722 cum
3149 2663 3362 2722 Pascha
3396 2663 3659 2720 dili'undi-

2079 2765 2189 2812 tur.
2241 2754 2396 2811 Tunc
2434 2757 2731 2812 enim-illa
2779 2771 2999 2828 quoque
3041 2757 3383 2827 sexagesima
3431 2770 3661 2811 necesse

2077 2853 2164 2902 est
2209 2858 2510 2903 assumere.
2558 2845 2638 2902 Ita
2689 2847 2749 2904 ﬁt
2786 2856 2867 2914 ut,
2913 2863 3024 2904 uno
3074 2849 3316 2904 alterove
3363 2847 3657 2918 superfuso

2077 2939 2185 3002 die,
2199 2947 2452 3008 quartam
2474 2939 2740 2995 decimam
2759 2939 2969 2996 Iudaici
2993 2941 3201 2998 mensis
3226 2948 3542 3012 computent
3561 2955 3661 3006 xv,

2076 3029 2164 3086 vel
2191 3047 2303 3086 xvi.
2328 3030 2602 3087 Decimam
2632 3033 2882 3103 quintam
2911 3049 3074 3104 porro
3098 3033 3250 3089 hisin
3278 3033 3438 3088 annis
3469 3048 3659 3089 nume-

2079 3129 2224 3188 rant,
2241 3121 2456 3193 quinto,
2491 3132 2668 3189 sexto,
2694 3124 2950 3195 septimo,
2983 3133 3197 3189 octavo,
3221 3140 3390 3190 nono,
3421 3123 3656 3190 decimo,

2078 3212 2749 3278 undecimo,duodecimo,
2767 3214 2979 3271 decimo
2997 3215 3180 3281 tertio,
3206 3214 3420 3271 decimo
3437 3224 3666 3286 quarto,
3729 3241 3733 3248 τ

385 3268 518 3366 ιὲεὶ,
548 3296 660 3356 οἷον
693 3301 771 3374 τῷ
802 3303 862 3368 ἓξ
908 3268 1002 3358 xui
1042 3303 1288 3376 δεκάτῳο
1319 3268 1687 3375 ’συμφωνοῦσι
1720 3305 1778 3358 δὲ
1801 3268 1974 3375 ’μόνον

2080 3301 2292 3358 decimo
2327 3304 2542 3374 quinto,
2575 3305 2789 3361 decimo
2805 3315 2982 3372 sexto,
3002 3321 3066 3362 ac
3086 3305 3301 3362 decimo
3320 3320 3494 3364 nono.
3521 3303 3658 3361 Seu-

386 3396 990 3468 τεσσαρεσκαιδεκάτην
1031 3397 1126 3449 xui.
1179 3397 1334 3449 αὐτοὶ
1354 3436 1369 3460 ,
1401 3396 1502 3468 τὴν
1533 3396 1576 3449 δ’
1616 3397 1710 3450 xui
1744 3403 1776 3450 ι’
1807 3395 1976 3467 ψηφί-

388 3483 573 3550 ζοντες
598 3488 654 3539 ὲν
679 3487 860 3558 μόνοις
897 3487 1108 3552 τούτοις
1130 3490 1243 3552 τοῖς
1291 3494 1332 3540 ε’
1369 3487 1536 3548 ἔτεσι,
1569 3486 1648 3558 τῷ
1685 3505 1745 3541 τε
1776 3486 1976 3559 πρώτῳ

391 3581 518 3650 παρ’
555 3580 739 3644 αὐτοῖς
781 3579 982 3651 δηλαδὴ
1020 3578 1416 3652 ψηφιζομένῳ,
1455 3580 1704 3651 τετάρτῳ
1749 3580 1806 3633 δὲ
1847 3581 1974 3651 παρ’

386 3670 521 3740 ἡμῖν
554 3671 898 3740 τυγχάνοντι,
924 3671 1020 3724 xui
1045 3670 1124 3742 τῷ
1156 3671 1411 3741 δευτέρῳ,
1443 3671 1538 3724 xui
1565 3669 1644 3741 τῷ
1675 3676 1744 3740 γ’.
1772 3669 1868 3723 xui
1899 3668 1977 3739 τῷ

385 3761 450 3826 δ’,
481 3761 576 3814 xui
605 3767 694 3832 ιη’.
719 3761 937 3815 Τούτων
964 3758 1058 3815 οὖν
1099 3759 1272 3826 οὕτως
1310 3761 1564 3832 ἑχόντων,
1598 3759 1761 3831 ἡνίκα
1789 3761 1823 3832 ἡ
1862 3759 1976 3812 Κυ-

389 3850 587 3922 ριακῆς
625 3852 670 3882 ⁷⁸
797 3851 839 3904 δ’
898 3852 992 3905 xui
1031 3857 1063 3903 t'
1110 3849 1201 3904 τοῦ
1259 3850 1476 3922 πρώτου
1529 3850 1651 3904 καθ’
1696 3848 1979 3922 Ἑϐραίους

390 3942 709 4012 συναντήσοι
737 3941 927 4012 μηνὸς,
971 3941 1107 4014 πρὸς
1144 3943 1393 4014 ἀνάγκης
1429 3941 1615 3997 λοιπὸν
1645 3942 1819 3999 εἰκάδι
1855 3940 1977 3994 δευ-

388 4031 526 4103 τέρᾳ
547 4031 642 4084 τοῦ
685 4031 940 4101 φέγγους,
972 4032 1066 4086 καὶ
1093 4033 1268 4088 εἰκάδι
1295 4033 1454 4104 τρίτῃ
1477 4032 1722 4101 γίνεσθαι
1744 4031 1806 4084 τὸ
1837 4031 1978 4086 κατὰ

390 4123 628 4196 Χριστὸν
661 4124 887 4195 Πάσχα·
935 4124 1146 4190 τούτοις
1197 4126 1522 4198 παραλόγως
1561 4125 1855 4196 ψηφίζεται
1891 4124 1990 4188 διὰ,

389 4215 490 4285 τὴν
536 4217 839 4288 εἰρημένην
875 4219 1076 4274 αἰτίαν.
1115 4218 1301 4273 Ταῦτα
1340 4221 1435 4275 xui
1472 4221 1601 4290 περὶ
1632 4220 1726 4274 τοῦ
1763 4224 1980 4292 Πάσχα-

389 4308 504 4361 λίου
535 4309 722 4381 μηνὸς,
760 4311 854 4363 καὶ
884 4311 984 4381 τῆς
1017 4313 1146 4383 περί
1194 4314 1294 4384 τὴν
1325 4313 1980 4384 τεσσαρεσκαιδεκαταίαν

391 4399 601 4473 πλάνης
639 4401 748 4456 τῶν
777 4400 919 4455 οὕτω
945 4401 1290 4474 ψηφιζόντων
1331 4405 1571 4476 εἰρήσθω
1601 4406 1672 4460 τὰ
1700 4406 1816 4460 νῦν.

393 4511 533 4584 Πεδρί
553 4509 674 4564 τῶν
690 4512 891 4584 *Ἀδὰμ
918 4511 1088 4574 ἐτῶν,
1108 4515 1273 4566 πόσα
1299 4531 1364 4567 τε
1390 4513 1694 4584 τυγχάνει,
1726 4515 1824 4569 καὶ
1853 4512 1979 4580 πῶς

462 4580 536 4653 δι’
561 4581 760 4653 αὐτῶν
798 4580 906 4636 τοῦ
953 4600 1015 4636 τε
1052 4585 1232 4653 ἡλίου
1259 4586 1355 4637 καὶ
1396 4580 1689 4653 σελήνης,
1729 4586 1830 4639 καί
1871 4586 1978 4640 τοῦ

460 4651 773 4733 βισςέξτου,
814 4653 880 4706 τὸ
898 4652 1296 4724 ἐνιστάμενον
1333 4654 1468 4720 ἔτος
1499 4651 1860 4723 εὑρίσκεται.

463 4767 563 4821 ΙΖ’.
597 4767 919 4836 Ἀναγκαῖον
971 4769 1027 4822 δὲ
1066 4769 1202 4839 πρὸς
1247 4770 1458 4833 τούτοις
1499 4769 1696 4824 εἰδέναι
1743 4769 1839 4824 καὶ
1887 4769 1980 4822 τὸν

393 4857 625 4929 ἀριθμὸν
667 4859 776 4912 τῶν
826 4860 933 4913 ἀπὸ
978 4861 1148 4931 Ἀδὰμ
1181 4861 1337 4914 ὲτῶν.
1375 4862 1527 4914 Εἰσὶν
1558 4857 1651 4915 οὖν
1697 4861 1838 4914 κατὰ
1880 4861 1980 4933 τὴν

393 4949 852 5021 ὲκκλησιαστικὴν
886 4950 1066 5020 ψῆφόν
1109 4968 1169 5002 τε
1207 4951 1302 5004 xui
1336 4951 1633 5023 παράδοσιν
1681 4950 1841 5022 μέχρι
1881 4951 1980 5021 τῆς

290 5065 298 5074 ο
393 5040 695 5112 ἐνεστώσης
739 5041 797 5094 ιδ’
837 5041 1200 5105 ἰνδικτιῶνος,
1238 5041 1392 5105 ἔτους
1440 5041 1519 5094 λα’
1559 5041 1661 5112 τῆς
1703 5040 1980 5111 βασιλείας

404 5130 724 5202 Ἡρακλείου
763 5132 857 5186 τοῦ
903 5131 1296 5186 εὐσεϐεστάτου
1335 5131 1492 5204 ἡμῶν
1538 5131 1834 5203 βασιλέως,
1881 5132 1977 5204 ἔτη

394 5222 588 5293 ,ςρλγ’.
649 5223 743 5294 Τῷ
775 5224 885 5295 γὰρ
916 5223 1089 5278 ταῦτα
1130 5223 1373 5296 μερίζειν
1399 5226 1495 5280 καὶ
1523 5223 1776 5278 ἀναλύειν
1813 5223 1978 5292 γινώ-

393 5333 586 5371 σκεται
630 5316 724 5370 τοῦ
753 5334 814 5370 τε
857 5317 1034 5388 ἡλίου,
1065 5317 1161 5371 καὶ
1199 5317 1301 5387 τῆς
1331 5317 1583 5389 σελήνης,
1622 5318 1717 5371 καὶ
1767 5314 1863 5370 τοῦ
1897 5316 1977 5385 βι-

393 5409 582 5476 σέξτου
629 5409 692 5461 τὸ
722 5409 1073 5479 ἐνιστάμενον
1111 5409 1262 5472 ἔτος·
1309 5405 1419 5462 οἷον
1453 5409 1514 5461 τὸ
1565 5409 1662 5479 μὲν
1689 5407 1784 5462 τοῦ
1828 5407 1976 5481 ἡλίου

390 5503 508 5566 ἔτος
540 5501 629 5555 διὰ
669 5499 764 5554 τοῦ
813 5503 893 5565 εἰς
935 5508 1019 5572 κη’
1071 5500 1347 5574 μερίζειν·
1397 5502 1636 5556 τοσαῦτα
1678 5503 1807 5574 γὰρ,
1857 5519 1980 5556 του-

389 5593 572 5647 τέστιν
609 5601 715 5664 κη’,
750 5591 820 5645 τὰ
860 5592 954 5646 τοῦ
998 5593 1150 5663 ἡλίου
1191 5593 1286 5664 ἔτη
1319 5592 1657 5663 καθέστηκε·
1692 5595 1755 5646 τὸ
1791 5594 1847 5648 δὲ
1877 5594 1980 5658 τῆς

393 5683 623 5756 σελήνης
649 5685 768 5748 ἔτος
807 5683 896 5738 διὰ
922 5685 1016 5738 τοῦ
1072 5687 1151 5749 εἰς
1195 5685 1258 5738 ιϐ’
1310 5685 1494 5739 πάλιν.
1544 5685 1760 5757 Ἐπειδὴ
1794 5685 1887 5739 καὶ
1911 5685 1980 5738 τὰ

479 5800 631 5854 "Le

390 5871 485 5926 καὶ
512 5877 606 5933 ις’.
637 5871 695 5906 ίτδ
724 5873 765 5934 ί.
798 5873 898 5936 τῆς
933 5874 1072 5936 Κυρ.

633 5819 684 5877 g_._
723 5801 1114 5877 uidetur__xu'c&
1147 5804 1319 5870 ποῖον,
1355 5802 1432 5856 uel
1481 5803 1543 5856 ἐκ
1597 5803 1749 5856 ποίου
1804 5803 2120 5875 Ῥωμαῖκοῦ
2165 5804 2354 5877 μηνός.

2079 3404 2189 3450 tam
2248 3396 2515 3451 decimam
2571 3405 2754 3452 autem
2813 3401 2868 3452 in
2927 3413 3072 3453 anno
3104 3397 3321 3453 decimo
3360 3403 3538 3452 sexto.
3597 3394 3657 3449 In

2079 3495 2273 3556 quarta
2303 3485 2515 3541 decima
2540 3485 2782 3556 putanda
2819 3485 3107 3541 nobiscum
3149 3485 3204 3540 in
3247 3485 3404 3542 annis
3433 3491 3658 3542 tantum

2079 3581 2320 3649 quinque
2361 3577 3028 3644 eonsentiunt,.videlicet
3074 3577 3132 3631 in
3179 3577 3357 3651 primo
3391 3576 3655 3647 ipsorum,

2081 3669 2174 3741 qui
2233 3669 2394 3725 nobis
2443 3680 2530 3725 est
2573 3680 2825 3739 quartus,
2883 3669 3150 3737 secundo,
3203 3668 3388 3732 tertio,
3437 3675 3656 3740 quarto,

2080 3761 2293 3817 decimo
2317 3769 2532 3818 octavo.
2557 3761 2658 3818 His
2685 3761 3106 3826 animadversis,
3136 3761 3352 3832 quoties
3383 3761 3438 3815 in
3474 3760 3661 3815 Domi-

2082 3853 2263 3907 nicam
2289 3861 2485 3923 quarta
2507 3853 2720 3908 decima
2751 3853 2911 3924 primi
2939 3852 3159 3908 Judaici
3203 3853 3408 3908 mensis
3445 3852 3659 3919 incidit,

2084 3959 2316 4001 necesse
2349 3953 2435 4000 est
2478 3960 2771 4018 perperam
2815 3944 2958 4015 apud
2994 3946 3121 4000 illos
3155 3943 3528 4000 Christianum
3555 3941 3662 3997 Pa-

2083 4035 2215 4091 scha
2263 4035 2332 4090 ad
2377 4037 2674 4093 secundam
2712 4044 2766 4091 et
2814 4037 3157 4102 vicesimam,
3210 4043 3305 4091 aut
3342 4035 3669 4092 vicesimam

2081 4125 2299 4183 tertiam
2337 4125 2481 4182 diem
2522 4127 2732 4183 lunaris
2781 4126 2986 4181 mensis
3039 4125 3276 4190 extendi,
3336 4125 3496 4195 cujus
3535 4139 3663 4180 cau-

2083 4232 2198 4272 sam
2228 4227 2354 4272 ante
2376 4216 2735 4275 reddidimus.
2765 4216 3040 4272 Hactenus
3071 4216 3138 4272 de
3165 4216 3412 4273 Paschali
3449 4230 3658 4279 mense,

2081 4310 2260 4378 deque
2303 4323 2511 4376 errore,
2564 4325 2729 4379 quem
2777 4309 2832 4363 in
2885 4318 3097 4379 quartae
3125 4308 3353 4364 decimae
3381 4308 3664 4378 putatione

2083 4399 2442 4454 committunt
2463 4400 2558 4470 qui
2588 4401 2664 4456 ita
2694 4406 3030 4471 computant.

2086 4510 2164 4566 De
2217 4513 2372 4567 annis
2424 4511 2620 4566 Adami
2686 4523 2935 4582 quotnam
2985 4521 3256 4580 putentur,
3306 4520 3356 4566 et
3402 4508 3664 4582 quomodo

2153 4597 2364 4665 pereo;
2395 4583 2547 4648 solis,
2591 4584 2752 4648 Iunce,
2785 4601 2846 4636 ac
2878 4584 3067 4637 biseatti
3094 4599 3330 4652 prwsens
3366 4598 3538 4636 annus
3577 4581 3666 4635 iu-

2157 4663 2322 4708 vetur:
2347 4663 2526 4724 queat.

2157 4762 2320 4818 XVII.
2347 4764 2616 4820 Praeterea
2645 4779 2870 4821 necesse
2897 4773 2981 4819 est
3010 4765 3153 4820 seire
3182 4779 3468 4819 numerum
3495 4777 3667 4818 anno-

2083 4873 2228 4923 rum,
2246 4858 2337 4929 qui
2356 4857 2424 4912 ab
2439 4858 2647 4913 Adamo
2667 4865 3005 4926 repetuntur.
3027 4855 3193 4926 Igitur
3209 4871 3275 4910 ex
3291 4854 3668 4910 ecclesiastico

2085 4951 2318 5012 calculo,
2351 4965 2415 5004 ac
2435 4950 2732 5004 traditione
2757 4950 2824 5003 ad
2851 4957 3175 5019 praesentem
3201 4947 3469 5002 decimam
3499 4961 3664 5016 quar-

2087 5051 2199 5096 tam
2234 5043 2587 5098 indictionem
2617 5042 2746 5097 anni
2770 5058 2900 5097 xxxx
2932 5041 3145 5111 imperii
3170 5039 3407 5095 Heraclii
3436 5037 3666 5109 piissimi

2085 5135 2262 5191 nostri
2306 5135 2679 5206 imperatoris,
2725 5135 2855 5194 anni
2899 5143 3028 5189 sunt
3067 5151 3120 5188 v1
3158 5146 3426 5187 ucxxxut.
3455 5130 3667 5196 Quibus

2085 5226 2281 5282 divisis
2311 5242 2376 5282 ac
2415 5226 2696 5292 resolutis,
2733 5242 2978 5296 praesens
3011 5240 3189 5280 annus
3221 5225 3377 5289 solis,
3409 5224 3569 5289 lunae,
3602 5236 3666 5276 ac

2085 5318 2287 5374 bisexti
2335 5319 2610 5388 reperitur
2651 5320 2890 5374 :etenim
2924 5318 3058 5374 solis
3086 5333 3264 5373 annus
3306 5315 3664 5376 obtinebitur,

2086 5409 2132 5462 si
2169 5425 2440 5464 summam
2491 5425 2588 5478 per
2643 5425 2813 5464 xxvm
2867 5411 3106 5479 partiare
3167 5427 3180 5463 :
3236 5407 3463 5462 totidem
3521 5405 3664 5460 enim

2088 5511 2238 5565 sunt,
2271 5500 2532 5558 nimirum
2565 5516 2734 5555 xxvm
2779 5502 2916 5573 cycli
2948 5501 3144 5556 solaris
3165 5502 3295 5555 anni
3323 5520 3336 5555 :
3361 5515 3540 5554 annus
3563 5498 3662 5552 ha-

2086 5593 2308 5649 bebitur
2345 5593 2510 5656 lunm,
2561 5596 2607 5647 si
2650 5608 2747 5664 per
2786 5609 2878 5648 xu:
2925 5592 3198 5648 diviseris.
3230 5590 3366 5645 Nam
3413 5588 3662 5650 tatidem,

2090 5687 2168 5741 uti
2200 5685 2408 5741 dictum
2435 5694 2540 5750 est,
2589 5685 2737 5740 illius
2772 5684 2902 5739 anni
2943 5693 3091 5739 sunt.
3125 5682 3217 5738 Sic
3250 5698 3428 5736 annus
3462 5681 3662 5736 bisexti

2457 5804 2502 5836 τ’
2532 5801 2684 5859 Deest
2726 5801 2957 5856 verbum.
3055 5801 3099 5833 ⁷³
3129 5799 3419 5856 Delemlum
3459 5796 3667 5853 videtur.
