4132 6410
429 426 585 484 19.35

446 542 622 597 divisa
667 548 879 593 summa
913 545 1011 602 per
1052 533 1293 598 quatuor
1318 520 1565 578 exsistet.
1597 515 1678 572 Ad
1720 515 1868 569 hunc
1898 523 2019 564 mo-
2049 511 2095 566 A

446 637 577 689 dum
623 639 892 684 annorum
915 601 1128 678 iAdaini
1171 614 1396 688 partitio
1430 607 1858 679 unumquodque
1896 601 2018 655 illo-

448 739 569 781 rum
602 720 849 785 indicat;
883 715 1028 786 quod
1058 719 1272 766 tantum
1322 716 1428 772 est,
1478 707 1715 773 quantus
1760 704 1844 752 est
1887 692 2019 748 resi-

447 817 681 870 duorum
709 823 977 866 annorum
1017 816 1302 858 numerus.
1337 797 1408 853 Ut
1441 795 1488 851 si
1519 809 1587 849 ex
1628 792 1718 845 illa
1750 787 2019 843 divisione

448 923 546 976 per
578 918 773 967 xxvm,
808 900 892 955 vel
927 914 1043 962 xxx,
1079 894 1163 950 vel
1201 909 1277 958 1v,
1306 887 1544 959 supersit
1573 896 1766 947 unum,
1809 878 2018 948 primus

450 966 572 1054 esse
599 966 814 1052 dicetur
846 991 980 1046 solis
1015 1001 1214 1051 annus,
1245 990 1339 1036 aut
1368 982 1532 1042 lunae,
1563 975 1657 1029 vel
1689 970 1888 1028 bisexti
1922 966 2018 1021 tali

450 1089 767 1145 indictione.
813 1082 908 1138 Sin
951 1081 1060 1136 duo
1103 1083 1328 1139 restent,
1377 1067 1652 1128 secundus
1683 1065 1786 1120 erit
1817 1074 2018 1114 annus.

448 1179 524 1234 Ita
567 1177 788 1239 tertius,
836 1173 884 1229 si
925 1171 1070 1235 tria;
1104 1182 1168 1221 ac
1208 1165 1464 1232 deinceps
1508 1172 1682 1226 usque
1731 1152 1799 1206 ad
1846 1164 2020 1205 annos

447 1284 644 1332 nvnr,
686 1273 780 1321 aut
809 1278 925 1326 xxx,
963 1267 1056 1314 aut
1083 1274 1156 1312 IV.
1185 1256 1278 1311 Sic
1307 1265 1586 1322 congruus
1631 1255 1686 1300 et
1745 1242 1922 1297 iniens
1964 1241 2020 1293 in

450 1357 685 1430 singulis
709 1371 886 1411 annus
909 1347 1338 1420 investigabitur.

455 1638 640 1695 Akera
689 1635 848 1701 ratio,
893 1650 998 1705 qua
1060 1643 1232 1686 annus
1278 1627 1429 1691 satis,
1479 1623 1641 1686 Iunce,
1699 1627 1790 1673 aut
1837 1616 2026 1671 bisexti

1077 1710 1406 1756 numeratur.

522 1818 710 1875 XVIII.
745 1817 932 1873 Potest
967 1825 1021 1871 et
1063 1815 1169 1869 alio
1205 1811 1368 1867 modo
1399 1807 1544 1906 istud
1586 1804 1865 1906 inveni-ri;
2057 1816 2124 1906 Β·

457 1913 503 1970 si
536 1914 659 1984 quis
691 1924 962 1968 summam
994 1909 1142 1963 illam
1174 1917 1442 1960 annorum
1463 1899 1626 1964 6,155
1647 1914 1743 1969 per
1765 1893 2024 1951 552divi-

456 2007 570 2070 dat,
616 2003 836 2058 habebit
882 2003 1128 2071 integras
1159 1995 1416 2067 periodos
1459 1991 1710 2047 undecim
1753 1999 2018 2042 annorum

456 2096 582 2160 552,
608 2102 662 2149 et
694 2111 760 2148 ex
790 2091 1111 2147 duodecima
1143 2103 1318 2143 annos
1346 2085 1473 2140 281.
1501 2083 1614 2137 Hos
1640 2082 1685 2135 si
1731 2094 1826 2149 per
1853 2091 2022 2133 xxvm

457 2186 621 2242 simili
654 2185 870 2239 ratione
903 2181 973 2236 ad
1009 2177 1430 2249 consequendos
1466 2188 1638 2228 annos
1673 2171 1807 2226 solis
1833 2165 2022 2221 distri-

459 2278 589 2331 buat
626 2293 639 2328 :
675 2275 760 2328 vel
799 2287 897 2342 per
943 2286 1058 2334 xu,
1112 2270 1182 2324 ob
1235 2269 1477 2322 lunarem
1526 2277 1727 2316 annum
1775 2257 1905 2311 :vel
1947 2271 2021 2319 iv,

459 2368 528 2423 θ’)
601 2367 914 2431 bisextum;
972 2363 1164 2417 horum
1224 2357 1536 2429 singillatim
1595 2353 1863 2406 labentem
1925 2347 2026 2402 de-

459 2454 754 2527 poh‘nili-t
825 2467 1047 2506 annum.
1113 2450 1401 2517 Caeterum.
1446 2457 1705 2497 numerus
1760 2439 1865 2492 iste
1922 2435 2026 2490 552

461 2562 729 2601 annorum
777 2544 836 2598 lit
887 2541 1068 2597 ductis
1124 2539 1178 2593 in
1245 2553 1303 2594 se
1362 2546 1549 2591 mutuo
1595 2533 1736 2586 lunae
1777 2544 1841 2583 ac
1893 2528 2026 2583 solis

461 2638 642 2692 annis.
683 2634 818 2689 Nam
848 2635 964 2690 sive
1000 2647 1093 2686 nx
1130 2644 1304 2684 annos
1340 2643 1437 2698 per
1473 2639 1642 2679 xxvm
1673 2620 2023 2689 multiplices,

461 2732 576 2786 sive
603 2730 705 2783 Iros
742 2743 840 2797 per
873 2726 1019 2787 illos,
1070 2735 1355 2778 numerum
1385 2717 1635 2775 eumdem
1669 2713 1871 2770 eilicies
1903 2710 2024 2766 5'52.

464 2821 556 2876 Sic
579 2820 746 2889 igitur
769 2816 1040 2888 patefacta
1068 2813 1301 2874 ratione,
1324 2825 1429 2881 qua
1457 2809 1511 2864 in
1535 2807 1692 2862 annis
1710 2805 1776 2860 ab
1795 2804 2027 2864 Adamo,

446 2914 554 2985 qui
597 2919 726 2968 sunt
763 2911 958 2976 6,155;
994 2915 1048 2964 et
1085 2909 1140 2962 in
1173 2905 1489 2960 duodecima
1519 2901 1765 2974 periodo,
1812 2897 1916 2953 hoc
1946 2905 2032 2952 est

465 3005 521 3059 in
570 3004 732 3058 annis
778 3003 897 3071 ejus
933 3000 1059 3063 281,
1097 3004 1404 3053 currentem
1446 3009 1649 3048 annum
1683 2992 1838 3055 solis,
1865 2991 2028 3052 lunae,

466 3110 532 3150 ac
605 3093 804 3148 bisexti
879 3103 1214 3162 cognoscere
1287 3100 1643 3157 possumus;
1711 3079 2034 3152 exponenda

468 3185 726 3253 deinceps
775 3181 1060 3237 methodus
1123 3185 1228 3244 est,
1285 3192 1384 3248 per
1429 3190 1616 3246 quam.
1671 3171 1821 3243 quod
1873 3177 2105 3258 caputc

469 3284 574 3340 est,
611 3273 864 3330 introitus
897 3271 1227 3342 jejuniorum
1262 3268 1404 3323 diem
1433 3282 1498 3322 ac
1523 3262 1942 3322 resurrectionis
1983 3261 2036 3314 in

469 3367 658 3424 eodem
693 3380 899 3421 canone
924 3361 1409 3434 deprehendemus.

474 3649 882 3704 Demonstratur
909 3663 1014 3716 qua
1045 3645 1248 3716 ratione
1278 3639 1487 3696 Pascha
1512 3639 1793 3716 quotannis
1824 3653 2040 3706 compu-

886 3712 992 3771 tari
1017 3730 1081 3771 ea:
1103 3714 1197 3769 illo
1220 3727 1416 3768 canone
1441 3712 1627 3781 possit.

549 3889 690 3946 XIX.
719 3888 823 3945 Ubi
857 3905 953 3960 per
983 3889 1156 3953 illam,
1190 3903 1353 3958 quam
1381 3902 1548 3958 supra
1579 3887 1818 3942 dilucide
1846 3900 2043 3956 propo-

476 3979 722 4045 suimus,
772 3979 1126 4050 computandi
1191 3977 1541 4042 methodum,
1586 3970 1695 4030 tam
1747 3977 2040 4032 instantem

475 4087 680 4126 annum
725 4071 870 4125 luna:
923 4068 1194 4140 repereris
1245 4068 1359 4139 (ut,
1390 4067 1622 4136 exempli
1656 4081 1859 4130 causa,
1892 4066 2043 4121 deci-

474 4179 624 4217 mum
683 4163 932 4233 quintum
990 4161 1146 4230 1'77
1204 4160 1451 4229 proxime
1494 4157 1780 4214 futurum:
1827 4159 1917 4212 hic
1963 4163 2049 4214 est

475 4256 642 4321 enim,
673 4255 730 4308 in
760 4268 870 4323 quo
909 4253 1149 4308 salutare
1178 4250 1388 4304 Pascha
1430 4257 1722 4319 peragetur
1762 4249 1830 4304 ab
1865 4249 1932 4302 iis
1955 4249 2047 4318 qui

475 4344 746 4416 spirituali
794 4344 903 4397 ritu
945 4342 1084 4398 festa
1127 4341 1449 4410 celebrant),
1485 4355 1650 4409 quam
1690 4341 1824 4395 solis
1856 4338 2047 4394 simili-

477 4449 560 4492 ter
592 4443 935 4506 sequentem.
968 4441 1164 4504 utputa
1202 4433 1459 4503 primum,
1491 4447 1653 4501 quem
1684 4431 1928 4501 proxime
1957 4447 2052 4486 ειιυ

1438 402 1528 458 AD
1566 394 1836 454 EUSEBII
1872 378 2270 448 CHRONICON
2312 368 2674 431 APPENDIX.
3553 350 3694 413 1936

2121 497 2326 562 ταύτης
2357 489 2618 552 τοσαῦτα,
2645 482 2826 542 καθὼς
2865 479 3022 550 ἔφην,
3047 471 3205 529 εἰσιν.
3424 464 3604 562 δὲμκαὶ
3635 463 3698 517 τὺ

2116 587 2213 643 τοῦ
2244 556 2493 657 βισέξτου
2514 577 2602 634 διὰ
2626 573 2720 631 τοῦ
2764 575 2844 636 εἰς
2881 565 3133 640 τετράδα.
3169 561 3267 657 Δια
3305 558 3416 630 γὰρ
3445 556 3546 627 τῆς
3571 557 3700 657 ανα-

2118 647 2324 744 λύσεως
2385 647 2502 731 τῶν
2549 672 2656 727 ἀπὸ
2718 667 2891 737 Ἀδὰμ
2932 661 3070 716 ἐτῶν
3119 655 3447 728 γινώσκεται
3494 647 3702 731 τούτων

2119 741 2348 830 ἕκαστον
2396 771 2571 823 ἐκεῖνο
2620 760 2805 832 σαφῶς
2853 756 3097 827 ὑπάρχον
3146 751 3210 804 τὸ
3263 746 3545 818 ἰσάριθμον
3589 741 3702 796 τῶν

2121 863 2578 935 ὑπολειπομένων
2620 855 2755 910 ἐτῶν
2777 871 2791 884 ·
2821 845 2953 914 οἷον,
3001 849 3051 901 εἰ
3093 845 3190 915 μὲν
3223 842 3282 896 ἓν
3325 838 3587 910 ἁπομένοι
3614 834 3703 888 διὰ

2119 959 2220 1028 τῆς
2255 958 2336 1019 εἰς
2380 927 2492 1023 κη’,
2546 948 2580 1020 ἢ
2622 946 2708 1010 ιϐ’,
2752 944 2786 1016 ἢ
2825 942 2905 1005 εἰς
2947 937 3179 1008 τετράδα
3227 931 3566 991 ἀναλύσεως’
3619 927 3703 980 ὅτι

2122 1017 2337 1121 πρωτόν
2369 1017 2487 1098 ἐστι
2527 1017 2588 1095 rb
2629 1035 2975 1104 ἐνιστάμενον
3016 1028 3114 1083 τοῦ
3151 1024 3380 1096 ήλίου,ἢ
3413 1022 3514 1090 τῆς
3547 1017 3703 1090 σελήο

2121 1112 2239 1212 νής,
2278 1140 2312 1209 ἢ
2365 1136 2461 1190 τοῦ
2503 1131 2748 1204 βισέξτου
2791 1125 2934 1181 κατὰ
2995 1121 3152 1192 τήνδε
3217 1117 3317 1188 τὴν
3381 1112 3704 1182 ἐπινέμησιν

2121 1203 2239 1293 ἔτος
2261 1247 2275 1258 ο
2300 1203 2356 1280 ἐἰ
2389 1227 2446 1279 δὲ
2474 1203 2587 1287 δῦο,
2615 1222 2698 1274 ὅτι
2725 1218 2976 1287 δεύτερον
2997 1229 3010 1242 ·
3041 1211 3182 1264 οὕτω
3200 1209 3257 1262 δὲ
3276 1207 3371 1260 καὶ
3397 1210 3468 1273 γ’,
3500 1203 3593 1255 ἐὰν
3617 1207 3664 1268 γ’
3685 1215 3699 1228 ·

2085 1369 2090 1375 .
2122 1291 2232 1376 καὶ-
2250 1317 2485 1387 καθεξῆς
2515 1314 2676 1385 μέχρι
2701 1309 2808 1362 τῶν
2845 1303 3006 1376 κη’,ἢ
3035 1301 3120 1364 ιθν,
3148 1297 3313 1370 ἢτῶν
3334 1296 3381 1387 δ’
3407 1293 3564 1348 ὲτῶν.
3596 1291 3705 1345 Καὶ

2122 1410 2264 1465 οὑτω
2307 1408 2370 1462 τὸ
2416 1382 2722 1478 πρόσφορον
2777 1397 2875 1451 καὶ
2907 1391 3257 1462 ἐνιστάμενον
3315 1385 3433 1448 ἔτος
3475 1382 3706 1436 ἑκάστου

2123 1504 2328 1556 τούτων
2353 1495 2787 1568 διαγινώσκεται.

2124 1614 2260 1680 Πῶς
2294 1613 2496 1676 ἄλλως
2528 1607 2594 1662 τὸ
2626 1605 2762 1680 ἓτρς
2776 1601 2893 1680 for?
2911 1600 3131 1680 ﬁllov,
3150 1593 3392 1680 καζντῆς
3416 1587 3706 1654 σελήνης,

2455 1663 2555 1733 καὶ
2608 1675 2714 1730 τοῦ
2738 1663 3045 1738 ’βισέξτου
3093 1663 3424 1736 ψηφίζεται.

2199 1795 2306 1848 IH'.
2326 1788 2551 1846 Ἐστιδὲ
2581 1785 2740 1839 πάλιν
2765 1779 2938 1834 ταῦτα
2960 1773 3217 1848 ψηφίζειν
3247 1772 3341 1826 καὶ
3368 1768 3490 1824 καθ’
3523 1766 3716 1838 ἕτερον

2128 1886 2346 1956 τρόπον.
2366 1884 2428 1936 Εἰ
2449 1881 2556 1948 γάρ
2575 1893 2658 1939 τις
2689 1875 2758 1927 τὰ
2778 1870 2916 1924 αὑτὰ
2951 1867 3122 1940 ,ςρλτ
3139 1861 3464 1956 ἐτημερίσει
3487 1861 3566 1922 εἰς
3593 1856 3710 1956 (ρλβ’

2128 1949 2244 2046 ἔτη,
2270 1974 2490 2044 εὑρήσει
2532 1972 2600 2021 ια’
2637 1965 2735 2036 μὲν
2759 1960 3040 2033 περιόδους
3061 1956 3169 2010 ἀπὸ
3201 1954 3317 2024 (ρλβ’
3343 1952 3478 2006 ὲτῶν
3507 1949 3702 2003 τετελε-

2133 2041 2351 2135 σμενας,
2376 2041 2473 2132 τήν
2489 2059 2546 2113 δὲ
2560 2052 2980 2122 δυοκαιδεκάτην
3001 2050 3226 2119 ἔχουσαν
3247 2046 3342 2114 ἐτη
3368 2049 3512 2098 σπα¹.
3527 2041 3710 2096 Ταῦτα

2130 2131 2311 2208 οὑντὰ
2334 2131 2464 2206 σπα’
2504 2149 2645 2203 κατὰ
2671 2146 2762 2198 τὸν
2804 2145 2988 2214 ὅμοιον
3033 2139 3231 2211 τρόπον
3257 2140 3337 2200 εἰς
3373 2141 3458 2205 κη’
3495 2133 3584 2187 διὰ
3622 2131 3712 2186 τὸν

2129 2243 2301 2314 ἥλιον,
2338 2241 2371 2311 ἢ
2397 2241 2476 2302 εἰς
2512 2237 2576 2289 ιϐ’
2607 2235 2694 2288 διὰ
2723 2232 2818 2303 τὴν
2844 2230 3098 2301 σελήνην,
3128 2229 3206 2290 εἰς
3239 2225 3477 2296 τέσσαρα
3504 2221 3590 2275 διὰ
3622 2222 3712 2274 τὸν

2135 2334 2370 2405 βίσεξτον
2402 2328 2750 2402 μεριζόμενα,
2779 2323 2983 2376 τούτων
3021 2320 3247 2373 ἑκάστου
3272 2317 3334 2370 τὸ
3367 2314 3712 2384 ἐνιστάμενον

2132 2428 2250 2490 ἔτος
2280 2427 2422 2479 ποιεῖ
2457 2422 2678 2482 πάντως
2702 2414 3086 2486 γινώσκεσθαι.
3116 2411 3197 2464 Τὰ
3225 2411 3282 2464 δὲ
3311 2409 3427 2479 φλβ⁹
3451 2408 3544 2478 ἐτη
3572 2405 3714 2461 κατὰ

2136 2515 2452 2588 συμπλοκὴν
2497 2513 2737 2582 γίνονται
2765 2506 2873 2560 τῶν
2918 2522 2978 2558 τε
3000 2505 3097 2574 τῆς
3136 2503 3363 2572 σελήνης
3400 2498 3537 2552 ὲτῶν
3579 2497 3715 2569 πρὸς

2133 2609 2202 2662 τὰ
2227 2608 2322 2662 τοῦ
2357 2607 2532 2678 ἡλίου,
2565 2603 2658 2656 καὶ
2679 2600 2788 2655 τῶν
2833 2598 3024 2651 τούτου
3052 2594 3186 2667 πρὸς
3222 2593 3294 2646 τὰ
3324 2591 3558 2660 ἐκείνης.
3594 2589 3716 2642 Εἴτε

2134 2700 2243 2770 γὰρ
2292 2664 2465 2752 τὰιιθ’
2499 2664 2612 2758 τοῖς
2643 2699 2729 2764 κη’
2771 2664 3115 2748 συντεθῶσιν,
3146 2685 3257 2739 εἴτε
3300 2683 3372 2737 τὰ
3405 2689 3491 2755 κη’
3522 2684 3632 2744 τοῖς
3652 2664 3714 2733 ιθ¹

2137 2768 2516 2861 συμπλακῶσι,
2549 2785 2639 2838 τὸν
2667 2782 2899 2854 ἀριθμὸν
2931 2779 3040 2833 τῶν
3074 2776 3194 2847 φλβ¹
3231 2773 3367 2828 ὲτῶν
3417 2768 3718 2841 ἐκπληροῦ-

2139 2860 2245 2935 σιν.
2293 2879 2476 2941 Οὕτως
2531 2873 2624 2930 οὖν
2657 2871 2957 2942 δειχθέντος
3003 2869 3093 2922 διά
3137 2885 3196 2921 τε
3241 2865 3352 2919 τῶν
3403 2863 3511 2917 ἀπὸ
3549 2860 3718 2932 Ἀδὰμ

2139 2971 2298 3034 ἑτῶν,
2322 2971 2487 3042 ήγουν
2513 2967 2621 3020 τῶν
2653 2964 2825 3035 ,ς-ρλγ’
2857 2962 2943 3015 διά
2963 2977 3022 3014 τε
3051 2960 3150 3029 τῆς
3181 2954 3482 3023 ἐνεστώσης
3499 2953 3716 3005 δυοκαι-

2139 3062 2372 3132 δεκάτης
2421 3058 2696 3130 περιόδου,
2728 3054 2976 3108 τουτέστι
3023 3051 3133 3106 τῶν
3187 3055 3333 3113 σπα’,
3383 3045 3478 3100 τοῦ
3511 3043 3715 3117 τρόπου

2141 3152 2263 3206 καθ’
2291 3151 2352 3206 ὃν
2380 3152 2442 3203 τὸ
2463 3149 2815 3219 ἐνιστάμενον
2836 3145 2928 3199 τοῦ
2956 3161 3017 3197 τε
3049 3142 3201 3214 ήλίου
3229 3141 3322 3194 καὶ
3345 3138 3442 3207 τῆς
3467 3136 3716 3206 σελήνης,

2139 3241 2359 3296 καὶτοῦ
2401 3241 2644 3312 βισέξτου
2667 3239 2787 3301 ἔτος
2829 3234 3187 3304 γινώσκεται·
3225 3230 3492 3303 προσήκει
3535 3225 3721 3280 λοιπὸν

2138 3332 2410 3396 ὑποδεῖξαι
2441 3331 2540 3400 τὴν
2572 3330 2808 3401 μέθοδον,
2830 3327 2889 3394 εξ
2911 3323 2979 3399 ἦς
3012 3325 3111 3396 τὴν
3139 3321 3484 3395 κυριωτάτην
3510 3318 3723 3390 ἡμέραν

2137 3425 2237 3494 τῆς
2261 3423 2672 3494 παρεισδάσεως
2711 3420 2805 3476 καὶ¹
2840 3421 2938 3490 τῆς
2963 3415 3314 3478 ἀναστάσεως
3353 3415 3419 3466 ὲκ
3445 3411 3598 3464 τοῦδε
3625 3408 3720 3462 τοῦ

2141 3515 2388 3572 κανονίου
2415 3513 2695 3583 συντόμως
2726 3509 3051 3565 καταλαϐεῖν
3083 3508 3154 3562 ⁷⁸.

2154 3627 2489 3693 Ἀπόδειξις
2531 3625 2640 3679 τοῦ
2686 3626 2932 3692 τρόπον,
2987 3621 3115 3693 καθ’
3149 3619 3220 3693 όν
3267 3634 3380 3693 τιςῌ
3395 3615 3476 3693 ⁸1νό
3508 3613 3723 3693 Πάσχα

2211 3699 2343 3752 καθ’
2373 3684 2634 3750 ἕᾶιάστον
2674 3684 2808 3751 ἐξοί-
2849 3684 3125 3764 ﬁngitur
3164 3690 3234 3745 ἐκ
3277 3685 3450 3744 τοῦδε
3485 3684 3591 3740 τοῦ
3617 3699 3724 3738 κα-

2209 3768 2417 3824 νονίου
2444 3766 2792 3836 δυνήσεται.

2213 3879 2317 3935 16'.
2361 3875 2762 3948 Εὑρισκομένθυ
2811 3872 2989 3928 τοίνυν
3029 3871 3119 3925 διὰ
3149 3869 3251 3938 τῇς
3287 3867 3551 3941 εὑκρινῶς
3584 3867 3727 3919 ἀνω-

2147 3972 2292 4044 τέρω
2333 3969 2592 4042 meum;
2625 3967 2807 4037 ψήφου
2846 3964 2941 4022 τοῦ
2975 3981 3034 4016 τε
3063 3961 3357 4023 ἐνεστῶτος
3380 3961 3479 4030 τῆς
3501 3958 3729 4030 σελήνης

2145 4063 2297 4126 ἔτους
2344 4061 2501 4132 (φέρε
2547 4061 2720 4114 εἰπεῖν
2759 4057 2834 4121 ὡς
2875 4055 2968 4109 ἐπὶ
3013 4053 3107 4112 τοῦ
3160 4052 3386 4109 εἰσιέναι
3445 4049 3729 4121 μέλλοντος

2147 4152 2629 4212 πεντεκαιδεκάτου
2651 4164 2664 4177 ·
2687 4148 2843 4206 τοῦτο
2863 4147 2971 4217 γὰρ
3011 4147 3244 4218 ὑπάρχει
3275 4143 3336 4198 τὸ
3376 4145 3434 4200 ὲν
3465 4134 3508 4210 ᾧ
3549 4141 3727 4214 μέλλει

2147 4245 2210 4304 τὸ
2241 4245 2507 4315 σωτήριον
2536 4241 2727 4311 Πάσχα
2751 4239 3022 4296 τελεῖσθαι
3043 4240 3155 4302 τοῖς
3190 4233 3575 4306 πνευματικῶς
3603 4233 3728 4304 ἐορ-

2149 4337 2458 4406 τάζουσιν)·
2487 4329 2606 4389 εἶτα
2654 4332 2816 4389 πάλιν
2875 4330 2970 4387 καὶ
3024 4327 3117 4384 τοῦ
3170 4326 3397 4384 εἰσιέναι
3447 4323 3729 4396 μέλλοντος

2150 4431 2303 4494 ἔτους
2350 4431 2450 4500 τῆς
2502 4426 2729 4498 σελήνης
2766 4426 2813 4456 ⁷⁵
2858 4421 3283 4492 γινωσκομένου,
3333 4416 3578 4476 τουτέστι
3631 4412 3726 4470 τοῦ

476 4544 604 4584 mus
643 4527 944 4599 ingressuri
994 4545 1007 4581 :
1051 4541 1233 4595 quaere
1279 4525 1333 4580 in
1383 4524 1575 4579 dextro
1621 4524 1848 4579 canonis
1882 4523 2040 4577 latere

2154 4521 2370 4594 πρώτου
2391 4537 2403 4549 ·
2431 4519 2589 4574 τοῦτο
2629 4515 2738 4586 γάρ
2785 4515 2902 4569 ὲστι
2949 4512 3010 4567 τό
3042 4511 3421 4584 εἰσερχόμενον
3441 4526 3454 4542 ’
3485 4508 3566 4562 δεῖ
3587 4505 3729 4565 κατὰ

478 4633 696 4674 versum
738 4619 792 4672 in
833 4631 942 4686 quo
975 4616 1118 4671 idem
1167 4616 1256 4669 ille
1307 4622 1484 4670 annus
1529 4613 1776 4668 decimus
1824 4612 2040 4682 quintus

2154 4613 2307 4677 τάξιν
2333 4611 2536 4664 ἐπιδεῖν
2564 4611 2621 4662 ὲν
2649 4609 2727 4679 τῷ
2758 4606 2916 4678 δεξιῷ
2946 4604 3101 4676 μέρει
3134 4603 3228 4656 τοῦ
3265 4600 3516 4656 -κανονίου
3541 4599 3602 4652 τὸ
3637 4614 3730 4652 σε·

479 4709 758 4778 ascriptus
819 4714 905 4762 est
953 4727 966 4761 :
1012 4721 1078 4761 ac
1120 4707 1166 4761 si
1211 4705 1353 4760 diem
1403 4706 1582 4774 ipsum
1634 4704 2040 4761 resurrectionis

2159 4709 2344 4771 λίδιον,
2369 4709 2426 4761 ὲν
2459 4699 2504 4775 ᾧ
2527 4704 2974 4774 καταγέγραπται
2997 4699 3056 4754 τὸ
3091 4696 3223 4752 αὐτὸ
3247 4691 3728 4750 πεντεκαιδέκατον

479 4813 647 4853 nosse
676 4797 861 4859 libeat,
895 4795 1224 4866 quaerendus
1263 4804 1348 4849 est
1387 4792 1668 4848 Romanus
1704 4794 1927 4857 mensis,
1959 4794 2053 4863 qui

478 4907 547 4946 ex
577 4891 809 4945 adverso
848 4888 1046 4944 decimi
1075 4887 1252 4957 quinti
1291 4887 1420 4941 anni
1460 4887 1669 4940 lunaris
1706 4886 1762 4942 in
1805 4887 2053 4956 proximo

480 4992 615 5037 tota:
643 4995 855 5036 canone
883 4980 1024 5034 situs
1044 4986 1131 5036 est
1163 4998 1175 5034 :
1204 4993 1364 5047 quem
1391 4977 1628 5047 Aprilem
1655 4992 1778 5032 esse
1798 4978 2051 5046 reperies.

481 5073 609 5130 Mox
672 5071 740 5126 ad
813 5071 1066 5127 eumdem
1134 5069 1501 5125 adhaerentem
1563 5067 1752 5133 diem,
1803 5069 2058 5124 videlicet

481 5165 760 5222 Kalendas
809 5163 1053 5234 colliges,
1105 5163 1368 5233 quoniam
1412 5159 1630 5231 quidem
1676 5162 1732 5215 in
1786 5159 2058 5216 Kalendas

484 5259 700 5330 Apriles
736 5258 868 5313 luna
907 5271 1000 5312 11v
1038 5254 1249 5310 Judaici
1288 5251 1456 5308 Nisan
1493 5253 1695 5308 incidet
1741 5268 1886 5308 anno
1917 5254 2059 5308 lunae

483 5368 574 5405 xv.
609 5349 690 5405 Ad
733 5349 881 5404 hunc
927 5349 1162 5418 primum
1199 5345 1401 5414 Aprilis
1441 5345 1583 5399 diem
1624 5343 1885 5399 addenda:
1932 5352 2062 5400 sunt

481 5445 688 5508 epuetae
724 5437 974 5510 proxime
1002 5436 1284 5506 sequentis
1320 5433 1450 5489 anni
1494 5434 1649 5496 solis,
1677 5449 1839 5504 quem
1874 5437 2059 5505 proxi-

485 5543 634 5579 mum
675 5541 801 5583 esse
852 5525 1096 5581 diximus
1141 5544 1157 5582 :
1202 5540 1279 5579 eae
1305 5533 1434 5580 sunt
1466 5540 1563 5589 vn,
1598 5523 1664 5577 ad
1695 5526 1931 5594 primum
1969 5541 2062 5581 an-

487 5631 618 5669 num
647 5618 781 5670 solis
815 5618 1104 5672 adnotata.
1139 5613 1215 5669 Ita
1259 5615 1453 5670 divisis
1480 5631 1578 5670 vm
1613 5632 1710 5686 per
1746 5632 1847 5682 vn,
1888 5617 2059 5674 relin-

561 5772 610 5812 "
643 5770 794 5824 Deest
824 5771 1183 5841 δυνησόμεθα,
1265 5773 1308 5804 τε
1344 5769 1464 5825 for
1497 5771 1669 5840 ἡλίου.

2155 4800 2294 4864 ἔτος.
2324 4799 2432 4855 Καὶ
2456 4800 2505 4855 εἰ
2541 4797 2639 4868 μὲν
2677 4796 2846 4866 αὐτὴν
2869 4793 2967 4863 τὴν
2989 4787 3354 4856 ὰναστάσιμον
3378 4782 3568 4854 ἑορτὴν
3595 4777 3730 4834 εἰδέ-

2155 4911 2242 4947 ναι
2269 4892 2516 4962 θέλομεν,
2551 4889 2642 4944 τὸν
2667 4889 2786 4942 κατ’
2827 4885 2957 4942 εὐθὺ
2988 4881 3082 4936 τοῦ
3119 4875 3602 4932 πεντεκαιδεκάτου
3632 4871 3729 4941 τῆς

2161 4984 2390 5055 σελήνης
2422 4983 2672 5053 κείμενον
2720 4979 2874 5042 ἔτους
2931 4971 3238 5044 Ῥωμαϊκὸν
3275 4969 3421 5040 μῆνα
3464 4963 3732 5038 ζητοῦμεν

2159 5079 2218 5129 ὲν
2262 5075 2340 5146 τῷ
2381 5073 2731 5146 πλησιάζοντι
2776 5069 2855 5141 τῷ
2891 5064 3068 5140 τροχῷ
3091 5061 3322 5132 κανονεῳ
3345 5077 3360 5090 ’
3411 5059 3506 5114 καὶ
3545 5056 3731 5111 τοῦτον

2161 5143 2502 5236 εὑρίσκοντες
2537 5160 2808 5232 Ἀπρίλιον
2833 5159 2980 5220 ὄντα,
3010 5154 3106 5226 τὴν
3146 5147 3554 5224 παρακειμένην
3585 5143 3734 5220 αὐτῷ

2163 5235 2443 5317 ποσταίαν,
2464 5253 2630 5323 ήγουν
2660 5250 2758 5322 τὴν
2777 5247 2999 5320 πρώτην
3023 5242 3331 5316 κρατοῦμεν
3351 5258 3364 5272 ·
3389 5238 3575 5310 ἐπειδὴ
3593 5235 3734 5292 κατὰ

2161 5343 2366 5413 ταύτην
2382 5342 2480 5412 τὴν
2511 5340 2732 5412 πρώτην
2757 5339 2851 5393 τοῦ
2892 5335 3165 5408 Ἀπριλίου
3192 5333 3359 5404 μηνὸς
3382 5334 3416 5402 ή
3439 5332 3502 5385 δι’
3525 5329 3732 5399 γίνεται

2161 5435 2254 5491 τοὲ
2283 5436 2537 5506 φέγγους,
2572 5434 2736 5504 ήγουν
2768 5429 2863 5488 τοῦ
2895 5428 3109 5500 πρώτου
3145 5424 3265 5478 καθ’
3308 5421 3590 5492 Ἐϐραίους
3632 5435 3733 5488 μηθ

2165 5527 2274 5592 νὸς,
2315 5525 2459 5594 λέγω
2493 5525 2559 5596 δὴ
2603 5523 2697 5576 τοῦ
2739 5521 2935 5576 Νισάν.
2969 5519 3125 5573 Κατὰ
3152 5517 3214 5569 τὸ
3253 5515 3385 5571 αὐτὸ
3419 5520 3481 5566 ει¹
3506 5512 3624 5575 ἔτος
3649 5510 3734 5564 ἀεὶ

2164 5618 2264 5689 τῆς
2311 5617 2540 5688 σελήνης
2575 5616 2670 5671 καί
2717 5613 3058 5686 ἐμϐάλλομεν
3092 5611 3228 5680 αὑτῇ
3280 5610 3346 5678 τῇ
3403 5603 3591 5679 πρώτῃ
3645 5600 3736 5654 τοῦ
