4112 6440
419 342 559 398 125³1

1231 345 1290 404 S.
1329 345 1581 402 MAXIMI
1621 345 1988 404 MARTYRIS
2019 348 2404 407 COMPUTUS
2442 347 2882 406 ECCLESIAST.

3539 347 3677 404 1238

431 456 710 530 Ἀπριλίου
731 457 830 521 τὰς
844 438 1087 523 ἐπακτὰς
1105 459 1200 514 τοῦ
1221 462 1448 516 εἰσιέναι
1463 463 1749 535 μέλλοντος
1777 465 2005 537 ἡλιακοῦ

2109 469 2301 538 quitur
2336 484 2377 534 ιι,
2408 483 2476 522 ex
2511 483 2620 536 qua
2664 467 2856 522 feriam
2889 469 3274 539 cognoscimus
3316 463 3686 520 Kalendarum

418 550 592 613 ἑτους,
624 549 790 619 ἧγουν
827 549 920 604 τοῦ
959 550 1198 624 πρώτου,
1229 553 1321 607 τὸν
1353 554 1582 626 ἀριθμὸν
1609 554 1775 621 οὔσας
1803 558 1868 622 ζ’,
1908 559 2002 613 καὶ

415 643 476 695 ἐν
501 641 652 712 αύτῷ
676 640 753 712 τῷ
783 641 984 713 πρώτῳ
1013 643 1124 696 ἔτει
1149 644 1242 697 τοῦ
1270 645 1420 716 ἡλίου
1443 647 1998 720 καταγεγραμμένας.

417 731 602 796 Οὕτως
643 729 736 786 οὖν
764 733 860 798 τὰς
893 741 944 804 η’
973 734 1270 806 μερίζομεν
1305 739 1385 800 είς
1419 735 1464 802 ζ’
1483 755 1498 770 ο
1530 739 1623 791 καὶ
1648 741 1714 792 ἐκ
1738 740 1838 810 τῆς
1866 740 2000 794 ὑπο-

418 823 826 894 λιμπανομένης
875 827 1004 895 μιᾶς
1026 827 1240 896 ἡμέρας
1277 826 1616 899 γινώσκομεν
1643 831 1740 900 τὴν
1774 831 2004 902 ἑϐδομα-

418 913 589 986 ἰικὴν,
623 915 700 978 ὡς
721 917 910 987 πρώτη
945 918 1284 990 καθέστηκεν
1309 922 1343 990 ὴ
1367 920 1558 991 πρώτη
1593 921 1686 974 τοῦ
1728 922 2006 995 Ἀπριλίου

396 1005 605 1087 μηνὸς,
635 1006 913 1060 τουτέστιν
946 1008 1075 1076 ἁγία
1111 1010 1363 1080 Κυριακὴ
1387 1028 1399 1042 ·
1436 1013 1529 1065 κσξι
1556 1013 1619 1064 ἐκ
1661 1012 1865 1084 ταύτης
1895 1013 2007 1067 λοι-

393 1098 512 1180 Ξιτὸν
543 1100 623 1162 είς
670 1100 768 1170 τὴν
805 1100 1064 1154 ἐπιοῦσαν
1093 1103 1257 1170 ἁγίαν
1295 1103 1700 1174 ὑπερτιθέμεθα
1725 1103 2006 1178 Κυριακὴν

394 1185 512 1260 ’τὴν
545 1191 644 1261 τῆς
691 1192 1041 1256 ἀναστάσεως
1079 1194 1274 1264 ἑορτήν
1300 1211 1313 1225 ⁸
1349 1195 1469 1265 ἦτις
1503 1202 1552 1266 η’
1585 1192 1680 1247 τοῦ
1726 1195 2003 1266 Ἀπριλίου

414 1283 697 1354 προδήλως
729 1286 896 1338 ἐστίν.
947 1286 1164 1358 Ἐπειδὴ
1190 1288 1252 1341 τὸ
1288 1286 1577 1357 Ἐϐραῖκδν
1614 1286 1827 1357 Πάσχα,
1860 1287 2004 1357 λέγω

411 1373 478 1444 δὴ
503 1372 600 1445 τὴν
626 1374 666 1426 δ’
709 1377 803 1428 καὶ
825 1383 854 1428 ι’
884 1376 978 1429 τοῦ
1018 1377 1278 1446 φέγγους,
1306 1379 1473 1450 ἤγουν
1496 1377 1590 1431 τοῦ
1640 1377 1857 1449 πρώτου
1881 1375 2002 1430 καθ’

426 1463 712 1535 Ἐϐραίους
769 1467 974 1538 μηνὸς,
1049 1468 1396 1540 ὑπερϐαίνειν
1460 1469 1724 1540 προσήκει
1784 1468 2003 1532 πάντως

413 1555 583 1624 ἡμᾶς,
619 1557 727 1610 εἴτε
760 1560 1047 1630 Κυριακῆς
1085 1559 1315 1628 φθάσει,
1351 1560 1490 1632 πρὸςΔ
1512 1561 1611 1632 τὴν
1640 1559 1805 1632 άλλην
1838 1559 2001 1628 ἁγίαν

412 1646 702 1719 Κυριακὴν
738 1651 1184 1721 μεταϐαίνοντας,
1207 1653 1318 1706 εἴτε
1335 1653 1614 1725 δευτέρας,
1649 1654 1759 1707 εἴτε
1787 1654 1997 1725 τρίτης,

2109 559 2401 629 Αιριίιίιιιιι,
2432 575 2626 630 nempe
2657 557 2994 612 Dominicam
3024 576 3038 612 :
3067 573 3098 612 a
3139 573 3246 630 qua
3281 557 3336 612 in
3367 565 3685 627 sequentem

2111 652 2448 708 Dominicam
2537 652 2960 707 resurrectionis
3033 652 3276 708 solemne
3324 651 3684 714 diﬂ‘unditur,

2109 755 2280 812 quam
2326 742 2674 796 manifestum
2717 753 2801 798 est
2839 752 3087 798 octavam
3124 742 3326 812 Aprilis
3367 757 3490 797 esse
3517 740 3684 795 diem.

2111 831 2223 889 Nos
2253 833 2398 888 enim
2433 833 2642 889 Pascha
2677 832 3011 901 Judteorum,
3042 835 3096 889 id
3128 842 3214 890 est
3243 851 3334 890 xxv
3364 836 3538 900 Iuliae,
3571 835 3687 888 sive

2111 921 2321 976 mensis
2346 921 2563 974 illorum
2595 923 2779 991 primi,
2808 939 3035 978 necesse
3065 934 3149 979 est
3170 925 3580 984 transcendere,
3620 938 3687 978 ac

2113 1011 2160 1066 si
2195 1011 2251 1064 in
2281 1009 2624 1066 Dominicam
2680 1012 2948 1078 incurrat,
2991 1013 3218 1066 alteram
3258 1013 3312 1067 in
3345 1013 3685 1068 Dominiealn

2111 1101 2401 1154 transitum
2452 1099 2654 1164 facere,
2701 1102 2815 1157 sive
2872 1103 2927 1156 in
2979 1101 3170 1156 feriam
3219 1104 3538 1167 secundam,
3589 1111 3686 1156 aut

2110 1192 2352 1256 tertiam,
2394 1191 2448 1246 in
2475 1192 2722 1246 eamdem
2753 1193 3029 1248 tranferre
3059 1193 3419 1248 Dominicam.
3452 1193 3608 1261 Quod
3637 1195 3686 1249 si

2112 1281 2354 1340 Sabbato
2387 1300 2477 1338 11v
2519 1285 2822 1356 contingat,
2865 1287 3128 1357 postridie
3164 1285 3374 1341 Pascha
3411 1285 3521 1353 lict,
3554 1287 3683 1342 luna

2105 1395 2197 1443 xv,
2241 1378 2701 1450 quemadmodum
2753 1394 2878 1433 cum
2935 1395 2964 1434 a
3016 1379 3578 1450 Dominica'flalteram
3625 1381 3684 1434 in

2103 1467 2444 1525 Dominicam
2488 1470 2829 1535 diffunditur,
2854 1471 2981 1525 luna
3010 1487 3102 1526 xx:
3155 1471 3376 1526 accidit.
3421 1469 3580 1533 Nam,
3624 1480 3685 1524 ut

2099 1559 2215 1634 jam
2264 1561 2527 1626 diximus,
2581 1577 2689 1616 non
2741 1563 2885 1616 ultra
2927 1573 3182 1633 septenos
3222 1562 3341 1616 dies
3377 1577 3406 1615 a
3453 1559 3684 1615 Iudaico

2107 1653 2378 1710 Paschate
2405 1653 2465 1709 [it
2493 1654 2803 1721 translatio,
2835 1654 2940 1709 hoc
2962 1663 3046 1709 est
3071 1669 3100 1708 a
3130 1671 3221 1709 xw
3249 1655 3397 1708 luna.

404 1747 495 1809 tl;
529 1745 628 1817 τὴν
657 1745 827 1819 αὐτὴν
855 1748 1056 1818 ὁμοίως
1089 1750 1392 1822 Κυριακήν.
1433 1752 1496 1804 Εἰ
1529 1751 1586 1804 δὲ
1616 1751 1898 1822 Σαϐϐάτῳ,
1930 1753 1997 1821 τῇ
2038 1750 2318 1822 ἐπαύριον,
2352 1749 2897 1813 πεντεκαιδεκαταίας
2922 1749 3087 1820 οὔσης
3120 1748 3182 1802 τὸ
3239 1747 3538 1821 τηνικαῦτα
3583 1745 3682 1816 δη-

412 1841 545 1914 λαδὴ
585 1844 681 1913 τῆς
728 1845 980 1916 σελήνης.
1009 1846 1218 1918 Ὥσπερ
1263 1842 1355 1900 οὖν
1385 1847 1623 1916 ὁπηνίκα
1651 1846 1814 1900 πάλιν
1852 1845 1960 1900 άπὸ
1998 1831 2286 1917 Κυριακῆς
2319 1847 2399 1908 είς
2428 1845 2526 1917 τὴν
2547 1845 2808 1899 ἐπιοῦσαν
2835 1845 2995 1915 ἁγίαν
3042 1843 3326 1915 Κυριακὴν
3383 1841 3681 1914 ποιούμεθα

407 1934 511 2003 τὴν
545 1935 857 2006 ὑπέρθεσιν,
890 1938 1082 1992 εἰκάδα
1113 1939 1338 2010 πρώτην
1372 1939 1623 2010 ἐχούσης.
1661 1941 1750 2004 Ὠς
1770 1940 1878 2010 γὰρ
1903 1940 2003 2011 1ήδη
2039 1939 2308 2004 λέλεκται,
2352 1939 2516 2010 μέχρι
2555 1939 2713 2010 μόνον
2737 1939 2780 2003 ζ’
2806 1938 3033 2011 ἡμερῶν
3061 1936 3358 2008 ποιούμεθα
3411 1934 3508 2006 τὴν
3572 1935 3682 1989 άπὸ

408 2024 506 2078 τοῦ
558 2026 846 2099 Ἐϐραῖκοῦ
883 2029 1073 2101 Πάσχα
1123 2031 1452 2102 μετάϐασινο
1487 2033 1656 2104 ἤγουν
1705 2033 1804 2102 τῆς
1837 2031 1879 2084 δ’
1931 2031 2027 2084 καὶ
2068 2038 2100 2085 ι’
2155 2031 2250 2088 τοῦ
2300 2029 2569 2100 φέγγους·
2615 2031 2925 2104 περαιτέρω
2961 2029 3018 2083 δὲ
3056 2027 3322 2100 οὐδαμῶς.
3359 2027 3468 2082 Καὶ
3511 2024 3680 2081 ταῦτα

409 2120 514 2189 μὲν
545 2122 669 2192 περὶ
705 2120 798 2173 τοῦ
831 2122 1041 2192 Πάσχα.

408 2236 552 2306 Περὶ
595 2237 708 2306 τῆς
748 2245 781 2292 ι’
824 2238 929 2293 τοῦ
967 2240 1219 2308 ἑϐδόμου
1262 2241 1476 2310 μηνὸς,
1525 2240 1652 2307 πῶς
1687 2240 1787 2295 καὶ
1837 2237 1986 2306 αὕτη

2097 2233 2175 2289 De
2203 2232 2650 2305 septimiJlmensis
2694 2231 2779 2286 die
2807 2247 2862 2310 at,
2889 2230 3151 2301 quomodo
3187 2232 3348 2287 etiam
3377 2234 3496 2304 ipsa
3536 2251 3678 2305 repe-

935 2311 1468 2381 καταλαμϐάνεται.

478 2424 564 2478 κ’.
599 2424 664 2477 Ei
700 2423 876 2496 δὲτὴν
908 2430 936 2478 ι’
959 2424 1054 2478 τοῦ
1086 2424 1204 2478 καθ’
1246 2424 1528 2496 Ἐϐραίους
1561 2424 1788 2496 ἑϐδόμου
1825 2425 1991 2494 μηνὸς

406 2515 610 2582 γνῶναι
638 2514 885 2586 θελήσειέ
926 2533 1032 2579 τις.
1077 2518 1135 2570 ἐν
1173 2514 1252 2586 τῷ
1277 2515 1601 2587 δεξιωτέρῳ,
1624 2515 1870 2568 τουτέστι
1911 2511 1992 2584 τῷ

411 2606 551 2679 μετὰ
575 2608 636 2660 τὸ
660 2609 852 2679 Πάσχα
874 2608 1337 2680 διαγεγραμμένῳ
1356 2608 1608 2676 κανονίῳ,
1641 2607 1731 2662 τὸν
1761 2604 1994 2678 πλησιάσ

407 2697 570 2764 ζοντα
599 2700 678 2770 τῷ
711 2700 859 2770 αύτῷ
878 2702 977 2771 τῆς
1011 2701 1242 2772 σελήνης
1281 2706 1321 2753 ε’
1344 2703 1439 2755 καὶ
1471 2708 1502 2754 t'
1537 2699 1647 2753 ετει
1687 2697 1991 2770 Ῥωμαϊκὸν

410 2790 560 2863 μῆνα
590 2792 862 2846 σκοπείτω
896 2793 1062 2862 (λέγω
1091 2792 1150 2846 δέ
1176 2793 1266 2848 τὸν
1293 2791 1686 2865 Σεπτέμϐριον)
1707 2807 1720 2820 ⁸
1757 2792 1851 2845 καὶ
1892 2791 1992 2862 τὴν

406 2882 822 2954 παρακειμένην
850 2885 1015 2937 αὑτοῦ
1047 2887 1312 2939 ποσταίαν
1342 2885 1561 2957 κρατῶν
1602 2892 1686 2939 ira!
1715 2884 1990 2955 ὑπάρχου-

406 2985 529 3036 σαν,
551 2970 820 3040 γνώσεται
853 2975 972 3045 μὲν,
999 2975 1075 3038 ὡς
1103 2978 1224 3029 κατ’
1250 2976 1418 3048 αὐτήν
1451 2979 1598 3029 ἐστιν
1630 2975 1736 3039 ἀεὶ,
1765 2975 1907 3029 κατὰ
1930 2974 1992 3027 τὸ

406 3061 542 3114 αὐτὸ
602 3070 664 3116 ει¹
713 3065 810 3135 τῆς
869 3062 1098 3136 σελήνης
1155 3067 1294 3131 ἔτος,
1347 3071 1380 3139 ἡ
1429 3075 1460 3120 ι’
1503 3068 1598 3122 τοῦ
1656 3066 1820 3121 αὑτοῦ
1869 3066 1991 3120 καθ’

419 3152 700 3226 Ἐϐραίους
727 3155 912 3228 μηνός.
938 3159 1000 3210 Εἰ
1023 3158 1080 3212 δὲ
1102 3160 1195 3212 καὶ
1216 3159 1314 3229 τὴν
1335 3159 1688 3230 ἑϐδομαδικὴν
1707 3158 1990 3230 βουληθείη

411 3245 606 3319 μαθεῖν
639 3248 874 3320 ἡμέραν,
910 3253 974 3322 τῇ
1007 3253 1143 3323 αὐτῇ
1171 3253 1264 3306 τοῦ
1299 3253 1673 3324 Σεπτεμϐρίου
1707 3253 1873 3324 μηνὸς
1897 3271 1994 3306 πο-

409 3337 595 3408 σταίᾳ,
629 3337 773 3408 λέγω
809 3340 866 3393 δὲ
892 3343 959 3412 τῇ
996 3343 1172 3396 εἰκάδι
1213 3347 1426 3418 πρώτῃ,
1456 3343 1553 3408 τὰς
1582 3343 1993 3415 παρακειμένας

405 3427 516 3480 ἀπὸ
552 3427 780 3499 σηρικοῦ
825 3430 1132 3501 προσθετὰς
1172 3433 1387 3504 ἡμέρας
1416 3431 1685 3496 ἐπιϐάλοι,
1722 3431 1860 3502 μετὰ
1900 3433 1994 3486 καὶ

401 3518 514 3571 τῶν
539 3520 794 3574 ἐπακτῶν
817 3520 911 3574 τοῦ
939 3523 1234 3587 ἐνεστῶτος
1267 3524 1416 3596 ἡλίου
1446 3525 1600 3590 ἑτους
1619 3542 1633 3557 ⁸
1663 3519 1773 3578 οἷον
1798 3525 1875 3589 ὡς
1900 3526 1992 3579 ἐπὶ

2789 2303 2988 2359 riatur.

2163 2414 2283 2470 XX.
2322 2414 2383 2470 Si
2428 2407 2655 2486 septimi
2693 2414 2900 2469 mensis
2944 2411 3162 2469 Judaici
3206 2414 3478 2472 decimum
3535 2416 3676 2474 diem

2093 2522 2259 2564 nosse
2285 2508 2504 2582 studeat
2545 2506 2765 2577 aliquis,
2797 2507 2853 2560 in
2891 2505 3200 2563 dexteriore
3233 2507 3462 2564 canonis
3503 2517 3676 2580 parte,

2092 2619 2215 2674 qua:
2266 2601 2555 2656 Paschatis
2603 2600 2857 2656 versibus
2899 2600 3148 2670 proxima
3197 2609 3320 2668 est,
3367 2601 3680 2674 inquiratur

2093 2695 2302 2750 mensis
2331 2692 2615 2748 Romanus
2645 2706 2790 2747 anno
2813 2691 2955 2748 lunae
2984 2691 3178 2762 quinto
3211 2693 3424 2749 decimo
3450 2711 3681 2775 respona

2091 2785 2228 2841 dens
2265 2786 2334 2847 (is
2364 2794 2450 2840 est
2499 2783 2867 2854 September),
2902 2799 3010 2838 una
3045 2800 3170 2840 cum
3205 2794 3372 2855 quota
3413 2785 3521 2852 die,
3557 2803 3680 2859 quae

2091 2885 2176 2933 est
2220 2893 2313 2932 χχι
2358 2877 2614 2933 :noverit
2661 2892 2792 2948 ergo
2834 2883 3100 2948 perpetuo
3147 2893 3294 2932 anno
3337 2877 3480 2934 luna:
3509 2896 3580 2935 xv
3621 2881 3678 2944 in

2091 2969 2339 3028 eamdem
2370 2969 2512 3025 diem
2538 2968 2781 3024 incidere
2807 2969 3076 3025 decimam
3107 2970 3250 3026 diem
3280 2969 3494 3030 Judaici
3525 2989 3679 3033 men..-

2093 3065 2194 3120 sis.
2225 3061 2379 3128 Quod
2418 3061 2464 3116 si
2500 3061 2691 3116 feriam
2722 3068 2984 3132 praeterea
3017 3062 3288 3133 requirit.
3326 3063 3392 3120 ad
3437 3080 3530 3119 ιιι
3575 3063 3680 3120 Se-

2092 3152 2357 3226 ptembris
2398 3151 2677 3224 regulares
2726 3151 3019 3218 addantur,
3069 3153 3162 3223 qui
3196 3153 3374 3209 serico
3421 3154 3488 3209 ad
3523 3156 3678 3210 illum

2093 3246 2238 3302 diem
2287 3244 2665 3310 ascribuntur,
2717 3259 2828 3299 una
2869 3258 2994 3299 cum
3035 3245 3246 3314 epactis
3288 3247 3416 3301 anni
3457 3247 3675 3311 solaris,

2093 3353 2216 3409 quae
2242 3345 2373 3395 sunt
2418 3345 2651 3408 septem.
2687 3335 2967 3391 Summam
3014 3337 3227 3392 dierum
3270 3355 3443 3394 xxxrv
3471 3339 3679 3395 dividat

2094 3447 2192 3504 per
2221 3446 2322 3496 vn,
2359 3430 2742 3500 relinquentur
2771 3445 2847 3494 Vi,
2881 3445 3003 3500 qua:
3036 3430 3283 3485 indicant
3320 3431 3512 3487 feriam
3553 3446 3678 3486 esse

2095 3537 2172 3588 vi,
2217 3522 2334 3577 sive
2371 3519 2737 3575 Parasceven.
2784 3518 2984 3574 Eadem
3032 3521 3323 3578 methodus
3367 3521 3677 3576 adhibenda

399 3609 497 3662 τοῦ
520 3609 740 3685 πρώτου
768 3610 921 3677 ἔτους
945 3613 1044 3678 τὰς
1068 3613 1112 3679 ζ’
1138 3589 1348 3686 ἡμέρας
1366 3632 1381 3647 °
1413 3617 1508 3671 καὶ
1531 3589 1672 3670 οὕτω
1711 3615 1811 3680 τὰς
1842 3616 1990 3682 ὅλας,

2098 3613 2258 3668 annis
2291 3612 2577 3679 omnibus,
2630 3627 2753 3681 qua:
2796 3611 2853 3666 in
2899 3611 3086 3668 dextra
3121 3623 3276 3684 parte
3318 3616 3546 3669 canonis
3581 3628 3677 3668 oc-

401 3703 570 3772 ἧγουν
601 3704 700 3767 τάς
737 3705 832 3770 λδν,
866 3709 946 3771 εἰς
981 3708 1080 3772 τὰς
1110 3708 1153 3772 ζ’
1190 3710 1425 3783 μερίσει,
1465 3710 1561 3764 καὶ
1603 3711 1670 3764 ἐκ
1719 3711 1828 3764 τῶν
1856 3710 1991 3763 ὐπο-

2098 3709 2328 3758 currunt
2362 3721 2378 3758 :
2412 3703 2527 3758 sive
2556 3702 2682 3772 quis
2707 3718 2798 3757 xiv
2823 3702 2986 3772 primi
3025 3703 3233 3760 mensis
3267 3703 3478 3759 Judaici
3512 3718 3677 3760 nosse

402 3792 820 3867 λιμπανομένων
868 3798 928 3864 ἒξ
971 3799 1258 3873 ἰσάριθμον
1305 3802 1510 3856 εἴσεται
1561 3804 1780 3862 πάντως
1822 3797 1989 3856 οὖσαν

2097 3798 2267 3862 velit,
2302 3797 2419 3852 sive
2447 3813 2480 3850 ι
2525 3796 2734 3852 mensis
2783 3796 3022 3867 septimi.
3057 3797 3210 3853 lianc
3250 3813 3416 3869 porro
3457 3798 3676 3868 septimi

401 3886 502 3956 τὴν
534 3886 910 3962 ἑϐδομαδικὴν,
946 3894 1191 3947 τουτέστι
1227 3895 1606 3968 Παρασκευήν.
1632 3895 1793 3949 Κατὰ
1815 3892 1988 3948 ταῦτα

2097 3888 2302 3945 mensis
2334 3905 2371 3943 ι
2400 3887 2545 3944 diem
2581 3904 2690 3942 non
2725 3893 2859 3951 tam,
2891 3889 3036 3959 quod
3081 3890 3136 3944 in
3167 3905 3230 3944 ea
3273 3891 3516 3945 solemne
3547 3885 3674 3960 per-

401 3975 460 4030 δὲ
489 3981 752 4051 χρήσεταί
789 4001 874 4047 τις
919 3987 1012 4040 καὶ
1042 3987 1126 4056 ἐφ’
1165 3989 1380 4061 ἑκάστῳ
1423 3988 1532 4043 ἑτει
1559 3988 1666 4043 τῶν
1693 3989 1759 4044 ἐκ
1795 3987 1984 4052 δεξιῶν

2097 3993 2322 4050 agamus
2361 3977 2718 4050 ullum'(non
2747 3978 2890 4032 enim
2939 3979 3051 4033 ullo
3080 3979 3244 4034 modo
3289 3980 3591 4036 celebratur
3643 3995 3675 4034 ιι

403 4072 753 4142 τεταγμένων
805 4075 898 4128 τοῦ
944 4079 1222 4132 κανονίου’
1273 4079 1596 4151 βουλόμενος
1638 4079 1836 4152 μαθεῖν
1874 4079 1986 4132 εἴτε

2097 4071 2293 4143 nobis),
2323 4085 2486 4141 quam
2529 4077 2590 4125 ut
2620 4084 2809 4126 eorum
2846 4071 3028 4126 studio
3069 4071 3532 4139 satisfaceremus,
3579 4073 3675 4144 qui

400 4161 500 4234 τὴν
528 4163 571 4216 δ’
599 4167 694 4219 καὶ
729 4173 760 4220 ι’
793 4169 890 4221 τοῦ
929 4169 1048 4222 καθ’
1094 4170 1378 4242 Ἐϐραίους
1404 4170 1623 4244 πρώτου
1659 4170 1846 4242 μηνὸς,
1877 4170 1988 4224 εἴτε

2097 4166 2229 4222 nihil
2289 4166 2546 4236 ignorare
2595 4166 2825 4230 volunt,
2873 4165 3289 4223 describendam
3339 4167 3671 4238 putavimus.

398 4253 500 4324 τὴν
529 4254 624 4308 τοῦ
656 4256 883 4328 ἑϐδόμου
917 4259 1170 4330 δεκάτην,
1201 4263 1388 4332 ἥντινα
1421 4271 1449 4316 ι’
1477 4261 1572 4317 τοῦ
1605 4262 1832 4332 ἑϐδόμου
1876 4279 1985 4332 μη-

2093 4256 2374 4312 Hactenus
2400 4256 2467 4311 de
2494 4253 2688 4310 dextra
2720 4255 2950 4309 canonis
2974 4263 3150 4324 parte.

398 4344 488 4410 νρς
511 4346 572 4400 οὐ
599 4346 818 4419 τελετῆς
841 4349 1037 4420 μᾶλλον
1063 4353 1144 4416 εἰς
1167 4353 1334 4425 αὐτὴν
1359 4354 1654 4426 γινομένης
1678 4358 1812 4426 ἡμῖν
1839 4354 1981 4426 (οὐδὲ
2018 4349 2128 4422 γὰρ
2161 4347 2396 4402 τελεῖται
2449 4348 2510 4400 τδ
2559 4345 2796 4417 σύνολον)
2845 4346 3239 4420 διεγράψαμεν,
3297 4347 3330 4420 ἢ
3363 4346 3472 4402 τῶν
3523 4347 3676 4403 (ti-81v

397 4437 611 4504 ἀγνοεῖν
635 4436 895 4493 θελόντων
924 4442 1083 4512 χάριν
1113 4444 1490 4516 φιλομαθείας.
1515 4448 1701 4502 Ταῦτα
1730 4448 1826 4502 καὶ
1851 4445 1982 4517 περὶ
2017 4442 2128 4497 τῶν
2153 4443 2218 4495 ἐκ
2239 4439 2427 4507 δεξιῶν
2455 4437 2549 4493 τοῦ
2579 4439 2826 4494 κανονίου
2855 4438 3142 4510 κειμένων.

397 4553 555 4633 Περὶ.
584 4553 696 4622 τῆς
718 4555 876 4633 ,τῶνι
910 4559 1094 4627 ἁγίων
1149 4562 1452 4633 νηστειῶν
1502 4564 1977 4633 παρεισϐάσεως,
2011 4565 2017 4620 ἲ

2097 4558 2162 4614 De
2189 4558 2414 4613 introitu
2447 4564 2752 4633 sanctorum
2766 4554 3114 4633 jejurriorum,
3143 4571 3249 4633 qua
3280 4554 3484 4610 ratione
3516 4563 3672 4626 quot-

469 4625 596 4690 πῶς
637 4625 735 4679 καὶ
771 4625 996 4696 ταύτηᾶ⁴
1021 4631 1171 4686 κατὰ
1209 4625 1332 4688 πᾶν
1353 4635 1490 4701 ἔτος
1515 4625 1908 4706 γιῖθώσκομεν.

465 4735 598 4792 KA'.
636 4739 699 4793 Εἰ
745 4741 800 4794 δὲ
836 4744 930 4802 καὶ
976 4743 1074 4815 τὴν
1119 4745 1480 4818 παρείσϐασιν
1524 4749 1628 4802 τῶν
1670 4749 1840 4818 ἁγίων
1884 4769 1982 4822 νη-

395 4829 587 4884 στειῶν
610 4831 807 4886 εἰδέναι
834 4833 1080 4906 θελήσειέ
1108 4855 1211 4901 τις,
1238 4842 1301 4892 ἐκ
1330 4840 1429 4911 τῆς
1457 4840 1517 4906 ἐξ
1541 4841 1838 4913 εὐωνύμων
1865 4842 1983 4895 δια-

392 4920 613 4992 γραφῆς
636 4921 698 4974 τὸ
728 4923 868 4976 κατὰ
899 4924 1189 4998 διάμετρον
1214 4928 1307 4981 τοῦ
1334 4935 1398 4981 ειν
1425 4931 1524 4999 τῆς
1553 4930 1783 5002 σελήνης
1806 4931 1980 4995 ἔτους,

389 5011 485 5064 τοῦ
511 5011 662 5076 ὄντος
681 5013 745 5066 ἐκ
763 5014 951 5080 δεξιῶν
970 5058 984 5082 ,
1007 5021 1269 5092 σκοπήσει
1289 5021 1355 5074 δι’
1380 5022 1664 5093 ἀκριϐείας
1687 5021 1747 5088 ἐξ
1765 5024 1981 5094 ἀριστε-

391 5099 503 5172 ρῶν
528 5101 591 5154 τὺ
622 5103 688 5156 δι’
699 5105 798 5175 τῆς
814 5105 1044 5178 σελήνης
1064 5107 1183 5173 ἔτος
1221 5110 1717 5184 διαγεγραμμένον.
1739 5114 2004 5185 Εἵπομεν“

387 5188 519 5262 γὰρ,
537 5190 614 5253 ὡς
633 5190 775 5244 τέλει
792 5194 838 5224 ’⁷
859 5194 955 5247 τοῦ
977 5196 1270 5262 ἐνεστῶτος
1289 5198 1442 5263 ἔτους
1463 5201 1495 5270 ἠ
1516 5199 1878 5271 παρείσϐασις
1898 5215 1983 5252 τε·

385 5279 556 5333 λεῖται
587 5281 695 5335 τῶν
724 5283 892 5352 ἁγίων
938 5288 1221 5357 νηστειῶν.
1260 5291 1545 5362 Εὑρίσκων
1572 5286 1666 5344 οὖν
1697 5290 1759 5344 τὸ
1783 5291 1915 5346 αὐτὸ
1938 5291 1981 5345 δ’

384 5369 480 5423 καὶ
510 5369 542 5424 ι’
563 5371 666 5440 τῆς
693 5373 922 5446 σελήνης
953 5375 1092 5441 ἔτος,
1122 5376 1214 5432 τὸν
1237 5379 1644 5451 παρακείμενον
1675 5379 1980 5453 Ῥωμαϊκὸν

387 5461 532 5531 μῆνα
563 5465 850 5537 σκοπήσει,
875 5469 1119 5523 τουτέστι
1147 5470 1238 5524 τὸν
1265 5472 1652 5545 Φεϐρουάριον,
1678 5474 1770 5528 καὶ
1785 5474 1972 5528 τούτου

383 5550 481 5622 τὴν
521 5557 789 5610 ποσταίαν
827 5557 1118 5630 λαμϐάνων
1161 5562 1386 5633 πλησίον
1418 5566 1581 5620 αὑτοῦ
1614 5565 1970 5642 τεταγμένην,

443 5711 498 5776 ,”
528 5712 567 5766 f.
599 5715 656 5766 ἐν
688 5713 847 5770 τέλει.

2534 4627 2689 4680 armis
2713 4624 3109 4696 investigandas
3133 4626 3225 4687 sit.

2160 4738 2302 4795 XXI.
2343 4738 2448 4805 Qui
2477 4724 3150 4808 sanctorum-ieiuniorum
3176 4739 3459 4794 introitum
3481 4741 3672 4810 explo-

2087 4847 2216 4887 rare
2259 4831 2527 4897 voluerit,
2561 4838 2773 4902 quazrat
2810 4830 3092 4888 sinistram
3131 4831 3361 4886 canonis
3391 4831 3670 4892 tabellam.

2091 4923 2148 4978 in
2179 4937 2354 4994 eaque
2392 4937 2460 4977 ex
2492 4923 2724 4977 adverso
2752 4922 2964 4978 lunaris
2982 4923 3111 4977 anni
3140 4939 3230 4992 xv,
3258 4923 3352 4994 qui
3385 4924 3439 4978 in
3479 4924 3671 4979 dextra

2087 5025 2243 5086 parte
2281 5024 2535 5086 repertus
2567 5021 2672 5079 est,
2713 5022 2968 5068 accurate
3008 5014 3240 5086 vestiget
3279 5031 3483 5070 annum
3528 5015 3673 5070 luna:

2088 5127 2201 5166 xw.
2223 5108 2344 5164 Jam
2369 5111 2516 5164 enim
2538 5109 2928 5165 admonuimus
2951 5110 3005 5163 in
3032 5108 3193 5164 tinem
3223 5110 3508 5180 praesentis
3538 5110 3670 5163 anni

2088 5208 2411 5258 sanctorum
2439 5199 2775 5270 ieiuniorum
2826 5200 3116 5255 introitum
3165 5201 3398 5268 cadere;
3447 5201 3670 5256 invento

2088 5307 2233 5348 anno
2265 5307 2358 5346 xw
2400 5291 2561 5352 lunae.
2604 5289 2945 5360 adiacentem
2983 5291 3032 5346 ei
3079 5289 3387 5346 Romanum
3425 5307 3668 5348 mensem

2093 5383 2371 5444 observet,
2404 5396 2601 5451 nempe
2632 5379 2992 5436 Februarium
3018 5397 3034 5434 :
3071 5381 3232 5450 cujus
3262 5389 3489 5452 quotum
3521 5381 3666 5436 diem

2089 5473 2385 5541 ascriptum
2435 5479 2605 5536 notet,
2647 5487 2720 5526 !V.
2768 5470 2849 5525 Ad
2892 5471 3041 5528 hunc
3086 5473 3367 5544 regulares
3421 5473 3584 5528 addat
3615 5489 3668 5528 Iv

2084 5565 2264 5620 serico
2308 5564 2544 5635 scriptos
2595 5579 2718 5619 cum
2761 5563 3104 5636 insequentis
3147 5565 3280 5620 anni
3324 5564 3488 5637 primi
3534 5564 3668 5620 solis
