4132 6410
465 385 606 442 1239

1483 391 1580 446 AD‘
1613 388 1885 451 EUSEBII
1917 389 2317 448 CHRONICON
2361 391 2724 449 APPENDIX.

3593 393 3730 451 19.40

458 505 671 573 epamis
707 523 805 561 νιι.
839 507 1120 562 Summam
1151 508 1277 564 inde
1304 509 1594 567 conﬂatam
1621 529 1690 569 xv
1722 514 1775 569 in
1810 530 1886 567 vn
1913 528 2032 583 par-

2144 513 2313 582 ἡγουν
2346 514 2442 585 τὴν
2486 514 2550 579 δ’,
2583 516 2676 568 καὶ
2703 514 2987 586 ἐμϐάλλων
3018 515 3153 586 αὐτῇ
3196 514 3296 578 τὰς
3324 515 3731 587 παρακειμένας

460 596 663 663 tiatur;
698 597 912 668 reliqua
939 598 1055 653 dies
1088 615 1103 653 ι
1144 601 1648 672 ostenditfprimam
1684 618 1808 659 esse
1849 603 2042 659 feriam

458 685 839 754 hebdomadis,
872 689 978 744 hoc
1014 698 1099 745 est
1132 689 1475 747 Dominicam
1502 735 1518 760 ,
1565 710 1688 766 qua:
1724 703 1807 750 est
1845 704 2042 766 quarta

458 778 665 832 mensis
702 776 1009 845 Februarii,
1040 794 1069 832 a
1109 795 1217 850 qua
1257 781 1312 835 in
1344 794 1663 853 sequentem
1705 784 2042 841 Dominicam

456 867 788 935 diﬂ‘undens,
821 871 876 925 in
908 871 1009 926 hac
1034 871 1173 943 ipsa,
1199 889 1321 944 quae
1350 875 1468 932 dies
1502 884 1588 933 est
1618 877 1908 933 undecima
1938 874 2044 932 Fe-

454 959 685 1029 bruarii,
732 962 1121 1022 celebrandum
1166 970 1402 1040 reperiet
1437 970 1543 1026 hoc
1585 987 1732 1027 anno
1775 972 1921 1028 lunae
1948 988 2041 1025 xw

454 1048 699 1111 ineuntis
727 1054 925 1126 jejunii
959 1057 1157 1113 festum
1201 1060 1366 1117 diem.
1411 1061 1624 1118 Etenim
1657 1080 1778 1134 par,
1821 1064 2044 1121 eadem-

453 1161 561 1215 que
589 1149 875 1204 translatio
904 1152 960 1205 in
986 1150 1215 1207 introitu
1240 1152 1436 1225 jejunii
1480 1154 1536 1209 in
1567 1156 1794 1212 sinistro
1828 1171 2042 1211 canone

454 1240 721 1295 servanda
750 1250 855 1306 est,
884 1259 1049 1315 quam
1074 1246 1131 1299 in
1150 1245 1367 1314 dextro,
1390 1250 1457 1304 ad
1485 1258 1737 1320 quartam
1771 1248 2039 1304 decimam

453 1332 614 1401 primi
664 1333 880 1391 Judaici
925 1339 1131 1395 mensis
1165 1326 1522 1407 adhibemus,
1558 1350 1621 1396 ut
1660 1358 1690 1396 a
1732 1334 2037 1407 Dominica,

453 1423 592 1478 feria
625 1427 887 1492 secunda,
924 1438 978 1483 et
1018 1432 1201 1497 tertia,
1246 1433 1494 1505 adeoque
1541 1433 1804 1498 Sabbato,
1850 1434 1919 1489 ad
1951 1449 2040 1489 se-

455 1526 712 1588 quentem
726 1519 1064 1578 Dominicam
1083 1526 1374 1582 transitum
1398 1526 1783 1582 faciamus.Sic
1798 1526 1969 1599 igitur
1983 1527 2039 1582 in

454 1611 564 1666 alio
582 1612 778 1683 quovis
801 1627 948 1670 anno
964 1615 1107 1671 lunae
1120 1619 1489 1689 computanda
1503 1627 1587 1674 est
1607 1618 2040 1690 178introitus

452 1702 593 1769 dies,
628 1710 709 1769 ut,
735 1705 879 1775 quod
920 1707 1119 1762 iterum
1149 1709 1457 1780 explicandi
1502 1725 1671 1766 causa
1712 1709 2037 1779 referemus,

451 1793 689 1864 primum
734 1812 912 1854 annus
947 1799 1258 1856 habeatur:
1309 1810 1423 1856 tum
1473 1801 1758 1859 Romanus
1804 1804 2033 1869 mensis,

2147 608 2257 662 ἀπὸ
2288 609 2516 679 σηρικοῦ
2553 607 2855 680 προσθετὰς
2885 607 2929 661 δ’
2960 608 3193 679 ἡμέρας,
3227 608 3322 661 καὶ
3352 605 3450 671 τὰς
3489 607 3584 661 τοῦ
3619 610 3731 661 είσ-

2148 703 2286 757 ιέναι
2326 701 2608 773 μέλλοντος
2640 701 2864 774 ἡλιακοῦ
2889 700 3075 765 ἔτους·
3112 701 3255 773 φημὶ
3297 701 3354 755 δὲ
3379 701 3477 755 τοῦ
3511 700 3729 774 πρώτου

2144 791 2243 857 τὰς
2278 791 2323 857 ζ’
2365 791 2604 865 ἡμέρας,
2655 792 2821 863 ήγουν
2863 791 3145 854 ἐπακτάςο
3176 789 3435 844 ἀναλώσει
3475 791 3572 855 τὰς
3603 790 3730 855 ὂλας

2144 881 2188 935 ε’
2221 882 2313 935 καὶ
2340 880 2373 935 ι’
2395 882 2487 935 τὸν
2511 880 2742 954 ἀριθμὸν
2771 879 2939 945 οὖσας
2972 882 3054 944 εἰς
3088 880 3181 933 τὸν
3211 879 3277 944 ζ’.
3310 883 3435 935 Κὰκ
3463 881 3565 953 τῆς
3590 882 3728 935 ἁπο-

2147 976 2416 1048 μενούσης
2439 978 2566 1048 μιᾶς
2589 976 2803 1047 ἡμέρας
2829 975 3053 1048 πρώτην
3090 975 3295 1029 εἴσεται
3453 976 3553 1047 τῆς
3581 977 3730 1032 ἑϐδο-

2146 1066 2313 1136 μάδος
2359 1067 2573 1139 ἡμέραν
2613 1068 2993 1138 ὑπάρχουσαν·
3036 1067 3203 1139 ἡγουν
3234 1068 3395 1136 ἁγίαν
3421 1067 3728 1139 Κυριακὴν,

2142 1159 2241 1231 τὴν
2275 1158 2559 1230 λεχθεῖσαν
2583 1159 2679 1213 τοῦ
2711 1159 3075 1231 Φεϐρουαρίου
3105 1159 3274 1230 μηνὸς
3303 1159 3587 1232 τετάρτηνζ
3638 1159 3731 1224 Ἐξ

2142 1240 2213 1318 ἦς
2255 1246 2348 1299 ἐπὶ
2395 1246 2494 1316 τὴν
2542 1246 2707 1319 ἄλλην
2753 1247 3178 1319 ὑπερτιθέμενος
3223 1248 3384 1317 ἁγίαν
3415 1249 3726 1320 Κυριακὴν,

2143 1338 2263 1391 κατ’
2297 1337 2510 1409 ἐκείνην
2548 1337 2841 1410 ἑνδεκάτην
2865 1337 2961 1391 τοῦ
2989 1338 3156 1392 αὐτοῦ
3201 1338 3565 1411 Φεϐρουαρίου
3592 1354 3726 1406 τυγ-

2145 1430 2435 1500 χάνουσαν,
2459 1429 2683 1500 εὑρήσει
2708 1428 3038 1501 τελουμένην
3060 1429 3279 1492 πάντως
3305 1429 3447 1483 κατὰ
3465 1428 3525 1481 τὸ
3554 1429 3727 1499 παρὸν

2141 1522 2184 1576 δ’
2207 1523 2302 1576 καὶ
2333 1522 2365 1573 ι’
2388 1521 2490 1593 τῆς
2522 1523 2751 1593 σελήνης
2774 1521 2893 1585 ἔτος
2920 1522 3019 1593 τὴν
3047 1521 3358 1593 άποκρεὼσι
3367 1538 3467 1593 μον
3499 1521 3720 1592 ἑορτήν·

2145 1616 2415 1688 προσήκει
2444 1614 2555 1686 γὰρ
2586 1614 2686 1686 τὴν
2717 1615 2840 1685 ἴσην
2889 1613 3217 1685 μετάστασιν
3262 1616 3450 1685 τηρεῖν
3496 1613 3592 1666 καὶ
3632 1612 3726 1664 ἐπὶ

2142 1709 2240 1779 τῆς
2284 1706 2698 1779 παρεισϐάσεως
2739 1707 2799 1758 ἐν
2826 1704 2905 1776 τῷ
2944 1705 3212 1776 εὐωνύμῳ
3254 1705 3504 1775 κανονίῳ,
3533 1703 3632 1774 τῆς
3666 1705 3724 1757 ὲν

2141 1800 2221 1871 τῷ
2251 1799 2411 1870 δεξιῴ
2438 1797 2734 1869 γινομένης
2757 1799 2910 1868 ἡμῖν,
2944 1796 3083 1850 κατὰ
3106 1797 3204 1868 τὴν
3229 1795 3271 1849 δ’
3295 1797 3390 1849 καὶ
3422 1795 3454 1849 ι’
3482 1794 3577 1848 τοῦ
3602 1794 3725 1848 καθ’

450 1883 682 1956 ejusque
708 1886 849 1952 dies,
880 1888 948 1943 ad
979 1904 1141 1959 quem
1172 1891 1452 1962 regulares
1485 1892 1719 1947 addendi
1755 1902 1908 1957 sunt,
1935 1880 2031 1964 q'ui

2151 1893 2436 1965 Ἐϐραίους
2468 1890 2683 1962 πρώτου
2714 1889 2901 1960 μηνὸς,
2927 1888 2991 1942 ἔκ
3013 1905 3075 1941 τε
3104 1887 3409 1959 Κυριακῆς,
3434 1887 3526 1941 καὶ
3552 1885 3727 1940 δευτέ-

450 1975 627 2031 serico
659 1976 729 2031 ad
768 1994 893 2033 eum
943 1979 1086 2036 diem
1134 1982 1489 2038 ascribuntur
1520 2002 1533 2037 :
1569 1991 1845 2053 postremo
1894 1999 2034 2055 pra:-

449 2067 624 2122 sentis
653 2068 784 2124 anni
813 2068 949 2125 solis
993 2077 1203 2140 epactae
1247 2072 1527 2142 capienda:
1556 2081 1705 2129 sunt.
1742 2072 1853 2128 Has
1886 2074 2033 2129 enim

449 2172 547 2227 per
575 2174 744 2213 unum
781 2168 835 2216 et
861 2162 1112 2217 eumdem
1146 2163 1280 2219 solis
1310 2179 1538 2229 annum,
1573 2173 1764 2234 utputa
1795 2181 2037 2237 praesen-

450 2258 578 2313 tem,
618 2249 675 2305 in
711 2252 967 2307 omnibus
1000 2254 1231 2309 canonis
1277 2255 1441 2312 istius
1484 2258 1769 2311 mensibus
1806 2257 2032 2313 adhibe-

447 2356 615 2396 mus:
662 2342 743 2397 sic
786 2351 849 2398 ut
889 2345 1087 2400 borum
1133 2348 1319 2417 quotis
1363 2348 1558 2403 diebus
1600 2349 1885 2412 accedant,
1925 2365 2033 2404 una

446 2447 569 2486 cum
601 2436 949 2505 regularibus
976 2438 1146 2494 rubro
1181 2440 1403 2496 notatis.
1449 2442 1675 2496 Summa
1710 2443 1909 2498 deinde
1937 2460 2034 2514 per

444 2516 654 2593 Septem
688 2525 885 2591 divisa,
921 2528 1066 2598 quod
1119 2530 1389 2601 reliquum
1419 2532 1541 2597 erit,
1585 2531 1779 2589 feriam
1821 2534 2032 2591 hebdo-

443 2616 620 2672 madis
644 2616 834 2673 dabit:
869 2634 900 2673 a
934 2635 1042 2691 qua
1065 2621 1284 2677 demum
1321 2624 1388 2679 ad
1426 2624 1803 2696 insequentem
1841 2626 2029 2684 Domi-

442 2706 623 2760 nicam
660 2708 1042 2766 transibimus.

2144 2001 2263 2058 ρας,
2291 1984 2384 2037 καλ⁴
2420 1983 2632 2054 τρίτης,
2676 1981 2771 2035 καὶ
2804 1979 2990 2043 ἁπλῶς
3024 1979 3300 2032 Σαϐϐάτου
3334 1979 3427 2031 ἐπὶ
3461 1978 3558 2049 τὴν
3597 1976 3723 2048 ἑξῆς

2142 2076 2301 2146 ἁγίαν
2328 2075 2614 2147 Κυριακὴν
2664 2072 3106 2144 μεταϐαίνοντας.
3149 2070 3336 2135 οὕτως
3379 2066 3473 2124 οὖν
3506 2071 3599 2124 καὶ
3631 2071 3724 2122 ἐπὶ

2143 2168 2343 2231 παντὸς
2385 2166 2545 2221 ἄλλου
2598 2165 2827 2235 σελήνης
2877 2163 3031 2226 ἔτους
3071 2163 3170 2235 τὴν
3209 2162 3571 2234 παρείσσασιν
3605 2160 3724 2215 δέον

2141 2258 2431 2331 ψηφίζειψ
2459 2251 2590 2322 οἷον,
2634 2255 2701 2308 ἵν’
2740 2254 3016 2325 ὲπιτόμως
3058 2255 3153 2308 καὶ
3200 2250 3356 2316 αὖθις
3393 2252 3719 2323 σαφηνισθῇ,

2140 2352 2201 2407 τὸ
2227 2351 2344 2414 ἔτος
2386 2350 2572 2422 τηρεῖν
2591 2364 2605 2377 ·
2637 2342 2757 2400 εἶτα
2784 2345 2874 2398 τὸν
2921 2345 3225 2415 Ῥωμαϊκὸν
3272 2344 3435 2414 μῆνα,
3467 2342 3562 2394 καὶ
3597 2340 3721 2394 τού-

2139 2459 2232 2495 του
2266 2440 2367 2510 τὴν
2396 2436 2659 2491 ποσταίαν
2688 2453 2700 2465 ·
2733 2435 2829 2488 καὶ
2859 2433 3150 2505 ὲμϐάολλειν
3191 2433 3328 2504 αὐτῇ
3360 2430 3460 2494 τὰς
3484 2430 3592 2484 ἀπὸ
3623 2446 3722 2500 ση-

2144 2530 2296 2605 ρικοῦ
2343 2527 2753 2601 παρακειμένας
2789 2524 3093 2595 προσθετάς
3119 2541 3132 2555 ο
3185 2524 3280 2605 καὶ
3331 2522 3436 2594 μὴν
3488 2521 3583 2575 καὶ
3619 2522 3722 2585 τὰς

2137 2604 2379 2688 ἑπακτὰς
2404 2621 2500 2677 τοῦ
2530 2618 2822 2682 ἐνεστῶτος
2847 2615 3075 2687 ἡλιακοῦ
3108 2604 3279 2679 ἔτοτδς.
3305 2616 3439 2679 Ταῖς
3471 2615 3580 2686 γὰρ
3618 2613 3721 2669 αὐ-

2143 2720 2266 2781 ταῖς
2288 2716 2551 2776 ὲπακταῖς
2568 2711 2685 2774 ἐνὸς
2715 2712 2809 2763 καλ⁹
2834 2708 2929 2763 τοῦ
2962 2707 3126 2762 αὐτοῦ
3157 2707 3384 2779 ἡλιακοῦ
3414 2706 3589 2772 ἔτους,
3609 2701 3721 2760 οἷον

443 2798 539 2851 τοῦ
578 2799 895 2870 ἐνεστῶτος,
932 2805 1020 2874 ἐφ’
1066 2804 1203 2859 ὅλων
1250 2808 1359 2861 τῶν
1411 2811 1468 2861 ὲν
1515 2810 1651 2880 τῷδε
1687 2812 1765 2883 τῷ
1812 2816 2045 2887 κανονίῳ
2075 2812 2424 2885 τεταγμένων
2455 2805 2756 2880 κεχρῆσθαι
2788 2805 3054 2877 προσήκει
3124 2802 3332 2874 μηνῶν,
3385 2803 3504 2865 ταῖς
3542 2800 3722 2854 αὑτῶν

444 2899 731 2963 ποσταίαις
752 2901 960 2965 ταύτας
984 2902 1350 2973 ἐμϐάλλοντας
1379 2906 1515 2976 μετὰ
1540 2907 1648 2961 τῶν
1669 2909 1776 2962 ἀπὸ
1800 2910 2027 2981 σηρικοῦ
2052 2908 2366 2983 προσθετῶν
2392 2926 2404 2937 ·
2438 2904 2534 2959 καὶ
2560 2902 2703 2956 οὕτω
2735 2898 2978 2972 μερίζειν
3001 2901 3082 2963 εἰς
3110 2898 3199 2952 τὸν
3239 2896 3306 2962 ζ’,
3344 2897 3437 2951 καὶ
3493 2898 3556 2950 ἐκ
3609 2896 3720 2949 τὼν

443 2991 833 3061 άπομενουσῶν
875 2993 975 3065 τὴν
1014 2994 1375 3068 ὲὸδομαδικὴν
1424 2999 1635 3072 ἡμέραν
1697 3001 2021 3069 γινώσκειν·
2052 3004 2116 3057 ὲκ
2145 3003 2351 3073 ταύτης
2376 2999 2435 3052 δὲ
2461 2994 2649 3049 λοιπὸν
2692 2991 3040 3063 μεταϐαίνειν
3076 2991 3169 3044 ἐπὶ
3225 2990 3323 3059 τὴν
3368 2988 3496 3059 ἑξῆς
3554 2985 3717 3054 ἁγίαν

442 3086 747 3159 Κυριακὴν.

445 3239 587 3305 Quid
611 3241 666 3296 in
690 3243 911 3299 sinistro
930 3248 1530 3341 canoneLobservandum
1556 3253 1622 3306 sit
1651 3255 1703 3307 in
1722 3270 2028 3325 unoquoque
2055 3286 2097 3341 Ο

1133 3319 1354 3376 bisexto.

517 3443 680 3502 XXII.
713 3445 827 3503 Hoc
850 3464 1020 3504 unum
1059 3450 1332 3512 duntaxat
1359 3452 1414 3507 in
1448 3453 1678 3509 sinistro
1706 3469 1917 3511 canone
1945 3464 2018 3511 te-

440 3537 682 3592 nendum
711 3546 818 3604 est,
846 3550 907 3595 ut
928 3544 1145 3613 quoties
1175 3543 1425 3601 bisextus
1465 3545 1718 3614 incurrit,
1746 3548 2027 3617 regulares

442 3628 661 3696 rubros,
709 3632 803 3701 qui
849 3632 916 3686 ad
961 3634 1233 3689 mensium
1268 3634 1388 3691 dies
1432 3636 1678 3691 adnotati
1718 3644 1882 3703 sunt,
1915 3653 2031 3693 uno

441 3721 776 3777 minuamus.
809 3723 884 3779 Ut
915 3725 961 3779 si
993 3726 1262 3796 regularis
1299 3728 1373 3782 sit
1404 3744 1443 3792 ι,
1470 3729 1606 3783 nihil
1648 3730 1899 3798 addatur,
1930 3730 2027 3787 sed

443 3811 558 3865 sola
618 3811 852 3868 Romani
917 3817 1123 3873 mensis
1177 3828 1344 3888 quota
1403 3818 1495 3874 die
1559 3822 1838 3885 contenti,
1899 3838 2025 3877 cum

440 3904 650 3971 epactis
700 3906 853 3983 solis,
908 3924 1180 3963 summam
1229 3910 1286 3963 in
1332 3926 1407 3964 vn
1449 3912 1775 3980 partiamur.
1829 3912 1926 3968 Sin
1974 3930 2028 3968 tv

442 4001 572 4048 sunt
602 3997 883 4066 regulares
913 3999 1200 4065 rubricati,
1232 4017 1291 4057 ιιι
1318 3996 1696 4057 tantummodo
1724 4012 2020 4074 ponantur,

439 4104 551 4145 non
580 4103 653 4142 ιν.
688 4087 933 4155 Quodeo
967 4091 1043 4157 lit,
1087 4102 1149 4146 ut
1184 4107 1253 4147 ex
1304 4094 1427 4162 ipso
1463 4094 1679 4150 bisexto
1707 4096 2027 4165 redundans

439 4181 557 4236 dies
584 4181 876 4244 eximatur,
905 4198 975 4237 ne
1000 4183 1071 4238 sit
1096 4198 1159 4239 ea
1191 4184 1396 4250 fraudi,
1425 4186 1555 4239 dum
1589 4185 1782 4242 feriam
1816 4189 2025 4245 hebdo-

438 4273 708 4327 madicam
744 4273 800 4328 in
829 4274 1045 4332 duobus
1104 4276 1364 4333 Romanis
1411 4281 1719 4345 mensibus,
1762 4281 2027 4361 Januario

436 4373 493 4420 ct
533 4363 856 4434 Februario,
896 4368 1214 4438 quatrimus.
1266 4369 1379 4426 Hoc
1415 4372 1560 4427 enim
1612 4373 1897 4431 desinente
1944 4375 2027 4431 bi-

436 4458 647 4512 sextilis
688 4466 913 4528 putatur
953 4459 1105 4527 dies;
1154 4470 1315 4516 antea
1343 4478 1474 4518 vero
1517 4479 1628 4519 non
1672 4465 1821 4521 item.
1858 4468 1937 4520 Ac
1977 4466 2024 4521 si

435 4548 563 4616 quis
596 4548 651 4602 in
677 4549 903 4604 sinistro
933 4549 1026 4604 illo
1048 4565 1258 4607 canone
1299 4564 1554 4610 accurate
1585 4555 1777 4619 feriam
1801 4557 2028 4613 investi-

2136 3251 2232 3315 Τίς
2262 3249 2301 3313 ἠ
2346 3243 2707 3318 ὀφειλομέχη
2762 3242 3041 3318 γενέσθαι
3077 3240 3492 3318 παρατήρησις
3531 3243 3603 3297 ἐν
3640 3244 3722 3315 τῷ

2237 3311 2521 3385 eam”
2546 3311 2651 3368 τοῦ
2675 3311 2960 3368 κανονίου
2985 3311 3135 3366 κατά
3156 3311 3282 3365 πᾶν
3295 3312 3609 3378 βίσεξτον.

2203 3453 2331 3506 KB’.
2377 3451 2585 3504 Ἐκεῖνο
2623 3448 2681 3502 δὲ
2711 3447 2871 3519 μόνον
2915 3449 2974 3501 ὲν
3015 3445 3094 3517 τῷ
3136 3445 3402 3518 εὐωνύμῳ
3451 3448 3719 3520 προσήκει

2132 3545 2320 3615 τηρεῖν
2372 3542 2639 3611 κανονίῳ·
2696 3540 2786 3603 ἵν’,
2839 3541 2928 3593 ὅτε
2984 3537 3228 3609 βίσεξτον
3262 3538 3574 3611 συμφθάσῃ,
3619 3539 3720 3605 τὰς

2131 3636 2547 3707 παρακειμένας
2574 3638 2638 3707 τῇ
2673 3632 2909 3704 ποσταία
2929 3632 3037 3687 τῶν
3070 3632 3256 3703 μηνῶν
3285 3630 3586 3704 προσθετάς
3609 3633 3719 3686 ἀπὸ

2136 3726 2364 3800 σηρικοῦ
2398 3727 2613 3798 ἡμέρας
2638 3726 2954 3795 ποιήσωμεν
2976 3721 3130 3793 παρὰ
3155 3722 3254 3793 τὴν
3285 3722 3412 3792 μίαν
3435 3722 3522 3774 ἐπ’
3552 3721 3718 3776 αὐτοῦ

2131 3815 2505 3889 ψηφιζομένου
2535 3814 2706 3878 ἔτους.
2741 3808 2865 3867 Οῖον
2901 3814 2951 3866 εἰ
2992 3813 3090 3883 μὲν
3134 3812 3233 3883 μία
3279 3811 3428 3865 ἐστὶν
3473 3812 3508 3882 ἡ
3549 3827 3720 3883 προσ-

2134 3908 2287 3979 θετὴ,
2323 3910 2403 3970 εἰς
2446 3906 2507 3960 τὸ
2557 3905 2680 3977 μηδ’
2723 3904 2862 3968 ὅλως
2900 3902 3113 3973 βάλλειν
3143 3902 3313 3973 αύτὴν
3335 3919 3350 3932 ·
3387 3901 3523 3955 ἀλλὰ
3552 3902 3721 3973 μόνην

2132 3999 2231 4071 τὴν
2259 3998 2521 4052 ποσταίαν
2553 3996 2649 4050 τοῦ
2688 3992 2998 4065 Ῥωμαῖκοῦ
3026 3992 3194 4065 μηνὸς
3225 3993 3441 4057 καὶτὰς
3474 3992 3720 4057 ὲπακτὰς

2131 4091 2228 4145 τοῦ
2255 4090 2429 4161 ἡλίου,
2461 4091 2554 4143 καὶ
2579 4088 2751 4151 οὕτως
2783 4086 3027 4158 μερίζειν
3058 4087 3139 4148 εἰς
3171 4085 3262 4138 τὸν
3297 4085 3339 4150 ζ’
3361 4102 3375 4116 ·
3403 4087 3452 4137 εἰ
3478 4084 3535 4136 δὲ
3564 4084 3606 4137 δ’
3636 4086 3716 4138 εί-

2135 4181 2222 4234 σὶν
2254 4182 2311 4234 al
2341 4180 2450 4234 άπὸ
2478 4178 2705 4250 σηρικοῦ
2735 4175 3055 4249 προσθεταὶ,
3090 4177 3240 4247 τρεῖς
3267 4175 3388 4227 ἀντὶ
3411 4174 3453 4228 δ’
3479 4173 3714 4245 βάλλειν,

2134 4272 2270 4327 ἁλλὰ
2310 4270 2577 4343 μηδαμῶς
2602 4269 2703 4332 τὰς
2729 4268 2792 4322 δ’.
2820 4268 3033 4321 Γίνεται
3057 4267 3115 4320 δὲ
3144 4265 3302 4320 τοῦτο
3331 4265 3400 4319 δι’
3432 4265 3716 4337 ὑφαίρεσιν

2132 4365 2230 4436 τῆς
2263 4362 2323 4428 ἐξ
2352 4362 2515 4417 αὐτοῦ
2541 4360 2636 4415 τοῦ
2667 4359 2912 4431 βισέξτου
2943 4357 3403 4430 περιττευομένης
3432 4358 3562 4428 μιᾶς
3589 4356 3719 4428 ἡμί-

2137 4470 2254 4527 pag,
2286 4456 2362 4519 ὡς
2412 4453 2479 4508 ἂν
2529 4453 2603 4525 μὴ
2647 4452 2713 4506 δι’
2746 4450 2918 4520 αὐτῆς
2964 4449 3256 4521 σφαλῶμεν
3299 4450 3426 4521 περὶ
3470 4450 3569 4523 τὴν
3615 4447 3717 4519 τῆς

2134 4546 2494 4618 ἑϐδομαδικῆς
2524 4544 2736 4616 ἡμέρας
2775 4542 3051 4614 ἐξεύρεσιν
3087 4543 3145 4596 ὲν
3190 4544 3302 4605 τοῖς
3329 4541 3448 4594 δυσὶ
3488 4542 3718 4612 Ῥωμαϊ-

436 4645 543 4708 get,
570 4640 786 4710 quoties
816 4655 994 4697 annus
1022 4640 1289 4698 bisextilis
1317 4659 1424 4699 non
1453 4647 1578 4708 erit.
1605 4646 1796 4709 eadem
1830 4661 2022 4701 occur-

2136 4640 2251 4702 κοῖς
2300 4637 2456 4710 μησὶ,
2501 4637 2581 4707 τῷ
2622 4653 2682 4689 τε
2727 4633 3042 4706 Ἰανουαρίῳ
3088 4633 3179 4687 καὶ
3215 4631 3296 4703 τῷ
3342 4632 3712 4704 Φεϐρουαρίῳ.

434 4740 517 4785 ret
548 4729 681 4786 feria
704 4731 761 4786 in
789 4747 1022 4796 canone,
1052 4733 1146 4803 qui
1181 4734 1465 4790 introitum
1493 4737 1712 4793 exhibet
1739 4752 1769 4791 a
1804 4738 2029 4794 sinistro

434 4822 623 4885 latere,
659 4832 713 4876 et
745 4823 801 4876 in
846 4837 933 4887 eo,
969 4824 1062 4893 qui
1099 4821 1311 4878 Pascha
1350 4827 1613 4882 continet.
1649 4825 1786 4881 Nam
1819 4829 2028 4883 utrobi-

433 4929 541 4984 que
590 4913 950 4978 Dominicam,
994 4916 1081 4970 vel
1132 4917 1428 4972 secundam
1486 4916 1702 4982 feriam,
1747 4927 1843 4973 aut
1891 4921 2027 4975 alias

432 5005 691 5076 deinceps
719 4995 1062 5063 habebimus.
1089 5008 1159 5061 At
1180 5009 1236 5063 in
1260 5023 1405 5063 anno
1431 5009 1665 5065 bisextili
1701 5027 1810 5065 non
1835 5010 2024 5066 eadem

432 5098 680 5159 exsistet,
714 5098 809 5154 sed
841 5113 949 5152 una
991 5100 1229 5169 amplius
1272 5116 1434 5169 quam
1476 5100 1532 5154 in
1574 5100 1818 5156 sinistro.
1871 5100 1938 5156 Ut
1980 5101 2026 5156 si

436 5188 771 5242 Dominicam
796 5187 1018 5243 sinister
1046 5186 1274 5253 oﬂerat,
1305 5190 1362 5243 in
1391 5189 1582 5269 dextrp
1608 5189 1798 5244 feriam
1829 5206 2027 5269 secun-

433 5278 559 5332 dam
591 5295 970 5351 assequemur.
1014 5279 1068 5337 Si
1106 5281 1348 5337 secunda
1382 5282 1495 5336 illic
1528 5250 1765 5346 i'ncidat,
1801 5282 1892 5337 hic
1923 5266 2027 5338 ter-

433 5373 564 5425 tiam
594 5372 954 5428 oﬂ‘endemus.
990 5374 1083 5428 Sic
1103 5375 1195 5429 ubi
1224 5372 1521 5429 Sabbatum
1551 5374 1607 5429 in
1647 5375 1872 5432 sinistro
1903 5392 2026 5446 pro-

349 5472 353 5481 '
433 5463 625 5526 dierit,
663 5464 720 5518 iu
747 5463 941 5519 dextro
967 5462 1252 5519 Dominica
1276 5465 1577 5536 continget.
1607 5464 1747 5519 Nam
1777 5466 2023 5521 accessio

436 5555 702 5612 bisextilis
736 5558 843 5611 diei
899 5557 1050 5620 facit,
1092 5567 1154 5612 ut
1202 5557 1427 5614 sinister
1473 5573 1584 5612 uno
1623 5557 1713 5614 die
1752 5557 2020 5613 minorem

438 5649 694 5714 praebeat.
758 5649 928 5718 Igitur
986 5651 1426 5720 quandocumque
1480 5658 1703 5722 prapter
1746 5650 2022 5706 bisextum

436 5736 703 5804 Januarii,
733 5742 817 5795 vel
840 5740 1122 5797 Februarii
1153 5743 1270 5796 dies
1293 5742 1346 5796 in
1373 5741 1669 5797 Sabbatum
1701 5741 1932 5796 incurrit
1964 5741 2019 5793 in

440 5841 649 5885 canone
679 5831 925 5901 sinistro;
960 5831 1137 5888 Martii
1165 5849 1294 5891 vero
1322 5834 1403 5891 vel
1436 5834 1639 5902 Aprilis
1675 5834 1730 5890 in
1766 5832 2013 5891 Domini-

2133 4729 2291 4784 Μετὰ
2322 4727 2431 4800 γὰρ
2461 4726 2560 4798 τὴν
2604 4726 2795 4780 τούτου
2830 4725 3130 4793 περαίωσιν
3164 4723 3226 4776 τὸ
3260 4721 3502 4794 βίσεξτον
3543 4722 3714 4795 ψηφί-

2134 4821 2311 4886 ζεται,
2343 4821 2460 4874 ἀλλ’
2490 4819 2741 4890 οὐδαμῶς
2781 4819 2888 4890 πρὸ
2914 4817 3137 4889 ταύτης.
3164 4817 3356 4869 Ἔσται
3385 4815 3443 4869 δὲ
3472 4818 3585 4878 τοῖς
3616 4815 3716 4888 τὴν

2134 4912 2498 4985 ἑϐδομαδικὴν
2531 4911 2776 4982 ἀκριϐῶς
2812 4913 2876 4964 ὲκ
2912 4909 3066 4962 τοῦδε
3099 4906 3194 4961 τοῦ
3226 4908 3474 4960 κανονίου
3506 4906 3717 4977 διερευ-

2129 5005 2295 5058 νῶσιν
2324 5004 2557 5076 ἡμέραν,
2601 5004 2689 5056 ὅτε
2739 5002 2836 5073 μὲν
2875 5002 2973 5055 οὐκ
3002 5000 3119 5054 ἔστι
3150 4998 3409 5070 βίσεξτον,
3452 4999 3581 5070 μιᾶς
3623 4998 3717 5052 καὶ¹

2129 5095 2230 5165 τῆς
2263 5096 2435 5166 αὐτῆς
2477 5092 2802 5163 κατάληψις,
2846 5092 2904 5146 ἓν
2948 5110 3007 5146 τε
3052 5091 3130 5162 τῷ
3172 5091 3269 5159 τῆς
3302 5089 3715 5160 παρεισϐάσεως

2130 5188 2385 5258 κανονίῳ,
2414 5187 2557 5256 λέγω
2582 5186 2639 5239 δὲ
2667 5184 2744 5256 τῷ
2776 5186 2834 5251 ἐξ
2868 5184 3162 5254 εὐωνύμων
3204 5181 3461 5253 κειμένῳ,
3508 5180 3603 5234 καὶ
3637 5180 3715 5251 τῷ

2123 5280 2218 5333 τοῦ
2247 5280 2459 5349 Πάσχα,
2477 5278 2724 5331 τουτέστι
2753 5275 3041 5347 Κυριακῆς
3067 5274 3162 5328 καὶ
3186 5270 3494 5344 Κυριακῆς,
3517 5272 3551 5342 ἢ
3591 5270 3715 5324 δευ-

2129 5371 2295 5442 τέρας
2326 5370 2421 5423 κα¹ι
2452 5368 2731 5439 δευτέρας,
2762 5367 2856 5420 καὶ
2885 5366 2979 5419 ἐπὶ
3004 5364 3113 5420 τῶν
3139 5364 3313 5420 ἄλλων
3341 5362 3544 5433 ὁμοίως
3571 5362 3713 5434 ἡμε-

2133 5462 2241 5533 ρῶν
2260 5480 2272 5493 ·
2304 5463 2393 5514 ὅτε
2424 5461 2484 5514 δὲ
2517 5458 2758 5531 βίσεξτόν
2798 5460 2967 5521 ἐστιν,
3005 5458 3066 5510 ού
3094 5457 3193 5528 τῆς
3234 5455 3407 5525 αὐτῆς
3434 5454 3528 5507 καὶ
3558 5454 3711 5525 μιᾶς,

2129 5555 2265 5608 ἀλλὰ
2286 5555 2384 5624 τῆς
2411 5553 2547 5624 μετὰ
2572 5553 2671 5624 τὴν
2697 5552 2827 5623 μίαν
2849 5553 2906 5606 ὲν
2927 5549 3005 5621 τῷ
3025 5548 3291 5620 εὐωνύμῳ
3312 5545 3708 5619 ψηφιζομένης.

2129 5643 2253 5701 Οἷον
2283 5647 2572 5718 Κυριακῆς
2604 5648 2663 5699 ὲν
2694 5646 2771 5715 τῷ
2790 5643 3081 5715 εὐωνύμῳ,
3128 5641 3260 5713 φέρε
3295 5642 3498 5693 εἰπεῖν’
3533 5638 3592 5691 ὲν
3633 5635 3711 5707 τῷ

2126 5737 2283 5807 δεξιῷ
2307 5737 2535 5809 δευτέρα
2564 5736 2780 5795 πάντως
2807 5734 3142 5806 εὑρίσκεται.
3172 5732 3439 5802 Δευτέρας
3465 5729 3523 5784 δὲ
3549 5727 3711 5782 πάλιν

2126 5829 2261 5896 ἐκεῖ,
2296 5829 2461 5899 τρίτη,
2485 5827 2762 5900 προδήλως
2809 5825 3061 5883 ἐνταῦθα.
3097 5824 3253 5879 Οὕτω
3281 5823 3334 5877 δὲ
3375 5822 3468 5876 καὶ
3500 5819 3711 5875 Σάϐϐα-ο
