4132 6410
417 360 551 416 nu
1241 364 1299 418 s.
1339 363 1590 419 MAXIMI
1631 348 1995 422 mannis
2031 367 2414 428 conplures
2451 375 2893 433 ECCLESIAST.
3543 386 3682 443 me

414 496 504 532 τον
542 478 638 533 ἐὰν
668 478 990 554 συμφθάσῃ,
1027 482 1282 554 Κυριακὴ
1320 483 1602 556 προδήλως
1641 486 1699 538 ἐν
1723 485 1800 558 τῷ
1836 485 1991 558 δεξιῷ

2097 504 2217 547 cam
2250 491 2307 547 in
2337 493 2529 549 dextro
2551 512 2793 565 canone;
2826 498 2916 553 hic
2931 515 3007 554 vn
3037 501 3340 572 transgredi
3364 500 3479 560 dies
3513 519 3680 574 opor-

414 570 645 641 κανονίῳ
677 570 989 643 ψηφίζεται.
1026 573 1091 626 Ἦ
1122 574 1233 647 γὰρ
1258 576 1541 649 προσθήκη
1568 578 1667 650 τῆς
1692 577 1784 631 τοῦ
1818 578 1991 649 βισέξε

2106 589 2203 645 tet,
2254 583 2511 640 nimirum
2555 601 2587 641 a
2634 589 2875 645 secunda
2904 590 3039 650 feria
3073 591 3129 645 in
3158 570 3536 662 Dominicam;
3570 594 3681 651 illic

414 680 507 715 του
540 662 775 735 ἡμέρας,
813 662 913 734 τὴν
936 665 1036 735 τῆς
1074 666 1203 735 μιᾶς
1238 666 1503 721 ὑπόϐασιν
1529 669 1589 722 ὲν
1625 668 1704 740 τῷ
1733 669 1991 741 εὐωνύμῳ

2102 688 2222 738 vni,
2260 690 2292 729 a
2341 673 2622 732 Dominica
2670 678 2725 732 in
2764 680 2991 735 alteram
3035 679 3393 738 Dominicam.
3436 682 3507 737 Ut
3559 694 3683 753 post

415 758 577 808 ποιεῖ.
629 757 721 808 Δεῖ
764 752 859 809 οὖν
910 756 1145 828 ὁπηνίκα
1202 757 1291 811 διὰ
1336 758 1398 812 τὸ
1446 758 1687 830 βίσεξτον
1736 758 1991 832 Σαϐϐάτῳ

2102 771 2230 819 octo
2275 765 2392 823 dies
2434 768 2695 825 introitus
2727 769 2926 825 festum
2955 779 3148 828 exacta
3180 773 3395 828 ratione
3438 752 3683 830 Domini.

417 847 718 900 πίπτουσαν
763 847 966 918 ἴδοιμεν
993 849 1093 919 τὴν
1137 865 1196 902 τε
1227 847 1322 902 τοῦ
1363 850 1716 923 ἰανουαρίου,
1757 852 1854 905 καὶ
1894 854 1991 906 Φε-

2099 869 2222 910 cam
2248 858 2500 928 attingat.
2533 857 2647 913 Hoc
2679 859 2826 916 enim
2855 861 3017 917 modo
3045 863 3212 919 distat
3258 864 3470 919 sinistri
3513 879 3681 921 cano-

413 938 705 1010 ϐρουαρίου
742 939 909 1011 μηνὸς
950 941 1234 1007 ποσταίαν,
1277 943 1335 995 ὲν
1380 942 1528 1013 αύτῷ
1563 943 1642 1014 τῷ
1685 942 1988 1015 εὐωνύμῳο

2100 945 2187 1002 nis
2204 949 2492 1006 translatio
2516 950 2584 1004 ab
2611 950 2701 1005 illa
2721 950 2900 1008 dextri
2937 971 2950 1008 :
2983 954 3128 1024 quod
3157 955 3308 1026 prior
3334 954 3404 1009 ad
3427 962 3678 1010 octavum

415 1032 699 1102 Κυριακῆς
719 1030 778 1084 δὲ
817 1031 916 1103 τὴν
956 1031 1051 1085 τοῦ
1091 1032 1341 1105 Μαρτίου
1367 1034 1463 1088 καὶ
1504 1033 1781 1106 Ἀπριλίου
1823 1035 1991 1107 μηνὸς

2097 1051 2274 1106 usque
2319 1037 2460 1094 diem
2504 1050 2727 1110 propter
2768 1041 3077 1099 bisextilem
3127 1044 3274 1100 diem
3313 1045 3627 1100 extenditur
3660 1063 3675 1100 :

413 1123 472 1177 ὲν
499 1121 575 1193 τῷ
606 1121 763 1193 δεξιῷ
802 1123 1031 1194 κανονίῳ
1051 1140 1065 1155 ο
1110 1125 1168 1177 ὲν
1193 1124 1368 1197 τούτῳ
1396 1125 1497 1197 μὲν
1523 1125 1624 1190 τὰς
1651 1125 1697 1190 ζ’
1726 1126 1990 1197 μεταϐαί-

2097 1127 2272 1183 dextri
2298 1145 2428 1186 vero
2458 1134 2687 1189 canonis
2727 1150 2800 1190 vn
2833 1149 2943 1190 non
2967 1136 3202 1201 excedit,
3233 1134 3327 1193 sed
3354 1152 3422 1192 eo
3450 1151 3680 1193 numero

413 1231 524 1268 νειν
549 1215 789 1287 ἡμέρας·
820 1216 897 1280 ὡς
920 1216 1027 1270 ἀπὸ
1047 1217 1306 1289 δευτέρας
1336 1219 1418 1282 είς
1448 1217 1732 1290 Κυριακὴν
1752 1217 1989 1290 φερομέ-

2095 1217 2587 1278 circumscribitur.
2639 1224 2766 1281 Haec
2811 1226 2880 1283 de
2929 1227 3184 1284 cautione
3224 1227 3494 1285 bisextilis
3525 1228 3676 1284 anni.

414 1322 566 1370 νους·
595 1309 652 1359 έν
699 1307 894 1379 ἐκείνῳ
918 1307 977 1361 δὲ
1015 1307 1117 1372 τὰς
1156 1315 1207 1380 η’
1250 1308 1606 1379 μεθίστασθαι
1646 1308 1885 1373 πάντως,
1923 1308 1999 1374 ὡς
2035 1310 2143 1364 άπὸ
2174 1312 2457 1386 Κυρωκῆς
2476 1316 2556 1380 είς
2582 1318 2867 1391 Κυριακὴν
2892 1319 3223 1392 ἀγομένουςο
3261 1320 3349 1374 ίνα
3388 1319 3528 1392 μετὰ
3579 1317 3680 1382 τὰς

414 1406 464 1471 η’
486 1399 820 1473 διακριϐωθῃ
857 1401 976 1456 κατ’
1004 1403 1219 1475 ἐκείνην
1244 1402 1344 1475 τὴν
1380 1404 1668 1476 Κυριακὴν
1709 1402 2002 1474 ὁριζομένη
2041 1405 2269 1470 δεόντως
2290 1409 2323 1477 ἡ
2346 1409 2444 1479 τῆς
2468 1412 2883 1483 παρεισϐάσεως
2908 1415 3090 1487 ἑορτή.
3115 1413 3275 1468 Κατὰ
3331 1413 3521 1469 τοῦτον
3564 1413 3679 1486 γὰρ

413 1492 504 1547 τὸν
529 1495 729 1565 τρόπον
767 1496 801 1565 ἡ
833 1496 890 1548 ὲν
921 1492 1000 1565 τῷ
1031 1493 1295 1566 εὐωνύμῳ
1342 1495 1632 1566 μετάθεσις
1680 1491 2050 1566 παραλλάττει
2082 1497 2220 1567 πρὸς
2275 1498 2375 1568 τὴν
2433 1501 2493 1554 ἐν
2530 1500 2609 1573 τῷ
2657 1502 2817 1575 δεξιῷ
2855 1504 3146 1576 γινομένην
3187 1504 3515 1576 μετάστασιν
3548 1520 3563 1536 ⁸
3594 1505 3678 1559 ὅτι

414 1585 507 1639 καὶ
536 1587 727 1657 μέχρις
751 1585 943 1656 ὀγδόης
973 1586 1184 1656 ἡμέρας
1208 1586 1508 1640 ἐκτείνεται
1538 1587 1627 1640 διὰ
1649 1586 1708 1640 τὸ
1737 1585 2000 1658 βίσεξτον,
2051 1587 2157 1658 τῆς
2204 1591 2264 1643 ὲν
2310 1590 2388 1662 τῷ
2433 1593 2594 1665 δεξιῷ
2629 1595 2896 1667 μηδαμῶς
2920 1596 3022 1662 τὰς
3073 1598 3118 1662 ζ’
3149 1597 3522 1669 διερχομένης,
3560 1597 3677 1651 ἁλλ’

413 1677 520 1743 ἕως
565 1678 744 1732 αὐτῶν
780 1678 878 1733 καὶ
914 1679 1073 1750 μόνον
1107 1677 1450 1750 ὁριζομένης.
1500 1679 1687 1734 Ταῦτα
1723 1680 1819 1733 καὶ
1864 1679 1996 1752 περὶ
2020 1681 2122 1753 τῆς
2151 1682 2295 1738 κατὰ
2321 1685 2382 1739 τὸ
2407 1685 2652 1768 βίσεξτον
2673 1690 2996 1763 ὀφειλούσης
3055 1692 3307 1761 γενέσθαι
3366 1690 3679 1764 παρατηρή-

417 1789 575 1834 σεως.

414 1883 553 1953 Περὶ
580 1881 701 1967 τῶν
726 1879 1001 1967 euantis;
1035 1880 1145 1967 τοίξ
1184 1881 1365 1967 ’ἡλίου
1389 1900 1405 1914 ο
1450 1883 1612 1967 τινες
1653 1877 1828 1967 αῇταξ
1854 1898 1991 1952 τυγ-

2183 1879 2259 1935 De
2290 1886 2489 1951 epactis
2516 1886 2677 1954 solis;
2703 1905 2821 1961 qua:
2850 1894 2978 1957 sint,
3007 1904 3056 1948 et
3087 1897 3203 1967 quis
3231 1914 3413 1953 earum
3445 1915 3592 1957 usus.

517 1952 797 2023 χάνουσι,
831 1952 928 2006 καὶ
963 1950 1062 2005 διὰ
1087 1952 1145 2004 τί
1170 1952 1412 2019 ταύταις
1435 1952 1884 2022 προσχρώμεθα.

482 2047 610 2100 Kl".
657 2046 744 2109 Ὠς
780 2043 847 2098 ἂν
889 2043 947 2096 δὲ
978 2043 1112 2114 μηδὲ
1153 2044 1182 2096 ὁ
1215 2044 1344 2115 περὶ
1373 2044 1483 2097 τῶν
1520 2042 1617 2097 τοῦ
1655 2042 1807 2115 ἡλίου
1837 2042 1991 2110 λόγος

2163 2035 2351 2094 XXIII.
2389 2042 2568 2114 Atque
2595 2056 2656 2100 ut
2681 2062 2751 2102 ne
2778 2049 2912 2104 solis
2943 2051 3163 2120 quidem
3205 2061 3412 2122 epactae
3446 2070 3477 2109 a
3517 2055 3678 2111 nobis

413 2139 545 2209 ἡμῖν
578 2134 934 2202 ἁνεξέταστος
978 2133 1288 2205 ἁπομείνοι,
1315 2135 1546 2206 λέγομεν
1574 2134 1819 2200 έπακτὰς
1851 2130 1991 2189 εἶναι

413 2232 521 2285 τῶν
551 2228 645 2282 τού
678 2228 829 2299 ἡλίου
875 2226 1014 2280 ὲτῶν
1040 2226 1140 2290 τὰς
1172 2227 1280 2281 ἀπὸ
1319 2228 1421 2298 τῆς
1452 2227 1815 2299 ὲϐδομαδικῆς
1849 2227 1990 2299 ἡμέ-

415 2339 535 2396 ρας,
565 2321 624 2386 ὲξ
650 2315 720 2393 ἧς
753 2320 814 2373 τὸ
849 2319 1074 2390 ἡλιακὸν
1115 2319 1234 2383 ἔτος
1266 2319 1593 2392 ἁπάρχεται,
1628 2319 1769 2374 κατὰ
1798 2321 1994 2374 ἀναπο-

411 2403 602 2484 δισμὺν
643 2409 935 2473 λειπούσας
985 2412 1044 2463 έν
1090 2412 1155 2481 τῇ
1204 2410 1342 2482 αὐτῇ
1386 2409 1641 2482 ὲϐδομάδι
1688 2410 1850 2482 μέχρι
1891 2409 1992 2480 τῆς

414 2504 657 2577 πρώτης,
685 2505 850 2575 ἡγουν
864 2503 962 2573 τῆς
989 2503 1152 2572 ἁγίας
1175 2502 1489 2573 Κυριακῆς’
1517 2495 1628 2556 οἷον
1664 2502 1795 2573 φέρε
1817 2502 1991 2554 εἰπεῖν

411 2598 488 2661 ὡς
515 2597 607 2650 ἐπὶ
632 2594 726 2650 τοῦ
768 2594 1060 2657 ἐνεστῶτος
1091 2600 1176 2665 κη’
1207 2592 1380 2658 ἔτους.
1431 2594 1671 2665 Ἤρξατο
1710 2592 1820 2663 γὰρ
1851 2593 1992 2648 κατὰ

411 2688 511 2760 τὴν
532 2685 754 2759 πρώτην
773 2685 868 2739 τοῦ
898 2684 1173 2756 Ἀπριλίου
1203 2683 1394 2756 μηνὸς,
1415 2684 1524 2745 ἀπὸ
1547 2684 1803 2756 ἑϐδόμης,
1825 2684 1992 2755 ἤγουν

414 2778 692 2833 Σαϐϐάτου
732 2777 963 2849 ἡμέρας.
999 2776 1112 2838 Τὰς
1148 2771 1240 2829 οὖν
1281 2774 1591 2838 διελθούσας
1631 2776 1844 2847 ἡμέρας
1889 2775 1992 2845 τῆς

414 2870 582 2942 αὐτῆς
606 2867 895 2940 ἑϐδομάδος
932 2868 1036 2931 ἕως
1062 2868 1163 2938 τῆς
1192 2868 1476 2938 Κυριακῆς
1519 2865 1763 2930 ὲπακτὰς
1790 2866 1990 2937 κέκτη-

411 2978 534 3017 ται·
580 2962 824 3015 τουτέστι
853 2959 951 3031 τὴν
1001 2957 1380 3030 Παρασκευὴν,
1411 2959 1512 3029 τὴν
1556 2964 1617 3023 ε’,
1649 2957 1748 3029 τὴν
1779 2958 1851 3027 ⁸δ’,
1891 2957 1991 3030 τὴν

414 3061 485 3123 γ’,
503 3053 600 3125 τὴν
629 3053 694 3123 β’,
724 3052 818 3107 καὶ
845 3051 1013 3121 αὐτὴν
1041 3052 1140 3121 τὴν
1168 3050 1330 3119 ἁγίαν
1352 3050 1667 3123 Κυριακήν·
1700 3049 1776 3113 ὡς
1807 3047 1991 3102 ἐντεῦ-

414 3148 504 3201 θεν
533 3145 594 3211 ἓξ
623 3146 887 3217 ὑπάρχειν
920 3142 1020 3206 τὰς
1058 3140 1227 3195 αὐτοῦ
1267 3138 1364 3195 τοῦ
1400 3148 1485 3213 κη’
1529 3140 1680 3204 ἔτους
1720 3139 1984 3204 ὲπακτάς.

2091 2125 2441 2197 inexplorata
2455 2134 2850 2206 relinquantur,
2868 2149 3089 2209 epactas
3108 2156 3375 2197 annorum
3392 2145 3523 2201 solis
3543 2144 3677 2201 deti-

2092 2218 2274 2276 nimus
2295 2223 2542 2282 residuas
2570 2226 2926 2286 hebdomadis
2946 2231 3112 2288 ferias
3132 2244 3256 2304 post
3274 2251 3415 2302 eam,
3442 2252 3563 2308 quae
3583 2253 3676 2294 sa-

2091 2307 2257 2364 larem
2280 2326 2481 2370 annum
2505 2319 2847 2390 auspicatur;
2872 2337 2993 2392 qua:
3013 2335 3160 2381 retro
3181 2327 3238 2382 in
3258 2329 3447 2384 eadem
3461 2307 3676 2384 hebdo-

2092 2399 2251 2488 inada
2266 2402 2332 2456 ad
2351 2405 2600 2473 primam,
2621 2409 2737 2465 sive
2752 2409 3088 2469 Dominicam
3106 2432 3280 2488 usque
3296 2428 3671 2475 numerantur.

2092 2486 2410 2560 Exemplum
2444 2512 2457 2548 :
2495 2494 2596 2551 Hic
2620 2513 2799 2556 annus
2828 2502 2921 2571 qui
2947 2511 3033 2559 est
3061 2486 3418 2575 solisxxvm,
3449 2508 3615 2579 cmpit
3641 2523 3675 2561 a

2092 2579 2322 2641 Kalend.
2375 2585 2549 2657 April.
2600 2589 2736 2647 feria
2795 2609 2903 2660 vn,
2957 2597 3072 2652 sive
3121 2597 3381 2657 Sabbato.
3439 2599 3676 2657 Proinde

2092 2685 2313 2744 epactas
2359 2678 2526 2736 habet
2571 2686 2874 2752 praeteritos
2924 2702 3114 2745 omnes
3151 2690 3291 2755 dies,
3341 2692 3437 2762 qui
3482 2692 3675 2748 eadem

2090 2763 2432 2826 hebdomade
2455 2771 2524 2825 ad
2549 2772 2884 2831 Dominicam
2912 2779 3206 2848 pertinent,
3236 2780 3341 2837 hoc
3370 2790 3454 2837 est
3481 2782 3671 2839 feriam

2092 2871 2147 2920 ν,
2191 2873 2266 2922 ιν,
2303 2875 2388 2923 ιιι,
2424 2876 2486 2928 ιι,
2514 2870 2569 2916 et
2607 2863 2969 2924 Dominicam.
3009 2869 3190 2937 Quare
3222 2888 3276 2927 v1
3313 2880 3518 2943 epactze
3546 2886 3675 2930 sunt

2091 2949 2222 3002 anni
2262 2966 2452 3007 xxvm.
2496 2954 2631 3011 Cum
2673 2974 2806 3029 ergo
2838 2975 3073 3032 sequens
3106 2980 3306 3030 annus,
3340 2967 3433 3037 qui
3464 2966 3675 3036 primus

2090 3042 2195 3095 erit
2241 3044 2396 3110 solis,
2435 3062 2467 3101 a
2519 3047 2656 3105 feria
2709 3053 2906 3121 prima,
2953 3056 3067 3112 sive
3094 3055 3377 3113 Dominica
3404 3059 3567 3122 ineat,
3594 3074 3670 3114 νιι

2091 3131 2254 3189 habet
2279 3147 2522 3206 epactas,
2554 3156 2675 3210 qua:
2698 3143 2767 3198 ab
2798 3141 3036 3201 Sabbato
3062 3162 3237 3218 usque
3265 3149 3330 3204 ad
3362 3148 3674 3220 praeceden-

416 3237 578 3293 Ὅθεν
601 3211 877 3306 ὲπειδὴἿτὸ
910 3234 1137 3288 εἰσιέναι
1173 3232 1385 3304 μέλλον,
1421 3211 1563 3303 φημὶ
1584 3232 1642 3286 δὲ
1668 3232 1729 3285 τὸ
1750 3231 1984 3302 πρῶτον,

2095 3233 2203 3280 tem
2242 3228 2581 3287 Dominicam
2618 3246 2999 3293 numerantur.
3037 3238 3115 3294 Ita
3154 3240 3429 3297 secundus
3470 3258 3670 3312 annus,

414 3330 522 3385 ἀπὸ
563 3328 786 3402 πρώτης
813 3326 1064 3398 ἄρχεται,
1095 3325 1373 3379 τουτέστιν
1412 3324 1574 3394 ἁγίας
1603 3322 1909 3395 Κυριακῆς,
1946 3320 1991 3386 ζ’

413 3421 646 3494 ἡμέρας,
674 3420 839 3492 ἡγουν
864 3418 962 3482 τὰς
993 3416 1101 3472 ἀπὸ
1120 3415 1400 3470 Σαϐϐάτου
1436 3416 1597 3489 μέχρι
1627 3417 1726 3487 τῆς
1752 3412 1991 3468 διελθού-

415 3532 514 3584 σης
532 3513 696 3583 ἁγίας
717 3510 1000 3582 Κυριακῆς
1022 3508 1428 3582 ἀριθμουμένας
1445 3506 1686 3571 ὲπακτὰς
1707 3507 1990 3578 κέκτηται.

426 3604 657 3676 Ὁμοίως
712 3602 770 3657 δὲ
816 3603 914 3661 καὶ
962 3600 1023 3654 τὸ
1055 3599 1306 3672 δεύτερον
1348 3599 1487 3663 ἔτος,
1529 3599 1722 3670 ὅτιπερ
1767 3598 1832 3650 ὲκ
1889 3596 1991 3668 τῆς

414 3697 556 3753 κατὰ
585 3696 684 3768 τὴν
710 3693 981 3765 ἑϐδομάδα
1013 3693 1272 3765 δευτέρας
1304 3691 1517 3764 ἡμέρας
1542 3691 1785 3763 ἄρχεται,
1824 3690 1993 3762 μόνην

411 3789 510 3863 τὴν
535 3790 686 3862 μίαν,
710 3788 955 3843 τουτέστι
986 3786 1084 3857 τὴν
1112 3785 1272 3854 ἁγίαν
1303 3782 1608 3856 Κυριακὴν,
1643 3781 1885 3853 ὲπακτὴν
1909 3780 1994 3835 κέ-

413 3898 641 3954 κτηται’
687 3881 762 3944 ὼς
804 3881 905 3935 οὐκ
947 3878 1114 3949 ἄλλην
1158 3877 1370 3949 ἡμέραν
1405 3877 1438 3948 ἡ
1479 3876 1646 3947 μόνην
1684 3875 1853 3946 αὐτὴν
1892 3873 1991 3947 τὴν

414 3974 696 4047 Κυριακὴν
723 3972 865 4026 κατὰ
893 3971 994 4043 τὴν
1022 3970 1191 4042 αὐτὴν
1230 3968 1496 4041 ἑϐδομάδα
1529 3968 1991 4040 προηγησαμένην

412 4066 553 4137 ἔχον.
585 4065 801 4129 Ταύτας
823 4064 881 4117 δὲ
915 4063 1015 4127 τὰς
1048 4062 1263 4134 ἡμέρας
1292 4059 1587 4132 τηροῦμεν,
1618 4059 1685 4114 ἶν’
1710 4058 1991 4130 έϐδομαδι-

414 4156 546 4223 κῶς,
591 4157 871 4211 τουτέστιν
897 4155 1007 4210 άπὸ
1044 4154 1217 4226 ἀρχῆς
1256 4151 1574 4223 ἑϐδομάδος.
1620 4153 1728 4205 πᾶν
1769 4149 1990 4222 ἡλιακὸν

412 4250 530 4313 ἔτος
571 4248 959 4318 κανονίσωμεν,
994 4247 1073 4310 είς
1095 4244 1310 4314 εὕρεσιν
1332 4243 1433 4313 τῆς
1461 4242 1824 4313 ἑϐδομαδικῆς
1853 4241 1990 4313 ἡμέ-

415 4357 515 4413 ρας
532 4357 546 4370 ’
571 4338 807 4409 ὁπηνίκα
829 4336 1031 4407 ταύτην
1055 4335 1148 4390 καὶ
1171 4336 1250 4398 είς
1275 4332 1506 4386 ἑκάστου
1537 4333 1704 4404 μηνὸς
1729 4332 1989 4387 ποσταίαν

415 4430 763 4503 βουληθῶμεν
808 4428 1017 4500 μαθεῖν.
1072 4427 1135 4479 EI
1171 4425 1245 4495 μὴ
1287 4421 1398 4495 γὰρ
1442 4421 1616 4485 οὕτως
1656 4423 1834 4485 τοῦτο,
1876 4422 1990 4503 ’ἀπὸ

411 4499 510 4597 τῆς
707 4499 819 4594 τὴν
837 4519 1105 4591 ἑϐδομάδα
1129 4518 1352 4590 πρώτης
1382 4516 1613 4589 ἡμέρας,
1641 4516 1806 4587 ἡγουν
1828 4499 1989 4583 ἁγίας
2019 4542 2065 4598 D

412 4617 715 4690 Κυριακῆς,
764 4617 872 4669 πᾶν
914 4614 1135 4685 ἡλιακὸν
1170 4612 1288 4676 ἔτος
1336 4609 1624 4680 κανονισθῇ
1643 4648 1658 4671 ,
1709 4609 1989 4679 ἀμήχανον

410 4712 509 4783 τὴν
548 4707 909 4780 ὲϐδομαδικὴν
946 4704 1158 4777 ἡμέραν
1204 4705 1262 4755 ὲν
1311 4701 1604 4773 οῑῳδὴποτε
1639 4696 1992 4769 καταλαμϐά⁶

411 4819 524 4858 νειν
572 4801 702 4873 μηνὶ
737 4800 864 4861 τοὺς
900 4795 1156 4868 ψηφίζειν
1194 4794 1497 4857 ἐθέλοντας.
1548 4785 1674 4845 υῖον
1723 4790 1775 4843 τί
1812 4788 1988 4857 λέγω;

410 4894 474 4949 τὸ
507 4893 701 4965 παρὸν,
728 4890 804 4954 ὡς
835 4888 992 4959 έφην,
1013 4892 1098 4959 κη’
1131 4885 1269 4950 έτος,
1311 4882 1572 4954 Σαϐϐάτῳ
1595 4881 1755 4934 λαϐὸν
1776 4880 1875 4951 τὴν
1899 4879 1992 4950 ἁρ-

421 4985 542 5058 χὴν,
577 4984 625 5037 εί
677 4981 751 5054 μὴ
801 4980 900 5045 τὰς
941 4979 1047 5051 πρὸ
1091 4978 1186 5032 τοῦ
1238 4974 1515 5029 Σαϐϐάτου
1565 4971 1624 5040 ἒξ
1670 4971 1883 5043 ἡμέρας
1922 4972 1989 5040 τῇ

419 5074 611 5147 πρώτῃ
642 5069 735 5125 τοῦ
770 5068 1045 5139 Ἀπριλίου
1069 5066 1235 5139 μηνὸς
1259 5063 1611 5135 ἐπεϐάλομεν,
1641 5062 1741 5115 ούκ
1763 5059 1828 5114 ἂν
1852 5059 1991 5115 Σάϐ-

412 5167 574 5220 ϐατον
627 5159 792 5217 οὖσαν
834 5159 1003 5232 αύτὴν
1057 5156 1445 5227 ὲγινώσκομεν.
1471 5153 1708 5224 ,Ἐπειδὴ
1752 5152 1862 5224 γὰρ
1910 5151 1989 5216 είς

412 5255 769 5328 Ιῐαρασκευὴν
807 5256 906 5325 τὴν
933 5249 1226 5321 κατάληξιν
1255 5247 1380 5317 ἔσχε
1410 5247 1471 5299 τὸ
1497 5243 1702 5298 διελθὸν
1741 5243 1823 5308 κζ’
1847 5242 1986 5306 ἔτος,

409 5351 465 5402 αἱ
493 5345 769 5419 ίσάριθμοι
806 5343 904 5413 τῆς
951 5340 1314 5413 Παρασκευῆς
1357 5338 1560 5409 ἡμέραι
1604 5335 1851 5389 λεκτικαὶ
1890 5334 1987 5405 μὲν

408 5437 616 5494 ἐκείνου
656 5434 1035 5506 τυγχάνουσιν,
1072 5435 1152 5496 είς
1197 5432 1364 5501 αὐτὴν
1398 5430 1819 5503 περαιωθέντος,
1862 5428 1988 5481 τού-τ

405 5548 502 5585 του
550 5530 608 5583 δὲ
662 5527 918 5590 ὲπακταὶ,
970 5525 1059 5579 διὰ
1105 5525 1167 5578 τὸ
1201 5524 1503 5593 ἐπάγεσθαι
1547 5525 1613 5594 τῇ
1651 5520 1843 5594 πρώτῃ
1891 5521 1985 5574 τοῦ

420 5620 695 5692 ’Λπριλίου
734 5618 828 5673 καὶ
863 5618 1034 5688 ταύτῃ
1071 5616 1447 5687 διασημαίνειν
1489 5615 1588 5687 τὴν
1630 5613 1986 5685 έϐδομαδικὴν

406 5712 645 5783 ἡμέραν,
685 5711 780 5780 ἀφ’
812 5705 881 5780 ἧς
927 5708 988 5761 τὸ
1012 5706 1143 5761 αὐτὸ
1181 5713 1267 5777 κη’
1312 5706 1428 5770 ἔτος
1460 5706 1761 5778 άπὴρξιατο.
1799 5702 1985 5766 Οὕτως

408 5805 516 5876 γὰρ
543 5807 579 5876 ἡ
604 5822 662 5858 τε
685 5802 825 5858 κατὰ
847 5802 943 5872 τὴν
973 5800 1326 5871 έϐδομαδικὴν
1363 5800 1627 5872 ἁρμονίαν
1660 5798 1982 5869 φυλάττεται

2095 3319 2354 3389 quoniam
2387 3336 2417 3375 a
2449 3321 2586 3378 feria
2618 3328 2856 3382 secunda
2884 3328 3277 3386 hebdomadica
3309 3332 3522 3403 incipit,
3551 3350 3674 3408 epa-

2095 3419 2213 3469 ctas
2255 3413 2417 3470 habet
2460 3432 2501 3479 ι,
2552 3416 2657 3474 hoc
2703 3427 2789 3474 est
2829 3432 3075 3476 sanctam
3126 3422 3494 3493 Dominicam,
3544 3443 3669 3483 cum

2094 3506 2299 3561 nullam
2326 3508 2576 3575 alteram,
2612 3521 2809 3580 praeter
2837 3512 3200 3582 Dominicam,
3251 3515 3306 3570 in
3352 3517 3540 3573 eadem
3572 3518 3670 3575 he-

2093 3596 2366 3652 bdomada
2388 3600 2797 3658 antecedentem
2829 3603 3041 3660 haheat.
3079 3605 3344 3661 Caeterum
3376 3608 3475 3665 bas
3522 3609 3672 3680 ipsas

2094 3688 2211 3744 dies
2257 3691 2578 3757 retinemus,
2631 3700 2692 3748 ut
2739 3693 3153 3762 hebdomadice,
3194 3698 3249 3753 id
3283 3706 3368 3756 est
3402 3700 3472 3755 ab
3513 3700 3671 3754 initio

2094 3779 2450 3838 hebdomadis
2497 3796 2700 3839 annum
2756 3800 2973 3841 omnem
3032 3787 3164 3844 solis
3217 3788 3555 3854 ordinemus,
3601 3791 3669 3845 ad

2093 3868 2525 3940 investigandam
2570 3873 2783 3941 feriam,
2824 3874 3262 3947 quandocunque
3292 3892 3414 3932 eam
3450 3876 3506 3932 in
3538 3893 3672 3948 qua-

2094 3960 2224 4015 libet
2261 3961 2348 4017 die
2390 3965 2597 4020 mensis
2641 3965 2886 4021 obtinere
2925 3967 3196 4025 volumus.
3236 3967 3372 4022 Nam
3416 3968 3525 4024 nisi
3566 3969 3672 4024 hoc

2092 4053 2278 4118 modo,
2328 4068 2360 4109 a
2412 4057 2588 4126 prima
2646 4057 2735 4113 die
2784 4058 3163 4125 hebdomadis,
3210 4076 3308 4116 seu
3363 4059 3668 4125 Dominica,

2091 4158 2268 4198 annus
2297 4145 2526 4215 quilibet
2558 4146 2690 4203 solis
2732 4148 2975 4218 regulam
3004 4151 3209 4219 capiat,
3246 4165 3353 4204 non
3388 4158 3569 4220 potest
3601 4151 3671 4204 ab

2091 4233 2179 4300 iis,
2224 4234 2318 4305 qui
2361 4237 2603 4293 calculos
2645 4238 2949 4295 subducere
2979 4240 3274 4307 voluerint,
3314 4241 3671 4297 hebdomadis

2089 4321 2207 4377 dies
2239 4323 2294 4377 in
2328 4325 2438 4379 ullo
2467 4341 2654 4382 mense
2681 4327 3034 4398 deprehendi.
3077 4328 3179 4395 Sit,
3214 4331 3447 4401 exempli
3480 4346 3667 4397 causa,

2087 4430 2331 4484 praesens
2354 4431 2532 4472 annus
2545 4419 2699 4482 solis,
2727 4427 2784 4474 ut
2800 4429 2923 4476 ante
2940 4420 3099 4492 179
3120 4422 3324 4476 dictum
3352 4430 3455 4486 est,
3474 4426 3669 4487 XXVIII,

2091 4506 2187 4576 qui
2226 4521 2256 4560 a
2311 4506 2550 4562 Sabbato
2581 4516 2796 4579 emptus
2828 4516 2932 4566 est.
2973 4511 3140 4581 Igitur
3168 4511 3274 4567 nisi
3305 4511 3372 4566 ad
3400 4510 3671 4568 Kalendas

2090 4597 2304 4667 Apriles
2343 4613 2438 4653 sex
2472 4609 2599 4654 ante
2637 4599 2937 4655 Sabbatum
2966 4601 3082 4657 dies
3110 4601 3528 4667 addidissemus,
3571 4619 3667 4658 ne-

2091 4703 2366 4759 quaquam
2421 4690 2544 4747 illas
2592 4691 2648 4745 in
2702 4689 2999 4746 Sabbatum
3048 4691 3311 4747 incidisse
3356 4709 3667 4750 nossemus.

2090 4779 2226 4834 Cum
2274 4781 2419 4836 enim
2450 4783 2766 4852 praecedens
2796 4798 2995 4847 annus,
3035 4784 3128 4853 qui
3162 4792 3281 4839 erat
3322 4786 3453 4840 solis
3494 4803 3667 4850 xxvn,

2093 4872 2146 4926 in
2175 4870 2516 4928 Parasceven
2548 4873 2792 4938 desierit,
2822 4874 2950 4928 huic
2989 4876 3213 4947 aequalis
3240 4875 3450 4931 dierum
3477 4894 3670 4935 nume-

2092 4981 2209 5028 rus.
2256 4967 2349 5037 qui
2399 4983 2600 5022 annum
2640 4968 2790 5023 illum
2823 4968 3153 5033 terminavit,
3182 4970 3341 5040 cujus
3372 4969 3670 5028 Parasrevc

2091 5057 2335 5112 clausula
2365 5058 2488 5121 luit,
2513 5060 2797 5128 praesentis
2831 5060 2957 5114 anni
2998 5071 3124 5115 sunt
3148 5069 3370 5130 epactae,
3399 5062 3557 5130 quasi
3584 5062 3670 5116 ad-

2089 5152 2301 5207 dititias
2331 5152 2483 5208 dicas
2504 5193 2519 5215 ,
2555 5153 2700 5222 quod
2740 5151 2997 5208 Kalendis
3025 5153 3229 5224 Aprilis
3254 5153 3544 5217 addantur,
3576 5168 3669 5207 eo-

2089 5258 2195 5313 que
2219 5243 2379 5297 modo
2409 5242 2598 5298 feriam
2630 5244 2890 5308 indicent,
2919 5259 2950 5299 a
2976 5259 3082 5314 qua
3113 5261 3289 5301 annus
3321 5244 3463 5299 idem
3496 5259 3666 5298 xxvm

2087 5349 2319 5390 exorsus
2350 5342 2455 5389 est.
2488 5333 2564 5388 Ita
2593 5335 2794 5405 quippe
2832 5334 2887 5389 in
2932 5335 3322 5392 hebdomadica
3358 5335 3500 5391 serie
3539 5350 3666 5404 per-

2087 5427 2328 5496 petuitas
2356 5425 2606 5496 quaedam
2649 5427 3018 5482 successionis
3050 5434 3285 5492 tenetur,
3326 5434 3380 5482 et
3416 5426 3541 5480 anni
3577 5442 3665 5480 so-

2090 5520 2230 5575 lares
2268 5520 2337 5574 ab
2371 5519 2728 5575 hebdomadis
2757 5521 2935 5587 initio,
2965 5520 3070 5575 hoc
3094 5527 3180 5577 est
3206 5520 3508 5579 Dominica,
3543 5526 3663 5573 tan-

2089 5624 2251 5679 quam
2291 5611 2480 5680 regula
2512 5609 2811 5680 pendentes
2844 5625 3041 5667 cursus
3078 5627 3209 5669 suos
3239 5610 3516 5668 insistunt.
3550 5608 3658 5666 Un-

2087 5703 2155 5758 de
2195 5703 2572 5774 cujuscunque
2615 5704 2820 5759 mensis
2847 5705 2964 5760 dies
2993 5706 3312 5777 congruenti
3346 5704 3492 5762 feriae
3525 5705 3661 5760 citra

2088 5794 2285 5850 calculi
2315 5810 2556 5853 errorem
2592 5805 2770 5868 potest
2803 5796 3044 5853 attribui.
