4112 6440
500 342 640 402 ma

1501 344 1606 401 AD-
1634 342 1906 401 EUSEBII
1942 343 2344 408 CHRONICON
2366 345 2749 422 ,APPENDIX.

3631 344 3775 410 1244

500 465 717 528 πάντως
757 461 1028 533 συνέχεια,
1073 460 1228 532 καὶὴ
1266 460 1376 517 τῶν
1406 464 1649 536 ἡλιακῶν
1690 464 1829 519 ὲτῶν
1871 464 1949 528 ὼς
1985 463 2096 518 ἀπὺ
2146 466 2325 539 ἀρχῆς
2384 464 2700 536 ἑϐδομάδος,
2733 464 2903 536 ἡγουν
2947 465 3170 536 πρώτης
3213 464 3446 537 ἡμέρας,
3496 464 3778 528 κανονίζε-

499 574 585 611 ται
636 557 873 630 κίνησις.
918 555 1009 621 Ἐξ
1074 548 1249 628 οὗπερ
1294 556 1415 611 οὐδὲ
1467 558 1566 629 μία
1598 562 1714 622 τοῖς
1770 558 2029 630 ψηφίζειν
2089 558 2336 614 ἐθέλουσι
2382 560 2595 630 γίνεται
2647 557 2825 629 πλάνη
2883 557 3020 629 πρὸς
3047 556 3145 627 τὴν
3186 559 3245 612 ὲν
3289 558 3584 631 οίῳδὴποτι
3636 561 3774 631 μηνὶ

498 647 760 703 ποσταίαν
788 646 885 717 τῆς
921 645 1281 718 έϐδομαδικῆς
1321 646 1535 720 ἡμέρας
1577 647 1906 720 κατάληψιν.

498 768 620 837 Qua
663 767 869 822 ratione
895 765 1032 834 feria
1069 781 1376 836 trucemque
1417 767 1503 823 die
1541 770 1740 825 mensis
1772 766 2081 838 investigari

2191 765 2317 832 Πῶς
2351 762 2468 832 τὴν
2499 760 2899 843 ἐϐδομαδικῂν
2931 760 3160 843 ἡμέραν
3184 762 3557 843 etc-exciam!)
3570 769 3777 837 μηνὸς

1192 847 1387 907 potest.

566 947 759 1005 XXIV.
785 948 984 1003 Eadem
1001 947 1201 1019 quippe
1218 947 1511 1005 methodus
1530 955 1615 1005 est
1632 947 1971 1019 inquirenda:
1991 964 2090 1004 cu-

502 1056 805 1112 iuscunque
823 1040 932 1096 diei
956 1040 1162 1096 mensis
1180 1039 1349 1105 feriae,
1370 1056 1535 1112 quam
1553 1042 1621 1096 ad
1643 1041 1913 1099 Kalendas
1928 1042 2092 1113 Apri-

502 1150 576 1191 les
626 1133 1007 1189 adhibuimus.
1049 1131 1323 1187 Nimirum
1377 1144 1437 1189 ut
1489 1134 1727 1191 labentis
1779 1136 1910 1190 anni
1954 1135 2090 1192 solis

501 1232 717 1294 :pactas
738 1224 1064 1293 adjiciamus
1086 1224 1153 1278 ad
1182 1223 1398 1280 dierum
1440 1241 1756 1291 numerum,
1790 1226 1886 1298 qui
1916 1242 1946 1281 a
1975 1226 2089 1282 Ka-

500 1316 676 1372 lendis
716 1316 925 1386 Aprilis
994 1315 1066 1371 ad
1104 1331 1254 1382 eum,
1310 1318 1403 1389 qui
1457 1317 1745 1388 quaeritur,
1791 1318 2093 1389 cujuslibet

502 1410 705 1465 mensis
731 1408 877 1465 diem
914 1408 1194 1465 ﬂuxerunt
1231 1428 1244 1465 :
1278 1419 1392 1465 tum
1426 1411 1714 1466 collectam
1740 1426 1808 1467 ex
1833 1412 2091 1467 omnibus

503 1517 771 1557 summam
811 1517 908 1572 per
933 1517 1007 1557 vlt
1052 1503 1380 1573 partiamur.
1428 1502 1586 1569 Quod
1628 1504 1777 1560 enim
1816 1504 2089 1575 reliquum

502 1599 585 1651 est
618 1593 813 1648 feriam
854 1592 1309 1649 hebdomadicam
1333 1594 1584 1664 ejusdem
1625 1595 1843 1651 numeri
1879 1596 2091 1667 praebe-

503 1682 602 1737 bit.
642 1681 831 1737 Potest
863 1689 919 1738 et
974 1681 1085 1737 alio
1134 1682 1299 1738 modo
1344 1685 1600 1757 reperiri.
1651 1683 1885 1755 Epactas
1940 1685 2090 1742 solas

504 1786 628 1827 cum
667 1771 864 1828 diebus
909 1772 1187 1827 mensium
1227 1788 1394 1843 supra
1430 1790 1601 1829 xxvm
1635 1774 1755 1831 dies
1791 1791 2089 1832 excurren-

503 1865 672 1932 tibus,
712 1865 782 1921 ad
812 1873 1171 1936 quotcunque
1219 1881 1443 1923 menses
1474 1881 1782 1939 propagare
1809 1858 2088 1924 calculum

504 1957 715 2021 libebit,
747 1958 1102 2028 camponito,
1153 1958 1304 2012 velut
1344 1944 1583 2029 sumptis
1631 1975 1703 2014 ex
1754 1957 1929 2030 Aprili
1964 1977 2026 2023 ιι,
2057 1976 2089 2017 e

503 2047 646 2105 Maio
668 2066 752 2116 ιιι,
800 2058 854 2105 et
881 2050 961 2106 sic
988 2049 1248 2121 deinceps
1278 2050 1345 2104 ad
1380 2049 1724 2121 propositum
1742 2067 1919 2121 usque
1934 2068 2090 2108 men-

2609 836 2912 886 ποσταίαν
2942 832 3115 887 ἐστὶν
3140 833 3357 902 εὑρεῖν.

2261 944 2390 1001 ΚΔ’.
2445 945 2537 1018 Τῷ
2582 944 2733 1017 αὑτῷ
2773 944 2883 1018 γὰρ
2920 946 3107 1019 τρόπῳ
3158 949 3255 1002 καὶ
3287 949 3368 1014 είς
3406 949 3503 1021 τὴν
3535 950 3774 1005 ἑκάστου

2190 1039 2360 1110 μηνὸς
2397 1038 2662 1092 ποσταίαν
2708 1037 3006 1110 κεχρῆσθαι
3040 1041 3307 1112 προσήκει
3345 1041 3442 1113 τὴν
3481 1042 3775 1114 ἑϐδομαδι-

2190 1131 2294 1203 κήν
2338 1130 2694 1203 ἐρευνῶντας,
2746 1123 2898 1202 ᾧπερ
2943 1132 3256 1205 κεχρήμεθα
3296 1136 3390 1189 καὶ
3433 1137 3511 1199 εἰς
3541 1136 3640 1205 τὴν
3671 1134 3776 1190 τοῦ

2202 1220 2482 1292 Ἀπριλίου
2511 1220 2755 1292 πρώτην.
2784 1215 2910 1274 υἷον
2940 1222 3039 1285 τὰς
3067 1222 3307 1287 ὲπακτάς
3346 1224 3655 1279 ἐπιϐάλλειν
3674 1224 3779 1279 τοῦ

2190 1310 2486 1373 ἐνεστῶτος
2516 1309 2740 1383 ἡλιακοῦ
2772 1309 2923 1374 ἔτους
2947 1313 3067 1375 ταῖς
3099 1313 3192 1365 ἀπ’
3225 1313 3394 1383 αὐτῆς
3421 1315 3519 1386 τῆς
3545 1313 3781 1386 πρώτης

2188 1401 2283 1456 τοῦ
2325 1402 2622 1475 ’Δπριλίου,
2658 1402 2819 1473 μέχρι
2850 1402 2949 1474 τῆς
2976 1403 3033 1456 ὲν
3077 1403 3371 1475 οίῳδήποτε
3410 1406 3543 1477 μηνὶ
3575 1405 3787 1477 ζητου-

2194 1492 2363 1565 μένης
2390 1495 2520 1564 ἡμῖν
2551 1493 2815 1557 ποσταίας
2834 1509 2846 1522 ·
2875 1493 2970 1546 καὶ
2997 1493 3095 1557 τὰς
3117 1493 3243 1557 ὅλας
3274 1496 3354 1558 εἰς
3375 1497 3466 1549 τὸν
3498 1495 3640 1548 ἑπτὰ
3669 1512 3785 1566 με-

2192 1583 2386 1659 ρίζειν,
2424 1586 2519 1639 καὶ
2536 1587 2601 1640 ὲκ
2628 1586 2736 1639 τῶν
2763 1579 3153 1657 ἀπομενουσῶν
3184 1586 3472 1659 ἰσάριθμον
3490 1583 3658 1642 οὖσαν
3684 1605 3785 1658 γι·-

2189 1677 2472 1749 νώσκομεν
2511 1677 2611 1750 τὴν
2637 1678 2737 1750 τῆς
2766 1677 3056 1747 ἑϐδομάδος
3101 1679 3332 1750 ἡμέραν.
3375 1680 3445 1732 Ἢ
3480 1679 3645 1733 πάλιν
3675 1680 3785 1733 καὶ

2189 1772 2311 1824 κατ’
2333 1770 2491 1825 ἄλλον
2515 1770 2738 1842 τρόπον,
2765 1770 2934 1833 αὐτάς
2963 1787 3021 1823 τε
3060 1768 3155 1833 τὰς
3188 1769 3432 1833 ἐπακτὰς
3457 1770 3648 1840 μόνας,
3676 1772 3785 1826 καὶ

2188 1863 2291 1927 τὰς
2356 1861 2494 1935 μετὰ
2545 1862 2646 1926 τὰς
2677 1859 2764 1933 κη’
2792 1861 2902 1915 τῶν
2950 1862 3135 1932 μηνῶν
3191 1863 3470 1934 περιττὰς,
3517 1860 3631 1916 οἷον
3674 1862 3781 1917 τοῦ

2202 1950 2480 2021 ’Λπριλίου
2518 1950 2619 2014 τὰς
2649 1948 2762 2014 δύο,
2822 1951 2916 2004 καὶ
2954 1952 3131 2005 Μαῖου
3162 1950 3259 2016 τὰς
3292 1949 3361 2020 γ’,
3386 1952 3611 2007 καὶτῶν
3642 1952 3784 2006 καθ-

2188 2040 2316 2113 εξῆς
2348 2041 2567 2112 ὁμοίως,
2591 2040 2751 2113 ἄχρις
2787 2035 2846 2096 οὗ
2875 2042 2968 2096 ἐὰν
3000 2041 3240 2113 θέλωμεν
3278 2041 3533 2112 ψηφίζειν
3564 2043 3776 2114 μηνός·

503 2158 643 2208 sem,
669 2144 830 2210 cujus
857 2143 978 2199 dies
1006 2158 1201 2199 omnes
1231 2143 1296 2198 ad
1338 2159 1486 2201 eum.
1515 2160 1627 2214 quo
1660 2144 1730 2200 de
1759 2146 2083 2216 quaerimus,

2191 2129 2306 2185 εἶτα
2336 2133 2435 2203 τὴν
2467 2131 2805 2204 ζητουμένην
2830 2134 2961 2203 ἡμῖν
2992 2133 3049 2185 ὲν
3073 2131 3222 2203 αὑτῷ
3245 2133 3506 2186 ποσταίαν
3531 2133 3783 2197 ἐκείναις

502 2234 848 2305 adjicientes,
881 2249 1153 2290 summam
1184 2250 1280 2306 per
1313 2251 1388 2289 vn
1420 2236 1753 2300 dividimus;
1783 2238 1930 2308 quod
1959 2238 2089 2293 reli-

499 2342 672 2397 quum
704 2335 824 2389 est,
879 2327 973 2382 dat
1016 2327 1208 2382 feriam
1246 2324 1558 2398 quaesitam.
1610 2328 1693 2384 0b
1731 2328 1874 2384 hanc
1924 2330 2092 2400 igitur

500 2432 728 2474 causam
763 2419 891 2472 anni
923 2418 1057 2473 solis
1086 2426 1313 2489 epactas
1350 2419 1552 2475 habere
1581 2419 1872 2488 dicuntur;
1899 2432 1954 2478 et
1977 2437 2093 2480 eas-

497 2510 623 2566 dem
658 2525 782 2575 nos,
824 2511 905 2565 uti
942 2521 1373 2567 consentaneum
1413 2521 1520 2579 est,
1554 2513 1901 2570 adhibemus.

655 2700 888 2768 Quinam
914 2702 1044 2757 solis
1078 2705 1206 2758 anni
1229 2714 1415 2773 epacta
1437 2721 1621 2760 carere
1652 2704 1926 2759 dicantur.

554 2810 721 2869 XXV.
736 2813 813 2868 Ex
828 2830 936 2886 quo
953 2816 1081 2869 anni
1097 2830 1310 2880 omnes,
1330 2816 1422 2886 qui
1443 2832 1471 2869 a
1497 2815 1775 2872 Dominiea
1802 2817 2091 2887 incipiunt,

499 2905 649 2961 velut
670 2905 904 2975 primus,
930 2906 1221 2976 septimus,
1255 2906 1913 2972 duodecimus,'decimus
1939 2917 2093 2965 octa-

497 3011 604 3053 vus
629 3037 644 3061 ,
689 2996 810 3053 sine
839 2998 1049 3068 epactis
1075 3013 1196 3054 esse
1216 2998 1479 3053 dicuntur
1499 3038 1513 3063 ,
1549 3000 1694 3070 quod
1727 2999 1934 3055 nullam
1953 3016 2092 3071 prai-

498 3088 784 3145 cedentcm
826 3088 969 3144 diem
1017 3089 1276 3146 habeant.
1336 3086 1473 3144 Nam
1529 3091 1682 3161 prior
1734 3106 1857 3147 esse
1914 3092 2091 3163 prima

500 3179 655 3236 nulla
695 3187 898 3249 potest.
932 3179 1148 3235 Etenim
1188 3197 1300 3236 non
1343 3182 1425 3236 sic
1463 3193 1689 3253 epactas
1721 3183 1975 3239 obtinere
2001 3198 2091 3239 so-

499 3268 572 3326 lis
611 3283 813 3337 annus,
845 3270 1122 3341 quomodo
1153 3271 1317 3337 lunae,
1350 3271 1575 3326 dicitur.
1605 3272 1820 3343 Quippe
1857 3273 1992 3327 nihil
2013 3272 2090 3327 illi

503 3361 657 3417 deest
706 3361 774 3415 ad
818 3363 1117 3434 explendos
1162 3377 1367 3419 cccuv
1406 3363 1547 3425 dies,
1583 3365 1661 3419 uti
1697 3365 1826 3419 luna
1854 3364 2090 3419 undenis

2192 2224 2577 2295 ἐμϐάλλοντες,
2602 2226 2683 2288 εἰς
2714 2224 2803 2279 τὸν
2831 2222 2875 2288 ζ’
2904 2224 3066 2279 πάλιν
3091 2221 3383 2297 μερίζομεν
3402 2242 3415 2255 ·
3451 2226 3641 2279 ttat-hx
3659 2223 3781 2278 τῶν

2189 2318 2580 2389 ἁπομενουσῶν
2625 2319 2724 2391 τὴν
2778 2317 3133 2390 ὲϐδομαδικὴν
3175 2317 3392 2383 πάντως
3418 2317 3778 2390 εὑρίσκομεν.

2191 2410 2408 2481 Ταύτης
2423 2406 2516 2464 οὖν
2538 2410 2722 2465 ἕνεκεν
2741 2411 2842 2481 τῆς
2867 2410 3045 2474 αἰτίας
3073 2411 3312 2474 ὲπακτὰς
3341 2410 3483 2481 ἔχειν
3519 2409 3781 2479 λέγονται

2189 2500 2261 2553 τὰ
2294 2500 2388 2554 τοῦ
2418 2500 2574 2572 ἡλίου
2609 2500 2726 2572 ἔτη,
2763 2501 2857 2555 καὶ
2888 2499 2977 2554 διὰ
3002 2499 3205 2570 ταύτην
3236 2500 3428 2565 αὑταῖς
3467 2499 3793 2570 προσηκόν-

2189 2608 2300 2655 τως
2328 2591 2665 2664 κεχρήμεθα.

2191 2704 2340 2759 Ποῖα
2392 2703 2514 2760 τῶν
2564 2706 2672 2760 τοῦ
2706 2706 2812 2775 ἠλί
2814 2723 2884 2760 ου
2918 2704 3067 2759 ἐτῶν
3102 2705 3408 2781 ᾀνέπακτα
3461 2704 3776 2777 metres.

2261 2816 2391 2873 KE'.
2412 2818 2573 2874 Ὅθεν
2602 2820 2671 2874 τὰ
2703 2818 2810 2874 ἀπὸ
2826 2821 3109 2891 Κυριακῆς
3134 2821 3408 2893 ἀρχόμενα
3436 2819 3552 2892 ἐτη,
3577 2817 3692 2875 οἷον
3712 2824 3781 2878 τὸ

2193 2913 2428 2985 πρῶτον,
2467 2911 2529 2965 τὸ
2571 2911 2817 2983 ἕϐδομον,
2840 2911 2905 2965 τδ
2942 2912 3372 2978 δυοκαιδέκατον,
3402 2912 3464 2966 τὸ
3485 2910 3574 2985 ιη’,
3603 2913 3781 2969 ἀνέτο-

2191 3021 2334 3060 ακτα
2355 3004 2602 3075 λέγομεν,
2622 3004 2711 3058 διὰ
2730 3004 2791 3057 τὸ
2814 3003 2946 3075 μηδὲ
2969 3005 3094 3075 μίαν
3116 3004 3326 3076 ἡμέραν
3351 3005 3779 3078 προηγουμένην

2193 3097 2357 3168 ἔχειν.
2399 3097 2512 3149 Οὐκ
2559 3097 2676 3150 ἔστι
2707 3095 2813 3167 γὰρ
2853 3095 2960 3167 πρὸ
2985 3096 3082 3167 τῆς
3110 3094 3329 3167 πρώτης
3362 3095 3526 3166 ἄλλην
3557 3096 3774 3167 εὑρεῖν.

2203 3185 2356 3241 Ἐπεὶ
2397 3188 2639 3251 ὲπακτὰς
2663 3187 2725 3241 τὸ
2756 3186 2979 3259 ἡλιακὸν
3004 3186 3122 3250 ἔτος
3146 3186 3286 3240 κατὰ
3314 3186 3373 3239 τὸ
3399 3186 3498 3258 τῆς
3533 3187 3779 3259 σελήνης

2190 3277 2309 3344 ἔτος
2361 3278 2421 3331 οὐ
2469 3278 2751 3350 κέκτηται.
2790 3277 2925 3331 Οὐδὲ
2950 3275 3058 3349 γὰρ
3087 3276 3345 3349 ὑστεροῦν
3366 3276 3601 3350 ὑπάρχει
3632 3276 3779 3349 πρὸς

2192 3371 2291 3435 τὰς
2311 3368 2437 3438 τξε¹,
2469 3370 2719 3442 καθάπερ
2754 3371 2933 3423 ἐκεῖνο
2956 3368 3054 3432 τὰς
3084 3365 3150 3422 ια’
3169 3385 3182 3398 ·
3211 3368 3279 3421 δι’
3309 3367 3376 3432 ἃς
3406 3368 3501 3422 καὶ
3526 3368 3629 3439 τὴν
3663 3368 3778 3424 τῶν

502 3452 722 3522 deﬁcit;
752 3454 983 3525 ideoque
1003 3463 1211 3525 septem
1231 3454 1655 3510 intercalaribus
1685 3455 1968 3511 mensibus
1993 3470 2089 3509 au-

2194 3460 2334 3515 έπτὰ
2359 3460 2668 3533 ὲμϐολίμων
2703 3460 2916 3531 δέχεται
2943 3459 3260 3531 προσθήκην
3292 3460 3481 3532 μηνῶν
3504 3462 3535 3515 ὀ
3558 3461 3662 3533 τῆς
3682 3463 3780 3515 sv-

499 3557 660 3620 getur
685 3546 1198 3606 decemnovennalis
1227 3551 1449 3623 cyclus;
1496 3550 1591 3607 sed
1622 3549 1694 3605 ob
1724 3550 1779 3605 id
1810 3564 2001 3614 unum,
2029 3557 2089 3605 ut

500 3636 559 3694 in
600 3639 884 3695 mensibus
930 3639 1219 3696 duodecim
1270 3640 1463 3696 feriam
1513 3646 2089 3711 asscquamur;prout

502 3731 574 3786 ab
601 3729 829 3786 exordio
876 3730 1140 3785 solarium
1180 3746 1452 3786 annorum
1503 3730 1888 3788 hebdomadici
1938 3731 2089 3788 orbis

500 3821 749 3879 revoluta
780 3821 954 3877 series
979 3837 1009 3875 a
1040 3822 1344 3892 majoribus
1365 3831 1591 3896 accepta
1609 3824 1873 3895 postulat.
1893 3821 2091 3879 Hacte-

502 3927 609 3967 nus
639 3911 708 3968 de
738 3913 1015 3970 solaribus
1037 3914 1268 3984 epactis.

500 4027 581 4084 De
616 4026 880 4083 addititiis
924 4029 1030 4084 sive
1078 4030 1412 4153 reguzaribrs
1458 4044 1477 4084 :
1515 4029 1654 4086 unde
1705 4031 1958 4103 originem
1995 4031 2091 4088 Ita-

1244 4117 1341 4153 εαη
1375 4141 1389 4153 .

1244 4109 1389 4156 eant.

576 4208 764 4265 XXVI.
802 4209 1103 4282 Regulares
1129 4211 1247 4267 dies
1287 4213 1457 4267 rubro
1498 4211 1685 4268 colore
1726 4212 1921 4277 notati,
1952 4228 2089 4283 quos

500 4301 871 4358 Romanorum
892 4303 1160 4359 mensium
1180 4304 1359 4374 quotis
1374 4305 1567 4360 diebus
1582 4320 1706 4359 cum
1723 4305 1928 4375 epactis
1945 4306 2091 4361 sola-

501 4392 658 4447 rihus
686 4390 964 4447 addendos
988 4407 1111 4447 esse
1146 4390 1493 4448 decrevimus
1513 4434 1527 4459 ,
1554 4402 1611 4449 ut
1639 4409 1867 4450 summae
1888 4410 1983 4465 per
2013 4411 2087 4450 vn

503 4484 727 4555 partitio
756 4484 939 4552 ﬁeret,
963 4484 1106 4540 hanc
1139 4485 1343 4541 habent
1371 4487 1666 4542 rationem.
1701 4486 1837 4542 Cum
1873 4487 2088 4543 duobus

500 4576 681 4633 modis
726 4578 1177 4632 hebdomadicam
1216 4577 1431 4642 feriam,
1463 4588 1521 4633 ut
1557 4579 1762 4633 dictum
1791 4587 1895 4645 est,
1935 4594 2087 4634 com-

501 4680 790 4741 putemus;
826 4671 1005 4741 primo
1034 4671 1286 4728 collectis
1315 4671 1512 4728 diebus
1543 4672 1804 4728 omnibus
1833 4686 1862 4726 a
1888 4671 2087 4727 Kalen-

502 4761 588 4816 dis
634 4761 838 4831 Aprilis
886 4776 1061 4829 usque
1110 4760 1178 4815 ad
1219 4762 1558 4832 propositam
1590 4762 1775 4827 diem;
1816 4761 2083 4828 secundo,

2190 3552 2763 3624 νεακαιδεκαετηρίδος
2777 3549 2992 3615 κύκλοςο
3025 3550 3162 3606 ἀλλὰ
3179 3552 3336 3622 μόνον
3361 3550 3454 3605 τοῦ
3484 3551 3583 3622 τὴν
3613 3552 3779 3608 ἐϐδο-

2194 3644 2425 3717 μαδικὴν
2447 3644 2505 3697 ὲν
2522 3645 2635 3707 τοῖς
2649 3642 2970 3697 δυοκαίδεκα
2995 3641 3157 3712 μησὶν
3181 3640 3392 3714 ἡμέραν
3411 3640 3776 3712 ψηφίζεσθαι,

2190 3736 2335 3791 κατά
2365 3736 2465 3808 τὴν
2481 3738 2536 3789 ὲν
2574 3735 2714 3808 ἀρχῇ
2736 3733 2844 3788 τῶν
2863 3732 3102 3806 ἡλιακῶν
3128 3732 3264 3788 ἑτῶν
3283 3734 3381 3804 τῆς
3408 3734 3779 3806 ἐϐδομαδικῆς

2192 3826 2459 3900 ἁρμονίας
2489 3824 2771 3896 συνέχειαν
2814 3840 2871 3878 τε
2912 3824 3007 3878 καὶ
3031 3826 3429 3897 παρατήρησιν.
3452 3824 3643 3880 Ταῦτα
3675 3829 3780 3882 καὶ

2191 3917 2323 3991 περὶ⁹
2353 3916 2462 3971 τῶν
2487 3914 2741 3971 ὲπακτῶν
2770 3914 2863 3969 τοῦ
2896 3915 3067 3986 ἡλίου.

2189 4034 2331 4106 Περὶ
2377 4032 2498 4089 τῶν
2541 4030 2917 4103 προσθετῶνο
2947 4030 3107 4106 τινες
3127 4046 3211 4096 τε,
3246 4029 3345 4088 καί
3381 4029 3568 4091 πόθεν
3589 4031 3780 4086 αὐτοὶ

2768 4099 3200 4171 τυγχάνουσιν.

2261 4210 2407 4282 κεῖ.
2437 4213 2503 4266 Δί
2534 4212 2591 4266 δὲ
2620 4209 3151 4284 προσθεταὶὴμέραι,
3180 4210 3378 4277 αἵτινες
3403 4211 3510 4275 ἀπὸ
3536 4213 3779 4284 σηρικοῦ

2189 4305 2574 4378 γεγραμμέναι
2625 4305 2783 4368 εἰσὶν,
2826 4301 2891 4366 ἃς
2942 4303 3037 4355 καὶ
3091 4301 3475 4373 συνεμϐάλλειν
3506 4306 3630 4368 ταῖς
3666 4306 3778 4357 ἐπ-

2188 4400 2380 4462 ακταῖς
2409 4396 2503 4451 τοῦ
2531 4394 2757 4468 ἡλιακοῦ
2786 4394 2936 4458 ἔτους
2957 4394 3262 4465 εἰρήκαμεν
3287 4396 3353 4464 τῇ
3384 4393 3615 4465 ποσταία
3656 4394 3783 4450 τῶν

2202 4488 2525 4561 Ῥωμαϊκῶν
2572 4487 2778 4559 μηνῶν,
2803 4486 2897 4540 καὶ
2932 4484 3103 4549 οὕτως
3151 4484 3416 4538 ποιεῖσθαι
3444 4484 3533 4537 τὸν
3559 4486 3644 4550 είς
3673 4484 3781 4541 τὸν

2190 4584 2234 4649 ζ’
2280 4582 2568 4656 μερισμὸν,
2604 4575 2793 4633 τοῦτον
2846 4577 3030 4650 ἔχουσι
3071 4577 3162 4631 τὸν
3204 4576 3380 4646 λόγον.
3412 4575 3640 4642 Διττῶς⁸
3664 4577 3785 4648 τῆς

2189 4673 2547 4746 ἑϐδομαδικῆς
2578 4670 2811 4743 ἡμέρας,
2835 4669 2910 4732 ὡς
2930 4667 3161 4740 ἐδείχθη,
3187 4659 3597 4739 ψηφιζομένης·
3623 4670 3785 4724 κατά

2189 4785 2248 4824 τε
2282 4767 2382 4838 τὴν
2402 4766 2509 4819 τῶν
2534 4764 2673 4817 ὅλων
2694 4762 2937 4833 ἄθροισιν
2960 4759 3181 4831 ἡμερῶν
3196 4775 3211 4790 ο
3232 4753 3342 4812 οἷον
3363 4759 3470 4812 ἀπὸ
3495 4760 3596 4831 τῆς
3620 4760 3780 4831 πρώ-

501 4853 637 4908 solis
678 4819 844 4923 supra
879 4819 1052 4906 xxvut
1087 4819 1381 4922 superati-is
1420 4852 1649 4908 retentis
1682 4871 1696 4907 :
1729 4853 1796 4907 de
1829 4853 1917 4908 his
1947 4852 2084 4922 ipsis

2191 4819 2405 4931 rqcvr'oﬁ
2446 4852 2722 4926 Ἀπριλίου
2763 4819 2952 4923 μέχρις
2978 4819 3145 4920 αὐτῆς
3179 4850 3277 4921 τῆς
3298 4848 3394 4902 τοῦ
3425 4819 3782 4921 ζητουμένου

502 4944 816 5014 superﬂuis,
844 4959 966 5014 qua:
996 4943 1064 4997 ad
1098 4943 1439 5014 Septembris
1466 4943 1650 5007 ﬁnem,
1681 4959 1779 4997 xm
1803 4943 2079 5009 conliunt;

2191 4948 2356 5021 μηνὸς
2388 4944 2668 5007 ποσταίας,
2709 4941 2850 4997 κατά
2874 4957 2932 4994 τε
2963 4939 3064 5010 τὴν
3095 4937 3203 4993 τῶν
3238 4937 3377 5010 μετὰ
3410 4937 3629 5011 τὰςκη¹
3662 4957 3777 4993 πε..

501 5036 570 5092 ad
618 5034 911 5091 Octobrem
942 5050 1073 5090 vero
1096 5051 1187 5094 xv.
1214 5044 1446 5105 septem,
1489 5034 1670 5106 quoad
1710 5035 1857 5100 licet,
1900 5035 2083 5090 detra-

2191 5039 2381 5112 ριττῶν
2408 5035 2628 5108 ἡμερῶν
2658 5033 3010 5106 διακράτησιν
3027 5049 3039 5062 ·
3065 5030 3266 5093 ταύτας
3295 5029 3360 5100 δὴ
3382 5028 3483 5094 τὰς
3499 5030 3781 5102 περιττὰς

500 5128 685 5183 bimus
719 5142 731 5177 :
767 5126 905 5180 ﬁunt
925 5141 991 5180 ex
1024 5140 1124 5179 xm
1160 5125 1381 5196 quidem
1418 5126 1652 5196 reliquis
1684 5141 1777 5180 sex
1803 5165 1817 5190 ,
1849 5140 1988 5195 quas
2014 5126 2079 5180 ad

2191 5129 2351 5201 μέχρι
2394 5128 2491 5199 μὲν
2520 5123 2894 5196 Σεπτεμϐρίου
2924 5119 3091 5194 μηνὸς
3122 5126 3187 5190 ιγ’
3214 5118 3631 5190 εὑρισκομένας,
3665 5121 3778 5191 μέ-

502 5218 877 5289 Septembrem
929 5215 1236 5271 rubricatas
1283 5217 1675 5286 apposuimus:
1713 5217 1781 5271 de
1831 5232 1900 5271 xv
1949 5233 2083 5274 vero

2191 5238 2277 5294 χρι
2299 5219 2357 5273 δὲ
2400 5216 2730 5290 ὐκτωϐρίου
2754 5222 2836 5280 ιε’,
2852 5213 2962 5269 τῶν
2989 5219 3058 5284 ιγ’
3079 5212 3370 5282 ἀφελόντας
3388 5210 3489 5275 τὰς
3511 5208 3557 5276 ζ’
3577 5211 3782 5277 ⁷⁸,τάς

498 5312 753 5366 deductis
809 5309 1169 5365 hehdmnadis
1202 5308 1439 5369 duabus.
1474 5309 1577 5363 hoc
1608 5316 1692 5364 est
1741 5308 1936 5365 diebus
1960 5324 2076 5377 xw,

2191 5311 2282 5365 καὶ
2325 5310 2383 5364 ὲν
2413 5306 2490 5380 τῷ
2538 5306 2892 5379 Σεπτεμϐρίῳ
2935 5304 3022 5359 διὰ
3075 5301 3300 5375 σηρικοῦ
3357 5300 3771 5374 κατετάξαμεν.

498 5402 779 5456 residuam
816 5416 982 5456 unam
1024 5400 1193 5455 rubro
1225 5400 1408 5455 colore
1440 5400 1507 5457 ad
1543 5398 1834 5455 Octobrem
1882 5400 2077 5472 appin-

2198 5399 2496 5474 Ὦσπεροῦν
2535 5400 2630 5454 καὶ
2661 5400 2769 5453 τῶν
2799 5404 2859 5451 ιε’
2889 5396 2987 5460 τὰς
3011 5394 3104 5449 δύο
3124 5393 3401 5457 τελοῦντες
3432 5393 3770 5465 ἑϐδομάδας,

499 5495 702 5549 ximus.
730 5492 867 5549 Nam
902 5493 1019 5549 sive
1039 5507 1140 5547 ιιιι
1167 5491 1306 5557 dies,
1335 5499 1430 5547 aut
1462 5509 1537 5547 xv
1573 5493 1931 5559 retineamus,
1965 5492 2080 5549 sive

2191 5493 2353 5565 ἡγουν
2379 5493 2480 5557 τὰς
2509 5491 2567 5546 ιδ’
2601 5491 2831 5564 ἡμέρας,
2858 5487 2955 5561 τὴν
2979 5487 3107 5560 μίαν
3134 5486 3241 5541 ἀπδ
3272 5484 3501 5557 σηρικοῦ
3535 5485 3774 5555 διεγρά-

500 5598 594 5638 sex
622 5584 790 5647 solas.
825 5589 908 5638 vel
940 5597 1108 5638 unam
1138 5582 1204 5637 ad
1234 5582 1454 5639 eosdem
1485 5582 1626 5639 duos
1662 5597 1877 5641 menses
1907 5583 2080 5655 appli-

2191 5582 2368 5654 ψαμεν
2401 5582 2460 5637 ἐν
2480 5580 2558 5653 τῷ
2604 5577 2914 5650 Ὀκτωϐρίῳ
2933 5594 2945 5608 ο
2971 5576 3162 5631 ταυτὸν
3192 5575 3296 5647 γάρ
3322 5577 3441 5628 ἐστι
3466 5574 3567 5637 τάς
3597 5591 3660 5629 τι
3692 5580 3780 5644 ιγ’

571 5739 617 5774 ⁷⁸
646 5738 770 5798 Lea.
804 5738 901 5801 τὰς
936 5745 1008 5803 ς’.
