4112 6440
352 404 494 460 1245

1168 407 1226 462 S.
1273 404 1533 461 MAXIM!-
1565 404 1928 460 MARTYRIS
1966 403 2358 462 COMPUTUS
2396 405 2841 463 ECCLESIAST.

3489 409 3626 464 1248

355 523 446 577 καὶ
473 521 573 588 τὰς
613 530 671 577 ιε’
699 524 958 596 τηρῆσαι,
991 523 1098 578 καὶ·
1116 524 1286 597 μόνας
1325 523 1426 589 τὰς
1470 530 1524 590 ς’
1550 526 1644 578 καὶ
1667 525 1766 596 τὴν
1791 532 1861 587 α’.
1885 526 1944 579 ἐν

2051 539 2264 589 cemus,
2291 524 2428 579 nihil
2458 525 2526 580 ad
2562 525 2750 580 feriam
2784 524 3148 596 indagandam
3187 524 3382 589 refert,
3409 525 3628 596 quando

358 619 465 680 τοίς
491 617 672 678 αὐτοῖς
701 616 794 670 δύο
814 616 1113 682 κατατάξαι
1136 618 1272 690 μησὶ
1296 617 1398 688 τῆς
1419 617 1780 689 ἐϐδομαδικῆς
1805 616 1942 688 ἡμέ-

352 726 455 782 ρας
483 710 642 782 χάριν
671 710 977 782 εὑρήσεως·
1008 710 1149 765 κατὰ
1172 711 1274 783 τὴν
1303 711 1731 783 συμπαράληψιν
1757 710 1944 783 δηλον-

353 805 434 858 ότι
459 803 570 857 τῶν
585 804 840 857 ἐπακτῶν
861 803 955 857 τοῦ
982 803 1280 869 ἐνεστῶτος
1299 803 1531 876 ἡλιακοῦ
1553 805 1730 867 ἔτους,
1759 801 1942 857 ὁποῖον

351 897 394 950 3’
424 895 492 951 ἂν
518 897 601 968 εἴη
629 896 690 950 τὺ
719 895 1113 970 ψηφιζόμενον,
1141 899 1251 951 εἴτε
1276 897 1495 969 πρῶτον
1526 897 1635 951 εἴτε
1667 895 1938 970 δεύτερον,

353 989 547 1061 μέχρις
599 989 788 1053 ἁπλῶς
833 989 926 1043 τοῦ
966 989 1249 1062 κη’ἕτους.
1294 990 1351 1044 '0
1388 990 1446 1044 δέ
1495 990 1658 1054 αὐτὸς
1685 992 1779 1043 καὶ
1812 990 1943 1060 περὶ

356 1078 456 1132 τῶν
501 1079 564 1143 δ’,
620 1081 740 1137 καὶ.
768 1081 897 1151 μιᾶς
937 1079 1046 1133 ἀπὸ
1095 1080 1323 1152 σηρικοῦ
1371 1079 1694 1152 προσθετῶν
1719 1079 1942 1151 ἡμερῶν

353 1171 504 1240 λόγος
547 1172 694 1225 ἐστὶν
723 1171 780 1225 ἓν
806 1190 865 1226 τε
905 1172 1158 1244 Μαρτίῳ,
1199 1172 1295 1225 καὶ
1320 1172 1672 1244 Φεϐρουαρίῳ
1701 1172 1795 1224 καὶ¹
1839 1172 1943 1225 Ἰα-

353 1265 586 1335 νουαρίῳ
651 1265 1184 1336 κατατεταγμένων·
1239 1267 1288 1318 εἰ
1343 1266 1438 1318 καὶ
1483 1265 1572 1318 διὰ
1620 1264 1942 1336 προσθήκης

354 1356 574 1428 ἡμερῶν
631 1359 659 1410 ό
719 1358 1089 1429 ὲκδηματικὸς
1105 1359 1151 1390 ⁷³
1204 1357 1385 1411 αὐτῶν
1438 1357 1597 1426 λόγος
1628 1360 1723 1412 καὶ
1761 1351 1942 1412 κανὼν

348 1449 538 1519 γέγονε
573 1451 832 1516 ἐναντίως
878 1455 992 1515 τοῖς
1032 1451 1091 1515 ἐξ
1117 1451 1463 1523 ἀφαιρέσεως
1508 1449 1944 1522 κανονιζομένοις

351 1543 517 1613 μησίν
536 1557 552 1571 ⁸
583 1539 694 1596 οἷον
725 1543 803 1615 τῷ
833 1543 1195 1615 Σεπτεμϐρίῳ
1226 1545 1318 1597 καὶ
1363 1541 1680 1614 Ὀκτωϐρίῳ
1701 1561 1713 1576 ο
1753 1541 1942 1596 καθότι

346 1631 442 1685 τοῦ
496 1631 741 1697 ἐλθόντος
793 1634 1020 1705 ἡλιακοῦ
1065 1634 1218 1699 ἔτους
1267 1636 1464 1687 ἐκεῖνοι
1504 1633 1809 1703 λογίζονται
1851 1634 1945 1686 καὶ

348 1725 507 1777 εἰσίν.
541 1725 616 1778 Οὐ
638 1724 748 1797 γὰρ
780 1725 956 1790 ἄλλως
985 1725 1018 1796 ἢ
1056 1725 1228 1790 οὕτως
1266 1725 1489 1796 ἔμελλον
1538 1724 1603 1779 ἂν
1633 1726 1698 1778 ἐκ
1728 1725 1822 1779 τοῦ
1857 1727 1944 1779 ἐν-

350 1815 605 1878 εστῶτος,
629 1815 797 1886 ἤγουν
823 1815 932 1869 τῶν
967 1815 1133 1869 αὑτοῦ
1170 1815 1429 1869 ἐπακτῶν
1465 1813 1816 1886 ψηφίζεσθαι,
1847 1815 1944 1869 καὶ

348 1905 450 1977 τὴν
492 1905 854 1977 ἐϐδομαδικὴν
901 1907 1118 1979 ἡμέραν
1142 1906 1309 1978 δήλην
1352 1905 1594 1959 ἐθέλουσι
1644 1908 1938 1978 παριστᾷν.

350 1995 636 2052 Λυσιθελεῖ
659 2000 769 2071 γὰρ
798 2001 1016 2063 πάντως
1048 2001 1129 2064 εἰς
1158 1999 1218 2052 τὸ
1249 1999 1348 2070 τὴν
1381 1998 1672 2070 μετάθεσιν
1694 1998 1935 2057 ἀπὺΚυ-

352 2091 570 2162 ριακῆς,
601 2093 695 2145 καὶ
725 2092 792 2162 β’,
825 2093 919 2146 καὶ
951 2092 1160 2165 τρίτης,
1192 2093 1286 2145 καὶ
1318 2091 1428 2144 τῶν
1457 2091 1696 2162 καθεξῆς
1732 2093 1812 2154 εἰς
1843 2091 1942 2162 τὴν

351 2183 518 2254 ἄλλην
563 2183 726 2252 ἁγίαν
763 2184 1054 2256 Κυριακὴν
1101 2182 1435 2255 ποιήσασθαι
1468 2185 1526 2236 ἐν
1553 2183 1632 2254 τῷ
1658 2182 1818 2255 δεξιῷ
1850 2183 1946 2237 καὶ

2047 617 2334 686 praesentis
2365 617 2494 671 anni
2511 617 2646 672 solis
2669 624 2874 686 epactas
2894 617 3057 673 simul
3087 629 3476 674 assumuntur:
3505 618 3628 689 qui-

2049 724 2268 780 cunque
2289 709 2505 764 demum
2532 717 2882 781 computetur
2908 727 3108 776 annus,
3144 712 3376 782 prin-ius,
3418 719 3511 766 aut
3540 728 3628 768 sc-

2048 802 2285 869 cundus,
2319 817 2497 871 usque
2539 802 2607 856 ad
2647 818 2840 856 xxvni.
2891 802 3098 859 Eadem
3137 804 3278 865 ratio
3306 811 3390 860 est
3413 820 3484 865 Iv,
3519 811 3575 859 et
3609 819 3629 860 ι

2046 896 2454 951 rubricatorum
2510 897 2869 966 regularium,
2916 911 3055 966 quos
3101 896 3168 950 ad
3216 895 3493 961 Martium,
3521 893 3628 951 Fe-

2047 988 2331 1043 bruarium
2359 997 2414 1044 et
2452 987 2769 1043 Januarium
2811 987 3170 1058 ascripsimus
3207 1007 3220 1043 :
3252 988 3354 1042 etsi
3383 1004 3480 1057 per
3511 987 3630 1042 die-

2048 1095 2172 1134 rum
2195 1081 2526 1136 additionem
2559 1080 2953 1136 hebdomadica
2984 1080 3228 1149 ipsorum
3266 1081 3407 1133 ratio
3457 1087 3511 1134 et
3540 1095 3630 1134 re-

2045 1173 2179 1244 gula
2196 1182 2433 1235 constat,
2468 1180 2660 1228 contra
2688 1188 2852 1242 quam
2889 1173 3070 1227 evenit
3100 1172 3167 1227 iis
3198 1173 3499 1232 mensibus,
3533 1171 3629 1242 qui

2045 1266 2438 1320 detractionem
2470 1265 2767 1320 admittunt
2793 1283 2807 1332 ;
2835 1265 2998 1320 veluti
3034 1262 3366 1333 Septembri,
3395 1271 3449 1318 et
3468 1261 3631 1318 Octo-

2045 1357 2167 1423 bri;
2195 1358 2453 1425 quoniam
2488 1358 2736 1426 sequenti
2759 1371 2906 1410 anno
2938 1356 3072 1410 solis
3099 1346 3445 1418 tribuuntur,
3475 1362 3530 1409 et
3557 1352 3628 1408 ad

2044 1459 2168 1498 eum
2196 1445 2490 1513 pertinent.
2522 1444 2679 1498 Haud
2708 1445 2853 1500 enim
2885 1445 3046 1499 aliter
3075 1460 3139 1499 ex
3173 1445 3427 1514 praesenti
3459 1459 3624 1509 anno,

2045 1541 2100 1587 et
2129 1536 2250 1604 ejus
2293 1535 2502 1604 epactis
2551 1535 2796 1590 calculus
2826 1536 2952 1589 iniri
2989 1536 3194 1605 potuit,
3231 1547 3290 1590 ut
3326 1537 3627 1591 hebdoma-

2045 1628 2224 1684 dicam
2255 1630 2455 1684 feriam
2479 1631 2884 1700 inquirentibus
2906 1633 3207 1687 exhiberet.
3238 1632 3450 1704 Quippe
3468 1649 3627 1703 pror-

2046 1737 2143 1778 sus
2184 1723 2251 1777 ad
2282 1723 2340 1778 id
2364 1725 2601 1793 expedit,
2635 1731 2694 1777 ut
2719 1725 3005 1779 translatio
3037 1724 3150 1778 ﬁeri
3179 1727 3350 1796 possit
3377 1739 3407 1778 a
3440 1724 3628 1780 Domi-

2047 1815 2194 1880 nica,
2227 1823 2281 1870 et
2313 1816 2556 1872 secunda
2592 1818 2852 1883 tertiave,
2886 1833 2950 1873 ac
2977 1818 3137 1888 180
3167 1819 3524 1888 sequentibus
3556 1817 3630 1876 les

2044 1908 2145 1965 riis
2189 1913 2246 1962 in
2276 1909 2504 1963 alteram
2559 1908 2922 1974 Dominicam,
2969 1913 3025 1964 in
3067 1911 3260 1965 dextro
3308 1926 3372 1966 ac
3402 1911 3627 1968 sinistro

2045 2003 2303 2056 canonio.
2337 2000 2581 2068 QuOrum
2607 2002 2836 2057 alterum
2867 2003 2932 2057 ad
2973 2003 3280 2074 ingressum
3310 2011 3628 2060 sanctorum

2043 2096 2377 2167 ieiuniorum
2400 2137 2415 2162 ,
2453 2095 2569 2151 sive
2606 2094 2963 2166 Carnisprivii
3011 2098 3210 2153 festum
3249 2116 3265 2152 :
3299 2099 3530 2153 alterum
3557 2097 3629 2153 ad

2048 2186 2290 2242 salutare
2315 2185 2528 2242 Pascha
2549 2186 2806 2242 refertur.
2833 2186 3111 2244 Hactenus
3133 2189 3199 2245 de
3222 2191 3517 2246 rubricatis
3541 2205 3629 2245 re-

349 2276 614 2349 εὐωνύμῳ
646 2278 905 2349 κανονίῳ·
942 2278 1004 2331 τὸ
1039 2278 1159 2347 μὲν,
1196 2277 1273 2341 ὡς
1301 2276 1515 2348 εἴρηται
1546 2276 1636 2330 διά
1667 2276 1767 2348 τὴν
1832 2277 1948 2329 εἴσ-

2054 2277 2359 2348 gularibus.
2394 2287 2455 2331 ut
2478 2279 2754 2343 omnibus,
2789 2296 2912 2350 qua:
2969 2296 3179 2337 canone
3206 2283 3314 2338 isto
3335 2284 3628 2338 continen-

357 2368 478 2424 οδον
509 2369 618 2423 τῶν
655 2371 826 2439 ἁγίων
859 2370 1146 2442 νηστειῶν,
1181 2371 1347 2442 ἡγουν
1379 2370 1475 2442 τὴν
1521 2369 1939 2442 ἀποκρεώσιμον

2047 2378 2139 2423 tur
2187 2370 2476 2439 expositis,
2506 2386 2701 2426 eorum
2729 2372 2802 2428 sit
2843 2373 3109 2428 studiosis
3149 2374 3447 2431 lectoribus
3476 2390 3629 2430 com-

349 2461 564 2534 ἑορτὴν,
603 2463 664 2515 τὸ
693 2463 770 2527 δὲ,
801 2462 890 2516 διὰ
935 2463 998 2516 τὸ
1035 2463 1306 2535 σωτήριον
1349 2464 1564 2533 Πάσχα.
1610 2461 1798 2516 Ταῦτα
1847 2463 1943 2516 καὶ

2049 2461 2346 2531 prehensio
2377 2462 2578 2519 facilis.

350 2553 607 2625 περὶτῶν
637 2555 744 2608 ἀπὸ
776 2555 1000 2627 σηρικοῦ
1029 2555 1343 2627 προσθετῶν
1374 2556 1621 2628 ἡμερῶν,
1655 2557 1731 2620 ὡς
1763 2556 1828 2610 ἂν
1853 2556 1942 2610 διὰ
1973 2556 2192 2610 πάντων
2215 2557 2316 2626 τῆς
2353 2557 2494 2611 κατὰ
2522 2558 2642 2612 τόδε
2662 2557 2725 2612 τὸ
2774 2560 3025 2615 κανόνιον
3067 2561 3380 2636 ἐξηγήσεως
3418 2579 3630 2634 τρανω-

350 2647 538 2718 θείσης
581 2649 615 2719 ἡ
671 2647 780 2701 τῶν
818 2649 875 2702 ἐν
906 2649 1056 2720 αὐτῷ
1101 2649 1368 2720 κειμένων
1426 2649 1729 2722 κατάληψις
1781 2649 1938 2721 ῥᾳδία
1968 2641 2193 2722 γένηται
2223 2651 2336 2714 τοῖς
2362 2650 2686 2720 φιλοπόνοις.

420 2764 561 2833 Περὶ
594 2764 712 2817 τῶν
737 2763 1015 2819 ἐπακτῶν
1057 2765 1166 2838 τῆς
1199 2767 1490 2838 σελήνης,
1527 2766 1655 2834 πῶς
1694 2764 1872 2824 αὗται

957 2836 1338 2906 ψηφίζονται.

422 2945 550 3000 ΚΖ’.
572 2945 792 3000 Τούτων
812 2947 870 3000 δὲ
893 2948 1065 3013 οὓτως
1088 2950 1415 3022 εἰρημένων,
1429 2951 1509 3004 δεῖ
1523 2950 1770 3024 περὶτῶν
1793 2953 1849 3005 ἐν
1863 2951 1942 3022 τῷ

352 3037 619 3109 εὐωνύμῳ
649 3039 881 3110 κανονίῳ
907 3041 1257 3111 τεταγμένων
1285 3042 1536 3096 ἐπακτῶν
1575 3043 1673 3114 τῆς
1713 3043 1942 3115 σελήνης

2150 2770 2230 2825 De
2254 2771 2452 2840 epactis
2477 2771 2638 2837 lunw,
2664 2772 3104 2845 quemadmodum
3128 2785 3512 2845 computentur.

2113 2954 2330 3011 XXVII.
2363 2954 2463 3012 His
2504 2957 2935 3027 animadversis,
2962 2960 3030 3016 dc
3074 2962 3282 3031 epactis
3310 2962 3474 3024 lunae.
3505 2976 3630 3034 quin

2046 3048 2101 3103 in
2134 3049 2364 3105 sinistro
2401 3067 2614 3107 canone
2643 3061 2793 3118 sunt,
2829 3069 3012 3110 sermo
3044 3056 3628 3113 rursusinstituendus

351 3129 447 3184 καὶ
474 3125 629 3194 αὖθις
655 3130 1039 3197 ἐπαναλαϐεῖν,
1073 3135 1168 3188 καὶ
1199 3133 1372 3201 δεῖξαι
1406 3135 1524 3198 πῶς
1562 3128 1724 3189 αὗται
1756 3135 1941 3206 ψηφί-

2045 3147 2154 3206 est,
2190 3156 2253 3196 ac
2281 3141 2772 3200 demonstrandum
2795 3146 3069 3217 quomodo
3089 3150 3391 3219 computari
3413 3157 3466 3206 et
3493 3149 3627 3221 ipsa:

352 3222 556 3286 ζονται.
591 3223 712 3294 Χρὴ
743 3224 922 3278 τοίνυν
953 3221 1014 3277 τὸ
1043 3226 1396 3297 ἐνιστάμενον
1430 3227 1530 3296 τῆς
1562 3226 1791 3298 σελήνης
1823 3226 1942 3291 ἔτος

352 3314 841 3370 ἑνδεκαπλασιάσαι
859 3335 872 3348 ·
919 3313 1032 3372 οἷον
1060 3318 1136 3382 ὼς
1165 3320 1258 3372 ἐπὶ
1288 3319 1384 3373 τοῦ
1416 3320 1681 3391 παρόντος
1709 3321 1751 3374 δ’
1777 3321 1870 3373 καὶ
1911 3327 1941 3374 ι’

353 3408 448 3462 καὶ
480 3408 581 3472 τὰς
614 3411 679 3462 ἐκ
702 3407 798 3463 τοῦ
829 3409 1316 3483 πολυπλασιασμυῦ
1339 3413 1708 3484 συναγομένας
1731 3413 1945 3485 ἡμέρας

356 3500 461 3572 ρνδ⁹
513 3501 736 3570 ποιῆσαι
770 3503 922 3575 παρὰ
952 3501 1047 3557 δύο
1082 3503 1317 3575 ἡμέρας,
1347 3504 1436 3558 διὰ
1468 3503 1531 3557 τὸ
1585 3505 1800 3576 πρῶτον
1845 3504 1944 3575 τῆς

352 3591 583 3663 σελήνης
624 3592 743 3658 ἐτος
783 3595 826 3647 θ’
856 3595 1018 3665 μόνον
1049 3596 1294 3659 ἐπακτάς
1319 3595 1465 3667 ἔχειν
1487 3612 1500 3626 °
1539 3597 1633 3650 καὶ
1660 3595 1832 3659 οὕτως
1863 3598 1945 3660 είς

348 3685 442 3737 τὸν
474 3683 539 3749 λ’,
569 3683 655 3738 διὰ
687 3686 815 3748 τοὺς
858 3687 1192 3757 ἐμϐολίμους
1238 3690 1412 3758 μῆνας
1457 3689 1660 3754 ταύτας
1700 3689 1940 3762 μερίσαι.

351 3777 510 3846 Λέγω
555 3777 614 3830 δὲ
655 3778 755 3843 τὰς
805 3779 916 3848 ρνϐ’
946 3780 1168 3844 καὶτὰς
1195 3780 1651 3852 ὑπολειπομένας,
1696 3782 1944 3836 τουτέστι

351 3868 450 3932 τὰς
495 3867 589 3922 δύο
621 3872 857 3942 ἡμέρας,
883 3871 1128 3935 ἐπακτὰς
1159 3872 1303 3944 ἔχειν
1343 3874 1405 3926 τὸ
1428 3875 1528 3946 τῆς
1571 3875 1800 3947 σελήνης
1826 3875 1944 3940 ἔτος

350 3956 708 4030 γινώσκεται·
745 3960 810 4024 ἃς
862 3963 958 4014 καὶ
1007 3962 1495 4035 διαγεγραμμένας
1538 3964 1652 4036 ἔχει
1704 3965 1766 4018 τὸ
1813 3966 1945 4019 αὐτὸ

349 4045 394 4099 δ’
427 4046 519 4100 καὶ
550 4053 578 4099 ι’
606 4047 724 4111 ἔτος
764 4050 822 4100 ἐν
855 4050 991 4120 τῷδε
1020 4051 1098 4121 τῷ
1123 4054 1379 4124 κανονίῳ.
1401 4053 1589 4118 Οὕτως
1615 4051 1707 4109 οὖν
1731 4057 1826 4110 καὶ
1856 4057 1942 4110 ἐπ’

351 4137 514 4191 ἄλλου
573 4138 773 4202 παντὸς
820 4139 972 4205 ἔτους
1029 4143 1261 4214 σελήνης
1319 4147 1584 4218 προσήκει
1620 4151 1814 4201 ποιεῖν.
1840 4143 1946 4203 Αὖ-

349 4247 442 4284 ται
491 4230 548 4284 δὲ
596 4231 835 4285 ἐπακταὶ
861 4235 1068 4306 ἡμέραι
1103 4239 1482 4308 τυγχάνουσιν,
1510 4238 1576 4303 ἃς
1601 4240 1662 4293 τὸ
1703 4239 1822 4304 ἔτος
1846 4241 1945 4311 τῆς

350 4322 582 4394 σελήνης
611 4324 790 4396 πάντη
823 4343 882 4378 τε
912 4328 1007 4380 καὶ
1039 4328 1258 4392 πάντως
1289 4330 1409 4401 ἕχον
1445 4333 1760 4404 εὑρίσκεται
1801 4334 1944 4388 κατὰ

349 4413 450 4484 τὴν
495 4405 762 4486 τρῶκάδα
807 4416 1032 4490 πρώτην
1066 4419 1160 4471 τοῦ
1195 4421 1443 4493 Μαρτίου
1487 4425 1675 4495 μηνός.
1722 4426 1941 4498 Ἐπειδὴ

2046 3228 2300 3285 debeant.
2340 3231 2510 3302 Igitur
2542 3244 2854 3291 currentem
2902 3253 3105 3291 annum
3137 3238 3281 3293 luna:
3313 3255 3411 3309 per
3455 3240 3629 3296 unde-

2045 3321 2151 3374 cim
2179 3323 2546 3394 multiplicare
2584 3335 2802 3396 oportet
2834 3343 2846 3378 :
2874 3336 2933 3381 ut
2966 3330 3199 3400 exempli
3241 3331 3626 3398 causa,‘hunc,

2046 3417 2140 3485 qui
2165 3415 2348 3486 agitur
2375 3417 2540 3472 modo
2569 3435 2681 3472 xw.
2712 3417 2993 3475 Summam
3029 3421 3154 3476 inde
3185 3423 3472 3478 collectam
3502 3424 3626 3481 die—

2043 3519 2166 3558 rum
2218 3505 2630 3572 cuvfduobus
2672 3509 2921 3566 minuere
2959 3527 2971 3562 :
3011 3511 3156 3582 quod
3191 3515 3402 3582 primus
3448 3529 3628 3571 annus

2051 3596 2194 3652 lunae
2225 3614 2281 3654 ix
2305 3599 2685 3655 tantummodo
2715 3609 2938 3671 epactas
2967 3602 3183 3658 haheat.
3217 3603 3412 3660 Postea
3437 3607 3491 3660 in
3517 3624 3627 3663 xxx

2045 3691 2239 3761 partiri
2281 3706 2389 3746 cur
2436 3692 2562 3748 illos
2609 3692 2728 3749 dies
2760 3703 2985 3764 propter
3017 3694 3343 3752 embolimos
3384 3711 3624 3755 menses.

2045 3778 2339 3851 Reliquum
2368 3788 2454 3836 est
2484 3781 2736 3847 biduum,
2763 3797 2885 3852 qua;
2904 3782 3034 3837 anni
3057 3783 3218 3838 istius
3239 3791 3445 3854 epactas
3471 3790 3624 3847 sunt,

2045 3882 2101 3929 et
2123 3872 2190 3926 ad
2219 3873 2469 3928 eumdem
2487 3888 2691 3927 annum
2715 3873 2859 3928 lunae
2878 3890 2972 3928 xiv
3000 3874 3056 3927 in
3073 3889 3286 3930 canone
3312 3875 3623 3945 descripta.

2045 3965 2189 4021 Idem
2224 3967 2278 4019 in
2303 3966 2518 4022 caeteris
2553 3966 2811 4021 omnibus
2840 3967 3002 4022 annis
3031 3967 3174 4022 luna:
3205 3965 3389 4022 facere
3429 3983 3628 4023 conve-

2045 4060 2148 4116 nit.
2181 4057 2356 4113 Porro
2387 4063 2595 4128 epactas
2617 4057 2735 4111 ista:
2754 4055 2871 4111 dies
2901 4065 3050 4122 sunt,
3080 4073 3220 4128 quos
3248 4075 3452 4114 annum
3484 4059 3628 4117 lunae

2046 4165 2279 4223 prorsus
2329 4149 2533 4204 habere
2585 4149 2976 4218 cognoscimus
3004 4149 3060 4204 in
3104 4150 3193 4204 die
3241 4149 3422 4203 Martii
3469 4165 3622 4206 xxiii.

2047 4243 2200 4310 Quos
2229 4241 2450 4311 quidem
2480 4240 2624 4296 scire
2662 4241 2913 4304 interest,
2947 4249 3008 4296 ut
3045 4249 3269 4312 quotum
3306 4243 3449 4297 luna:
3479 4242 3624 4314 diem

2048 4335 2106 4389 in
2137 4335 2384 4405 quolibet
2401 4333 2673 4388 mensium
2699 4333 2992 4389 duodecim
3028 4341 3369 4405 computare,
3393 4341 3448 4390 et
3476 4334 3628 4390 inve-

2050 4427 2254 4497 stigare
2275 4425 2570 4496 possimus.

349 4503 554 4571 ταύτας
590 4507 678 4560 ἀεὶ
701 4507 819 4562 δέον
875 4509 1023 4562 ἐστὶν
1072 4509 1270 4566 εἰδέναι
1332 4515 1497 4569 πόσαι
1544 4517 1874 4588 τυγχάνουσι
1916 4537 1929 4549 ·
1963 4517 2301 4573 λυσιτελοῢσι
2347 4518 2455 4590 γὰρ
2504 4520 2586 4584 εἰς
2634 4518 2694 4573 τὸ
2735 4520 2834 4592 τὴν
2875 4520 3139 4575 ποσταίαν
3177 4518 3280 4591 τῆς
3306 4519 3535 4590 σελήνης
3567 4519 3627 4573 ἐν

351 4594 564 4669 ἑκάστῳ
592 4597 701 4653 τῶν
737 4598 1060 4655 δυοκαίδεκα
1085 4602 1270 4674 μηνῶν
1296 4603 1632 4676 ψηφίζεσθαι
1665 4609 1761 4662 καὶ
1789 4609 2165 4682 εὑρίσκεσθαι.

423 4714 556 4788 Πῶς
582 4715 653 4770 ἐν
681 4716 916 4784 ἑκάστῳ
948 4719 1097 4802 gyri
1130 4720 1243 4790 τῆος
1271 4722 1542 4792 σελήνης
1569 4727 1873 4782 ποστ-αἶαν

2085 4729 2360 4798 Quomodo
2391 4730 2448 4784 in
2476 4747 2786 4802 unoquoque
2818 4747 2993 4786 mense
3031 4732 3172 4787 luna:
3192 4739 3411 4802 quotam
3451 4728 3590 4785 diem

954 4791 1341 4862 εὑρίσκομενδ

417 4903 552 4956 xm.
574 4897 699 4972 Οἷον
723 4903 823 4976 τὰς
853 4904 960 4972 ἀπὸ
979 4904 1080 4976 τῆς
1109 4905 1625 4980 πρώτηςἋπριλίου
1655 4910 1816 4984 μέχρι
1835 4911 1937 4984 τῆς

348 4995 694 5067 ζητουμένης
736 4997 795 5049 ἐν
833 4997 1131 5069 οίῳδήποτε
1176 4999 1308 5071 μηνὶ
1351 4999 1643 5073 Ῥωμαῖκῷ
1670 5003 1936 5068 ποσταίας

347 5088 566 5160 ἡμέρας
616 5087 960 5159 ἀθροίζομεν.
994 5089 1106 5142 Καὶ
1158 5090 1364 5165 ταύτας
1414 5093 1779 5166 ἐπιϐάλλομεν
1834 5094 1936 5159 τὰς

344 5179 645 5250 εἰρημένας
674 5179 776 5248 τῆς
804 5179 1032 5251 σελήνης
1079 5183 1342 5245 ἐπακτάς·
1374 5183 1444 5258 ᾃς
1495 5184 1722 5260 ἔχουσα,
1754 5185 1936 5251 καθὼς

346 5269 508 5342 ἔφην,
531 5271 844 5349 εὑρίσκεται
872 5273 1012 5326 κατὰ
1038 5272 1136 5345 τὴν
1164 5276 1461 5348 είρημένην
1488 5279 1754 5350 τριακάδα
1786 5279 1935 5352 πρώ-

347 5379 449 5432 την
484 5360 580 5429 τοῦ
630 5362 878 5433 Μαρτίου
921 5362 1107 5434 μηνός.
1153 5365 1263 5418 Καὶ
1295 5368 1376 5439 εἰς
1403 5367 1501 5432 τὰς
1526 5368 1610 5421 κθ⁹
1635 5370 1806 5440 ἥμισυ
1834 5369 1935 5433 τὰς

2679 4804 2991 4872 reperimus.

2047 4892 2358 4969 "xxvm.
2394 4912 2520 4968 Dies
2566 4928 2779 4977 omnes,
2817 4913 2910 4981 qui
2947 4928 2978 4967 a
3026 4913 3288 4969 Kalendis
3321 4914 3522 4985 Aprilis
3547 4915 3624 4971 ad

2043 5005 2194 5062 diem
2228 5006 2766 5076 mensislcujuslibet
2803 5004 3038 5060 Romani
3081 5005 3377 5072 ﬂuxerunt,
3412 5007 3626 5078 colligi-

2044 5114 2200 5153 mus.
2230 5097 2328 5154 His
2364 5107 2587 5170 epactas
2611 5099 2774 5166 lunae,
2805 5098 2873 5154 de
2901 5100 3104 5169 quibus
3126 5099 3332 5154 dictum
3359 5106 3465 5162 est,
3485 5100 3623 5167 adji-

2042 5192 2247 5255 cimus,
2299 5207 2665 5262 quascunque
2693 5192 2783 5248 die
2825 5191 3008 5246 Martii
3043 5208 3173 5248 xxxi
3209 5194 3398 5249 sortita
3435 5193 3619 5249 fuerit.

2044 5282 2329 5338 Summam
2351 5300 2448 5355 per
2464 5301 2595 5340 χχιχ
2625 5285 2730 5356 1/2
2753 5285 3346 5358 partimur;reliquum
3376 5294 3460 5344 est
3490 5296 3622 5340 mlas

2043 5375 2211 5431 lunae.
2250 5373 2379 5432 Haec
2409 5376 2476 5431 de
2508 5377 2658 5435 luna:
2686 5386 3002 5450 epactarum
3041 5378 3318 5447 methodo,
3349 5387 3402 5435 et
3435 5379 3623 5435 invene

345 5453 476 5533 ὅλας
515 5453 842 5525 μερίζομενο
879 5455 975 5508 καὶ
1014 5453 1115 5519 τὰς
1159 5457 1538 5528 άπομενούσας
1572 5459 1800 5531 ἔχουσαν
1832 5460 1932 5533 τὴν

2045 5468 2191 5526 tione
2228 5469 2374 5526 dicta
2406 5469 2538 5526 sint.

350 5543 584 5617 σελήνην
632 5547 992 5618 γινώσκομεν.
1027 5550 1214 5606 Ταῦτα
1259 5551 1354 5611 καὶ
1386 5551 1517 5624 περὶ
1553 5552 1653 5624 τῆς
1694 5553 1803 5609 τῶν
1834 5555 1930 5607 ἐπ-

348 5636 533 5699 εικτῶν
568 5637 668 5708 τῆς
700 5638 930 5710 σελήνης
965 5642 1186 5711 μεθόδου
1215 5661 1274 5696 τε
1304 5645 1397 5699 καὶ
1426 5643 1714 5714 εὑρέσεως.

445 5795 490 5828 '9
586 5796 958 5867 ἑϐδομαδικός.
