4112 6440
541 381 675 438 ΙΞιΓΙ

613 498 684 548 lie
711 500 910 563 epactas
939 491 1092 554 solis,
1117 487 1380 560 quomodo
1412 499 1459 543 et
1495 490 1624 559 ipsa
1654 497 2041 558 computentur.

613 675 804 731 XXIX.
837 674 1190 745 Explicanda:
1211 683 1340 728 sunt
1369 672 1629 741 deinceps
1650 680 1854 742 epactas
1884 672 2114 735 solares,

538 785 603 824 ac
635 764 1096 836 quemadmodum
1136 764 1469 834 investigare
1495 779 1589 818 eas
1626 770 1898 832 oporteat.
1931 763 2119 830 Itaque

539 859 822 931 proposito
856 871 1001 910 anno
1033 855 1165 910 solis
1214 855 1480 924 quolibet,
1521 863 1581 907 ut
1617 854 1719 907 hoc
1755 854 1876 921 ipso
1905 868 2116 910 xxvtn:

539 952 783 1014 totidem,
817 962 926 1004 una
977 947 1232 1018 dempta,
1283 945 1636 1000 numeranda:
1677 953 1807 1000 sunt
1845 944 1985 1008 dies,
2015 943 2119 997 hoc

535 1055 620 1101 est
647 1041 1188 1107 xxvn.Quadrantes
1229 1047 1434 1103 autem,
1483 1038 1636 1092 nullo
1684 1037 1954 1096 detracto.
1985 1045 2119 1108 quot

537 1147 766 1190 summa:
791 1133 891 1186 toti
913 1137 1252 1201 competunt,
1273 1127 1620 1194 assumendi;
1643 1135 1774 1197 puta
1791 1143 1961 1180 xxvnt
1985 1142 2120 1196 qua.-

535 1228 822 1285 drifariam
841 1227 1056 1294 divisis,
1088 1228 1225 1282 liunt
1249 1227 1436 1296 utique
1459 1225 1576 1282 dies
1600 1241 1674 1279 vu
1700 1225 1934 1295 ;quibus
1965 1225 2118 1279 addi-

533 1324 626 1382 tis.
662 1335 934 1376 summam
996 1335 1160 1374 xxxrv
1187 1319 1399 1374 dierum
1433 1334 1529 1385 per
1559 1333 1636 1371 vn
1674 1317 1857 1372 divide
1897 1324 2120 1387 propter

535 1412 931 1467 hebdomadas.
963 1411 1286 1474 Residuum,
1307 1412 1407 1465 hoc
1429 1418 1515 1464 est
1536 1426 1589 1464 vr
1611 1409 1752 1473 dies,
1781 1424 1881 1480 pro
1913 1409 2118 1478 epactis

533 1507 808 1560 obtinebit
838 1505 928 1560 hic
954 1520 1132 1560 annus
1158 1520 1515 1576 xxvm,_quas
1537 1503 1604 1558 ad
1634 1503 1888 1558 eumdem
1914 1517 2116 1556 annum

537 1600 824 1668 posuimus
857 1598 913 1652 in
946 1613 1157 1652 canone
1191 1617 1204 1651 ι
1237 1604 1298 1651 ut
1351 1597 1421 1651 ad
1455 1607 1690 1650 caeteros
1744 1609 1868 1666 qua:
1918 1595 2119 1665 cuique

536 1689 942 1758 competebant.
974 1688 1118 1742 Idem
1153 1687 1238 1742 fac
1272 1688 1326 1742 in
1355 1687 1463 1742 alio
1493 1685 1689 1757 quovis
1720 1700 1888 1752 anno,
1917 1691 1976 1740 ut
1996 1685 2117 1755 ejus

536 1788 760 1851 epactas
781 1795 1099 1850 assequare.

575 1983 852 2050 Quomodo
887 1983 1137 2054 wquales,
1175 1993 1265 2036 aut
1288 1984 1590 2038 excedente:
1619 1985 1838 2039 invicem
1866 1995 2083 2054 epactas

1005 2055 1229 2108 habeant
1252 2055 1378 2107 anni
1411 2053 1634 2109 salares.

611 2169 778 2225 XXX.
808 2171 998 2224 Annus
1030 2171 1210 2225 omnis
1237 2170 1440 2225 solaris
1471 2169 1612 2225 diem
1642 2187 1767 2226 cum
1813 2174 2118 2242 quadrante

540 2280 641 2334 pro
668 2264 877 2334 epactis
912 2263 1191 2332 relinquit.
1222 2265 1354 2331 Qum
1386 2265 1518 2318 nihil
1543 2264 1689 2318 aliud
1723 2274 1856 2320 sunt
1889 2266 2117 2319 omnino

543 2362 739 2424 praeter
762 2355 906 2409 diem
942 2355 1094 2408 illum
1129 2371 1254 2408 cum
1286 2355 1615 2426 quadrante,
1635 2355 1729 2424 qui
1758 2362 1880 2425 post
1912 2355 2111 2408 hebdo-

543 2447 733 2502 madas
780 2461 857 2500 LI!
907 2447 1151 2516 integras
1196 2446 1263 2500 de
1298 2460 1502 2500 cccuv
1541 2446 1642 2516 1/4
1683 2455 1978 2516 superest:
2019 2446 2117 2502 sed

541 2537 703 2601 duos,
734 2537 820 2592 vel
854 2545 989 2603 tres,
1041 2537 1127 2591 vel
1177 2545 1437 2607 quatuor,
1480 2547 1532 2592 et
1582 2537 1649 2592 ad
1691 2545 1899 2608 septem
1943 2554 2119 2607 usque

544 2629 746 2683 habere
771 2629 996 2694 dicitur,
1038 2629 1183 2699 quod
1223 2628 1367 2685 diem
1402 2631 1554 2684 illum
1585 2640 1638 2684 et
1665 2631 1768 2701 4/2
1805 2631 1873 2686 ad
1905 2647 1964 2687 se
1992 2648 2118 2686 mu-

545 2730 637 2776 tuo
659 2721 1061 2785 transmittant,
1098 2731 1153 2776 et
1185 2730 1512 2792 augeantur.
1553 2722 1688 2776 Nam
1736 2723 1802 2777 ad
1848 2724 2117 2795 integram

543 2809 964 2875 hebdomadam,
1007 2821 1372 2882 septenosque
1409 2813 1527 2868 dies
1555 2812 1750 2867 ordine
1774 2816 1832 2867 ﬁt
1864 2830 2119 2885 progres-

545 2903 648 2957 sio.
699 2899 854 2957 Unde
881 2919 1078 2958 rursus
1125 2903 1192 2957 ad
1228 2903 1446 2958 initium
1484 2903 1718 2958 reditur.
1749 2903 1883 2958 Cum
1933 2912 2118 2959 autem

547 2994 819 3050 bisextilis
849 2985 1030 3050 annus
1053 3004 1160 3059 est,
1194 3004 1358 3066 atque
1380 3011 1446 3050 ex
1471 2995 1816 3066 quadriennii
1845 2997 2119 3066 quadran-

544 3087 693 3142 tibus
736 3087 856 3142 dies
901 3103 1010 3142 una
1042 3088 1342 3158 colligitur,
1371 3104 1434 3143 ea
1478 3087 1806 3153 accedente,
1839 3090 2118 3158 sequentis

1561 375 1652 428 AD
1691 373 1961 429 EUSEBII
1997 373 2395 432 Cll‘BONICON
2434 378 2799 438 APPENDIX.

3657 391 3678 444 1
3689 390 3798 445 248

2144 492 2191 550 Α
2217 492 2358 558 Περί
2413 493 2532 546 τῶν
2571 495 2846 550 ἐπακτῶν
2885 498 2990 552 τοῦ
3047 498 3249 566 ἡλίου,
3293 498 3422 566 πῶς
3473 501 3571 555 καί
3621 500 3800 558 αὗται

2819 567 3194 637 ψηφίζονται.

2289 671 2416 724 ΚΘ.
2453 675 2544 725 Δεῖ
2557 674 2611 726 δὲ
2625 677 2718 728 καὶ
2731 676 2975 748 περὶτῶν
2993 677 3229 748 ἡλιακῶν
3244 680 3500 732 ὲπακτῶν
3511 683 3798 755 γνωρίσαι,

2218 761 2336 826 πῶς
2352 763 2447 817 καὶ
2458 765 2658 830 ταύτας
2675 769 2791 820 ὲστί
2807 770 3151 824 καταλαῦεῖν.
3172 771 3290 842 Χρὴ
3304 772 3481 826 τοίνυν
3493 773 3570 844 τῷ
3585 777 3801 831 ἐνιστα-

2222 855 2368 926 μένῳ
2417 857 2629 928 ήλιακῷ
2671 858 2800 925 ἔτει,
2832 861 2962 931 φέρε
2993 864 3163 916 εἰπεῖν
3191 863 3266 926 ὡς
3294 864 3384 916 ἐπὶ
3410 865 3502 918 τοῦ
3533 868 3800 938 παρόντος

2220 954 2304 1018 κη’
2352 947 2527 1015 ἔτους,
2577 952 2897 1022 ἰσαρίθμους
2947 954 3096 1024 αὐτῷ
3134 960 3355 1025 κρατεῖν
3390 958 3602 1029 ἡμέρας
3648 961 3804 1034 παρά

2222 1040 2353 1110 μίαν
2392 1041 2560 1112 μόνην
2588 1043 2825 1115 ἡμέραν,
2859 1046 3139 1099 τουτέστιν
3164 1047 3244 1112 κζ’
3269 1048 3504 1120 ήμέρας,
3537 1051 3804 1122 ἰσάριθμα

2219 1130 2277 1184 δὲ
2310 1131 2546 1203 τέταρτα
2604 1135 2733 1206 παρ’
2763 1136 2883 1190 οὐδὲ
2933 1136 2990 1189 ἓν
3035 1138 3292 1210 τέταρτον
3322 1137 3477 1205 αὖθις
3509 1159 3806 1214 συμπαρα-

2220 1222 2533 1294 λαμϐάνειν·
2575 1228 2853 1282 τουτέστιν
2882 1237 2988 1300 κη’,
3015 1230 3106 1294 ὅδ’,
3135 1231 3276 1303 ἅπερ
3307 1231 3550 1286 ποιοῦσιν
3585 1234 3806 1304 ἡμέρας

2219 1317 2504 1388 προδήλως
2548 1319 2718 1373 ὲπτά·
2754 1321 2847 1374 καὶ
2879 1321 3052 1384 οὕτως
3080 1322 3180 1385 τὰς
3207 1324 3355 1387 ὅλας,
3381 1325 3548 1394 ήγουν
3584 1324 3682 1388 τάς
3726 1324 3804 1378 λδ¹

2223 1407 2466 1478 μερίζειν
2499 1411 2579 1472 εἰς
2603 1409 2700 1480 τὴν
2728 1410 2772 1476 ζ’
2814 1411 2902 1465 διὰ
2927 1412 3027 1476 τὰς
3045 1413 3364 1485 ἑϐδομάδας.
3393 1416 3503 1468 Καὶ
3531 1414 3628 1478 τὰς
3663 1416 3805 1468 ὑπο-

2219 1497 2458 1562 λοίπους,
2489 1501 2733 1554 τουτέστι
2755 1502 2854 1566 τὰς
2882 1511 2934 1568 ς’
2961 1505 3196 1575 ἡμέρας,
3219 1507 3463 1570 ὲπακτάς
3487 1507 3606 1578 ἕχον
3633 1507 3806 1575 γινώ-

2221 1605 2411 1642 σκεται
2451 1589 2512 1642 τὸ
2557 1591 2690 1644 αὐτὸ
2729 1599 2812 1663 κη’
2843 1593 2991 1657 ἔτος·
3021 1594 3084 1658 ἃς
3108 1599 3165 1648 ὲν
3199 1596 3346 1668 αὑτῷ
3379 1597 3473 1650 καὶ
3500 1598 3804 1670 διεγράψα-

2221 1699 2322 1753 μεν
2367 1683 2426 1736 ὲν
2465 1683 2601 1754 τῷδε
2640 1685 2719 1755 τῷ
2752 1685 2998 1758 κανονίῳ,
3024 1687 3167 1741 καθά
3200 1689 3426 1754 καὶτοῖς
3463 1690 3667 1754 λοιποῖς
3696 1692 3805 1755 τὰς

2223 1776 2587 1847 προσφόρους.
2627 1776 2812 1842 Οὕτως
2845 1774 2936 1831 οὖν
2987 1780 3079 1833 καὶ
3115 1780 3200 1832 ἐπ’
3241 1781 3400 1834 ἄλλου
3445 1783 3643 1846 παντός
3683 1786 3806 1837 ἐστι

2221 1871 2396 1921 ποιεῖν
2419 1871 2499 1934 εἰς
2527 1870 2747 1942 εὕρεσιν
2778 1871 2887 1926 τῶν
2916 1872 3081 1926 αὐτοῦ
3103 1873 3378 1926 ὲπακτῶν.

2216 1979 2353 2047 Πῶς
2401 1981 2499 2035 καί
2547 1982 2706 2047 ἴσας,
2743 1983 2840 2036 καὶ
2888 1985 3164 2052 περιττὰς
3219 1983 3508 2051 ἀλλήλων
3535 1985 3810 2051 ἐπἀκτὰς

2593 2053 2809 2122 ἔχουσι
2838 2056 2910 2108 τὰ
2937 2055 3042 2108 τοῦ
3082 2055 3262 2122 ὴλίου
3294 2055 3420 2122 ἐτη.

2289 2165 2366 2218 Λ’.
2399 2164 2668 2219 Ἐκαστον
2704 2167 2807 2237 μὲν
2847 2167 2956 2238 γὰρ
2987 2167 3104 2232 ἔτος
3136 2169 3286 2239 ήλίου
3318 2168 3447 2239 μίαν
3476 2169 3734 2238 τέταρτον
3753 2170 3807 2200 ⁸⁹

2218 2257 2481 2328 κέκτηται
2508 2259 2772 2330 ἑπακτὴν,
2802 2261 2902 2313 οὐκ
2933 2249 3100 2330 ἀλλην
3123 2257 3288 2314 οὖσαν
3309 2262 3368 2314 τὸ
3404 2261 3619 2314 σύνολον
3643 2262 3675 2332 ἢ
3700 2261 3809 2330 τὴν

2219 2349 2358 2419 μετὰ
2389 2350 2489 2414 τὰς
2533 2351 2612 2422 νβ’
2650 2352 2951 2423 ἑϐδομάδας
2980 2351 3402 2424 περιττεύουσαν
3436 2355 3498 2405 ἐκ
3529 2352 3636 2405 τῶν
3669 2351 3808 2417 τξέ,

2214 2437 2256 2492 δ’
2281 2439 2534 2512 ἡμερῶν·
2574 2441 2667 2494 δύο
2693 2443 2769 2507 δὲ,
2808 2444 2903 2496 καί
2933 2450 3003 2511 γ’,
3041 2443 3136 2497 καὶ
3167 2443 3228 2506 δ’,
3250 2444 3344 2497 καὶ
3381 2443 3570 2516 μέχρις
3613 2443 3808 2507 ἁπλῶς

2214 2528 2325 2583 τῶν
2355 2531 2399 2596 ζ’
2425 2531 2642 2600 λέγεται
2692 2533 2836 2605 ἔχειν
2873 2534 2962 2588 διὰ
2991 2535 3090 2606 τὴν
3124 2535 3182 2602 ἐξ
3213 2535 3456 2607 ἀλλήλων
3487 2537 3568 2598 εἰς
3597 2535 3810 2604 ἄλληλα

2217 2620 2510 2694 γινομένην
2532 2623 2734 2694 ταύτης
2765 2624 2822 2677 δὲ
2850 2625 2949 2694 τῆς
2980 2626 3110 2695 μιᾶς
3137 2624 3395 2696 τέταρτον
3421 2626 3809 2697 παραπομπήν

2215 2734 2277 2770 τε
2310 2717 2403 2770 καί⁵
2435 2716 2682 2789 αὔξησιν.
2715 2720 2861 2783 Ἕως
2891 2719 3132 2791 γὰρ’τῆς
3156 2720 3520 2790 ἑϐδομαδικῆς
3547 2720 3806 2791 συμπλη-

2225 2807 2463 2880 ρώσεως,
2491 2810 2658 2880 ήγουν
2687 2811 2793 2864 τῶν
2835 2811 2878 2875 ζ’
2920 2811 3164 2882 ήμερῶν,
3199 2811 3320 2865 καθ’
3358 2812 3550 2883 εἰρμδν
3589 2813 3648 2865 ἐν
3690 2813 3808 2875 τοὶς

2218 2900 2392 2953 ἐτεσιν
2423 2901 2762 2973 αὐξανομένη
2786 2903 2943 2957 πάλιν
2968 2903 3291 2976 ἀπάρχεται.
3316 2903 3519 2957 Καθότι
3545 2903 3602 2956 δὲ
3632 2900 3809 2973 βίσεξ-

2217 2993 2308 3046 τόν
2355 2996 2470 3047 ἐστι
2493 3034 2508 3058 ,
2539 2995 2631 3048 καὶ
2687 2997 2750 3048 ὲκ
2789 2995 2900 3048 τῶν
2951 2997 3228 3066 τετάρτων
3257 2996 3355 3067 τῆς
3383 2995 3807 3066 τετραετηρίδος

2219 3087 2570 3159 ἀθροισθεῖσα
2618 3088 2714 3159 μία
2759 3089 2962 3161 ἡμέρα,
3014 3089 3137 3141 κατ’
3193 3087 3542 3158 ἐπίκλησιν⁸¹
3596 3087 3807 3157 ταύτης

546 3175 940 3229 incrementum
969 3176 1099 3229 anni
1142 3193 1251 3230 uno
1283 3177 1371 3231 die
1403 3177 1461 3230 tit
1487 3177 1689 3247 majus.
1721 3177 1858 3232 Nam
1887 3195 1988 3249 pro
2011 3195 2118 3234 uno

2224 3180 2451 3250 περιττή
2493 3198 2608 3244 πως
2637 3181 2670 3251 ἡ
2700 3179 2811 3234 τῶν
2843 3180 3098 3234 ὲπακτῶν
3119 3179 3214 3233 τοῦ
3243 3179 3621 3250 διαδεχομένου
3652 3179 3810 3242 ἔτους

545 3263 770 3319 biduum
797 3265 995 3336 accipit
1031 3286 1044 3320 :
1080 3267 1225 3336 quod
1265 3267 1319 3320 in
1352 3282 1499 3322 anno
1541 3267 1661 3338 ipso
1702 3285 1869 3323 xxvnl
1897 3285 2122 3326 cernere

545 3359 690 3412 licet.
709 3356 919 3428 Quippe
944 3358 1272 3413 antecedens
1291 3359 1468 3429 ipsum
1493 3375 1694 3426 annus,
1726 3361 1830 3416 hoc
1845 3371 1928 3416 est
1952 3379 2118 3422 xxvn,

552 3457 793 3521 quatuor
815 3451 1082 3506 duntaxat
1115 3451 1315 3518 habet;
1353 3460 1410 3505 at
1453 3451 1543 3506 ille
1571 3462 1793 3524 propter
1819 3454 1925 3509 diei
1958 3456 2121 3511 unius

546 3542 917 3598 accessionem
945 3559 1043 3597 sex
1080 3543 1180 3598 sibi
1213 3543 1473 3599 vindicat.
1499 3543 1654 3600 Unde
1688 3561 1863 3616 neque
1893 3547 1947 3600 in
1970 3563 2120 3601 eam-

545 3635 668 3689 dem
710 3634 901 3688 fet’iam
934 3649 1116 3690 annus
1163 3635 1255 3691 ille
1288 3653 1437 3691 xxvu
1471 3637 1668 3702 desiit,
1710 3653 1741 3692 a
1768 3654 1876 3708 qua
1907 3639 2121 3694 initium

548 3725 758 3780 habuit.
784 3724 919 3779 Nam
949 3725 995 3781 si
1024 3726 1141 3782 dies
1169 3734 1382 3781 tantum
1407 3729 1628 3785 haberet
1649 3745 1870 3795 cccuv,
1891 3731 1944 3784 in
1974 3746 2126 3786 eam-

548 3817 670 3873 dem
703 3817 999 3886 desineret,
1033 3835 1064 3873 a
1095 3837 1204 3890 qua
1247 3830 1491 3892 cmperat
1527 3843 1539 3877 :
1576 3824 1723 3878 velut
1770 3839 1802 3878 a
1845 3825 2124 3879 Dominica

549 3911 606 3964 in
639 3907 1002 3974 Dominicam,
1062 3921 1156 3968 aut
1193 3929 1223 3967 a
1249 3915 1489 3970 secunda
1538 3915 1673 3970 feria
1719 3917 1771 3970 in
1804 3917 2122 3971 secundam.

550 4001 659 4058 Sed
698 4005 955 4073 quoniam
975 4005 1169 4060 diebus
1200 4014 1681 4072 constatcccrxvt,
1715 4009 1834 4064 ideo
1859 4009 1911 4062 in
1945 4019 2126 4079 poste-

549 4097 748 4150 riorem
783 4111 868 4160 ea,
911 4096 1056 4150 unde
1104 4097 1292 4166 cmpit,
1324 4095 1520 4151 feriam
1577 4096 1798 4152 desinit.
1831 4097 1944 4153 Hoc
1971 4107 2056 4153 est
2095 4113 2124 4151 a

553 4187 833 4242 Ilominica
864 4188 919 4240 in
963 4187 1155 4241 feriam
1209 4188 1527 4248 secundam.
1556 4191 1639 4244 vel
1674 4190 1743 4244 ab
1787 4189 1974 4243 hacin
2021 4201 2128 4243 ter-

550 4281 713 4345 tiam,
749 4289 803 4334 et
849 4281 922 4334 ita
957 4281 1237 4351 deinceps.
1284 4281 1366 4336 01)
1418 4283 1558 4337 hanc
1618 4298 1840 4336 causam
1881 4284 2128 4339 tenendae

551 4380 681 4426 sunt
705 4373 836 4427 solis
857 4381 1084 4443 epactw,
1110 4382 1164 4428 et
1198 4375 1322 4440 hoc,
1354 4390 1464 4444 quo
1490 4374 1695 4430 dictum
1718 4383 1824 4442 est,
1858 4378 2020 4432 modo
2037 4395 2131 4448 pu-

2221 3270 2524 3341 ἐπαύξησις
2553 3271 2787 3340 γίνεται,
2815 3272 2907 3325 δύο
2940 3273 3154 3344 ἡμέρας
3194 3271 3314 3326 ἀντὶ
3358 3272 3484 3342 μιᾶς
3519 3270 3808 3342 προσλαμ-

2223 3363 2478 3428 ϐάνοντος
2497 3381 2509 3394 ·
2542 3364 2618 3428 ὡς
2643 3363 2790 3418 ἔστιν
2835 3365 2962 3419 ἰδεῖν
2999 3365 3086 3418 ἐπ’
3113 3363 3278 3418 αὐτοῦ
3307 3363 3403 3416 τοῦ
3438 3362 3804 3436 προκειμένου

2223 3464 2330 3524 κη’.
2366 3456 2649 3528 Τέσσαρας
2687 3457 2797 3528 γὰρ
2825 3456 3038 3527 ἔχοντος
3066 3455 3161 3509 τοῦ
3200 3455 3306 3526 πρὸ
3339 3454 3524 3519 αὑτοῦ,
3556 3455 3806 3508 τουτέστι

2222 3545 2316 3599 τοῦ
2341 3546 2440 3612 κζ’,
2469 3547 2526 3614 ἒξ
2555 3547 2713 3602 τοῦτο
2739 3549 2827 3603 διὰ
2855 3548 2953 3620 τὴν
2976 3547 3163 3602 ἐκτῶν
3190 3547 3462 3620 τετάρτων
3501 3547 3808 3619 ἀθροισθεῖ-

2226 3655 2322 3692 σαν
2349 3639 2563 3712 ἡμέραν
2587 3641 2871 3711 ἐκτήσατο.
2904 3641 3063 3695 Ὅθεν
3095 3640 3213 3694 οὐδὲ
3237 3641 3317 3704 εἰς
3346 3640 3444 3710 τὴν
3472 3639 3640 3708 αὐτὴν
3664 3640 3807 3710 ήμές

2227 3745 2347 3798 ραν,
2379 3729 2437 3795 ἐξ
2473 3724 2541 3800 ἦς
2589 3730 2890 3801 ἀπήρξατο,
2937 3730 3030 3783 καί
3076 3728 3340 3801 κατέληξε
3381 3729 3443 3783 τὸ
3486 3728 3690 3799 λεχθὲν-
3722 3729 3805 3793 κζ’

2226 3817 2362 3882 ἔτος.
2420 3819 2634 3892 Ἐπειδὴ
2664 3820 2753 3873 διὰ
2801 3822 2898 3892 μὲν
2942 3821 3050 3874 τῶν
3075 3821 3179 3886 τξε¹
3208 3823 3287 3884 εἰς
3317 3820 3415 3893 τὴν
3447 3819 3506 3886 ἐξ
3531 3817 3599 3893 ἦς
3622 3823 3810 3894 ἀπήρ-

2228 3907 2354 3974 ξατο
2385 3911 2680 3982 καταλήγει
2707 3913 2922 3976 πάντως
2941 3929 2954 3943 ⁸
2993 3907 3103 3966 οἷον
3134 3913 3240 3966 ἀπὸ
3271 3913 3559 3983 Κυριακῆς
3581 3916 3664 3978 είς
3691 3914 3810 3967 Κυ-

2228 3999 2452 4070 ριακὴν,
2485 3999 2516 4070 ἦ
2548 4000 2804 4072 δευτέρας
2831 4003 2909 4066 εἰς
2929 4001 3211 4072 δευτέραν.
3245 4000 3342 4053 Διὰ
3363 4001 3420 4055 δὲ
3440 4001 3548 4054 τῶν
3572 4002 3697 4066 τξς¹
3723 4003 3812 4064 εἰς

2227 4088 2324 4158 τὴν
2379 4090 2518 4160 μετά
2553 4090 2650 4162 τὴν
2696 4092 2789 4161 ἀφ’
2827 4088 2895 4164 ἧς
2930 4092 3141 4164 ἡμέραν
3181 4092 3491 4164 ἀπήρξατο·
3520 4091 3810 4146 τουτέστιν

2229 4183 2336 4236 ἀπὸ
2367 4184 2649 4256 Κυριακῆς
2666 4187 2742 4249 εἰς
2767 4185 3099 4257 δευτέραν,ἢ
3128 4186 3234 4238 ἀπὸ
3258 4185 3461 4256 ταύτης
3482 4185 3561 4248 εἰς
3587 4185 3810 4255 τρίτηνο

2229 4275 2324 4327 καὶ
2370 4272 2496 4346 ἑξῆς
2541 4275 2760 4346 ὁμοίως.
2791 4275 2890 4328 Διά
2933 4274 3108 4329 ταῦτά
3138 4293 3218 4328 τοι
3261 4276 3526 4347 προσήκει
3555 4274 3814 4329 ποεῖσθαι

2229 4365 2322 4419 τοῦ
2380 4367 2530 4436 ήλίου
2586 4367 2840 4420 ὲπακτῶν
2894 4366 2992 4438 τὴν
3042 4367 3447 4439 παρατήρησιν,
3477 4365 3572 4420 καὶ
3597 4364 3812 4430 ταύτας

552 4463 747 4517 tandm.
789 4461 1081 4528 Nimirum,
1114 4471 1173 4519 ut
1221 4465 1404 4520 denuo
1443 4477 1759 4536 repetamus
1801 4467 1965 4532 idem,
2001 4471 2122 4524 toti-

2231 4457 2485 4529 ψηφίζειν
2505 4459 2644 4513 κατά
2664 4459 2754 4511 τὸν
2771 4456 3155 4528 ἀποδειχθέντα
3183 4457 3411 4530 τρόπον·
3443 4452 3574 4519 οἷον,
3593 4457 3683 4510 ἵνα
3710 4458 3815 4510 καὶ

551 4556 674 4610 dem
705 4555 845 4617 dies,
878 4565 1080 4625 quotus
1121 4565 1443 4612 numeratur
1482 4573 1660 4615 annus
1692 4560 1924 4629 quilibet
1957 4562 2126 4627 solis,

553 4663 660 4702 una
692 4649 875 4702 minus
892 4647 1238 4703 assumenda:
1265 4657 1427 4717 sunt;
1455 4650 1651 4705 deinde
1681 4652 1836 4722 181
1855 4653 2130 4723 quadran—

551 4748 636 4796 tes
671 4741 884 4810 integro
910 4756 1138 4795 nurnero
1177 4743 1298 4796 sine
1351 4741 1696 4798 detractione
1739 4755 2124 4814 congruentes.

553 4832 778 4885 Summa
795 4848 890 4902 per
912 4848 985 4886 vn
1023 4832 1313 4886 dividenda
1353 4853 1364 4888 :
1408 4834 1553 4903 (μιοά
1596 4837 1865 4905 reliquum
1894 4845 1999 4904 est,
2032 4838 2130 4892 da-

553 4924 633 4978 bit
658 4935 879 4994 epactas
927 4925 1055 4979 anni
1096 4925 1244 4980 illius
1274 4942 1436 4995 quem
1465 4928 1784 4996 quaerimus.
1811 4927 1983 4984 Porro
2025 4946 2128 4985 nu-

553 5033 765 5072 merum
798 5016 1008 5070 dierum
1043 5018 1202 5071 annis
1256 5033 1442 5087 parem
1485 5035 1592 5073 una
1622 5019 1712 5075 die
1770 5021 2125 5077 minuendum

553 5108 942 5180 praecepimus,
975 5109 1236 5178 quoniam
1269 5109 1480 5179 primus
1521 5126 1698 5167 annus
1731 5114 1913 5168 nullas
1965 5114 2130 5168 habet

555 5200 825 5269 ascriptas
845 5208 1089 5270 epactas,
1140 5200 1287 5268 quod
1323 5217 1353 5254 a
1385 5202 1560 5270 prima
1591 5201 1727 5257 feria
1774 5205 1876 5258 hoc
1904 5213 1989 5260 est
2019 5205 2130 5260 Do-

553 5292 754 5346 minica
795 5291 1104 5347 deﬁniatur.
1158 5291 1438 5360 Siquidem
1489 5309 1669 5350 annus
1709 5297 1888 5350 omnis
1931 5313 1962 5350 a
2023 5296 2130 5352 Do-

551 5385 756 5439 minica
781 5385 1074 5455 incipiens,
1111 5394 1169 5437 ut
1211 5401 1377 5455 supra
1420 5386 1626 5441 dictum
1657 5398 1759 5450 est,
1790 5389 1996 5442 nullam
2031 5405 2129 5459 pe-

553 5477 704 5532 nitus
743 5487 989 5546 epactam
1017 5477 1214 5540 habet,
1253 5479 1357 5531 nisi
1383 5479 1428 5533 si
1473 5495 1595 5549 qua:
1623 5490 1751 5534 sunt
1799 5480 2126 5550 fragmenta,

551 5571 700 5623 velut
740 5571 1058 5640 quadrans,
1093 5580 1187 5625 aut
1234 5573 1557 5638 dimidium,
1597 5582 1692 5628 aut
1731 5574 1940 5629 dimidii
1993 5589 2129 5645 qua-

554 5661 742 5726 drans,
779 5679 898 5733 qua}
916 5663 983 5717 ad
1016 5664 1464 5719 hebdomadicam
1488 5666 1672 5721 feriam
1694 5667 2124 5738 investigandam

623 5817 668 5847 ”
707 5817 772 5870 Id
803 5832 876 5874 est
912 5821 931 5874 1
983 5821 1102 5878 ΙΑ.
1179 5823 1218 5855 ⁸¹
1253 5822 1293 5880 f.
1326 5822 1628 5883 ἐπίκτησιν.

2235 4551 2396 4604 πάλιν
2429 4550 2692 4622 εἴπωμεν,
2723 4550 2821 4614 τὰς
2843 4550 3155 4622 ἰσαρίθμους
3189 4547 3350 4602 αὑτοῦ
3382 4547 3475 4601 τοῦ
3516 4546 3816 4618 ἐνισταμέ-

2231 4663 2321 4698 νου
2365 4644 2593 4716 ἡλιακοῦ
2636 4644 2808 4707 έτους,
2852 4637 2962 4696 οἷον
3008 4643 3052 4695 δ’
3084 4642 3149 4696 ἂν
3187 4643 3272 4712 εῖη
3309 4641 3373 4694 τὸ
3412 4637 3814 4711 ψηφιζόμενονς

2231 4737 2530 4810 λαμϐάνειν
2560 4735 2774 4808 ἡμέρας
2805 4735 2955 4807 παρά
2991 4735 3157 4806 μόνην
3195 4734 3322 4804 μίαν
3349 4733 3584 4804 ἡμέραν.
3615 4733 3718 4786 καὶ
3746 4733 3818 4786 τὰ

2235 4831 2498 4904 ἰσάριθμα
2516 4830 2751 4898 τέταρτα
2773 4831 2897 4901 παρ’
2923 4828 3045 4881 οὐδὲ
3069 4827 3125 4880 ἓν
3152 4826 3539 4897 τέταρτον,καὶ
3561 4825 3822 4896 μερίζειν

2231 4926 2309 4987 εἰς
2335 4923 2425 4976 τὸν
2455 4920 2499 4986 ζ’
2518 4938 2533 4952 ⁸
2565 4921 2660 4975 καὶ
2681 4919 2778 4984 τὰς
2798 4919 3118 4981 ὑπολοίπους
3143 4915 3385 4979 ὲπακτάς
3407 4915 3526 4986 ἕχον
3555 4915 3819 4986 εὑρίσκε-

2229 5030 2319 5066 ται
2345 5011 2561 5074 πάντως
2581 5009 2712 5064 αὐτὸ
2734 5010 2795 5062 τὸ
2820 5010 2898 5073 εἰς
2925 5010 3022 5079 τὴν
3050 5007 3272 5079 ζήτησιν
3305 5008 3438 5076 ἡμῖν
3461 5006 3816 5077 παρακείμε-

2231 5125 2320 5160 νον
2355 5106 2491 5169 ἔτος.
2517 5105 2628 5168 Τάς
2665 5102 2980 5175 ἰσαρίθμους
3004 5101 3061 5154 δὲ
3092 5099 3185 5153 τοῦ
3219 5098 3371 5162 ἔτους
3409 5099 3620 5169 ἡμέρας
3656 5101 3818 5168 παρά

2236 5200 2363 5270 μίαν
2392 5197 2606 5270 ἡμέραν
2626 5198 2806 5262 ,ποιεῖν
2837 5195 3082 5263 εἴπομεν,
3113 5190 3298 5260 ἐπειδὴ
3326 5190 3389 5243 τὸ
3428 5189 3644 5261 πρῶτον
3692 5190 3819 5254 ἔτος

2233 5292 2492 5362 τέταρτον
2529 5293 2609 5354 εἰς
2639 5287 2882 5360 ὲπακτὴν
2894 5287 2938 5318 ⁸²
2965 5285 3085 5356 ἕχον
3115 5283 3587 5354 καταγέγραπται,
3627 5281 3728 5335 διὰ
3755 5283 3818 5335 τὸ

2232 5383 2341 5438 ἀπὸ
2375 5380 2596 5455 πρώτης
2618 5421 2632 5447 ,
2663 5381 2827 5451 ήγουν
2867 5378 3024 5445 ἁγίας
3053 5375 3331 5446 Κυριακῆς
3364 5372 3496 5426 αὐτὸ
3524 5373 3816 5438 κανονίζε-

2234 5475 2376 5529 σθαι.
2418 5475 2535 5528 Πᾶν
2579 5473 2687 5544 γὰρ
2741 5471 2857 5534 ἔτος
2884 5469 2991 5524 ἀπὸ
3028 5469 3309 5539 Κυρωκῆς
3354 5465 3684 5536 ἀρχόμενον,
3737 5464 3818 5525 ὼς

2230 5567 2486 5639 ἀνωτέρω
2535 5565 2805 5630 λέλεκται,
2854 5562 2973 5616 οὐδὲ
3024 5561 3150 5631 μίαν
3199 5559 3442 5631 έπακτὴν
3475 5558 3536 5611 τὸ
3584 5557 3816 5612 σύνολον

2234 5661 2518 5732 κέκτηται,
2555 5657 2693 5729 πλὴν
2733 5658 2864 5719 ἴσως
2917 5651 3296 5726 ποστημορίων
3329 5650 3511 5718 τινῶν,
3551 5645 3666 5704 οἷον
3718 5666 3815 5702 τε-

1723 5823 1766 5856 "
1806 5823 1843 5878 ί.
1881 5822 2134 5884 οὐδεμίαν
2175 5825 2336 5876 ὲπακ.
