4112 6440
327 409 464 465 19.19

1118 410 1176 466 S.
1218 409 1470 465 MAXIMI
1512 409 1878 465 MAﬁTYBIS
1915 409 2297 470 COMPUTUS
2319 409 2785 469 ‘ECCLESIAS'I‘.

3470 415 3491 467 I
3502 414 3604 470 250

328 527 551 597 εάρτου·
587 527 619 600 ἡ
657 526 903 597 ἡμίσεος,
938 527 971 598 ἡ
1004 528 1230 599 ἡμίσεος
1257 530 1540 601 τετάρτου·
1575 529 1718 602 άπερ
1751 529 1910 584 οὐδα-

2017 531 2151 584 nihil
2170 531 2330 600 plane
2345 528 2660 592 conferunt,
2681 531 2856 586 donec
2870 537 2993 603 post
3018 530 3194 584 annos
3211 526 3608 598 quatuorjdiem

329 618 446 686 μῶς
473 617 817 671 συντελοῦσιν
853 621 934 683 εἰς
971 619 1332 691 ἑϐδομαδικῆς
1363 621 1578 693 ἡμέρας
1616 620 1914 693 ἐξεύρεσιν,

327 709 430 772 ἕως
451 709 519 763 ἂν
539 710 627 763 διὰ
650 711 750 781 τῆς
768 713 1182 784 τετραετηρίδος
1200 712 1416 784 ἡμέραν
1439 713 1566 784 μίαν
1593 714 1719 784 ποιή
1729 731 1912 767 σωσιν.

329 817 460 884 Πῶς
488 819 687 888 ἄλλως
707 822 814 886 τάς
833 839 898 875 τε
923 821 1029 875 τοῦ
1055 823 1235 889 ἡλίου
1259 822 1355 876 καὶ
1378 822 1487 891 τῆς
1509 823 1776 890 σελήνης
1798 823 1920 876 ἐπι-

587 892 846 961 τηρῆσαι
878 892 1142 946 δυνατόν
1166 893 1337 946 ἐστιν
1361 893 1646 960 ἐπακτάς.

396 981 521 1035 ΛΑ’.
551 984 663 1036 Καὶ
685 985 771 1037 ἵνα
796 987 1077 1057 συντόμως
1107 986 1247 1040 εἴπω
1278 988 1407 1058 περί
1426 1003 1486 1038 τε
1509 986 1618 1039 τῶν
1642 984 1737 1039 τοῦ
1762 985 1915 1056 ἡλίου

327 1077 418 1128 καὶ
458 1077 557 1148 τῆς
605 1077 835 1151 σελήνης
881 1081 1152 1146 ὲπακτῶν,
1188 1082 1283 1134 καὶ
1328 1081 1428 1151 τῆς
1477 1079 1684 1132 τούτων
1725 1078 1916 1150 ῥᾳδίας

328 1169 710 1240 καταλήψεως,
753 1174 786 1241 ἡ
827 1172 926 1242 μὲν
985 1172 1205 1244 σελήνη,
1251 1173 1416 1244 ἤγουν
1473 1172 1535 1224 τὺ
1568 1171 1688 1224 κατ’
1745 1171 1917 1240 αὐτὴν

329 1261 677 1331 ἐνιστάμενον
705 1262 844 1328 ἔτος,
861 1264 1131 1328 τοσαύτας
1157 1265 1402 1329 ὲπακτὰς
1427 1266 1540 1336 ἔχει
1568 1263 1786 1326 πάντως
1806 1264 1915 1322 ἀεὶ,

329 1352 458 1414 ὅσας
486 1353 702 1425 ἡμέρας
745 1355 1057 1426 εὑρίσκεται
1088 1357 1400 1428 κεκτημένη
1439 1354 1580 1409 κατὰ
1620 1354 1720 1425 τὴν
1761 1369 1918 1422 τρια-

331 1444 468 1496 κάδα
497 1446 722 1517 πρώτην
747 1447 840 1500 τοῦ
859 1448 1104 1520 Μαρτίου
1137 1451 1302 1522 μηνός
1318 1466 1330 1476 ο
1350 1448 1449 1501 ὁδὲ
1471 1448 1642 1516 ἥλιος,
1660 1447 1828 1518 ἦγουν
1853 1444 1914 1497 τὺ

330 1535 680 1607 ἐνιστάμενον
703 1539 867 1592 αὐτοῦ
889 1539 1030 1604 έτος,
1060 1540 1381 1612 ἰσαρίθμους
1408 1539 1670 1608 κέκτηται
1697 1535 1913 1598 πάντως

330 1627 415 1679 ἀεὶ
457 1627 555 1690 τὰς
596 1628 803 1691 οἰκείας
847 1629 1094 1692 έπακτὰς
1124 1632 1188 1701 τῇ
1234 1628 1558 1700 ἑὸδομαδικῇ
1593 1626 1802 1698 ἡμέρα,
1835 1626 1917 1688 εἰς

2024 639 2193 676 unum
2216 633 2621 678 eonsumment.

2023 824 2480 891 Quemadmodum
2517 825 2644 879 solis
2679 825 2899 948 etrlume
2929 835 3139 894 spectas
3189 825 3346 880 aliter
3379 827 3607 880 invenire

2750 908 2906 948 rcear.

2750 908 2906 950 rceat.

2091 985 2283 1041 XXXI.
2319 987 2388 1043 Ut
2426 987 2494 1042 de
2529 987 2663 1042 solis
2691 975 2905 1057 epactis
2933 995 2988 1043 et
3013 988 3174 1050 lunae,
3203 987 3380 1057 deque
3408 988 3604 1041 harum

2018 1076 2165 1131 facili
2218 1079 2535 1134 inventione
2570 1079 2749 1134 dicam
2788 1081 3066 1146 breviter;
3104 1082 3253 1151 quod
3302 1081 3370 1134 ad
3418 1081 3606 1134 lunam

2019 1172 2249 1234 attinet,
2304 1173 2468 1242 hujus
2525 1188 2704 1228 annus
2764 1174 2992 1243 quilibet
3051 1174 3213 1227 datus
3266 1182 3343 1226 tot
3392 1186 3608 1243 semper

2017 1272 2242 1333 epactas
2275 1265 2475 1332 habet,
2533 1271 2668 1336 quot
2699 1265 2911 1320 dierum
2943 1273 3078 1320 aetas
3112 1265 3259 1318 illius
3290 1273 3374 1318 est
3424 1263 3604 1317 Martii

2019 1355 2107 1410 die
2138 1372 2288 1410 χχχι.
2322 1355 2415 1412 Sol
2448 1367 2655 1424 autem,
2685 1359 2800 1414 sive
2844 1374 3024 1413 annus
3056 1358 3177 1425 ejus
3210 1372 3464 1413 currens.
3498 1365 3607 1410 tot-

2015 1445 2160 1501 idem
2181 1447 2368 1517 utique
2396 1447 2557 1501 hahet
2583 1456 2826 1518 epactas,
2861 1455 3032 1518 quota
3065 1446 3198 1500 feria
3226 1453 3332 1509 est,
3356 1447 3413 1498 in
3441 1458 3614 1513 quam

2016 1538 2350 1594 antecedens
2405 1555 2586 1594 annus
2640 1540 2803 1595 desiit
2844 1539 3020 1609 pridie
3073 1537 3305 1592 Kalend.
3361 1536 3602 1607 Apriles.

2019 1627 2146 1684 Haec
2193 1630 2264 1685 de
2314 1633 2524 1702 epactis
2585 1633 2761 1698 solis,
2809 1638 2865 1688 et
2898 1646 3089 1686 earum
3148 1629 3405 1686 methodo
3458 1628 3606 1683 dicta

331 1718 396 1788 ἢν
425 1720 768 1790 καταντῆσαν
795 1721 856 1774 τὸ
888 1721 996 1794 πρὸ
1037 1722 1202 1776 αὐτοῦ
1249 1723 1368 1786 ἔτος
1408 1719 1723 1791 ἐπεραιώθη
1773 1717 1916 1772 κατὰ

2017 1720 2311 1777 suillciant.

332 1813 429 1884 τὴν
460 1813 740 1884 λεχθεῖσαν
777 1814 1047 1886 τριακάδα
1083 1815 1305 1887 πρώτην
1347 1814 1442 1868 τοῦ
1481 1813 1646 1868 αὐτοῦ
1669 1813 1915 1885 Μαρτίου
1949 1815 2136 1885 μηνός.
2167 1815 2352 1870 Ταῦτα
2398 1819 2495 1872 καὶ
2531 1817 2658 1890 περί
2695 1817 2949 1871 ὲπακτῶν
2997 1817 3147 1889 ἡλίου
3189 1817 3284 1871 καὶ
3335 1816 3435 1887 τῆς
3479 1814 3603 1868 τού-

332 1926 435 1961 των
459 1910 518 1962 εὐ
528 1908 748 1980 ρέσεως.

331 2025 467 2095 Περὶ
488 2025 598 2099 τῆς
625 2026 777 2099 κατὰ
798 2027 997 2098 σάρκα
1018 2028 1122 2082 τοῦ
1139 2027 1414 2099 Σωτῆρος
1429 2028 1793 2099 γεννήσεως,
1818 2025 1925 2079 τοῦ

2029 2023 2106 2078 De
2151 2025 2430 2099 izativitate
2464 2023 2665 2099 Christi
2699 2024 2985 2080 secundum
3033 2042 3244 2080 carnem
3263 2066 3303 2099 ,η
3328 2027 3489 2096 deque
3516 2027 3607 2080 ba'

403 2114 463 2150 τε
489 2097 933 2167 βαπτίσματος,
978 2099 1078 2152 καὶ
1101 2102 1206 2152 τοῦ
1233 2097 1483 2165 πάθους,
1507 2097 1657 2166 ποίῳ
1681 2099 1920 2169 γεγόνα-

397 2182 502 2238 σιν
534 2169 714 2234 ἡλίου
753 2168 854 2222 καί
886 2171 1158 2238 σελήνης
1209 2169 1350 2237 ἔτει,
1398 2170 1497 2224 καὶ
1542 2167 1696 2237 ποίςι
1727 2167 1919 2238 ἡμέρᾳ

400 2236 506 2305 τῆς
539 2237 885 2308 ἑϐδομάδος.

398 2329 523 2384 AB'.
547 2330 765 2385 Τούτων
791 2331 964 2396 οὕτως
986 2333 1315 2404 εἰρημένων,
1338 2332 1449 2386 τῶν
1471 2329 1918 2401 ἀναγκαιοτάτων

331 2423 476 2477 ἐστὶν
502 2425 945 2496 ἐπισημήνασθαι
990 2428 1085 2481 καὶ
1115 2426 1177 2480 τὸ
1206 2427 1305 2498 τῆς
1340 2425 1731 2497 κοσμογενείας
1776 2423 1916 2488 ἔτος,

331 2518 388 2570 ὲν
421 2510 466 2586 ᾧ
490 2519 588 2588 τὴν
617 2519 987 2590 ὐπερκόσμιον
1016 2521 1074 2573 ὲν
1107 2519 1298 2591 κόσμῳ
1321 2519 1616 2590 πεποίηται
1642 2517 1918 2588 σάρκωσιν

331 2611 396 2662 ὲκ
428 2611 527 2680 τῆς
567 2611 731 2678 ἁγίας
760 2610 1023 2664 Θεοτὸκου
1054 2613 1149 2665 καὶ
1181 2612 1271 2666 ἀεὶ
1322 2611 1603 2681 Παρθένου
1643 2609 1862 2680 Μαρίας
1888 2609 1917 2661 ὁ

335 2701 538 2775 Κύριος
563 2703 722 2775 ἡμῶν
754 2704 851 2758 καὶ
891 2704 1022 2769 Θεὸς
1067 2705 1274 2776 Ἰησοῦς
1309 2705 1564 2778 Χριστός.
1598 2701 1705 2758 ’Ἦν
1732 2700 1824 2758 οὖν
1857 2703 1918 2756 τὸ

331 2793 632 2863 τηνικαῦτα
660 2794 794 2864 ,εφα’
826 2794 964 2860 ἔτος,
999 2797 1142 2849 κατὰ
1162 2797 1259 2868 τὴν
1297 2798 1355 2850 ὲν
1381 2797 1586 2861 δέλτοις
1605 2797 1771 2866 ἱεροῖς
1795 2798 1919 2850 ἁνα-

332 2883 570 2955 γραφὴν,
611 2884 720 2938 τῶν
767 2885 874 2939 ἀπὸ
925 2885 1096 2958 Ἀδὰμ
1143 2886 1561 2958 ἀριθμουμένων
1609 2885 1766 2939 ἐτῶν.
1828 2885 1917 2939 Ἐν

331 2975 506 3045 τούτῳ
539 2975 646 3045 γὰρ
675 2976 704 3028 ὃ
730 2992 790 3028 τε
823 2976 1224 3047 εὐαγγελισμὸς
1257 2976 1449 3046 γέγονε
1484 2977 1585 3047 τῆς
1610 2975 1914 3048 Παρθένου,

332 3067 425 3120 καί
463 3069 497 3138 ἡ
527 3066 584 3134 ἐξ
613 3069 784 3139 αὐτῆς
815 3067 980 3121 αὐτοῦ
1009 3067 1244 3141 ἅφθορος
1276 3071 1371 3122 καὶ
1401 3069 1711 3138 πανάγαθος
1735 3069 1918 3140 γέννη-

332 3175 437 3222 σις.
475 3160 633 3222 Ἔτος
665 3160 721 3213 δὲ
740 3155 808 3231 ἦν
841 3160 992 3231 ἡλίου
1022 3160 1084 3214 τὸ
1107 3158 1197 3230 ιγ’,
1232 3160 1460 3232 σελήνης
1490 3161 1550 3213 τὸ
1578 3168 1629 3226 ι’,
1658 3160 1842 3234 ἡμέρα
1860 3159 1918 3213 δὲ

331 3250 432 3321 τῆς
461 3250 753 3321 ἑϐδομάδος
781 3251 874 3305 τοῦ
908 3252 1006 3323 μὲν
1035 3252 1434 3324 εὐαγγελισμοῦ
1469 3251 1513 3324 β’
1532 3271 1545 3283 ⁸
1571 3253 1670 3323 τῆς
1702 3253 1758 3306 δὲ
1789 3269 1917 3321 γεν-

333 3343 539 3414 νήσεως
567 3342 627 3396 δ’.
651 3341 805 3396 Οὕτω
828 3343 884 3395 δὲ
915 3344 1008 3396 καὶ
1027 3343 1088 3396 τὸ
1116 3344 1418 3414 πάμφωτον
1442 3343 1607 3396 αὐτοῦ
1639 3343 1732 3397 καὶ
1755 3343 1920 3413 ὑπέρ-

332 3451 509 3504 φωτον
549 3433 832 3504 βάπτισμα
869 3433 947 3506 τῷ
975 3434 1104 3504 ,εφλ’
1131 3434 1375 3504 γέγονεν.
1411 3435 1570 3498 Ἔτος
1597 3434 1652 3487 δὲ
1674 3429 1742 3506 ἦν
1762 3434 1915 3506 ἡλίου

335 3527 433 3598 μὲν
467 3526 548 3590 ιδ’,
579 3526 809 3598 σελήνης
843 3525 900 3579 δὲ
929 3526 992 3580 τὸ
1007 3533 1078 3591 α’,
1106 3527 1290 3598 ἡμέρα
1318 3527 1375 3580 δὲ
1399 3527 1500 3597 τῆς
1529 3525 1822 3598 ἑϐδομάδος
1843 3525 1912 3596 γ’.

332 3617 500 3673 Πάλιν
524 3617 581 3671 δὲ
611 3618 672 3670 τὸ
698 3619 964 3690 σωτήριον
993 3617 1159 3671 αὐτοῦ
1192 3618 1384 3682 πάθος,
1420 3618 1587 3688 ἤγουν
1613 3619 1646 3688 ἡ
1671 3617 1916 3690 σταύρω-

332 3728 438 3774 σις,
465 3710 573 3764 τῶν
599 3710 646 3742 ”
675 3710 855 3780 ,εφλδ’.
889 3711 1050 3774 Ἔτος
1075 3709 1132 3762 δὲ
1163 3707 1229 3782 ἦν
1261 3710 1413 3782 ἡλίου
1441 3710 1538 3780 μὲν
1569 3716 1661 3781 ιη’,
1686 3709 1917 3781 σελήνης

331 3803 387 3855 δὲ
420 3809 482 3867 ε’,
524 3802 707 3875 ἡμέρα
741 3802 798 3855 δὲ
826 3801 1108 3873 προδήλως
1141 3802 1471 3874 Παρασκευή
1495 3819 1508 3832 ·
1551 3801 1627 3865 ὡς
1667 3799 1806 3854 εἶναι
1848 3800 1918 3854 τὰ

329 3893 441 3948 ἀπὸ
464 3895 564 3966 τῆς
590 3895 1055 3967 ὲνανθρωπήσεως
1080 3894 1243 3949 αὑτοῦ
1274 3895 1436 3967 μέχρι
1458 3895 1560 3966 τῆς
1593 3894 1687 3948 νῦν
1708 3897 1918 3948 ὲνιστα-

336 3982 502 4053 μένης
560 3983 910 4054 ίνδικτιῶνος,
966 3984 1119 4048 ἔτους
1170 3983 1250 4038 λα’
1282 3985 1384 4053 τῆς
1421 3983 1694 4056 βασιλείας
1744 3986 1915 4052 Ἠρα-

333 4075 513 4128 κλείου
545 4072 639 4128 τοῦ
678 4077 1069 4131 εὐσεϐεστάτου
1114 4077 1273 4149 ἡμῶν
1305 4077 1588 4149 βασιλέως,
1631 4077 1725 4148 ἔτη
1777 4079 1914 4149 χλγ’.

332 4166 416 4219 Τὰ
432 4165 487 4218 δὲ
509 4166 618 4220 ἀπὸ
638 4167 732 4220 τοῦ
755 4169 1022 4240 σωτηρίου
1052 4168 1426 4241 βαπτίσματος
1446 4171 1540 4224 καὶ
1567 4169 1660 4224 τοῦ
1686 4170 1913 4236 πάθους,

331 4257 468 4328 δῆλα
505 4258 669 4313 πάλιν
706 4261 772 4314 ὲκ
807 4260 1011 4315 τούτων
1049 4260 1408 4333 καθέστηκεν,
1437 4263 1513 4328 ὡς
1541 4261 1611 4318 τὰ
1652 4262 1754 4335 μέν
1777 4264 1916 4318 εἰσιν

332 4350 428 4421 κδ’,
460 4349 530 4405 τὰ
557 4350 616 4404 δὲ
645 4359 748 4424 χα⁹.

332 4465 516 4518 Διάτί
562 4464 823 4539 διαφόρῳ
864 4466 945 4539 τῷ
989 4468 1099 4537 τῆς
1145 4469 1512 4539 ἰνδικτιῶνος
1550 4470 1668 4524 ἔτει
1707 4471 1776 4525 τὸ
1802 4470 1915 4539 τῆς

403 4536 745 4614 γεγνηοίεως
784 4538 891 4614 τοςῦ
933 4536 1559 4614 ΚυρίουΑκανονίζεται
1598 4542 1734 4608 ἔτος
1753 4559 1767 4572 ·
1813 4536 1912 4596 καὶ

405 4606 530 4672 πῶς
554 4610 594 4676 ὴ
621 4606 943 4674 ὶνδικτιὼν,
973 4606 1072 4663 καὶ
1101 4611 1286 4664 πόθεν
1306 4609 1641 4680 ψηφίζεται.

403 4697 524 4754 AP.
561 4698 676 4769 Ἐφ’
710 4700 940 4754 ἑκάστου
982 4700 1040 4753 δὲ
1077 4701 1282 4756 τούτων
1323 4703 1421 4774 τὴν
1473 4702 1816 4775 ἐπινέμησιν,
1845 4703 1913 4777 ἡν

335 4785 643 4841 ἰνδικτιῶνα
666 4789 733 4840 -οἰ
797 4789 1060 4861 Ῥωμαῖοι
1107 4791 1608 4863 προσαγορεύουσι,
1658 4793 1912 4866 διάφορον

330 4872 496 4931 οὖσαν
525 4877 848 4952 εὑρίσκομεν
864 4897 878 4910 ·
908 4881 982 4945 ὡς
1003 4882 1285 4952 διαφώνως
1309 4882 1514 4955 ταύτης
1536 4882 1914 4957 ψηφιζομένης

330 4967 396 5022 ἐκ
431 4986 491 5022 τε
517 4970 626 5024 τῶν
656 4971 764 5024 ἀπὸ
806 4971 978 5044 Ἀδὰμ
1025 4973 1163 5030 ἐτῶν
1189 4976 1282 5029 καὶ
1321 4973 1429 5030 τῶν
1467 4977 1560 5046 ἀφ’
1596 4970 1656 5029 οὗ
1689 4978 1913 5048 γέγονεν

331 5060 492 5133 αὐτη.
534 5061 731 5130 Γέγονε
765 5063 822 5116 δὲ
862 5063 1005 5118 κατὰ
1040 5068 1168 5130 τοὺς
1211 5067 1762 5140 ἱστοριογραφοῢντας
1803 5070 1912 5123 ἀπὸ

332 5152 639 5221 Αὐγούστου
666 5155 960 5226 Καίσαρος,
991 5154 1068 5226 τῷ
1096 5157 1333 5229 δευτέρῳ
1361 5157 1471 5211 ἔτει
1503 5159 1604 5229 τῆς
1635 5158 1912 5229 βασιλείας

330 5244 518 5299 αὐτοῦ.
554 5245 690 5299 Τότε
712 5246 770 5300 δὲ
795 5242 863 5317 ἦν
900 5247 1000 5318 τῆς
1031 5251 1419 5321 κοσμογενείας
1450 5250 1510 5303 τὸ
1541 5251 1662 5316 ⁴ευξ¹
1681 5267 1696 5282 ’
1742 5251 1907 5324 ἅπερ,

329 5337 411 5400 εἰς
443 5335 532 5388 τὸν
567 5343 629 5389 ιε’
659 5338 917 5409 λυύμενα,
958 5340 1020 5394 τὸ
1069 5341 1220 5406 τέλος
1255 5342 1354 5413 τῆς
1408 5343 1734 5407 ἰνδικτιῶνος
1775 5361 1914 5415 παρ-

332 5426 566 5498 ίστησιν,
584 5428 752 5500 ἡγουν
774 5431 907 5485 αὐτὸ
932 5438 990 5486 ιε’
1007 5431 1155 5497 ἔτος·
1185 5435 1242 5486 ὲν
1261 5427 1305 5501 ᾧ
1322 5431 1523 5506 ταύτης
1548 5435 1754 5498 ἐκεῖνος
1769 5434 1910 5488 κατὰ

327 5515 390 5568 τὸ
419 5516 575 5584 δόξαν
621 5517 846 5591 θέμενος
872 5521 971 5596 τὴν
1000 5523 1194 5596 ἀρχὴν,
1249 5524 1466 5596 πρῶτον
1503 5525 1562 5577 τὸ
1605 5523 1912 5579 τελευταῖον

329 5610 648 5682 πεποίηκεν.
695 5612 782 5675 Ὠς
821 5614 1068 5669 ἐντεῦθεν
1100 5615 1159 5670 ἒν
1205 5615 1323 5683 ἔτος
1366 5616 1687 5689 προτρέχειν
1725 5616 1913 5671 λοιπὸν

328 5704 426 5775 τήν
470 5705 579 5758 ἀπὸ
620 5705 875 5781 δευτέρου
928 5710 1083 5775 έτους
1127 5711 1227 5783 τῆς
1275 5711 1550 5783 βασιλείας
1600 5713 1910 5782 Αὐγούστου

418 5819 464 5851 ⁸³
486 5819 526 5888 f.
561 5818 660 5890 τῷ.

2097 2096 2364 2163 ptismate,
2394 2106 2444 2149 et
2501 2098 2747 2163 passione
2773 2137 2787 2162 ,
2835 2107 2994 2165 quoto
3031 2113 3170 2150 anno
3204 2097 3332 2151 solis
3369 2114 3430 2150 ac
3462 2103 3603 2153 tuna:

2091 2168 2423 2237 contigerint,
2445 2175 2493 2219 et
2525 2183 2758 2235 quanam
2789 2166 3131 2222 hebdomadis
3162 2168 3266 2222 die.

2090 2321 2306 2378 XXXII.
2369 2322 2466 2379 His
2521 2323 2596 2378 ita
2647 2323 2987 2389 constitutis,
3025 2325 3079 2380 in
3119 2325 3312 2397 primis
3346 2341 3603 2383 necessa-

2019 2415 2162 2469 rium
2192 2423 2276 2470 est
2313 2430 2516 2469 annum
2555 2416 2705 2471 orbis
2738 2416 2942 2470 conditi
2988 2425 3234 2472 notatum
3277 2418 3513 2482 habere.
3548 2418 3604 2474 in

2019 2526 2129 2582 quo
2159 2509 2322 2564 .lesus
2356 2508 2610 2565 Christus
2643 2508 2785 2564 Deus
2805 2549 2820 2576 ,
2850 2525 2913 2564 ac
2948 2509 3212 2567 Dominus
3238 2519 3426 2567 noster
3455 2510 3602 2564 illam

2017 2601 2224 2656 mundo
2269 2601 2649 2656 sublimiorem
2691 2601 3126 2657 incarnationem
3180 2618 3210 2656 e
3251 2611 3443 2658 sancta
3478 2601 3601 2658 Dei-

2017 2711 2173 2766 para,
2207 2710 2534 2766 semperque
2567 2693 2796 2765 Virgine
2824 2695 2992 2750 Maria
3023 2695 3264 2766 suscepit
3296 2696 3350 2749 in
3375 2697 3600 2751 mundo.

2019 2787 2149 2844 Erat
2176 2797 2307 2844 tune
2349 2790 2515 2861 igitur
2555 2805 2733 2846 annus
2785 2789 2973 2844 mundi
3007 2789 3142 2844 5501
3173 2833 3188 2856 ,
3239 2796 3299 2844 ut
3324 2806 3391 2844 ex
3425 2791 3603 2846 sacris

2019 2884 2214 2938 litteris
2248 2890 2501 2948 constat,
2543 2897 2842 2953 earumque
2887 2881 3295 2953 computatione
3329 2897 3600 2937 annorum

2016 2970 2085 3023 ab
2115 2967 2344 3024 Adamo.
2370 2967 2486 3023 Hoc
2521 2970 2671 3024 enim
2707 2984 2852 3025 anno
2895 2970 3242 3024 annuntiatio
3273 2970 3483 3042 Virgini
3521 2970 3604 3024 Ia-

2019 3069 2106 3115 cta
2131 3070 2236 3124 est,
2270 3070 2326 3115 et
2349 3061 2671 3132 incorrupta
2703 3060 3208 3132 benignissimaque
3239 3062 3308 3117 de
3344 3062 3464 3132 ipsa
3501 3076 3603 3116 na-

2019 3154 2204 3208 tivitas
2234 3153 2456 3208 accidit.
2501 3154 2696 3209 Annus
2725 3163 2845 3210 erat
2881 3154 3014 3210 solis
3049 3169 3171 3217 XIII,
3201 3155 3344 3209 lunae
3370 3171 3500 3210 vero
3542 3172 3599 3222 κ,

2019 3245 2137 3301 dies
2168 3245 2522 3301 hebdomadze
2553 3253 2798 3316 tempore
2835 3245 3194 3317 evangelismi
3234 3245 3371 3301 feria
3402 3261 3464 3310 ιι,
3495 3261 3600 3302 na-

2019 3337 2250 3393 tivitatis
2285 3355 2358 3393 IV.
2415 3336 2508 3394 Sic
2564 3337 3090 3408 splendidissimus,
3149 3338 3262 3392 imo
3308 3338 3603 3408 splendore

2019 3429 2197 3498 major
2221 3429 2368 3483 omni
2400 3429 2706 3500 baptismus
2734 3429 2979 3500 ejusdem
3009 3430 3234 3500 contigit
3265 3444 3410 3484 anno
3434 3429 3598 3495 5550,

2021 3537 2166 3578 anno
2209 3525 2343 3579 solis
2372 3539 2498 3587 xw,
2541 3524 2684 3579 luna:
2713 3541 2752 3591 ι,
2782 3523 2916 3579 feria
2953 3540 3036 3580 ιιι.
3085 3523 3297 3579 Rursus
3341 3523 3602 3580 salutaris

2021 3615 2169 3670 illius
2188 3616 2530 3687 passio,sive
2557 3617 2877 3678 crueilixio.
2906 3631 3050 3670 anno
3085 3616 3258 3682 5554,
3289 3631 3433 3670 anno
3465 3615 3600 3672 solis

2019 3720 2176 3773 xvm,
2217 3706 2359 3760 lunae
2409 3723 2464 3771 ν,
2515 3706 2635 3777 ipso
2686 3706 2876 3775 utique
2926 3703 3261 3760 Parasceves
3295 3704 3405 3761 die.
3439 3704 3602 3760 Colli-

2019 3799 2224 3862 guntur
2258 3791 2328 3846 ab
2355 3792 2735 3846 incarnatione
2766 3790 2940 3862 ipsius
2973 3806 3146 3860 usque
3179 3790 3246 3844 ad
3274 3802 3600 3860 praesentem

2021 3881 2374 3936 indictionem
2411 3883 2542 3936 anni
2599 3897 2730 3936 xxxx
2787 3882 3006 3952 imperii
3064 3881 3302 3937 Heraclii
3360 3882 3600 3952 piissimi

2020 3977 2198 4030 nostri
2233 3977 2600 4044 imperatoris,
2625 3974 2759 4030 anni
2795 3975 2921 4029 055.
2968 3973 3013 4027 Α
3062 3973 3291 4030 salutari
3331 3989 3460 4028 vero
3501 3973 3600 4028 ba-

2017 4069 2244 4141 ptismo,
2270 4076 2324 4124 et
2349 4069 2605 4139 passione
2625 4075 2759 4138 quot
2796 4067 2926 4121 anni
2966 4066 3105 4137 lapsi
3147 4068 3258 4121 sint
3282 4080 3348 4120 ex
3379 4066 3447 4121 iis
3478 4079 3598 4118 ma-

2021 4162 2281 4217 nifestum
2315 4167 2400 4216 est
2429 4159 2718 4224 omnibus,
2762 4158 3022 4212 nimirum
3054 4156 3123 4211 ab
3156 4155 3251 4210 illo
3279 4170 3456 4211 annos
3496 4154 3600 4209 Ilu-

2020 4253 2169 4310 xisse
2202 4251 2331 4320 604,
2363 4253 2431 4308 ab
2461 4251 2565 4306 hac
2584 4251 2709 4305 601.

2020 4456 2130 4514 Cur
2162 4455 2368 4509 diverso
2401 4449 2707 4506 indictionis
2760 4465 2900 4503 anno
2954 4448 3250 4504 nativitatis
3303 4446 3598 4501 ﬂaminica:

2088 4536 2307 4581 notatur
2365 4540 2565 4588 annus,
2623 4529 2674 4574 et
2730 4520 2990 4592 quomodo
3041 4518 3260 4574 indictio
3291 4557 3307 4584 ,
3359 4526 3410 4572 et
3459 4517 3600 4571 unde

2359 4685 2416 4740 In
2450 4685 2536 4741 his
2559 4683 2790 4754 singulis
2819 4681 3039 4737 diversa
3061 4679 3336 4750 reperitur
3367 4677 3599 4732 indictio

2018 4781 2121 4854 (sic
2147 4782 2293 4837 enim
2324 4795 2355 4833 a
2401 4775 2667 4832 Romanis
2713 4772 2986 4844 vocatur),
3033 4779 3294 4841 tanquam
3344 4786 3454 4826 non
3485 4784 3598 4823 uno

2014 4875 2179 4931 modo
2209 4881 2528 4928 numeretur
2558 4871 2626 4924 ab
2655 4867 2815 4923 annis
2858 4866 3050 4921 Adami
3073 4906 3088 4928 ,
3137 4871 3191 4920 et
3222 4880 3290 4919 ex
3325 4879 3436 4934 quo
3482 4863 3598 4932 pri-

2016 4983 2166 5024 mum
2199 4965 2450 5021 instituta
2488 4969 2592 5018 est.
2641 4959 2774 5016 Orta
2821 4965 2906 5014 est
2934 4968 3114 5012 autem
3146 4996 3161 5022 ,
3227 4966 3290 5011 ut
3346 4955 3597 5011 historici

2015 5059 2414 5133 prodiderunt,
2470 5068 2615 5108 anno
2655 5053 2834 5124 primo
2878 5050 3111 5120 Augusti
3149 5048 3421 5111 Caesaris,
3474 5046 3596 5116 ejus

2014 5153 2230 5223 imperii
2274 5148 2548 5211 secundo,
2583 5146 2675 5216 qui
2719 5144 2819 5199 fuit
2862 5158 3039 5198 annus
3093 5141 3282 5196 mundi
3316 5139 3476 5194 5460.
3528 5139 3596 5195 Hi

2013 5263 2113 5318 per
2145 5244 2211 5300 15
2248 5242 2434 5306 divisi,
2462 5241 2712 5294 ultimum
2771 5234 3088 5290 indictionis
3131 5249 3335 5287 annum
3357 5275 3372 5299 ,
3423 5232 3478 5286 id
3512 5241 3600 5286 est

2014 5353 2218 5394 annum
2250 5337 2502 5407 quintum
2530 5331 2804 5387 decimum
2839 5329 3101 5385 exhibent
3131 5345 3145 5382 :
3195 5327 3249 5380 in
3295 5341 3403 5396 quo
3431 5323 3598 5393 hujus

2014 5429 2232 5484 initium
2265 5427 2355 5480 ille
2389 5429 2637 5479 statuens
2673 5420 2923 5474 ultimum
2967 5433 3092 5472 esse
3134 5416 3368 5486 primum
3399 5414 3593 5468 voluit.

2015 5521 2092 5575 lla
2132 5520 2192 5575 ﬁt
2217 5525 2277 5574 ut
2307 5531 2418 5571 uno
2443 5529 2588 5568 anno
2613 5517 2915 5581 praecurrat
2936 5507 3184 5572 indictio,
3210 5522 3332 5576 qua:
3361 5505 3428 5559 ab
3450 5518 3594 5557 anno

2018 5612 2251 5684 Augusti
2297 5607 2540 5666 secundo
2586 5610 2929 5664 numeratur,
2974 5615 3121 5662 eam.
3164 5613 3287 5669 quae
3331 5597 3400 5651 ab
3443 5595 3595 5650 orbis

2019 5705 2244 5762 exordio
2272 5699 2514 5764 ducitur,
2545 5695 2766 5768 quando
2799 5692 2929 5748 anni
2975 5690 3168 5746 Adami
3210 5705 3305 5760 per
3352 5705 3419 5744 xv
3455 5685 3595 5742 divi-
