4132 6410
505 387 634 444 1251

1527 372 1932 431 Αο-ΕυεΕΒιι
1967 375 2369 436 CHRONICON
2403 367 2778 429 APPENDIX.
2837 394 2847 402 ’

3637 365 3782 423 ιεεε

495 502 720 558 duntur.
750 495 989 552 Proinde
1032 492 1403 550 .l‘uitiudictio
1437 507 1490 544 ιιι
1539 488 1846 545 secundum
1891 491 2078 545 calcu-

2182 486 2558 561 ψηφιζομένην
2606 480 2930 545 ἰνδικτιῶνα,
2978 483 3076 554 τῆς
3122 481 3232 536 ἀπὸ
3285 482 3514 548 κτίσεως
3564 483 3771 556 κόσμου

497 594 608 647 lum
641 591 810 646 istum
837 629 852 652 ,
899 603 1043 643 anno
1076 601 1186 657 quo
1217 583 1518 639 secundant
1573 595 1795 636 carnem
1833 578 2084 633 Salvator

494 692 579 740 est
607 691 808 739 ortus:
851 690 909 734 at
935 697 1001 734 ex
1035 680 1127 734 ille
1159 677 1376 732 calculo
1419 675 1524 728 fuit
1554 689 1655 734 xu,
1683 672 1944 742 quoniam
1975 687 2087 726 uno

495 773 790 829 antevertit
820 786 984 825 anno.
1018 769 1110 827 Sic
1141 766 1556 823 sacratissimus
1597 764 1906 834 baptismus
1945 762 2087 816 indi-

494 866 732 920 ctionem
779 862 940 916 habet
977 878 1011 916 ιι
1044 872 1099 916 et
1149 875 1234 923 χι,
1286 867 1341 913 et
1387 855 1646 912 salutaris
1698 854 1883 924 passio
1915 870 2005 910 xw
2033 863 2088 909 et

496 972 586 1011 xv.
622 941 836 1025 Quippe
877 968 1023 1007 anno
1072 951 1303 1022 Augusti
1355 965 1488 1004 mu
1540 948 1717 1003 nostri
1769 948 1974 1008 instar,
2023 953 2086 1001 ut

495 1048 678 1113 homo,
711 1057 874 1100 natus
911 1045 957 1099 is
986 1053 1092 1108 est,
1119 1044 1210 1112 qui
1248 1051 1373 1096 ante
1414 1042 1613 1097 saecula
1645 1047 1906 1108 tauquam
1941 1038 2086 1094 Deus

495 1155 560 1193 ex
585 1137 748 1191 Patre
785 1145 948 1190 natus
980 1135 1180 1188 fuerat.
1209 1132 1450 1186 Proinde
1493 1131 1538 1186 si
1577 1146 1685 1184 XLII
1719 1146 1816 1200 per
1849 1146 1916 1183 xv
1946 1129 2088 1184 divi-

495 1232 600 1296 dis,
629 1246 809 1285 annus
860 1227 1100 1299 prodibit
1144 1226 1463 1281 indictionis
1495 1241 1568 1278 xu
1603 1243 1617 1278 :
1647 1240 1786 1294 quo.
1837 1231 1897 1278 ut
1937 1213 2084 1277 dixi-

493 1339 640 1386 mus.
663 1324 870 1380 ChriSti
897 1322 1098 1376 natalis
1130 1320 1343 1384 incidit,
1370 1317 1840 1390 quemadmodum
1882 1332 2084 1372 rursus

493 1418 628 1476 5601
669 1434 763 1488 per
808 1433 876 1470 xv
920 1415 1097 1468 divisa
1143 1411 1278 1467 dant
1311 1429 1388 1466 xl.
1415 1410 1600 1466 Potest
1627 1419 1808 1464 autem
1850 1418 2086 1478 utroque

494 1509 847 1580 computandi
903 1507 1066 1560 modo
1116 1519 1358 1575 praesens
1410 1502 1728 1556 indictionis
1782 1516 1960 1556 annus
1991 1515 2085 1555 ea-

493 1603 616 1658 dem
654 1601 865 1655 ratione
897 1597 1255 1668 deprehendi.
1290 1596 1360 1651 Ut
1404 1596 1449 1648 si
1501 1609 1678 1648 annos
1715 1593 1909 1646 Adami
1959 1608 2085 1662 pro-

2187 578 2587 652 ψηφιζομένης,
2623 573 2767 628 κατὰ
2786 573 2883 646 τὴν
2913 573 3023 627 τῶν
3049 574 3157 628 ἀπὸ
3199 574 3362 645 Ἀδάμ
3399 575 3537 629 ἑτῶν
3566 577 3647 640 εἰς
3679 577 3771 633 τὸν

2191 678 2250 726 ιε’
2279 669 2578 740 γενομένην
2626 667 2904 720 ἀνάλυσιν.
2933 665 3093 720 Ὅθεν
3120 665 3262 720 κατὰ
3308 667 3512 738 ταύτην
3552 668 3648 738 μὲν
3679 669 3778 740 τὴν

2188 764 2367 836 ψῆφον
2402 763 2521 825 ἔτος
2560 760 2891 823 ίνδικτιῶνος
2931 767 2998 814 ια’
3023 755 3111 830 ῆν,
3157 762 3214 814 ἑν
3241 753 3286 827 ᾧ
3316 760 3536 829 γέγονεν
3570 763 3604 832 ἡ
3635 763 3780 815 κατὰ

2191 857 2370 927 σάρκα
2420 854 2513 907 τοῦ
2553 854 2806 925 Σωτῆρος
2842 853 3126 922 γέννησις·
3169 853 3286 906 κατ’
3331 853 3544 924 ἐκείνην
3589 853 3646 906 δὲ
3687 853 3774 924 ιβ’,

2187 947 2276 1000 διὰ
2301 947 2361 1000 τὸ
2389 946 2447 1000 ἓν
2484 945 2889 1017 προλαμϐάνειν
2923 945 3063 1008 ἔτος.
3099 945 3254 999 Οὕτω
3286 946 3345 1000 δὲ
3379 947 3556 1000 καὶτὸ
3591 947 3778 1000 πανίε-

2192 1056 2283 1111 ρον
2311 1039 2591 1110 βάπτισμα
2623 1045 2654 1092 ι’
2684 1040 2777 1093 καὶ
2811 1045 2900 1103 ια’,
2947 1039 3044 1092 καί
3083 1039 3143 1092 τὸ
3193 1042 3460 1111 σωτήριον
3505 1040 3674 1104 πάθος
3715 1044 3776 1093 ιδ’

2187 1134 2282 1185 καὶ
2315 1138 2395 1185 ιε’.
2428 1131 2518 1202 Τῷ
2563 1133 2672 1204 γὰρ
2721 1139 2810 1202 μγ¹
2848 1133 2946 1202 τῆς
2993 1130 3272 1201 βασιλείας
3314 1131 3626 1201 Αὐγούστου
3677 1132 3777 1204 τὴν

2187 1224 2310 1279 καθ’
2342 1227 2488 1296 ἡμᾶς
2520 1226 2600 1288 ὼς
2639 1225 2926 1296 ἄνθρωπος
2975 1226 3267 1297 πεποίηται
3318 1227 3570 1298 γέννησιν
3607 1229 3637 1280 ὁ
3669 1225 3776 1297 πρὸ

2187 1317 2294 1372 τῶν
2323 1318 2535 1373 αἰώνων
2587 1322 2651 1372 ἑκ
2694 1319 2909 1390 Πατρὸς
2940 1320 3221 1390 γεννηθεὶς
3251 1320 3326 1386 ὼς
3369 1321 3522 1384 Θεός.
3555 1322 3634 1376 Τά
3679 1317 3775 1374 οὖν

2190 1410 2278 1482 μβ¹
2303 1410 2636 1482 μεριζόμενα
2664 1412 2815 1482 παρὰ
2843 1411 2934 1462 τὸν
2956 1417 3038 1474 ιε’,
3078 1410 3142 1480 ιβ’
3175 1415 3272 1482 τῆς
3309 1412 3638 1476 ἰνδικτιῶνος
3662 1411 3773 1467 ἔτει

2186 1503 2533 1573 γεγενῆσθαι,
2587 1503 2768 1566 καθὼς
2799 1503 2955 1573 ἔφην,
3008 1507 3246 1576 παριστᾷ
3281 1504 3375 1558 τοῦ
3426 1505 3632 1577 Κυρίου
3672 1506 3771 1577 τὴν

2186 1595 2438 1666 γέννησιν
2457 1613 2469 1626 ·
2507 1595 2694 1668 ὥσπερ
2723 1592 2815 1651 οὖν
2850 1599 2943 1651 καὶ
2967 1599 3026 1652 ἑν
3061 1604 3128 1651 ια’
3162 1597 3323 1651 πάλιν
3362 1597 3432 1650 τὰ
3459 1604 3592 1665 ,εφα’
3621 1615 3773 1670 μερι-

2187 1687 2389 1760 ζόμενα
2422 1691 2501 1752 εἰς
2544 1690 2636 1742 τὸν
2677 1691 2839 1744 αὑτὸν
2891 1690 3140 1762 ἀριθμόν.
3174 1692 3330 1744 Ἐστι
3371 1690 3428 1744 δὲ
3471 1691 3558 1744 διὰ
3590 1693 3771 1761 ἀμφοο

2185 1778 2358 1850 τέρων
2383 1778 2491 1830 τῶν
2523 1778 2720 1849 ψήφων
2760 1779 2940 1832 καὶτὸ
2967 1778 3062 1835 νῦν
3107 1779 3456 1848 ἐνιστάμενον
3501 1778 3600 1848 τῆς
3647 1778 3768 1831 ἰνδι-

493 1703 614 1766 pter
653 1709 774 1747 cam
825 1707 1082 1757 causam,
1147 1704 1312 1759 quam
1365 1687 1647 1751 diximus,
1685 1700 1794 1738 uno
1849 1685 2084 1753 amplius

493 1795 809 1842 numeratos
847 1782 987 1837 6154
1017 1823 1032 1844 ,
1085 1797 1184 1852 per
1232 1779 1299 1834 15
1353 1778 1566 1833 dividas
1593 1817 1608 1841 ,
1639 1786 1732 1830 aut
1765 1776 1811 1831 si
1843 1791 2017 1830 annos
2052 1791 2084 1830 a

494 1877 742 1934 secundo
776 1873 1123 1946 imperatoris
1148 1871 1384 1942 Augusti
1413 1869 1517 1924 674
1547 1883 1642 1938 per
1675 1867 1927 1922 eumdem
1955 1881 2080 1936 par-

2185 1868 2410 1933 κτιὼνος
2428 1869 2547 1933 ἔτος
2563 1869 2704 1923 κατὰ
2734 1871 2825 1924 τὸν
2844 1871 3030 1943 ὅμοιον
3054 1871 3254 1941 τρόπον
3282 1870 3462 1940 εὑρεῖν
3481 1885 3493 1896 ·
3526 1864 3636 1922 οἷον
3659 1872 3772 1933 τοῖς

493 1969 634 2024 tiare
689 1967 848 2037 182
905 1979 1239 2018 numerum:
1276 1960 1571 2030 utrobique
1602 1957 1891 2028 prmsentis
1950 1957 2078 2010 anni

2189 1962 2286 2033 μὲν
2313 1961 2422 2015 ἀπὸ
2463 1962 2634 2032 Ἀδάμ
2661 1961 2748 2016 διὰ
2774 1963 2872 2034 τὴν
2900 1963 3199 2036 εἰρημένην
3228 1962 3405 2016 αἰτίαν
3431 1961 3571 2015 κατὰ
3601 1963 3771 2033 πρόσ-

495 2060 755 2115 conlicics
783 2057 1135 2111 indictionem
1166 2071 1274 2109 τιν.
1319 2051 1523 2106 Eadem
1557 2052 1612 2104 in
1658 2049 1820 2103 annis
1850 2049 2080 2119 reliquis

2188 2052 2336 2106 θεσιν
2359 2053 2475 2118 ἑνὸς
2505 2054 2660 2118 ἔτους
2683 2055 2998 2125 γενομένοις
3021 2055 3208 2127 ,ς’ρλδν,
3241 2055 3338 2108 καὶ
3365 2056 3445 2118 εἰς
3463 2054 3552 2108 τὸν
3577 2061 3636 2106 ιε’
3658 2053 3774 2107 λυοο

494 2149 784 2205 methodus
815 2145 1122 2201 adhibenda
1145 2187 1160 2212 ,
1197 2154 1255 2200 ut
1297 2141 1598 2214 cujuslibet
1631 2139 1949 2195 indictionis
1975 2156 2080 2194 nu-

2191 2143 2401 2213 μένοις·
2447 2146 2559 2206 τοῖς
2587 2143 2644 2197 δὲ
2693 2143 2801 2196 ἀπὸ
2827 2143 2870 2214 β’
2911 2143 3062 2208 ἔτους
3106 2145 3208 2215 τῆς
3247 2143 3523 2215 βασιλείας
3559 2143 3771 2212 Αὐγού-

499 2255 712 2296 merum
739 2239 1019 2292 obtineas.

2191 2251 2317 2286 στου
2353 2235 2534 2304 μόνοις
2570 2229 2690 2286 οὖσι
2739 2234 2830 2286 τὸν
2862 2233 3090 2305 ἀριθμὸν
3116 2233 3241 2304 χοδ’,
3272 2233 3364 2286 καὶ
3385 2235 3466 2296 εἰς
3495 2230 3586 2286 τὸν
3610 2230 3772 2286 αὐτὸν

495 2332 726 2404 ἀριθμὸν
769 2329 1150 2402 μεριζομένοις
1173 2345 1188 2358 ⁸
1227 2327 1287 2394 ἑξ
1307 2326 1586 2398 ἑκατέρων
1615 2324 1724 2397 γὰρ
1749 2325 1808 2378 ιδ’
1847 2326 2175 2395 γινώσκεται
2208 2329 2269 2382 τὸ
2292 2328 2386 2383 νῦν
2439 2329 2834 2401 ἐνιστάμενον..
2861 2327 3030 2382 Τοῦτο
3085 2329 3140 2382 δὲ
3175 2330 3268 2382 καὶ
3312 2327 3398 2382 ἔπ’
3421 2327 3582 2382 ἄλλου
3631 2345 3771 2382 παν-

493 2429 586 2492 τὸς
623 2429 794 2480 ποιεῖν
824 2427 1090 2497 προσήκει
1125 2424 1250 2486 τοὺς
1281 2423 1372 2476 τὸν
1405 2422 1636 2476 ἑκάστου
1673 2423 1772 2492 τῆς
1810 2421 2138 2486 ίνδικτιῶνος
2169 2423 2322 2488 ἔτους
2347 2425 2659 2478 διασκοπεῖν
2686 2424 2966 2488 ἐθέλοντας
2993 2425 3241 2496 ἀριθμόν.

493 2543 573 2599 De
601 2560 848 2614 responso
881 2541 1007 2596 dato
1029 2539 1332 2623 Zachariae,
1363 2550 1412 2595 et
1437 2539 1664 2596 Joannis
1698 2558 1761 2595 ac
1784 2541 2080 2598 Saluatoris

2182 2547 2324 2616 Περί
2362 2549 2466 2624 tor}
2506 2547 2654 2624 κατζι
2686 2547 2804 2624 Διςὸινς
2835 2546 3154 2624 Ζαχαρίᾳζ
3184 2544 3623 2624 χρηματισμοῦ,
3670 2543 3770 2598 καὶ

1197 2613 1373 2665 annis.
2262 2613 2275 2616 ⁷
2389 2617 2509 2671 τῶν
2537 2619 2644 2672 τοῦ
2686 2613 2958 2671 Ἰωάννου
2983 2613 3082 2670 καί
3107 2613 3379 2686 Σωτῆρος
3403 2613 3576 2670 ἐτῶν.

561 2702 803 2758 XXXIV.
861 2703 936 2759 De
978 2704 1206 2759 oraculo
1251 2718 1512 2773 quoque,
1553 2703 1700 2773 quod
1746 2703 1815 2759 de
1867 2703 2080 2761 Joanne

2255 2711 2376 2763 AA'.
2409 2710 2681 2781 Προσήκει
2710 2710 2767 2762 δὲ
2810 2711 2903 2764 καὶ
2946 2709 3038 2762 τὸν
3065 2708 3192 2780 περὶ
3239 2704 3490 2762 Ἰωάννου
3529 2706 3625 2761 τοῦ
3664 2707 3771 2760 Βα-

491 2795 738 2866 Baptista
767 2794 974 2849 editum
1013 2803 1099 2849 est
1145 2793 1449 2858 Zachariae,
1477 2795 1639 2864 cujus
1671 2805 1798 2850 ante
1832 2798 2078 2851 memini-

2184 2799 2410 2854 πτιστοῦ
2462 2801 2753 2872 γενόμενον
2813 2799 3201 2871 χρηματισμὸν
3253 2799 3330 2869 τῷ
3379 2798 3650 2870 Ζαχαρία,
3707 2793 3770 2854 οὗ

491 2900 617 2940 mus
643 2926 658 2949 ,
693 2899 843 2937 nunc
879 2893 937 2938 ut
967 2884 1104 2937 ordo
1133 2885 1407 2954 postulat,
1444 2887 1758 2942 accuratius
1801 2886 1908 2941 dici
1944 2903 2080 2942 con-

2186 2890 2421 2964 πρόσθεν
2454 2891 2829 2962 ἐμνήσθημεν,
2856 2891 2913 2942 ἑν
2941 2887 3092 2954 τάξει
3115 2890 3183 2942 δι’
3212 2887 3496 2961 ἀκριϐείας
3527 2889 3773 2961 ὑπομνη-

491 2978 660 3041 venit,
687 2987 856 3048 quoto
902 2992 1048 3030 anno
1088 2978 1220 3031 solis
1251 2993 1314 3032 ac
1342 2978 1485 3031 luna!
1531 2979 1845 3049 contigerit.
1904 2979 1982 3034 Ac
2031 2981 2079 3036 si

2189 2983 2433 3053 ματίσαι,
2469 2982 2610 3036 κατὰ
2639 2986 2790 3036 ποῖον
2816 2976 2969 3044 οὗτος
2993 2982 3145 3052 ἡλίου
3180 2982 3273 3034 καί
3300 2979 3525 3050 σελήνης
3547 2979 3770 3048 γέγονεν

491 3070 618 3140 quis
671 3069 952 3124 attendere
1011 3070 1180 3131 velit,
1223 3068 1382 3124 facile
1433 3070 1731 3141 intelliget,
1783 3079 2079 3143 utrumque

2185 3073 2322 3137 ἔτος.
2345 3076 2455 3128 Καὶ
2486 3077 2597 3137 τοῖς
2625 3074 2722 3144 μὲν
2747 3072 3100 3127 ἑπιστατοῦσι
3137 3073 3296 3144 δῆλον
3324 3072 3479 3126 τοῦτο
3500 3072 3770 3144 καθέστη-

490 3177 617 3216 eum
659 3177 805 3228 esse,
836 3162 930 3232 qui
960 3161 1164 3218 Christi
1193 3164 1427 3218 natalem
1477 3165 1722 3235 proxime
1757 3167 2074 3221 antecessit.

2184 3182 2302 3230 κεν,
2336 3166 2412 3228 ὡς
2451 3164 2711 3236 ἑκάτερον
2741 3165 2801 3218 τὸ
2841 3165 2948 3238 πρὸ
2982 3164 3080 3235 τῆς
3112 3163 3206 3217 τοῦ
3248 3163 3500 3235 Σωτῆρος
3531 3163 3766 3234 ὑπάρχει

490 3250 680 3321 Itaque
707 3251 839 3306 solis
878 3268 975 3317 xu,
1012 3253 1153 3307 luna:
1181 3269 1234 3307 Ix
1266 3253 1402 3318 fuit,
1437 3256 1642 3310 mensis
1678 3253 1944 3314 Romanis
1977 3259 2077 3313 Se-

2183 3256 2518 3326 γεννήσεως·
2561 3250 2671 3309 οἷον
2705 3256 2858 3327 ἡλίου
2890 3256 2991 3327 μὲν
3025 3255 3086 3308 τὸ
3123 3254 3211 3326 ιβ’,
3246 3255 3475 3328 σελήνης
3508 3255 3565 3307 δὲ
3606 3254 3668 3308 τὸ
3698 3255 3765 3318 θ’,

491 3343 756 3414 ptember,
793 3344 1020 3415 ejusque
1053 3345 1171 3402 dies
1203 3362 1373 3410 xxvii,
1403 3347 1536 3401 feria
1573 3364 1624 3401 ν.
1653 3347 1787 3402 Nam
1814 3351 1959 3419 quod
2009 3353 2077 3407 ad

2187 3345 2295 3416 μὴν
2338 3344 2394 3397 δὲ
2437 3344 2578 3397 κατὰ
2625 3345 2930 3416 Ῥωμαίους
2972 3343 3344 3416 Σεπτέμϐριος
3387 3339 3476 3415 ἦν,
3508 3344 3694 3398 εἰκάδα
3719 3342 3768 3408 ζ’

489 3435 726 3491 natalem
747 3436 974 3491 Joannis
1015 3439 1227 3504 attinet,
1258 3439 1479 3494 eosdem
1516 3441 1604 3494 hic
1635 3457 1808 3497 annos
1854 3443 1986 3499 solis
2021 3451 2077 3499 et

2183 3438 2345 3509 ἔχων,
2369 3437 2560 3510 ἡμέρα
2581 3437 2680 3507 τῆς
2710 3437 3000 3509 ἑϐδομάδος
3025 3443 3086 3490 ε’.
3115 3437 3189 3490 To
3217 3437 3324 3508 γάρ
3351 3437 3451 3506 τῆς
3477 3435 3640 3488 αὑτοῦ
3669 3433 3766 3491 τοῦ

490 3525 654 3587 lunae,
685 3543 822 3597 quos
859 3526 1160 3586 Salvatoris
1200 3531 1478 3594 nativitas,
1516 3531 1731 3586 habuit.
1776 3531 1883 3588 Sed
1928 3551 2078 3590 men-

491 3618 570 3673 sis
600 3617 850 3674 diversus
885 3619 1025 3687 fuit,
1086 3622 1339 3677 videlicet
1371 3621 1569 3679 Junius
1594 3665 1609 3688 ,
1663 3626 1893 3695 ejusque
1944 3643 2072 3682 xxxv

490 3709 632 3772 dies,
667 3709 800 3765 feria
845 3726 907 3765 ιι.
959 3713 1164 3782 Annus.
1195 3730 1302 3783 quo
1332 3715 1655 3786 martyrium
1686 3718 1844 3780 obiit,
1882 3732 1947 3771 ac
1977 3717 2074 3773 de-

490 3801 724 3856 collatus
750 3810 854 3866 est,
881 3805 1014 3858 solis
1045 3820 1226 3860 annus
1264 3803 1366 3858 luit
1404 3823 1539 3871 xv”,
1583 3808 1726 3862 lunae
1763 3823 1837 3868 IV,
1865 3811 2071 3864 mensis

488 3891 803 3962 Augustus,
839 3894 1069 3965 ejusque
1097 3898 1214 3952 dies
1255 3914 1406 3964 χχιι,
1440 3897 1575 3953 feria
1605 3915 1689 3953 ιιι.
1727 3899 2073 3970 Colliguntur

488 3986 619 4040 anni
647 3985 851 4041 Christi
876 3988 930 4042 in
953 4002 1117 4044 carne
1141 4006 1310 4044 xxxm
1337 4031 1352 4056 ,
1390 3992 1508 4047 dies
1549 4008 1793 4060 Lxxxnt;
1841 3991 2072 4050 Joannis

487 4089 620 4130 vero
653 4075 910 4146 Baptistae
939 4079 1066 4132 anni
1102 4095 1308 4147 χχχιιι,
1355 4082 1473 4138 dies
1533 4097 1707 4138 vau.
1758 4082 1968 4140 Desunt
2001 4082 2073 4138 ad

488 4167 789 4236 explendos
813 4167 1110 4224 Salvatoris
1143 4171 1261 4227 dies
1291 4187 1430 4226 xm.

2195 3530 2441 3584 Ἰωάννου
2471 3531 2779 3601 γεννήσεως
2802 3531 2864 3584 τὸ
2887 3529 3021 3584 αὐτὸ
3044 3526 3111 3601 ἦν
3139 3529 3287 3600 ἡλίου
3318 3547 3375 3582 τε
3413 3529 3506 3581 καιὶ
3537 3528 3764 3600 σελήνης

2178 3621 2317 3687 ἔτος,
2347 3624 2405 3675 ἑν
2427 3615 2471 3690 ᾧ
2492 3623 2712 3691 γέγονεν
2743 3624 2776 3694 ἡ
2802 3622 2895 3676 τοῦ
2923 3623 3172 3694 Σωτῆρος
3197 3621 3474 3691 γέννησις·
3504 3621 3583 3683 είς
3603 3620 3631 3674 δ
3654 3621 3764 3692 μὴν

2178 3713 2461 3786 προδήλως
2509 3715 2716 3784 ἕτερος,
2761 3715 2978 3778 Ἰούνιος
3025 3714 3121 3779 ὢν,
3170 3714 3263 3767 καὶ
3304 3713 3493 3766 εἰκάδα
3528 3713 3568 3766 δ’
3599 3712 3762 3784 ἔχων,

2177 3806 2358 3878 ἡμέρα
2383 3807 2439 3860 δὲ
2471 3807 2570 3878 τῆς
2601 3807 2891 3878 ἑϐδομάδος
2911 3807 2975 3878 β’.
2999 3806 3166 3862 Πάλιν
3191 3806 3248 3860 δὲ
3272 3804 3334 3858 τὸ
3360 3804 3460 3875 τῆς
3482 3804 3646 3858 αὐτοῦ
3677 3822 3768 3858 τε·

2176 3897 2466 3962 λειώσεως,
2497 3899 2666 3970 ἤγουν
2696 3899 2996 3972 ἀποτομῆς,
3027 3899 3178 3971 ἡλίου
3204 3899 3300 3969 μὲν
3327 3897 3389 3950 τὸ
3416 3897 3505 3964 ζι’,
3535 3899 3767 3970 σελήνης

2179 3989 2238 4044 δὲ
2272 3990 2332 4043 τὸ
2363 3990 2436 4043 δ’·
2473 3991 2578 4061 μὴν
2625 3989 2682 4044 δὲ
2717 3990 3048 4059 Αὔγουστος,
3089 3991 3280 4046 εἰκάδα
3321 3991 3366 4044 θ’
3395 3990 3554 4062 ἔχων,
3581 3990 3772 4062 ἡμέρα

2179 4080 2280 4150 τῆς
2305 4080 2599 4150 ἑϐδομάδος
2626 4087 2696 4149 γ’.
2737 4081 2826 4145 Ὣς
2875 4078 3015 4135 εἶναι
3040 4081 3108 4136 τά
3148 4083 3245 4153 μὲν
3289 4082 3432 4136 κατὰ
3460 4084 3638 4152 σάρκα
3669 4079 3762 4134 τοῦ

2179 4172 2430 4244 Σωτῆρος
2481 4171 2576 4243 ἑτη
2623 4173 2725 4240 λγ’,
2759 4174 2974 4244 ἡμέρας
3016 4175 3138 4227 πῖθ’·
3181 4173 3249 4227 τά
3289 4174 3346 4228 δὲ
3379 4175 3624 4228 Ἰωάννου
3666 4171 3768 4226 τοῦ

487 4257 796 4314 Βαπτιστοῦ
826 4261 921 4334 ἐτη
951 4262 1052 4332 λγ’,
1091 4265 1300 4336 ἡμέρας
1331 4265 1430 4333 ξςν,
1470 4267 1727 4332 ἐλάττους
1765 4268 1847 4340 κβν
1881 4269 2243 4340 τυγχάνουσαι
2269 4267 2407 4338 πρὸς
2434 4266 2534 4331 τὰς
2566 4267 2661 4320 τοῦ
2691 4269 2943 4340 Σωτῆρος
2979 4269 3214 4343 ἡμέρας.

560 4355 642 4410 Tu
675 4372 825 4424 vero,
855 4373 886 4411 a
915 4356 1025 4413 Deo
1047 4362 1426 4418 conservande
1456 4363 1696 4429 domine,
1723 4365 1921 4418 horum
1951 4379 2072 4418 om-
2101 4369 2146 4424 Ι)

487 4447 641 4501 nium
672 4449 999 4518 compendio
1039 4451 1139 4504 tibi
1179 4453 1438 4508 traditam
1471 4454 1680 4510 habens
1737 4455 2023 4510 scientiam
2047 4495 2063 4520 ,

485 4539 871 4610 religiosorum
897 4539 1200 4599 Salvatoris
1228 4545 1404 4599 nostri
1431 4545 1697 4600 festorum
1743 4546 2066 4602 solemnita-

485 4637 572 4686 tcs
619 4631 886 4687 observa:
923 4641 982 4687 ut
1030 4645 1290 4704 perpetua
1341 4643 1396 4690 te
1440 4651 1566 4690 cum
1596 4638 1805 4708 angelis
1833 4638 1888 4692 in
1927 4636 2069 4692 C(elo

484 4725 708 4790 chorea,
732 4733 787 4781 et
815 4726 1151 4783 celebritatis
1180 4729 1439 4798 excipiat,
1473 4729 1733 4798 precibus
1785 4737 1840 4784 et
1895 4728 2070 4783 inter-

484 4817 830 4872 cessionibus
863 4817 1274 4887 gloriosissimas
1315 4830 1370 4876 et
1416 4821 1781 4876 immaculata:
1833 4819 2071 4876 domina}

483 4913 686 4960 nostrae
729 4920 796 4960 ac
835 4905 1114 4976 Deiparae,
1159 4923 1486 4982 semperque
1521 4908 1768 4982 Virginis
1797 4909 1983 4964 Mariae
2013 4916 2069 4965 et

481 4995 726 5051 omnium
762 5006 1098 5053 sanctorum.
1126 4999 1331 5056 Amen.

2257 4362 2397 4415 Ἀλλ’
2425 4361 2586 4434 ἔχων,
2619 4363 2953 4433 θεοφύλακτε
2983 4364 3238 4432 δέσποτα,
3260 4365 3465 4418 τούτων
3486 4364 3764 4433 ἑπιτόμως

2173 4451 2582 4523 ὑποδειχθείσαν
2629 4453 2728 4525 τὴν
2773 4455 2997 4524 εἴδησιν,
3045 4455 3273 4526 ἀντέχου
3321 4455 3420 4525 τῆς
3439 4454 3547 4508 τῶν
3601 4454 3765 4526 ἱερῶν

2173 4544 2267 4598 τοῦ
2295 4545 2543 4614 Σωτῆρος
2589 4545 2747 4616 ἡμῶν
2794 4547 3027 4601 τελετῶν
3069 4550 3220 4619 ἱερᾶς
3250 4549 3610 4620 πανηγύρεως
3630 4566 3644 4580 ο
3673 4549 3765 4602 ἵνα

2173 4636 2301 4708 ἑξῆς
2328 4636 2620 4708 άδιαδόχως
2651 4655 2709 4691 σε
2735 4639 3115 4712 διαδεχομένην
3144 4642 3243 4713 τὴν
3273 4643 3331 4695 ἑν
3372 4643 3618 4713 οὐρανοῖς
3641 4644 3759 4713 μετ’

2171 4729 2420 4797 ἀγγέλων
2453 4745 2512 4781 τε
2554 4731 2912 4802 χοροστασίαν
2944 4733 3040 4784 καὶ
3084 4736 3412 4805 πανήγυριν,
3446 4734 3633 4804 εὐχαῖς
3664 4733 3766 4788 καὶ
3847 4769 3850 4772 ι

2173 4821 2494 4893 πρεσϐείαις
2530 4823 2632 4893 τῆς
2676 4824 2998 4891 πανενδόξου
3028 4827 3123 4880 καί
3167 4827 3439 4898 ἀχράντου
3472 4827 3764 4896 δεσποίνης

2172 4911 2331 4982 ἡμῶν
2364 4911 2626 4965 Θεοτὸκου
2658 4913 2752 4966 καὶ
2779 4914 2866 4966 άεί
2893 4913 3173 4986 Παρθένου
3207 4915 3444 4987 Μαρίας,
3477 4913 3572 4966 καί
3620 4914 3760 4967 πάν-

2170 5018 2280 5056 των
2317 5001 2426 5056 τῶν
2459 5003 2650 5072 ἁγίων.
2699 5004 2894 5075 Ἀμήν.

1383 5213 1500 5326 s.
1590 5215 2128 5330 MAXIMI
2207 5172 2857 5332 COMPUTI

1648 5435 1940 5525 PARS
2012 5434 2596 5528 SECU‘NDA.

845 5640 1166 5712 Explicatur
1205 5649 1462 5705 secundus
1503 5667 1696 5706 canon.

545 5725 938 5801 183LCum,
973 5743 1032 5789 ut
1054 5738 1189 5793 ordo
1219 5740 1550 5809 postulabat,
1583 5744 1636 5798 in
1661 5741 1934 5813 superiori
1957 5759 2054 5799 ex-

2422 5655 2737 5727 Ἐξήγ-ησις
2761 5659 2867 5714 τοῦ
2898 5659 3181 5730 δευτέρου
3211 5662 3518 5716 κανονίου.

2235 5749 2313 5802 Δ⁹.
2362 5748 2578 5821 Ἐπειδὴ
2621 5751 3090 5823 προεστειλάμεθα
3146 5753 3286 5808 κατὰ
3325 5754 3477 5818 τάξιν
3526 5755 3607 5816 είς
3655 5752 3757 5822 τὴν

470 5820 742 5888 positione
761 5824 1096 5883 declaratum
1124 5829 1307 5897 fuerit,
1337 5833 1538 5904 quibus
1554 5841 1608 5891 et
1623 5843 1754 5907 quot
1781 5835 1838 5891 in
1862 5835 2046 5918 annis,

2182 5835 2263 5910 5813
2297 5820 2594 5914 γενομένην
2622 5820 2883 5919 ἐξήγησιν
2913 5820 2970 5899 ἑν
3001 5845 3109 5898 τίσι
3147 5849 3238 5900 καὶ
3277 5849 3462 5910 πόσοις
3491 5844 3634 5900 ἔτεσι
3654 5820 3756 5915 τῆς
