  <div class='ocr_page' id='page_1' title='image "/cluster/home/n/w/nwhite01/storage/ocr_20150623/19/nnc1.0037127454/649.png"; bbox 0 0 4132 6410; ppageno 0'>
   <div class='ocr_carea' id='block_1_1' title="bbox 489 394 3760 456">
    <p class='ocr_par' dir='ltr' id='par_1_1' title="bbox 489 394 3760 456">
     <span class='ocr_line' id='line_1_1' title="bbox 489 394 3760 456; baseline -0.001 -2"><span class='ocrx_word' id='word_1_1' title='bbox 489 401 622 456; x_wconf 69' lang='lat'><strong>1235</strong></span> <span class='ocrx_word' id='word_1_2' title='bbox 1510 396 1596 452; x_wconf 82' lang='grc' dir='ltr'><strong>Α’ῐ)</strong></span> <span class='ocrx_word' id='word_1_3' title='bbox 1635 396 1908 456; x_wconf 74' lang='lat' dir='ltr'><strong>EUSEBI!</strong></span> <span class='ocrx_word' id='word_1_4' title='bbox 1949 394 2350 452; x_wconf 74' lang='lat' dir='ltr'><strong>CHRONICON</strong></span> <span class='ocrx_word' id='word_1_5' title='bbox 2388 396 2752 451; x_wconf 75' lang='lat' dir='ltr'><strong>APPENDIX.</strong></span> <span class='ocrx_word' id='word_1_6' title='bbox 3621 395 3760 452; x_wconf 68' lang='lat' dir='ltr'><strong>i256</strong></span> 
     </span>
    </p>
   </div>
   <div class='ocr_carea' id='block_1_2' title="bbox 674 507 3548 567">
    <p class='ocr_par' dir='ltr' id='par_1_2' title="bbox 674 507 3548 567">
     <span class='ocr_line' id='line_1_2' title="bbox 674 507 3548 567; baseline -0.003 -1"><span class='ocrx_word' id='word_1_7' title='bbox 674 518 716 567; x_wconf 77' lang='grc' dir='ltr'>Α</span> <span class='ocrx_word' id='word_1_8' title='bbox 973 517 1012 566; x_wconf 85' lang='grc' dir='ltr'>Β</span> <span class='ocrx_word' id='word_1_9' title='bbox 1246 514 1287 564; x_wconf 99' lang='grc' dir='ltr'><strong>Γ</strong></span> <span class='ocrx_word' id='word_1_10' title='bbox 1533 516 1569 564; x_wconf 89' lang='grc' dir='ltr'><strong>Δ</strong></span> <span class='ocrx_word' id='word_1_11' title='bbox 1813 512 1853 564; x_wconf 99' lang='grc' dir='ltr'><strong>Ε</strong></span> <span class='ocrx_word' id='word_1_12' title='bbox 2350 511 2390 563; x_wconf 93' lang='grc' dir='ltr'><strong>Ε</strong></span> <span class='ocrx_word' id='word_1_13' title='bbox 2643 512 2682 562; x_wconf 89' lang='grc' dir='ltr'>Δ</span> <span class='ocrx_word' id='word_1_14' title='bbox 2924 509 2963 560; x_wconf 90' lang='grc' dir='ltr'><strong>Γ</strong></span> <span class='ocrx_word' id='word_1_15' title='bbox 3206 508 3249 558; x_wconf 90' lang='grc' dir='ltr'><strong>Β</strong></span> <span class='ocrx_word' id='word_1_16' title='bbox 3506 507 3548 558; x_wconf 83' lang='grc' dir='ltr'><strong>Α</strong></span> 
     </span>
    </p>
   </div>
   <div class='ocr_carea' id='block_1_3' title="bbox 605 598 3618 674">
    <p class='ocr_par' dir='ltr' id='par_1_3' title="bbox 605 598 3618 674">
     <span class='ocr_line' id='line_1_3' title="bbox 605 598 3618 674; baseline -0.002 -17"><span class='ocrx_word' id='word_1_17' title='bbox 605 605 796 674; x_wconf 72' lang='grc' dir='ltr'><strong>Ῥμϐό-</strong></span> <span class='ocrx_word' id='word_1_18' title='bbox 1174 605 1340 674; x_wconf 80' lang='grc' dir='ltr'>Σελή-</span> <span class='ocrx_word' id='word_1_19' title='bbox 1482 605 1620 656; x_wconf 80' lang='grc' dir='ltr'>Ἐπα</span> <span class='ocrx_word' id='word_1_20' title='bbox 1733 605 1929 674; x_wconf 82' lang='grc' dir='ltr'>Περιτ-</span> <span class='ocrx_word' id='word_1_21' title='bbox 2283 602 2460 673; x_wconf 86' lang='grc' dir='ltr'>Προσ-</span> <span class='ocrx_word' id='word_1_22' title='bbox 2605 603 2715 658; x_wconf 85' lang='grc' dir='ltr'><strong>Πο-</strong></span> <span class='ocrx_word' id='word_1_23' title='bbox 2826 600 3012 670; x_wconf 83' lang='grc' dir='ltr'>Μῆνες</span> <span class='ocrx_word' id='word_1_24' title='bbox 3135 599 3303 652; x_wconf 85' lang='grc' dir='ltr'>Ἐπα-</span> <span class='ocrx_word' id='word_1_25' title='bbox 3451 598 3618 668; x_wconf 83' lang='grc' dir='ltr'>Σελή-</span> 
     </span>
    </p>
   </div>
   <div class='ocr_carea' id='block_1_4' title="bbox 606 689 3658 767">
    <p class='ocr_par' dir='ltr' id='par_1_4' title="bbox 606 689 3658 767">
     <span class='ocr_line' id='line_1_4' title="bbox 606 689 3658 767; baseline -0.001 -19"><span class='ocrx_word' id='word_1_26' title='bbox 606 697 773 760; x_wconf 64' lang='grc' dir='ltr'>λιμιοι.</span> <span class='ocrx_word' id='word_1_27' title='bbox 1145 714 1240 767; x_wconf 85' lang='grc' dir='ltr'><strong>νης</strong></span> <span class='ocrx_word' id='word_1_28' title='bbox 1275 696 1392 766; x_wconf 82' lang='grc' dir='ltr'>ἔτη.</span> <span class='ocrx_word' id='word_1_29' title='bbox 1471 695 1619 747; x_wconf 86' lang='grc' dir='ltr'>κταί.</span> <span class='ocrx_word' id='word_1_30' title='bbox 1767 693 1884 749; x_wconf 88' lang='grc' dir='ltr'>ταί.</span> <span class='ocrx_word' id='word_1_31' title='bbox 2280 694 2453 750; x_wconf 84' lang='grc' dir='ltr'>θεταί.</span> <span class='ocrx_word' id='word_1_32' title='bbox 2543 697 2748 748; x_wconf 87' lang='grc' dir='ltr'>σταίαι.</span> <span class='ocrx_word' id='word_1_33' title='bbox 2838 693 2973 745; x_wconf 91' lang='grc' dir='ltr'><strong>Ῥω-</strong></span> <span class='ocrx_word' id='word_1_34' title='bbox 3153 689 3304 748; x_wconf 86' lang='grc' dir='ltr'>κταί.</span> <span class='ocrx_word' id='word_1_35' title='bbox 3416 708 3515 762; x_wconf 87' lang='grc' dir='ltr'><strong>νης</strong></span> <span class='ocrx_word' id='word_1_36' title='bbox 3540 691 3658 763; x_wconf 86' lang='grc' dir='ltr'>ἔτη.</span> 
     </span>
    </p>
   </div>
   <div class='ocr_carea' id='block_1_5' title="bbox 2819 782 3015 852">
    <p class='ocr_par' dir='ltr' id='par_1_5' title="bbox 2819 782 3015 852">
     <span class='ocr_line' id='line_1_5' title="bbox 2819 782 3015 852; baseline 0.005 -17"><span class='ocrx_word' id='word_1_37' title='bbox 2819 782 3015 852; x_wconf 84' lang='grc' dir='ltr'>μαίων.</span> 
     </span>
    </p>
   </div>
   <div class='ocr_carea' id='block_1_6' title="bbox 958 893 2077 964">
    <p class='ocr_par' dir='ltr' id='par_1_6' title="bbox 958 895 1877 948">
     <span class='ocr_line' id='line_1_6' title="bbox 958 895 1877 948; baseline -0.002 0"><span class='ocrx_word' id='word_1_38' title='bbox 958 900 997 948; x_wconf 83' lang='grc' dir='ltr'><strong>Δ</strong></span> <span class='ocrx_word' id='word_1_39' title='bbox 1249 898 1295 948; x_wconf 81' lang='grc' dir='ltr'><strong>Λ</strong></span> <span class='ocrx_word' id='word_1_40' title='bbox 1525 897 1592 947; x_wconf 85' lang='grc' dir='ltr'><strong>ΙΒ</strong></span> <span class='ocrx_word' id='word_1_41' title='bbox 1805 895 1877 947; x_wconf 78' lang='grc' dir='ltr'><strong>ΙΔ.</strong></span> 
     </span>
    </p>
   </div>
   <div class='ocr_carea' id='block_1_7' title="bbox 2172 893 3552 964">
    <p class='ocr_par' dir='ltr' id='par_1_7' title="bbox 2635 893 3552 964">
     <span class='ocr_line' id='line_1_7' title="bbox 2635 893 3552 964; baseline 0 -18"><span class='ocrx_word' id='word_1_42' title='bbox 2635 894 2678 946; x_wconf 89' lang='lat' dir='ltr'><strong>B</strong></span> <span class='ocrx_word' id='word_1_43' title='bbox 2842 893 3056 964; x_wconf 84' lang='grc' dir='ltr'>Ἀπρίλ.</span> <span class='ocrx_word' id='word_1_44' title='bbox 3223 893 3288 946; x_wconf 84' lang='lat' dir='ltr'><strong>IB</strong></span> <span class='ocrx_word' id='word_1_45' title='bbox 3513 895 3552 946; x_wconf 82' lang='lat' dir='ltr'><strong>A</strong></span> 
     </span>
    </p>
   </div>
   <div class='ocr_carea' id='block_1_8' title="bbox 965 969 2077 1058">
    <p class='ocr_par' dir='ltr' id='par_1_8' title="bbox 965 987 1870 1041">
     <span class='ocr_line' id='line_1_8' title="bbox 965 987 1870 1041; baseline -0.003 0"><span class='ocrx_word' id='word_1_46' title='bbox 965 990 1006 1041; x_wconf 83' lang='grc' dir='ltr'><strong>Ε</strong></span> <span class='ocrx_word' id='word_1_47' title='bbox 1257 988 1299 1039; x_wconf 86' lang='grc' dir='ltr'><strong>Β</strong></span> <span class='ocrx_word' id='word_1_48' title='bbox 1514 987 1608 1039; x_wconf 87' lang='grc' dir='ltr'>ΚΓ</span> <span class='ocrx_word' id='word_1_49' title='bbox 1805 988 1870 1039; x_wconf 89' lang='grc' dir='ltr'>ΙΔ</span> 
     </span>
    </p>
   </div>
   <div class='ocr_carea' id='block_1_9' title="bbox 2172 969 3552 1058">
    <p class='ocr_par' dir='ltr' id='par_1_9' title="bbox 2343 969 3552 1058">
     <span class='ocr_line' id='line_1_9' title="bbox 2343 969 3552 1058; baseline -0.002 -17"><span class='ocrx_word' id='word_1_50' title='bbox 2343 987 2386 1041; x_wconf 93' lang='grc' dir='ltr'><strong>Δ</strong></span> <span class='ocrx_word' id='word_1_51' title='bbox 2612 988 2708 1039; x_wconf 90' lang='grc' dir='ltr'>ΚΒ</span> <span class='ocrx_word' id='word_1_52' title='bbox 2821 969 3022 1058; x_wconf 44' lang='grc' dir='ltr'><strong>’Μάριλ</strong></span> <span class='ocrx_word' id='word_1_53' title='bbox 3211 987 3304 1039; x_wconf 88' lang='grc' dir='ltr'>ΚΓ</span> <span class='ocrx_word' id='word_1_54' title='bbox 3510 986 3552 1039; x_wconf 90' lang='grc' dir='ltr'><strong>Ε</strong></span> 
     </span>
    </p>
   </div>
   <div class='ocr_carea' id='block_1_10' title="bbox 582 1075 3558 1146">
    <p class='ocr_par' dir='ltr' id='par_1_10' title="bbox 582 1075 3558 1146">
     <span class='ocr_line' id='line_1_10' title="bbox 582 1075 3558 1146; baseline -0.001 -18"><span class='ocrx_word' id='word_1_55' title='bbox 582 1075 797 1146; x_wconf 78' lang='grc' dir='ltr'><strong>Ἐμϐόλ.</strong></span> <span class='ocrx_word' id='word_1_56' title='bbox 949 1078 1006 1143; x_wconf 70' lang='grc' dir='ltr'><strong>ς</strong></span> <span class='ocrx_word' id='word_1_57' title='bbox 1255 1076 1298 1128; x_wconf 93' lang='grc' dir='ltr'><strong>Γ</strong></span> <span class='ocrx_word' id='word_1_58' title='bbox 1536 1079 1574 1126; x_wconf 93' lang='grc' dir='ltr'>Δ</span> <span class='ocrx_word' id='word_1_59' title='bbox 1805 1077 1871 1129; x_wconf 85' lang='grc' dir='ltr'>ῐΔ</span> <span class='ocrx_word' id='word_1_60' title='bbox 2631 1077 2653 1130; x_wconf 80' lang='grc'><strong>1</strong></span> <span class='ocrx_word' id='word_1_61' title='bbox 2822 1079 2833 1096; x_wconf 79' lang='grc'>⁸</span> <span class='ocrx_word' id='word_1_62' title='bbox 2846 1075 3056 1146; x_wconf 82' lang='grc' dir='ltr'>Ἀπρίλ.</span> <span class='ocrx_word' id='word_1_63' title='bbox 3224 1077 3263 1126; x_wconf 91' lang='grc' dir='ltr'>Δ</span> <span class='ocrx_word' id='word_1_64' title='bbox 3500 1077 3558 1143; x_wconf 70' lang='grc' dir='ltr'>ς</span> 
     </span>
    </p>
   </div>
   <div class='ocr_carea' id='block_1_11' title="bbox 955 1166 3555 1238">
    <p class='ocr_par' dir='ltr' id='par_1_11' title="bbox 955 1166 3555 1238">
     <span class='ocr_line' id='line_1_11' title="bbox 955 1166 3555 1238; baseline 0.002 -20"><span class='ocrx_word' id='word_1_65' title='bbox 955 1167 992 1218; x_wconf 99' lang='grc' dir='ltr'><strong>Ζ</strong></span> <span class='ocrx_word' id='word_1_66' title='bbox 1250 1167 1291 1218; x_wconf 83' lang='grc' dir='ltr'><strong>Δ</strong></span> <span class='ocrx_word' id='word_1_67' title='bbox 1527 1166 1591 1217; x_wconf 88' lang='lat' dir='ltr'><strong>IE</strong></span> <span class='ocrx_word' id='word_1_68' title='bbox 1779 1167 1866 1231; x_wconf 65' lang='lat' dir='ltr'><strong>ia</strong></span> <span class='ocrx_word' id='word_1_69' title='bbox 2337 1167 2383 1224; x_wconf 86' lang='grc' dir='ltr'><strong>Δ</strong></span> <span class='ocrx_word' id='word_1_70' title='bbox 2619 1171 2665 1224; x_wconf 91' lang='grc' dir='ltr'><strong>Λ</strong></span> <span class='ocrx_word' id='word_1_71' title='bbox 2842 1169 3024 1238; x_wconf 84' lang='grc' dir='ltr'>Μάρτ.</span> <span class='ocrx_word' id='word_1_72' title='bbox 3226 1167 3291 1218; x_wconf 88' lang='lat' dir='ltr'><strong>IE</strong></span> <span class='ocrx_word' id='word_1_73' title='bbox 3515 1170 3555 1223; x_wconf 93' lang='grc' dir='ltr'><strong>Ζ</strong></span> 
     </span>
    </p>
   </div>
   <div class='ocr_carea' id='block_1_12' title="bbox 583 1257 2077 1331">
    <p class='ocr_par' dir='ltr' id='par_1_12' title="bbox 583 1257 1876 1328">
     <span class='ocr_line' id='line_1_12' title="bbox 583 1257 1876 1328; baseline -0.001 -19"><span class='ocrx_word' id='word_1_74' title='bbox 583 1257 796 1328; x_wconf 78' lang='grc' dir='ltr'>Ἐμϐόλ.</span> <span class='ocrx_word' id='word_1_75' title='bbox 951 1258 999 1310; x_wconf 90' lang='grc' dir='ltr'>ιι</span> <span class='ocrx_word' id='word_1_76' title='bbox 1239 1257 1280 1310; x_wconf 87' lang='lat' dir='ltr'><strong>E</strong></span> <span class='ocrx_word' id='word_1_77' title='bbox 1501 1258 1614 1323; x_wconf 75' lang='lat' dir='ltr'><strong>Kc;</strong></span> <span class='ocrx_word' id='word_1_78' title='bbox 1811 1258 1876 1308; x_wconf 89' lang='lat' dir='ltr'><strong>IE</strong></span> 
     </span>
    </p>
   </div>
   <div class='ocr_carea' id='block_1_13' title="bbox 2172 1257 3555 1331">
    <p class='ocr_par' dir='ltr' id='par_1_13' title="bbox 2562 1259 3555 1331">
     <span class='ocr_line' id='line_1_13' title="bbox 2562 1259 3555 1331; baseline 0 -17"><span class='ocrx_word' id='word_1_79' title='bbox 2562 1306 2567 1313; x_wconf 94' lang='lat'>.</span> <span class='ocrx_word' id='word_1_80' title='bbox 2604 1263 2677 1314; x_wconf 94' lang='grc' dir='ltr'>ιιι</span> <span class='ocrx_word' id='word_1_81' title='bbox 2850 1259 3059 1331; x_wconf 82' lang='grc' dir='ltr'>Ἀπρίλ.</span> <span class='ocrx_word' id='word_1_82' title='bbox 3206 1260 3316 1326; x_wconf 76' lang='lat' dir='ltr'><strong>Kq</strong></span> <span class='ocrx_word' id='word_1_83' title='bbox 3510 1262 3555 1314; x_wconf 79' lang='grc' dir='ltr'>ιι</span> 
     </span>
    </p>
   </div>
   <div class='ocr_carea' id='block_1_14' title="bbox 951 1348 3555 1422">
    <p class='ocr_par' dir='ltr' id='par_1_14' title="bbox 951 1348 3555 1422">
     <span class='ocr_line' id='line_1_14' title="bbox 951 1348 3555 1422; baseline 0.001 -20"><span class='ocrx_word' id='word_1_84' title='bbox 951 1349 995 1402; x_wconf 81' lang='grc' dir='ltr'>θ</span> <span class='ocrx_word' id='word_1_85' title='bbox 1242 1350 1302 1417; x_wconf 77' lang='lat' dir='ltr'><strong>q</strong></span> <span class='ocrx_word' id='word_1_86' title='bbox 1545 1349 1582 1401; x_wconf 90' lang='grc' dir='ltr'><strong>Ζ</strong></span> <span class='ocrx_word' id='word_1_87' title='bbox 1809 1348 1874 1400; x_wconf 89' lang='lat' dir='ltr'><strong>lE</strong></span> <span class='ocrx_word' id='word_1_88' title='bbox 2627 1353 2664 1404; x_wconf 96' lang='lat' dir='ltr'>z</span> <span class='ocrx_word' id='word_1_89' title='bbox 2857 1350 3074 1422; x_wconf 87' lang='grc' dir='ltr'>Ἀπρίλ.</span> <span class='ocrx_word' id='word_1_90' title='bbox 3237 1351 3275 1402; x_wconf 94' lang='grc' dir='ltr'><strong>Ζ</strong></span> <span class='ocrx_word' id='word_1_91' title='bbox 3512 1351 3555 1404; x_wconf 83' lang='grc' dir='ltr'>Θ</span> 
     </span>
    </p>
   </div>
   <div class='ocr_carea' id='block_1_15' title="bbox 958 1439 2077 1510">
    <p class='ocr_par' dir='ltr' id='par_1_15' title="bbox 958 1439 1872 1493">
     <span class='ocr_line' id='line_1_15' title="bbox 958 1439 1872 1493; baseline -0.002 0"><span class='ocrx_word' id='word_1_92' title='bbox 958 1442 978 1493; x_wconf 88' lang='lat' dir='ltr'><strong>l</strong></span> <span class='ocrx_word' id='word_1_93' title='bbox 1241 1441 1280 1493; x_wconf 90' lang='grc' dir='ltr'><strong>Ζ</strong></span> <span class='ocrx_word' id='word_1_94' title='bbox 1516 1441 1588 1493; x_wconf 83' lang='lat' dir='ltr'><strong>IH</strong></span> <span class='ocrx_word' id='word_1_95' title='bbox 1805 1439 1872 1492; x_wconf 87' lang='lat' dir='ltr'><strong>1E</strong></span> 
     </span>
    </p>
   </div>
   <div class='ocr_carea' id='block_1_16' title="bbox 2172 1439 3546 1510">
    <p class='ocr_par' dir='ltr' id='par_1_16' title="bbox 2340 1441 3546 1510">
     <span class='ocr_line' id='line_1_16' title="bbox 2340 1441 3546 1510; baseline -0.005 -10"><span class='ocrx_word' id='word_1_96' title='bbox 2340 1446 2380 1500; x_wconf 92' lang='grc' dir='ltr'><strong>Δ</strong></span> <span class='ocrx_word' id='word_1_97' title='bbox 2596 1443 2685 1495; x_wconf 85' lang='grc' dir='ltr'>ΚΖ</span> <span class='ocrx_word' id='word_1_98' title='bbox 2855 1441 3038 1510; x_wconf 77' lang='grc' dir='ltr'>Μάρτ.</span> <span class='ocrx_word' id='word_1_99' title='bbox 3220 1441 3292 1492; x_wconf 83' lang='lat' dir='ltr'><strong>lH</strong></span> <span class='ocrx_word' id='word_1_100' title='bbox 3525 1443 3546 1494; x_wconf 90' lang='grc' dir='ltr'>ι</span> 
     </span>
    </p>
   </div>
   <div class='ocr_carea' id='block_1_17' title="bbox 587 1529 3566 1605">
    <p class='ocr_par' dir='ltr' id='par_1_17' title="bbox 587 1529 3566 1605">
     <span class='ocr_line' id='line_1_17' title="bbox 587 1529 3566 1605; baseline -0.001 -18"><span class='ocrx_word' id='word_1_101' title='bbox 587 1533 802 1605; x_wconf 78' lang='grc' dir='ltr'>Ἐμ66λ.</span> <span class='ocrx_word' id='word_1_102' title='bbox 949 1534 1018 1586; x_wconf 74' lang='grc' dir='ltr'><strong>ιΑ</strong></span> <span class='ocrx_word' id='word_1_103' title='bbox 1235 1534 1283 1585; x_wconf 81' lang='grc' dir='ltr'>ιι</span> <span class='ocrx_word' id='word_1_104' title='bbox 1501 1531 1596 1585; x_wconf 79' lang='lat' dir='ltr'><strong>xe</strong></span> <span class='ocrx_word' id='word_1_105' title='bbox 1801 1529 1870 1583; x_wconf 76' lang='grc' dir='ltr'>ιε</span> <span class='ocrx_word' id='word_1_106' title='bbox 2616 1535 2680 1587; x_wconf 80' lang='lat' dir='ltr'><strong>IE</strong></span> <span class='ocrx_word' id='word_1_107' title='bbox 2857 1533 3068 1604; x_wconf 82' lang='grc' dir='ltr'>Ἀπρίλ.</span> <span class='ocrx_word' id='word_1_108' title='bbox 3203 1532 3297 1585; x_wconf 81' lang='lat' dir='ltr'><strong>Ke</strong></span> <span class='ocrx_word' id='word_1_109' title='bbox 3499 1535 3566 1585; x_wconf 77' lang='lat' dir='ltr'><strong>lA</strong></span> 
     </span>
    </p>
   </div>
   <div class='ocr_carea' id='block_1_18' title="bbox 941 1624 2077 1696">
    <p class='ocr_par' dir='ltr' id='par_1_18' title="bbox 941 1624 1864 1680">
     <span class='ocr_line' id='line_1_18' title="bbox 941 1624 1864 1680; baseline -0.004 -1"><span class='ocrx_word' id='word_1_110' title='bbox 941 1628 1006 1680; x_wconf 88' lang='lat' dir='ltr'>IB</span> <span class='ocrx_word' id='word_1_111' title='bbox 1228 1627 1272 1679; x_wconf 84' lang='grc' dir='ltr'><strong>Θ</strong></span> <span class='ocrx_word' id='word_1_112' title='bbox 1526 1628 1546 1678; x_wconf 92' lang='grc'><strong>1</strong></span> <span class='ocrx_word' id='word_1_113' title='bbox 1797 1624 1864 1676; x_wconf 84' lang='lat' dir='ltr'><strong>1E</strong></span> 
     </span>
    </p>
   </div>
   <div class='ocr_carea' id='block_1_19' title="bbox 2172 1624 3571 1696">
    <p class='ocr_par' dir='ltr' id='par_1_19' title="bbox 2623 1625 3571 1696">
     <span class='ocr_line' id='line_1_19' title="bbox 2623 1625 3571 1696; baseline -0.003 -17"><span class='ocrx_word' id='word_1_114' title='bbox 2623 1635 2661 1679; x_wconf 78' lang='grc' dir='ltr'>Δ</span> <span class='ocrx_word' id='word_1_115' title='bbox 2852 1625 3065 1696; x_wconf 82' lang='grc' dir='ltr'>Ἀπρίλ.</span> <span class='ocrx_word' id='word_1_116' title='bbox 3241 1626 3261 1676; x_wconf 95' lang='grc' dir='ltr'>ι</span> <span class='ocrx_word' id='word_1_117' title='bbox 3507 1625 3571 1677; x_wconf 86' lang='lat' dir='ltr'><strong>lB</strong></span> 
     </span>
    </p>
   </div>
   <div class='ocr_carea' id='block_1_20' title="bbox 945 1715 2077 1790">
    <p class='ocr_par' dir='ltr' id='par_1_20' title="bbox 945 1715 1869 1770">
     <span class='ocr_line' id='line_1_20' title="bbox 945 1715 1869 1770; baseline -0.004 0"><span class='ocrx_word' id='word_1_118' title='bbox 945 1718 1010 1770; x_wconf 85' lang='grc' dir='ltr'><strong>ΙΓ</strong></span> <span class='ocrx_word' id='word_1_119' title='bbox 1255 1717 1272 1769; x_wconf 91' lang='lat' dir='ltr'><strong>l</strong></span> <span class='ocrx_word' id='word_1_120' title='bbox 1489 1717 1586 1768; x_wconf 85' lang='grc' dir='ltr'>ΚΑ</span> <span class='ocrx_word' id='word_1_121' title='bbox 1805 1715 1869 1766; x_wconf 84' lang='grc' dir='ltr'>ΙΕ</span> 
     </span>
    </p>
   </div>
   <div class='ocr_carea' id='block_1_21' title="bbox 2172 1715 3570 1790">
    <p class='ocr_par' dir='ltr' id='par_1_21' title="bbox 2339 1716 3570 1790">
     <span class='ocr_line' id='line_1_21' title="bbox 2339 1716 3570 1790; baseline -0.003 -18"><span class='ocrx_word' id='word_1_122' title='bbox 2339 1723 2376 1772; x_wconf 93' lang='grc' dir='ltr'>Δ</span> <span class='ocrx_word' id='word_1_123' title='bbox 2591 1721 2686 1772; x_wconf 79' lang='grc' dir='ltr'>ΚΑ</span> <span class='ocrx_word' id='word_1_124' title='bbox 2855 1718 3038 1790; x_wconf 86' lang='grc' dir='ltr'>Μάρτ.</span> <span class='ocrx_word' id='word_1_125' title='bbox 3200 1720 3297 1771; x_wconf 81' lang='grc' dir='ltr'>ΚΑ</span> <span class='ocrx_word' id='word_1_126' title='bbox 3505 1716 3570 1768; x_wconf 79' lang='lat' dir='ltr'><strong>Il‘</strong></span> 
     </span>
    </p>
   </div>
   <div class='ocr_carea' id='block_1_22' title="bbox 587 1806 2077 1881">
    <p class='ocr_par' dir='ltr' id='par_1_22' title="bbox 587 1806 1868 1881">
     <span class='ocr_line' id='line_1_22' title="bbox 587 1806 1868 1881; baseline -0.005 -18"><span class='ocrx_word' id='word_1_127' title='bbox 587 1810 802 1881; x_wconf 78' lang='grc' dir='ltr'>Ἐμϐόλ.</span> <span class='ocrx_word' id='word_1_128' title='bbox 939 1812 1002 1862; x_wconf 75' lang='grc' dir='ltr'><strong>ιΑ</strong></span> <span class='ocrx_word' id='word_1_129' title='bbox 1214 1811 1282 1861; x_wconf 67' lang='grc' dir='ltr'>ιιι</span> <span class='ocrx_word' id='word_1_130' title='bbox 1517 1807 1559 1858; x_wconf 92' lang='lat' dir='ltr'><strong>B</strong></span> <span class='ocrx_word' id='word_1_131' title='bbox 1802 1806 1868 1858; x_wconf 78' lang='grc' dir='ltr'>ιε</span> 
     </span>
    </p>
   </div>
   <div class='ocr_carea' id='block_1_23' title="bbox 2172 1806 3570 1881">
    <p class='ocr_par' dir='ltr' id='par_1_23' title="bbox 2617 1807 3570 1878">
     <span class='ocr_line' id='line_1_23' title="bbox 2617 1807 3570 1878; baseline 0 -18"><span class='ocrx_word' id='word_1_132' title='bbox 2617 1809 2684 1860; x_wconf 86' lang='lat' dir='ltr'><strong>IB</strong></span> <span class='ocrx_word' id='word_1_133' title='bbox 2863 1807 3079 1878; x_wconf 82' lang='grc' dir='ltr'>Ἀπρῐλ.</span> <span class='ocrx_word' id='word_1_134' title='bbox 3226 1809 3268 1859; x_wconf 88' lang='lat' dir='ltr'><strong>B</strong></span> <span class='ocrx_word' id='word_1_135' title='bbox 3508 1810 3570 1860; x_wconf 75' lang='lat' dir='ltr'><strong>1A</strong></span> 
     </span>
    </p>
   </div>
   <div class='ocr_carea' id='block_1_24' title="bbox 940 1899 2077 1976">
    <p class='ocr_par' dir='ltr' id='par_1_24' title="bbox 940 1899 1866 1976">
     <span class='ocr_line' id='line_1_24' title="bbox 940 1899 1866 1976; baseline -0.004 -22"><span class='ocrx_word' id='word_1_136' title='bbox 940 1904 1004 1954; x_wconf 73' lang='grc' dir='ltr'>ιε</span> <span class='ocrx_word' id='word_1_137' title='bbox 1206 1901 1274 1953; x_wconf 88' lang='lat' dir='ltr'><strong>IB</strong></span> <span class='ocrx_word' id='word_1_138' title='bbox 1504 1901 1566 1951; x_wconf 81' lang='lat' dir='ltr'><strong>IA</strong></span> <span class='ocrx_word' id='word_1_139' title='bbox 1799 1899 1866 1976; x_wconf 67' lang='grc' dir='ltr'>ιιι</span> 
     </span>
    </p>
   </div>
   <div class='ocr_carea' id='block_1_25' title="bbox 2172 1899 3572 1976">
    <p class='ocr_par' dir='ltr' id='par_1_25' title="bbox 2633 1899 3572 1970">
     <span class='ocr_line' id='line_1_25' title="bbox 2633 1899 3572 1970; baseline 0 -16"><span class='ocrx_word' id='word_1_140' title='bbox 2633 1903 2679 1954; x_wconf 81' lang='grc' dir='ltr'><strong>Α</strong></span> <span class='ocrx_word' id='word_1_141' title='bbox 2863 1899 3077 1970; x_wconf 81' lang='grc' dir='ltr'>Ἀπριλ.</span> <span class='ocrx_word' id='word_1_142' title='bbox 3214 1900 3280 1952; x_wconf 83' lang='grc' dir='ltr'>ιΓ</span> <span class='ocrx_word' id='word_1_143' title='bbox 3505 1901 3572 1954; x_wconf 73' lang='grc' dir='ltr'>ιιι</span> 
     </span>
    </p>
   </div>
   <div class='ocr_carea' id='block_1_26' title="bbox 938 1992 3572 2066">
    <p class='ocr_par' dir='ltr' id='par_1_26' title="bbox 938 1992 3572 2066">
     <span class='ocr_line' id='line_1_26' title="bbox 938 1992 3572 2066; baseline -0.001 -18"><span class='ocrx_word' id='word_1_144' title='bbox 938 1998 1020 2062; x_wconf 66' lang='grc' dir='ltr'><strong>ις</strong></span> <span class='ocrx_word' id='word_1_145' title='bbox 1204 1994 1269 2046; x_wconf 78' lang='lat' dir='ltr'><strong>II‘</strong></span> <span class='ocrx_word' id='word_1_146' title='bbox 1486 1993 1582 2047; x_wconf 84' lang='lat' dir='ltr'><strong>KE</strong></span> <span class='ocrx_word' id='word_1_147' title='bbox 1797 1992 1865 2044; x_wconf 86' lang='lat' dir='ltr'><strong>IE</strong></span> <span class='ocrx_word' id='word_1_148' title='bbox 2349 1997 2390 2050; x_wconf 93' lang='grc' dir='ltr'><strong>Δ</strong></span> <span class='ocrx_word' id='word_1_149' title='bbox 2603 1997 2700 2048; x_wconf 84' lang='grc' dir='ltr'>ΚΑ</span> <span class='ocrx_word' id='word_1_150' title='bbox 2847 1995 3028 2066; x_wconf 81' lang='grc' dir='ltr'>Μάρτ.</span> <span class='ocrx_word' id='word_1_151' title='bbox 3197 1995 3286 2046; x_wconf 84' lang='grc' dir='ltr'>ΚΔ</span> <span class='ocrx_word' id='word_1_152' title='bbox 3491 1995 3572 2062; x_wconf 71' lang='grc' dir='ltr'>ις</span> 
     </span>
    </p>
   </div>
   <div class='ocr_carea' id='block_1_27' title="bbox 584 2083 3570 2159">
    <p class='ocr_par' dir='ltr' id='par_1_27' title="bbox 584 2083 3570 2159">
     <span class='ocr_line' id='line_1_27' title="bbox 584 2083 3570 2159; baseline 0 -19"><span class='ocrx_word' id='word_1_153' title='bbox 584 2087 796 2159; x_wconf 79' lang='grc' dir='ltr'><strong>Ἐμϐόλ.</strong></span> <span class='ocrx_word' id='word_1_154' title='bbox 931 2089 994 2140; x_wconf 87' lang='lat' dir='ltr'><strong>lZ</strong></span> <span class='ocrx_word' id='word_1_155' title='bbox 1195 2087 1258 2138; x_wconf 86' lang='grc' dir='ltr'>ΙΔ</span> <span class='ocrx_word' id='word_1_156' title='bbox 1495 2087 1554 2152; x_wconf 66' lang='grc' dir='ltr'><strong>(ἶ</strong></span> <span class='ocrx_word' id='word_1_157' title='bbox 1800 2083 1867 2138; x_wconf 85' lang='grc' dir='ltr'>ΙΕ</span> <span class='ocrx_word' id='word_1_158' title='bbox 2625 2089 2666 2141; x_wconf 88' lang='grc' dir='ltr'>Ε</span> <span class='ocrx_word' id='word_1_159' title='bbox 2845 2085 3057 2158; x_wconf 86' lang='grc' dir='ltr'>Ἀπρίλ.</span> <span class='ocrx_word' id='word_1_160' title='bbox 3216 2087 3256 2138; x_wconf 89' lang='grc' dir='ltr'><strong>Ε</strong></span> <span class='ocrx_word' id='word_1_161' title='bbox 3508 2089 3570 2140; x_wconf 87' lang='grc' dir='ltr'><strong>ΙΖ</strong></span> 
     </span>
    </p>
   </div>
   <div class='ocr_carea' id='block_1_28' title="bbox 937 2176 2077 2246">
    <p class='ocr_par' dir='ltr' id='par_1_28' title="bbox 937 2176 1861 2231">
     <span class='ocr_line' id='line_1_28' title="bbox 937 2176 1861 2231; baseline -0.003 0"><span class='ocrx_word' id='word_1_162' title='bbox 937 2181 1008 2231; x_wconf 86' lang='lat' dir='ltr'><strong>lH</strong></span> <span class='ocrx_word' id='word_1_163' title='bbox 1200 2178 1267 2231; x_wconf 83' lang='lat' dir='ltr'><strong>1E</strong></span> <span class='ocrx_word' id='word_1_164' title='bbox 1502 2178 1565 2230; x_wconf 87' lang='lat' dir='ltr'><strong>lZ</strong></span> <span class='ocrx_word' id='word_1_165' title='bbox 1795 2176 1861 2229; x_wconf 85' lang='lat' dir='ltr'><strong>IE</strong></span> 
     </span>
    </p>
   </div>
   <div class='ocr_carea' id='block_1_29' title="bbox 2172 2176 3582 2246">
    <p class='ocr_par' dir='ltr' id='par_1_29' title="bbox 2345 2177 3582 2246">
     <span class='ocr_line' id='line_1_29' title="bbox 2345 2177 3582 2246; baseline -0.004 -12"><span class='ocrx_word' id='word_1_166' title='bbox 2345 2181 2386 2234; x_wconf 86' lang='lat' dir='ltr'><strong>A</strong></span> <span class='ocrx_word' id='word_1_167' title='bbox 2597 2177 2692 2232; x_wconf 88' lang='grc' dir='ltr'>ΚΘ</span> <span class='ocrx_word' id='word_1_168' title='bbox 2839 2177 3022 2246; x_wconf 85' lang='grc' dir='ltr'>Μάρτ.</span> <span class='ocrx_word' id='word_1_169' title='bbox 3207 2177 3289 2244; x_wconf 73' lang='grc' dir='ltr'>ις</span> <span class='ocrx_word' id='word_1_170' title='bbox 3515 2177 3582 2229; x_wconf 88' lang='grc' dir='ltr'>ιιι</span> 
     </span>
    </p>
   </div>
   <div class='ocr_carea' id='block_1_30' title="bbox 581 2265 2077 2342">
    <p class='ocr_par' dir='ltr' id='par_1_30' title="bbox 581 2265 1863 2342">
     <span class='ocr_line' id='line_1_30' title="bbox 581 2265 1863 2342; baseline -0.002 -20"><span class='ocrx_word' id='word_1_171' title='bbox 581 2269 796 2342; x_wconf 76' lang='grc' dir='ltr'><strong>Ἐμϐόλ.</strong></span> <span class='ocrx_word' id='word_1_172' title='bbox 935 2269 1002 2322; x_wconf 76' lang='grc' dir='ltr'>ιθ</span> <span class='ocrx_word' id='word_1_173' title='bbox 1191 2271 1276 2339; x_wconf 71' lang='grc' dir='ltr'>ις</span> <span class='ocrx_word' id='word_1_174' title='bbox 1467 2269 1568 2322; x_wconf 82' lang='lat' dir='ltr'><strong>KH</strong></span> <span class='ocrx_word' id='word_1_175' title='bbox 1780 2265 1863 2334; x_wconf 74' lang='grc' dir='ltr'>κῖ</span> 
     </span>
    </p>
   </div>
   <div class='ocr_carea' id='block_1_31' title="bbox 2172 2265 3572 2342">
    <p class='ocr_par' dir='ltr' id='par_1_31' title="bbox 2614 2266 3572 2337">
     <span class='ocr_line' id='line_1_31' title="bbox 2614 2266 3572 2337; baseline -0.003 -16"><span class='ocrx_word' id='word_1_176' title='bbox 2614 2271 2674 2321; x_wconf 91' lang='grc' dir='ltr'><strong>1Ζ</strong></span> <span class='ocrx_word' id='word_1_177' title='bbox 2847 2266 3057 2337; x_wconf 80' lang='grc' dir='ltr'>Ἀπρίλ.</span> <span class='ocrx_word' id='word_1_178' title='bbox 3214 2267 3273 2319; x_wconf 82' lang='grc' dir='ltr'><strong>ΙΖ</strong></span> <span class='ocrx_word' id='word_1_179' title='bbox 3507 2268 3572 2319; x_wconf 82' lang='grc' dir='ltr'><strong>ΙΘ</strong></span> 
     </span>
    </p>
   </div>
   <div class='ocr_carea' id='block_1_32' title="bbox 947 2360 3565 2432">
    <p class='ocr_par' dir='ltr' id='par_1_32' title="bbox 947 2360 3565 2432">
     <span class='ocr_line' id='line_1_32' title="bbox 947 2360 3565 2432; baseline 0 -18"><span class='ocrx_word' id='word_1_180' title='bbox 947 2362 994 2414; x_wconf 80' lang='grc' dir='ltr'><strong>Α</strong></span> <span class='ocrx_word' id='word_1_181' title='bbox 1194 2362 1258 2416; x_wconf 89' lang='grc' dir='ltr'><strong>ιΖ</strong></span> <span class='ocrx_word' id='word_1_182' title='bbox 1497 2361 1539 2414; x_wconf 85' lang='lat' dir='ltr'><strong>e</strong></span> <span class='ocrx_word' id='word_1_183' title='bbox 1795 2361 1864 2414; x_wconf 68' lang='grc' dir='ltr'>ιιι]</span> <span class='ocrx_word' id='word_1_184' title='bbox 2599 2365 2656 2429; x_wconf 77' lang='grc' dir='ltr'>ς,-</span> <span class='ocrx_word' id='word_1_185' title='bbox 2855 2360 3070 2432; x_wconf 77' lang='grc' dir='ltr'>Ἀπρίλ.</span> <span class='ocrx_word' id='word_1_186' title='bbox 3229 2361 3272 2412; x_wconf 82' lang='lat' dir='ltr'><strong>e</strong></span> <span class='ocrx_word' id='word_1_187' title='bbox 3519 2363 3565 2414; x_wconf 85' lang='lat' dir='ltr'><strong>A</strong></span> 
     </span>
    </p>
   </div>
   <div class='ocr_carea' id='block_1_33' title="bbox 566 2452 2077 2523">
    <p class='ocr_par' dir='ltr' id='par_1_33' title="bbox 566 2454 1860 2509">
     <span class='ocr_line' id='line_1_33' title="bbox 566 2454 1860 2509; baseline 0 -3"><span class='ocrx_word' id='word_1_188' title='bbox 566 2501 570 2506; x_wconf 78' lang='lat'>.</span> <span class='ocrx_word' id='word_1_189' title='bbox 951 2456 994 2506; x_wconf 89' lang='lat' dir='ltr'><strong>B</strong></span> <span class='ocrx_word' id='word_1_190' title='bbox 1202 2457 1277 2509; x_wconf 86' lang='lat' dir='ltr'><strong>IH</strong></span> <span class='ocrx_word' id='word_1_191' title='bbox 1507 2456 1556 2507; x_wconf 86' lang='lat' dir='ltr'><strong>K</strong></span> <span class='ocrx_word' id='word_1_192' title='bbox 1795 2454 1860 2506; x_wconf 83' lang='grc' dir='ltr'>ΙΔ</span> 
     </span>
    </p>
   </div>
   <div class='ocr_carea' id='block_1_34' title="bbox 2172 2452 3571 2523">
    <p class='ocr_par' dir='ltr' id='par_1_34' title="bbox 2335 2452 3571 2523">
     <span class='ocr_line' id='line_1_34' title="bbox 2335 2452 3571 2523; baseline -0.006 -13"><span class='ocrx_word' id='word_1_193' title='bbox 2335 2459 2374 2510; x_wconf 88' lang='grc' dir='ltr'><strong>Δ</strong></span> <span class='ocrx_word' id='word_1_194' title='bbox 2586 2455 2697 2520; x_wconf 69' lang='lat' dir='ltr'><strong>KG</strong></span> <span class='ocrx_word' id='word_1_195' title='bbox 2835 2453 3017 2523; x_wconf 82' lang='grc' dir='ltr'>Μάρτ.</span> <span class='ocrx_word' id='word_1_196' title='bbox 3226 2452 3276 2504; x_wconf 91' lang='grc' dir='ltr'><strong>Κ</strong></span> <span class='ocrx_word' id='word_1_197' title='bbox 3529 2453 3571 2504; x_wconf 84' lang='grc' dir='ltr'><strong><em>Β</em></strong></span> 
     </span>
    </p>
   </div>
   <div class='ocr_carea' id='block_1_35' title="bbox 582 2545 3565 2618">
    <p class='ocr_par' dir='ltr' id='par_1_35' title="bbox 582 2545 3565 2618">
     <span class='ocr_line' id='line_1_35' title="bbox 582 2545 3565 2618; baseline -0.001 -18"><span class='ocrx_word' id='word_1_198' title='bbox 582 2547 798 2618; x_wconf 74' lang='grc' dir='ltr'>Ἐμϐὀλ.</span> <span class='ocrx_word' id='word_1_199' title='bbox 947 2547 988 2599; x_wconf 92' lang='grc' dir='ltr'><strong>Γ</strong></span> <span class='ocrx_word' id='word_1_200' title='bbox 1203 2547 1272 2601; x_wconf 83' lang='grc' dir='ltr'><strong>ῙΘ</strong></span> <span class='ocrx_word' id='word_1_201' title='bbox 1506 2549 1552 2600; x_wconf 86' lang='grc' dir='ltr'><strong>Α</strong></span> <span class='ocrx_word' id='word_1_202' title='bbox 1793 2547 1857 2599; x_wconf 85' lang='grc' dir='ltr'>ΙΕ</span> <span class='ocrx_word' id='word_1_203' title='bbox 2606 2547 2670 2600; x_wconf 88' lang='grc' dir='ltr'><strong>ιΓ</strong></span> <span class='ocrx_word' id='word_1_204' title='bbox 2848 2545 3059 2618; x_wconf 75' lang='grc' dir='ltr'>Ἀπρῐιλ.</span> <span class='ocrx_word' id='word_1_205' title='bbox 3233 2547 3279 2597; x_wconf 82' lang='grc' dir='ltr'><strong>Α</strong></span> <span class='ocrx_word' id='word_1_206' title='bbox 3526 2545 3565 2598; x_wconf 93' lang='grc' dir='ltr'><strong>Γ</strong></span> 
     </span>
    </p>
   </div>
   <div class='ocr_carea' id='block_1_36' title="bbox 557 2704 2146 2780">
    <p class='ocr_par' dir='ltr' id='par_1_36' title="bbox 557 2704 2146 2780">
     <span class='ocr_line' id='line_1_36' title="bbox 557 2704 2146 2780; baseline 0.004 -22"><span class='ocrx_word' id='word_1_207' title='bbox 557 2705 715 2778; x_wconf 67' lang='grc'><strong>184</strong></span> <span class='ocrx_word' id='word_1_208' title='bbox 741 2707 839 2762; x_wconf 87' lang='lat' dir='ltr'><strong>Est</strong></span> <span class='ocrx_word' id='word_1_209' title='bbox 885 2706 1050 2776; x_wconf 80' lang='lat' dir='ltr'><strong>igitur</strong></span> <span class='ocrx_word' id='word_1_210' title='bbox 1077 2704 1351 2776; x_wconf 82' lang='lat' dir='ltr'><strong>ejusmodi</strong></span> <span class='ocrx_word' id='word_1_211' title='bbox 1392 2707 1593 2761; x_wconf 78' lang='lat' dir='ltr'><strong>tabul:e</strong></span> <span class='ocrx_word' id='word_1_212' title='bbox 1651 2707 1974 2780; x_wconf 78' lang='lat' dir='ltr'><strong>descriptio.</strong></span> <span class='ocrx_word' id='word_1_213' title='bbox 2011 2711 2069 2764; x_wconf 91' lang='lat' dir='ltr'><strong>In</strong></span> <span class='ocrx_word' id='word_1_214' title='bbox 2102 2719 2146 2778; x_wconf 75' lang='grc' dir='ltr'><strong>Α</strong></span> 
     </span>
    </p>
   </div>
   <div class='ocr_carea' id='block_1_37' title="bbox 478 2795 2070 2870">
    <p class='ocr_par' dir='ltr' id='par_1_37' title="bbox 478 2795 2070 2870">
     <span class='ocr_line' id='line_1_37' title="bbox 478 2795 2070 2870; baseline 0.001 -19"><span class='ocrx_word' id='word_1_215' title='bbox 478 2797 659 2851; x_wconf 86' lang='lat' dir='ltr'><strong>medio</strong></span> <span class='ocrx_word' id='word_1_216' title='bbox 676 2801 780 2850; x_wconf 88' lang='lat' dir='ltr'><strong>sita</strong></span> <span class='ocrx_word' id='word_1_217' title='bbox 804 2802 888 2851; x_wconf 86' lang='lat' dir='ltr'><strong>est</strong></span> <span class='ocrx_word' id='word_1_218' title='bbox 915 2795 1105 2866; x_wconf 81' lang='lat' dir='ltr'><strong>ingens</strong></span> <span class='ocrx_word' id='word_1_219' title='bbox 1123 2805 1262 2858; x_wconf 86' lang='lat' dir='ltr'><strong>rota,</strong></span> <span class='ocrx_word' id='word_1_220' title='bbox 1290 2797 1548 2868; x_wconf 85' lang='lat' dir='ltr'><strong>utrinque</strong></span> <span class='ocrx_word' id='word_1_221' title='bbox 1580 2800 1812 2870; x_wconf 82' lang='lat' dir='ltr'><strong>singulis</strong></span> <span class='ocrx_word' id='word_1_222' title='bbox 1843 2801 2070 2854; x_wconf 87' lang='lat' dir='ltr'><strong>canoni-</strong></span> 
     </span>
    </p>
   </div>
   <div class='ocr_carea' id='block_1_38' title="bbox 481 2889 2072 2965">
    <p class='ocr_par' dir='ltr' id='par_1_38' title="bbox 481 2889 2072 2965">
     <span class='ocr_line' id='line_1_38' title="bbox 481 2889 2072 2965; baseline 0.004 -22"><span class='ocrx_word' id='word_1_223' title='bbox 481 2889 585 2943; x_wconf 90' lang='lat' dir='ltr'><strong>bus</strong></span> <span class='ocrx_word' id='word_1_224' title='bbox 609 2891 830 2960; x_wconf 84' lang='lat' dir='ltr'><strong>stipata.</strong></span> <span class='ocrx_word' id='word_1_225' title='bbox 859 2889 921 2944; x_wconf 89' lang='lat' dir='ltr'><strong>In</strong></span> <span class='ocrx_word' id='word_1_226' title='bbox 951 2900 1070 2945; x_wconf 81' lang='lat' dir='ltr'><strong>rota</strong></span> <span class='ocrx_word' id='word_1_227' title='bbox 1095 2905 1247 2945; x_wconf 67' lang='lat' dir='ltr'><strong>zonae</strong></span> <span class='ocrx_word' id='word_1_228' title='bbox 1264 2897 1412 2955; x_wconf 87' lang='lat' dir='ltr'><strong>sunt,</strong></span> <span class='ocrx_word' id='word_1_229' title='bbox 1431 2892 1514 2946; x_wconf 88' lang='lat' dir='ltr'><strong>vel</strong></span> <span class='ocrx_word' id='word_1_230' title='bbox 1531 2892 1723 2947; x_wconf 90' lang='lat' dir='ltr'><strong>circuli</strong></span> <span class='ocrx_word' id='word_1_231' title='bbox 1755 2909 1832 2957; x_wconf 71' lang='grc' dir='ltr'><strong>ις,</strong></span> <span class='ocrx_word' id='word_1_232' title='bbox 1851 2895 1943 2965; x_wconf 91' lang='lat' dir='ltr'><strong>qui</strong></span> <span class='ocrx_word' id='word_1_233' title='bbox 1967 2894 2072 2950; x_wconf 91' lang='lat' dir='ltr'><strong>hoc</strong></span> 
     </span>
    </p>
   </div>
   <div class='ocr_carea' id='block_1_39' title="bbox 478 2981 2071 3055">
    <p class='ocr_par' dir='ltr' id='par_1_39' title="bbox 478 2981 2071 3055">
     <span class='ocr_line' id='line_1_39' title="bbox 478 2981 2071 3055; baseline 0.003 -19"><span class='ocrx_word' id='word_1_234' title='bbox 478 2982 643 3036; x_wconf 91' lang='lat' dir='ltr'><strong>modo</strong></span> <span class='ocrx_word' id='word_1_235' title='bbox 676 2999 734 3038; x_wconf 87' lang='lat' dir='ltr'><strong>se</strong></span> <span class='ocrx_word' id='word_1_236' title='bbox 768 2983 992 3037; x_wconf 85' lang='lat' dir='ltr'><strong>habent.</strong></span> <span class='ocrx_word' id='word_1_237' title='bbox 1024 2981 1242 3038; x_wconf 86' lang='lat' dir='ltr'><strong>Primus</strong></span> <span class='ocrx_word' id='word_1_238' title='bbox 1274 2983 1543 3052; x_wconf 88' lang='lat' dir='ltr'><strong>circulus,</strong></span> <span class='ocrx_word' id='word_1_239' title='bbox 1573 2985 1666 3055; x_wconf 89' lang='lat' dir='ltr'><strong>qui</strong></span> <span class='ocrx_word' id='word_1_240' title='bbox 1696 2987 1936 3042; x_wconf 86' lang='lat' dir='ltr'><strong>extimus</strong></span> <span class='ocrx_word' id='word_1_241' title='bbox 1962 2995 2071 3052; x_wconf 90' lang='lat' dir='ltr'><strong>est,</strong></span> 
     </span>
    </p>
   </div>
   <div class='ocr_carea' id='block_1_40' title="bbox 479 3073 2073 3148">
    <p class='ocr_par' dir='ltr' id='par_1_40' title="bbox 479 3073 2073 3148">
     <span class='ocr_line' id='line_1_40' title="bbox 479 3073 2073 3148; baseline 0.004 -22"><span class='ocrx_word' id='word_1_242' title='bbox 479 3089 654 3129; x_wconf 88' lang='lat' dir='ltr'><strong>annos</strong></span> <span class='ocrx_word' id='word_1_243' title='bbox 686 3091 860 3128; x_wconf 76' lang='lat' dir='ltr'><strong>xxvui</strong></span> <span class='ocrx_word' id='word_1_244' title='bbox 895 3075 1028 3129; x_wconf 91' lang='lat' dir='ltr'><strong>solis</strong></span> <span class='ocrx_word' id='word_1_245' title='bbox 1057 3076 1301 3138; x_wconf 81' lang='lat' dir='ltr'><strong>exhibet,</strong></span> <span class='ocrx_word' id='word_1_246' title='bbox 1339 3073 1496 3130; x_wconf 89' lang='lat' dir='ltr'><strong>initio</strong></span> <span class='ocrx_word' id='word_1_247' title='bbox 1532 3092 1643 3130; x_wconf 88' lang='lat' dir='ltr'><strong>non</strong></span> <span class='ocrx_word' id='word_1_248' title='bbox 1681 3092 1712 3130; x_wconf 86' lang='lat' dir='ltr'><strong>a</strong></span> <span class='ocrx_word' id='word_1_249' title='bbox 1752 3079 1931 3148; x_wconf 87' lang='lat' dir='ltr'><strong>primo</strong></span> <span class='ocrx_word' id='word_1_250' title='bbox 1965 3078 2073 3132; x_wconf 88' lang='lat' dir='ltr'><strong>du-</strong></span> 
     </span>
    </p>
   </div>
   <div class='ocr_carea' id='block_1_41' title="bbox 479 3165 2072 3237">
    <p class='ocr_par' dir='ltr' id='par_1_41' title="bbox 479 3165 2072 3237">
     <span class='ocr_line' id='line_1_41' title="bbox 479 3165 2072 3237; baseline 0.002 -18"><span class='ocrx_word' id='word_1_251' title='bbox 479 3177 589 3231; x_wconf 88' lang='lat' dir='ltr'><strong>cto,</strong></span> <span class='ocrx_word' id='word_1_252' title='bbox 642 3165 738 3220; x_wconf 87' lang='lat' dir='ltr'><strong>sed</strong></span> <span class='ocrx_word' id='word_1_253' title='bbox 785 3182 815 3218; x_wconf 90' lang='lat' dir='ltr'><strong>a</strong></span> <span class='ocrx_word' id='word_1_254' title='bbox 865 3182 985 3229; x_wconf 81' lang='lat' dir='ltr'><strong>xm.</strong></span> <span class='ocrx_word' id='word_1_255' title='bbox 1016 3182 1128 3230; x_wconf 82' lang='lat' dir='ltr'><strong>xw,</strong></span> <span class='ocrx_word' id='word_1_256' title='bbox 1155 3173 1209 3220; x_wconf 89' lang='lat' dir='ltr'><strong>et</strong></span> <span class='ocrx_word' id='word_1_257' title='bbox 1237 3167 1310 3220; x_wconf 83' lang='lat' dir='ltr'><strong>ita</strong></span> <span class='ocrx_word' id='word_1_258' title='bbox 1341 3167 1633 3237; x_wconf 85' lang='lat' dir='ltr'><strong>deinceps;</strong></span> <span class='ocrx_word' id='word_1_259' title='bbox 1665 3170 1942 3224; x_wconf 88' lang='lat' dir='ltr'><strong>secundus</strong></span> <span class='ocrx_word' id='word_1_260' title='bbox 1971 3183 2072 3222; x_wconf 86' lang='lat' dir='ltr'><strong>an-</strong></span> 
     </span>
    </p>
   </div>
   <div class='ocr_carea' id='block_1_42' title="bbox 477 3259 2076 3332">
    <p class='ocr_par' dir='ltr' id='par_1_42' title="bbox 477 3259 2076 3332">
     <span class='ocr_line' id='line_1_42' title="bbox 477 3259 2076 3332; baseline 0.002 -19"><span class='ocrx_word' id='word_1_261' title='bbox 477 3275 676 3313; x_wconf 87' lang='lat' dir='ltr'><strong>norum</strong></span> <span class='ocrx_word' id='word_1_262' title='bbox 706 3266 961 3329; x_wconf 88' lang='lat' dir='ltr'><strong>epactas;</strong></span> <span class='ocrx_word' id='word_1_263' title='bbox 1009 3260 1206 3315; x_wconf 87' lang='lat' dir='ltr'><strong>tertius</strong></span> <span class='ocrx_word' id='word_1_264' title='bbox 1237 3259 1441 3315; x_wconf 85' lang='lat' dir='ltr'><strong>Juliani</strong></span> <span class='ocrx_word' id='word_1_265' title='bbox 1472 3262 1822 3332; x_wconf 85' lang='lat' dir='ltr'><strong>quadriennii</strong></span> <span class='ocrx_word' id='word_1_266' title='bbox 1845 3261 2076 3317; x_wconf 80' lang='lat' dir='ltr'><strong>bisexti-</strong></span> 
     </span>
    </p>
   </div>
   <div class='ocr_carea' id='block_1_43' title="bbox 479 3353 2074 3424">
    <p class='ocr_par' dir='ltr' id='par_1_43' title="bbox 479 3353 2074 3424">
     <span class='ocr_line' id='line_1_43' title="bbox 479 3353 2074 3424; baseline 0.001 -18"><span class='ocrx_word' id='word_1_267' title='bbox 479 3354 596 3414; x_wconf 86' lang='lat' dir='ltr'><strong>les;</strong></span> <span class='ocrx_word' id='word_1_268' title='bbox 628 3361 860 3424; x_wconf 88' lang='lat' dir='ltr'><strong>quartus</strong></span> <span class='ocrx_word' id='word_1_269' title='bbox 891 3367 1068 3408; x_wconf 87' lang='lat' dir='ltr'><strong>annos</strong></span> <span class='ocrx_word' id='word_1_270' title='bbox 1103 3353 1238 3408; x_wconf 89' lang='lat' dir='ltr'><strong>solis</strong></span> <span class='ocrx_word' id='word_1_271' title='bbox 1267 3369 1441 3408; x_wconf 78' lang='lat' dir='ltr'><strong>xxvm</strong></span> <span class='ocrx_word' id='word_1_272' title='bbox 1475 3355 1674 3408; x_wconf 81' lang='lat' dir='ltr'><strong>iterum</strong></span> <span class='ocrx_word' id='word_1_273' title='bbox 1720 3354 2011 3410; x_wconf 87' lang='lat' dir='ltr'><strong>ineboatos</strong></span> <span class='ocrx_word' id='word_1_274' title='bbox 2043 3369 2074 3408; x_wconf 85' lang='lat' dir='ltr'><strong>a</strong></span> 
     </span>
    </p>
   </div>
   <div class='ocr_carea' id='block_1_44' title="bbox 479 3443 2076 3516">
    <p class='ocr_par' dir='ltr' id='par_1_44' title="bbox 479 3443 2076 3516">
     <span class='ocr_line' id='line_1_44' title="bbox 479 3443 2076 3516; baseline 0.001 -17"><span class='ocrx_word' id='word_1_275' title='bbox 479 3445 678 3515; x_wconf 90' lang='lat' dir='ltr'><strong>primo.</strong></span> <span class='ocrx_word' id='word_1_276' title='bbox 730 3443 813 3500; x_wconf 85' lang='lat' dir='ltr'><strong>0b</strong></span> <span class='ocrx_word' id='word_1_277' title='bbox 842 3444 895 3499; x_wconf 89' lang='lat' dir='ltr'><strong>id</strong></span> <span class='ocrx_word' id='word_1_278' title='bbox 943 3461 1074 3500; x_wconf 87' lang='lat' dir='ltr'><strong>vero</strong></span> <span class='ocrx_word' id='word_1_279' title='bbox 1122 3445 1177 3499; x_wconf 93' lang='lat' dir='ltr'><strong>in</strong></span> <span class='ocrx_word' id='word_1_280' title='bbox 1224 3446 1402 3516; x_wconf 90' lang='lat' dir='ltr'><strong>primo</strong></span> <span class='ocrx_word' id='word_1_281' title='bbox 1449 3447 1658 3502; x_wconf 90' lang='lat' dir='ltr'><strong>circulo</strong></span> <span class='ocrx_word' id='word_1_282' title='bbox 1685 3461 1716 3500; x_wconf 89' lang='lat' dir='ltr'><strong>a</strong></span> <span class='ocrx_word' id='word_1_283' title='bbox 1746 3463 1866 3511; x_wconf 78' lang='lat' dir='ltr'><strong>xm,</strong></span> <span class='ocrx_word' id='word_1_284' title='bbox 1895 3448 1955 3502; x_wconf 90' lang='lat' dir='ltr'><strong>in</strong></span> <span class='ocrx_word' id='word_1_285' title='bbox 1986 3462 2076 3502; x_wconf 90' lang='lat' dir='ltr'><strong>se-</strong></span> 
     </span>
    </p>
   </div>
   <div class='ocr_carea' id='block_1_45' title="bbox 478 3537 2076 3609">
    <p class='ocr_par' dir='ltr' id='par_1_45' title="bbox 478 3537 2076 3609">
     <span class='ocr_line' id='line_1_45' title="bbox 478 3537 2076 3609; baseline 0.003 -19"><span class='ocrx_word' id='word_1_286' title='bbox 478 3537 664 3591; x_wconf 87' lang='lat' dir='ltr'><strong>cundo</strong></span> <span class='ocrx_word' id='word_1_287' title='bbox 695 3551 726 3590; x_wconf 91' lang='lat' dir='ltr'><strong>a</strong></span> <span class='ocrx_word' id='word_1_288' title='bbox 772 3540 951 3608; x_wconf 87' lang='lat' dir='ltr'><strong>primo</strong></span> <span class='ocrx_word' id='word_1_289' title='bbox 983 3538 1112 3591; x_wconf 82' lang='lat' dir='ltr'><strong>anni</strong></span> <span class='ocrx_word' id='word_1_290' title='bbox 1145 3554 1316 3592; x_wconf 77' lang='lat' dir='ltr'><strong>xxvii:</strong></span> <span class='ocrx_word' id='word_1_291' title='bbox 1370 3539 1504 3594; x_wconf 92' lang='lat' dir='ltr'><strong>solis</strong></span> <span class='ocrx_word' id='word_1_292' title='bbox 1534 3539 1829 3609; x_wconf 89' lang='lat' dir='ltr'><strong>incipiunt,</strong></span> <span class='ocrx_word' id='word_1_293' title='bbox 1864 3547 1926 3594; x_wconf 89' lang='lat' dir='ltr'><strong>ut</strong></span> <span class='ocrx_word' id='word_1_294' title='bbox 1957 3549 2076 3594; x_wconf 91' lang='lat' dir='ltr'><strong>stu-</strong></span> 
     </span>
    </p>
   </div>
   <div class='ocr_carea' id='block_1_46' title="bbox 478 3628 2076 3701">
    <p class='ocr_par' dir='ltr' id='par_1_46' title="bbox 478 3628 2076 3701">
     <span class='ocr_line' id='line_1_46' title="bbox 478 3628 2076 3701; baseline -0.001 -17"><span class='ocrx_word' id='word_1_295' title='bbox 478 3631 668 3684; x_wconf 89' lang='lat' dir='ltr'><strong>diosus</strong></span> <span class='ocrx_word' id='word_1_296' title='bbox 698 3629 871 3683; x_wconf 81' lang='lat' dir='ltr'><strong>lector</strong></span> <span class='ocrx_word' id='word_1_297' title='bbox 903 3628 1121 3684; x_wconf 83' lang='lat' dir='ltr'><strong>facilius</strong></span> <span class='ocrx_word' id='word_1_298' title='bbox 1154 3630 1509 3700; x_wconf 76' lang='lat' dir='ltr'><strong>intelligeret,</strong></span> <span class='ocrx_word' id='word_1_299' title='bbox 1543 3646 1706 3700; x_wconf 88' lang='lat' dir='ltr'><strong>quem</strong></span> <span class='ocrx_word' id='word_1_300' title='bbox 1737 3631 1815 3684; x_wconf 87' lang='lat' dir='ltr'><strong>illi</strong></span> <span class='ocrx_word' id='word_1_301' title='bbox 1849 3644 2076 3701; x_wconf 90' lang='lat' dir='ltr'><strong>compu-</strong></span> 
     </span>
    </p>
   </div>
   <div class='ocr_carea' id='block_1_47' title="bbox 479 3718 2074 3790">
    <p class='ocr_par' dir='ltr' id='par_1_47' title="bbox 479 3718 2074 3790">
     <span class='ocr_line' id='line_1_47' title="bbox 479 3718 2074 3790; baseline 0.003 -19"><span class='ocrx_word' id='word_1_302' title='bbox 479 3725 600 3771; x_wconf 83' lang='lat' dir='ltr'><strong>tant</strong></span> <span class='ocrx_word' id='word_1_303' title='bbox 647 3718 884 3788; x_wconf 91' lang='lat' dir='ltr'><strong>primum</strong></span> <span class='ocrx_word' id='word_1_304' title='bbox 931 3719 1064 3773; x_wconf 90' lang='lat' dir='ltr'><strong>solis</strong></span> <span class='ocrx_word' id='word_1_305' title='bbox 1117 3734 1342 3783; x_wconf 82' lang='lat' dir='ltr'><strong>annum,</strong></span> <span class='ocrx_word' id='word_1_306' title='bbox 1380 3720 1525 3790; x_wconf 89' lang='lat' dir='ltr'><strong>apud</strong></span> <span class='ocrx_word' id='word_1_307' title='bbox 1575 3735 1679 3775; x_wconf 90' lang='lat' dir='ltr'><strong>nos</strong></span> <span class='ocrx_word' id='word_1_308' title='bbox 1718 3735 1842 3775; x_wconf 87' lang='lat' dir='ltr'><strong>esse</strong></span> <span class='ocrx_word' id='word_1_309' title='bbox 1870 3733 1993 3787; x_wconf 85' lang='lat' dir='ltr'><strong>xm,</strong></span> <span class='ocrx_word' id='word_1_310' title='bbox 2021 3727 2074 3775; x_wconf 90' lang='lat' dir='ltr'><strong>et</strong></span> 
     </span>
    </p>
   </div>
   <div class='ocr_carea' id='block_1_48' title="bbox 479 3809 2076 3879">
    <p class='ocr_par' dir='ltr' id='par_1_48' title="bbox 479 3809 2076 3879">
     <span class='ocr_line' id='line_1_48' title="bbox 479 3809 2076 3879; baseline 0.001 -15"><span class='ocrx_word' id='word_1_311' title='bbox 479 3810 783 3864; x_wconf 87' lang='lat' dir='ltr'><strong>secundum</strong></span> <span class='ocrx_word' id='word_1_312' title='bbox 824 3825 948 3873; x_wconf 72' lang='lat' dir='ltr'><strong>xxv,</strong></span> <span class='ocrx_word' id='word_1_313' title='bbox 996 3818 1050 3864; x_wconf 90' lang='lat' dir='ltr'><strong>et</strong></span> <span class='ocrx_word' id='word_1_314' title='bbox 1083 3809 1161 3862; x_wconf 88' lang='lat' dir='ltr'><strong>ita</strong></span> <span class='ocrx_word' id='word_1_315' title='bbox 1193 3825 1380 3879; x_wconf 89' lang='lat' dir='ltr'><strong>porro,</strong></span> <span class='ocrx_word' id='word_1_316' title='bbox 1427 3811 1619 3865; x_wconf 89' lang='lat' dir='ltr'><strong>eadem</strong></span> <span class='ocrx_word' id='word_1_317' title='bbox 1651 3811 1877 3866; x_wconf 89' lang='lat' dir='ltr'><strong>omnino</strong></span> <span class='ocrx_word' id='word_1_318' title='bbox 1905 3812 2076 3866; x_wconf 84' lang='lat' dir='ltr'><strong>ratio-</strong></span> 
     </span>
    </p>
   </div>
   <div class='ocr_carea' id='block_1_49' title="bbox 479 3901 2072 3974">
    <p class='ocr_par' dir='ltr' id='par_1_49' title="bbox 479 3901 2072 3974">
     <span class='ocr_line' id='line_1_49' title="bbox 479 3901 2072 3974; baseline 0.001 -18"><span class='ocrx_word' id='word_1_319' title='bbox 479 3917 578 3970; x_wconf 90' lang='lat' dir='ltr'><strong>ne;</strong></span> <span class='ocrx_word' id='word_1_320' title='bbox 629 3901 686 3956; x_wconf 89' lang='lat' dir='ltr'><strong>in</strong></span> <span class='ocrx_word' id='word_1_321' title='bbox 734 3901 1008 3971; x_wconf 87' lang='lat' dir='ltr'><strong>superiori</strong></span> <span class='ocrx_word' id='word_1_322' title='bbox 1052 3916 1184 3957; x_wconf 89' lang='lat' dir='ltr'><strong>vero</strong></span> <span class='ocrx_word' id='word_1_323' title='bbox 1233 3909 1389 3972; x_wconf 82' lang='lat' dir='ltr'><strong>parte</strong></span> <span class='ocrx_word' id='word_1_324' title='bbox 1435 3917 1610 3957; x_wconf 88' lang='lat' dir='ltr'><strong>annos</strong></span> <span class='ocrx_word' id='word_1_325' title='bbox 1639 3905 1945 3973; x_wconf 88' lang='lat' dir='ltr'><strong>posuimus,</strong></span> <span class='ocrx_word' id='word_1_326' title='bbox 1979 3903 2072 3974; x_wconf 90' lang='lat' dir='ltr'><strong>qui</strong></span> 
     </span>
    </p>
   </div>
   <div class='ocr_carea' id='block_1_50' title="bbox 478 3993 2069 4050">
    <p class='ocr_par' dir='ltr' id='par_1_50' title="bbox 478 3993 2069 4050">
     <span class='ocr_line' id='line_1_50' title="bbox 478 3993 2069 4050; baseline 0.001 -2"><span class='ocrx_word' id='word_1_327' title='bbox 478 4009 670 4048; x_wconf 86' lang='lat' dir='ltr'><strong>revera</strong></span> <span class='ocrx_word' id='word_1_328' title='bbox 711 4009 778 4049; x_wconf 81' lang='lat' dir='ltr'><strong>ex</strong></span> <span class='ocrx_word' id='word_1_329' title='bbox 827 3993 1123 4049; x_wconf 84' lang='lat' dir='ltr'><strong>traditione</strong></span> <span class='ocrx_word' id='word_1_330' title='bbox 1156 3994 1532 4049; x_wconf 83' lang='lat' dir='ltr'><strong>ecclesiastica</strong></span> <span class='ocrx_word' id='word_1_331' title='bbox 1567 3995 1642 4048; x_wconf 88' lang='lat' dir='ltr'><strong>ita</strong></span> <span class='ocrx_word' id='word_1_332' title='bbox 1687 4003 2069 4050; x_wconf 84' lang='lat' dir='ltr'><strong>numerantur.</strong></span> 
     </span>
    </p>
   </div>
   <div class='ocr_carea' id='block_1_51' title="bbox 481 4065 2145 4155">
    <p class='ocr_par' dir='ltr' id='par_1_51' title="bbox 481 4065 2145 4155">
     <span class='ocr_line' id='line_1_51' title="bbox 481 4065 2145 4155; baseline 0.002 -18"><span class='ocrx_word' id='word_1_333' title='bbox 481 4083 606 4139; x_wconf 67' lang='lat' dir='ltr'><strong>Haec</strong></span> <span class='ocrx_word' id='word_1_334' title='bbox 641 4092 771 4140; x_wconf 89' lang='lat' dir='ltr'><strong>sunt</strong></span> <span class='ocrx_word' id='word_1_335' title='bbox 809 4086 866 4138; x_wconf 90' lang='lat' dir='ltr'><strong>in</strong></span> <span class='ocrx_word' id='word_1_336' title='bbox 902 4093 1144 4155; x_wconf 84' lang='lat' dir='ltr'><strong>quatuor</strong></span> <span class='ocrx_word' id='word_1_337' title='bbox 1171 4091 1309 4140; x_wconf 72' lang='lat' dir='ltr'><strong>rotae</strong></span> <span class='ocrx_word' id='word_1_338' title='bbox 1335 4086 1596 4151; x_wconf 88' lang='lat' dir='ltr'><strong>circulis;</strong></span> <span class='ocrx_word' id='word_1_339' title='bbox 1633 4093 1688 4140; x_wconf 86' lang='lat' dir='ltr'><strong>at</strong></span> <span class='ocrx_word' id='word_1_340' title='bbox 1719 4087 2008 4143; x_wconf 87' lang='lat' dir='ltr'><strong>interiores</strong></span> <span class='ocrx_word' id='word_1_341' title='bbox 2038 4104 2072 4141; x_wconf 89' lang='lat' dir='ltr'><strong>v</strong></span> <span class='ocrx_word' id='word_1_342' title='bbox 2103 4065 2145 4120; x_wconf 80' lang='grc' dir='ltr'>Β</span> 
     </span>
    </p>
   </div>
   <div class='ocr_carea' id='block_1_52' title="bbox 478 4180 2071 4251">
    <p class='ocr_par' dir='ltr' id='par_1_52' title="bbox 478 4180 2071 4251">
     <span class='ocr_line' id='line_1_52' title="bbox 478 4180 2071 4251; baseline 0 -17"><span class='ocrx_word' id='word_1_343' title='bbox 478 4180 672 4235; x_wconf 89' lang='lat' dir='ltr'><strong>circuli</strong></span> <span class='ocrx_word' id='word_1_344' title='bbox 703 4195 878 4236; x_wconf 87' lang='lat' dir='ltr'><strong>annos</strong></span> <span class='ocrx_word' id='word_1_345' title='bbox 912 4181 1054 4235; x_wconf 69' lang='lat' dir='ltr'><strong>lunae</strong></span> <span class='ocrx_word' id='word_1_346' title='bbox 1091 4181 1376 4236; x_wconf 87' lang='lat' dir='ltr'><strong>continent</strong></span> <span class='ocrx_word' id='word_1_347' title='bbox 1403 4189 1528 4236; x_wconf 88' lang='lat' dir='ltr'><strong>octo</strong></span> <span class='ocrx_word' id='word_1_348' title='bbox 1555 4189 1610 4235; x_wconf 89' lang='lat' dir='ltr'><strong>et</strong></span> <span class='ocrx_word' id='word_1_349' title='bbox 1636 4181 1829 4251; x_wconf 82' lang='lat' dir='ltr'><strong>viginti</strong></span> <span class='ocrx_word' id='word_1_350' title='bbox 1869 4195 2071 4236; x_wconf 87' lang='lat' dir='ltr'><strong>ennea-</strong></span> 
     </span>
    </p>
   </div>
   <div class='ocr_carea' id='block_1_53' title="bbox 476 4269 2071 4340">
    <p class='ocr_par' dir='ltr' id='par_1_53' title="bbox 476 4269 2071 4340">
     <span class='ocr_line' id='line_1_53' title="bbox 476 4269 2071 4340; baseline 0 -17"><span class='ocrx_word' id='word_1_351' title='bbox 476 4269 908 4331; x_wconf 85' lang='lat' dir='ltr'><strong>decaeteridum,</strong></span> <span class='ocrx_word' id='word_1_352' title='bbox 959 4270 1017 4324; x_wconf 90' lang='lat' dir='ltr'><strong>in</strong></span> <span class='ocrx_word' id='word_1_353' title='bbox 1057 4270 1258 4339; x_wconf 90' lang='lat' dir='ltr'><strong>quibus</strong></span> <span class='ocrx_word' id='word_1_354' title='bbox 1291 4286 1387 4324; x_wconf 75' lang='lat' dir='ltr'><strong>xuv</strong></span> <span class='ocrx_word' id='word_1_355' title='bbox 1420 4269 1586 4340; x_wconf 86' lang='lat' dir='ltr'><strong>primi</strong></span> <span class='ocrx_word' id='word_1_356' title='bbox 1619 4269 1825 4325; x_wconf 90' lang='lat' dir='ltr'><strong>mensis</strong></span> <span class='ocrx_word' id='word_1_357' title='bbox 1853 4269 2071 4324; x_wconf 83' lang='lat' dir='ltr'><strong>Judaici</strong></span> 
     </span>
    </p>
   </div>
   <div class='ocr_carea' id='block_1_54' title="bbox 477 4359 2072 4431">
    <p class='ocr_par' dir='ltr' id='par_1_54' title="bbox 477 4359 2072 4431">
     <span class='ocr_line' id='line_1_54' title="bbox 477 4359 2072 4431; baseline -0.001 -15"><span class='ocrx_word' id='word_1_358' title='bbox 477 4362 534 4416; x_wconf 91' lang='lat' dir='ltr'><strong>in</strong></span> <span class='ocrx_word' id='word_1_359' title='bbox 569 4359 910 4416; x_wconf 89' lang='lat' dir='ltr'><strong>Dominicam</strong></span> <span class='ocrx_word' id='word_1_360' title='bbox 936 4360 1188 4416; x_wconf 90' lang='lat' dir='ltr'><strong>incidens</strong></span> <span class='ocrx_word' id='word_1_361' title='bbox 1205 4361 1274 4414; x_wconf 88' lang='lat' dir='ltr'><strong>ab</strong></span> <span class='ocrx_word' id='word_1_362' title='bbox 1295 4362 1405 4416; x_wconf 90' lang='lat' dir='ltr'><strong>illis</strong></span> <span class='ocrx_word' id='word_1_363' title='bbox 1436 4377 1526 4423; x_wconf 82' lang='lat' dir='ltr'><strong>xv,</strong></span> <span class='ocrx_word' id='word_1_364' title='bbox 1555 4360 1642 4415; x_wconf 85' lang='lat' dir='ltr'><strong>vel</strong></span> <span class='ocrx_word' id='word_1_365' title='bbox 1673 4377 1765 4416; x_wconf 56' lang='grc' dir='ltr'><strong>ττι</strong></span> <span class='ocrx_word' id='word_1_366' title='bbox 1793 4369 2072 4431; x_wconf 86' lang='lat' dir='ltr'><strong>computa-</strong></span> 
     </span>
    </p>
   </div>
   <div class='ocr_carea' id='block_1_55' title="bbox 477 4452 2071 4523">
    <p class='ocr_par' dir='ltr' id='par_1_55' title="bbox 477 4452 2071 4523">
     <span class='ocr_line' id='line_1_55' title="bbox 477 4452 2071 4523; baseline 0.001 -16"><span class='ocrx_word' id='word_1_367' title='bbox 477 4460 590 4507; x_wconf 89' lang='lat' dir='ltr'><strong>tur.</strong></span> <span class='ocrx_word' id='word_1_368' title='bbox 607 4452 879 4508; x_wconf 74' lang='lat' dir='ltr'><strong>Caeterum</strong></span> <span class='ocrx_word' id='word_1_369' title='bbox 909 4452 1107 4508; x_wconf 89' lang='lat' dir='ltr'><strong>ordine</strong></span> <span class='ocrx_word' id='word_1_370' title='bbox 1129 4453 1388 4523; x_wconf 65' lang='lat' dir='ltr'><strong>quaelibet</strong></span> <span class='ocrx_word' id='word_1_371' title='bbox 1415 4453 1898 4510; x_wconf 89' lang='lat' dir='ltr'><strong>enneadeeaeteris</strong></span> <span class='ocrx_word' id='word_1_372' title='bbox 1929 4453 2071 4508; x_wconf 92' lang='lat' dir='ltr'><strong>indi-</strong></span> 
     </span>
    </p>
   </div>
   <div class='ocr_carea' id='block_1_56' title="bbox 475 4544 2072 4619">
    <p class='ocr_par' dir='ltr' id='par_1_56' title="bbox 475 4544 2072 4619">
     <span class='ocr_line' id='line_1_56' title="bbox 475 4544 2072 4619; baseline 0.002 -21"><span class='ocrx_word' id='word_1_373' title='bbox 475 4552 656 4609; x_wconf 86' lang='lat' dir='ltr'><strong>catur,</strong></span> <span class='ocrx_word' id='word_1_374' title='bbox 687 4547 864 4615; x_wconf 91' lang='lat' dir='ltr'><strong>prima</strong></span> <span class='ocrx_word' id='word_1_375' title='bbox 893 4544 1115 4614; x_wconf 90' lang='lat' dir='ltr'><strong>quidem</strong></span> <span class='ocrx_word' id='word_1_376' title='bbox 1150 4559 1248 4614; x_wconf 86' lang='lat' dir='ltr'><strong>per</strong></span> <span class='ocrx_word' id='word_1_377' title='bbox 1274 4545 1513 4615; x_wconf 88' lang='lat' dir='ltr'><strong>primum</strong></span> <span class='ocrx_word' id='word_1_378' title='bbox 1555 4548 1690 4600; x_wconf 89' lang='lat' dir='ltr'><strong>solis</strong></span> <span class='ocrx_word' id='word_1_379' title='bbox 1720 4562 1944 4611; x_wconf 88' lang='lat' dir='ltr'><strong>annum,</strong></span> <span class='ocrx_word' id='word_1_380' title='bbox 1975 4547 2072 4619; x_wconf 90' lang='lat' dir='ltr'><strong>qui</strong></span> 
     </span>
    </p>
   </div>
   <div class='ocr_carea' id='block_1_57' title="bbox 474 4635 2068 4708">
    <p class='ocr_par' dir='ltr' id='par_1_57' title="bbox 474 4635 2068 4708">
     <span class='ocr_line' id='line_1_57' title="bbox 474 4635 2068 4708; baseline 0.002 -19"><span class='ocrx_word' id='word_1_381' title='bbox 474 4643 675 4705; x_wconf 89' lang='lat' dir='ltr'><strong>quarto</strong></span> <span class='ocrx_word' id='word_1_382' title='bbox 709 4635 920 4689; x_wconf 88' lang='lat' dir='ltr'><strong>circulo</strong></span> <span class='ocrx_word' id='word_1_383' title='bbox 957 4636 1258 4706; x_wconf 87' lang='lat' dir='ltr'><strong>inscriptus</strong></span> <span class='ocrx_word' id='word_1_384' title='bbox 1288 4646 1370 4691; x_wconf 90' lang='lat' dir='ltr'><strong>est</strong></span> <span class='ocrx_word' id='word_1_385' title='bbox 1406 4655 1419 4690; x_wconf 88' lang='lat'>:</span> <span class='ocrx_word' id='word_1_386' title='bbox 1457 4647 1584 4706; x_wconf 88' lang='lat' dir='ltr'><strong>post</strong></span> <span class='ocrx_word' id='word_1_387' title='bbox 1609 4653 1793 4708; x_wconf 91' lang='lat' dir='ltr'><strong>quem,</strong></span> <span class='ocrx_word' id='word_1_388' title='bbox 1830 4644 1890 4691; x_wconf 86' lang='lat' dir='ltr'><strong>ut</strong></span> <span class='ocrx_word' id='word_1_389' title='bbox 1934 4638 2068 4706; x_wconf 77' lang='lat' dir='ltr'><strong>dixi,</strong></span> 
     </span>
    </p>
   </div>
   <div class='ocr_carea' id='block_1_58' title="bbox 476 4727 2071 4796">
    <p class='ocr_par' dir='ltr' id='par_1_58' title="bbox 476 4727 2071 4796">
     <span class='ocr_line' id='line_1_58' title="bbox 476 4727 2071 4796; baseline 0.003 -14"><span class='ocrx_word' id='word_1_390' title='bbox 476 4727 699 4784; x_wconf 89' lang='lat' dir='ltr'><strong>lunares</strong></span> <span class='ocrx_word' id='word_1_391' title='bbox 729 4727 860 4783; x_wconf 90' lang='lat' dir='ltr'><strong>anni</strong></span> <span class='ocrx_word' id='word_1_392' title='bbox 888 4727 1316 4796; x_wconf 89' lang='lat' dir='ltr'><strong>describuntur;</strong></span> <span class='ocrx_word' id='word_1_393' title='bbox 1350 4731 1594 4785; x_wconf 87' lang='lat' dir='ltr'><strong>secunda</strong></span> <span class='ocrx_word' id='word_1_394' title='bbox 1637 4731 2071 4786; x_wconf 88' lang='lat' dir='ltr'><strong>enneadeeaete-</strong></span> 
     </span>
    </p>
   </div>
   <div class='ocr_carea' id='block_1_59' title="bbox 476 4820 2069 4894">
    <p class='ocr_par' dir='ltr' id='par_1_59' title="bbox 476 4820 2069 4894">
     <span class='ocr_line' id='line_1_59' title="bbox 476 4820 2069 4894; baseline 0.002 -18"><span class='ocrx_word' id='word_1_395' title='bbox 476 4823 556 4878; x_wconf 90' lang='lat' dir='ltr'><strong>ris</strong></span> <span class='ocrx_word' id='word_1_396' title='bbox 579 4838 679 4892; x_wconf 91' lang='lat' dir='ltr'><strong>per</strong></span> <span class='ocrx_word' id='word_1_397' title='bbox 710 4830 1050 4892; x_wconf 86' lang='lat' dir='ltr'><strong>sequentem.</strong></span> <span class='ocrx_word' id='word_1_398' title='bbox 1077 4820 1142 4875; x_wconf 89' lang='lat' dir='ltr'><strong>Et</strong></span> <span class='ocrx_word' id='word_1_399' title='bbox 1166 4823 1240 4876; x_wconf 89' lang='lat' dir='ltr'><strong>ita</strong></span> <span class='ocrx_word' id='word_1_400' title='bbox 1273 4824 1502 4893; x_wconf 76' lang='lat' dir='ltr'><strong>singulae</strong></span> <span class='ocrx_word' id='word_1_401' title='bbox 1529 4839 1628 4894; x_wconf 87' lang='lat' dir='ltr'><strong>per</strong></span> <span class='ocrx_word' id='word_1_402' title='bbox 1658 4823 2069 4894; x_wconf 86' lang='lat' dir='ltr'><strong>suprascriptos</strong></span> 
     </span>
    </p>
   </div>
   <div class='ocr_carea' id='block_1_60' title="bbox 471 4911 2071 4986">
    <p class='ocr_par' dir='ltr' id='par_1_60' title="bbox 471 4911 2071 4986">
     <span class='ocr_line' id='line_1_60' title="bbox 471 4911 2071 4986; baseline 0.001 -19"><span class='ocrx_word' id='word_1_403' title='bbox 471 4923 653 4969; x_wconf 62' lang='lat' dir='ltr'><strong>annos</strong></span> <span class='ocrx_word' id='word_1_404' title='bbox 698 4914 854 4970; x_wconf 91' lang='lat' dir='ltr'><strong>solis.</strong></span> <span class='ocrx_word' id='word_1_405' title='bbox 905 4911 1005 4968; x_wconf 88' lang='lat' dir='ltr'><strong>His</strong></span> <span class='ocrx_word' id='word_1_406' title='bbox 1045 4912 1192 4969; x_wconf 90' lang='lat' dir='ltr'><strong>enim</strong></span> <span class='ocrx_word' id='word_1_407' title='bbox 1238 4913 1308 4968; x_wconf 93' lang='lat' dir='ltr'><strong>ad</strong></span> <span class='ocrx_word' id='word_1_408' title='bbox 1338 4915 1587 4984; x_wconf 88' lang='lat' dir='ltr'><strong>ejusdem</strong></span> <span class='ocrx_word' id='word_1_409' title='bbox 1619 4916 1830 4970; x_wconf 91' lang='lat' dir='ltr'><strong>numeri</strong></span> <span class='ocrx_word' id='word_1_410' title='bbox 1862 4915 2071 4986; x_wconf 81' lang='lat' dir='ltr'><strong>signiﬁ-</strong></span> 
     </span>
    </p>
   </div>
   <div class='ocr_carea' id='block_1_61' title="bbox 475 5005 2071 5078">
    <p class='ocr_par' dir='ltr' id='par_1_61' title="bbox 475 5005 2071 5078">
     <span class='ocr_line' id='line_1_61' title="bbox 475 5005 2071 5078; baseline 0 -17"><span class='ocrx_word' id='word_1_411' title='bbox 475 5005 682 5061; x_wconf 85' lang='lat' dir='ltr'><strong>candas</strong></span> <span class='ocrx_word' id='word_1_412' title='bbox 731 5005 1288 5062; x_wconf 89' lang='lat' dir='ltr'><strong>enneadecaeteridas</strong></span> <span class='ocrx_word' id='word_1_413' title='bbox 1334 5007 1421 5062; x_wconf 89' lang='lat' dir='ltr'><strong>usi</strong></span> <span class='ocrx_word' id='word_1_414' title='bbox 1470 5022 1685 5072; x_wconf 90' lang='lat' dir='ltr'><strong>sumus,</strong></span> <span class='ocrx_word' id='word_1_415' title='bbox 1731 5022 1801 5062; x_wconf 91' lang='lat' dir='ltr'><strong>ne</strong></span> <span class='ocrx_word' id='word_1_416' title='bbox 1845 5015 2071 5078; x_wconf 87' lang='lat' dir='ltr'><strong>propter</strong></span> 
     </span>
    </p>
   </div>
   <div class='ocr_carea' id='block_1_62' title="bbox 474 5097 2066 5169">
    <p class='ocr_par' dir='ltr' id='par_1_62' title="bbox 474 5097 2066 5169">
     <span class='ocr_line' id='line_1_62' title="bbox 474 5097 2066 5169; baseline 0.001 -17"><span class='ocrx_word' id='word_1_417' title='bbox 474 5113 570 5153; x_wconf 85' lang='lat' dir='ltr'><strong>eas</strong></span> <span class='ocrx_word' id='word_1_418' title='bbox 617 5097 725 5152; x_wconf 90' lang='lat' dir='ltr'><strong>alio</strong></span> <span class='ocrx_word' id='word_1_419' title='bbox 773 5097 984 5153; x_wconf 90' lang='lat' dir='ltr'><strong>circulo</strong></span> <span class='ocrx_word' id='word_1_420' title='bbox 1026 5113 1165 5169; x_wconf 91' lang='lat' dir='ltr'><strong>opus</strong></span> <span class='ocrx_word' id='word_1_421' title='bbox 1216 5107 1397 5166; x_wconf 87' lang='lat' dir='ltr'><strong>esset;</strong></span> <span class='ocrx_word' id='word_1_422' title='bbox 1448 5113 1514 5153; x_wconf 88' lang='lat' dir='ltr'><strong>ae</strong></span> <span class='ocrx_word' id='word_1_423' title='bbox 1564 5099 1789 5154; x_wconf 87' lang='lat' dir='ltr'><strong>circulis</strong></span> <span class='ocrx_word' id='word_1_424' title='bbox 1819 5106 2066 5153; x_wconf 89' lang='lat' dir='ltr'><strong>tantum-</strong></span> 
     </span>
    </p>
   </div>
   <div class='ocr_carea' id='block_1_63' title="bbox 475 5188 2067 5259">
    <p class='ocr_par' dir='ltr' id='par_1_63' title="bbox 475 5188 2067 5259">
     <span class='ocr_line' id='line_1_63' title="bbox 475 5188 2067 5259; baseline 0.002 -17"><span class='ocrx_word' id='word_1_425' title='bbox 475 5188 638 5244; x_wconf 83' lang='lat' dir='ltr'><strong>modo</strong></span> <span class='ocrx_word' id='word_1_426' title='bbox 688 5204 723 5244; x_wconf 88' lang='lat' dir='ltr'><strong>v</strong></span> <span class='ocrx_word' id='word_1_427' title='bbox 770 5189 1068 5259; x_wconf 88' lang='lat' dir='ltr'><strong>cujuslibet</strong></span> <span class='ocrx_word' id='word_1_428' title='bbox 1105 5191 1648 5248; x_wconf 84' lang='lat' dir='ltr'><strong>enneadecaeteridis</strong></span> <span class='ocrx_word' id='word_1_429' title='bbox 1684 5207 1862 5247; x_wconf 89' lang='lat' dir='ltr'><strong>annos</strong></span> <span class='ocrx_word' id='word_1_430' title='bbox 1905 5193 2067 5246; x_wconf 80' lang='lat' dir='ltr'><strong>attri-</strong></span> 
     </span>
    </p>
   </div>
   <div class='ocr_carea' id='block_1_64' title="bbox 473 5279 2066 5354">
    <p class='ocr_par' dir='ltr' id='par_1_64' title="bbox 473 5279 2066 5354">
     <span class='ocr_line' id='line_1_64' title="bbox 473 5279 2066 5354; baseline 0.003 -20"><span class='ocrx_word' id='word_1_431' title='bbox 473 5279 728 5345; x_wconf 88' lang='lat' dir='ltr'><strong>buimus,</strong></span> <span class='ocrx_word' id='word_1_432' title='bbox 784 5281 1046 5350; x_wconf 89' lang='lat' dir='ltr'><strong>quoniam</strong></span> <span class='ocrx_word' id='word_1_433' title='bbox 1101 5282 1157 5336; x_wconf 93' lang='lat' dir='ltr'><strong>in</strong></span> <span class='ocrx_word' id='word_1_434' title='bbox 1203 5282 1354 5337; x_wconf 86' lang='lat' dir='ltr'><strong>nulla</strong></span> <span class='ocrx_word' id='word_1_435' title='bbox 1413 5297 1644 5354; x_wconf 84' lang='lat' dir='ltr'><strong>prorsus</strong></span> <span class='ocrx_word' id='word_1_436' title='bbox 1691 5283 1838 5337; x_wconf 85' lang='lat' dir='ltr'><strong>ultra</strong></span> <span class='ocrx_word' id='word_1_437' title='bbox 1890 5298 2066 5339; x_wconf 87' lang='lat' dir='ltr'><strong>annos</strong></span> 
     </span>
    </p>
   </div>
   <div class='ocr_carea' id='block_1_65' title="bbox 475 5370 2135 5466">
    <p class='ocr_par' dir='ltr' id='par_1_65' title="bbox 475 5370 2135 5466">
     <span class='ocr_line' id='line_1_65' title="bbox 475 5370 2135 5466; baseline 0.002 -42"><span class='ocrx_word' id='word_1_438' title='bbox 475 5373 718 5441; x_wconf 89' lang='lat' dir='ltr'><strong>quinque</strong></span> <span class='ocrx_word' id='word_1_439' title='bbox 746 5370 802 5426; x_wconf 87' lang='lat' dir='ltr'><strong>&#39;in</strong></span> <span class='ocrx_word' id='word_1_440' title='bbox 835 5371 1176 5428; x_wconf 90' lang='lat' dir='ltr'><strong>Dominicam</strong></span> <span class='ocrx_word' id='word_1_441' title='bbox 1207 5374 1406 5430; x_wconf 85' lang='lat' dir='ltr'><strong>cadere</strong></span> <span class='ocrx_word' id='word_1_442' title='bbox 1447 5375 1933 5430; x_wconf 85' lang='lat' dir='ltr'><strong>animadvertimus</strong></span> <span class='ocrx_word' id='word_1_443' title='bbox 1973 5392 2064 5442; x_wconf 81' lang='lat' dir='ltr'><strong>xv,</strong></span> <span class='ocrx_word' id='word_1_444' title='bbox 2092 5408 2135 5466; x_wconf 63' lang='grc' dir='ltr'><strong>ρ</strong></span> 
     </span>
    </p>
   </div>
   <div class='ocr_carea' id='block_1_66' title="bbox 473 5461 2064 5536">
    <p class='ocr_par' dir='ltr' id='par_1_66' title="bbox 473 5461 2064 5536">
     <span class='ocr_line' id='line_1_66' title="bbox 473 5461 2064 5536; baseline 0.002 -20"><span class='ocrx_word' id='word_1_445' title='bbox 473 5462 559 5516; x_wconf 85' lang='lat' dir='ltr'><strong>vel</strong></span> <span class='ocrx_word' id='word_1_446' title='bbox 605 5477 694 5516; x_wconf 69' lang='lat' dir='ltr'><strong>xv:</strong></span> <span class='ocrx_word' id='word_1_447' title='bbox 747 5461 987 5529; x_wconf 88' lang='lat' dir='ltr'><strong>illorum,</strong></span> <span class='ocrx_word' id='word_1_448' title='bbox 1019 5479 1183 5533; x_wconf 90' lang='lat' dir='ltr'><strong>quam</strong></span> <span class='ocrx_word' id='word_1_449' title='bbox 1219 5479 1320 5520; x_wconf 92' lang='lat' dir='ltr'><strong>nos</strong></span> <span class='ocrx_word' id='word_1_450' title='bbox 1357 5481 1448 5520; x_wconf 78' lang='lat' dir='ltr'><strong>xw</strong></span> <span class='ocrx_word' id='word_1_451' title='bbox 1475 5473 1883 5535; x_wconf 89' lang='lat' dir='ltr'><strong>computamus,</strong></span> <span class='ocrx_word' id='word_1_452' title='bbox 1919 5465 2064 5536; x_wconf 90' lang='lat' dir='ltr'><strong>quod</strong></span> 
     </span>
    </p>
   </div>
   <div class='ocr_carea' id='block_1_67' title="bbox 474 5553 2061 5630">
    <p class='ocr_par' dir='ltr' id='par_1_67' title="bbox 474 5553 2061 5630">
     <span class='ocr_line' id='line_1_67' title="bbox 474 5553 2061 5630; baseline 0.005 -24"><span class='ocrx_word' id='word_1_453' title='bbox 474 5555 696 5608; x_wconf 87' lang='lat' dir='ltr'><strong>nonnisi</strong></span> <span class='ocrx_word' id='word_1_454' title='bbox 741 5553 798 5607; x_wconf 93' lang='lat' dir='ltr'><strong>in</strong></span> <span class='ocrx_word' id='word_1_455' title='bbox 841 5569 972 5619; x_wconf 87' lang='lat' dir='ltr'><strong>uno,</strong></span> <span class='ocrx_word' id='word_1_456' title='bbox 1028 5557 1113 5610; x_wconf 89' lang='lat' dir='ltr'><strong>vel</strong></span> <span class='ocrx_word' id='word_1_457' title='bbox 1163 5558 1400 5622; x_wconf 86' lang='lat' dir='ltr'><strong>duobus,</strong></span> <span class='ocrx_word' id='word_1_458' title='bbox 1453 5559 1539 5614; x_wconf 88' lang='lat' dir='ltr'><strong>vel</strong></span> <span class='ocrx_word' id='word_1_459' title='bbox 1573 5559 1772 5622; x_wconf 83' lang='lat' dir='ltr'><strong>tribus,</strong></span> <span class='ocrx_word' id='word_1_460' title='bbox 1806 5560 1892 5614; x_wconf 90' lang='lat' dir='ltr'><strong>vel</strong></span> <span class='ocrx_word' id='word_1_461' title='bbox 1921 5577 2061 5630; x_wconf 89' lang='lat' dir='ltr'><strong>qua-</strong></span> 
     </span>
    </p>
   </div>
   <div class='ocr_carea' id='block_1_68' title="bbox 476 5646 2058 5720">
    <p class='ocr_par' dir='ltr' id='par_1_68' title="bbox 476 5646 2058 5720">
     <span class='ocr_line' id='line_1_68' title="bbox 476 5646 2058 5720; baseline 0.007 -23"><span class='ocrx_word' id='word_1_462' title='bbox 476 5653 621 5709; x_wconf 87' lang='lat' dir='ltr'><strong>tuor,</strong></span> <span class='ocrx_word' id='word_1_463' title='bbox 649 5646 961 5717; x_wconf 89' lang='lat' dir='ltr'><strong>quinqueve</strong></span> <span class='ocrx_word' id='word_1_464' title='bbox 993 5649 1154 5705; x_wconf 88' lang='lat' dir='ltr'><strong>annis</strong></span> <span class='ocrx_word' id='word_1_465' title='bbox 1185 5650 1264 5717; x_wconf 83' lang='lat' dir='ltr'><strong>ﬁt,</strong></span> <span class='ocrx_word' id='word_1_466' title='bbox 1298 5650 1356 5706; x_wconf 90' lang='lat' dir='ltr'><strong>in</strong></span> <span class='ocrx_word' id='word_1_467' title='bbox 1385 5652 1638 5720; x_wconf 85' lang='lat' dir='ltr'><strong>pluribus</strong></span> <span class='ocrx_word' id='word_1_468' title='bbox 1673 5668 1784 5706; x_wconf 92' lang='lat' dir='ltr'><strong>non</strong></span> <span class='ocrx_word' id='word_1_469' title='bbox 1835 5652 2058 5708; x_wconf 88' lang='lat' dir='ltr'><strong>accidit.</strong></span> 
     </span>
    </p>
   </div>
   <div class='ocr_carea' id='block_1_69' title="bbox 545 5799 770 5858">
    <p class='ocr_par' dir='ltr' id='par_1_69' title="bbox 545 5799 770 5858">
     <span class='ocr_line' id='line_1_69' title="bbox 545 5799 770 5858; baseline 0.009 -2"><span class='ocrx_word' id='word_1_470' title='bbox 545 5799 592 5834; x_wconf 79' lang='lat'><strong>“</strong></span> <span class='ocrx_word' id='word_1_471' title='bbox 620 5801 655 5854; x_wconf 73' lang='grc' dir='ltr'><strong>Ῑ.</strong></span> <span class='ocrx_word' id='word_1_472' title='bbox 690 5803 770 5858; x_wconf 83' lang='grc' dir='ltr'>ιδ’.</span> 
     </span>
    </p>
   </div>
   <div class='ocr_carea' id='block_1_70' title="bbox 2252 2701 3762 2776">
    <p class='ocr_par' dir='ltr' id='par_1_70' title="bbox 2252 2701 3762 2776">
     <span class='ocr_line' id='line_1_70' title="bbox 2252 2701 3762 2776; baseline -0.002 -15"><span class='ocrx_word' id='word_1_473' title='bbox 2252 2709 2438 2761; x_wconf 80' lang='grc' dir='ltr'>Ἔστιν</span> <span class='ocrx_word' id='word_1_474' title='bbox 2469 2701 2562 2760; x_wconf 78' lang='grc' dir='ltr'><strong>οὖν</strong></span> <span class='ocrx_word' id='word_1_475' title='bbox 2586 2707 2620 2776; x_wconf 92' lang='grc' dir='ltr'><strong>ἡ</strong></span> <span class='ocrx_word' id='word_1_476' title='bbox 2650 2704 2744 2758; x_wconf 80' lang='grc' dir='ltr'>τοῦ</span> <span class='ocrx_word' id='word_1_477' title='bbox 2767 2704 3014 2758; x_wconf 85' lang='grc' dir='ltr'>κανονίου</span> <span class='ocrx_word' id='word_1_478' title='bbox 3038 2702 3315 2776; x_wconf 72' lang='grc' dir='ltr'><strong>διαγραφή</strong></span> <span class='ocrx_word' id='word_1_479' title='bbox 3343 2703 3586 2774; x_wconf 85' lang='grc' dir='ltr'><strong>τοιαύτη.</strong></span> <span class='ocrx_word' id='word_1_480' title='bbox 3606 2705 3762 2758; x_wconf 71' lang='grc' dir='ltr'>Κατὰ</span> 
     </span>
    </p>
   </div>
   <div class='ocr_carea' id='block_1_71' title="bbox 2173 2796 3761 2872">
    <p class='ocr_par' dir='ltr' id='par_1_71' title="bbox 2173 2796 3761 2872">
     <span class='ocr_line' id='line_1_71' title="bbox 2173 2796 3761 2872; baseline -0.003 -17"><span class='ocrx_word' id='word_1_481' title='bbox 2173 2801 2235 2855; x_wconf 83' lang='grc' dir='ltr'><strong>τὸ</strong></span> <span class='ocrx_word' id='word_1_482' title='bbox 2280 2801 2443 2872; x_wconf 82' lang='grc' dir='ltr'>μέσον</span> <span class='ocrx_word' id='word_1_483' title='bbox 2478 2797 2643 2852; x_wconf 75' lang='grc' dir='ltr'>αὑτοῦ</span> <span class='ocrx_word' id='word_1_484' title='bbox 2681 2797 2876 2868; x_wconf 81' lang='grc' dir='ltr'>τροχὸν</span> <span class='ocrx_word' id='word_1_485' title='bbox 2917 2796 3029 2868; x_wconf 88' lang='grc' dir='ltr'>ἔχει</span> <span class='ocrx_word' id='word_1_486' title='bbox 3068 2797 3274 2867; x_wconf 59' lang='grc' dir='ltr'>μέγαν</span> <span class='ocrx_word' id='word_1_487' title='bbox 3322 2797 3658 2868; x_wconf 81' lang='grc' dir='ltr'>ἑκατέρωθεν</span> <span class='ocrx_word' id='word_1_488' title='bbox 3706 2798 3761 2850; x_wconf 79' lang='grc' dir='ltr'>δὲ</span> 
     </span>
    </p>
   </div>
   <div class='ocr_carea' id='block_1_72' title="bbox 2173 2877 3761 2960">
    <p class='ocr_par' dir='ltr' id='par_1_72' title="bbox 2173 2877 3761 2960">
     <span class='ocr_line' id='line_1_72' title="bbox 2173 2877 3761 2960; baseline -0.003 -14"><span class='ocrx_word' id='word_1_489' title='bbox 2173 2892 2266 2946; x_wconf 91' lang='grc' dir='ltr'><strong>δύο</strong></span> <span class='ocrx_word' id='word_1_490' title='bbox 2299 2892 2542 2946; x_wconf 86' lang='grc' dir='ltr'>κανόνια.</span> <span class='ocrx_word' id='word_1_491' title='bbox 2574 2890 2686 2943; x_wconf 64' lang='grc' dir='ltr'><strong>Καὶ</strong></span> <span class='ocrx_word' id='word_1_492' title='bbox 2709 2892 2738 2943; x_wconf 87' lang='lat'><strong>6</strong></span> <span class='ocrx_word' id='word_1_493' title='bbox 2775 2890 2873 2960; x_wconf 81' lang='grc' dir='ltr'><strong>μὲν</strong></span> <span class='ocrx_word' id='word_1_494' title='bbox 2898 2888 3091 2960; x_wconf 78' lang='grc' dir='ltr'>τροχὸς</span> <span class='ocrx_word' id='word_1_495' title='bbox 3108 2888 3371 2959; x_wconf 81' lang='grc' dir='ltr'>κέκτηται</span> <span class='ocrx_word' id='word_1_496' title='bbox 3388 2877 3560 2954; x_wconf 65' lang='lat' dir='ltr'><strong>{ding</strong></span> <span class='ocrx_word' id='word_1_497' title='bbox 3584 2889 3761 2951; x_wconf 76' lang='grc' dir='ltr'>ἐννέα,</span> 
     </span>
    </p>
   </div>
   <div class='ocr_carea' id='block_1_73' title="bbox 2172 2980 3762 3053">
    <p class='ocr_par' dir='ltr' id='par_1_73' title="bbox 2172 2980 3762 3053">
     <span class='ocr_line' id='line_1_73' title="bbox 2172 2980 3762 3053; baseline -0.001 -16"><span class='ocrx_word' id='word_1_498' title='bbox 2172 2983 2421 3038; x_wconf 82' lang='grc' dir='ltr'>τουτέστι</span> <span class='ocrx_word' id='word_1_499' title='bbox 2474 2983 2740 3046; x_wconf 85' lang='grc' dir='ltr'>κύκλους·</span> <span class='ocrx_word' id='word_1_500' title='bbox 2791 2983 2840 3034; x_wconf 85' lang='grc' dir='ltr'>οἱ</span> <span class='ocrx_word' id='word_1_501' title='bbox 2888 2981 2947 3034; x_wconf 78' lang='grc' dir='ltr'>δὲ</span> <span class='ocrx_word' id='word_1_502' title='bbox 2998 2980 3188 3034; x_wconf 83' lang='grc' dir='ltr'>κύκλοι</span> <span class='ocrx_word' id='word_1_503' title='bbox 3226 2980 3398 3033; x_wconf 80' lang='grc' dir='ltr'>ταῦτα</span> <span class='ocrx_word' id='word_1_504' title='bbox 3425 2980 3546 3034; x_wconf 85' lang='grc' dir='ltr'>καθ’</span> <span class='ocrx_word' id='word_1_505' title='bbox 3571 2981 3762 3053; x_wconf 84' lang='grc' dir='ltr'>εἱρμὸν</span> 
     </span>
    </p>
   </div>
   <div class='ocr_carea' id='block_1_74' title="bbox 2175 3069 3760 3148">
    <p class='ocr_par' dir='ltr' id='par_1_74' title="bbox 2175 3069 3760 3148">
     <span class='ocr_line' id='line_1_74' title="bbox 2175 3069 3760 3148; baseline -0.001 -20"><span class='ocrx_word' id='word_1_506' title='bbox 2175 3076 2545 3148; x_wconf 85' lang='grc' dir='ltr'>περιέχουσιν.</span> <span class='ocrx_word' id='word_1_507' title='bbox 2585 3069 2712 3128; x_wconf 77' lang='grc' dir='ltr'>Οἷον</span> <span class='ocrx_word' id='word_1_508' title='bbox 2749 3075 2779 3126; x_wconf 88' lang='grc' dir='ltr'>ὁ</span> <span class='ocrx_word' id='word_1_509' title='bbox 2811 3073 2911 3144; x_wconf 84' lang='grc' dir='ltr'><strong>μὲν</strong></span> <span class='ocrx_word' id='word_1_510' title='bbox 2949 3073 3186 3145; x_wconf 86' lang='grc' dir='ltr'>πρῶτος,</span> <span class='ocrx_word' id='word_1_511' title='bbox 3221 3074 3389 3142; x_wconf 75' lang='grc' dir='ltr'>ἤγουν</span> <span class='ocrx_word' id='word_1_512' title='bbox 3419 3074 3447 3125; x_wconf 98' lang='lat'><strong>6</strong></span> <span class='ocrx_word' id='word_1_513' title='bbox 3476 3073 3760 3146; x_wconf 79' lang='grc' dir='ltr'>ἐξώτερος,</span> 
     </span>
    </p>
   </div>
   <div class='ocr_carea' id='block_1_75' title="bbox 2173 3164 3765 3239">
    <p class='ocr_par' dir='ltr' id='par_1_75' title="bbox 2173 3164 3765 3239">
     <span class='ocr_line' id='line_1_75' title="bbox 2173 3164 3765 3239; baseline 0.001 -18"><span class='ocrx_word' id='word_1_514' title='bbox 2173 3169 2243 3222; x_wconf 88' lang='grc' dir='ltr'>τὰ</span> <span class='ocrx_word' id='word_1_515' title='bbox 2285 3167 2372 3239; x_wconf 86' lang='grc' dir='ltr'>κη’</span> <span class='ocrx_word' id='word_1_516' title='bbox 2400 3167 2496 3222; x_wconf 77' lang='grc' dir='ltr'>τοῦ</span> <span class='ocrx_word' id='word_1_517' title='bbox 2527 3166 2680 3238; x_wconf 80' lang='grc' dir='ltr'>ἡλίου</span> <span class='ocrx_word' id='word_1_518' title='bbox 2713 3166 2832 3236; x_wconf 86' lang='grc' dir='ltr'>ἔτη,</span> <span class='ocrx_word' id='word_1_519' title='bbox 2865 3167 2967 3220; x_wconf 86' lang='grc' dir='ltr'><strong>ούκ</strong></span> <span class='ocrx_word' id='word_1_520' title='bbox 3002 3166 3111 3219; x_wconf 78' lang='grc' dir='ltr'>ἀπὸ</span> <span class='ocrx_word' id='word_1_521' title='bbox 3138 3164 3356 3238; x_wconf 82' lang='grc' dir='ltr'>πρώτου</span> <span class='ocrx_word' id='word_1_522' title='bbox 3386 3165 3539 3230; x_wconf 89' lang='grc' dir='ltr'>ἔτους</span> <span class='ocrx_word' id='word_1_523' title='bbox 3571 3166 3765 3237; x_wconf 80' lang='grc' dir='ltr'>ἔχοντα</span> 
     </span>
    </p>
   </div>
   <div class='ocr_carea' id='block_1_76' title="bbox 2173 3257 3765 3332">
    <p class='ocr_par' dir='ltr' id='par_1_76' title="bbox 2173 3257 3765 3332">
     <span class='ocr_line' id='line_1_76' title="bbox 2173 3257 3765 3332; baseline -0.001 -18"><span class='ocrx_word' id='word_1_524' title='bbox 2173 3260 2274 3332; x_wconf 79' lang='grc' dir='ltr'>τὴν</span> <span class='ocrx_word' id='word_1_525' title='bbox 2301 3261 2495 3332; x_wconf 85' lang='grc' dir='ltr'>ἀρχὴν,</span> <span class='ocrx_word' id='word_1_526' title='bbox 2526 3259 2664 3312; x_wconf 79' lang='grc' dir='ltr'>ἀλλὰ</span> <span class='ocrx_word' id='word_1_527' title='bbox 2686 3257 3162 3330; x_wconf 81' lang='grc' dir='ltr'>τρισκαιδεκάτου,</span> <span class='ocrx_word' id='word_1_528' title='bbox 3187 3260 3282 3312; x_wconf 79' lang='grc' dir='ltr'><strong>καὶ</strong></span> <span class='ocrx_word' id='word_1_529' title='bbox 3303 3259 3765 3330; x_wconf 86' lang='grc' dir='ltr'>τεσσαρεσκαιδε-</span> 
     </span>
    </p>
   </div>
   <div class='ocr_carea' id='block_1_77' title="bbox 2175 3349 3766 3422">
    <p class='ocr_par' dir='ltr' id='par_1_77' title="bbox 2175 3349 3766 3422">
     <span class='ocr_line' id='line_1_77' title="bbox 2175 3349 3766 3422; baseline -0.002 -15"><span class='ocrx_word' id='word_1_530' title='bbox 2175 3355 2366 3416; x_wconf 84' lang='grc' dir='ltr'>κάτου,</span> <span class='ocrx_word' id='word_1_531' title='bbox 2423 3355 2518 3404; x_wconf 77' lang='grc' dir='ltr'><strong>καὶ</strong></span> <span class='ocrx_word' id='word_1_532' title='bbox 2563 3351 2670 3404; x_wconf 86' lang='grc' dir='ltr'>τῶν</span> <span class='ocrx_word' id='word_1_533' title='bbox 2713 3351 2978 3422; x_wconf 78' lang='grc' dir='ltr'><strong>καθεξῆς·</strong></span> <span class='ocrx_word' id='word_1_534' title='bbox 3011 3353 3040 3404; x_wconf 88' lang='lat'><strong>6</strong></span> <span class='ocrx_word' id='word_1_535' title='bbox 3079 3349 3122 3421; x_wconf 82' lang='grc' dir='ltr'><strong>β’</strong></span> <span class='ocrx_word' id='word_1_536' title='bbox 3151 3349 3252 3415; x_wconf 78' lang='grc' dir='ltr'>τὰς</span> <span class='ocrx_word' id='word_1_537' title='bbox 3292 3351 3402 3404; x_wconf 84' lang='grc' dir='ltr'>τῶν</span> <span class='ocrx_word' id='word_1_538' title='bbox 3453 3352 3592 3405; x_wconf 85' lang='grc' dir='ltr'><strong>ὲτῶν</strong></span> <span class='ocrx_word' id='word_1_539' title='bbox 3631 3353 3766 3405; x_wconf 82' lang='grc' dir='ltr'>ἔπα-</span> 
     </span>
    </p>
   </div>
   <div class='ocr_carea' id='block_1_78' title="bbox 2175 3442 3766 3515">
    <p class='ocr_par' dir='ltr' id='par_1_78' title="bbox 2175 3442 3766 3515">
     <span class='ocr_line' id='line_1_78' title="bbox 2175 3442 3766 3515; baseline -0.002 -16"><span class='ocrx_word' id='word_1_540' title='bbox 2175 3447 2309 3510; x_wconf 88' lang='grc' dir='ltr'>κτάς</span> <span class='ocrx_word' id='word_1_541' title='bbox 2330 3463 2340 3475; x_wconf 93' lang='grc'><strong>·</strong></span> <span class='ocrx_word' id='word_1_542' title='bbox 2376 3447 2405 3498; x_wconf 90' lang='grc' dir='ltr'>ὁ</span> <span class='ocrx_word' id='word_1_543' title='bbox 2431 3451 2479 3513; x_wconf 76' lang='grc' dir='ltr'>γ’</span> <span class='ocrx_word' id='word_1_544' title='bbox 2503 3444 2571 3498; x_wconf 87' lang='grc' dir='ltr'>τὰ</span> <span class='ocrx_word' id='word_1_545' title='bbox 2595 3443 2736 3497; x_wconf 86' lang='grc' dir='ltr'>κατὰ</span> <span class='ocrx_word' id='word_1_546' title='bbox 2761 3444 2862 3514; x_wconf 85' lang='grc' dir='ltr'>τὴν</span> <span class='ocrx_word' id='word_1_547' title='bbox 2885 3442 3278 3515; x_wconf 83' lang='grc' dir='ltr'>τετραετηρίδα</span> <span class='ocrx_word' id='word_1_548' title='bbox 3301 3442 3518 3513; x_wconf 80' lang='grc' dir='ltr'>βίσεξτα</span> <span class='ocrx_word' id='word_1_549' title='bbox 3534 3458 3546 3472; x_wconf 90' lang='grc'><strong>·</strong></span> <span class='ocrx_word' id='word_1_550' title='bbox 3571 3443 3600 3496; x_wconf 91' lang='lat'><strong>6</strong></span> <span class='ocrx_word' id='word_1_551' title='bbox 3627 3444 3669 3496; x_wconf 94' lang='lat'>6&#39;</span> <span class='ocrx_word' id='word_1_552' title='bbox 3696 3443 3766 3496; x_wconf 74' lang='grc' dir='ltr'>τὰ</span> 
     </span>
    </p>
   </div>
   <div class='ocr_carea' id='block_1_79' title="bbox 2176 3533 3763 3609">
    <p class='ocr_par' dir='ltr' id='par_1_79' title="bbox 2176 3533 3763 3609">
     <span class='ocr_line' id='line_1_79' title="bbox 2176 3533 3763 3609; baseline -0.003 -18"><span class='ocrx_word' id='word_1_553' title='bbox 2176 3543 2262 3609; x_wconf 84' lang='grc' dir='ltr'>κη’</span> <span class='ocrx_word' id='word_1_554' title='bbox 2313 3536 2408 3590; x_wconf 77' lang='grc' dir='ltr'>τοῦ</span> <span class='ocrx_word' id='word_1_555' title='bbox 2465 3535 2618 3607; x_wconf 89' lang='grc' dir='ltr'>ἡλίου</span> <span class='ocrx_word' id='word_1_556' title='bbox 2669 3534 2764 3604; x_wconf 87' lang='grc' dir='ltr'><strong>ἔτη</strong></span> <span class='ocrx_word' id='word_1_557' title='bbox 2795 3534 2980 3598; x_wconf 88' lang='grc' dir='ltr'>πάλιν,</span> <span class='ocrx_word' id='word_1_558' title='bbox 3013 3535 3121 3588; x_wconf 78' lang='grc' dir='ltr'>ἀπὸ</span> <span class='ocrx_word' id='word_1_559' title='bbox 3152 3533 3368 3606; x_wconf 81' lang='grc' dir='ltr'>πρώτου</span> <span class='ocrx_word' id='word_1_560' title='bbox 3391 3533 3545 3597; x_wconf 83' lang='grc' dir='ltr'>ἔτους</span> <span class='ocrx_word' id='word_1_561' title='bbox 3569 3533 3763 3604; x_wconf 83' lang='grc' dir='ltr'>ἔχοντα</span> 
     </span>
    </p>
   </div>
   <div class='ocr_carea' id='block_1_80' title="bbox 2176 3623 3765 3698">
    <p class='ocr_par' dir='ltr' id='par_1_80' title="bbox 2176 3623 3765 3698">
     <span class='ocr_line' id='line_1_80' title="bbox 2176 3623 3765 3698; baseline -0.002 -18"><span class='ocrx_word' id='word_1_562' title='bbox 2176 3627 2276 3698; x_wconf 86' lang='grc' dir='ltr'><strong>τὴν</strong></span> <span class='ocrx_word' id='word_1_563' title='bbox 2309 3627 2504 3698; x_wconf 82' lang='grc' dir='ltr'>ἀρχήν.</span> <span class='ocrx_word' id='word_1_564' title='bbox 2525 3625 2626 3677; x_wconf 85' lang='grc' dir='ltr'><strong>Διὰ</strong></span> <span class='ocrx_word' id='word_1_565' title='bbox 2655 3623 2814 3678; x_wconf 83' lang='grc' dir='ltr'>τοῦτο</span> <span class='ocrx_word' id='word_1_566' title='bbox 2835 3625 2893 3677; x_wconf 81' lang='grc' dir='ltr'>δὲ</span> <span class='ocrx_word' id='word_1_567' title='bbox 2924 3624 3062 3678; x_wconf 75' lang='grc' dir='ltr'>κατὰ</span> <span class='ocrx_word' id='word_1_568' title='bbox 3089 3625 3187 3695; x_wconf 83' lang='grc' dir='ltr'><strong>μὲν</strong></span> <span class='ocrx_word' id='word_1_569' title='bbox 3211 3624 3301 3677; x_wconf 79' lang='grc' dir='ltr'><strong>τὸν</strong></span> <span class='ocrx_word' id='word_1_570' title='bbox 3327 3623 3542 3695; x_wconf 81' lang='grc' dir='ltr'>πρῶτον</span> <span class='ocrx_word' id='word_1_571' title='bbox 3562 3623 3765 3677; x_wconf 86' lang='grc' dir='ltr'>κύκλον</span> 
     </span>
    </p>
   </div>
   <div class='ocr_carea' id='block_1_81' title="bbox 2175 3715 3764 3790">
    <p class='ocr_par' dir='ltr' id='par_1_81' title="bbox 2175 3715 3764 3790">
     <span class='ocr_line' id='line_1_81' title="bbox 2175 3715 3764 3790; baseline -0.003 -16"><span class='ocrx_word' id='word_1_572' title='bbox 2175 3721 2284 3774; x_wconf 84' lang='grc' dir='ltr'>ἀπὸ</span> <span class='ocrx_word' id='word_1_573' title='bbox 2314 3719 2363 3790; x_wconf 87' lang='grc' dir='ltr'>γ’</span> <span class='ocrx_word' id='word_1_574' title='bbox 2397 3721 2492 3773; x_wconf 80' lang='grc' dir='ltr'>καὶ</span> <span class='ocrx_word' id='word_1_575' title='bbox 2526 3727 2577 3782; x_wconf 88' lang='grc' dir='ltr'><strong>ι’,</strong></span> <span class='ocrx_word' id='word_1_576' title='bbox 2615 3718 2758 3772; x_wconf 79' lang='grc' dir='ltr'>κατὰ</span> <span class='ocrx_word' id='word_1_577' title='bbox 2789 3719 2881 3772; x_wconf 85' lang='grc' dir='ltr'><strong>τὸν</strong></span> <span class='ocrx_word' id='word_1_578' title='bbox 2914 3718 2954 3772; x_wconf 79' lang='grc' dir='ltr'>δ’</span> <span class='ocrx_word' id='word_1_579' title='bbox 2984 3719 3040 3771; x_wconf 84' lang='grc' dir='ltr'><strong>δὲ</strong></span> <span class='ocrx_word' id='word_1_580' title='bbox 3073 3717 3179 3771; x_wconf 80' lang='grc' dir='ltr'><strong>ἀπὸ</strong></span> <span class='ocrx_word' id='word_1_581' title='bbox 3198 3716 3414 3788; x_wconf 80' lang='grc' dir='ltr'>πρώτου</span> <span class='ocrx_word' id='word_1_582' title='bbox 3451 3715 3522 3770; x_wconf 77' lang='grc' dir='ltr'>τὰ</span> <span class='ocrx_word' id='word_1_583' title='bbox 3550 3715 3637 3788; x_wconf 86' lang='grc' dir='ltr'>κη’</span> <span class='ocrx_word' id='word_1_584' title='bbox 3667 3717 3764 3771; x_wconf 81' lang='grc' dir='ltr'>τοῦ</span> 
     </span>
    </p>
   </div>
   <div class='ocr_carea' id='block_1_82' title="bbox 2175 3807 3765 3884">
    <p class='ocr_par' dir='ltr' id='par_1_82' title="bbox 2175 3807 3765 3884">
     <span class='ocr_line' id='line_1_82' title="bbox 2175 3807 3765 3884; baseline -0.003 -18"><span class='ocrx_word' id='word_1_585' title='bbox 2175 3814 2328 3884; x_wconf 82' lang='grc' dir='ltr'>ἡλίου</span> <span class='ocrx_word' id='word_1_586' title='bbox 2353 3811 2732 3883; x_wconf 85' lang='grc' dir='ltr'>κατετάγησαν</span> <span class='ocrx_word' id='word_1_587' title='bbox 2759 3810 2876 3882; x_wconf 83' lang='grc' dir='ltr'>ἔτη,</span> <span class='ocrx_word' id='word_1_588' title='bbox 2897 3809 2983 3863; x_wconf 82' lang='grc' dir='ltr'><strong>ἵνα</strong></span> <span class='ocrx_word' id='word_1_589' title='bbox 3007 3808 3375 3880; x_wconf 83' lang='grc' dir='ltr'>εύσημείωτον</span> <span class='ocrx_word' id='word_1_590' title='bbox 3395 3807 3624 3879; x_wconf 82' lang='grc' dir='ltr'>γένηται</span> <span class='ocrx_word' id='word_1_591' title='bbox 3651 3812 3765 3872; x_wconf 86' lang='grc' dir='ltr'>τοῖς</span> 
     </span>
    </p>
   </div>
   <div class='ocr_carea' id='block_1_83' title="bbox 2177 3899 3762 3975">
    <p class='ocr_par' dir='ltr' id='par_1_83' title="bbox 2177 3899 3762 3975">
     <span class='ocr_line' id='line_1_83' title="bbox 2177 3899 3762 3975; baseline -0.002 -18"><span class='ocrx_word' id='word_1_592' title='bbox 2177 3903 2556 3975; x_wconf 83' lang='grc' dir='ltr'>φιλομαθὲσιν,</span> <span class='ocrx_word' id='word_1_593' title='bbox 2584 3903 2659 3968; x_wconf 86' lang='grc' dir='ltr'>ὡς</span> <span class='ocrx_word' id='word_1_594' title='bbox 2687 3903 2748 3956; x_wconf 84' lang='grc' dir='ltr'>τὺ</span> <span class='ocrx_word' id='word_1_595' title='bbox 2777 3903 2906 3974; x_wconf 84' lang='grc' dir='ltr'>παρ’</span> <span class='ocrx_word' id='word_1_596' title='bbox 2935 3900 3162 3964; x_wconf 77' lang='grc' dir='ltr'>ἐκείνοις</span> <span class='ocrx_word' id='word_1_597' title='bbox 3193 3899 3565 3971; x_wconf 79' lang='grc' dir='ltr'>ψηφιζόμενον</span> <span class='ocrx_word' id='word_1_598' title='bbox 3592 3899 3640 3953; x_wconf 84' lang='grc' dir='ltr'>α’</span> <span class='ocrx_word' id='word_1_599' title='bbox 3670 3901 3762 3954; x_wconf 85' lang='grc' dir='ltr'>τοῦ</span> 
     </span>
    </p>
   </div>
   <div class='ocr_carea' id='block_1_84' title="bbox 2177 3991 3765 4068">
    <p class='ocr_par' dir='ltr' id='par_1_84' title="bbox 2177 3991 3765 4068">
     <span class='ocr_line' id='line_1_84' title="bbox 2177 3991 3765 4068; baseline -0.002 -20"><span class='ocrx_word' id='word_1_600' title='bbox 2177 3997 2328 4068; x_wconf 84' lang='grc' dir='ltr'>ἡλίου</span> <span class='ocrx_word' id='word_1_601' title='bbox 2362 3995 2482 4058; x_wconf 86' lang='grc' dir='ltr'>ἔτος</span> <span class='ocrx_word' id='word_1_602' title='bbox 2507 3997 2635 4066; x_wconf 80' lang='grc' dir='ltr'>παρ’</span> <span class='ocrx_word' id='word_1_603' title='bbox 2666 3997 2799 4066; x_wconf 81' lang='grc' dir='ltr'>ἡμῖν</span> <span class='ocrx_word' id='word_1_604' title='bbox 2847 3996 2966 4047; x_wconf 79' lang='grc' dir='ltr'>ἔστι</span> <span class='ocrx_word' id='word_1_605' title='bbox 2989 3991 3036 4062; x_wconf 87' lang='grc' dir='ltr'>γ’</span> <span class='ocrx_word' id='word_1_606' title='bbox 3067 3994 3163 4048; x_wconf 63' lang='grc' dir='ltr'><strong>καὶ</strong></span> <span class='ocrx_word' id='word_1_607' title='bbox 3199 3991 3250 4059; x_wconf 86' lang='grc' dir='ltr'>ι’,</span> <span class='ocrx_word' id='word_1_608' title='bbox 3280 3993 3377 4047; x_wconf 78' lang='grc' dir='ltr'><strong>καὶ</strong></span> <span class='ocrx_word' id='word_1_609' title='bbox 3417 3993 3477 4046; x_wconf 80' lang='grc' dir='ltr'><strong>τὸ</strong></span> <span class='ocrx_word' id='word_1_610' title='bbox 3507 3991 3573 4064; x_wconf 87' lang='grc' dir='ltr'><strong>β’,</strong></span> <span class='ocrx_word' id='word_1_611' title='bbox 3600 3991 3642 4046; x_wconf 84' lang='grc' dir='ltr'>δ’</span> <span class='ocrx_word' id='word_1_612' title='bbox 3670 3994 3765 4046; x_wconf 83' lang='grc' dir='ltr'>καὶ</span> 
     </span>
    </p>
   </div>
   <div class='ocr_carea' id='block_1_85' title="bbox 2177 4085 3764 4158">
    <p class='ocr_par' dir='ltr' id='par_1_85' title="bbox 2177 4085 3764 4158">
     <span class='ocr_line' id='line_1_85' title="bbox 2177 4085 3764 4158; baseline -0.002 -17"><span class='ocrx_word' id='word_1_613' title='bbox 2177 4087 2232 4152; x_wconf 81' lang='grc' dir='ltr'>ι’,</span> <span class='ocrx_word' id='word_1_614' title='bbox 2249 4088 2344 4142; x_wconf 75' lang='grc' dir='ltr'>καὶ</span> <span class='ocrx_word' id='word_1_615' title='bbox 2368 4087 2439 4140; x_wconf 85' lang='grc' dir='ltr'>τὰ</span> <span class='ocrx_word' id='word_1_616' title='bbox 2461 4087 2626 4140; x_wconf 78' lang='grc' dir='ltr'>λοιπὰ</span> <span class='ocrx_word' id='word_1_617' title='bbox 2653 4086 2794 4140; x_wconf 84' lang='grc' dir='ltr'>κατὰ</span> <span class='ocrx_word' id='word_1_618' title='bbox 2826 4087 2918 4140; x_wconf 83' lang='grc' dir='ltr'><strong>τὸν</strong></span> <span class='ocrx_word' id='word_1_619' title='bbox 2948 4086 3134 4158; x_wconf 83' lang='grc' dir='ltr'>ὅμοιον</span> <span class='ocrx_word' id='word_1_620' title='bbox 3163 4085 3326 4156; x_wconf 81' lang='grc' dir='ltr'>τῆσδε</span> <span class='ocrx_word' id='word_1_621' title='bbox 3352 4087 3450 4156; x_wconf 86' lang='grc' dir='ltr'><strong>τῆς</strong></span> <span class='ocrx_word' id='word_1_622' title='bbox 3481 4085 3764 4157; x_wconf 78' lang='grc' dir='ltr'>διαστολῆς</span> 
     </span>
    </p>
   </div>
   <div class='ocr_carea' id='block_1_86' title="bbox 2171 4164 3764 4252">
    <p class='ocr_par' dir='ltr' id='par_1_86' title="bbox 2171 4164 3764 4252">
     <span class='ocr_line' id='line_1_86' title="bbox 2171 4164 3764 4252; baseline 0 -20"><span class='ocrx_word' id='word_1_623' title='bbox 2171 4180 2394 4252; x_wconf 85' lang='grc' dir='ltr'>τρόπον.</span> <span class='ocrx_word' id='word_1_624' title='bbox 2436 4164 2718 4252; x_wconf 65' lang='grc' dir='ltr'>Ἀνωτέρω</span> <span class='ocrx_word' id='word_1_625' title='bbox 2746 4179 2806 4232; x_wconf 82' lang='grc' dir='ltr'>δὲ</span> <span class='ocrx_word' id='word_1_626' title='bbox 2838 4179 3044 4233; x_wconf 90' lang='grc' dir='ltr'>τούτων</span> <span class='ocrx_word' id='word_1_627' title='bbox 3076 4179 3154 4244; x_wconf 84' lang='grc' dir='ltr'>ὡς</span> <span class='ocrx_word' id='word_1_628' title='bbox 3185 4179 3364 4251; x_wconf 82' lang='grc' dir='ltr'>ἀληθῆ</span> <span class='ocrx_word' id='word_1_629' title='bbox 3397 4178 3465 4233; x_wconf 83' lang='grc' dir='ltr'>τὰ</span> <span class='ocrx_word' id='word_1_630' title='bbox 3494 4178 3636 4232; x_wconf 85' lang='grc' dir='ltr'>κατὰ</span> <span class='ocrx_word' id='word_1_631' title='bbox 3663 4179 3764 4250; x_wconf 80' lang='grc' dir='ltr'>τὴν</span> 
     </span>
    </p>
   </div>
   <div class='ocr_carea' id='block_1_87' title="bbox 2173 4270 3762 4344">
    <p class='ocr_par' dir='ltr' id='par_1_87' title="bbox 2173 4270 3762 4344">
     <span class='ocr_line' id='line_1_87' title="bbox 2173 4270 3762 4344; baseline -0.001 -17"><span class='ocrx_word' id='word_1_632' title='bbox 2173 4272 2631 4344; x_wconf 81' lang='grc' dir='ltr'>ὲκκλησιαστικὴν</span> <span class='ocrx_word' id='word_1_633' title='bbox 2663 4273 2964 4344; x_wconf 83' lang='grc' dir='ltr'>παράδοσιν</span> <span class='ocrx_word' id='word_1_634' title='bbox 2985 4271 3338 4344; x_wconf 81' lang='grc' dir='ltr'>ψηφιζόμενα</span> <span class='ocrx_word' id='word_1_635' title='bbox 3363 4270 3762 4341; x_wconf 81' lang='grc' dir='ltr'>κατετάξαμεν.</span> 
     </span>
    </p>
   </div>
   <div class='ocr_carea' id='block_1_88' title="bbox 2171 4361 3763 4436">
    <p class='ocr_par' dir='ltr' id='par_1_88' title="bbox 2171 4361 3763 4436">
     <span class='ocr_line' id='line_1_88' title="bbox 2171 4361 3763 4436; baseline -0.001 -18"><span class='ocrx_word' id='word_1_636' title='bbox 2171 4365 2358 4419; x_wconf 80' lang='grc' dir='ltr'>Ταῦτα</span> <span class='ocrx_word' id='word_1_637' title='bbox 2405 4365 2502 4435; x_wconf 82' lang='grc' dir='ltr'><strong>μὲν</strong></span> <span class='ocrx_word' id='word_1_638' title='bbox 2534 4367 2592 4417; x_wconf 85' lang='grc' dir='ltr'>ὲν</span> <span class='ocrx_word' id='word_1_639' title='bbox 2624 4366 2738 4429; x_wconf 82' lang='grc' dir='ltr'>τοῖς</span> <span class='ocrx_word' id='word_1_640' title='bbox 2776 4365 3040 4435; x_wconf 80' lang='grc' dir='ltr'>τέσσαρσι</span> <span class='ocrx_word' id='word_1_641' title='bbox 3073 4363 3169 4417; x_wconf 82' lang='grc' dir='ltr'>τοῦ</span> <span class='ocrx_word' id='word_1_642' title='bbox 3203 4361 3400 4436; x_wconf 71' lang='grc' dir='ltr'>τροχοῦ</span> <span class='ocrx_word' id='word_1_643' title='bbox 3430 4362 3676 4426; x_wconf 83' lang='grc' dir='ltr'>κύκλοις·</span> <span class='ocrx_word' id='word_1_644' title='bbox 3711 4363 3763 4416; x_wconf 79' lang='grc' dir='ltr'>οι</span> 
     </span>
    </p>
   </div>
   <div class='ocr_carea' id='block_1_89' title="bbox 2170 4454 3764 4528">
    <p class='ocr_par' dir='ltr' id='par_1_89' title="bbox 2170 4454 3764 4528">
     <span class='ocr_line' id='line_1_89' title="bbox 2170 4454 3764 4528; baseline -0.001 -19"><span class='ocrx_word' id='word_1_645' title='bbox 2170 4455 2228 4509; x_wconf 87' lang='grc' dir='ltr'>δὲ</span> <span class='ocrx_word' id='word_1_646' title='bbox 2269 4456 2475 4510; x_wconf 89' lang='grc' dir='ltr'>τούτων</span> <span class='ocrx_word' id='word_1_647' title='bbox 2509 4455 2660 4520; x_wconf 78' lang='grc' dir='ltr'>ἐντὸς</span> <span class='ocrx_word' id='word_1_648' title='bbox 2710 4455 3180 4528; x_wconf 85' lang='grc' dir='ltr'>διαγεγραμμένοι</span> <span class='ocrx_word' id='word_1_649' title='bbox 3225 4462 3268 4508; x_wconf 83' lang='grc' dir='ltr'>ε’</span> <span class='ocrx_word' id='word_1_650' title='bbox 3319 4454 3508 4508; x_wconf 89' lang='grc' dir='ltr'>κύκλοι</span> <span class='ocrx_word' id='word_1_651' title='bbox 3551 4454 3620 4508; x_wconf 81' lang='grc' dir='ltr'>τὰ</span> <span class='ocrx_word' id='word_1_652' title='bbox 3654 4454 3764 4508; x_wconf 82' lang='grc' dir='ltr'><strong>τῶν</strong></span> 
     </span>
    </p>
   </div>
   <div class='ocr_carea' id='block_1_90' title="bbox 2171 4543 3765 4626">
    <p class='ocr_par' dir='ltr' id='par_1_90' title="bbox 2171 4543 3765 4626">
     <span class='ocr_line' id='line_1_90' title="bbox 2171 4543 3765 4626; baseline -0.002 -26"><span class='ocrx_word' id='word_1_653' title='bbox 2171 4546 2480 4618; x_wconf 75' lang='grc' dir='ltr'>εἰρημένων</span> <span class='ocrx_word' id='word_1_654' title='bbox 2540 4543 2625 4616; x_wconf 82' lang='grc' dir='ltr'>κη’</span> <span class='ocrx_word' id='word_1_655' title='bbox 2688 4545 3343 4617; x_wconf 80' lang='grc' dir='ltr'>ἐννεακαιδεκαετηρίδων</span> <span class='ocrx_word' id='word_1_656' title='bbox 3384 4545 3482 4616; x_wconf 83' lang='grc' dir='ltr'>τῆς</span> <span class='ocrx_word' id='word_1_657' title='bbox 3533 4545 3765 4626; x_wconf 74' lang='grc' dir='ltr'>σελήνης</span> 
     </span>
    </p>
   </div>
   <div class='ocr_carea' id='block_1_91' title="bbox 2175 4631 3765 4711">
    <p class='ocr_par' dir='ltr' id='par_1_91' title="bbox 2175 4631 3765 4711">
     <span class='ocr_line' id='line_1_91' title="bbox 2175 4631 3765 4711; baseline -0.004 -18"><span class='ocrx_word' id='word_1_658' title='bbox 2175 4639 2518 4711; x_wconf 81' lang='grc' dir='ltr'>περιέχουσιν</span> <span class='ocrx_word' id='word_1_659' title='bbox 2563 4637 2657 4708; x_wconf 87' lang='grc' dir='ltr'><strong>ἔτη</strong></span> <span class='ocrx_word' id='word_1_660' title='bbox 2681 4655 2695 4670; x_wconf 81' lang='grc' dir='ltr'><strong>ο</strong></span> <span class='ocrx_word' id='word_1_661' title='bbox 2732 4639 2792 4691; x_wconf 86' lang='grc' dir='ltr'>ὲν</span> <span class='ocrx_word' id='word_1_662' title='bbox 2816 4631 2898 4700; x_wconf 76' lang='grc' dir='ltr'><strong>οἷς</strong></span> <span class='ocrx_word' id='word_1_663' title='bbox 2938 4638 3019 4700; x_wconf 86' lang='grc' dir='ltr'>εἰς</span> <span class='ocrx_word' id='word_1_664' title='bbox 3066 4635 3291 4707; x_wconf 85' lang='grc' dir='ltr'>πρώτην</span> <span class='ocrx_word' id='word_1_665' title='bbox 3330 4635 3564 4707; x_wconf 81' lang='grc' dir='ltr'>ἡμέραν,</span> <span class='ocrx_word' id='word_1_666' title='bbox 3595 4636 3765 4706; x_wconf 81' lang='grc' dir='ltr'>ἡγουν</span> 
     </span>
    </p>
   </div>
   <div class='ocr_carea' id='block_1_92' title="bbox 2173 4723 3765 4798">
    <p class='ocr_par' dir='ltr' id='par_1_92' title="bbox 2173 4723 3765 4798">
     <span class='ocr_line' id='line_1_92' title="bbox 2173 4723 3765 4798; baseline -0.004 -16"><span class='ocrx_word' id='word_1_667' title='bbox 2173 4729 2336 4798; x_wconf 84' lang='grc' dir='ltr'>ἁγίαν</span> <span class='ocrx_word' id='word_1_668' title='bbox 2378 4726 2689 4798; x_wconf 83' lang='grc' dir='ltr'>Κυριακὴν,</span> <span class='ocrx_word' id='word_1_669' title='bbox 2721 4733 2764 4778; x_wconf 86' lang='grc' dir='ltr'>ε’</span> <span class='ocrx_word' id='word_1_670' title='bbox 2818 4725 2913 4780; x_wconf 66' lang='grc' dir='ltr'>καὶ</span> <span class='ocrx_word' id='word_1_671' title='bbox 2966 4723 3018 4790; x_wconf 87' lang='grc' dir='ltr'>ι’,</span> <span class='ocrx_word' id='word_1_672' title='bbox 3053 4726 3086 4797; x_wconf 83' lang='grc' dir='ltr'>ἢ</span> <span class='ocrx_word' id='word_1_673' title='bbox 3127 4723 3180 4790; x_wconf 87' lang='grc' dir='ltr'>ς’</span> <span class='ocrx_word' id='word_1_674' title='bbox 3207 4724 3303 4779; x_wconf 74' lang='grc' dir='ltr'><strong>καὶ</strong></span> <span class='ocrx_word' id='word_1_675' title='bbox 3350 4723 3403 4788; x_wconf 87' lang='grc' dir='ltr'>ι’,</span> <span class='ocrx_word' id='word_1_676' title='bbox 3434 4726 3632 4778; x_wconf 78' lang='grc' dir='ltr'>ἐκεῖνοι</span> <span class='ocrx_word' id='word_1_677' title='bbox 3663 4725 3765 4795; x_wconf 85' lang='grc' dir='ltr'>τὴν</span> 
     </span>
    </p>
   </div>
   <div class='ocr_carea' id='block_1_93' title="bbox 2170 4814 3761 4889">
    <p class='ocr_par' dir='ltr' id='par_1_93' title="bbox 2170 4814 3761 4889">
     <span class='ocr_line' id='line_1_93' title="bbox 2170 4814 3761 4889; baseline -0.004 -16"><span class='ocrx_word' id='word_1_678' title='bbox 2170 4820 2212 4873; x_wconf 90' lang='lat'>6&#39;</span> <span class='ocrx_word' id='word_1_679' title='bbox 2229 4821 2324 4873; x_wconf 74' lang='grc' dir='ltr'><strong>καὶ</strong></span> <span class='ocrx_word' id='word_1_680' title='bbox 2352 4816 2381 4871; x_wconf 84' lang='grc' dir='ltr'>ι’</span> <span class='ocrx_word' id='word_1_681' title='bbox 2398 4817 2694 4889; x_wconf 74' lang='grc' dir='ltr'>ψηφίζουσι</span> <span class='ocrx_word' id='word_1_682' title='bbox 2723 4815 2820 4870; x_wconf 75' lang='grc' dir='ltr'>τοῦ</span> <span class='ocrx_word' id='word_1_683' title='bbox 2853 4815 2976 4870; x_wconf 83' lang='grc' dir='ltr'>καθ’</span> <span class='ocrx_word' id='word_1_684' title='bbox 3013 4815 3299 4888; x_wconf 78' lang='grc' dir='ltr'>Ἐὕραίους</span> <span class='ocrx_word' id='word_1_685' title='bbox 3327 4814 3545 4887; x_wconf 76' lang='grc' dir='ltr'>πρώτου</span> <span class='ocrx_word' id='word_1_686' title='bbox 3573 4815 3761 4886; x_wconf 88' lang='grc' dir='ltr'>μηνός.</span> 
     </span>
    </p>
   </div>
   <div class='ocr_carea' id='block_1_94' title="bbox 2169 4906 3828 4984">
    <p class='ocr_par' dir='ltr' id='par_1_94' title="bbox 2169 4906 3828 4984">
     <span class='ocr_line' id='line_1_94' title="bbox 2169 4906 3828 4984; baseline -0.004 -18"><span class='ocrx_word' id='word_1_687' title='bbox 2169 4910 2432 4984; x_wconf 81' lang='grc' dir='ltr'>Δηλούται</span> <span class='ocrx_word' id='word_1_688' title='bbox 2479 4911 2538 4964; x_wconf 79' lang='grc' dir='ltr'>δὲ</span> <span class='ocrx_word' id='word_1_689' title='bbox 2591 4909 2736 4964; x_wconf 79' lang='grc' dir='ltr'>κατὰ</span> <span class='ocrx_word' id='word_1_690' title='bbox 2787 4909 2940 4972; x_wconf 82' lang='grc' dir='ltr'>τάξιν</span> <span class='ocrx_word' id='word_1_691' title='bbox 2971 4910 3004 4979; x_wconf 95' lang='grc' dir='ltr'><strong>ἡ</strong></span> <span class='ocrx_word' id='word_1_692' title='bbox 3036 4909 3134 4980; x_wconf 84' lang='grc' dir='ltr'><strong>μὲν</strong></span> <span class='ocrx_word' id='word_1_693' title='bbox 3182 4907 3372 4979; x_wconf 86' lang='grc' dir='ltr'>πρώτη</span> <span class='ocrx_word' id='word_1_694' title='bbox 3404 4907 3502 4978; x_wconf 79' lang='grc' dir='ltr'>τῆς</span> <span class='ocrx_word' id='word_1_695' title='bbox 3537 4906 3766 4977; x_wconf 82' lang='grc' dir='ltr'>σελήνης</span> <span class='ocrx_word' id='word_1_696' title='bbox 3821 4931 3828 4936; x_wconf 94' lang='grc'><strong>·</strong></span> 
     </span>
    </p>
   </div>
   <div class='ocr_carea' id='block_1_95' title="bbox 2170 4998 3765 5074">
    <p class='ocr_par' dir='ltr' id='par_1_95' title="bbox 2170 4998 3765 5074">
     <span class='ocr_line' id='line_1_95' title="bbox 2170 4998 3765 5074; baseline -0.004 -17"><span class='ocrx_word' id='word_1_697' title='bbox 2170 5003 2748 5074; x_wconf 75' lang='grc' dir='ltr'>ἔννεακαιδεκαετηρὶς</span> <span class='ocrx_word' id='word_1_698' title='bbox 2791 5001 2883 5054; x_wconf 81' lang='grc' dir='ltr'>διὰ</span> <span class='ocrx_word' id='word_1_699' title='bbox 2928 5000 3022 5054; x_wconf 74' lang='grc' dir='ltr'>τοῦ</span> <span class='ocrx_word' id='word_1_700' title='bbox 3053 4999 3273 5072; x_wconf 87' lang='grc' dir='ltr'>πρώτου</span> <span class='ocrx_word' id='word_1_701' title='bbox 3317 4999 3462 5054; x_wconf 86' lang='grc' dir='ltr'>κατὰ</span> <span class='ocrx_word' id='word_1_702' title='bbox 3492 4999 3584 5052; x_wconf 85' lang='grc' dir='ltr'><strong>τὸν</strong></span> <span class='ocrx_word' id='word_1_703' title='bbox 3613 4998 3765 5068; x_wconf 77' lang='grc' dir='ltr'>ἥλιον</span> 
     </span>
    </p>
   </div>
   <div class='ocr_carea' id='block_1_96' title="bbox 2169 5089 3762 5164">
    <p class='ocr_par' dir='ltr' id='par_1_96' title="bbox 2169 5089 3762 5164">
     <span class='ocr_line' id='line_1_96' title="bbox 2169 5089 3762 5164; baseline -0.004 -16"><span class='ocrx_word' id='word_1_704' title='bbox 2169 5095 2324 5160; x_wconf 90' lang='grc' dir='ltr'>ἔτους</span> <span class='ocrx_word' id='word_1_705' title='bbox 2372 5094 2466 5147; x_wconf 79' lang='grc' dir='ltr'><strong>τοῦ</strong></span> <span class='ocrx_word' id='word_1_706' title='bbox 2515 5095 2594 5158; x_wconf 88' lang='grc' dir='ltr'>εἰς</span> <span class='ocrx_word' id='word_1_707' title='bbox 2637 5094 2729 5146; x_wconf 86' lang='grc' dir='ltr'><strong>τὸν</strong></span> <span class='ocrx_word' id='word_1_708' title='bbox 2767 5093 3027 5164; x_wconf 80' lang='grc' dir='ltr'>τέταρτον</span> <span class='ocrx_word' id='word_1_709' title='bbox 3056 5092 3510 5164; x_wconf 80' lang='grc' dir='ltr'>ἐγγεγραμμένου</span> <span class='ocrx_word' id='word_1_710' title='bbox 3541 5089 3762 5153; x_wconf 89' lang='grc' dir='ltr'>κύκλον,</span> 
     </span>
    </p>
   </div>
   <div class='ocr_carea' id='block_1_97' title="bbox 2171 5185 3765 5258">
    <p class='ocr_par' dir='ltr' id='par_1_97' title="bbox 2171 5185 3765 5258">
     <span class='ocr_line' id='line_1_97' title="bbox 2171 5185 3765 5258; baseline -0.004 -17"><span class='ocrx_word' id='word_1_711' title='bbox 2171 5188 2287 5258; x_wconf 86' lang='grc' dir='ltr'>μεθ’</span> <span class='ocrx_word' id='word_1_712' title='bbox 2327 5187 2407 5250; x_wconf 80' lang='grc' dir='ltr'>ὃν,</span> <span class='ocrx_word' id='word_1_713' title='bbox 2440 5187 2515 5250; x_wconf 85' lang='grc' dir='ltr'><strong>ὡς</strong></span> <span class='ocrx_word' id='word_1_714' title='bbox 2553 5186 2710 5256; x_wconf 87' lang='grc' dir='ltr'>ἔφην,</span> <span class='ocrx_word' id='word_1_715' title='bbox 2740 5186 2812 5239; x_wconf 77' lang='grc' dir='ltr'>τὰ</span> <span class='ocrx_word' id='word_1_716' title='bbox 2836 5186 2976 5240; x_wconf 80' lang='grc' dir='ltr'>αὐτὰ</span> <span class='ocrx_word' id='word_1_717' title='bbox 3003 5187 3105 5257; x_wconf 88' lang='grc' dir='ltr'>τῆς</span> <span class='ocrx_word' id='word_1_718' title='bbox 3133 5185 3362 5257; x_wconf 81' lang='grc' dir='ltr'>σελήνης</span> <span class='ocrx_word' id='word_1_719' title='bbox 3388 5185 3765 5256; x_wconf 76' lang='grc' dir='ltr'>διεγράφησαν</span> 
     </span>
    </p>
   </div>
   <div class='ocr_carea' id='block_1_98' title="bbox 2167 5274 3764 5351">
    <p class='ocr_par' dir='ltr' id='par_1_98' title="bbox 2167 5274 3764 5351">
     <span class='ocr_line' id='line_1_98' title="bbox 2167 5274 3764 5351; baseline -0.003 -19"><span class='ocrx_word' id='word_1_720' title='bbox 2167 5280 2262 5351; x_wconf 87' lang='grc' dir='ltr'><strong>ἔτη</strong></span> <span class='ocrx_word' id='word_1_721' title='bbox 2281 5297 2293 5312; x_wconf 90' lang='grc'><strong>·</strong></span> <span class='ocrx_word' id='word_1_722' title='bbox 2329 5281 2363 5351; x_wconf 85' lang='grc' dir='ltr'><strong>ἡ</strong></span> <span class='ocrx_word' id='word_1_723' title='bbox 2403 5279 2460 5332; x_wconf 81' lang='grc' dir='ltr'>δὲ</span> <span class='ocrx_word' id='word_1_724' title='bbox 2493 5277 2535 5349; x_wconf 89' lang='grc' dir='ltr'><strong>β’</strong></span> <span class='ocrx_word' id='word_1_725' title='bbox 2565 5277 2656 5331; x_wconf 85' lang='grc' dir='ltr'>διὰ</span> <span class='ocrx_word' id='word_1_726' title='bbox 2678 5279 2772 5332; x_wconf 74' lang='grc' dir='ltr'>τοῦ</span> <span class='ocrx_word' id='word_1_727' title='bbox 2805 5276 2848 5350; x_wconf 86' lang='grc' dir='ltr'><strong>β’</strong></span> <span class='ocrx_word' id='word_1_728' title='bbox 2870 5296 2882 5309; x_wconf 87' lang='grc'><strong>·</strong></span> <span class='ocrx_word' id='word_1_729' title='bbox 2917 5279 3012 5332; x_wconf 76' lang='grc' dir='ltr'><strong>καὶ</strong></span> <span class='ocrx_word' id='word_1_730' title='bbox 3040 5278 3226 5342; x_wconf 84' lang='grc' dir='ltr'>ἁπλῶς</span> <span class='ocrx_word' id='word_1_731' title='bbox 3259 5280 3315 5330; x_wconf 86' lang='grc' dir='ltr'>αἱ</span> <span class='ocrx_word' id='word_1_732' title='bbox 3342 5279 3514 5331; x_wconf 83' lang='grc' dir='ltr'>πᾶσαι</span> <span class='ocrx_word' id='word_1_733' title='bbox 3538 5275 3625 5329; x_wconf 82' lang='grc' dir='ltr'><strong>διὰ</strong></span> <span class='ocrx_word' id='word_1_734' title='bbox 3654 5274 3764 5327; x_wconf 82' lang='grc' dir='ltr'>τῶν</span> 
     </span>
    </p>
   </div>
   <div class='ocr_carea' id='block_1_99' title="bbox 2169 5367 3766 5446">
    <p class='ocr_par' dir='ltr' id='par_1_99' title="bbox 2169 5367 3766 5446">
     <span class='ocr_line' id='line_1_99' title="bbox 2169 5367 3766 5446; baseline -0.004 -20"><span class='ocrx_word' id='word_1_735' title='bbox 2169 5373 2582 5446; x_wconf 81' lang='grc' dir='ltr'>ὑπερκειμένων</span> <span class='ocrx_word' id='word_1_736' title='bbox 2623 5371 2719 5424; x_wconf 81' lang='grc' dir='ltr'>τοῦ</span> <span class='ocrx_word' id='word_1_737' title='bbox 2753 5372 2906 5444; x_wconf 86' lang='grc' dir='ltr'>ἡλίου</span> <span class='ocrx_word' id='word_1_738' title='bbox 2955 5371 3114 5425; x_wconf 84' lang='grc' dir='ltr'>ὲτῶν.</span> <span class='ocrx_word' id='word_1_739' title='bbox 3150 5371 3373 5435; x_wconf 89' lang='grc' dir='ltr'>Τούτοις</span> <span class='ocrx_word' id='word_1_740' title='bbox 3413 5369 3522 5440; x_wconf 85' lang='grc' dir='ltr'>γὰρ</span> <span class='ocrx_word' id='word_1_741' title='bbox 3550 5370 3630 5431; x_wconf 86' lang='grc' dir='ltr'><strong>είς</strong></span> <span class='ocrx_word' id='word_1_742' title='bbox 3663 5367 3766 5437; x_wconf 77' lang='grc' dir='ltr'>τὴν</span> 
     </span>
    </p>
   </div>
   <div class='ocr_carea' id='block_1_100' title="bbox 2168 5459 3764 5539">
    <p class='ocr_par' dir='ltr' id='par_1_100' title="bbox 2168 5459 3764 5539">
     <span class='ocr_line' id='line_1_100' title="bbox 2168 5459 3764 5539; baseline -0.006 -18"><span class='ocrx_word' id='word_1_743' title='bbox 2168 5468 2278 5522; x_wconf 86' lang='grc' dir='ltr'><strong>τῶν</strong></span> <span class='ocrx_word' id='word_1_744' title='bbox 2303 5467 2605 5539; x_wconf 83' lang='grc' dir='ltr'>ἰσαρίθμων</span> <span class='ocrx_word' id='word_1_745' title='bbox 2628 5464 3283 5538; x_wconf 77' lang='grc' dir='ltr'>ἐννεακαιδεκαετηρίδων</span> <span class='ocrx_word' id='word_1_746' title='bbox 3311 5459 3764 5534; x_wconf 72' lang='grc' dir='ltr'>συνεχρηοάμεοα</span> 
     </span>
    </p>
   </div>
   <div class='ocr_carea' id='block_1_101' title="bbox 2171 5554 3762 5634">
    <p class='ocr_par' dir='ltr' id='par_1_101' title="bbox 2171 5554 3762 5634">
     <span class='ocr_line' id='line_1_101' title="bbox 2171 5554 3762 5634; baseline -0.008 -19"><span class='ocrx_word' id='word_1_747' title='bbox 2171 5561 2468 5634; x_wconf 90' lang='grc' dir='ltr'>σημασίαν,</span> <span class='ocrx_word' id='word_1_748' title='bbox 2506 5562 2595 5616; x_wconf 75' lang='grc' dir='ltr'>ἵνα</span> <span class='ocrx_word' id='word_1_749' title='bbox 2637 5560 2713 5633; x_wconf 80' lang='grc' dir='ltr'>μὴ</span> <span class='ocrx_word' id='word_1_750' title='bbox 2768 5559 2858 5613; x_wconf 84' lang='grc' dir='ltr'><strong>διὰ</strong></span> <span class='ocrx_word' id='word_1_751' title='bbox 2903 5561 3110 5622; x_wconf 89' lang='grc' dir='ltr'>ταύτας</span> <span class='ocrx_word' id='word_1_752' title='bbox 3164 5558 3323 5614; x_wconf 81' lang='grc' dir='ltr'>ἄλλον</span> <span class='ocrx_word' id='word_1_753' title='bbox 3374 5554 3762 5627; x_wconf 68' lang='grc' dir='ltr'>διαγράφωμεν</span> 
     </span>
    </p>
   </div>
   <div class='ocr_carea' id='block_1_102' title="bbox 2169 5649 3764 5724">
    <p class='ocr_par' dir='ltr' id='par_1_102' title="bbox 2169 5649 3764 5724">
     <span class='ocr_line' id='line_1_102' title="bbox 2169 5649 3764 5724; baseline -0.007 -16"><span class='ocrx_word' id='word_1_754' title='bbox 2169 5654 2387 5710; x_wconf 73' lang='grc' dir='ltr'>κύκλον.</span> <span class='ocrx_word' id='word_1_755' title='bbox 2415 5654 2583 5706; x_wconf 76' lang='grc' dir='ltr'>Πέντε</span> <span class='ocrx_word' id='word_1_756' title='bbox 2615 5654 2671 5708; x_wconf 81' lang='grc' dir='ltr'>δὲ</span> <span class='ocrx_word' id='word_1_757' title='bbox 2704 5654 2862 5724; x_wconf 87' lang='grc' dir='ltr'>μόνον</span> <span class='ocrx_word' id='word_1_758' title='bbox 2888 5651 3109 5716; x_wconf 84' lang='grc' dir='ltr'>κύκλοις</span> <span class='ocrx_word' id='word_1_759' title='bbox 3131 5650 3198 5704; x_wconf 81' lang='grc' dir='ltr'>τὰ</span> <span class='ocrx_word' id='word_1_760' title='bbox 3218 5651 3457 5721; x_wconf 79' lang='grc' dir='ltr'>ἑκάστης</span> <span class='ocrx_word' id='word_1_761' title='bbox 3481 5649 3764 5700; x_wconf 77' lang='grc' dir='ltr'>ἐννεακαι-</span> 
     </span>
    </p>
   </div>
  </div>
