  <div class='ocr_page' id='page_1' title='image "/cluster/home/n/w/nwhite01/storage/ocr_20150623/19/nnc1.0037127454/650.png"; bbox 0 0 4112 6440; ppageno 0'>
   <div class='ocr_carea' id='block_1_1' title="bbox 343 394 480 453">
    <p class='ocr_par' dir='ltr' id='par_1_1' title="bbox 343 394 480 453">
     <span class='ocr_line' id='line_1_1' title="bbox 343 394 480 453; baseline -0.007 -2"><span class='ocrx_word' id='word_1_1' title='bbox 343 394 480 453; x_wconf 71' lang='grc'><strong>1257</strong></span> 
     </span>
    </p>
   </div>
   <div class='ocr_carea' id='block_1_2' title="bbox 1115 383 2756 446">
    <p class='ocr_par' dir='ltr' id='par_1_2' title="bbox 1115 383 2756 446">
     <span class='ocr_line' id='line_1_2' title="bbox 1115 383 2756 446; baseline -0.006 0"><span class='ocrx_word' id='word_1_2' title='bbox 1115 390 1172 446; x_wconf 89' lang='lat' dir='ltr'><strong>S.</strong></span> <span class='ocrx_word' id='word_1_3' title='bbox 1215 388 1463 444; x_wconf 75' lang='lat' dir='ltr'><strong>MAXIM]</strong></span> <span class='ocrx_word' id='word_1_4' title='bbox 1500 384 1862 443; x_wconf 75' lang='lat' dir='ltr'><strong>MARTYRIS</strong></span> <span class='ocrx_word' id='word_1_5' title='bbox 1898 383 2278 440; x_wconf 81' lang='lat' dir='ltr'><strong>COMPUTUS</strong></span> <span class='ocrx_word' id='word_1_6' title='bbox 2314 383 2756 440; x_wconf 78' lang='lat' dir='ltr'><strong>ECCLESIAST.</strong></span> 
     </span>
    </p>
   </div>
   <div class='ocr_carea' id='block_1_3' title="bbox 3463 379 3603 436">
    <p class='ocr_par' dir='ltr' id='par_1_3' title="bbox 3463 379 3603 436">
     <span class='ocr_line' id='line_1_3' title="bbox 3463 379 3603 436; baseline 0 0"><span class='ocrx_word' id='word_1_7' title='bbox 3463 379 3603 436; x_wconf 71' lang='grc'><strong>1258</strong></span> 
     </span>
    </p>
   </div>
   <div class='ocr_carea' id='block_1_4' title="bbox 341 493 1941 579">
    <p class='ocr_par' dir='ltr' id='par_1_4' title="bbox 341 502 1914 579">
     <span class='ocr_line' id='line_1_4' title="bbox 341 502 1914 579; baseline -0.008 -16"><span class='ocrx_word' id='word_1_8' title='bbox 341 504 718 579; x_wconf 85' lang='grc' dir='ltr'>δεκαετηρίδος</span> <span class='ocrx_word' id='word_1_9' title='bbox 751 503 1133 576; x_wconf 88' lang='grc' dir='ltr'>τετηρήκαμεν</span> <span class='ocrx_word' id='word_1_10' title='bbox 1163 502 1258 573; x_wconf 75' lang='grc' dir='ltr'><strong>ἐτη</strong></span> <span class='ocrx_word' id='word_1_11' title='bbox 1277 521 1290 532; x_wconf 90' lang='grc'><strong>·</strong></span> <span class='ocrx_word' id='word_1_12' title='bbox 1321 502 1508 572; x_wconf 79' lang='grc' dir='ltr'>ἐπειδὴ</span> <span class='ocrx_word' id='word_1_13' title='bbox 1536 502 1657 555; x_wconf 75' lang='grc' dir='ltr'>οὐδὲ</span> <span class='ocrx_word' id='word_1_14' title='bbox 1689 502 1785 572; x_wconf 81' lang='grc' dir='ltr'>μιᾷ</span> <span class='ocrx_word' id='word_1_15' title='bbox 1814 516 1914 552; x_wconf 87' lang='grc' dir='ltr'><strong>πε-</strong></span> 
     </span>
    </p>
   </div>
   <div class='ocr_carea' id='block_1_5' title="bbox 2028 493 3604 579">
    <p class='ocr_par' dir='ltr' id='par_1_5' title="bbox 2028 493 3604 569">
     <span class='ocr_line' id='line_1_5' title="bbox 2028 493 3604 569; baseline 0.001 -18"><span class='ocrx_word' id='word_1_16' title='bbox 2028 498 2232 553; x_wconf 83' lang='grc' dir='ltr'>Ειεηίιη</span> <span class='ocrx_word' id='word_1_17' title='bbox 2288 514 2386 568; x_wconf 89' lang='lat' dir='ltr'><strong>per</strong></span> <span class='ocrx_word' id='word_1_18' title='bbox 2435 497 2687 569; x_wconf 83' lang='lat' dir='ltr'><strong>quamvis</strong></span> <span class='ocrx_word' id='word_1_19' title='bbox 2734 493 3305 551; x_wconf 85' lang='lat' dir='ltr'><strong>cnneadecaeteridem</strong></span> <span class='ocrx_word' id='word_1_20' title='bbox 3344 494 3402 551; x_wconf 89' lang='lat' dir='ltr'><strong>in</strong></span> <span class='ocrx_word' id='word_1_21' title='bbox 3443 499 3604 553; x_wconf 83' lang='lat' dir='ltr'><strong>annis</strong></span> 
     </span>
    </p>
   </div>
   <div class='ocr_carea' id='block_1_6' title="bbox 343 590 1913 673">
    <p class='ocr_par' dir='ltr' id='par_1_6' title="bbox 343 590 1913 673">
     <span class='ocr_line' id='line_1_6' title="bbox 343 590 1913 673; baseline -0.006 -20"><span class='ocrx_word' id='word_1_22' title='bbox 343 598 577 673; x_wconf 88' lang='grc' dir='ltr'>ραιτέρω</span> <span class='ocrx_word' id='word_1_23' title='bbox 607 595 715 650; x_wconf 87' lang='grc' dir='ltr'><strong>τῶν</strong></span> <span class='ocrx_word' id='word_1_24' title='bbox 744 594 785 648; x_wconf 86' lang='grc' dir='ltr'>ε’</span> <span class='ocrx_word' id='word_1_25' title='bbox 816 594 950 649; x_wconf 86' lang='grc' dir='ltr'>ἐτῶν</span> <span class='ocrx_word' id='word_1_26' title='bbox 979 596 1060 658; x_wconf 86' lang='grc' dir='ltr'><strong>εἰς</strong></span> <span class='ocrx_word' id='word_1_27' title='bbox 1082 593 1364 665; x_wconf 83' lang='grc' dir='ltr'>Κυριακὴν</span> <span class='ocrx_word' id='word_1_28' title='bbox 1393 593 1604 665; x_wconf 80' lang='grc' dir='ltr'><strong>ἡμέραν</strong></span> <span class='ocrx_word' id='word_1_29' title='bbox 1643 590 1913 646; x_wconf 87' lang='grc' dir='ltr'>συναντῶ-</span> 
     </span>
    </p>
   </div>
   <div class='ocr_carea' id='block_1_7' title="bbox 345 681 1917 760">
    <p class='ocr_par' dir='ltr' id='par_1_7' title="bbox 345 681 1917 760">
     <span class='ocr_line' id='line_1_7' title="bbox 345 681 1917 760; baseline -0.005 -17"><span class='ocrx_word' id='word_1_30' title='bbox 345 707 444 743; x_wconf 89' lang='grc' dir='ltr'><strong>σαν</strong></span> <span class='ocrx_word' id='word_1_31' title='bbox 473 689 781 760; x_wconf 68' lang='grc' dir='ltr'>εὑρήκαμεν</span> <span class='ocrx_word' id='word_1_32' title='bbox 805 687 902 757; x_wconf 85' lang='grc' dir='ltr'>τὴν</span> <span class='ocrx_word' id='word_1_33' title='bbox 935 686 1063 757; x_wconf 88' lang='grc' dir='ltr'>παρ’</span> <span class='ocrx_word' id='word_1_34' title='bbox 1089 685 1318 748; x_wconf 87' lang='grc' dir='ltr'>ἐκείνοις</span> <span class='ocrx_word' id='word_1_35' title='bbox 1347 683 1723 755; x_wconf 76' lang='grc' dir='ltr'><strong>ψηφιζομένην</strong></span> <span class='ocrx_word' id='word_1_36' title='bbox 1752 681 1790 736; x_wconf 86' lang='grc' dir='ltr'>ε’</span> <span class='ocrx_word' id='word_1_37' title='bbox 1824 683 1917 736; x_wconf 76' lang='grc' dir='ltr'><strong>καὶ</strong></span> 
     </span>
    </p>
   </div>
   <div class='ocr_carea' id='block_1_8' title="bbox 345 772 1914 853">
    <p class='ocr_par' dir='ltr' id='par_1_8' title="bbox 345 772 1914 853">
     <span class='ocr_line' id='line_1_8' title="bbox 345 772 1914 853; baseline -0.006 -17"><span class='ocrx_word' id='word_1_38' title='bbox 345 780 397 848; x_wconf 86' lang='grc' dir='ltr'>ι’,</span> <span class='ocrx_word' id='word_1_39' title='bbox 429 782 462 853; x_wconf 84' lang='grc' dir='ltr'><strong>ἦ</strong></span> <span class='ocrx_word' id='word_1_40' title='bbox 493 778 546 846; x_wconf 86' lang='grc' dir='ltr'>ς’</span> <span class='ocrx_word' id='word_1_41' title='bbox 571 779 665 834; x_wconf 80' lang='grc' dir='ltr'><strong>καί</strong></span> <span class='ocrx_word' id='word_1_42' title='bbox 699 777 844 842; x_wconf 85' lang='grc' dir='ltr'>ι’,εἰς</span> <span class='ocrx_word' id='word_1_43' title='bbox 886 777 953 848; x_wconf 79' lang='grc' dir='ltr'>ἢν</span> <span class='ocrx_word' id='word_1_44' title='bbox 996 772 1118 830; x_wconf 75' lang='grc' dir='ltr'>καθ’</span> <span class='ocrx_word' id='word_1_45' title='bbox 1153 778 1298 847; x_wconf 80' lang='grc' dir='ltr'>ἡμᾶς</span> <span class='ocrx_word' id='word_1_46' title='bbox 1323 773 1364 828; x_wconf 89' lang='grc' dir='ltr'>δ’</span> <span class='ocrx_word' id='word_1_47' title='bbox 1397 776 1488 828; x_wconf 76' lang='grc' dir='ltr'><strong>καὶ</strong></span> <span class='ocrx_word' id='word_1_48' title='bbox 1528 772 1556 828; x_wconf 86' lang='grc' dir='ltr'>ι’</span> <span class='ocrx_word' id='word_1_49' title='bbox 1602 772 1914 845; x_wconf 76' lang='grc' dir='ltr'>ψηφίζεται,</span> 
     </span>
    </p>
   </div>
   <div class='ocr_carea' id='block_1_9' title="bbox 343 864 1914 939">
    <p class='ocr_par' dir='ltr' id='par_1_9' title="bbox 343 864 1914 939">
     <span class='ocr_line' id='line_1_9' title="bbox 343 864 1914 939; baseline -0.004 -14"><span class='ocrx_word' id='word_1_50' title='bbox 343 871 457 925; x_wconf 83' lang='grc' dir='ltr'>ἀλλ’</span> <span class='ocrx_word' id='word_1_51' title='bbox 489 871 521 939; x_wconf 81' lang='grc' dir='ltr'>ἢ</span> <span class='ocrx_word' id='word_1_52' title='bbox 565 871 622 923; x_wconf 84' lang='grc' dir='ltr'><strong>ὲν</strong></span> <span class='ocrx_word' id='word_1_53' title='bbox 657 870 756 932; x_wconf 84' lang='grc' dir='ltr'><strong>ἐνί,</strong></span> <span class='ocrx_word' id='word_1_54' title='bbox 789 868 822 939; x_wconf 79' lang='grc' dir='ltr'>ἢ</span> <span class='ocrx_word' id='word_1_55' title='bbox 850 868 1018 931; x_wconf 73' lang='grc' dir='ltr'>δυσὶν,</span> <span class='ocrx_word' id='word_1_56' title='bbox 1061 867 1094 938; x_wconf 81' lang='grc' dir='ltr'>ἢ</span> <span class='ocrx_word' id='word_1_57' title='bbox 1122 866 1320 939; x_wconf 74' lang='grc' dir='ltr'>τρισὶν,</span> <span class='ocrx_word' id='word_1_58' title='bbox 1350 867 1382 936; x_wconf 82' lang='grc' dir='ltr'>ἢ</span> <span class='ocrx_word' id='word_1_59' title='bbox 1413 865 1720 936; x_wconf 77' lang='grc' dir='ltr'><strong>τέσσαρσιν,</strong></span> <span class='ocrx_word' id='word_1_60' title='bbox 1753 864 1786 938; x_wconf 83' lang='grc' dir='ltr'><strong>ἢ</strong></span> <span class='ocrx_word' id='word_1_61' title='bbox 1835 865 1874 919; x_wconf 87' lang='grc' dir='ltr'>ε’</span> <span class='ocrx_word' id='word_1_62' title='bbox 1899 882 1914 898; x_wconf 87' lang='grc'>⁶</span> 
     </span>
    </p>
   </div>
   <div class='ocr_carea' id='block_1_10' title="bbox 343 955 1917 1032">
    <p class='ocr_par' dir='ltr' id='par_1_10' title="bbox 343 955 1917 1032">
     <span class='ocr_line' id='line_1_10' title="bbox 343 955 1917 1032; baseline -0.003 -16"><span class='ocrx_word' id='word_1_63' title='bbox 343 963 510 1016; x_wconf 84' lang='grc' dir='ltr'>πλείω</span> <span class='ocrx_word' id='word_1_64' title='bbox 535 962 590 1014; x_wconf 83' lang='grc' dir='ltr'><strong>δὲ</strong></span> <span class='ocrx_word' id='word_1_65' title='bbox 622 959 889 1032; x_wconf 80' lang='grc' dir='ltr'><strong>οὐδαμῶς.</strong></span> <span class='ocrx_word' id='word_1_66' title='bbox 920 959 1077 1012; x_wconf 86' lang='grc' dir='ltr'><strong>Κατὰ</strong></span> <span class='ocrx_word' id='word_1_67' title='bbox 1103 960 1280 1012; x_wconf 81' lang='grc' dir='ltr'>πᾶσαν</span> <span class='ocrx_word' id='word_1_68' title='bbox 1313 957 1410 1028; x_wconf 82' lang='grc' dir='ltr'><strong>μὲν</strong></span> <span class='ocrx_word' id='word_1_69' title='bbox 1433 958 1541 1028; x_wconf 83' lang='grc' dir='ltr'><strong>γὰρ</strong></span> <span class='ocrx_word' id='word_1_70' title='bbox 1580 955 1917 1011; x_wconf 81' lang='grc' dir='ltr'>ἐννεακαιδε-</span> 
     </span>
    </p>
   </div>
   <div class='ocr_carea' id='block_1_11' title="bbox 343 1045 1920 1124">
    <p class='ocr_par' dir='ltr' id='par_1_11' title="bbox 343 1045 1920 1124">
     <span class='ocr_line' id='line_1_11' title="bbox 343 1045 1920 1124; baseline -0.004 -16"><span class='ocrx_word' id='word_1_71' title='bbox 343 1052 639 1124; x_wconf 83' lang='grc' dir='ltr'>καετηρίδα</span> <span class='ocrx_word' id='word_1_72' title='bbox 671 1051 726 1103; x_wconf 80' lang='grc' dir='ltr'>ἓν</span> <span class='ocrx_word' id='word_1_73' title='bbox 769 1068 828 1104; x_wconf 90' lang='grc' dir='ltr'><strong>τε</strong></span> <span class='ocrx_word' id='word_1_74' title='bbox 860 1053 972 1113; x_wconf 83' lang='grc' dir='ltr'>τοῖς</span> <span class='ocrx_word' id='word_1_75' title='bbox 1002 1049 1517 1120; x_wconf 71' lang='grc' dir='ltr'>δεκατρισὶνέτεσιν</span> <span class='ocrx_word' id='word_1_76' title='bbox 1557 1045 1596 1100; x_wconf 86' lang='grc' dir='ltr'>ε’</span> <span class='ocrx_word' id='word_1_77' title='bbox 1623 1048 1715 1101; x_wconf 76' lang='grc' dir='ltr'><strong>καὶ</strong></span> <span class='ocrx_word' id='word_1_78' title='bbox 1745 1047 1797 1114; x_wconf 84' lang='grc' dir='ltr'>ι’,</span> <span class='ocrx_word' id='word_1_79' title='bbox 1827 1047 1920 1101; x_wconf 73' lang='grc' dir='ltr'><strong>καὶ</strong></span> 
     </span>
    </p>
   </div>
   <div class='ocr_carea' id='block_1_12' title="bbox 342 1137 1916 1216">
    <p class='ocr_par' dir='ltr' id='par_1_12' title="bbox 342 1137 1916 1216">
     <span class='ocr_line' id='line_1_12' title="bbox 342 1137 1916 1216; baseline -0.003 -19"><span class='ocrx_word' id='word_1_80' title='bbox 342 1145 420 1216; x_wconf 80' lang='grc' dir='ltr'>τῷ</span> <span class='ocrx_word' id='word_1_81' title='bbox 455 1145 532 1196; x_wconf 73' lang='grc' dir='ltr'><strong>ἐνὶ</strong></span> <span class='ocrx_word' id='word_1_82' title='bbox 577 1140 637 1208; x_wconf 80' lang='grc' dir='ltr'>ἓξ</span> <span class='ocrx_word' id='word_1_83' title='bbox 665 1143 757 1196; x_wconf 78' lang='grc' dir='ltr'>καὶ</span> <span class='ocrx_word' id='word_1_84' title='bbox 787 1140 818 1195; x_wconf 86' lang='grc' dir='ltr'>ι’</span> <span class='ocrx_word' id='word_1_85' title='bbox 847 1142 944 1213; x_wconf 81' lang='grc' dir='ltr'><strong>τὴν</strong></span> <span class='ocrx_word' id='word_1_86' title='bbox 988 1139 1028 1193; x_wconf 89' lang='grc' dir='ltr'>δ’</span> <span class='ocrx_word' id='word_1_87' title='bbox 1070 1141 1164 1194; x_wconf 71' lang='grc' dir='ltr'>καὶ</span> <span class='ocrx_word' id='word_1_88' title='bbox 1195 1138 1248 1204; x_wconf 87' lang='grc' dir='ltr'>ι’,</span> <span class='ocrx_word' id='word_1_89' title='bbox 1276 1139 1352 1203; x_wconf 86' lang='grc' dir='ltr'>ὼς</span> <span class='ocrx_word' id='word_1_90' title='bbox 1377 1139 1533 1208; x_wconf 72' lang='grc' dir='ltr'>ἔφην,</span> <span class='ocrx_word' id='word_1_91' title='bbox 1571 1137 1916 1209; x_wconf 74' lang='grc' dir='ltr'>ψηφίζουσιν.</span> 
     </span>
    </p>
   </div>
   <div class='ocr_carea' id='block_1_13' title="bbox 345 1222 1920 1304">
    <p class='ocr_par' dir='ltr' id='par_1_13' title="bbox 345 1222 1920 1304">
     <span class='ocr_line' id='line_1_13' title="bbox 345 1222 1920 1304; baseline -0.004 -16"><span class='ocrx_word' id='word_1_92' title='bbox 345 1238 457 1288; x_wconf 82' lang='grc' dir='ltr'><strong>Οὐκ</strong></span> <span class='ocrx_word' id='word_1_93' title='bbox 483 1236 598 1288; x_wconf 74' lang='grc' dir='ltr'>ἔστι</span> <span class='ocrx_word' id='word_1_94' title='bbox 627 1235 682 1288; x_wconf 77' lang='grc' dir='ltr'>δὲ</span> <span class='ocrx_word' id='word_1_95' title='bbox 703 1237 780 1298; x_wconf 84' lang='grc' dir='ltr'><strong>εἰς</strong></span> <span class='ocrx_word' id='word_1_96' title='bbox 803 1232 1085 1304; x_wconf 84' lang='grc' dir='ltr'>Κυριακὴν</span> <span class='ocrx_word' id='word_1_97' title='bbox 1115 1233 1348 1304; x_wconf 83' lang='grc' dir='ltr'>ἡμέραν.</span> <span class='ocrx_word' id='word_1_98' title='bbox 1387 1231 1476 1295; x_wconf 78' lang='grc' dir='ltr'><strong>Ἐξ</strong></span> <span class='ocrx_word' id='word_1_99' title='bbox 1497 1222 1556 1282; x_wconf 64' lang='grc' dir='ltr'><strong>οὗ</strong></span> <span class='ocrx_word' id='word_1_100' title='bbox 1590 1229 1690 1283; x_wconf 85' lang='grc' dir='ltr'>κᾶν</span> <span class='ocrx_word' id='word_1_101' title='bbox 1714 1232 1762 1282; x_wconf 91' lang='grc' dir='ltr'><strong>εἰ</strong></span> <span class='ocrx_word' id='word_1_102' title='bbox 1791 1231 1920 1301; x_wconf 72' lang='grc' dir='ltr'>περὶ</span> 
     </span>
    </p>
   </div>
   <div class='ocr_carea' id='block_1_14' title="bbox 343 1321 1922 1397">
    <p class='ocr_par' dir='ltr' id='par_1_14' title="bbox 343 1321 1922 1397">
     <span class='ocr_line' id='line_1_14' title="bbox 343 1321 1922 1397; baseline -0.004 -17"><span class='ocrx_word' id='word_1_103' title='bbox 343 1326 440 1397; x_wconf 83' lang='grc' dir='ltr'>τὴν</span> <span class='ocrx_word' id='word_1_104' title='bbox 467 1328 564 1397; x_wconf 82' lang='grc' dir='ltr'>τῆς</span> <span class='ocrx_word' id='word_1_105' title='bbox 589 1327 817 1396; x_wconf 79' lang='grc' dir='ltr'>σελήνης</span> <span class='ocrx_word' id='word_1_106' title='bbox 846 1324 1164 1394; x_wconf 77' lang='grc' dir='ltr'><strong>σφάλλονται</strong></span> <span class='ocrx_word' id='word_1_107' title='bbox 1196 1322 1433 1396; x_wconf 85' lang='grc' dir='ltr'>ἡμέραν,</span> <span class='ocrx_word' id='word_1_108' title='bbox 1457 1322 1592 1375; x_wconf 86' lang='grc' dir='ltr'>ἀλλά</span> <span class='ocrx_word' id='word_1_109' title='bbox 1622 1338 1684 1390; x_wconf 89' lang='grc' dir='ltr'><strong>γε</strong></span> <span class='ocrx_word' id='word_1_110' title='bbox 1713 1321 1840 1392; x_wconf 82' lang='grc' dir='ltr'><strong>περί</strong></span> <span class='ocrx_word' id='word_1_111' title='bbox 1861 1321 1922 1374; x_wconf 85' lang='grc' dir='ltr'>τὺ</span> 
     </span>
    </p>
   </div>
   <div class='ocr_carea' id='block_1_15' title="bbox 344 1413 1921 1489">
    <p class='ocr_par' dir='ltr' id='par_1_15' title="bbox 344 1413 1921 1489">
     <span class='ocr_line' id='line_1_15' title="bbox 344 1413 1921 1489; baseline -0.004 -18"><span class='ocrx_word' id='word_1_112' title='bbox 344 1419 486 1472; x_wconf 83' lang='grc' dir='ltr'>κατὰ</span> <span class='ocrx_word' id='word_1_113' title='bbox 531 1418 762 1489; x_wconf 86' lang='grc' dir='ltr'>Χριστὸν</span> <span class='ocrx_word' id='word_1_114' title='bbox 809 1418 870 1469; x_wconf 85' lang='grc' dir='ltr'><strong>οὑ</strong></span> <span class='ocrx_word' id='word_1_115' title='bbox 911 1415 1333 1488; x_wconf 85' lang='grc' dir='ltr'>διαμαρτάνουσι</span> <span class='ocrx_word' id='word_1_116' title='bbox 1375 1413 1566 1484; x_wconf 82' lang='grc' dir='ltr'>Πάσχα</span> <span class='ocrx_word' id='word_1_117' title='bbox 1591 1413 1641 1467; x_wconf 88' lang='grc' dir='ltr'><strong>δ.</strong></span> <span class='ocrx_word' id='word_1_118' title='bbox 1724 1452 1739 1466; x_wconf 95' lang='grc'><strong>.</strong></span> <span class='ocrx_word' id='word_1_119' title='bbox 1815 1456 1831 1470; x_wconf 96' lang='grc'><strong>.</strong></span> <span class='ocrx_word' id='word_1_120' title='bbox 1905 1449 1921 1465; x_wconf 92' lang='grc'><strong>.</strong></span> 
     </span>
    </p>
   </div>
   <div class='ocr_carea' id='block_1_16' title="bbox 345 1500 1924 1578">
    <p class='ocr_par' dir='ltr' id='par_1_16' title="bbox 345 1500 1924 1578">
     <span class='ocr_line' id='line_1_16' title="bbox 345 1500 1924 1578; baseline -0.004 -17"><span class='ocrx_word' id='word_1_121' title='bbox 345 1509 436 1562; x_wconf 81' lang='grc' dir='ltr'>τοῦ</span> <span class='ocrx_word' id='word_1_122' title='bbox 466 1508 734 1561; x_wconf 81' lang='grc' dir='ltr'>τελεῖσθαι</span> <span class='ocrx_word' id='word_1_123' title='bbox 763 1507 922 1578; x_wconf 84' lang='grc' dir='ltr'>μέχρι</span> <span class='ocrx_word' id='word_1_124' title='bbox 959 1507 1060 1575; x_wconf 78' lang='grc' dir='ltr'>τῆς</span> <span class='ocrx_word' id='word_1_125' title='bbox 1100 1505 1192 1558; x_wconf 78' lang='grc' dir='ltr'>τοῦ</span> <span class='ocrx_word' id='word_1_126' title='bbox 1236 1505 1470 1574; x_wconf 82' lang='grc' dir='ltr'>φέγγους</span> <span class='ocrx_word' id='word_1_127' title='bbox 1501 1503 1712 1566; x_wconf 76' lang='grc' dir='ltr'><strong>εἰκάδος</strong></span> <span class='ocrx_word' id='word_1_128' title='bbox 1741 1500 1789 1555; x_wconf 82' lang='grc' dir='ltr'>α’</span> <span class='ocrx_word' id='word_1_129' title='bbox 1811 1519 1826 1534; x_wconf 81' lang='grc'><strong><em>⁸</em></strong></span> <span class='ocrx_word' id='word_1_130' title='bbox 1857 1501 1924 1572; x_wconf 77' lang='grc' dir='ltr'>ἣν</span> 
     </span>
    </p>
   </div>
   <div class='ocr_carea' id='block_1_17' title="bbox 344 1593 1928 1672">
    <p class='ocr_par' dir='ltr' id='par_1_17' title="bbox 344 1593 1928 1672">
     <span class='ocr_line' id='line_1_17' title="bbox 344 1593 1928 1672; baseline -0.004 -19"><span class='ocrx_word' id='word_1_131' title='bbox 344 1602 442 1670; x_wconf 84' lang='grc' dir='ltr'><strong>οὐχ</strong></span> <span class='ocrx_word' id='word_1_132' title='bbox 477 1599 914 1672; x_wconf 80' lang='grc' dir='ltr'>ὑπερϐαίνουσιν,</span> <span class='ocrx_word' id='word_1_133' title='bbox 947 1597 1053 1650; x_wconf 82' lang='grc' dir='ltr'><strong>ἀπὸ</strong></span> <span class='ocrx_word' id='word_1_134' title='bbox 1076 1595 1332 1668; x_wconf 82' lang='grc' dir='ltr'>δευτέρας</span> <span class='ocrx_word' id='word_1_135' title='bbox 1366 1596 1464 1665; x_wconf 84' lang='grc' dir='ltr'>τὴν</span> <span class='ocrx_word' id='word_1_136' title='bbox 1506 1593 1546 1648; x_wconf 82' lang='grc' dir='ltr'>ε’</span> <span class='ocrx_word' id='word_1_137' title='bbox 1577 1596 1669 1649; x_wconf 74' lang='grc' dir='ltr'>καὶ</span> <span class='ocrx_word' id='word_1_138' title='bbox 1711 1593 1741 1648; x_wconf 87' lang='grc' dir='ltr'>ι’</span> <span class='ocrx_word' id='word_1_139' title='bbox 1757 1595 1928 1664; x_wconf 72' lang='grc' dir='ltr'>ψηφι-</span> 
     </span>
    </p>
   </div>
   <div class='ocr_carea' id='block_1_18' title="bbox 345 1686 1928 1763">
    <p class='ocr_par' dir='ltr' id='par_1_18' title="bbox 345 1686 1928 1763">
     <span class='ocr_line' id='line_1_18' title="bbox 345 1686 1928 1763; baseline -0.003 -19"><span class='ocrx_word' id='word_1_140' title='bbox 345 1689 544 1754; x_wconf 76' lang='grc' dir='ltr'>ζοντες</span> <span class='ocrx_word' id='word_1_141' title='bbox 561 1690 748 1763; x_wconf 82' lang='grc' dir='ltr'>ὥσπερ</span> <span class='ocrx_word' id='word_1_142' title='bbox 777 1689 897 1743; x_wconf 77' lang='grc' dir='ltr'>οὐδὲ</span> <span class='ocrx_word' id='word_1_143' title='bbox 928 1689 1035 1742; x_wconf 83' lang='grc' dir='ltr'><strong>ἀπὸ</strong></span> <span class='ocrx_word' id='word_1_144' title='bbox 1054 1686 1099 1758; x_wconf 83' lang='grc' dir='ltr'>γ’</span> <span class='ocrx_word' id='word_1_145' title='bbox 1124 1688 1221 1759; x_wconf 85' lang='grc' dir='ltr'>τὴν</span> <span class='ocrx_word' id='word_1_146' title='bbox 1247 1687 1298 1752; x_wconf 82' lang='grc' dir='ltr'>ς’</span> <span class='ocrx_word' id='word_1_147' title='bbox 1331 1688 1426 1741; x_wconf 82' lang='grc' dir='ltr'><strong>καὶ</strong></span> <span class='ocrx_word' id='word_1_148' title='bbox 1454 1686 1509 1741; x_wconf 87' lang='grc' dir='ltr'>ι’.</span> <span class='ocrx_word' id='word_1_149' title='bbox 1529 1688 1680 1741; x_wconf 74' lang='grc' dir='ltr'>Ἐπεὶ</span> <span class='ocrx_word' id='word_1_150' title='bbox 1701 1687 1928 1757; x_wconf 83' lang='grc' dir='ltr'>ταύτην,</span> 
     </span>
    </p>
   </div>
   <div class='ocr_carea' id='block_1_19' title="bbox 2021 587 3606 658">
    <p class='ocr_par' dir='ltr' id='par_1_19' title="bbox 2021 587 3606 658">
     <span class='ocr_line' id='line_1_19' title="bbox 2021 587 3606 658; baseline 0 -16"><span class='ocrx_word' id='word_1_151' title='bbox 2021 604 2142 652; x_wconf 83' lang='lat' dir='ltr'><strong>xm,</strong></span> <span class='ocrx_word' id='word_1_152' title='bbox 2173 589 2440 643; x_wconf 87' lang='lat' dir='ltr'><strong>decimam</strong></span> <span class='ocrx_word' id='word_1_153' title='bbox 2472 589 2718 658; x_wconf 75' lang='lat' dir='ltr'><strong>quintam</strong></span> <span class='ocrx_word' id='word_1_154' title='bbox 2758 605 2770 640; x_wconf 93' lang='lat'><strong>:</strong></span> <span class='ocrx_word' id='word_1_155' title='bbox 2804 587 2858 640; x_wconf 90' lang='lat' dir='ltr'><strong>in</strong></span> <span class='ocrx_word' id='word_1_156' title='bbox 2892 600 3022 650; x_wconf 88' lang='lat' dir='ltr'><strong>uno,</strong></span> <span class='ocrx_word' id='word_1_157' title='bbox 3055 601 3146 640; x_wconf 74' lang='lat' dir='ltr'><strong>xvi</strong></span> <span class='ocrx_word' id='word_1_158' title='bbox 3177 592 3392 655; x_wconf 90' lang='lat' dir='ltr'><strong>putant,</strong></span> <span class='ocrx_word' id='word_1_159' title='bbox 3422 593 3483 640; x_wconf 92' lang='lat' dir='ltr'><strong>ut</strong></span> <span class='ocrx_word' id='word_1_160' title='bbox 3518 588 3606 642; x_wconf 82' lang='lat' dir='ltr'><strong>di-</strong></span> 
     </span>
    </p>
   </div>
   <div class='ocr_carea' id='block_1_20' title="bbox 2015 676 3606 749">
    <p class='ocr_par' dir='ltr' id='par_1_20' title="bbox 2015 676 3606 749">
     <span class='ocr_line' id='line_1_20' title="bbox 2015 676 3606 749; baseline -0.002 -14"><span class='ocrx_word' id='word_1_161' title='bbox 2015 687 2163 735; x_wconf 90' lang='lat' dir='ltr'><strong>ctum</strong></span> <span class='ocrx_word' id='word_1_162' title='bbox 2189 686 2295 744; x_wconf 88' lang='lat' dir='ltr'><strong>est,</strong></span> <span class='ocrx_word' id='word_1_163' title='bbox 2340 693 2461 734; x_wconf 90' lang='lat' dir='ltr'><strong>eam</strong></span> <span class='ocrx_word' id='word_1_164' title='bbox 2491 693 2613 749; x_wconf 69' lang='lat' dir='ltr'><strong>quae</strong></span> <span class='ocrx_word' id='word_1_165' title='bbox 2643 693 2734 733; x_wconf 77' lang='lat' dir='ltr'><strong>xiv</strong></span> <span class='ocrx_word' id='word_1_166' title='bbox 2766 692 2956 732; x_wconf 83' lang='lat' dir='ltr'><strong>revera</strong></span> <span class='ocrx_word' id='word_1_167' title='bbox 2983 686 3087 733; x_wconf 91' lang='lat' dir='ltr'><strong>est.</strong></span> <span class='ocrx_word' id='word_1_168' title='bbox 3121 676 3228 732; x_wconf 90' lang='lat' dir='ltr'><strong>Sed</strong></span> <span class='ocrx_word' id='word_1_169' title='bbox 3263 678 3320 732; x_wconf 91' lang='lat' dir='ltr'><strong>in</strong></span> <span class='ocrx_word' id='word_1_170' title='bbox 3361 677 3606 732; x_wconf 80' lang='lat' dir='ltr'><strong>Domini-</strong></span> 
     </span>
    </p>
   </div>
   <div class='ocr_carea' id='block_1_21' title="bbox 2018 770 3608 841">
    <p class='ocr_par' dir='ltr' id='par_1_21' title="bbox 2018 770 3608 841">
     <span class='ocr_line' id='line_1_21' title="bbox 2018 770 3608 841; baseline -0.003 -13"><span class='ocrx_word' id='word_1_171' title='bbox 2018 789 2138 828; x_wconf 90' lang='lat' dir='ltr'><strong>cam</strong></span> <span class='ocrx_word' id='word_1_172' title='bbox 2165 788 2242 829; x_wconf 61' lang='lat' dir='ltr'><strong>ea;</strong></span> <span class='ocrx_word' id='word_1_173' title='bbox 2273 789 2384 828; x_wconf 92' lang='lat' dir='ltr'><strong>non</strong></span> <span class='ocrx_word' id='word_1_174' title='bbox 2421 773 2694 828; x_wconf 87' lang='lat' dir='ltr'><strong>incidunt.</strong></span> <span class='ocrx_word' id='word_1_175' title='bbox 2725 770 2886 826; x_wconf 87' lang='lat' dir='ltr'>Unde</span> <span class='ocrx_word' id='word_1_176' title='bbox 2920 771 3044 828; x_wconf 86' lang='lat' dir='ltr'><strong>licet</strong></span> <span class='ocrx_word' id='word_1_177' title='bbox 3075 772 3132 826; x_wconf 92' lang='lat' dir='ltr'><strong>in</strong></span> <span class='ocrx_word' id='word_1_178' title='bbox 3171 770 3259 826; x_wconf 90' lang='lat' dir='ltr'><strong>die</strong></span> <span class='ocrx_word' id='word_1_179' title='bbox 3308 771 3430 841; x_wconf 90' lang='lat' dir='ltr'><strong>ipso</strong></span> <span class='ocrx_word' id='word_1_180' title='bbox 3463 772 3608 824; x_wconf 76' lang='lat' dir='ltr'><strong>lunae</strong></span> 
     </span>
    </p>
   </div>
   <div class='ocr_carea' id='block_1_22' title="bbox 2016 858 3608 931">
    <p class='ocr_par' dir='ltr' id='par_1_22' title="bbox 2016 858 3608 931">
     <span class='ocr_line' id='line_1_22' title="bbox 2016 858 3608 931; baseline -0.001 -16"><span class='ocrx_word' id='word_1_181' title='bbox 2016 858 2191 931; x_wconf 81' lang='lat' dir='ltr'><strong>fugiat</strong></span> <span class='ocrx_word' id='word_1_182' title='bbox 2237 861 2358 916; x_wconf 86' lang='lat' dir='ltr'><strong>illos</strong></span> <span class='ocrx_word' id='word_1_183' title='bbox 2412 861 2589 928; x_wconf 83' lang='lat' dir='ltr'><strong>ratio,</strong></span> <span class='ocrx_word' id='word_1_184' title='bbox 2643 875 2752 916; x_wconf 82' lang='lat' dir='ltr'><strong>non</strong></span> <span class='ocrx_word' id='word_1_185' title='bbox 2805 868 2987 915; x_wconf 86' lang='lat' dir='ltr'><strong>tamen</strong></span> <span class='ocrx_word' id='word_1_186' title='bbox 3047 861 3101 915; x_wconf 91' lang='lat' dir='ltr'><strong>in</strong></span> <span class='ocrx_word' id='word_1_187' title='bbox 3149 859 3465 915; x_wconf 86' lang='lat' dir='ltr'><strong>Christiano</strong></span> <span class='ocrx_word' id='word_1_188' title='bbox 3502 860 3608 914; x_wconf 83' lang='lat' dir='ltr'><strong>Pa-</strong></span> 
     </span>
    </p>
   </div>
   <div class='ocr_carea' id='block_1_23' title="bbox 2023 952 3606 1024">
    <p class='ocr_par' dir='ltr' id='par_1_23' title="bbox 2023 952 3606 1024">
     <span class='ocr_line' id='line_1_23' title="bbox 2023 952 3606 1024; baseline -0.002 -14"><span class='ocrx_word' id='word_1_189' title='bbox 2023 955 2211 1010; x_wconf 91' lang='lat' dir='ltr'><strong>schate</strong></span> <span class='ocrx_word' id='word_1_190' title='bbox 2255 968 2410 1009; x_wconf 89' lang='lat' dir='ltr'><strong>error</strong></span> <span class='ocrx_word' id='word_1_191' title='bbox 2445 953 2657 1024; x_wconf 77' lang='lat' dir='ltr'><strong>obrepit</strong></span> <span class='ocrx_word' id='word_1_192' title='bbox 2689 993 2704 1007; x_wconf 90' lang='lat'><strong>.</strong></span> <span class='ocrx_word' id='word_1_193' title='bbox 2736 992 2752 1007; x_wconf 94' lang='lat'><strong>.</strong></span> <span class='ocrx_word' id='word_1_194' title='bbox 2788 990 2804 1006; x_wconf 97' lang='lat'><strong>.</strong></span> <span class='ocrx_word' id='word_1_195' title='bbox 2837 992 2852 1008; x_wconf 94' lang='lat'><strong>.</strong></span> <span class='ocrx_word' id='word_1_196' title='bbox 2883 953 3147 1008; x_wconf 88' lang='lat' dir='ltr'><strong>celebrari</strong></span> <span class='ocrx_word' id='word_1_197' title='bbox 3199 967 3372 1022; x_wconf 90' lang='lat' dir='ltr'><strong>usque</strong></span> <span class='ocrx_word' id='word_1_198' title='bbox 3415 952 3482 1006; x_wconf 90' lang='lat' dir='ltr'><strong>ad</strong></span> <span class='ocrx_word' id='word_1_199' title='bbox 3515 969 3606 1007; x_wconf 77' lang='lat' dir='ltr'><strong>xu</strong></span> 
     </span>
    </p>
   </div>
   <div class='ocr_carea' id='block_1_24' title="bbox 2019 1044 3609 1117">
    <p class='ocr_par' dir='ltr' id='par_1_24' title="bbox 2019 1044 3609 1117">
     <span class='ocr_line' id='line_1_24' title="bbox 2019 1044 3609 1117; baseline -0.001 -17"><span class='ocrx_word' id='word_1_200' title='bbox 2019 1047 2161 1101; x_wconf 74' lang='lat' dir='ltr'><strong>lunae</strong></span> <span class='ocrx_word' id='word_1_201' title='bbox 2183 1061 2345 1117; x_wconf 89' lang='lat' dir='ltr'><strong>quam</strong></span> <span class='ocrx_word' id='word_1_202' title='bbox 2372 1061 2482 1100; x_wconf 86' lang='lat' dir='ltr'><strong>non</strong></span> <span class='ocrx_word' id='word_1_203' title='bbox 2511 1045 2925 1112; x_wconf 86' lang='lat' dir='ltr'><strong>transcendunt,</strong></span> <span class='ocrx_word' id='word_1_204' title='bbox 2953 1060 3078 1099; x_wconf 91' lang='lat' dir='ltr'><strong>cum</strong></span> <span class='ocrx_word' id='word_1_205' title='bbox 3107 1045 3348 1100; x_wconf 91' lang='lat' dir='ltr'><strong>secunda</strong></span> <span class='ocrx_word' id='word_1_206' title='bbox 3374 1044 3505 1100; x_wconf 84' lang='lat' dir='ltr'><strong>feria</strong></span> <span class='ocrx_word' id='word_1_207' title='bbox 3539 1061 3609 1098; x_wconf 84' lang='lat' dir='ltr'><strong>xv</strong></span> 
     </span>
    </p>
   </div>
   <div class='ocr_carea' id='block_1_25' title="bbox 2020 1135 3610 1208">
    <p class='ocr_par' dir='ltr' id='par_1_25' title="bbox 2020 1135 3610 1208">
     <span class='ocr_line' id='line_1_25' title="bbox 2020 1135 3610 1208; baseline -0.001 -17"><span class='ocrx_word' id='word_1_208' title='bbox 2020 1144 2336 1208; x_wconf 77' lang='lat' dir='ltr'><strong>computant</strong></span> <span class='ocrx_word' id='word_1_209' title='bbox 2369 1157 2382 1192; x_wconf 89' lang='lat'><strong>:</strong></span> <span class='ocrx_word' id='word_1_210' title='bbox 2416 1135 2876 1208; x_wconf 87' lang='lat' dir='ltr'><strong>quemadmodum</strong></span> <span class='ocrx_word' id='word_1_211' title='bbox 2907 1151 3030 1192; x_wconf 91' lang='lat' dir='ltr'><strong>cum</strong></span> <span class='ocrx_word' id='word_1_212' title='bbox 3077 1137 3236 1192; x_wconf 91' lang='lat' dir='ltr'><strong>tertia</strong></span> <span class='ocrx_word' id='word_1_213' title='bbox 3283 1153 3373 1191; x_wconf 82' lang='lat' dir='ltr'><strong>va</strong></span> <span class='ocrx_word' id='word_1_214' title='bbox 3422 1152 3610 1190; x_wconf 83' lang='lat' dir='ltr'><strong>nume-</strong></span> 
     </span>
    </p>
   </div>
   <div class='ocr_carea' id='block_1_26' title="bbox 2020 1227 3605 1299">
    <p class='ocr_par' dir='ltr' id='par_1_26' title="bbox 2020 1227 3605 1299">
     <span class='ocr_line' id='line_1_26' title="bbox 2020 1227 3605 1299; baseline -0.001 -15"><span class='ocrx_word' id='word_1_215' title='bbox 2020 1237 2166 1285; x_wconf 85' lang='lat' dir='ltr'><strong>rant.</strong></span> <span class='ocrx_word' id='word_1_216' title='bbox 2218 1227 2351 1283; x_wconf 89' lang='lat' dir='ltr'><strong>Nam</strong></span> <span class='ocrx_word' id='word_1_217' title='bbox 2398 1227 2445 1284; x_wconf 91' lang='lat' dir='ltr'><strong>si</strong></span> <span class='ocrx_word' id='word_1_218' title='bbox 2497 1228 2640 1283; x_wconf 89' lang='lat' dir='ltr'><strong>hanc</strong></span> <span class='ocrx_word' id='word_1_219' title='bbox 2690 1229 2865 1299; x_wconf 88' lang='lat' dir='ltr'><strong>ipsam</strong></span> <span class='ocrx_word' id='word_1_220' title='bbox 2914 1245 3005 1283; x_wconf 67' lang='lat' dir='ltr'><strong>xv:</strong></span> <span class='ocrx_word' id='word_1_221' title='bbox 3040 1228 3174 1285; x_wconf 79' lang='lat' dir='ltr'><strong>feria</strong></span> <span class='ocrx_word' id='word_1_222' title='bbox 3208 1246 3246 1284; x_wconf 88' lang='grc' dir='ltr'><strong>ιι</strong></span> <span class='ocrx_word' id='word_1_223' title='bbox 3289 1237 3605 1290; x_wconf 85' lang='lat' dir='ltr'><strong>numerent,</strong></span> 
     </span>
    </p>
   </div>
   <div class='ocr_carea' id='block_1_27' title="bbox 2023 1319 3612 1392">
    <p class='ocr_par' dir='ltr' id='par_1_27' title="bbox 2023 1319 3612 1392">
     <span class='ocr_line' id='line_1_27' title="bbox 2023 1319 3612 1392; baseline -0.001 -17"><span class='ocrx_word' id='word_1_224' title='bbox 2023 1323 2215 1392; x_wconf 85' lang='lat' dir='ltr'><strong>utique</strong></span> <span class='ocrx_word' id='word_1_225' title='bbox 2261 1321 2764 1390; x_wconf 78' lang='lat' dir='ltr'><strong>transgrediuntur.</strong></span> <span class='ocrx_word' id='word_1_226' title='bbox 2817 1319 3028 1391; x_wconf 84' lang='lat' dir='ltr'><strong>Quippe</strong></span> <span class='ocrx_word' id='word_1_227' title='bbox 3078 1337 3164 1376; x_wconf 80' lang='grc' dir='ltr'>ιινι</span> <span class='ocrx_word' id='word_1_228' title='bbox 3211 1329 3266 1376; x_wconf 86' lang='grc' dir='ltr'><strong>ει</strong></span> <span class='ocrx_word' id='word_1_229' title='bbox 3302 1339 3354 1376; x_wconf 81' lang='lat' dir='ltr'><strong>vl</strong></span> <span class='ocrx_word' id='word_1_230' title='bbox 3401 1323 3612 1378; x_wconf 78' lang='lat' dir='ltr'><strong>faciunt</strong></span> 
     </span>
    </p>
   </div>
   <div class='ocr_carea' id='block_1_28' title="bbox 2024 1398 3607 1469">
    <p class='ocr_par' dir='ltr' id='par_1_28' title="bbox 2024 1398 3607 1469">
     <span class='ocr_line' id='line_1_28' title="bbox 2024 1398 3607 1469; baseline 0.003 -4"><span class='ocrx_word' id='word_1_231' title='bbox 2024 1427 2157 1467; x_wconf 83' lang='lat' dir='ltr'><strong>xm.</strong></span> <span class='ocrx_word' id='word_1_232' title='bbox 2184 1398 2265 1465; x_wconf 80' lang='grc' dir='ltr'><strong>ΘΙ)</strong></span> <span class='ocrx_word' id='word_1_233' title='bbox 2291 1410 2432 1464; x_wconf 88' lang='lat' dir='ltr'><strong>hanc</strong></span> <span class='ocrx_word' id='word_1_234' title='bbox 2461 1425 2681 1464; x_wconf 87' lang='lat' dir='ltr'><strong>causam</strong></span> <span class='ocrx_word' id='word_1_235' title='bbox 2712 1425 2884 1464; x_wconf 90' lang='lat' dir='ltr'><strong>annos</strong></span> <span class='ocrx_word' id='word_1_236' title='bbox 2915 1410 3054 1466; x_wconf 83' lang='lat' dir='ltr'><strong>lunae</strong></span> <span class='ocrx_word' id='word_1_237' title='bbox 3079 1426 3266 1466; x_wconf 91' lang='lat' dir='ltr'><strong>eorum</strong></span> <span class='ocrx_word' id='word_1_238' title='bbox 3295 1412 3505 1469; x_wconf 87' lang='lat' dir='ltr'><strong>calculo</strong></span> <span class='ocrx_word' id='word_1_239' title='bbox 3531 1415 3607 1469; x_wconf 86' lang='lat' dir='ltr'><strong>ita</strong></span> 
     </span>
    </p>
   </div>
   <div class='ocr_carea' id='block_1_29' title="bbox 2026 1500 3607 1572">
    <p class='ocr_par' dir='ltr' id='par_1_29' title="bbox 2026 1500 3607 1572">
     <span class='ocr_line' id='line_1_29' title="bbox 2026 1500 3607 1572; baseline 0.003 -18"><span class='ocrx_word' id='word_1_240' title='bbox 2026 1508 2247 1572; x_wconf 89' lang='lat' dir='ltr'><strong>putatos</strong></span> <span class='ocrx_word' id='word_1_241' title='bbox 2280 1500 2485 1570; x_wconf 85' lang='lat' dir='ltr'><strong>duplici</strong></span> <span class='ocrx_word' id='word_1_242' title='bbox 2523 1506 2727 1570; x_wconf 90' lang='lat' dir='ltr'><strong>puncto</strong></span> <span class='ocrx_word' id='word_1_243' title='bbox 2765 1501 3074 1556; x_wconf 81' lang='lat' dir='ltr'><strong>notavimus</strong></span> <span class='ocrx_word' id='word_1_244' title='bbox 3107 1519 3119 1556; x_wconf 93' lang='lat'>:</span> <span class='ocrx_word' id='word_1_245' title='bbox 3154 1502 3405 1558; x_wconf 86' lang='lat' dir='ltr'><strong>similiter</strong></span> <span class='ocrx_word' id='word_1_246' title='bbox 3432 1518 3607 1560; x_wconf 89' lang='lat' dir='ltr'><strong>annos</strong></span> 
     </span>
    </p>
   </div>
   <div class='ocr_carea' id='block_1_30' title="bbox 2027 1589 3600 1662">
    <p class='ocr_par' dir='ltr' id='par_1_30' title="bbox 2027 1589 3600 1662">
     <span class='ocr_line' id='line_1_30' title="bbox 2027 1589 3600 1662; baseline 0.003 -17"><span class='ocrx_word' id='word_1_247' title='bbox 2027 1606 2145 1653; x_wconf 88' lang='lat' dir='ltr'><strong>eos,</strong></span> <span class='ocrx_word' id='word_1_248' title='bbox 2195 1591 2395 1660; x_wconf 80' lang='lat' dir='ltr'><strong>quibus</strong></span> <span class='ocrx_word' id='word_1_249' title='bbox 2443 1589 2726 1644; x_wconf 89' lang='lat' dir='ltr'><strong>Dominica</strong></span> <span class='ocrx_word' id='word_1_250' title='bbox 2755 1590 2842 1645; x_wconf 90' lang='lat' dir='ltr'><strong>die</strong></span> <span class='ocrx_word' id='word_1_251' title='bbox 2874 1606 2961 1644; x_wconf 79' lang='lat' dir='ltr'><strong>xw</strong></span> <span class='ocrx_word' id='word_1_252' title='bbox 2997 1592 3110 1660; x_wconf 89' lang='lat' dir='ltr'><strong>illa,</strong></span> <span class='ocrx_word' id='word_1_253' title='bbox 3144 1607 3306 1662; x_wconf 91' lang='lat' dir='ltr'><strong>quam</strong></span> <span class='ocrx_word' id='word_1_254' title='bbox 3339 1593 3600 1660; x_wconf 77' lang='lat' dir='ltr'><strong>diximus,</strong></span> 
     </span>
    </p>
   </div>
   <div class='ocr_carea' id='block_1_31' title="bbox 2029 1682 3606 1752">
    <p class='ocr_par' dir='ltr' id='par_1_31' title="bbox 2029 1682 3606 1752">
     <span class='ocr_line' id='line_1_31' title="bbox 2029 1682 3606 1752; baseline 0.005 -16"><span class='ocrx_word' id='word_1_255' title='bbox 2029 1682 2371 1746; x_wconf 85' lang='lat' dir='ltr'><strong>observatur,</strong></span> <span class='ocrx_word' id='word_1_256' title='bbox 2425 1690 2630 1751; x_wconf 92' lang='lat' dir='ltr'><strong>puncto</strong></span> <span class='ocrx_word' id='word_1_257' title='bbox 2681 1682 2883 1752; x_wconf 87' lang='lat' dir='ltr'><strong>triplici</strong></span> <span class='ocrx_word' id='word_1_258' title='bbox 2935 1682 3304 1740; x_wconf 82' lang='lat' dir='ltr'><strong>distinximus.</strong></span> <span class='ocrx_word' id='word_1_259' title='bbox 3360 1685 3472 1741; x_wconf 87' lang='lat' dir='ltr'><strong>Hoc</strong></span> <span class='ocrx_word' id='word_1_260' title='bbox 3521 1701 3606 1744; x_wconf 88' lang='lat' dir='ltr'><strong>est</strong></span> 
     </span>
    </p>
   </div>
   <div class='ocr_carea' id='block_1_32' title="bbox 347 1771 1941 1854">
    <p class='ocr_par' dir='ltr' id='par_1_32' title="bbox 347 1779 1930 1854">
     <span class='ocr_line' id='line_1_32' title="bbox 347 1779 1930 1854; baseline -0.003 -18"><span class='ocrx_word' id='word_1_261' title='bbox 347 1783 487 1852; x_wconf 87' lang='grc' dir='ltr'>λέγω</span> <span class='ocrx_word' id='word_1_262' title='bbox 518 1783 574 1836; x_wconf 81' lang='grc' dir='ltr'>δὲ</span> <span class='ocrx_word' id='word_1_263' title='bbox 603 1783 700 1854; x_wconf 81' lang='grc' dir='ltr'>τὴν</span> <span class='ocrx_word' id='word_1_264' title='bbox 729 1781 779 1848; x_wconf 83' lang='grc' dir='ltr'>ς’</span> <span class='ocrx_word' id='word_1_265' title='bbox 803 1784 894 1836; x_wconf 75' lang='grc' dir='ltr'><strong>καὶ</strong></span> <span class='ocrx_word' id='word_1_266' title='bbox 928 1779 979 1846; x_wconf 87' lang='grc' dir='ltr'>ι’,</span> <span class='ocrx_word' id='word_1_267' title='bbox 1005 1781 1098 1835; x_wconf 77' lang='grc' dir='ltr'>ἐὰν</span> <span class='ocrx_word' id='word_1_268' title='bbox 1123 1781 1232 1834; x_wconf 87' lang='grc' dir='ltr'>ἀπὸ</span> <span class='ocrx_word' id='word_1_269' title='bbox 1254 1782 1352 1852; x_wconf 86' lang='grc' dir='ltr'>τῆς</span> <span class='ocrx_word' id='word_1_270' title='bbox 1367 1779 1510 1835; x_wconf 82' lang='grc' dir='ltr'>κατὰ</span> <span class='ocrx_word' id='word_1_271' title='bbox 1537 1780 1632 1852; x_wconf 83' lang='grc' dir='ltr'><strong>τὴν</strong></span> <span class='ocrx_word' id='word_1_272' title='bbox 1659 1780 1930 1851; x_wconf 81' lang='grc' dir='ltr'>ἑϐδομάδα</span> 
     </span>
    </p>
   </div>
   <div class='ocr_carea' id='block_1_33' title="bbox 2028 1771 3605 1854">
    <p class='ocr_par' dir='ltr' id='par_1_33' title="bbox 2029 1771 3605 1844">
     <span class='ocr_line' id='line_1_33' title="bbox 2029 1771 3605 1844; baseline 0.004 -20"><span class='ocrx_word' id='word_1_273' title='bbox 2029 1781 2352 1841; x_wconf 90' lang='lat' dir='ltr'><strong>punctorum</strong></span> <span class='ocrx_word' id='word_1_274' title='bbox 2387 1771 2603 1825; x_wconf 89' lang='lat' dir='ltr'><strong>illorum</strong></span> <span class='ocrx_word' id='word_1_275' title='bbox 2634 1774 2930 1842; x_wconf 82' lang='lat' dir='ltr'><strong>negotium,</strong></span> <span class='ocrx_word' id='word_1_276' title='bbox 2966 1788 3086 1842; x_wconf 66' lang='lat' dir='ltr'><strong>qua:</strong></span> <span class='ocrx_word' id='word_1_277' title='bbox 3131 1775 3455 1844; x_wconf 88' lang='lat' dir='ltr'><strong>quibusdam</strong></span> <span class='ocrx_word' id='word_1_278' title='bbox 3502 1792 3605 1831; x_wconf 90' lang='lat' dir='ltr'><strong>an-</strong></span> 
     </span>
    </p>
   </div>
   <div class='ocr_carea' id='block_1_34' title="bbox 347 1855 1941 1945">
    <p class='ocr_par' dir='ltr' id='par_1_34' title="bbox 347 1869 1917 1945">
     <span class='ocr_line' id='line_1_34' title="bbox 347 1869 1917 1945; baseline -0.001 -19"><span class='ocrx_word' id='word_1_279' title='bbox 347 1873 598 1945; x_wconf 83' lang='grc' dir='ltr'>δευτέρας</span> <span class='ocrx_word' id='word_1_280' title='bbox 636 1875 965 1945; x_wconf 71' lang='grc' dir='ltr'>ψηφίσωσιν,</span> <span class='ocrx_word' id='word_1_281' title='bbox 997 1873 1380 1945; x_wconf 81' lang='grc' dir='ltr'>ὑπερϐαίνουσι</span> <span class='ocrx_word' id='word_1_282' title='bbox 1425 1873 1677 1934; x_wconf 84' lang='grc' dir='ltr'>πάντως·</span> <span class='ocrx_word' id='word_1_283' title='bbox 1705 1869 1778 1937; x_wconf 83' lang='grc' dir='ltr'>ις’</span> <span class='ocrx_word' id='word_1_284' title='bbox 1810 1871 1917 1941; x_wconf 82' lang='grc' dir='ltr'><strong>γάρ</strong></span> 
     </span>
    </p>
   </div>
   <div class='ocr_carea' id='block_1_35' title="bbox 2028 1855 3605 1945">
    <p class='ocr_par' dir='ltr' id='par_1_35' title="bbox 2028 1863 3605 1934">
     <span class='ocr_line' id='line_1_35' title="bbox 2028 1863 3605 1934; baseline 0.004 -16"><span class='ocrx_word' id='word_1_285' title='bbox 2028 1864 2108 1919; x_wconf 82' lang='lat' dir='ltr'><strong>nis</strong></span> <span class='ocrx_word' id='word_1_286' title='bbox 2153 1865 2296 1918; x_wconf 43' lang='lat' dir='ltr'><strong>luna)</strong></span> <span class='ocrx_word' id='word_1_287' title='bbox 2339 1870 2467 1918; x_wconf 90' lang='lat' dir='ltr'><strong>sunt</strong></span> <span class='ocrx_word' id='word_1_288' title='bbox 2518 1863 2818 1934; x_wconf 88' lang='lat' dir='ltr'><strong>adscripta,</strong></span> <span class='ocrx_word' id='word_1_289' title='bbox 2863 1873 2918 1919; x_wconf 89' lang='lat' dir='ltr'><strong>et</strong></span> <span class='ocrx_word' id='word_1_290' title='bbox 2964 1864 3033 1918; x_wconf 89' lang='lat' dir='ltr'><strong>ad</strong></span> <span class='ocrx_word' id='word_1_291' title='bbox 3071 1864 3364 1921; x_wconf 86' lang='lat' dir='ltr'><strong>discrimen</strong></span> <span class='ocrx_word' id='word_1_292' title='bbox 3414 1884 3605 1925; x_wconf 89' lang='lat' dir='ltr'><strong>eorum</strong></span> 
     </span>
    </p>
   </div>
   <div class='ocr_carea' id='block_1_36' title="bbox 348 1961 1918 2034">
    <p class='ocr_par' dir='ltr' id='par_1_36' title="bbox 348 1961 1918 2034">
     <span class='ocr_line' id='line_1_36' title="bbox 348 1961 1918 2034; baseline -0.002 -17"><span class='ocrx_word' id='word_1_293' title='bbox 348 1964 439 2018; x_wconf 79' lang='grc' dir='ltr'><strong>καὶ</strong></span> <span class='ocrx_word' id='word_1_294' title='bbox 471 1981 509 2028; x_wconf 83' lang='grc' dir='ltr'><strong>ς</strong></span> <span class='ocrx_word' id='word_1_295' title='bbox 555 1961 639 2034; x_wconf 84' lang='grc' dir='ltr'><strong>κβ’</strong></span> <span class='ocrx_word' id='word_1_296' title='bbox 672 1962 935 2018; x_wconf 82' lang='grc' dir='ltr'>ποιοῦσιν.</span> <span class='ocrx_word' id='word_1_297' title='bbox 994 1963 1084 2015; x_wconf 85' lang='grc' dir='ltr'>Διὸ</span> <span class='ocrx_word' id='word_1_298' title='bbox 1137 1962 1231 2016; x_wconf 73' lang='grc' dir='ltr'><strong>καὶ</strong></span> <span class='ocrx_word' id='word_1_299' title='bbox 1279 1961 1346 2015; x_wconf 84' lang='grc' dir='ltr'>τὰ</span> <span class='ocrx_word' id='word_1_300' title='bbox 1381 1962 1551 2024; x_wconf 78' lang='grc' dir='ltr'>οὕτως</span> <span class='ocrx_word' id='word_1_301' title='bbox 1584 1964 1714 2033; x_wconf 83' lang='grc' dir='ltr'>παρ’</span> <span class='ocrx_word' id='word_1_302' title='bbox 1737 1963 1918 2025; x_wconf 70' lang='grc' dir='ltr'>αὐτοῖς</span> 
     </span>
    </p>
   </div>
   <div class='ocr_carea' id='block_1_37' title="bbox 348 2048 1920 2124">
    <p class='ocr_par' dir='ltr' id='par_1_37' title="bbox 348 2048 1920 2124">
     <span class='ocr_line' id='line_1_37' title="bbox 348 2048 1920 2124; baseline -0.001 -18"><span class='ocrx_word' id='word_1_303' title='bbox 348 2052 689 2123; x_wconf 63' lang='grc' dir='ltr'>ψηφιζόμενα</span> <span class='ocrx_word' id='word_1_304' title='bbox 720 2053 822 2122; x_wconf 79' lang='grc' dir='ltr'>τῆς</span> <span class='ocrx_word' id='word_1_305' title='bbox 869 2053 1096 2124; x_wconf 78' lang='grc' dir='ltr'>σελήνης</span> <span class='ocrx_word' id='word_1_306' title='bbox 1136 2053 1230 2123; x_wconf 83' lang='grc' dir='ltr'><strong>ἐτη</strong></span> <span class='ocrx_word' id='word_1_307' title='bbox 1265 2051 1723 2123; x_wconf 85' lang='grc' dir='ltr'>ἐσημειωσάμεθα</span> <span class='ocrx_word' id='word_1_308' title='bbox 1753 2051 1840 2105; x_wconf 87' lang='grc' dir='ltr'>διὰ</span> <span class='ocrx_word' id='word_1_309' title='bbox 1876 2048 1920 2122; x_wconf 81' lang='grc' dir='ltr'><strong>β’</strong></span> 
     </span>
    </p>
   </div>
   <div class='ocr_carea' id='block_1_38' title="bbox 349 2137 1921 2214">
    <p class='ocr_par' dir='ltr' id='par_1_38' title="bbox 349 2137 1921 2214">
     <span class='ocr_line' id='line_1_38' title="bbox 349 2137 1921 2214; baseline -0.001 -18"><span class='ocrx_word' id='word_1_310' title='bbox 349 2142 612 2212; x_wconf 77' lang='grc' dir='ltr'>στιγμῶν.</span> <span class='ocrx_word' id='word_1_311' title='bbox 656 2141 884 2213; x_wconf 85' lang='grc' dir='ltr'>Ὁμοίως</span> <span class='ocrx_word' id='word_1_312' title='bbox 912 2141 968 2195; x_wconf 89' lang='grc' dir='ltr'><strong>δέ</strong></span> <span class='ocrx_word' id='word_1_313' title='bbox 999 2141 1092 2195; x_wconf 75' lang='grc' dir='ltr'><strong>καὶ</strong></span> <span class='ocrx_word' id='word_1_314' title='bbox 1123 2141 1192 2194; x_wconf 85' lang='grc' dir='ltr'>τὰ</span> <span class='ocrx_word' id='word_1_315' title='bbox 1221 2142 1278 2194; x_wconf 84' lang='grc' dir='ltr'><strong>ἐν</strong></span> <span class='ocrx_word' id='word_1_316' title='bbox 1302 2137 1384 2205; x_wconf 74' lang='grc' dir='ltr'>οἷς</span> <span class='ocrx_word' id='word_1_317' title='bbox 1411 2144 1492 2207; x_wconf 88' lang='grc' dir='ltr'><strong>εἰς</strong></span> <span class='ocrx_word' id='word_1_318' title='bbox 1515 2142 1797 2214; x_wconf 82' lang='grc' dir='ltr'>Κυριακὴν</span> <span class='ocrx_word' id='word_1_319' title='bbox 1823 2141 1921 2213; x_wconf 86' lang='grc' dir='ltr'>τὴν</span> 
     </span>
    </p>
   </div>
   <div class='ocr_carea' id='block_1_39' title="bbox 347 2231 1921 2306">
    <p class='ocr_par' dir='ltr' id='par_1_39' title="bbox 347 2231 1921 2306">
     <span class='ocr_line' id='line_1_39' title="bbox 347 2231 1921 2306; baseline 0.001 -20"><span class='ocrx_word' id='word_1_320' title='bbox 347 2234 644 2306; x_wconf 78' lang='grc' dir='ltr'>εἰρημένην</span> <span class='ocrx_word' id='word_1_321' title='bbox 674 2231 727 2299; x_wconf 83' lang='grc' dir='ltr'>ς’</span> <span class='ocrx_word' id='word_1_322' title='bbox 755 2233 850 2287; x_wconf 77' lang='grc' dir='ltr'><strong>καὶ</strong></span> <span class='ocrx_word' id='word_1_323' title='bbox 881 2231 911 2286; x_wconf 89' lang='grc' dir='ltr'>ι’</span> <span class='ocrx_word' id='word_1_324' title='bbox 949 2233 1297 2305; x_wconf 81' lang='grc' dir='ltr'>τηροῦσι,διὰ</span> <span class='ocrx_word' id='word_1_325' title='bbox 1325 2234 1488 2305; x_wconf 86' lang='grc' dir='ltr'>τριῶν</span> <span class='ocrx_word' id='word_1_326' title='bbox 1515 2233 1776 2306; x_wconf 84' lang='grc' dir='ltr'>στιγμῶν.</span> <span class='ocrx_word' id='word_1_327' title='bbox 1811 2235 1921 2288; x_wconf 77' lang='grc' dir='ltr'><strong>Καὶ</strong></span> 
     </span>
    </p>
   </div>
   <div class='ocr_carea' id='block_1_40' title="bbox 348 2318 1922 2394">
    <p class='ocr_par' dir='ltr' id='par_1_40' title="bbox 348 2318 1922 2394">
     <span class='ocr_line' id='line_1_40' title="bbox 348 2318 1922 2394; baseline 0.001 -18"><span class='ocrx_word' id='word_1_328' title='bbox 348 2318 500 2388; x_wconf 76' lang='grc' dir='ltr'>οὗτος</span> <span class='ocrx_word' id='word_1_329' title='bbox 541 2326 569 2377; x_wconf 88' lang='grc' dir='ltr'>ὁ</span> <span class='ocrx_word' id='word_1_330' title='bbox 611 2323 740 2394; x_wconf 78' lang='grc' dir='ltr'>περὶ</span> <span class='ocrx_word' id='word_1_331' title='bbox 778 2324 885 2377; x_wconf 88' lang='grc' dir='ltr'><strong>τῶν</strong></span> <span class='ocrx_word' id='word_1_332' title='bbox 920 2323 1162 2394; x_wconf 77' lang='grc' dir='ltr'>στιγμῶν</span> <span class='ocrx_word' id='word_1_333' title='bbox 1201 2323 1356 2391; x_wconf 83' lang='grc' dir='ltr'>λόγος</span> <span class='ocrx_word' id='word_1_334' title='bbox 1385 2321 1494 2377; x_wconf 86' lang='grc' dir='ltr'><strong>τῶν</strong></span> <span class='ocrx_word' id='word_1_335' title='bbox 1521 2324 1751 2377; x_wconf 77' lang='grc' dir='ltr'>ἐνόντων</span> <span class='ocrx_word' id='word_1_336' title='bbox 1779 2325 1922 2378; x_wconf 77' lang='grc' dir='ltr'>τισὶν</span> 
     </span>
    </p>
   </div>
   <div class='ocr_carea' id='block_1_41' title="bbox 346 2409 1922 2488">
    <p class='ocr_par' dir='ltr' id='par_1_41' title="bbox 346 2409 1922 2488">
     <span class='ocr_line' id='line_1_41' title="bbox 346 2409 1922 2488; baseline -0.001 -18"><span class='ocrx_word' id='word_1_337' title='bbox 346 2417 492 2470; x_wconf 74' lang='grc' dir='ltr'>ἔτεσι</span> <span class='ocrx_word' id='word_1_338' title='bbox 524 2417 623 2488; x_wconf 81' lang='grc' dir='ltr'>τῆς</span> <span class='ocrx_word' id='word_1_339' title='bbox 651 2416 900 2487; x_wconf 87' lang='grc' dir='ltr'>σελήνης,</span> <span class='ocrx_word' id='word_1_340' title='bbox 936 2416 996 2479; x_wconf 75' lang='grc' dir='ltr'>ἐξ</span> <span class='ocrx_word' id='word_1_341' title='bbox 1023 2409 1097 2470; x_wconf 82' lang='grc' dir='ltr'>ὧν</span> <span class='ocrx_word' id='word_1_342' title='bbox 1129 2417 1162 2486; x_wconf 87' lang='grc' dir='ltr'><strong>ἡ</strong></span> <span class='ocrx_word' id='word_1_343' title='bbox 1188 2415 1451 2487; x_wconf 84' lang='grc' dir='ltr'>’διαστολὴ</span> <span class='ocrx_word' id='word_1_344' title='bbox 1485 2415 1694 2484; x_wconf 86' lang='grc' dir='ltr'>γίνεται</span> <span class='ocrx_word' id='word_1_345' title='bbox 1727 2416 1838 2469; x_wconf 91' lang='grc' dir='ltr'><strong>τῶν</strong></span> <span class='ocrx_word' id='word_1_346' title='bbox 1865 2418 1922 2470; x_wconf 91' lang='grc' dir='ltr'><strong>ἐν</strong></span> 
     </span>
    </p>
   </div>
   <div class='ocr_carea' id='block_1_42' title="bbox 348 2501 1921 2578">
    <p class='ocr_par' dir='ltr' id='par_1_42' title="bbox 348 2501 1921 2578">
     <span class='ocr_line' id='line_1_42' title="bbox 348 2501 1921 2578; baseline 0 -18"><span class='ocrx_word' id='word_1_347' title='bbox 348 2503 429 2572; x_wconf 72' lang='grc' dir='ltr'>οἷς</span> <span class='ocrx_word' id='word_1_348' title='bbox 453 2507 627 2561; x_wconf 88' lang='grc' dir='ltr'>εἰκάδι</span> <span class='ocrx_word' id='word_1_349' title='bbox 658 2505 722 2577; x_wconf 86' lang='grc' dir='ltr'>β’,</span> <span class='ocrx_word' id='word_1_350' title='bbox 751 2508 846 2560; x_wconf 72' lang='grc' dir='ltr'>καὶ</span> <span class='ocrx_word' id='word_1_351' title='bbox 873 2509 931 2560; x_wconf 85' lang='grc' dir='ltr'><strong>ἐν</strong></span> <span class='ocrx_word' id='word_1_352' title='bbox 962 2501 1042 2570; x_wconf 76' lang='grc' dir='ltr'><strong>οἷς</strong></span> <span class='ocrx_word' id='word_1_353' title='bbox 1083 2505 1256 2560; x_wconf 77' lang='grc' dir='ltr'>εἰκάδι</span> <span class='ocrx_word' id='word_1_354' title='bbox 1285 2505 1355 2575; x_wconf 88' lang='grc' dir='ltr'>γ’,</span> <span class='ocrx_word' id='word_1_355' title='bbox 1384 2507 1478 2560; x_wconf 73' lang='grc' dir='ltr'><strong>καὶ</strong></span> <span class='ocrx_word' id='word_1_356' title='bbox 1516 2509 1575 2559; x_wconf 91' lang='grc' dir='ltr'><strong>ἐν</strong></span> <span class='ocrx_word' id='word_1_357' title='bbox 1596 2501 1677 2570; x_wconf 71' lang='grc' dir='ltr'>οἷς</span> <span class='ocrx_word' id='word_1_358' title='bbox 1705 2508 1809 2578; x_wconf 85' lang='grc' dir='ltr'><strong>πρὸ</strong></span> <span class='ocrx_word' id='word_1_359' title='bbox 1826 2506 1921 2560; x_wconf 80' lang='grc' dir='ltr'>τοῦ</span> 
     </span>
    </p>
   </div>
   <div class='ocr_carea' id='block_1_43' title="bbox 361 2597 1924 2669">
    <p class='ocr_par' dir='ltr' id='par_1_43' title="bbox 361 2597 1924 2669">
     <span class='ocr_line' id='line_1_43' title="bbox 361 2597 1924 2669; baseline 0.001 -19"><span class='ocrx_word' id='word_1_360' title='bbox 361 2597 648 2669; x_wconf 78' lang='grc' dir='ltr'>Ἑϐραϊκοιῖ</span> <span class='ocrx_word' id='word_1_361' title='bbox 703 2597 893 2668; x_wconf 89' lang='grc' dir='ltr'>Πάσχα</span> <span class='ocrx_word' id='word_1_362' title='bbox 938 2598 998 2651; x_wconf 86' lang='grc' dir='ltr'><strong>τὸ</strong></span> <span class='ocrx_word' id='word_1_363' title='bbox 1048 2598 1188 2651; x_wconf 80' lang='grc' dir='ltr'>κατὰ</span> <span class='ocrx_word' id='word_1_364' title='bbox 1236 2597 1468 2668; x_wconf 83' lang='grc' dir='ltr'>Χριστὸν</span> <span class='ocrx_word' id='word_1_365' title='bbox 1499 2597 1650 2668; x_wconf 79' lang='grc' dir='ltr'>παρὰ</span> <span class='ocrx_word' id='word_1_366' title='bbox 1691 2598 1752 2652; x_wconf 87' lang='grc' dir='ltr'>τὸ</span> <span class='ocrx_word' id='word_1_367' title='bbox 1778 2597 1924 2662; x_wconf 80' lang='grc' dir='ltr'>εἰκὸς</span> 
     </span>
    </p>
   </div>
   <div class='ocr_carea' id='block_1_44' title="bbox 350 2688 1922 2760">
    <p class='ocr_par' dir='ltr' id='par_1_44' title="bbox 350 2688 1922 2760">
     <span class='ocr_line' id='line_1_44' title="bbox 350 2688 1922 2760; baseline 0.001 -17"><span class='ocrx_word' id='word_1_368' title='bbox 350 2688 738 2753; x_wconf 79' lang='grc' dir='ltr'>κανονίζουσιν.</span> <span class='ocrx_word' id='word_1_369' title='bbox 782 2690 868 2742; x_wconf 84' lang='grc' dir='ltr'>Ἕν</span> <span class='ocrx_word' id='word_1_370' title='bbox 907 2689 1014 2760; x_wconf 84' lang='grc' dir='ltr'>γὰρ</span> <span class='ocrx_word' id='word_1_371' title='bbox 1059 2692 1170 2754; x_wconf 82' lang='grc' dir='ltr'>τοῖς</span> <span class='ocrx_word' id='word_1_372' title='bbox 1199 2688 1297 2751; x_wconf 83' lang='grc' dir='ltr'>τὰς</span> <span class='ocrx_word' id='word_1_373' title='bbox 1333 2689 1426 2742; x_wconf 84' lang='grc' dir='ltr'><strong>δύο</strong></span> <span class='ocrx_word' id='word_1_374' title='bbox 1460 2689 1693 2760; x_wconf 77' lang='grc' dir='ltr'>στιγμὰς</span> <span class='ocrx_word' id='word_1_375' title='bbox 1739 2690 1922 2760; x_wconf 78' lang='grc' dir='ltr'>έχουσι</span> 
     </span>
    </p>
   </div>
   <div class='ocr_carea' id='block_1_45' title="bbox 349 2776 1924 2850">
    <p class='ocr_par' dir='ltr' id='par_1_45' title="bbox 349 2776 1924 2850">
     <span class='ocr_line' id='line_1_45' title="bbox 349 2776 1924 2850; baseline 0.001 -20"><span class='ocrx_word' id='word_1_376' title='bbox 349 2777 506 2831; x_wconf 78' lang='grc' dir='ltr'>τοῦτο</span> <span class='ocrx_word' id='word_1_377' title='bbox 528 2776 806 2841; x_wconf 68' lang='grc' dir='ltr'>ποιοῦσιν,</span> <span class='ocrx_word' id='word_1_378' title='bbox 845 2780 925 2842; x_wconf 85' lang='grc' dir='ltr'><strong>εἰς</strong></span> <span class='ocrx_word' id='word_1_379' title='bbox 960 2777 1243 2848; x_wconf 83' lang='grc' dir='ltr'>Κυριακὴν</span> <span class='ocrx_word' id='word_1_380' title='bbox 1273 2777 1488 2849; x_wconf 85' lang='grc' dir='ltr'>ἡμέραν</span> <span class='ocrx_word' id='word_1_381' title='bbox 1516 2777 1614 2849; x_wconf 75' lang='grc' dir='ltr'>τὴν</span> <span class='ocrx_word' id='word_1_382' title='bbox 1646 2780 1772 2850; x_wconf 87' lang='grc' dir='ltr'>παρ’</span> <span class='ocrx_word' id='word_1_383' title='bbox 1794 2781 1924 2850; x_wconf 87' lang='grc' dir='ltr'>ἡμῖν</span> 
     </span>
    </p>
   </div>
   <div class='ocr_carea' id='block_1_46' title="bbox 349 2865 1920 2941">
    <p class='ocr_par' dir='ltr' id='par_1_46' title="bbox 349 2865 1920 2941">
     <span class='ocr_line' id='line_1_46' title="bbox 349 2865 1920 2941; baseline 0 -18"><span class='ocrx_word' id='word_1_384' title='bbox 349 2865 479 2940; x_wconf 77' lang='grc' dir='ltr'>γ’⁸⁶,</span> <span class='ocrx_word' id='word_1_385' title='bbox 515 2870 609 2923; x_wconf 74' lang='grc' dir='ltr'>καὶ</span> <span class='ocrx_word' id='word_1_386' title='bbox 643 2867 694 2933; x_wconf 86' lang='grc' dir='ltr'>ι’,</span> <span class='ocrx_word' id='word_1_387' title='bbox 719 2867 759 2921; x_wconf 82' lang='grc' dir='ltr'>ε’</span> <span class='ocrx_word' id='word_1_388' title='bbox 791 2870 885 2923; x_wconf 76' lang='grc' dir='ltr'><strong>καὶ</strong></span> <span class='ocrx_word' id='word_1_389' title='bbox 914 2866 967 2931; x_wconf 88' lang='grc' dir='ltr'>ι’,</span> <span class='ocrx_word' id='word_1_390' title='bbox 992 2869 1145 2921; x_wconf 70' lang='grc' dir='ltr'>αὐτοὶ</span> <span class='ocrx_word' id='word_1_391' title='bbox 1169 2867 1263 2922; x_wconf 82' lang='grc' dir='ltr'>τοῦ</span> <span class='ocrx_word' id='word_1_392' title='bbox 1304 2870 1537 2938; x_wconf 83' lang='grc' dir='ltr'>φέγγους</span> <span class='ocrx_word' id='word_1_393' title='bbox 1571 2869 1920 2941; x_wconf 73' lang='grc' dir='ltr'>ψηφίζοντες.</span> 
     </span>
    </p>
   </div>
   <div class='ocr_carea' id='block_1_47' title="bbox 349 2958 1924 3032">
    <p class='ocr_par' dir='ltr' id='par_1_47' title="bbox 349 2958 1924 3032">
     <span class='ocr_line' id='line_1_47' title="bbox 349 2958 1924 3032; baseline 0 -18"><span class='ocrx_word' id='word_1_394' title='bbox 349 2962 444 3025; x_wconf 88' lang='grc' dir='ltr'>Εἰς</span> <span class='ocrx_word' id='word_1_395' title='bbox 492 2961 558 3032; x_wconf 80' lang='grc' dir='ltr'>ἢν</span> <span class='ocrx_word' id='word_1_396' title='bbox 615 2963 736 3013; x_wconf 82' lang='grc' dir='ltr'>ὅσον</span> <span class='ocrx_word' id='word_1_397' title='bbox 772 2961 870 3030; x_wconf 83' lang='grc' dir='ltr'><strong>μὲν</strong></span> <span class='ocrx_word' id='word_1_398' title='bbox 916 2960 983 3013; x_wconf 86' lang='grc' dir='ltr'>δι’</span> <span class='ocrx_word' id='word_1_399' title='bbox 1023 2961 1191 3032; x_wconf 84' lang='grc' dir='ltr'>αὐτὴν</span> <span class='ocrx_word' id='word_1_400' title='bbox 1238 2959 1336 3032; x_wconf 85' lang='grc' dir='ltr'>τὴν</span> <span class='ocrx_word' id='word_1_401' title='bbox 1380 2958 1421 3013; x_wconf 84' lang='grc' dir='ltr'>ε’</span> <span class='ocrx_word' id='word_1_402' title='bbox 1455 2961 1549 3015; x_wconf 74' lang='grc' dir='ltr'><strong>καὶ</strong></span> <span class='ocrx_word' id='word_1_403' title='bbox 1589 2959 1620 3012; x_wconf 83' lang='grc' dir='ltr'>ι’</span> <span class='ocrx_word' id='word_1_404' title='bbox 1649 2960 1924 3032; x_wconf 74' lang='grc' dir='ltr'>ἑορτάζειν</span> 
     </span>
    </p>
   </div>
   <div class='ocr_carea' id='block_1_48' title="bbox 348 3046 1922 3120">
    <p class='ocr_par' dir='ltr' id='par_1_48' title="bbox 348 3046 1922 3120">
     <span class='ocr_line' id='line_1_48' title="bbox 348 3046 1922 3120; baseline 0.002 -19"><span class='ocrx_word' id='word_1_405' title='bbox 348 3047 573 3116; x_wconf 78' lang='grc' dir='ltr'>ὤφελον,</span> <span class='ocrx_word' id='word_1_406' title='bbox 623 3046 778 3101; x_wconf 80' lang='grc' dir='ltr'>τοῦτό</span> <span class='ocrx_word' id='word_1_407' title='bbox 807 3065 869 3114; x_wconf 83' lang='grc' dir='ltr'><strong>γε</strong></span> <span class='ocrx_word' id='word_1_408' title='bbox 907 3047 1001 3102; x_wconf 78' lang='grc' dir='ltr'>τοῦ</span> <span class='ocrx_word' id='word_1_409' title='bbox 1035 3049 1258 3111; x_wconf 84' lang='grc' dir='ltr'>κανόνος</span> <span class='ocrx_word' id='word_1_410' title='bbox 1306 3050 1677 3120; x_wconf 82' lang='grc' dir='ltr'>ἐγχωροῦντος</span> <span class='ocrx_word' id='word_1_411' title='bbox 1717 3055 1922 3116; x_wconf 82' lang='grc' dir='ltr'>ποιεῖν,</span> 
     </span>
    </p>
   </div>
   <div class='ocr_carea' id='block_1_49' title="bbox 349 3137 1923 3212">
    <p class='ocr_par' dir='ltr' id='par_1_49' title="bbox 349 3137 1923 3212">
     <span class='ocr_line' id='line_1_49' title="bbox 349 3137 1923 3212; baseline 0.003 -20"><span class='ocrx_word' id='word_1_412' title='bbox 349 3141 470 3193; x_wconf 81' lang='grc' dir='ltr'>ὅσον</span> <span class='ocrx_word' id='word_1_413' title='bbox 485 3139 538 3191; x_wconf 79' lang='grc' dir='ltr'>δὲ</span> <span class='ocrx_word' id='word_1_414' title='bbox 557 3139 644 3192; x_wconf 85' lang='grc' dir='ltr'>διὰ</span> <span class='ocrx_word' id='word_1_415' title='bbox 665 3139 758 3209; x_wconf 78' lang='grc' dir='ltr'>τὴν</span> <span class='ocrx_word' id='word_1_416' title='bbox 776 3137 816 3190; x_wconf 83' lang='grc' dir='ltr'>δ’</span> <span class='ocrx_word' id='word_1_417' title='bbox 840 3141 932 3192; x_wconf 74' lang='grc' dir='ltr'>καὶ</span> <span class='ocrx_word' id='word_1_418' title='bbox 962 3137 991 3191; x_wconf 94' lang='grc' dir='ltr'>ι’</span> <span class='ocrx_word' id='word_1_419' title='bbox 1019 3141 1084 3210; x_wconf 78' lang='grc' dir='ltr'>τῇ</span> <span class='ocrx_word' id='word_1_420' title='bbox 1119 3140 1264 3211; x_wconf 83' lang='grc' dir='ltr'>ἐξῆς,</span> <span class='ocrx_word' id='word_1_421' title='bbox 1293 3140 1457 3209; x_wconf 70' lang='grc' dir='ltr'>ἤγουν</span> <span class='ocrx_word' id='word_1_422' title='bbox 1479 3144 1545 3212; x_wconf 85' lang='grc' dir='ltr'>τῇ</span> <span class='ocrx_word' id='word_1_423' title='bbox 1580 3140 1623 3212; x_wconf 89' lang='grc' dir='ltr'><strong>β’</strong></span> <span class='ocrx_word' id='word_1_424' title='bbox 1649 3142 1750 3212; x_wconf 87' lang='grc' dir='ltr'>τῆς</span> <span class='ocrx_word' id='word_1_425' title='bbox 1773 3142 1923 3196; x_wconf 81' lang='grc' dir='ltr'>ἐϐδο-</span> 
     </span>
    </p>
   </div>
   <div class='ocr_carea' id='block_1_50' title="bbox 355 3205 1992 3308">
    <p class='ocr_par' dir='ltr' id='par_1_50' title="bbox 355 3205 1992 3308">
     <span class='ocr_line' id='line_1_50' title="bbox 355 3205 1992 3308; baseline 0.004 -23"><span class='ocrx_word' id='word_1_426' title='bbox 355 3231 520 3302; x_wconf 84' lang='grc' dir='ltr'>μάδος</span> <span class='ocrx_word' id='word_1_427' title='bbox 555 3205 922 3301; x_wconf 76' lang='grc' dir='ltr'>ὑπάρχουσαν,</span> <span class='ocrx_word' id='word_1_428' title='bbox 959 3205 1083 3303; x_wconf 65' lang='grc' dir='ltr'><strong>πρδ⁷</strong></span> <span class='ocrx_word' id='word_1_429' title='bbox 1110 3205 1210 3285; x_wconf 36' lang='grc' dir='ltr'>τοῦ,</span> <span class='ocrx_word' id='word_1_430' title='bbox 1252 3205 1372 3286; x_wconf 80' lang='grc' dir='ltr'>καθ’</span> <span class='ocrx_word' id='word_1_431' title='bbox 1412 3205 1924 3308; x_wconf 42' lang='grc' dir='ltr'>Ἑϐραίους-Πάσχα</span> <span class='ocrx_word' id='word_1_432' title='bbox 1950 3205 1992 3263; x_wconf 75' lang='lat' dir='ltr'><strong><em>C</em></strong></span> 
     </span>
    </p>
   </div>
   <div class='ocr_carea' id='block_1_51' title="bbox 349 3321 1927 3402">
    <p class='ocr_par' dir='ltr' id='par_1_51' title="bbox 349 3321 1927 3402">
     <span class='ocr_line' id='line_1_51' title="bbox 349 3321 1927 3402; baseline 0.005 -26"><span class='ocrx_word' id='word_1_433' title='bbox 349 3321 412 3376; x_wconf 82' lang='grc' dir='ltr'>τὸ</span> <span class='ocrx_word' id='word_1_434' title='bbox 458 3322 597 3376; x_wconf 83' lang='grc' dir='ltr'>κατὰ</span> <span class='ocrx_word' id='word_1_435' title='bbox 627 3323 856 3392; x_wconf 85' lang='grc' dir='ltr'>Χριστὸν</span> <span class='ocrx_word' id='word_1_436' title='bbox 891 3322 1197 3393; x_wconf 78' lang='grc' dir='ltr'>ἐλέγχονται</span> <span class='ocrx_word' id='word_1_437' title='bbox 1251 3325 1638 3392; x_wconf 78' lang='grc' dir='ltr'>κανονίζοντες,</span> <span class='ocrx_word' id='word_1_438' title='bbox 1673 3329 1767 3382; x_wconf 74' lang='grc' dir='ltr'>καὶ</span> <span class='ocrx_word' id='word_1_439' title='bbox 1800 3331 1927 3402; x_wconf 73' lang='grc' dir='ltr'>περὶ</span> 
     </span>
    </p>
   </div>
   <div class='ocr_carea' id='block_1_52' title="bbox 351 3413 1926 3492">
    <p class='ocr_par' dir='ltr' id='par_1_52' title="bbox 351 3413 1926 3492">
     <span class='ocr_line' id='line_1_52' title="bbox 351 3413 1926 3492; baseline 0.005 -27"><span class='ocrx_word' id='word_1_440' title='bbox 351 3413 449 3484; x_wconf 79' lang='grc' dir='ltr'><strong>τὴν</strong></span> <span class='ocrx_word' id='word_1_441' title='bbox 489 3413 660 3484; x_wconf 80' lang='grc' dir='ltr'>ἀληθῆ</span> <span class='ocrx_word' id='word_1_442' title='bbox 688 3414 867 3484; x_wconf 76' lang='grc' dir='ltr'>ψῆφον</span> <span class='ocrx_word' id='word_1_443' title='bbox 888 3414 1356 3485; x_wconf 85' lang='grc' dir='ltr'>διαμαρτάνοντες.</span> <span class='ocrx_word' id='word_1_444' title='bbox 1383 3419 1446 3471; x_wconf 85' lang='grc' dir='ltr'>Εἰ</span> <span class='ocrx_word' id='word_1_445' title='bbox 1477 3417 1585 3491; x_wconf 87' lang='grc' dir='ltr'>γὰρ</span> <span class='ocrx_word' id='word_1_446' title='bbox 1613 3419 1707 3472; x_wconf 74' lang='grc' dir='ltr'><strong>καὶ</strong></span> <span class='ocrx_word' id='word_1_447' title='bbox 1739 3422 1772 3492; x_wconf 88' lang='grc' dir='ltr'><strong>ἡ</strong></span> <span class='ocrx_word' id='word_1_448' title='bbox 1802 3437 1926 3473; x_wconf 84' lang='grc' dir='ltr'>συν-</span> 
     </span>
    </p>
   </div>
   <div class='ocr_carea' id='block_1_53' title="bbox 326 3504 1928 3578">
    <p class='ocr_par' dir='ltr' id='par_1_53' title="bbox 326 3504 1928 3578">
     <span class='ocr_line' id='line_1_53' title="bbox 326 3504 1928 3578; baseline 0.002 -20"><span class='ocrx_word' id='word_1_449' title='bbox 326 3544 327 3547; x_wconf 61' lang='grc' dir='ltr'><strong>η</strong></span> <span class='ocrx_word' id='word_1_450' title='bbox 353 3505 630 3574; x_wconf 85' lang='grc' dir='ltr'>έμπτωσις</span> <span class='ocrx_word' id='word_1_451' title='bbox 655 3504 750 3556; x_wconf 77' lang='grc' dir='ltr'>τοῦ</span> <span class='ocrx_word' id='word_1_452' title='bbox 779 3505 918 3558; x_wconf 84' lang='grc' dir='ltr'>κατὰ</span> <span class='ocrx_word' id='word_1_453' title='bbox 944 3506 1176 3576; x_wconf 81' lang='grc' dir='ltr'>Χριστὸν</span> <span class='ocrx_word' id='word_1_454' title='bbox 1207 3507 1342 3578; x_wconf 81' lang='grc' dir='ltr'>πρὸς</span> <span class='ocrx_word' id='word_1_455' title='bbox 1383 3507 1445 3560; x_wconf 81' lang='grc' dir='ltr'>τὸ</span> <span class='ocrx_word' id='word_1_456' title='bbox 1488 3506 1773 3578; x_wconf 80' lang='grc' dir='ltr'>Ἐὄραῖκὸν</span> <span class='ocrx_word' id='word_1_457' title='bbox 1815 3508 1928 3561; x_wconf 89' lang='grc' dir='ltr'>δια-</span> 
     </span>
    </p>
   </div>
   <div class='ocr_carea' id='block_1_54' title="bbox 353 3597 1926 3670">
    <p class='ocr_par' dir='ltr' id='par_1_54' title="bbox 353 3597 1926 3670">
     <span class='ocr_line' id='line_1_54' title="bbox 353 3597 1926 3670; baseline 0.002 -21"><span class='ocrx_word' id='word_1_458' title='bbox 353 3597 605 3651; x_wconf 78' lang='grc' dir='ltr'>ϐάλλεται</span> <span class='ocrx_word' id='word_1_459' title='bbox 645 3597 857 3667; x_wconf 82' lang='grc' dir='ltr'>Πάσχα,</span> <span class='ocrx_word' id='word_1_460' title='bbox 891 3597 942 3650; x_wconf 88' lang='grc' dir='ltr'><strong>τί</strong></span> <span class='ocrx_word' id='word_1_461' title='bbox 973 3597 1018 3649; x_wconf 84' lang='grc' dir='ltr'>δ’</span> <span class='ocrx_word' id='word_1_462' title='bbox 1045 3597 1108 3651; x_wconf 80' lang='grc' dir='ltr'>ἄν</span> <span class='ocrx_word' id='word_1_463' title='bbox 1141 3615 1223 3662; x_wconf 90' lang='grc' dir='ltr'><strong>τις</strong></span> <span class='ocrx_word' id='word_1_464' title='bbox 1257 3598 1399 3652; x_wconf 69' lang='grc' dir='ltr'>εἴποι</span> <span class='ocrx_word' id='word_1_465' title='bbox 1429 3599 1557 3670; x_wconf 82' lang='grc' dir='ltr'>περὶ</span> <span class='ocrx_word' id='word_1_466' title='bbox 1588 3600 1688 3670; x_wconf 84' lang='grc' dir='ltr'><strong>τῆς</strong></span> <span class='ocrx_word' id='word_1_467' title='bbox 1717 3616 1926 3670; x_wconf 87' lang='grc' dir='ltr'>προεμ-</span> 
     </span>
    </p>
   </div>
   <div class='ocr_carea' id='block_1_55' title="bbox 355 3685 1925 3760">
    <p class='ocr_par' dir='ltr' id='par_1_55' title="bbox 355 3685 1925 3760">
     <span class='ocr_line' id='line_1_55' title="bbox 355 3685 1925 3760; baseline 0.002 -18"><span class='ocrx_word' id='word_1_468' title='bbox 355 3689 642 3752; x_wconf 84' lang='grc' dir='ltr'>πτώσεως;</span> <span class='ocrx_word' id='word_1_469' title='bbox 666 3688 959 3760; x_wconf 77' lang='grc' dir='ltr'>Συμὸαίνει</span> <span class='ocrx_word' id='word_1_470' title='bbox 985 3688 1043 3742; x_wconf 84' lang='grc' dir='ltr'><strong>δὲ</strong></span> <span class='ocrx_word' id='word_1_471' title='bbox 1071 3685 1226 3753; x_wconf 80' lang='grc' dir='ltr'>αὖθις</span> <span class='ocrx_word' id='word_1_472' title='bbox 1248 3690 1486 3753; x_wconf 74' lang='grc' dir='ltr'>ἐκείνους</span> <span class='ocrx_word' id='word_1_473' title='bbox 1509 3691 1570 3743; x_wconf 83' lang='grc' dir='ltr'>τὸ</span> <span class='ocrx_word' id='word_1_474' title='bbox 1599 3691 1714 3744; x_wconf 71' lang='grc' dir='ltr'>ἴσον</span> <span class='ocrx_word' id='word_1_475' title='bbox 1731 3691 1925 3757; x_wconf 89' lang='grc' dir='ltr'>τελεῖν,</span> 
     </span>
    </p>
   </div>
   <div class='ocr_carea' id='block_1_56' title="bbox 355 3780 1930 3847">
    <p class='ocr_par' dir='ltr' id='par_1_56' title="bbox 355 3780 1930 3847">
     <span class='ocr_line' id='line_1_56' title="bbox 355 3780 1930 3847; baseline 0.001 -13"><span class='ocrx_word' id='word_1_476' title='bbox 355 3780 460 3834; x_wconf 74' lang='grc' dir='ltr'><strong>κᾶν</strong></span> <span class='ocrx_word' id='word_1_477' title='bbox 491 3783 603 3844; x_wconf 89' lang='grc' dir='ltr'>τοῖς</span> <span class='ocrx_word' id='word_1_478' title='bbox 627 3781 744 3834; x_wconf 71' lang='grc' dir='ltr'>τὸδ’</span> <span class='ocrx_word' id='word_1_479' title='bbox 776 3819 790 3834; x_wconf 95' lang='grc'><strong>.</strong></span> <span class='ocrx_word' id='word_1_480' title='bbox 867 3819 883 3834; x_wconf 93' lang='grc'><strong>.</strong></span> <span class='ocrx_word' id='word_1_481' title='bbox 959 3821 972 3835; x_wconf 94' lang='grc'><strong>.</strong></span> <span class='ocrx_word' id='word_1_482' title='bbox 1055 3819 1071 3835; x_wconf 93' lang='grc'><strong>.</strong></span> <span class='ocrx_word' id='word_1_483' title='bbox 1148 3821 1164 3836; x_wconf 96' lang='grc'><strong>.</strong></span> <span class='ocrx_word' id='word_1_484' title='bbox 1235 3823 1251 3836; x_wconf 94' lang='grc'><strong>.</strong></span> <span class='ocrx_word' id='word_1_485' title='bbox 1329 3781 1568 3836; x_wconf 79' lang='grc' dir='ltr'>.έτεσιν.</span> <span class='ocrx_word' id='word_1_486' title='bbox 1606 3783 1694 3835; x_wconf 90' lang='grc' dir='ltr'>Ἐν</span> <span class='ocrx_word' id='word_1_487' title='bbox 1719 3783 1930 3847; x_wconf 82' lang='grc' dir='ltr'>τούτοις</span> 
     </span>
    </p>
   </div>
   <div class='ocr_carea' id='block_1_57' title="bbox 355 3872 1929 3945">
    <p class='ocr_par' dir='ltr' id='par_1_57' title="bbox 355 3872 1929 3945">
     <span class='ocr_line' id='line_1_57' title="bbox 355 3872 1929 3945; baseline 0.001 -21"><span class='ocrx_word' id='word_1_488' title='bbox 355 3872 464 3944; x_wconf 80' lang='grc' dir='ltr'>γὰρ</span> <span class='ocrx_word' id='word_1_489' title='bbox 511 3873 901 3927; x_wconf 81' lang='grc' dir='ltr'>πεντεκαιδεκά</span> <span class='ocrx_word' id='word_1_490' title='bbox 975 3915 989 3928; x_wconf 93' lang='grc'><strong>.</strong></span> <span class='ocrx_word' id='word_1_491' title='bbox 1067 3913 1082 3928; x_wconf 94' lang='grc'><strong>.</strong></span> <span class='ocrx_word' id='word_1_492' title='bbox 1161 3914 1176 3929; x_wconf 95' lang='grc'><strong>.</strong></span> <span class='ocrx_word' id='word_1_493' title='bbox 1252 3911 1267 3926; x_wconf 91' lang='grc'><strong>.</strong></span> <span class='ocrx_word' id='word_1_494' title='bbox 1351 3913 1364 3926; x_wconf 93' lang='grc'><strong>.</strong></span> <span class='ocrx_word' id='word_1_495' title='bbox 1438 3913 1454 3928; x_wconf 95' lang='grc'><strong>.</strong></span> <span class='ocrx_word' id='word_1_496' title='bbox 1534 3911 1550 3927; x_wconf 95' lang='grc'><strong>.</strong></span> <span class='ocrx_word' id='word_1_497' title='bbox 1629 3912 1643 3926; x_wconf 94' lang='grc'><strong>.</strong></span> <span class='ocrx_word' id='word_1_498' title='bbox 1677 3873 1775 3945; x_wconf 84' lang='grc' dir='ltr'>τὴν</span> <span class='ocrx_word' id='word_1_499' title='bbox 1829 3874 1929 3943; x_wconf 83' lang='grc' dir='ltr'>τῆς</span> 
     </span>
    </p>
   </div>
   <div class='ocr_carea' id='block_1_58' title="bbox 358 3964 1925 4037">
    <p class='ocr_par' dir='ltr' id='par_1_58' title="bbox 358 3964 1925 4037">
     <span class='ocr_line' id='line_1_58' title="bbox 358 3964 1925 4037; baseline 0.001 -21"><span class='ocrx_word' id='word_1_500' title='bbox 358 3966 436 4028; x_wconf 88' lang='grc' dir='ltr'><strong>εἰς</strong></span> <span class='ocrx_word' id='word_1_501' title='bbox 468 3965 1002 4037; x_wconf 82' lang='grc' dir='ltr'>Κυριακὴνὴμέραν</span> <span class='ocrx_word' id='word_1_502' title='bbox 1039 3964 1178 4036; x_wconf 79' lang='grc' dir='ltr'>ψηφί</span> <span class='ocrx_word' id='word_1_503' title='bbox 1254 4003 1268 4019; x_wconf 94' lang='grc'><strong>.</strong></span> <span class='ocrx_word' id='word_1_504' title='bbox 1347 4005 1362 4018; x_wconf 93' lang='grc'><strong>.</strong></span> <span class='ocrx_word' id='word_1_505' title='bbox 1441 4005 1456 4020; x_wconf 91' lang='grc'><strong>.</strong></span> <span class='ocrx_word' id='word_1_506' title='bbox 1537 4007 1551 4020; x_wconf 95' lang='grc'><strong>.</strong></span> <span class='ocrx_word' id='word_1_507' title='bbox 1630 4004 1646 4019; x_wconf 94' lang='grc'><strong>.</strong></span> <span class='ocrx_word' id='word_1_508' title='bbox 1723 4006 1737 4018; x_wconf 93' lang='grc'><strong>.</strong></span> <span class='ocrx_word' id='word_1_509' title='bbox 1819 4005 1834 4018; x_wconf 92' lang='grc'><strong>.</strong></span> <span class='ocrx_word' id='word_1_510' title='bbox 1911 4004 1925 4019; x_wconf 95' lang='grc'><strong>.</strong></span> 
     </span>
    </p>
   </div>
   <div class='ocr_carea' id='block_1_59' title="bbox 358 4053 1926 4126">
    <p class='ocr_par' dir='ltr' id='par_1_59' title="bbox 358 4053 1926 4126">
     <span class='ocr_line' id='line_1_59' title="bbox 358 4053 1926 4126; baseline 0.002 -18"><span class='ocrx_word' id='word_1_511' title='bbox 358 4053 541 4118; x_wconf 78' lang='grc' dir='ltr'>ζοντες</span> <span class='ocrx_word' id='word_1_512' title='bbox 570 4055 662 4108; x_wconf 82' lang='grc' dir='ltr'>τοῦ</span> <span class='ocrx_word' id='word_1_513' title='bbox 697 4057 921 4126; x_wconf 83' lang='grc' dir='ltr'>νομικοῦ</span> <span class='ocrx_word' id='word_1_514' title='bbox 952 4057 1161 4126; x_wconf 88' lang='grc' dir='ltr'>Πάσχα.</span> <span class='ocrx_word' id='word_1_515' title='bbox 1204 4056 1292 4119; x_wconf 77' lang='grc' dir='ltr'>Ὠς</span> <span class='ocrx_word' id='word_1_516' title='bbox 1316 4055 1382 4110; x_wconf 85' lang='grc' dir='ltr'>ἂν</span> <span class='ocrx_word' id='word_1_517' title='bbox 1420 4056 1599 4111; x_wconf 78' lang='grc' dir='ltr'>τοίνυν</span> <span class='ocrx_word' id='word_1_518' title='bbox 1631 4096 1645 4110; x_wconf 91' lang='grc'><strong>.</strong></span> <span class='ocrx_word' id='word_1_519' title='bbox 1725 4059 1739 4109; x_wconf 62' lang='grc' dir='ltr'>ζ</span> <span class='ocrx_word' id='word_1_520' title='bbox 1819 4099 1831 4111; x_wconf 95' lang='grc'><strong>.</strong></span> <span class='ocrx_word' id='word_1_521' title='bbox 1912 4099 1926 4111; x_wconf 94' lang='grc'><strong>.</strong></span> 
     </span>
    </p>
   </div>
   <div class='ocr_carea' id='block_1_60' title="bbox 355 4145 1926 4217">
    <p class='ocr_par' dir='ltr' id='par_1_60' title="bbox 355 4145 1926 4217">
     <span class='ocr_line' id='line_1_60' title="bbox 355 4145 1926 4217; baseline 0.001 -19"><span class='ocrx_word' id='word_1_522' title='bbox 355 4145 489 4214; x_wconf 78' lang='grc' dir='ltr'>δῆλα</span> <span class='ocrx_word' id='word_1_523' title='bbox 519 4146 807 4200; x_wconf 74' lang='grc' dir='ltr'>καὶταῦτα</span> <span class='ocrx_word' id='word_1_524' title='bbox 837 4150 949 4210; x_wconf 87' lang='grc' dir='ltr'>τοῖς</span> <span class='ocrx_word' id='word_1_525' title='bbox 983 4147 1368 4217; x_wconf 85' lang='grc' dir='ltr'>ἐντυγχάνουσι</span> <span class='ocrx_word' id='word_1_526' title='bbox 1440 4187 1454 4201; x_wconf 93' lang='grc'><strong>.</strong></span> <span class='ocrx_word' id='word_1_527' title='bbox 1536 4184 1549 4199; x_wconf 90' lang='lat'><strong>.</strong></span> <span class='ocrx_word' id='word_1_528' title='bbox 1627 4189 1641 4202; x_wconf 96' lang='lat'><strong>.</strong></span> <span class='ocrx_word' id='word_1_529' title='bbox 1725 4191 1737 4202; x_wconf 95' lang='lat'><strong>.</strong></span> <span class='ocrx_word' id='word_1_530' title='bbox 1815 4189 1827 4202; x_wconf 94' lang='lat'><strong>.</strong></span> <span class='ocrx_word' id='word_1_531' title='bbox 1913 4188 1926 4200; x_wconf 96' lang='lat'><strong>.</strong></span> 
     </span>
    </p>
   </div>
   <div class='ocr_carea' id='block_1_61' title="bbox 363 4235 1931 4313">
    <p class='ocr_par' dir='ltr' id='par_1_61' title="bbox 363 4235 1931 4313">
     <span class='ocr_line' id='line_1_61' title="bbox 363 4235 1931 4313; baseline 0.003 -23"><span class='ocrx_word' id='word_1_532' title='bbox 363 4237 499 4311; x_wconf 77' lang='grc' dir='ltr'>μόνῃ</span> <span class='ocrx_word' id='word_1_533' title='bbox 528 4242 728 4309; x_wconf 81' lang='grc' dir='ltr'>στιγμῇ</span> <span class='ocrx_word' id='word_1_534' title='bbox 761 4239 1221 4310; x_wconf 87' lang='grc' dir='ltr'>διεσημηνάμεθα.</span> <span class='ocrx_word' id='word_1_535' title='bbox 1257 4240 1408 4292; x_wconf 77' lang='grc' dir='ltr'>Εἰσὶν</span> <span class='ocrx_word' id='word_1_536' title='bbox 1445 4235 1538 4294; x_wconf 79' lang='grc' dir='ltr'><strong>οὖν</strong></span> <span class='ocrx_word' id='word_1_537' title='bbox 1563 4240 1632 4293; x_wconf 76' lang='grc' dir='ltr'>τὰ</span> <span class='ocrx_word' id='word_1_538' title='bbox 1663 4241 1931 4313; x_wconf 85' lang='grc' dir='ltr'>μηδεμίαν</span> 
     </span>
    </p>
   </div>
   <div class='ocr_carea' id='block_1_62' title="bbox 361 4332 1928 4402">
    <p class='ocr_par' dir='ltr' id='par_1_62' title="bbox 361 4332 1928 4402">
     <span class='ocr_line' id='line_1_62' title="bbox 361 4332 1928 4402; baseline 0.004 -18"><span class='ocrx_word' id='word_1_539' title='bbox 361 4332 1928 4402; x_wconf 79' lang='grc' dir='ltr'>στιγμὴν...............</span> 
     </span>
    </p>
   </div>
   <div class='ocr_carea' id='block_1_63' title="bbox 359 4421 1931 4499">
    <p class='ocr_par' dir='ltr' id='par_1_63' title="bbox 359 4421 1931 4499">
     <span class='ocr_line' id='line_1_63' title="bbox 359 4421 1931 4499; baseline 0.004 -25"><span class='ocrx_word' id='word_1_540' title='bbox 359 4422 502 4475; x_wconf 82' lang='grc' dir='ltr'><strong>κατά</strong></span> <span class='ocrx_word' id='word_1_541' title='bbox 539 4421 634 4492; x_wconf 78' lang='grc' dir='ltr'><strong>τὴν</strong></span> <span class='ocrx_word' id='word_1_542' title='bbox 658 4423 860 4476; x_wconf 79' lang='grc' dir='ltr'>οἰκείαν</span> <span class='ocrx_word' id='word_1_543' title='bbox 889 4422 1142 4492; x_wconf 82' lang='grc' dir='ltr'>ἐξάγουσι</span> <span class='ocrx_word' id='word_1_544' title='bbox 1169 4424 1347 4494; x_wconf 74' lang='grc' dir='ltr'>ψῆφον</span> <span class='ocrx_word' id='word_1_545' title='bbox 1380 4426 1440 4480; x_wconf 85' lang='grc' dir='ltr'><strong>τὸ</strong></span> <span class='ocrx_word' id='word_1_546' title='bbox 1458 4428 1650 4497; x_wconf 87' lang='grc' dir='ltr'>Πάσχα</span> <span class='ocrx_word' id='word_1_547' title='bbox 1668 4443 1681 4456; x_wconf 86' lang='grc'><strong>·</strong></span> <span class='ocrx_word' id='word_1_548' title='bbox 1706 4427 1931 4499; x_wconf 85' lang='grc' dir='ltr'>πρώτην</span> 
     </span>
    </p>
   </div>
   <div class='ocr_carea' id='block_1_64' title="bbox 2020 1954 3604 2025">
    <p class='ocr_par' dir='ltr' id='par_1_64' title="bbox 2020 1954 3604 2025">
     <span class='ocr_line' id='line_1_64' title="bbox 2020 1954 3604 2025; baseline 0.004 -15"><span class='ocrx_word' id='word_1_549' title='bbox 2020 1955 2314 2025; x_wconf 88' lang='lat' dir='ltr'><strong>pertinent,</strong></span> <span class='ocrx_word' id='word_1_550' title='bbox 2371 1955 2571 2025; x_wconf 89' lang='lat' dir='ltr'><strong>quibus</strong></span> <span class='ocrx_word' id='word_1_551' title='bbox 2627 1954 2686 2009; x_wconf 87' lang='lat' dir='ltr'><strong>in</strong></span> <span class='ocrx_word' id='word_1_552' title='bbox 2742 1971 2857 2010; x_wconf 79' lang='lat' dir='ltr'><strong>xxn</strong></span> <span class='ocrx_word' id='word_1_553' title='bbox 2921 1964 3015 2010; x_wconf 91' lang='lat' dir='ltr'><strong>aut</strong></span> <span class='ocrx_word' id='word_1_554' title='bbox 3067 1972 3204 2012; x_wconf 81' lang='lat' dir='ltr'><strong>xxm</strong></span> <span class='ocrx_word' id='word_1_555' title='bbox 3256 1958 3397 2014; x_wconf 70' lang='lat' dir='ltr'><strong>lunae</strong></span> <span class='ocrx_word' id='word_1_556' title='bbox 3460 1961 3604 2017; x_wconf 90' lang='lat' dir='ltr'><strong>diem</strong></span> 
     </span>
    </p>
   </div>
   <div class='ocr_carea' id='block_1_65' title="bbox 2019 2045 3606 2117">
    <p class='ocr_par' dir='ltr' id='par_1_65' title="bbox 2019 2045 3606 2117">
     <span class='ocr_line' id='line_1_65' title="bbox 2019 2045 3606 2117; baseline 0.004 -16"><span class='ocrx_word' id='word_1_557' title='bbox 2019 2045 2229 2102; x_wconf 91' lang='lat' dir='ltr'><strong>Pascha</strong></span> <span class='ocrx_word' id='word_1_558' title='bbox 2273 2046 2380 2101; x_wconf 90' lang='lat' dir='ltr'><strong>illis</strong></span> <span class='ocrx_word' id='word_1_559' title='bbox 2411 2045 2605 2100; x_wconf 86' lang='lat' dir='ltr'><strong>incidit</strong></span> <span class='ocrx_word' id='word_1_560' title='bbox 2637 2064 2650 2100; x_wconf 91' lang='lat'><strong>:</strong></span> <span class='ocrx_word' id='word_1_561' title='bbox 2685 2053 2800 2101; x_wconf 90' lang='lat' dir='ltr'><strong>tum</strong></span> <span class='ocrx_word' id='word_1_562' title='bbox 2829 2047 2992 2102; x_wconf 87' lang='lat' dir='ltr'><strong>etiam</strong></span> <span class='ocrx_word' id='word_1_563' title='bbox 3030 2049 3230 2117; x_wconf 92' lang='lat' dir='ltr'><strong>quibus</strong></span> <span class='ocrx_word' id='word_1_564' title='bbox 3259 2061 3382 2106; x_wconf 88' lang='lat' dir='ltr'><strong>ante</strong></span> <span class='ocrx_word' id='word_1_565' title='bbox 3416 2050 3606 2106; x_wconf 89' lang='lat' dir='ltr'><strong>Judai-</strong></span> 
     </span>
    </p>
   </div>
   <div class='ocr_carea' id='block_1_66' title="bbox 2020 2137 3605 2215">
    <p class='ocr_par' dir='ltr' id='par_1_66' title="bbox 2020 2137 3605 2215">
     <span class='ocr_line' id='line_1_66' title="bbox 2020 2137 3605 2215; baseline 0.004 -22"><span class='ocrx_word' id='word_1_566' title='bbox 2020 2153 2145 2193; x_wconf 92' lang='lat' dir='ltr'><strong>cum</strong></span> <span class='ocrx_word' id='word_1_567' title='bbox 2190 2137 2424 2202; x_wconf 88' lang='lat' dir='ltr'><strong>Pascha,</strong></span> <span class='ocrx_word' id='word_1_568' title='bbox 2462 2138 2832 2194; x_wconf 87' lang='lat' dir='ltr'><strong>Christianum</strong></span> <span class='ocrx_word' id='word_1_569' title='bbox 2880 2140 2950 2195; x_wconf 90' lang='lat' dir='ltr'><strong>ab</strong></span> <span class='ocrx_word' id='word_1_570' title='bbox 2981 2141 3195 2206; x_wconf 91' lang='lat' dir='ltr'><strong>iisdem,</strong></span> <span class='ocrx_word' id='word_1_571' title='bbox 3220 2151 3410 2198; x_wconf 88' lang='lat' dir='ltr'><strong>contra</strong></span> <span class='ocrx_word' id='word_1_572' title='bbox 3439 2161 3605 2215; x_wconf 89' lang='lat' dir='ltr'><strong>quam</strong></span> 
     </span>
    </p>
   </div>
   <div class='ocr_carea' id='block_1_67' title="bbox 2021 2231 3607 2308">
    <p class='ocr_par' dir='ltr' id='par_1_67' title="bbox 2021 2231 3607 2308">
     <span class='ocr_line' id='line_1_67' title="bbox 2021 2231 3607 2308; baseline 0.004 -23"><span class='ocrx_word' id='word_1_573' title='bbox 2021 2238 2254 2301; x_wconf 88' lang='lat' dir='ltr'><strong>oportet,</strong></span> <span class='ocrx_word' id='word_1_574' title='bbox 2285 2231 2569 2287; x_wconf 87' lang='lat' dir='ltr'><strong>indicitur.</strong></span> <span class='ocrx_word' id='word_1_575' title='bbox 2605 2231 2732 2286; x_wconf 71' lang='lat' dir='ltr'><strong>Haec</strong></span> <span class='ocrx_word' id='word_1_576' title='bbox 2762 2233 2906 2287; x_wconf 89' lang='lat' dir='ltr'><strong>enim</strong></span> <span class='ocrx_word' id='word_1_577' title='bbox 2951 2233 3018 2288; x_wconf 90' lang='lat' dir='ltr'><strong>iis</strong></span> <span class='ocrx_word' id='word_1_578' title='bbox 3053 2234 3213 2289; x_wconf 90' lang='lat' dir='ltr'><strong>annis</strong></span> <span class='ocrx_word' id='word_1_579' title='bbox 3247 2234 3475 2301; x_wconf 80' lang='lat' dir='ltr'><strong>faciunt,</strong></span> <span class='ocrx_word' id='word_1_580' title='bbox 3509 2239 3607 2308; x_wconf 88' lang='lat' dir='ltr'><strong>qui</strong></span> 
     </span>
    </p>
   </div>
   <div class='ocr_carea' id='block_1_68' title="bbox 2021 2322 3603 2395">
    <p class='ocr_par' dir='ltr' id='par_1_68' title="bbox 2021 2322 3603 2395">
     <span class='ocr_line' id='line_1_68' title="bbox 2021 2322 3603 2395; baseline 0.005 -18"><span class='ocrx_word' id='word_1_581' title='bbox 2021 2322 2235 2378; x_wconf 85' lang='lat' dir='ltr'><strong>duobus</strong></span> <span class='ocrx_word' id='word_1_582' title='bbox 2288 2325 2510 2395; x_wconf 90' lang='lat' dir='ltr'><strong>punctis</strong></span> <span class='ocrx_word' id='word_1_583' title='bbox 2565 2324 2774 2395; x_wconf 73' lang='lat' dir='ltr'><strong>praediti</strong></span> <span class='ocrx_word' id='word_1_584' title='bbox 2831 2333 2993 2393; x_wconf 82' lang='lat' dir='ltr'><strong>sunt;</strong></span> <span class='ocrx_word' id='word_1_585' title='bbox 3047 2333 3107 2380; x_wconf 93' lang='lat' dir='ltr'><strong>ut</strong></span> <span class='ocrx_word' id='word_1_586' title='bbox 3159 2325 3438 2383; x_wconf 88' lang='lat' dir='ltr'><strong>Dominica</strong></span> <span class='ocrx_word' id='word_1_587' title='bbox 3491 2330 3603 2394; x_wconf 82' lang='lat' dir='ltr'><strong>die,</strong></span> 
     </span>
    </p>
   </div>
   <div class='ocr_carea' id='block_1_69' title="bbox 2021 2415 3617 2487">
    <p class='ocr_par' dir='ltr' id='par_1_69' title="bbox 2021 2415 3617 2487">
     <span class='ocr_line' id='line_1_69' title="bbox 2021 2415 3617 2487; baseline 0.003 -19"><span class='ocrx_word' id='word_1_588' title='bbox 2021 2429 2185 2483; x_wconf 89' lang='lat' dir='ltr'><strong>quam</strong></span> <span class='ocrx_word' id='word_1_589' title='bbox 2217 2429 2320 2470; x_wconf 87' lang='lat' dir='ltr'><strong>nos</strong></span> <span class='ocrx_word' id='word_1_590' title='bbox 2349 2429 2450 2469; x_wconf 85' lang='lat' dir='ltr'><strong>xm</strong></span> <span class='ocrx_word' id='word_1_591' title='bbox 2480 2415 2664 2469; x_wconf 87' lang='lat' dir='ltr'><strong>lunam</strong></span> <span class='ocrx_word' id='word_1_592' title='bbox 2697 2424 2975 2486; x_wconf 89' lang='lat' dir='ltr'><strong>putamus,</strong></span> <span class='ocrx_word' id='word_1_593' title='bbox 3002 2432 3121 2472; x_wconf 88' lang='lat' dir='ltr'><strong>eam</strong></span> <span class='ocrx_word' id='word_1_594' title='bbox 3166 2416 3272 2487; x_wconf 90' lang='lat' dir='ltr'><strong>ipsi</strong></span> <span class='ocrx_word' id='word_1_595' title='bbox 3314 2435 3384 2472; x_wconf 81' lang='lat' dir='ltr'><strong>xv</strong></span> <span class='ocrx_word' id='word_1_596' title='bbox 3414 2435 3617 2480; x_wconf 48' lang='lat' dir='ltr'><strong>numes</strong></span> 
     </span>
    </p>
   </div>
   <div class='ocr_carea' id='block_1_70' title="bbox 2021 2506 3606 2578">
    <p class='ocr_par' dir='ltr' id='par_1_70' title="bbox 2021 2506 3606 2578">
     <span class='ocr_line' id='line_1_70' title="bbox 2021 2506 3606 2578; baseline 0.004 -17"><span class='ocrx_word' id='word_1_597' title='bbox 2021 2514 2163 2563; x_wconf 90' lang='lat' dir='ltr'><strong>rent.</strong></span> <span class='ocrx_word' id='word_1_598' title='bbox 2195 2506 2333 2562; x_wconf 89' lang='lat' dir='ltr'><strong>Tum</strong></span> <span class='ocrx_word' id='word_1_599' title='bbox 2363 2507 2531 2572; x_wconf 90' lang='lat' dir='ltr'><strong>enim,</strong></span> <span class='ocrx_word' id='word_1_600' title='bbox 2565 2516 2832 2578; x_wconf 89' lang='lat' dir='ltr'><strong>quantum</strong></span> <span class='ocrx_word' id='word_1_601' title='bbox 2878 2510 2943 2564; x_wconf 90' lang='lat' dir='ltr'><strong>ad</strong></span> <span class='ocrx_word' id='word_1_602' title='bbox 2977 2526 3048 2564; x_wconf 73' lang='lat' dir='ltr'><strong>xv</strong></span> <span class='ocrx_word' id='word_1_603' title='bbox 3081 2511 3296 2577; x_wconf 88' lang='lat' dir='ltr'><strong>attinet,</strong></span> <span class='ocrx_word' id='word_1_604' title='bbox 3329 2513 3606 2568; x_wconf 89' lang='lat' dir='ltr'><strong>celebrare</strong></span> 
     </span>
    </p>
   </div>
   <div class='ocr_carea' id='block_1_71' title="bbox 2022 2593 3608 2669">
    <p class='ocr_par' dir='ltr' id='par_1_71' title="bbox 2022 2593 3608 2669">
     <span class='ocr_line' id='line_1_71' title="bbox 2022 2593 3608 2669; baseline 0.004 -21"><span class='ocrx_word' id='word_1_605' title='bbox 2022 2593 2234 2650; x_wconf 87' lang='lat' dir='ltr'><strong>Pascha</strong></span> <span class='ocrx_word' id='word_1_606' title='bbox 2278 2595 2600 2660; x_wconf 87' lang='lat' dir='ltr'><strong>debuerant,</strong></span> <span class='ocrx_word' id='word_1_607' title='bbox 2645 2611 2769 2651; x_wconf 90' lang='lat' dir='ltr'><strong>cum</strong></span> <span class='ocrx_word' id='word_1_608' title='bbox 2804 2597 2908 2652; x_wconf 93' lang='lat' dir='ltr'><strong>hoc</strong></span> <span class='ocrx_word' id='word_1_609' title='bbox 2943 2597 3058 2652; x_wconf 86' lang='lat' dir='ltr'><strong>ﬁeri</strong></span> <span class='ocrx_word' id='word_1_610' title='bbox 3098 2613 3196 2669; x_wconf 88' lang='lat' dir='ltr'><strong>per</strong></span> <span class='ocrx_word' id='word_1_611' title='bbox 3224 2614 3489 2655; x_wconf 87' lang='lat' dir='ltr'><strong>canonem</strong></span> <span class='ocrx_word' id='word_1_612' title='bbox 3538 2601 3608 2655; x_wconf 90' lang='lat' dir='ltr'><strong>li-</strong></span> 
     </span>
    </p>
   </div>
   <div class='ocr_carea' id='block_1_72' title="bbox 2023 2683 3608 2759">
    <p class='ocr_par' dir='ltr' id='par_1_72' title="bbox 2023 2683 3608 2759">
     <span class='ocr_line' id='line_1_72' title="bbox 2023 2683 3608 2759; baseline 0.007 -21"><span class='ocrx_word' id='word_1_613' title='bbox 2023 2692 2164 2739; x_wconf 86' lang='lat' dir='ltr'><strong>ceat.</strong></span> <span class='ocrx_word' id='word_1_614' title='bbox 2213 2683 2496 2751; x_wconf 86' lang='lat' dir='ltr'><strong>Quatenus</strong></span> <span class='ocrx_word' id='word_1_615' title='bbox 2548 2693 2730 2742; x_wconf 89' lang='lat' dir='ltr'><strong>autem</strong></span> <span class='ocrx_word' id='word_1_616' title='bbox 2777 2703 2870 2741; x_wconf 68' lang='lat' dir='ltr'><strong>xxv</strong></span> <span class='ocrx_word' id='word_1_617' title='bbox 2919 2691 3167 2759; x_wconf 89' lang='lat' dir='ltr'><strong>sequenti</strong></span> <span class='ocrx_word' id='word_1_618' title='bbox 3211 2691 3320 2753; x_wconf 89' lang='lat' dir='ltr'><strong>die,</strong></span> <span class='ocrx_word' id='word_1_619' title='bbox 3371 2693 3479 2748; x_wconf 88' lang='lat' dir='ltr'><strong>hoc</strong></span> <span class='ocrx_word' id='word_1_620' title='bbox 3521 2701 3608 2749; x_wconf 91' lang='lat' dir='ltr'><strong>est</strong></span> 
     </span>
    </p>
   </div>
   <div class='ocr_carea' id='block_1_73' title="bbox 2024 2776 3607 2847">
    <p class='ocr_par' dir='ltr' id='par_1_73' title="bbox 2024 2776 3607 2847">
     <span class='ocr_line' id='line_1_73' title="bbox 2024 2776 3607 2847; baseline 0.006 -16"><span class='ocrx_word' id='word_1_621' title='bbox 2024 2776 2160 2833; x_wconf 80' lang='lat' dir='ltr'><strong>feria</strong></span> <span class='ocrx_word' id='word_1_622' title='bbox 2200 2778 2439 2834; x_wconf 87' lang='lat' dir='ltr'><strong>secunda</strong></span> <span class='ocrx_word' id='word_1_623' title='bbox 2470 2778 2847 2844; x_wconf 88' lang='lat' dir='ltr'><strong>hebdomadis,</strong></span> <span class='ocrx_word' id='word_1_624' title='bbox 2879 2781 3128 2847; x_wconf 90' lang='lat' dir='ltr'><strong>incurrit,</strong></span> <span class='ocrx_word' id='word_1_625' title='bbox 3162 2792 3288 2838; x_wconf 91' lang='lat' dir='ltr'><strong>ante</strong></span> <span class='ocrx_word' id='word_1_626' title='bbox 3318 2783 3607 2841; x_wconf 72' lang='lat' dir='ltr'><strong>Iudaicum</strong></span> 
     </span>
    </p>
   </div>
   <div class='ocr_carea' id='block_1_74' title="bbox 2022 2865 3611 2937">
    <p class='ocr_par' dir='ltr' id='par_1_74' title="bbox 2022 2865 3611 2937">
     <span class='ocr_line' id='line_1_74' title="bbox 2022 2865 3611 2937; baseline 0.006 -17"><span class='ocrx_word' id='word_1_627' title='bbox 2022 2865 2231 2922; x_wconf 89' lang='lat' dir='ltr'><strong>Pascha</strong></span> <span class='ocrx_word' id='word_1_628' title='bbox 2262 2868 2629 2922; x_wconf 88' lang='lat' dir='ltr'><strong>Christianum</strong></span> <span class='ocrx_word' id='word_1_629' title='bbox 2669 2869 2791 2924; x_wconf 91' lang='lat' dir='ltr'><strong>illos</strong></span> <span class='ocrx_word' id='word_1_630' title='bbox 2839 2878 3079 2926; x_wconf 86' lang='lat' dir='ltr'><strong>statuere</strong></span> <span class='ocrx_word' id='word_1_631' title='bbox 3102 2915 3116 2937; x_wconf 95' lang='lat'><strong>,</strong></span> <span class='ocrx_word' id='word_1_632' title='bbox 3155 2880 3210 2927; x_wconf 92' lang='lat' dir='ltr'><strong>et</strong></span> <span class='ocrx_word' id='word_1_633' title='bbox 3243 2888 3272 2926; x_wconf 93' lang='lat' dir='ltr'><strong>a</strong></span> <span class='ocrx_word' id='word_1_634' title='bbox 3303 2876 3449 2930; x_wconf 88' lang='lat' dir='ltr'><strong>veris</strong></span> <span class='ocrx_word' id='word_1_635' title='bbox 3495 2877 3611 2930; x_wconf 91' lang='lat' dir='ltr'><strong>cal-</strong></span> 
     </span>
    </p>
   </div>
   <div class='ocr_carea' id='block_1_75' title="bbox 2023 2960 3610 3031">
    <p class='ocr_par' dir='ltr' id='par_1_75' title="bbox 2023 2960 3610 3031">
     <span class='ocr_line' id='line_1_75' title="bbox 2023 2960 3610 3031; baseline 0.005 -17"><span class='ocrx_word' id='word_1_636' title='bbox 2023 2960 2162 3015; x_wconf 89' lang='lat' dir='ltr'><strong>culis</strong></span> <span class='ocrx_word' id='word_1_637' title='bbox 2207 2960 2480 3027; x_wconf 88' lang='lat' dir='ltr'><strong>aberrare,</strong></span> <span class='ocrx_word' id='word_1_638' title='bbox 2540 2960 2680 3015; x_wconf 91' lang='lat' dir='ltr'><strong>ratio</strong></span> <span class='ocrx_word' id='word_1_639' title='bbox 2729 2963 2849 3031; x_wconf 86' lang='lat' dir='ltr'><strong>ipsa</strong></span> <span class='ocrx_word' id='word_1_640' title='bbox 2897 2963 3196 3018; x_wconf 87' lang='lat' dir='ltr'><strong>convincit.</strong></span> <span class='ocrx_word' id='word_1_641' title='bbox 3248 2964 3383 3019; x_wconf 85' lang='lat' dir='ltr'><strong>Nam</strong></span> <span class='ocrx_word' id='word_1_642' title='bbox 3435 2967 3482 3021; x_wconf 89' lang='lat' dir='ltr'><strong>si</strong></span> <span class='ocrx_word' id='word_1_643' title='bbox 3523 2967 3610 3022; x_wconf 85' lang='lat' dir='ltr'><strong>vel</strong></span> 
     </span>
    </p>
   </div>
   <div class='ocr_carea' id='block_1_76' title="bbox 2023 3049 3611 3122">
    <p class='ocr_par' dir='ltr' id='par_1_76' title="bbox 2023 3049 3611 3122">
     <span class='ocr_line' id='line_1_76' title="bbox 2023 3049 3611 3122; baseline 0.006 -17"><span class='ocrx_word' id='word_1_644' title='bbox 2023 3051 2140 3122; x_wconf 89' lang='lat' dir='ltr'><strong>ipse</strong></span> <span class='ocrx_word' id='word_1_645' title='bbox 2188 3049 2472 3107; x_wconf 89' lang='lat' dir='ltr'><strong>Paschatis</strong></span> <span class='ocrx_word' id='word_1_646' title='bbox 2521 3055 2696 3109; x_wconf 90' lang='lat' dir='ltr'><strong>nostri</strong></span> <span class='ocrx_word' id='word_1_647' title='bbox 2747 3070 2872 3109; x_wconf 92' lang='lat' dir='ltr'><strong>cum</strong></span> <span class='ocrx_word' id='word_1_648' title='bbox 2929 3054 3160 3110; x_wconf 84' lang='lat' dir='ltr'><strong>Jud‘aico</strong></span> <span class='ocrx_word' id='word_1_649' title='bbox 3201 3073 3504 3115; x_wconf 86' lang='lat' dir='ltr'><strong>concursus</strong></span> <span class='ocrx_word' id='word_1_650' title='bbox 3552 3061 3611 3115; x_wconf 89' lang='lat' dir='ltr'><strong>in</strong></span> 
     </span>
    </p>
   </div>
   <div class='ocr_carea' id='block_1_77' title="bbox 2025 3142 3613 3214">
    <p class='ocr_par' dir='ltr' id='par_1_77' title="bbox 2025 3142 3613 3214">
     <span class='ocr_line' id='line_1_77' title="bbox 2025 3142 3613 3214; baseline 0.005 -18"><span class='ocrx_word' id='word_1_651' title='bbox 2025 3142 2185 3212; x_wconf 88' lang='lat' dir='ltr'><strong>culpa</strong></span> <span class='ocrx_word' id='word_1_652' title='bbox 2236 3150 2354 3207; x_wconf 89' lang='lat' dir='ltr'><strong>est,</strong></span> <span class='ocrx_word' id='word_1_653' title='bbox 2404 3143 2536 3214; x_wconf 83' lang='lat' dir='ltr'><strong>quid</strong></span> <span class='ocrx_word' id='word_1_654' title='bbox 2587 3145 2880 3200; x_wconf 90' lang='lat' dir='ltr'><strong>dicendum</strong></span> <span class='ocrx_word' id='word_1_655' title='bbox 2923 3155 3026 3210; x_wconf 87' lang='lat' dir='ltr'><strong>est,</strong></span> <span class='ocrx_word' id='word_1_656' title='bbox 3072 3149 3118 3202; x_wconf 91' lang='lat' dir='ltr'><strong>si</strong></span> <span class='ocrx_word' id='word_1_657' title='bbox 3169 3149 3273 3203; x_wconf 93' lang='lat' dir='ltr'><strong>hoc</strong></span> <span class='ocrx_word' id='word_1_658' title='bbox 3321 3151 3486 3204; x_wconf 89' lang='lat' dir='ltr'><strong>etiam</strong></span> <span class='ocrx_word' id='word_1_659' title='bbox 3540 3153 3613 3206; x_wconf 86' lang='lat' dir='ltr'><strong>sit</strong></span> 
     </span>
    </p>
   </div>
   <div class='ocr_carea' id='block_1_78' title="bbox 2028 3232 3612 3307">
    <p class='ocr_par' dir='ltr' id='par_1_78' title="bbox 2028 3232 3612 3307">
     <span class='ocr_line' id='line_1_78' title="bbox 2028 3232 3612 3307; baseline 0.008 -22"><span class='ocrx_word' id='word_1_660' title='bbox 2028 3232 2160 3287; x_wconf 87' lang='lat' dir='ltr'><strong>illud</strong></span> <span class='ocrx_word' id='word_1_661' title='bbox 2193 3236 2474 3290; x_wconf 85' lang='lat' dir='ltr'><strong>anterius?</strong></span> <span class='ocrx_word' id='word_1_662' title='bbox 2501 3235 2781 3307; x_wconf 84' lang='lat' dir='ltr'><strong>Contingit</strong></span> <span class='ocrx_word' id='word_1_663' title='bbox 2813 3244 2994 3292; x_wconf 89' lang='lat' dir='ltr'><strong>autem</strong></span> <span class='ocrx_word' id='word_1_664' title='bbox 3027 3255 3220 3296; x_wconf 90' lang='lat' dir='ltr'><strong>rursus</strong></span> <span class='ocrx_word' id='word_1_665' title='bbox 3263 3241 3385 3297; x_wconf 87' lang='lat' dir='ltr'><strong>illos</strong></span> <span class='ocrx_word' id='word_1_666' title='bbox 3415 3243 3612 3298; x_wconf 88' lang='lat' dir='ltr'><strong>eodem</strong></span> 
     </span>
    </p>
   </div>
   <div class='ocr_carea' id='block_1_79' title="bbox 2027 3325 3609 3402">
    <p class='ocr_par' dir='ltr' id='par_1_79' title="bbox 2027 3325 3609 3402">
     <span class='ocr_line' id='line_1_79' title="bbox 2027 3325 3609 3402; baseline 0.007 -22"><span class='ocrx_word' id='word_1_667' title='bbox 2027 3325 2303 3380; x_wconf 90' lang='lat' dir='ltr'><strong>celebrare</strong></span> <span class='ocrx_word' id='word_1_668' title='bbox 2343 3326 2524 3391; x_wconf 89' lang='lat' dir='ltr'><strong>modo,</strong></span> <span class='ocrx_word' id='word_1_669' title='bbox 2571 3328 2657 3383; x_wconf 90' lang='lat' dir='ltr'><strong>his</strong></span> <span class='ocrx_word' id='word_1_670' title='bbox 2689 3327 2943 3402; x_wconf 16' lang='lat' dir='ltr'><strong>annisp.</strong></span> <span class='ocrx_word' id='word_1_671' title='bbox 3024 3373 3039 3386; x_wconf 96' lang='lat'><strong>.</strong></span> <span class='ocrx_word' id='word_1_672' title='bbox 3119 3374 3132 3386; x_wconf 95' lang='lat'><strong>.</strong></span> <span class='ocrx_word' id='word_1_673' title='bbox 3213 3375 3225 3387; x_wconf 95' lang='lat'><strong>.</strong></span> <span class='ocrx_word' id='word_1_674' title='bbox 3308 3375 3320 3388; x_wconf 91' lang='lat'><strong>.</strong></span> <span class='ocrx_word' id='word_1_675' title='bbox 3402 3374 3417 3388; x_wconf 96' lang='lat'><strong>.</strong></span> <span class='ocrx_word' id='word_1_676' title='bbox 3495 3375 3510 3390; x_wconf 95' lang='lat'><strong>.</strong></span> <span class='ocrx_word' id='word_1_677' title='bbox 3594 3376 3609 3391; x_wconf 95' lang='lat'><strong>.</strong></span> 
     </span>
    </p>
   </div>
   <div class='ocr_carea' id='block_1_80' title="bbox 2026 3412 3613 3498">
    <p class='ocr_par' dir='ltr' id='par_1_80' title="bbox 2026 3412 3613 3498">
     <span class='ocr_line' id='line_1_80' title="bbox 2026 3412 3613 3498; baseline 0.009 -30"><span class='ocrx_word' id='word_1_678' title='bbox 2026 3412 2084 3469; x_wconf 85' lang='lat' dir='ltr'><strong>In</strong></span> <span class='ocrx_word' id='word_1_679' title='bbox 2132 3417 2219 3471; x_wconf 90' lang='lat' dir='ltr'><strong>his</strong></span> <span class='ocrx_word' id='word_1_680' title='bbox 2269 3418 2417 3471; x_wconf 91' lang='lat' dir='ltr'><strong>enim</strong></span> <span class='ocrx_word' id='word_1_681' title='bbox 2464 3417 2730 3474; x_wconf 86' lang='lat' dir='ltr'><strong>decimam</strong></span> <span class='ocrx_word' id='word_1_682' title='bbox 2793 3422 3042 3492; x_wconf 82' lang='lat' dir='ltr'><strong>quintam</strong></span> <span class='ocrx_word' id='word_1_683' title='bbox 3119 3465 3134 3480; x_wconf 92' lang='lat'><strong>.</strong></span> <span class='ocrx_word' id='word_1_684' title='bbox 3214 3467 3227 3480; x_wconf 97' lang='lat'><strong>.</strong></span> <span class='ocrx_word' id='word_1_685' title='bbox 3311 3467 3324 3480; x_wconf 95' lang='lat'><strong>.</strong></span> <span class='ocrx_word' id='word_1_686' title='bbox 3401 3465 3417 3480; x_wconf 92' lang='lat'><strong>.</strong></span> <span class='ocrx_word' id='word_1_687' title='bbox 3490 3443 3613 3498; x_wconf 69' lang='lat' dir='ltr'><strong>quae</strong></span> 
     </span>
    </p>
   </div>
   <div class='ocr_carea' id='block_1_81' title="bbox 2028 3504 3614 3586">
    <p class='ocr_par' dir='ltr' id='par_1_81' title="bbox 2028 3504 3614 3586">
     <span class='ocr_line' id='line_1_81' title="bbox 2028 3504 3614 3586; baseline 0.009 -28"><span class='ocrx_word' id='word_1_688' title='bbox 2028 3504 2083 3559; x_wconf 90' lang='lat' dir='ltr'><strong>in</strong></span> <span class='ocrx_word' id='word_1_689' title='bbox 2131 3504 2417 3560; x_wconf 91' lang='lat' dir='ltr'><strong>Dominica</strong></span> <span class='ocrx_word' id='word_1_690' title='bbox 2461 3507 2548 3562; x_wconf 89' lang='lat' dir='ltr'><strong>die</strong></span> <span class='ocrx_word' id='word_1_691' title='bbox 2595 3518 2947 3580; x_wconf 88' lang='lat' dir='ltr'><strong>computatur</strong></span> <span class='ocrx_word' id='word_1_692' title='bbox 3021 3551 3037 3568; x_wconf 91' lang='lat'><strong>.</strong></span> <span class='ocrx_word' id='word_1_693' title='bbox 3115 3552 3131 3568; x_wconf 96' lang='lat'><strong>.</strong></span> <span class='ocrx_word' id='word_1_694' title='bbox 3210 3553 3229 3570; x_wconf 93' lang='lat'><strong>.</strong></span> <span class='ocrx_word' id='word_1_695' title='bbox 3307 3555 3322 3570; x_wconf 94' lang='lat'><strong>.</strong></span> <span class='ocrx_word' id='word_1_696' title='bbox 3403 3517 3614 3586; x_wconf 72' lang='lat' dir='ltr'><strong>.legalis</strong></span> 
     </span>
    </p>
   </div>
   <div class='ocr_carea' id='block_1_82' title="bbox 2027 3591 3615 3667">
    <p class='ocr_par' dir='ltr' id='par_1_82' title="bbox 2027 3591 3615 3667">
     <span class='ocr_line' id='line_1_82' title="bbox 2027 3591 3615 3667; baseline 0.01 -22"><span class='ocrx_word' id='word_1_697' title='bbox 2027 3591 2338 3650; x_wconf 90' lang='lat' dir='ltr'><strong>Paschatis.</strong></span> <span class='ocrx_word' id='word_1_698' title='bbox 2401 3592 2473 3649; x_wconf 90' lang='lat' dir='ltr'><strong>Ut</strong></span> <span class='ocrx_word' id='word_1_699' title='bbox 2529 3596 2696 3667; x_wconf 87' lang='lat' dir='ltr'><strong>igitur</strong></span> <span class='ocrx_word' id='word_1_700' title='bbox 2774 3639 2788 3653; x_wconf 95' lang='lat'><strong>.</strong></span> <span class='ocrx_word' id='word_1_701' title='bbox 2869 3639 2882 3653; x_wconf 93' lang='lat'><strong>.</strong></span> <span class='ocrx_word' id='word_1_702' title='bbox 2964 3640 2979 3655; x_wconf 96' lang='lat'><strong>.</strong></span> <span class='ocrx_word' id='word_1_703' title='bbox 3059 3641 3076 3657; x_wconf 94' lang='lat'><strong>.</strong></span> <span class='ocrx_word' id='word_1_704' title='bbox 3152 3601 3440 3660; x_wconf 80' lang='lat' dir='ltr'><strong>manifesta</strong></span> <span class='ocrx_word' id='word_1_705' title='bbox 3498 3606 3615 3661; x_wconf 69' lang='lat' dir='ltr'><strong>haec</strong></span> 
     </span>
    </p>
   </div>
   <div class='ocr_carea' id='block_1_83' title="bbox 2028 3685 3610 3765">
    <p class='ocr_par' dir='ltr' id='par_1_83' title="bbox 2028 3685 3610 3765">
     <span class='ocr_line' id='line_1_83' title="bbox 2028 3685 3610 3765; baseline 0.008 -26"><span class='ocrx_word' id='word_1_706' title='bbox 2028 3685 2405 3742; x_wconf 83' lang='lat' dir='ltr'><strong>lectoribus‘.</strong></span> <span class='ocrx_word' id='word_1_707' title='bbox 2485 3730 2500 3744; x_wconf 96' lang='lat'><strong>.</strong></span> <span class='ocrx_word' id='word_1_708' title='bbox 2581 3730 2595 3744; x_wconf 91' lang='lat'><strong>.</strong></span> <span class='ocrx_word' id='word_1_709' title='bbox 2676 3731 2690 3744; x_wconf 93' lang='lat'><strong>.</strong></span> <span class='ocrx_word' id='word_1_710' title='bbox 2757 3693 3020 3764; x_wconf 88' lang='lat' dir='ltr'><strong>singulari</strong></span> <span class='ocrx_word' id='word_1_711' title='bbox 3050 3704 3254 3765; x_wconf 88' lang='lat' dir='ltr'><strong>puncto</strong></span> <span class='ocrx_word' id='word_1_712' title='bbox 3282 3697 3610 3754; x_wconf 87' lang='lat' dir='ltr'><strong>notavimus.</strong></span> 
     </span>
    </p>
   </div>
   <div class='ocr_carea' id='block_1_84' title="bbox 2031 3775 3612 3853">
    <p class='ocr_par' dir='ltr' id='par_1_84' title="bbox 2031 3775 3612 3853">
     <span class='ocr_line' id='line_1_84' title="bbox 2031 3775 3612 3853; baseline 0.011 -24"><span class='ocrx_word' id='word_1_713' title='bbox 2031 3775 2170 3830; x_wconf 89' lang='lat' dir='ltr'><strong>Sunt</strong></span> <span class='ocrx_word' id='word_1_714' title='bbox 2200 3778 2366 3848; x_wconf 79' lang='lat' dir='ltr'><strong>igitur</strong></span> <span class='ocrx_word' id='word_1_715' title='bbox 2395 3795 2515 3851; x_wconf 69' lang='lat' dir='ltr'><strong>quae</strong></span> <span class='ocrx_word' id='word_1_716' title='bbox 2544 3791 2749 3853; x_wconf 89' lang='lat' dir='ltr'><strong>puncto</strong></span> <span class='ocrx_word' id='word_1_717' title='bbox 2781 3785 2928 3840; x_wconf 91' lang='lat' dir='ltr'><strong>omni</strong></span> <span class='ocrx_word' id='word_1_718' title='bbox 2960 3797 3150 3842; x_wconf 89' lang='lat' dir='ltr'><strong>carent</strong></span> <span class='ocrx_word' id='word_1_719' title='bbox 3216 3831 3228 3842; x_wconf 93' lang='lat'><strong>.</strong></span> <span class='ocrx_word' id='word_1_720' title='bbox 3309 3830 3323 3843; x_wconf 95' lang='lat'><strong>.</strong></span> <span class='ocrx_word' id='word_1_721' title='bbox 3403 3831 3418 3845; x_wconf 96' lang='lat'><strong>.</strong></span> <span class='ocrx_word' id='word_1_722' title='bbox 3499 3830 3515 3844; x_wconf 93' lang='lat'><strong>.</strong></span> <span class='ocrx_word' id='word_1_723' title='bbox 3594 3832 3612 3846; x_wconf 94' lang='lat'><strong>.</strong></span> 
     </span>
    </p>
   </div>
   <div class='ocr_carea' id='block_1_85' title="bbox 2029 3956 3612 4044">
    <p class='ocr_par' dir='ltr' id='par_1_85' title="bbox 2029 3956 3612 4044">
     <span class='ocr_line' id='line_1_85' title="bbox 2029 3956 3612 4044; baseline 0.01 -32"><span class='ocrx_word' id='word_1_724' title='bbox 2029 3956 2241 4013; x_wconf 86' lang='lat' dir='ltr'><strong>Pascha</strong></span> <span class='ocrx_word' id='word_1_725' title='bbox 2291 3963 2358 4016; x_wconf 91' lang='lat' dir='ltr'><strong>ad</strong></span> <span class='ocrx_word' id='word_1_726' title='bbox 2409 3978 2537 4019; x_wconf 89' lang='lat' dir='ltr'><strong>suas</strong></span> <span class='ocrx_word' id='word_1_727' title='bbox 2579 3966 2824 4023; x_wconf 88' lang='lat' dir='ltr'><strong>rationes</strong></span> <span class='ocrx_word' id='word_1_728' title='bbox 2873 3971 3320 4039; x_wconf 89' lang='lat' dir='ltr'><strong>accommodant;</strong></span> <span class='ocrx_word' id='word_1_729' title='bbox 3354 3989 3474 4044; x_wconf 66' lang='lat' dir='ltr'><strong>qum</strong></span> <span class='ocrx_word' id='word_1_730' title='bbox 3517 3990 3612 4028; x_wconf 72' lang='lat' dir='ltr'><strong>xx:</strong></span> 
     </span>
    </p>
   </div>
   <div class='ocr_carea' id='block_1_86' title="bbox 2030 4052 3615 4134">
    <p class='ocr_par' dir='ltr' id='par_1_86' title="bbox 2030 4052 3615 4134">
     <span class='ocr_line' id='line_1_86' title="bbox 2030 4052 3615 4134; baseline 0.009 -30"><span class='ocrx_word' id='word_1_731' title='bbox 2030 4052 2401 4108; x_wconf 88' lang='lat' dir='ltr'><strong>ecclesiastica</strong></span> <span class='ocrx_word' id='word_1_732' title='bbox 2461 4057 2721 4112; x_wconf 90' lang='lat' dir='ltr'><strong>methodo</strong></span> <span class='ocrx_word' id='word_1_733' title='bbox 2769 4069 3136 4129; x_wconf 84' lang='lat' dir='ltr'><strong>computatur.</strong></span> <span class='ocrx_word' id='word_1_734' title='bbox 3183 4063 3254 4116; x_wconf 83' lang='lat' dir='ltr'><strong>At</strong></span> <span class='ocrx_word' id='word_1_735' title='bbox 3302 4065 3394 4134; x_wconf 89' lang='lat' dir='ltr'><strong>qui</strong></span> <span class='ocrx_word' id='word_1_736' title='bbox 3453 4066 3615 4119; x_wconf 92' lang='lat' dir='ltr'><strong>unico</strong></span> 
     </span>
    </p>
   </div>
   <div class='ocr_carea' id='block_1_87' title="bbox 2032 4147 3615 4226">
    <p class='ocr_par' dir='ltr' id='par_1_87' title="bbox 2032 4147 3615 4226">
     <span class='ocr_line' id='line_1_87' title="bbox 2032 4147 3615 4226; baseline 0.01 -31"><span class='ocrx_word' id='word_1_737' title='bbox 2032 4152 2234 4212; x_wconf 93' lang='lat' dir='ltr'><strong>puncto</strong></span> <span class='ocrx_word' id='word_1_738' title='bbox 2285 4147 2556 4216; x_wconf 75' lang='grc' dir='ltr'>(ιιιρίἰείιέ</span> <span class='ocrx_word' id='word_1_739' title='bbox 2603 4157 2732 4205; x_wconf 90' lang='lat' dir='ltr'><strong>sunt</strong></span> <span class='ocrx_word' id='word_1_740' title='bbox 2781 4150 2980 4217; x_wconf 84' lang='lat' dir='ltr'><strong>all&#39;ecti,</strong></span> <span class='ocrx_word' id='word_1_741' title='bbox 3030 4154 3064 4207; x_wconf 88' lang='lat' dir='ltr'><strong>ii</strong></span> <span class='ocrx_word' id='word_1_742' title='bbox 3118 4162 3267 4221; x_wconf 91' lang='lat' dir='ltr'><strong>sunt,</strong></span> <span class='ocrx_word' id='word_1_743' title='bbox 3310 4155 3367 4209; x_wconf 91' lang='lat' dir='ltr'><strong>in</strong></span> <span class='ocrx_word' id='word_1_744' title='bbox 3414 4156 3615 4226; x_wconf 88' lang='lat' dir='ltr'><strong>quibus</strong></span> 
     </span>
    </p>
   </div>
   <div class='ocr_carea' id='block_1_88' title="bbox 2032 4237 3616 4315">
    <p class='ocr_par' dir='ltr' id='par_1_88' title="bbox 2032 4237 3616 4315">
     <span class='ocr_line' id='line_1_88' title="bbox 2032 4237 3616 4315; baseline 0.009 -29"><span class='ocrx_word' id='word_1_745' title='bbox 2032 4246 2140 4287; x_wconf 90' lang='lat' dir='ltr'><strong>non</strong></span> <span class='ocrx_word' id='word_1_746' title='bbox 2191 4237 2368 4290; x_wconf 91' lang='lat' dir='ltr'><strong>solum</strong></span> <span class='ocrx_word' id='word_1_747' title='bbox 2401 4255 2518 4292; x_wconf 68' lang='grc' dir='ltr'>χχιι</span> <span class='ocrx_word' id='word_1_748' title='bbox 2553 4241 2662 4305; x_wconf 91' lang='lat' dir='ltr'><strong>die,</strong></span> <span class='ocrx_word' id='word_1_749' title='bbox 2710 4241 2806 4295; x_wconf 91' lang='lat' dir='ltr'><strong>sed</strong></span> <span class='ocrx_word' id='word_1_750' title='bbox 2837 4243 2998 4296; x_wconf 89' lang='lat' dir='ltr'><strong>etiam</strong></span> <span class='ocrx_word' id='word_1_751' title='bbox 3035 4251 3161 4298; x_wconf 89' lang='lat' dir='ltr'><strong>ante</strong></span> <span class='ocrx_word' id='word_1_752' title='bbox 3194 4245 3367 4315; x_wconf 64' lang='lat' dir='ltr'><strong>legale</strong></span> <span class='ocrx_word' id='word_1_753' title='bbox 3404 4244 3616 4301; x_wconf 87' lang='lat' dir='ltr'><strong>Pascha</strong></span> 
     </span>
    </p>
   </div>
   <div class='ocr_carea' id='block_1_89' title="bbox 2032 4322 3618 4406">
    <p class='ocr_par' dir='ltr' id='par_1_89' title="bbox 2032 4322 3618 4406">
     <span class='ocr_line' id='line_1_89' title="bbox 2032 4322 3618 4406; baseline 0.009 -30"><span class='ocrx_word' id='word_1_754' title='bbox 2032 4322 2399 4381; x_wconf 88' lang='lat' dir='ltr'><strong>Christianum</strong></span> <span class='ocrx_word' id='word_1_755' title='bbox 2446 4331 2514 4384; x_wconf 90' lang='lat' dir='ltr'><strong>ab</strong></span> <span class='ocrx_word' id='word_1_756' title='bbox 2563 4331 2632 4386; x_wconf 93' lang='lat' dir='ltr'><strong>iis</strong></span> <span class='ocrx_word' id='word_1_757' title='bbox 2675 4331 2993 4389; x_wconf 85' lang='lat' dir='ltr'><strong>indicitur:</strong></span> <span class='ocrx_word' id='word_1_758' title='bbox 3032 4335 3166 4389; x_wconf 87' lang='lat' dir='ltr'><strong>adeo</strong></span> <span class='ocrx_word' id='word_1_759' title='bbox 3212 4343 3272 4389; x_wconf 89' lang='grc' dir='ltr'><strong>ιιι</strong></span> <span class='ocrx_word' id='word_1_760' title='bbox 3308 4337 3400 4406; x_wconf 90' lang='lat' dir='ltr'><strong>qui</strong></span> <span class='ocrx_word' id='word_1_761' title='bbox 3445 4352 3618 4390; x_wconf 90' lang='lat' dir='ltr'><strong>unum</strong></span> 
     </span>
    </p>
   </div>
   <div class='ocr_carea' id='block_1_90' title="bbox 2032 4415 3618 4496">
    <p class='ocr_par' dir='ltr' id='par_1_90' title="bbox 2032 4415 3618 4496">
     <span class='ocr_line' id='line_1_90' title="bbox 2032 4415 3618 4496; baseline 0.009 -27"><span class='ocrx_word' id='word_1_762' title='bbox 2032 4415 2233 4472; x_wconf 87' lang='lat' dir='ltr'><strong>habent</strong></span> <span class='ocrx_word' id='word_1_763' title='bbox 2281 4432 2564 4491; x_wconf 90' lang='lat' dir='ltr'><strong>punctum,</strong></span> <span class='ocrx_word' id='word_1_764' title='bbox 2598 4425 2683 4480; x_wconf 90' lang='lat' dir='ltr'><strong>his</strong></span> <span class='ocrx_word' id='word_1_765' title='bbox 2718 4435 2941 4496; x_wconf 86' lang='lat' dir='ltr'><strong>propter</strong></span> <span class='ocrx_word' id='word_1_766' title='bbox 2971 4428 3270 4482; x_wconf 84' lang='lat' dir='ltr'><strong>bissextum</strong></span> <span class='ocrx_word' id='word_1_767' title='bbox 3329 4428 3465 4482; x_wconf 87' lang='lat' dir='ltr'><strong>iliud</strong></span> <span class='ocrx_word' id='word_1_768' title='bbox 3525 4445 3618 4484; x_wconf 90' lang='lat' dir='ltr'><strong>ac-</strong></span> 
     </span>
    </p>
   </div>
   <div class='ocr_carea' id='block_1_91' title="bbox 360 4506 1941 4601">
    <p class='ocr_par' dir='ltr' id='par_1_91' title="bbox 360 4515 1928 4592">
     <span class='ocr_line' id='line_1_91' title="bbox 360 4515 1928 4592; baseline 0.004 -26"><span class='ocrx_word' id='word_1_769' title='bbox 360 4515 454 4566; x_wconf 78' lang='grc' dir='ltr'><strong>καὶ</strong></span> <span class='ocrx_word' id='word_1_770' title='bbox 505 4515 690 4568; x_wconf 88' lang='grc' dir='ltr'>εἰκάδα</span> <span class='ocrx_word' id='word_1_771' title='bbox 741 4517 879 4570; x_wconf 79' lang='grc' dir='ltr'>κατὰ</span> <span class='ocrx_word' id='word_1_772' title='bbox 927 4516 1024 4586; x_wconf 80' lang='grc' dir='ltr'>τὴν</span> <span class='ocrx_word' id='word_1_773' title='bbox 1073 4516 1528 4588; x_wconf 82' lang='grc' dir='ltr'>ἐκκλησιαστικὴν</span> <span class='ocrx_word' id='word_1_774' title='bbox 1577 4520 1928 4592; x_wconf 83' lang='grc' dir='ltr'>ὑπάρχουσαν</span> 
     </span>
    </p>
   </div>
   <div class='ocr_carea' id='block_1_92' title="bbox 2028 4506 3615 4601">
    <p class='ocr_par' dir='ltr' id='par_1_92' title="bbox 2035 4506 3615 4589">
     <span class='ocr_line' id='line_1_92' title="bbox 2035 4506 3615 4589; baseline 0.009 -31"><span class='ocrx_word' id='word_1_775' title='bbox 2035 4506 2214 4574; x_wconf 90' lang='lat' dir='ltr'><strong>cidat;</strong></span> <span class='ocrx_word' id='word_1_776' title='bbox 2250 4512 2340 4580; x_wconf 87' lang='lat' dir='ltr'><strong>qui</strong></span> <span class='ocrx_word' id='word_1_777' title='bbox 2373 4511 2575 4583; x_wconf 88' lang='lat' dir='ltr'><strong>duplici</strong></span> <span class='ocrx_word' id='word_1_778' title='bbox 2631 4515 2844 4586; x_wconf 81' lang='lat' dir='ltr'><strong>praediti</strong></span> <span class='ocrx_word' id='word_1_779' title='bbox 2891 4523 3040 4582; x_wconf 90' lang='lat' dir='ltr'><strong>sunt,</strong></span> <span class='ocrx_word' id='word_1_780' title='bbox 3071 4525 3293 4589; x_wconf 88' lang='lat' dir='ltr'><strong>propter</strong></span> <span class='ocrx_word' id='word_1_781' title='bbox 3323 4518 3441 4572; x_wconf 88' lang='lat' dir='ltr'><strong>dies</strong></span> <span class='ocrx_word' id='word_1_782' title='bbox 3469 4518 3615 4582; x_wconf 90' lang='lat' dir='ltr'><strong>illos,</strong></span> 
     </span>
    </p>
   </div>
   <div class='ocr_carea' id='block_1_93' title="bbox 311 4601 1934 4676">
    <p class='ocr_par' dir='ltr' id='par_1_93' title="bbox 311 4601 1934 4676">
     <span class='ocr_line' id='line_1_93' title="bbox 311 4601 1934 4676; baseline 0.004 -22"><span class='ocrx_word' id='word_1_783' title='bbox 311 4665 316 4670; x_wconf 19' lang='grc' dir='ltr'><em>ο</em></span> <span class='ocrx_word' id='word_1_784' title='bbox 365 4601 600 4671; x_wconf 88' lang='grc' dir='ltr'>μέθοδον.</span> <span class='ocrx_word' id='word_1_785' title='bbox 627 4603 704 4655; x_wconf 76' lang='grc' dir='ltr'><strong>Τὰ</strong></span> <span class='ocrx_word' id='word_1_786' title='bbox 725 4603 779 4656; x_wconf 83' lang='grc' dir='ltr'>δὲ</span> <span class='ocrx_word' id='word_1_787' title='bbox 802 4605 930 4673; x_wconf 89' lang='grc' dir='ltr'>μίαν</span> <span class='ocrx_word' id='word_1_788' title='bbox 954 4604 986 4675; x_wconf 84' lang='grc' dir='ltr'><strong>ἢ</strong></span> <span class='ocrx_word' id='word_1_789' title='bbox 1007 4604 1098 4656; x_wconf 81' lang='grc' dir='ltr'>δύο</span> <span class='ocrx_word' id='word_1_790' title='bbox 1130 4606 1442 4675; x_wconf 84' lang='grc' dir='ltr'>κεκτημένα</span> <span class='ocrx_word' id='word_1_791' title='bbox 1479 4608 1733 4676; x_wconf 85' lang='grc' dir='ltr'>στιγμάς,</span> <span class='ocrx_word' id='word_1_792' title='bbox 1762 4611 1819 4660; x_wconf 85' lang='grc' dir='ltr'><strong>ἐν</strong></span> <span class='ocrx_word' id='word_1_793' title='bbox 1853 4604 1934 4672; x_wconf 72' lang='grc' dir='ltr'>οἷς</span> 
     </span>
    </p>
   </div>
   <div class='ocr_carea' id='block_1_94' title="bbox 362 4693 1932 4770">
    <p class='ocr_par' dir='ltr' id='par_1_94' title="bbox 362 4693 1932 4770">
     <span class='ocr_line' id='line_1_94' title="bbox 362 4693 1932 4770; baseline 0.004 -25"><span class='ocrx_word' id='word_1_794' title='bbox 362 4696 438 4758; x_wconf 85' lang='grc' dir='ltr'><strong>εἰς</strong></span> <span class='ocrx_word' id='word_1_795' title='bbox 457 4693 642 4747; x_wconf 86' lang='grc' dir='ltr'>εἰκάδα</span> <span class='ocrx_word' id='word_1_796' title='bbox 663 4693 703 4763; x_wconf 80' lang='grc' dir='ltr'><strong>β’</strong></span> <span class='ocrx_word' id='word_1_797' title='bbox 720 4697 780 4748; x_wconf 79' lang='grc' dir='ltr'><strong>οὐ</strong></span> <span class='ocrx_word' id='word_1_798' title='bbox 807 4697 981 4765; x_wconf 89' lang='grc' dir='ltr'>μόνον,</span> <span class='ocrx_word' id='word_1_799' title='bbox 1000 4696 1134 4749; x_wconf 81' lang='grc' dir='ltr'>ἀλλὰ</span> <span class='ocrx_word' id='word_1_800' title='bbox 1154 4699 1246 4750; x_wconf 71' lang='grc' dir='ltr'><strong>καὶ</strong></span> <span class='ocrx_word' id='word_1_801' title='bbox 1269 4698 1328 4750; x_wconf 86' lang='grc' dir='ltr'><strong>τὸ</strong></span> <span class='ocrx_word' id='word_1_802' title='bbox 1354 4698 1512 4751; x_wconf 83' lang='grc' dir='ltr'>κατὰ.</span> <span class='ocrx_word' id='word_1_803' title='bbox 1533 4700 1870 4770; x_wconf 86' lang='grc' dir='ltr'>Χριστὸντοῦ</span> <span class='ocrx_word' id='word_1_804' title='bbox 1885 4701 1932 4732; x_wconf 80' lang='grc'><strong>³⁸</strong></span> 
     </span>
    </p>
   </div>
   <div class='ocr_carea' id='block_1_95' title="bbox 361 4785 1934 4860">
    <p class='ocr_par' dir='ltr' id='par_1_95' title="bbox 361 4785 1934 4860">
     <span class='ocr_line' id='line_1_95' title="bbox 361 4785 1934 4860; baseline 0.004 -24"><span class='ocrx_word' id='word_1_805' title='bbox 361 4785 584 4855; x_wconf 82' lang='grc' dir='ltr'>νομικοῦ</span> <span class='ocrx_word' id='word_1_806' title='bbox 622 4788 722 4856; x_wconf 79' lang='grc' dir='ltr'><strong>ή⁸⁹</strong></span> <span class='ocrx_word' id='word_1_807' title='bbox 750 4787 996 4841; x_wconf 83' lang='grc' dir='ltr'>λέλεκται</span> <span class='ocrx_word' id='word_1_808' title='bbox 1027 4789 1395 4852; x_wconf 79' lang='grc' dir='ltr'>κανονίςουσιν</span> <span class='ocrx_word' id='word_1_809' title='bbox 1415 4805 1427 4817; x_wconf 83' lang='lat'><strong><em>°</em></strong></span> <span class='ocrx_word' id='word_1_810' title='bbox 1459 4791 1506 4842; x_wconf 90' lang='grc' dir='ltr'><strong>εἰ</strong></span> <span class='ocrx_word' id='word_1_811' title='bbox 1553 4791 1646 4842; x_wconf 74' lang='grc' dir='ltr'><strong>καὶ</strong></span> <span class='ocrx_word' id='word_1_812' title='bbox 1682 4795 1794 4854; x_wconf 91' lang='grc' dir='ltr'>τοῖς</span> <span class='ocrx_word' id='word_1_813' title='bbox 1835 4792 1934 4860; x_wconf 85' lang='grc' dir='ltr'><strong>μὲν</strong></span> 
     </span>
    </p>
   </div>
   <div class='ocr_carea' id='block_1_96' title="bbox 361 4872 1928 4951">
    <p class='ocr_par' dir='ltr' id='par_1_96' title="bbox 361 4872 1928 4951">
     <span class='ocr_line' id='line_1_96' title="bbox 361 4872 1928 4951; baseline 0.003 -21"><span class='ocrx_word' id='word_1_814' title='bbox 361 4872 469 4930; x_wconf 73' lang='grc' dir='ltr'>οἷον</span> <span class='ocrx_word' id='word_1_815' title='bbox 506 4882 613 4943; x_wconf 90' lang='grc' dir='ltr'>τοῖς</span> <span class='ocrx_word' id='word_1_816' title='bbox 651 4879 778 4947; x_wconf 89' lang='grc' dir='ltr'>μίαν</span> <span class='ocrx_word' id='word_1_817' title='bbox 816 4878 996 4950; x_wconf 82' lang='grc' dir='ltr'>ἔχουσι</span> <span class='ocrx_word' id='word_1_818' title='bbox 1027 4878 1122 4949; x_wconf 80' lang='grc' dir='ltr'><strong>τὴν</strong></span> <span class='ocrx_word' id='word_1_819' title='bbox 1147 4880 1376 4951; x_wconf 84' lang='grc' dir='ltr'>στιγμὴν</span> <span class='ocrx_word' id='word_1_820' title='bbox 1403 4879 1492 4932; x_wconf 83' lang='grc' dir='ltr'>διὰ</span> <span class='ocrx_word' id='word_1_821' title='bbox 1527 4880 1588 4932; x_wconf 84' lang='grc' dir='ltr'><strong>τὸ</strong></span> <span class='ocrx_word' id='word_1_822' title='bbox 1613 4880 1888 4950; x_wconf 79' lang='grc' dir='ltr'>βίσσεξτον</span> <span class='ocrx_word' id='word_1_823' title='bbox 1916 4901 1928 4913; x_wconf 92' lang='grc'><strong>·</strong></span> 
     </span>
    </p>
   </div>
   <div class='ocr_carea' id='block_1_97' title="bbox 360 4969 1928 5042">
    <p class='ocr_par' dir='ltr' id='par_1_97' title="bbox 360 4969 1928 5042">
     <span class='ocr_line' id='line_1_97' title="bbox 360 4969 1928 5042; baseline 0.003 -22"><span class='ocrx_word' id='word_1_824' title='bbox 360 4971 472 5031; x_wconf 85' lang='grc' dir='ltr'>τοῖς</span> <span class='ocrx_word' id='word_1_825' title='bbox 524 4969 580 5022; x_wconf 84' lang='grc' dir='ltr'><strong>δὲ</strong></span> <span class='ocrx_word' id='word_1_826' title='bbox 617 4970 714 5032; x_wconf 82' lang='grc' dir='ltr'><strong>τὰς</strong></span> <span class='ocrx_word' id='word_1_827' title='bbox 754 4969 846 5022; x_wconf 82' lang='grc' dir='ltr'>δύο</span> <span class='ocrx_word' id='word_1_828' title='bbox 894 4971 1124 5038; x_wconf 75' lang='grc' dir='ltr'>στιγμὰς</span> <span class='ocrx_word' id='word_1_829' title='bbox 1149 4969 1238 5022; x_wconf 79' lang='grc' dir='ltr'>διὰ</span> <span class='ocrx_word' id='word_1_830' title='bbox 1272 4971 1369 5032; x_wconf 83' lang='grc' dir='ltr'>τὰς</span> <span class='ocrx_word' id='word_1_831' title='bbox 1393 4973 1456 5023; x_wconf 90' lang='grc' dir='ltr'><strong>ἐκ</strong></span> <span class='ocrx_word' id='word_1_832' title='bbox 1484 4970 1591 5023; x_wconf 86' lang='grc' dir='ltr'><strong>τῶν</strong></span> <span class='ocrx_word' id='word_1_833' title='bbox 1620 4971 1928 5042; x_wconf 80' lang='grc' dir='ltr'>ἐξηκοστῶν</span> 
     </span>
    </p>
   </div>
   <div class='ocr_carea' id='block_1_98' title="bbox 361 5057 1934 5132">
    <p class='ocr_par' dir='ltr' id='par_1_98' title="bbox 361 5057 1934 5132">
     <span class='ocr_line' id='line_1_98' title="bbox 361 5057 1934 5132; baseline 0.002 -21"><span class='ocrx_word' id='word_1_834' title='bbox 361 5057 746 5129; x_wconf 76' lang='grc' dir='ltr'>ἀθροιζομένας</span> <span class='ocrx_word' id='word_1_835' title='bbox 794 5061 976 5122; x_wconf 74' lang='grc' dir='ltr'>αὐτοῖς</span> <span class='ocrx_word' id='word_1_836' title='bbox 1003 5059 1233 5131; x_wconf 83' lang='grc' dir='ltr'>ἡμέρας·</span> <span class='ocrx_word' id='word_1_837' title='bbox 1260 5062 1328 5115; x_wconf 74' lang='grc' dir='ltr'>τὰ</span> <span class='ocrx_word' id='word_1_838' title='bbox 1361 5060 1418 5114; x_wconf 80' lang='grc' dir='ltr'><strong>δὲ</strong></span> <span class='ocrx_word' id='word_1_839' title='bbox 1452 5061 1629 5131; x_wconf 72' lang='grc' dir='ltr'>τρισὶν</span> <span class='ocrx_word' id='word_1_840' title='bbox 1660 5063 1934 5132; x_wconf 87' lang='grc' dir='ltr'>ἐνσημαν-</span> 
     </span>
    </p>
   </div>
   <div class='ocr_carea' id='block_1_99' title="bbox 361 5143 1930 5220">
    <p class='ocr_par' dir='ltr' id='par_1_99' title="bbox 361 5143 1930 5220">
     <span class='ocr_line' id='line_1_99' title="bbox 361 5143 1930 5220; baseline 0.001 -20"><span class='ocrx_word' id='word_1_841' title='bbox 361 5148 523 5201; x_wconf 82' lang='grc' dir='ltr'>θέντα</span> <span class='ocrx_word' id='word_1_842' title='bbox 553 5151 825 5218; x_wconf 85' lang='grc' dir='ltr'>στιγμαῖς,</span> <span class='ocrx_word' id='word_1_843' title='bbox 853 5151 909 5201; x_wconf 86' lang='grc' dir='ltr'><strong>ἐν</strong></span> <span class='ocrx_word' id='word_1_844' title='bbox 945 5143 1024 5212; x_wconf 75' lang='grc' dir='ltr'>οἷς</span> <span class='ocrx_word' id='word_1_845' title='bbox 1055 5151 1136 5212; x_wconf 84' lang='grc' dir='ltr'><strong>εἰς</strong></span> <span class='ocrx_word' id='word_1_846' title='bbox 1173 5149 1358 5202; x_wconf 79' lang='grc' dir='ltr'>εἰκάδα</span> <span class='ocrx_word' id='word_1_847' title='bbox 1388 5146 1458 5217; x_wconf 84' lang='grc' dir='ltr'>γ’,</span> <span class='ocrx_word' id='word_1_848' title='bbox 1488 5149 1623 5220; x_wconf 81' lang='grc' dir='ltr'>πρὸς</span> <span class='ocrx_word' id='word_1_849' title='bbox 1662 5149 1755 5202; x_wconf 82' lang='grc' dir='ltr'><strong>καί</strong></span> <span class='ocrx_word' id='word_1_850' title='bbox 1789 5167 1930 5202; x_wconf 88' lang='grc' dir='ltr'>τισιν</span> 
     </span>
    </p>
   </div>
   <div class='ocr_carea' id='block_1_100' title="bbox 363 5241 1934 5312">
    <p class='ocr_par' dir='ltr' id='par_1_100' title="bbox 363 5241 1934 5312">
     <span class='ocr_line' id='line_1_100' title="bbox 363 5241 1934 5312; baseline -0.001 -18"><span class='ocrx_word' id='word_1_851' title='bbox 363 5241 566 5312; x_wconf 77' lang='grc' dir='ltr'>ἑτέροις</span> <span class='ocrx_word' id='word_1_852' title='bbox 591 5241 977 5312; x_wconf 81' lang='grc' dir='ltr'>ποστημορίοις</span> <span class='ocrx_word' id='word_1_853' title='bbox 1009 5242 1358 5301; x_wconf 77' lang='grc' dir='ltr'>ἐκτείνουσιν,</span> <span class='ocrx_word' id='word_1_854' title='bbox 1407 5242 1542 5312; x_wconf 83' lang='grc' dir='ltr'>ὅπερ</span> <span class='ocrx_word' id='word_1_855' title='bbox 1583 5241 1808 5295; x_wconf 78' lang='grc' dir='ltr'>ἄτοπον.</span> <span class='ocrx_word' id='word_1_856' title='bbox 1847 5243 1934 5293; x_wconf 90' lang='grc' dir='ltr'>Ἐν</span> 
     </span>
    </p>
   </div>
   <div class='ocr_carea' id='block_1_101' title="bbox 360 5331 1934 5404">
    <p class='ocr_par' dir='ltr' id='par_1_101' title="bbox 360 5331 1934 5404">
     <span class='ocr_line' id='line_1_101' title="bbox 360 5331 1934 5404; baseline 0.001 -21"><span class='ocrx_word' id='word_1_857' title='bbox 360 5331 584 5395; x_wconf 76' lang='grc' dir='ltr'>ταύταις</span> <span class='ocrx_word' id='word_1_858' title='bbox 609 5333 664 5385; x_wconf 82' lang='grc' dir='ltr'>δὲ</span> <span class='ocrx_word' id='word_1_859' title='bbox 693 5336 812 5397; x_wconf 84' lang='grc' dir='ltr'>ταῖς</span> <span class='ocrx_word' id='word_1_860' title='bbox 840 5333 1154 5404; x_wconf 85' lang='grc' dir='ltr'>εἰρημέναις</span> <span class='ocrx_word' id='word_1_861' title='bbox 1178 5334 1219 5385; x_wconf 89' lang='grc' dir='ltr'>ε’</span> <span class='ocrx_word' id='word_1_862' title='bbox 1247 5333 1464 5397; x_wconf 79' lang='grc' dir='ltr'>ζώναις,</span> <span class='ocrx_word' id='word_1_863' title='bbox 1502 5333 1668 5404; x_wconf 81' lang='grc' dir='ltr'>ἡγουν</span> <span class='ocrx_word' id='word_1_864' title='bbox 1696 5336 1807 5397; x_wconf 87' lang='grc' dir='ltr'>τοῖς</span> <span class='ocrx_word' id='word_1_865' title='bbox 1837 5332 1934 5386; x_wconf 80' lang='grc' dir='ltr'><strong>κύ-</strong></span> 
     </span>
    </p>
   </div>
   <div class='ocr_carea' id='block_1_102' title="bbox 361 5423 1934 5511">
    <p class='ocr_par' dir='ltr' id='par_1_102' title="bbox 361 5423 1934 5511">
     <span class='ocr_line' id='line_1_102' title="bbox 361 5423 1934 5511; baseline 0 -34"><span class='ocrx_word' id='word_1_866' title='bbox 361 5423 530 5488; x_wconf 83' lang='grc' dir='ltr'>κλοις,</span> <span class='ocrx_word' id='word_1_867' title='bbox 554 5424 920 5511; x_wconf 72' lang='grc' dir='ltr'><strong>1συνετάξαμεν</strong></span> <span class='ocrx_word' id='word_1_868' title='bbox 952 5428 1063 5487; x_wconf 87' lang='grc' dir='ltr'>τοῖς</span> <span class='ocrx_word' id='word_1_869' title='bbox 1088 5425 1229 5478; x_wconf 75' lang='grc' dir='ltr'>ἔτεσι</span> <span class='ocrx_word' id='word_1_870' title='bbox 1260 5426 1360 5496; x_wconf 79' lang='grc' dir='ltr'>τῆς</span> <span class='ocrx_word' id='word_1_871' title='bbox 1392 5426 1620 5497; x_wconf 86' lang='grc' dir='ltr'>σελήνης</span> <span class='ocrx_word' id='word_1_872' title='bbox 1642 5425 1700 5491; x_wconf 83' lang='grc' dir='ltr'>ἐξ</span> <span class='ocrx_word' id='word_1_873' title='bbox 1724 5425 1934 5481; x_wconf 84' lang='grc' dir='ltr'>εὐωνύ-</span> 
     </span>
    </p>
   </div>
   <div class='ocr_carea' id='block_1_103' title="bbox 367 5513 1929 5587">
    <p class='ocr_par' dir='ltr' id='par_1_103' title="bbox 367 5513 1929 5587">
     <span class='ocr_line' id='line_1_103' title="bbox 367 5513 1929 5587; baseline 0.001 -21"><span class='ocrx_word' id='word_1_874' title='bbox 367 5531 480 5583; x_wconf 88' lang='grc' dir='ltr'><strong>μων</strong></span> <span class='ocrx_word' id='word_1_875' title='bbox 503 5513 570 5567; x_wconf 79' lang='grc' dir='ltr'>τὰ</span> <span class='ocrx_word' id='word_1_876' title='bbox 592 5514 683 5567; x_wconf 78' lang='grc' dir='ltr'>τοῦ</span> <span class='ocrx_word' id='word_1_877' title='bbox 706 5514 854 5585; x_wconf 87' lang='grc' dir='ltr'>ἡλίου</span> <span class='ocrx_word' id='word_1_878' title='bbox 882 5515 974 5587; x_wconf 82' lang='grc' dir='ltr'>ἔτη</span> <span class='ocrx_word' id='word_1_879' title='bbox 1004 5517 1138 5586; x_wconf 78' lang='grc' dir='ltr'>μετὰ</span> <span class='ocrx_word' id='word_1_880' title='bbox 1173 5518 1391 5570; x_wconf 74' lang='grc' dir='ltr'>καὶτῶν</span> <span class='ocrx_word' id='word_1_881' title='bbox 1413 5515 1477 5570; x_wconf 85' lang='grc' dir='ltr'>ιθ¹</span> <span class='ocrx_word' id='word_1_882' title='bbox 1493 5517 1706 5570; x_wconf 79' lang='grc' dir='ltr'>κύκλων</span> <span class='ocrx_word' id='word_1_883' title='bbox 1729 5519 1929 5582; x_wconf 84' lang='grc' dir='ltr'>αὐτῶν,</span> 
     </span>
    </p>
   </div>
   <div class='ocr_carea' id='block_1_104' title="bbox 361 5602 1928 5679">
    <p class='ocr_par' dir='ltr' id='par_1_104' title="bbox 361 5602 1928 5679">
     <span class='ocr_line' id='line_1_104' title="bbox 361 5602 1928 5679; baseline -0.005 -23"><span class='ocrx_word' id='word_1_884' title='bbox 361 5602 528 5672; x_wconf 77' lang='grc' dir='ltr'>ἡγουν</span> <span class='ocrx_word' id='word_1_885' title='bbox 563 5605 1154 5675; x_wconf 79' lang='grc' dir='ltr'>εἰκοσιοκταετηρίδων,</span> <span class='ocrx_word' id='word_1_886' title='bbox 1184 5605 1290 5658; x_wconf 84' lang='grc' dir='ltr'>ἀπὸ</span> <span class='ocrx_word' id='word_1_887' title='bbox 1334 5604 1561 5677; x_wconf 86' lang='grc' dir='ltr'>σηρικοῦ</span> <span class='ocrx_word' id='word_1_888' title='bbox 1603 5607 1928 5679; x_wconf 75' lang='grc' dir='ltr'>γεγραμμέ-</span> 
     </span>
    </p>
   </div>
   <div class='ocr_carea' id='block_1_105' title="bbox 2037 4599 3618 4678">
    <p class='ocr_par' dir='ltr' id='par_1_105' title="bbox 2037 4599 3618 4678">
     <span class='ocr_line' id='line_1_105' title="bbox 2037 4599 3618 4678; baseline 0.008 -28"><span class='ocrx_word' id='word_1_889' title='bbox 2037 4599 2131 4666; x_wconf 91' lang='lat' dir='ltr'><strong>qui</strong></span> <span class='ocrx_word' id='word_1_890' title='bbox 2176 4617 2243 4655; x_wconf 80' lang='lat' dir='ltr'><strong>ex</strong></span> <span class='ocrx_word' id='word_1_891' title='bbox 2291 4603 2536 4658; x_wconf 90' lang='lat' dir='ltr'><strong>collectis</strong></span> <span class='ocrx_word' id='word_1_892' title='bbox 2584 4607 2934 4676; x_wconf 80' lang='lat' dir='ltr'><strong>sexagesimis</strong></span> <span class='ocrx_word' id='word_1_893' title='bbox 2978 4608 3280 4676; x_wconf 89' lang='lat' dir='ltr'><strong>accedunt;</strong></span> <span class='ocrx_word' id='word_1_894' title='bbox 3316 4609 3408 4678; x_wconf 91' lang='lat' dir='ltr'><strong>qui</strong></span> <span class='ocrx_word' id='word_1_895' title='bbox 3441 4609 3618 4662; x_wconf 80' lang='lat' dir='ltr'><strong>tribus</strong></span> 
     </span>
    </p>
   </div>
   <div class='ocr_carea' id='block_1_106' title="bbox 2039 4691 3617 4768">
    <p class='ocr_par' dir='ltr' id='par_1_106' title="bbox 2039 4691 3617 4768">
     <span class='ocr_line' id='line_1_106' title="bbox 2039 4691 3617 4768; baseline 0.005 -24"><span class='ocrx_word' id='word_1_896' title='bbox 2039 4691 2274 4761; x_wconf 90' lang='lat' dir='ltr'><strong>denique</strong></span> <span class='ocrx_word' id='word_1_897' title='bbox 2301 4697 2471 4748; x_wconf 90' lang='lat' dir='ltr'><strong>notati</strong></span> <span class='ocrx_word' id='word_1_898' title='bbox 2503 4703 2650 4761; x_wconf 92' lang='lat' dir='ltr'><strong>sunt,</strong></span> <span class='ocrx_word' id='word_1_899' title='bbox 2682 4697 2735 4750; x_wconf 91' lang='lat' dir='ltr'><strong>in</strong></span> <span class='ocrx_word' id='word_1_900' title='bbox 2767 4698 2835 4752; x_wconf 91' lang='lat' dir='ltr'><strong>iis</strong></span> <span class='ocrx_word' id='word_1_901' title='bbox 2859 4698 2925 4752; x_wconf 91' lang='lat' dir='ltr'><strong>ad</strong></span> <span class='ocrx_word' id='word_1_902' title='bbox 2956 4714 3088 4752; x_wconf 68' lang='grc' dir='ltr'>χχιιι</span> <span class='ocrx_word' id='word_1_903' title='bbox 3122 4714 3297 4768; x_wconf 88' lang='lat' dir='ltr'><strong>usque</strong></span> <span class='ocrx_word' id='word_1_904' title='bbox 3324 4698 3466 4753; x_wconf 91' lang='lat' dir='ltr'><strong>diem</strong></span> <span class='ocrx_word' id='word_1_905' title='bbox 3492 4714 3617 4752; x_wconf 89' lang='lat' dir='ltr'><strong>cum</strong></span> 
     </span>
    </p>
   </div>
   <div class='ocr_carea' id='block_1_107' title="bbox 2038 4785 3614 4858">
    <p class='ocr_par' dir='ltr' id='par_1_107' title="bbox 2038 4785 3614 4858">
     <span class='ocr_line' id='line_1_107' title="bbox 2038 4785 3614 4858; baseline 0.004 -23"><span class='ocrx_word' id='word_1_906' title='bbox 2038 4785 2454 4839; x_wconf 79' lang='lat' dir='ltr'><strong>excurrentibus</strong></span> <span class='ocrx_word' id='word_1_907' title='bbox 2482 4786 2686 4857; x_wconf 89' lang='lat' dir='ltr'><strong>aliquot</strong></span> <span class='ocrx_word' id='word_1_908' title='bbox 2727 4789 3001 4858; x_wconf 90' lang='lat' dir='ltr'><strong>scrupulis</strong></span> <span class='ocrx_word' id='word_1_909' title='bbox 3035 4789 3242 4844; x_wconf 90' lang='lat' dir='ltr'><strong>Pascha</strong></span> <span class='ocrx_word' id='word_1_910' title='bbox 3278 4789 3614 4844; x_wconf 72' lang='lat' dir='ltr'><strong>diﬂ&#39;undltur.</strong></span> 
     </span>
    </p>
   </div>
   <div class='ocr_carea' id='block_1_108' title="bbox 2041 4873 3620 4952">
    <p class='ocr_par' dir='ltr' id='par_1_108' title="bbox 2041 4873 3620 4952">
     <span class='ocr_line' id='line_1_108' title="bbox 2041 4873 3620 4952; baseline 0.004 -24"><span class='ocrx_word' id='word_1_911' title='bbox 2041 4873 2196 4940; x_wconf 85' lang='lat' dir='ltr'><strong>Quod</strong></span> <span class='ocrx_word' id='word_1_912' title='bbox 2236 4885 2316 4931; x_wconf 88' lang='lat' dir='ltr'><strong>est</strong></span> <span class='ocrx_word' id='word_1_913' title='bbox 2365 4879 2683 4935; x_wconf 89' lang='lat' dir='ltr'><strong>absurdum.</strong></span> <span class='ocrx_word' id='word_1_914' title='bbox 2714 4879 2981 4936; x_wconf 63' lang='lat' dir='ltr'><strong>Caeterum</strong></span> <span class='ocrx_word' id='word_1_915' title='bbox 3015 4882 3070 4936; x_wconf 89' lang='lat' dir='ltr'><strong>in</strong></span> <span class='ocrx_word' id='word_1_916' title='bbox 3106 4882 3218 4936; x_wconf 86' lang='lat' dir='ltr'><strong>illis</strong></span> <span class='ocrx_word' id='word_1_917' title='bbox 3244 4883 3485 4952; x_wconf 88' lang='lat' dir='ltr'><strong>quinque</strong></span> <span class='ocrx_word' id='word_1_918' title='bbox 3527 4897 3620 4935; x_wconf 84' lang='lat' dir='ltr'><strong>zo-</strong></span> 
     </span>
    </p>
   </div>
   <div class='ocr_carea' id='block_1_109' title="bbox 2040 4967 3618 5033">
    <p class='ocr_par' dir='ltr' id='par_1_109' title="bbox 2040 4967 3618 5033">
     <span class='ocr_line' id='line_1_109' title="bbox 2040 4967 3618 5033; baseline 0.005 -14"><span class='ocrx_word' id='word_1_919' title='bbox 2040 4967 2148 5033; x_wconf 89' lang='lat' dir='ltr'><strong>nis,</strong></span> <span class='ocrx_word' id='word_1_920' title='bbox 2180 4968 2490 5032; x_wconf 89' lang='lat' dir='ltr'><strong>circulisve,</strong></span> <span class='ocrx_word' id='word_1_921' title='bbox 2522 4971 2591 5024; x_wconf 93' lang='lat' dir='ltr'><strong>ad</strong></span> <span class='ocrx_word' id='word_1_922' title='bbox 2623 4987 2796 5027; x_wconf 89' lang='lat' dir='ltr'><strong>annos</strong></span> <span class='ocrx_word' id='word_1_923' title='bbox 2830 4973 2971 5028; x_wconf 69' lang='lat' dir='ltr'><strong>lunae</strong></span> <span class='ocrx_word' id='word_1_924' title='bbox 2996 4975 3204 5030; x_wconf 91' lang='lat' dir='ltr'><strong>solares</strong></span> <span class='ocrx_word' id='word_1_925' title='bbox 3243 4973 3310 5028; x_wconf 88' lang='lat' dir='ltr'><strong>ad</strong></span> <span class='ocrx_word' id='word_1_926' title='bbox 3339 4975 3618 5029; x_wconf 88' lang='lat' dir='ltr'><strong>sinistram</strong></span> 
     </span>
    </p>
   </div>
   <div class='ocr_carea' id='block_1_110' title="bbox 2041 5060 3621 5136">
    <p class='ocr_par' dir='ltr' id='par_1_110' title="bbox 2041 5060 3621 5136">
     <span class='ocr_line' id='line_1_110' title="bbox 2041 5060 3621 5136; baseline 0.005 -25"><span class='ocrx_word' id='word_1_927' title='bbox 2041 5060 2416 5128; x_wconf 88' lang='lat' dir='ltr'><strong>ascripsimus,</strong></span> <span class='ocrx_word' id='word_1_928' title='bbox 2443 5077 2550 5115; x_wconf 88' lang='lat' dir='ltr'><strong>una</strong></span> <span class='ocrx_word' id='word_1_929' title='bbox 2577 5077 2701 5116; x_wconf 92' lang='lat' dir='ltr'><strong>cum</strong></span> <span class='ocrx_word' id='word_1_930' title='bbox 2727 5080 2818 5118; x_wconf 78' lang='grc' dir='ltr'>ιιιχ</span> <span class='ocrx_word' id='word_1_931' title='bbox 2844 5065 3012 5136; x_wconf 83' lang='lat' dir='ltr'><strong>cyclis</strong></span> <span class='ocrx_word' id='word_1_932' title='bbox 3045 5065 3308 5135; x_wconf 86' lang='lat' dir='ltr'><strong>ipsorum,</strong></span> <span class='ocrx_word' id='word_1_933' title='bbox 3336 5065 3429 5134; x_wconf 92' lang='lat' dir='ltr'><strong>qui</strong></span> <span class='ocrx_word' id='word_1_934' title='bbox 3461 5067 3621 5119; x_wconf 86' lang='lat' dir='ltr'><strong>anuis</strong></span> 
     </span>
    </p>
   </div>
   <div class='ocr_carea' id='block_1_111' title="bbox 2042 5149 3621 5226">
    <p class='ocr_par' dir='ltr' id='par_1_111' title="bbox 2042 5149 3621 5226">
     <span class='ocr_line' id='line_1_111' title="bbox 2042 5149 3621 5226; baseline 0.004 -24"><span class='ocrx_word' id='word_1_935' title='bbox 2042 5149 2240 5219; x_wconf 83' lang='lat' dir='ltr'><strong>singuli</strong></span> <span class='ocrx_word' id='word_1_936' title='bbox 2269 5159 2520 5205; x_wconf 88' lang='lat' dir='ltr'><strong>constant</strong></span> <span class='ocrx_word' id='word_1_937' title='bbox 2552 5162 2674 5207; x_wconf 90' lang='lat' dir='ltr'><strong>octo</strong></span> <span class='ocrx_word' id='word_1_938' title='bbox 2702 5161 2756 5209; x_wconf 89' lang='lat' dir='ltr'><strong>et</strong></span> <span class='ocrx_word' id='word_1_939' title='bbox 2787 5157 2975 5226; x_wconf 86' lang='lat' dir='ltr'><strong>viginti</strong></span> <span class='ocrx_word' id='word_1_940' title='bbox 3011 5175 3024 5212; x_wconf 85' lang='lat'><strong>:</strong></span> <span class='ocrx_word' id='word_1_941' title='bbox 3057 5172 3088 5211; x_wconf 91' lang='lat' dir='ltr'><strong>e</strong></span> <span class='ocrx_word' id='word_1_942' title='bbox 3122 5157 3324 5226; x_wconf 89' lang='lat' dir='ltr'><strong>quibus</strong></span> <span class='ocrx_word' id='word_1_943' title='bbox 3349 5157 3621 5211; x_wconf 88' lang='lat' dir='ltr'><strong>enneade-</strong></span> 
     </span>
    </p>
   </div>
   <div class='ocr_carea' id='block_1_112' title="bbox 2043 5242 3618 5319">
    <p class='ocr_par' dir='ltr' id='par_1_112' title="bbox 2043 5242 3618 5319">
     <span class='ocr_line' id='line_1_112' title="bbox 2043 5242 3618 5319; baseline 0.005 -26"><span class='ocrx_word' id='word_1_944' title='bbox 2043 5242 2344 5298; x_wconf 89' lang='lat' dir='ltr'><strong>caeterides</strong></span> <span class='ocrx_word' id='word_1_945' title='bbox 2387 5245 2609 5299; x_wconf 86' lang='lat' dir='ltr'><strong>rubrica</strong></span> <span class='ocrx_word' id='word_1_946' title='bbox 2648 5245 2875 5316; x_wconf 72' lang='lat' dir='ltr'><strong>depicta:</strong></span> <span class='ocrx_word' id='word_1_947' title='bbox 2913 5258 3042 5303; x_wconf 91' lang='lat' dir='ltr'><strong>sunt</strong></span> <span class='ocrx_word' id='word_1_948' title='bbox 3097 5268 3111 5303; x_wconf 91' lang='lat'><strong>:</strong></span> <span class='ocrx_word' id='word_1_949' title='bbox 3166 5259 3225 5303; x_wconf 91' lang='lat' dir='ltr'><strong>ut</strong></span> <span class='ocrx_word' id='word_1_950' title='bbox 3279 5249 3618 5319; x_wconf 86' lang='lat' dir='ltr'><strong>singularum</strong></span> 
     </span>
    </p>
   </div>
   <div class='ocr_carea' id='block_1_113' title="bbox 2043 5333 3619 5408">
    <p class='ocr_par' dir='ltr' id='par_1_113' title="bbox 2043 5333 3619 5408">
     <span class='ocr_line' id='line_1_113' title="bbox 2043 5333 3619 5408; baseline 0.006 -25"><span class='ocrx_word' id='word_1_951' title='bbox 2043 5333 2170 5384; x_wconf 86' lang='lat' dir='ltr'><strong>anni</strong></span> <span class='ocrx_word' id='word_1_952' title='bbox 2213 5333 2312 5393; x_wconf 90' lang='lat' dir='ltr'><strong>illi,</strong></span> <span class='ocrx_word' id='word_1_953' title='bbox 2363 5334 2417 5386; x_wconf 92' lang='lat' dir='ltr'><strong>in</strong></span> <span class='ocrx_word' id='word_1_954' title='bbox 2463 5335 2664 5404; x_wconf 86' lang='lat' dir='ltr'><strong>quibus</strong></span> <span class='ocrx_word' id='word_1_955' title='bbox 2711 5337 2978 5392; x_wconf 89' lang='lat' dir='ltr'><strong>decimam</strong></span> <span class='ocrx_word' id='word_1_956' title='bbox 3023 5346 3296 5408; x_wconf 92' lang='lat' dir='ltr'><strong>quartam,</strong></span> <span class='ocrx_word' id='word_1_957' title='bbox 3337 5339 3426 5395; x_wconf 86' lang='lat' dir='ltr'><strong>isti</strong></span> <span class='ocrx_word' id='word_1_958' title='bbox 3467 5339 3619 5393; x_wconf 90' lang='lat' dir='ltr'><strong>deci-</strong></span> 
     </span>
    </p>
   </div>
   <div class='ocr_carea' id='block_1_114' title="bbox 2042 5423 3615 5500">
    <p class='ocr_par' dir='ltr' id='par_1_114' title="bbox 2042 5423 3615 5500">
     <span class='ocr_line' id='line_1_114' title="bbox 2042 5423 3615 5500; baseline 0.005 -24"><span class='ocrx_word' id='word_1_959' title='bbox 2042 5439 2186 5478; x_wconf 91' lang='lat' dir='ltr'><strong>mam</strong></span> <span class='ocrx_word' id='word_1_960' title='bbox 2209 5423 2368 5496; x_wconf 75' lang='lat'><strong>185</strong></span> <span class='ocrx_word' id='word_1_961' title='bbox 2383 5428 2651 5497; x_wconf 89' lang='lat' dir='ltr'><strong>quintam,</strong></span> <span class='ocrx_word' id='word_1_962' title='bbox 2667 5429 2750 5483; x_wconf 92' lang='lat' dir='ltr'><strong>vel</strong></span> <span class='ocrx_word' id='word_1_963' title='bbox 2769 5437 2976 5484; x_wconf 84' lang='lat' dir='ltr'><strong>sextam</strong></span> <span class='ocrx_word' id='word_1_964' title='bbox 2991 5430 3256 5485; x_wconf 88' lang='lat' dir='ltr'><strong>decimam</strong></span> <span class='ocrx_word' id='word_1_965' title='bbox 3277 5439 3615 5500; x_wconf 89' lang='lat' dir='ltr'><strong>computant,</strong></span> 
     </span>
    </p>
   </div>
   <div class='ocr_carea' id='block_1_115' title="bbox 2041 5517 3656 5591">
    <p class='ocr_par' dir='ltr' id='par_1_115' title="bbox 2041 5517 3656 5591">
     <span class='ocr_line' id='line_1_115' title="bbox 2041 5517 3656 5591; baseline 0.001 -21"><span class='ocrx_word' id='word_1_966' title='bbox 2041 5519 2194 5585; x_wconf 86' lang='lat' dir='ltr'><strong>quoti</strong></span> <span class='ocrx_word' id='word_1_967' title='bbox 2250 5519 2361 5571; x_wconf 89' lang='lat' dir='ltr'><strong>sint</strong></span> <span class='ocrx_word' id='word_1_968' title='bbox 2410 5517 2464 5571; x_wconf 91' lang='lat' dir='ltr'><strong>in</strong></span> <span class='ocrx_word' id='word_1_969' title='bbox 2514 5519 2668 5589; x_wconf 91' lang='lat' dir='ltr'><strong>cyclo</strong></span> <span class='ocrx_word' id='word_1_970' title='bbox 2714 5521 2866 5584; x_wconf 85' lang='lat' dir='ltr'><strong>solis,</strong></span> <span class='ocrx_word' id='word_1_971' title='bbox 2915 5529 2970 5576; x_wconf 89' lang='lat' dir='ltr'><strong>et</strong></span> <span class='ocrx_word' id='word_1_972' title='bbox 3022 5520 3182 5590; x_wconf 90' lang='lat' dir='ltr'><strong>cujus</strong></span> <span class='ocrx_word' id='word_1_973' title='bbox 3235 5522 3395 5591; x_wconf 83' lang='lat' dir='ltr'><strong>cycli,</strong></span> <span class='ocrx_word' id='word_1_974' title='bbox 3446 5521 3656 5590; x_wconf 66' lang='lat' dir='ltr'><strong>possit</strong></span> 
     </span>
    </p>
   </div>
   <div class='ocr_carea' id='block_1_116' title="bbox 2043 5607 3621 5680">
    <p class='ocr_par' dir='ltr' id='par_1_116' title="bbox 2043 5607 3621 5680">
     <span class='ocr_line' id='line_1_116' title="bbox 2043 5607 3621 5680; baseline 0.003 -21"><span class='ocrx_word' id='word_1_975' title='bbox 2043 5607 2264 5672; x_wconf 75' lang='lat' dir='ltr'><strong>agnosci</strong></span> <span class='ocrx_word' id='word_1_976' title='bbox 2303 5625 2316 5660; x_wconf 88' lang='lat'><strong>:</strong></span> <span class='ocrx_word' id='word_1_977' title='bbox 2351 5614 2516 5677; x_wconf 84' lang='lat' dir='ltr'><strong>atque</strong></span> <span class='ocrx_word' id='word_1_978' title='bbox 2545 5623 2613 5662; x_wconf 82' lang='lat' dir='ltr'><strong>ex</strong></span> <span class='ocrx_word' id='word_1_979' title='bbox 2654 5611 3078 5680; x_wconf 87' lang='lat' dir='ltr'><strong>congruentibus</strong></span> <span class='ocrx_word' id='word_1_980' title='bbox 3115 5612 3345 5678; x_wconf 89' lang='lat' dir='ltr'><strong>epactis,</strong></span> <span class='ocrx_word' id='word_1_981' title='bbox 3388 5625 3508 5678; x_wconf 66' lang='lat' dir='ltr'><strong>quae</strong></span> <span class='ocrx_word' id='word_1_982' title='bbox 3538 5626 3621 5664; x_wconf 78' lang='lat' dir='ltr'><strong>sc-</strong></span> 
     </span>
    </p>
   </div>
   <div class='ocr_carea' id='block_1_117' title="bbox 435 5757 1941 5841">
    <p class='ocr_par' dir='ltr' id='par_1_117' title="bbox 435 5757 1941 5831">
     <span class='ocr_line' id='line_1_117' title="bbox 435 5757 1941 5831; baseline 0.001 -16"><span class='ocrx_word' id='word_1_983' title='bbox 435 5757 481 5791; x_wconf 84' lang='grc'><strong>⁸⁸</strong></span> <span class='ocrx_word' id='word_1_984' title='bbox 508 5759 550 5829; x_wconf 76' lang='grc' dir='ltr'>Ῑ.</span> <span class='ocrx_word' id='word_1_985' title='bbox 575 5758 638 5811; x_wconf 67' lang='grc' dir='ltr'>δ’</span> <span class='ocrx_word' id='word_1_986' title='bbox 716 5759 761 5790; x_wconf 77' lang='grc'>⁸⁷</span> <span class='ocrx_word' id='word_1_987' title='bbox 797 5757 984 5814; x_wconf 65' lang='lat' dir='ltr'><strong>Exacta</strong></span> <span class='ocrx_word' id='word_1_988' title='bbox 1020 5760 1076 5813; x_wconf 80' lang='lat' dir='ltr'><strong>in</strong></span> <span class='ocrx_word' id='word_1_989' title='bbox 1111 5759 1398 5828; x_wconf 75' lang='lat' dir='ltr'><strong>exemplari</strong></span> <span class='ocrx_word' id='word_1_990' title='bbox 1437 5761 1633 5817; x_wconf 80' lang='lat' dir='ltr'><strong>littera:</strong></span> <span class='ocrx_word' id='word_1_991' title='bbox 1659 5779 1761 5819; x_wconf 82' lang='lat' dir='ltr'><strong>non</strong></span> <span class='ocrx_word' id='word_1_992' title='bbox 1795 5771 1941 5831; x_wconf 71' lang='lat' dir='ltr'><strong>potnt</strong></span> 
     </span>
    </p>
   </div>
   <div class='ocr_carea' id='block_1_118' title="bbox 2028 5757 3490 5841">
    <p class='ocr_par' dir='ltr' id='par_1_118' title="bbox 2028 5763 3490 5841">
     <span class='ocr_line' id='line_1_118' title="bbox 2028 5763 3490 5841; baseline 0.014 -26"><span class='ocrx_word' id='word_1_993' title='bbox 2028 5771 2076 5818; x_wconf 80' lang='lat' dir='ltr'><strong>ut</strong></span> <span class='ocrx_word' id='word_1_994' title='bbox 2100 5763 2184 5818; x_wconf 78' lang='lat' dir='ltr'><strong>hic</strong></span> <span class='ocrx_word' id='word_1_995' title='bbox 2216 5765 2342 5837; x_wconf 82' lang='lat' dir='ltr'><strong>legi,</strong></span> <span class='ocrx_word' id='word_1_996' title='bbox 2379 5782 2468 5820; x_wconf 82' lang='lat' dir='ltr'><strong>nec</strong></span> <span class='ocrx_word' id='word_1_997' title='bbox 2493 5765 2740 5823; x_wconf 78' lang='lat' dir='ltr'><strong>describi.</strong></span> <span class='ocrx_word' id='word_1_998' title='bbox 2816 5768 2862 5800; x_wconf 83' lang='grc'><strong>⁸⁸</strong></span> <span class='ocrx_word' id='word_1_999' title='bbox 2893 5767 2933 5837; x_wconf 75' lang='grc'><strong>1⁸.</strong></span> <span class='ocrx_word' id='word_1_1000' title='bbox 2971 5767 3075 5838; x_wconf 81' lang='grc' dir='ltr'><strong>πρὸ</strong></span> <span class='ocrx_word' id='word_1_1001' title='bbox 3104 5767 3222 5822; x_wconf 62' lang='lat'><strong>10&#39;3-</strong></span> <span class='ocrx_word' id='word_1_1002' title='bbox 3297 5767 3344 5798; x_wconf 73' lang='lat'><strong>&quot;</strong></span> <span class='ocrx_word' id='word_1_1003' title='bbox 3373 5768 3414 5837; x_wconf 80' lang='grc' dir='ltr'><strong>Ῑ·</strong></span> 
     </span>
    </p>
   </div>
   <div class='ocr_carea' id='block_1_119' title="bbox 649 5853 1283 5918">
    <p class='ocr_par' dir='ltr' id='par_1_119' title="bbox 649 5853 1283 5918">
     <span class='ocr_line' id='line_1_119' title="bbox 649 5853 1283 5918; baseline 0.006 -4"><span class='ocrx_word' id='word_1_1004' title='bbox 649 5853 919 5917; x_wconf 77' lang='grc' dir='ltr'>ΡΑτιιοι..</span> <span class='ocrx_word' id='word_1_1005' title='bbox 958 5855 1076 5916; x_wconf 79' lang='lat' dir='ltr'><strong>Gn.</strong></span> <span class='ocrx_word' id='word_1_1006' title='bbox 1109 5856 1283 5918; x_wconf 78' lang='lat' dir='ltr'><strong>XIX.</strong></span> 
     </span>
    </p>
   </div>
   <div class='ocr_carea' id='block_1_120' title="bbox 3232 5863 3309 5922">
    <p class='ocr_par' dir='ltr' id='par_1_120' title="bbox 3232 5863 3309 5922">
     <span class='ocr_line' id='line_1_120' title="bbox 3232 5863 3309 5922; baseline -0.078 0"><span class='ocrx_word' id='word_1_1007' title='bbox 3232 5863 3309 5922; x_wconf 80' lang='grc' dir='ltr'><strong>ιιο</strong></span> 
     </span>
    </p>
   </div>
  </div>
