4132 6410
414 357 553 414 1259
1436 345 1526 399 ΑΒ
1565 343 1833 400 EUSEBII
1872 341 2014 399 ΕΗΒ

2120 342 2273 399 ICGN
2313 341 2693 397 APPENDIX.
3547 343 3684 399 1260

413 471 596 530 eundo
637 468 846 526 circulo
893 462 1142 537 ejusdem
1184 469 1318 518 rotae
1353 469 1486 517 sunt
1530 461 1826 531 inscriptae,
1868 459 1999 515 feria

2120 477 2208 514 mw
2241 459 2419 514 αὐτῶν
2458 461 2522 531 δὴ
2563 459 2670 512 τῶν
2698 459 3284 530 έννεαδεκαετηρίδων·
3331 460 3418 514 ἵνα
3467 459 3680 529 γνωσθῇ

414 559 758 622 conficiatur,
793 552 1372 626 compositis'invicem
1403 551 1533 606 anni
1582 551 1714 606 solis
1764 551 1994 621 epactis,

2120 551 2286 618 τιάσης
2318 551 2948 626 ἐννεακαιδεκαετηρίδος
2987 553 3104 616 ἔτος
3137 556 3216 618 εἰς
3239 554 3267 607 ὃ
3295 553 3335 606 ε’
3365 556 3460 608 καὶ
3488 553 3539 623 ι’,
3565 557 3598 627 ἢ
3627 557 3686 623 ἒξ

415 661 470 706 et
497 649 730 705 Romani
761 648 964 704 mensis
991 647 1204 710 diebus,
1236 658 1345 698 una
1377 657 1519 697 cum
1569 641 1865 696 rubricatis
1908 654 2001 694 re-

2120 644 2200 697 ιαὶ
2246 649 2299 706 ι’,
2325 646 2521 697 ἐκεῖνοι
2578 643 2674 715 τήν
2705 643 2745 697 δ’
2785 646 2879 698 κοιλ⁸
2922 643 2951 697 ι’
2988 644 3306 716 ψηφίζουσι,
3333 647 3530 700 πόστον
3569 648 3688 712 ἔτος

415 742 697 813 gularibus
745 758 759 796 :
811 754 875 793 ac
927 752 1140 792 summa
1189 753 1286 807 per
1330 753 1402 791 vn
1455 735 1651 790 deinde
1681 735 1874 790 divisa.
1920 733 2003 789 Ob

2120 736 2274 806 W00,
2301 738 2394 790 καὶ
2430 738 2588 800 ποίας
2622 739 3183 810 είκοσιοκταετηρίδος
3218 739 3543 811 καθέστηκε.
3579 743 3688 794 κάκ

417 835 560 888 hanc
607 833 756 888 enim
803 845 1026 886 causam
1075 829 1237 884 annis
1285 828 1426 882 luna:
1467 827 1676 881 solares
1698 826 1778 880 ad
1813 826 2002 880 laevam

2120 826 2212 880 τῶν
2247 826 2410 880 αὐτοῦ
2441 828 2766 899 προσφόρων
2790 828 3066 892 ἐπακτῶν,
3090 828 3199 882 τῶν
3219 829 3689 900 ἐγγεγραμμένων

419 926 788 998 adjunximus.
807 923 1082 978 Hactenus
1098 921 1165 976 de
1182 931 1317 976 rota;
1336 920 1600 975 medianae
1614 919 2001 988 descriptione.

2120 917 2250 971 κατὰ
2277 919 2368 972 τὸν
2397 916 2440 989 β’
2471 918 2668 972 κύκλον
2704 917 2797 972 τοῦ
2823 919 2990 972 αὐτοῦ
3019 919 3236 990 τροχοῦ,
3256 922 3299 990 -ή
3325 920 3424 990 τῆς
3457 919 3689 989 ἑϐδομά-

418 1015 508 1078 δος
555 1014 737 1087 ήμέρα
786 1012 1112 1083 διαγνωσθῇ,
1141 1013 1283 1066 κατά
1318 1029 1379 1065 τε
1422 1011 1520 1082 τὴν
1556 1010 1875 1083 συμπλοκὴν
1903 1008 2010 1062 τῶν
2039 1008 2133 1062 τοῦ
2180 1011 2334 1082 ἡλίου
2387 1011 2538 1075 ἔτους
2595 1011 2870 1076 ἔπακτῶν,
2937 1013 3030 1065 καὶ
3064 1013 3166 1082 τῆς
3209 1011 3308 1066 τοῦ
3381 1010 3688 1081 Ῥωμαῖκοῦ

423 1106 590 1178 μηνὸς
634 1107 919 1172 ποσταίας,
955 1106 1049 1159 καί⁸
1088 1104 1196 1158 τῶν
1241 1106 1348 1159 ἀπὸ
1398 1103 1623 1176 σηρικού
1673 1104 2004 1177 προσθετῶν,
2072 1106 2168 1158 καὶ
2212 1107 2312 1177 τῆς
2346 1108 2426 1170 εἰς
2459 1105 2502 1171 ζ’
2532 1106 2640 1159 τῶν
2683 1106 3090 1179 ἀθροιζομένων
3117 1107 3446 1170 ἀναλύσεως.
3471 1105 3689 1173 Ταύτης

421 1199 530 1270 γὰρ
565 1198 750 1251 ἕνεκεν
785 1199 886 1266 τῆς
913 1197 1091 1259 αἰτίας
1106 1199 1228 1260 τοῖς
1258 1195 1358 1265 τῆς
1387 1195 1616 1268 σελήνης
1641 1194 1784 1248 ἔτεσι
1807 1191 1992 1248 τὰτοῦ
2024 1194 2176 1265 ἡλίου
2219 1197 2584 1267 συνετάξαμεν
2618 1196 2712 1267 ἔτη
2735 1195 2794 1260 ἔξ
2826 1196 3138 1268 εὐωνύμων.
3189 1198 3373 1252 Ταῦτα
3424 1197 3553 1267 περὶ
3589 1195 3686 1264 τῆς

423 1291 481 1344 ὲν
511 1289 591 1361 τῷ
619 1290 771 1360 μέσῳ
794 1288 979 1360 τροχῷ
1003 1288 1329 1362 διαγραφῆς.

920 1420 999 1476 De
1022 1421 1212 1475 tabula
1258 1423 1496 1476 sinistra.

494 1532 582 1590 ΙΙΙ.
638 1531 717 1587 Ex
749 1531 963 1588 duabus
986 1533 1262 1599 .tabellis,
1319 1535 1520 1604 quibus
1563 1535 1818 1605 utrinque
1873 1544 1998 1590 rota

426 1625 686 1697 stipatur,
725 1639 849 1696 qua:
879 1624 946 1680 ad
977 1624 1258 1680 sinistram
1288 1625 1546 1682 deorsum
1575 1627 1749 1682 tendit
1796 1643 1827 1682 a
1852 1642 2001 1682 sum-

2350 1418 2486 1485 Περί
2527 1417 2642 1471 τοῦ·
2666 1416 2735 1481 ἐξ
2766 1416 3088 1485 εὐωνύμων
3125 1417 3431 1471 κανονίου.

2157 1533 2251 1586 -.I".
2291 1532 2372 1584 Τὰ
2392 1531 2449 1584 δὲ
2478 1529 2816 1602 ἑκατέρωθεν
2847 1529 2940 1582 δύο
2971 1529 3209 1595 κανόνια,
3243 1531 3302 1584 τὸ
3335 1532 3432 1602 μὲν
3461 1531 3521 1598 ἐξ
3545 1536 3686 1589 εὐω-

2106 1624 2290 1694 νύμων
2335 1623 2539 1677 ἄνωθεν
2588 1623 2679 1675 ἐπὶ
2732 1621 2800 1674 τὰ
2847 1621 2996 1675 κάτω
3047 1624 3367 1694 φερόμενον,
3422 1624 3685 1697 κέκτηται

426 1731 537 1782 mo,
563 1716 668 1770 ista
700 1717 948 1771 continet
969 1734 982 1770 :
1006 1715 1064 1770 in
1094 1716 1271 1786 primo
1301 1732 1464 1772 versu
1493 1727 1702 1788 septem
1733 1726 1862 1773 sunt
1884 1733 2000 1774 em-

2120 1715 2230 1768 τάδε
2251 1733 2263 1744 ·
2301 1717 2358 1767 έν
2390 1713 2468 1785 τῷ
2507 1721 2554 1768 α’
2602 1714 2768 1784 στίχῳ
2788 1730 2801 1744 ο
2835 1713 2962 1776 τούς
2992 1712 3034 1776 ζ’
3058 1714 3386 1785 ἐμϐολίμους
3421 1717 3595 1786 μῆνας
3626 1719 3685 1770 ὲν

427 1810 618 1866 bolimi
648 1823 869 1864 menses
918 1808 988 1862 ad
1022 1823 1154 1864 suos
1188 1809 1394 1880 quique
1431 1809 1576 1863 lunae
1619 1825 1794 1866 annos
1833 1810 2004 1865 ascri-

428 1901 542 1970 pti;
578 1901 634 1954 in
669 1898 937 1965 secundo,
971 1900 1101 1953 anni
1129 1899 1436 1964 .lunae'mx,
1476 1902 1570 1969 qui
1600 1916 1709 1955 non
1742 1915 1773 1953 a
1803 1901 2002 1972 primo,

429 1989 526 2045 red
552 2003 585 2043 a
614 1997 815 2061 quarto
845 1989 1119 2060 incipiunt
1153 2003 1332 2057 anno;
1376 1991 1433 2043 in
1463 1991 1644 2056 tertio,
1701 1993 1831 2045 anni
1864 1991 2008 2046 lunae

430 2096 527 2138 xix
552 2095 584 2136 a
618 2081 797 2150 primo
827 2081 1088 2151 deinceps
1115 2079 1311 2135 ordine
1339 2081 1777 2151 progredientes.
1809 2082 1868 2136 Id
1908 2098 2007 2137 au—

429 2181 541 2228 tem
572 2173 677 2226 hoc
707 2173 871 2228 etiam
911 2173 1034 2228 loco
1062 2179 1353 2242 propterea
1383 2173 1589 2228 factum
1617 2182 1720 2240 est,
1754 2181 1813 2229 ut
1846 2190 2009 2245 quem

430 2265 508 2319 illi
540 2264 780 2335 primum
811 2279 1017 2320 annum
1046 2264 1185 2321 luna;
1218 2274 1562 2336 computant,
1609 2268 1698 2323 hic
1731 2267 1878 2338 apud
1908 2283 2010 2324 nos

429 2371 557 2412 esse
592 2364 825 2427 quartus
863 2357 1188 2414 ostendatur
1219 2377 1232 2412 :
1259 2365 1313 2413 et
1338 2359 1619 2414 secundus
1652 2360 1902 2430 quintus,
1939 2369 2012 2413 at-

430 2463 538 2519 que
563 2447 639 2503 ita
670 2449 930 2519 deinceps
966 2465 1141 2520 usque
1171 2450 1239 2505 ad
1279 2467 1487 2507 annum
1528 2470 1640 2507 xix.
1695 2451 1804 2508 Sed
1834 2453 2013 2523 primo

429 2543 554 2596 loco
599 2555 775 2597 annos
824 2541 1148 2612 posuimus,
1181 2545 1638 2614 quemadmodum
1683 2561 1714 2599 a
1744 2546 1902 2601 nobis
1925 2562 2014 2602 ec-

432 2633 746 2690 clesiastica
791 2634 1009 2690 ratione
1057 2644 1447 2706 computantur
1487 2638 1735 2708 :qui‘bus
1790 2639 2011 2692 illorum

431 2725 646 2780 calculo
704 2732 1022 2781 numeratos
1070 2727 1451 2798 subjecimus:
1495 2729 1648 2799 quod
1707 2729 1881 2784 nostri
1933 2729 2014 2784 illi

432 2814 546 2870 veri
598 2828 662 2869 ac
693 2814 918 2886 legitimi
952 2817 1080 2871 sint.
1127 2814 1187 2870 ln
1218 2833 1273 2873 ιν
1317 2834 1533 2874 versum
1584 2827 1808 2888 epactas
1843 2834 2016 2875 anno-

433 2921 557 2962 rum
582 2906 948 2977 conjecimus,
978 2907 1082 2964 hoc
1131 2916 1215 2964 est
1248 2917 1465 2964 aetatem
1514 2911 1676 2978 lunae,
1711 2925 1833 2981 quae
1872 2925 2017 2965 anno

433 2997 558 3068 ejus
605 2996 848 3067 quolibet
889 2992 1184 3052 Januariis'
1218 2996 1481 3053 Kalendis
1531 3000 1824 3068 competit;
1874 2999 1932 3054 in
1985 3016 2018 3054 ν

2105 1813 2217 1872 τοῖς
2270 1809 2602 1878 προσήκουσι
2650 1807 2751 1877 τῆς
2804 1807 3030 1878 σελήνης
3067 1807 3214 1860 ἔτεσι
3270 1810 3681 1881 κατατεταγμέ-

2107 1914 2262 1961 νους’
2320 1897 2376 1949 ὲν
2421 1896 2501 1966 τῷ
2551 1895 2596 1966 β’
2631 1896 2796 1966 στίχῳ
2835 1896 2904 1949 τὰ
2934 1895 2998 1948 ιθ¹
3031 1896 3127 1966 τῆς
3157 1896 3383 1968 σελήνης
3417 1897 3533 1969 ἔτη,
3585 1899 3686 1952 οὐκ

2109 1984 2218 2040 ἀπὸ
2255 1984 2472 2056 πρώτου
2506 1983 2678 2047 ἔτους,
2731 1984 2846 2037 ἀλλ’
2871 1983 2979 2037 ἀπὸ
3020 1984 3060 2036 δ’
3084 1985 3183 2056 τὴν
3214 1985 3387 2057 ἀρχὴν
3415 1986 3680 2056 λαχόνταο

2110 2079 2168 2130 ὲν
2199 2076 2276 2146 τῷ
2311 2083 2357 2144 γ’
2399 2075 2570 2146 στίχῳ
2609 2076 2676 2128 τὰ
2711 2074 2773 2127 ιθ’
2801 2075 2900 2145 τῆς
2929 2076 3158 2146 σελήνης
3183 2075 3298 2146 ἐτη,
3335 2077 3442 2129 ἀπὸ
3467 2077 3685 2148 πρώτου

2110 2174 2263 2236 ἔτους
2308 2174 2429 2225 καθ’
2462 2172 2669 2242 ἐἱρμὸν
2716 2171 3045 2240 τεταγμένα.
3100 2171 3270 2224 Τοῦτο
3305 2172 3360 2224 δὲ
3407 2172 3684 2227 κάνταῦθα

2111 2265 2353 2334 γέγονεν,
2394 2264 2480 2316 ἵνα
2526 2264 2587 2315 τὸ
2636 2265 2764 2332 παρ’
2804 2263 3032 2325 ἐκείνοις
3076 2262 3442 2334 ψηφιζόμενον
3472 2265 3688 2337 πρῶτον

2109 2356 2207 2426 τῆς
2237 2355 2464 2425 σελήνης
2497 2353 2612 2417 ἔτος
2645 2353 2856 2426 δηλωθῇ
2904 2352 2944 2406 δ
2975 2354 3032 2406 ὃν
3059 2357 3186 2426 παρ’
3211 2358 3364 2427 ἡμῖν,
3401 2357 3492 2410 καὶ
3522 2358 3583 2410 τὸ
3617 2358 3688 2428 β,

2112 2453 2172 2513 ε’,
2205 2445 2299 2499 καὶ
2341 2445 2514 2508 οὕτως
2559 2448 2615 2499 ὲν
2667 2447 2778 2514 τοῖς
2826 2445 3059 2516 καθεξῆς
3088 2447 3212 2518 ἄχρι
3255 2448 3348 2500 τοῦ
3401 2449 3462 2502 ιθ¹
3513 2450 3691 2514 ἔτους.

2113 2540 2502 2612 Προετάγησαν
2541 2539 2606 2591 δὲ
2637 2537 2798 2592 πάλιν
2844 2538 2950 2592 τῶν
2993 2540 3223 2604 ἐκείνοις
3272 2541 3694 2613 ἀριθμουμένων

2112 2633 2181 2686 τὰ
2203 2633 2333 2702 παρ’
2368 2633 2521 2702 ἡμῖν,
2555 2631 2694 2684 κατὰ
2721 2630 2820 2702 τὴν
2847 2630 3307 2704 ἐκκλησιαστικὴν
3334 2633 3694 2706 ἐξαρίθμησιν

2113 2722 2476 2794 ψηφιζόμενα,
2516 2722 2604 2775 διὰ
2640 2722 2737 2793 τὴν
2789 2725 2846 2775 ὲν
2892 2723 3099 2788 τούτοις
3141 2725 3416 2798 ἀλήθειαν.
3481 2728 3569 2781 Ἐν
3615 2727 3694 2799 τῷ

2114 2817 2154 2869 δ’
2195 2816 2360 2886 στίχῳ
2405 2815 2502 2880 τὰς
2535 2815 2641 2868 τῶν
2674 2815 2808 2868 ἐτῶν
2854 2815 3119 2882 ὲπακτὰς,
3165 2818 3333 2887 ήγουν
3365 2817 3596 2890 ἡμέρας,
3626 2818 3696 2882 ἃς

2115 2905 2258 2976 ἔχειν
2311 2907 2418 2958 πᾶν
2471 2905 2590 2968 ἔτος
2615 2905 2853 2977 ’σελήνης
2897 2905 3214 2975 ψηφίζουσι,
3248 2908 3385 2960 κατὰ
3415 2909 3515 2979 τήν
3544 2909 3694 2980 πρώ-

2116 3013 2216 3067 την
2248 2995 2342 3049 τοῦ
2383 2996 2712 3068 ἰανουαρίου
2747 2995 2934 3067 μηνός
2961 2998 3019 3050 ὲν
3045 2995 3122 3067 τῷ
3150 3005 3190 3049 ε’
3232 2999 3398 3070 στίχῳ
3427 2998 3526 3062 τὰς
3553 2998 3698 3053 κατὰ

433 3100 620 3154 versu,
655 3097 867 3159 quartae
919 3087 1147 3143 decimae
1201 3089 1367 3158 primi
1395 3091 1603 3144 mensis
1639 3090 2014 3146 redundantes

2120 3089 2216 3159 τὴν
2238 3088 2840 3159 τεσσαρεσκαιδεκάτην
2864 3087 2957 3141 τοῦ
2983 3081 3199 3160 πρώτου
3229 3091 3394 3161 μηνὸς
3415 3091 3696 3164 περιττὰς,

435 3179 578 3246 dies,
605 3190 698 3236 aut
741 3180 1004 3252 aequales,
1034 3194 1156 3249 quae
1205 3188 1336 3235 sunt
1374 3179 1509 3250 ipsae
1535 3181 1760 3236 decimae
1782 3191 2009 3253 quartae.

437 3271 564 3328 Haec
594 3273 651 3328 in
680 3274 905 3329 sinistra
943 3273 1130 3327 tabula
1162 3275 1538 3330 continentur.

691 3407 770 3463 De
797 3408 997 3464 tabella
1023 3424 1140 3479 qua:
1172 3406 1240 3462 ad
1269 3407 1512 3462 dextram
1534 3410 1641 3465 sita
1669 3419 1768 3466 est.

516 3515 605 3572 IV.
647 3515 780 3588 Quae
809 3517 877 3572 ad
907 3518 1162 3574 dextrum
1188 3519 1341 3575 latus
1368 3527 1452 3575 est
1480 3520 1699 3585 tabella,
1728 3519 1785 3576 in
1810 3535 1970 3577 versu
2000 3537 2016 3575 ι

439 3623 617 3664 annos
659 3609 802 3664 lunae
837 3625 930 3664 xix
960 3609 1182 3665 exhibet
1223 3609 1479 3667 ineuntes
1508 3626 1540 3666 a
1567 3621 1794 3682 quarto,
1825 3613 2016 3669 eodem

439 3702 606 3772 plane
656 3701 839 3766 modo,
876 3715 987 3771 quo
1014 3702 1072 3756 in
1119 3701 1342 3756 sinistra
1375 3702 1637 3774 descripti
1675 3711 1803 3759 sunt
1835 3703 1888 3757 in
1920 3719 2019 3759 se-

441 3795 622 3850 cundo
665 3810 853 3858 versu,
916 3801 1040 3848 uta
1072 3795 1232 3850 nobis
1275 3796 1584 3866 computari
1631 3797 1840 3863 solent;
1890 3796 1945 3849 in
1981 3811 2020 3849 ιι

441 3897 609 3938 versu
659 3883 878 3940 illorum
917 3891 1126 3954 epactaa
1165 3891 1312 3946 sunt,
1349 3885 1466 3940 sive
1515 3885 1653 3950 dies,
1681 3893 1816 3955 quot
1843 3886 2020 3940 eccle-

443 3974 667 4030 siastiCo
712 3974 926 4030 calculo
969 3974 1145 4044 pridie
1169 3974 1440 4031 Kalendas
1479 3975 1681 4046 Aprilis
1709 3977 1856 4032 aetati
1882 3978 2024 4032 lunae

442 4066 686 4136 quolibet
718 4080 863 4120 anno
894 4065 1251 4134 tribuuntur;
1281 4065 1336 4120 in
1373 4081 1436 4119 ιιι
1475 4067 1585 4122 duo
1628 4082 1847 4124 menses
1897 4067 2024 4122 Ro-

443 4158 594 4213 mani
627 4163 780 4222 sunt,
829 4155 1060 4212 Martius
1091 4165 1146 4212 et
1195 4156 1442 4227 Aprilis;
1491 4158 1546 4212 in
1588 4173 1641 4212 tv
1682 4173 1844 4214 versu
1872 4174 2025 4214 men-

445 4242 589 4298 sium
616 4242 934 4298 eorumdem
962 4240 1102 4305 dies,
1144 4240 1203 4294 in
1237 4255 1378 4310 quos
1407 4241 1618 4296 decima
1640 4251 1836 4312 quarta
1860 4243 2022 4312 primi

445 4331 660 4389 Judaici
697 4334 907 4389 mensis
929 4331 1188 4396 incurrit,
1211 4331 1326 4386 sive
1350 4329 1561 4388 Pascha
1585 4333 1729 4403 quod
1760 4335 1837 4388 illi
1866 4341 2024 4404 quot-

2116 3177 2150 3248 ἧ
2186 3177 2281 3230 καὶ
2320 3177 2460 3243 ἴσας,
2498 3174 2608 3231 οἷον
2641 3177 2809 3241 αὐτὰς
2834 3178 2977 3246 λέγω
3017 3178 3118 3241 τὰς
3166 3178 3246 3232 ιδ’.
3284 3180 3468 3234 Ταῦτα
3503 3179 3602 3251 μὲν
3637 3179 3700 3233 τδ

2117 3269 2178 3333 ἐξ
2201 3269 2522 3340 εὐωνύμων.

2425 3406 2564 3475 Περὶ
2594 3405 2701 3459 τοῦ
2729 3405 2797 3458 ἐκ
2832 3403 3046 3471 δεξιῶν
3075 3407 3381 3460 κανονίου.

2190 3519 2262 3570 Δ’.
2304 3518 2376 3570 Τὸ
2409 3517 2466 3570 δὲ
2496 3519 2560 3570 ὲκ
2591 3516 2779 3584 δεξιῶν
2821 3519 2879 3570 ὲν
2909 3517 2988 3588 τῷ
3017 3524 3063 3570 α’
3101 3518 3269 3587 στίχῳ
3313 3518 3378 3570 τὰ
3410 3516 3473 3568 ιθ⁹
3499 3516 3696 3586 κέκτη-

2120 3628 2209 3663 ται
2251 3611 2350 3681 τῆς
2402 3610 2628 3682 σελήνης
2675 3611 2790 3679 ἔτη,
2839 3610 2948 3662 ἀπὸ
2978 3609 3019 3662 δ’
3057 3608 3209 3671 ἔτους
3254 3607 3351 3679 τὴν
3385 3607 3554 3678 ἀρχὴν
3594 3607 3698 3659 λα·

2123 3702 2304 3765 ὁόντα,
2339 3701 2475 3772 πρὸς
2505 3697 2603 3772 τὴν
2647 3702 2817 3771 αὐτὴν
2853 3702 2948 3754 καὶ
2995 3701 3114 3770 ἴσην
3149 3700 3432 3770 ἐγγραφὴν
3474 3699 3581 3752 τῶν
3635 3698 3698 3762 ἐξ,

2123 3793 2416 3864 εὐωνύμων
2475 3794 2824 3865 τεταγμένων
2887 3797 2943 3847 ἐν
2991 3793 3067 3863 τῷ
3112 3793 3162 3863 β’
3195 3793 3386 3862 στίχῳ,
3440 3792 3538 3844 καὶ
3570 3791 3698 3843 καθ’

2122 3885 2269 3954 ἡμᾶς
2294 3883 2677 3954 ψηφιζομένων
2708 3883 2843 3936 ὲτῶν
2864 3901 2878 3914 ³
2918 3887 2973 3936 ὲν
3015 3882 3092 3954 τῷ
3123 3883 3164 3954 β’
3197 3883 3364 3952 στίχῳ
3393 3882 3490 3944 τὰς
3519 3881 3702 3934 αὐτῶν

2124 3975 2384 4038 ὲπακτὰς,
2419 3975 2586 4044 ήγουν
2633 3975 2866 4047 ἡμέρας,
2913 3973 2980 4038 ἃς
3013 3973 3135 4045 ἕχον
3165 3975 3270 4026 πᾶν
3303 3972 3420 4035 ἔτος
3450 3971 3700 4042 εὑρίσκε-

2124 4083 2216 4118 ται
2248 4064 2390 4118 κατὰ
2415 4066 2515 4136 τὴν
2543 4065 2999 4136 έκκλησιαστικὴν
3047 4065 3224 4135 ψῆφον
3267 4066 3346 4127 εἰς
3397 4063 3496 4133 τὴν
3540 4079 3697 4133 τρια-

2127 4155 2263 4208 κάδα
2311 4161 2358 4206 α’
2394 4154 2488 4207 τοῦ
2533 4155 2780 4225 Μαρτίου
2821 4155 3020 4225 μηνός⁶
3060 4156 3116 4206 ἐν
3161 4153 3239 4224 τῷ
3267 4159 3314 4220 γ’
3359 4152 3527 4222 στίχῳ
3572 4153 3701 4215 τοὺς

2127 4245 2218 4298 δύο
2263 4246 2603 4317 Ῥωμαῖκούς
2645 4247 2834 4316 μῆνας,
2881 4247 3125 4316 Μάρτιον
3163 4246 3256 4296 καὶ
3301 4244 3602 4314 Ἀπρίλιον·
3639 4241 3701 4294 ὲν

2127 4337 2205 4407 τῷ
2232 4337 2271 4388 δ’
2306 4338 2471 4407 στίχῳ
2505 4338 2604 4401 τὰς
2634 4337 2811 4390 αὐτῶν
2838 4345 2948 4389 τῶν
2979 4336 3164 4406 μηνῶν
3199 4335 3479 4399 ποσταίας,
3510 4337 3566 4386 ἐν
3611 4327 3700 4394 αἷς

447 4424 608 4479 annis
648 4424 964 4492 celebrant;
987 4425 1044 4480 in
1073 4442 1105 4480 ν
1135 4425 1413 4497 regulares
1443 4425 1613 4480 rubro
1656 4426 1840 4482 colore
1865 4425 2016 4495 picti.

2130 4431 2364 4500 συναντᾷ
2410 4431 2624 4492 πάντως
2663 4431 2697 4500 ἡ
2756 4428 2796 4481 δ’
2845 4430 2939 4482 καὶ
2983 4435 3013 4480 ι’
3045 4428 3138 4481 τοῦ
3179 4427 3396 4499 πρώτου
3437 4425 3556 4479 καθ’
3610 4427 3701 4477 Ἑο-

446 4514 573 4570 Haec
604 4516 662 4570 in
712 4517 882 4573 altera
935 4517 1138 4572 tabella
1181 4517 1551 4587 reperiuntur.
1610 4516 1705 4573 Est
1753 4527 1934 4574 autem
1967 4519 2023 4573 in

447 4610 552 4664 hac
574 4608 765 4664 dextra
799 4609 997 4664 tabella
1025 4608 1309 4664 Paschalis
1333 4610 1633 4681 inscriptus
1685 4625 1882 4676 canon,
1924 4627 2020 4666 cu--

441 4699 540 4767 jus
569 4713 598 4751 a
635 4698 796 4753 nobis
833 4706 917 4754 est
953 4699 1203 4769 proxime
1249 4698 1523 4753 declarata
1554 4701 1715 4764 ratio,
1748 4708 1807 4755 ut
1859 4701 2025 4771 hujus

445 4804 550 4859 ope
588 4804 791 4843 annum
821 4790 1120 4859 quemlibet
1148 4789 1310 4854 lunae,
1345 4797 1510 4860 prout
1540 4791 1608 4845 ab
1636 4791 1746 4846 illis
1775 4799 2019 4862 putatur,

447 4888 610 4950 atque
662 4881 719 4938 in
752 4881 990 4936 secunda
1025 4881 1209 4936 tabula
1245 4882 1571 4951 proponitur
1599 4897 1629 4935 a
1657 4883 1841 4948 nobis,
1888 4899 2022 4939 nec-

449 4987 559 5027 non
593 4972 647 5026 in
683 4972 968 5041 interjecta
1000 4978 1140 5035 rota,
1161 4971 1390 5041 ejusque
1419 4971 1641 5027 circulis
1667 4972 1936 5043 quinque;
1965 4981 2024 5027 ut

449 5067 617 5128 hunc,
668 5064 917 5134 inquam,
955 5077 1183 5127 annum,
1215 5077 1325 5132 quo
1364 5078 1454 5116 xiv
1477 5061 1762 5118 Paschalis
1800 5064 2020 5118 illorum

450 5156 666 5211 calculo
698 5161 784 5210 est
805 5170 895 5219 xv,
942 5154 1027 5208 vel
1059 5169 1148 5208 xv:
1168 5193 1185 5218 ,
1231 5153 1324 5224 qui
1355 5155 1502 5210 volet
1527 5154 1771 5211 invenire
1822 5157 2017 5223 possit,

447 5257 502 5301 et
534 5254 726 5303 exacte
758 5246 1044 5303 subductis
1092 5246 1320 5302 calculis
1359 5249 1593 5317 probare
1641 5257 1824 5303 utrum
1856 5249 1932 5304 ita
1964 5265 2024 5306 se

447 5350 539 5390 res
571 5337 788 5402 habeat,
822 5337 904 5390 uti
935 5335 1310 5406 disputatione
1347 5345 1540 5392 nostra
1568 5339 1878 5395 docuimus.

2128 4520 2350 4590 ϐραίους
2408 4521 2594 4591 μηνὸς,
2631 4522 2795 4591 ’ήγουν
2828 4521 2886 4573 τὸ
2925 4520 3043 4573 κατ’
3083 4520 3280 4582 αὐτοὺς
3325 4518 3536 4588 Πάσχα,
3578 4517 3703 4570 καθ’

2127 4610 2356 4664 ἕκαστον
2415 4610 2564 4674 ἔτος·
2631 4613 2688 4665 ὲν
2719 4612 2796 4682 τῷ
2843 4617 2884 4663 ε’
2943 4611 3109 4682 στίχῳ
3156 4612 3256 4674 τὰς
3310 4612 3416 4664 ἀπὸ
3473 4609 3703 4682 σηρικοῦ

2128 4700 2447 4772 προσθετάς.
2486 4701 2670 4754 Ταῦτα
2697 4705 2800 4756 κάν
2839 4701 2915 4773 τῷ
2947 4702 3122 4773 δεξιῷ.
3157 4704 3432 4773 Διεγράφη
3477 4701 3532 4754 δὲ
3563 4702 3706 4754 κατὰ

2126 4791 2243 4842 τόδε
2280 4790 2340 4842 τὸ
2371 4789 2542 4854 δεξιὸν
2587 4791 2751 4863 μέρος
2796 4792 2858 4844 τὸ
2889 4792 2982 4844 τοῦ
3021 4792 3214 4862 Πάσχα
3257 4795 3524 4856 κανόνιον,
3573 4793 3705 4863 περὶ

2128 4872 2188 4933 οὐ
2214 4881 2312 4952 τὴν
2346 4879 2604 4950 ἐξήγησιν
2630 4881 2834 4952 ἀρτίως
2869 4883 3280 4952 πεποιήκαμεν⁹
3319 4883 3382 4935 ἵν’
3416 4884 3481 4935 ἐκ
3514 4883 3704 4935 τούτου

2130 4974 2237 5026 πᾶν
2275 4972 2392 5036 ἔτος
2430 4972 2657 5044 σελήνης
2686 4976 2776 5026 ὐπ’
2804 4975 3026 5027 ἐκείνων
3069 4975 3164 5043 μὲν
3199 4973 3587 5044 ψηφιζόμενον,
3615 4976 3705 5025 ὲν-

2130 5065 2292 5132 ταγὲν
2333 5065 2390 5118 δὲ
2430 5065 2524 5120 νῦν
2559 5067 2646 5134 ὑφ’
2680 5065 2835 5137 ήμῶν
2865 5065 2921 5119 ἔν
2969 5083 3028 5118 τε
3060 5066 3137 5136 τῷ
3171 5065 3434 5136 εὐωνύμῳ
3473 5067 3706 5136 κανονίῳ

2129 5159 2224 5209 καὶ
2253 5156 2330 5227 τῷ
2363 5158 2512 5228 μέσῳ
2542 5159 2718 5228 τροχῷ
2748 5159 2889 5211 κατὰ
2934 5158 3031 5220 τὰς
3061 5157 3206 5211 ἔνδον
3232 5157 3397 5221 οὐσας
3441 5165 3480 5210 ε’
3530 5157 3706 5222 ζώνας

2131 5248 2211 5310 εἰς
2239 5247 2266 5299 ὃ
2291 5254 2331 5300 ε’
2359 5249 2452 5303 καὶ
2485 5255 2535 5310 ι’,
2563 5249 2596 5319 ἢ
2630 5256 2680 5312 ς’
2703 5250 2796 5301 καὶ
2827 5249 2854 5300 ι’
2891 5248 2990 5318 τὴν
3020 5249 3312 5319 εἰρημένην
3344 5249 3386 5301 δ’
3421 5249 3516 5302 καὶ
3549 5257 3576 5302 ι’
3602 5249 3708 5320 ψη-

2132 5342 2396 5410 φίζουσιν,
2458 5341 2594 5414 εὐρῃ
2651 5345 2757 5408 πᾶς
2806 5344 2835 5396 ὁ
2894 5344 3240 5415 βουλόμενος,
3291 5347 3385 5398 καὶ
3437 5345 3705 5415 δοκιμάσῃ

449 5427 606 5480 τοῦτο
635 5427 699 5480 δι’
721 5427 1003 5499 ἀκριϐείας
1031 5426 1302 5500 ψηφίζων,
1332 5431 1380 5481 εἰ
1408 5429 1581 5494 οὕτως
1611 5430 1722 5501 ἔχοι
1747 5431 2024 5503 καθὼςτῷ
2056 5432 2198 5502 λόγῳ
2228 5431 2656 5503 διεστειλάμεθα.

685 5557 1093 5614 Demonstratur
1127 5561 1364 5643 exemplo
1405 5566 1522 5634 quis
1552 5566 1625 5619 sit
1660 5581 1790 5620 usus

1121 5648 1368 5688 canonis.

527 5732 590 5790 ν.
632 5735 744 5807 Age
772 5753 899 5794 vero
929 5746 1055 5796 ante
1099 5747 1281 5801 omnia
1311 5748 1415 5803 hoc
1446 5748 1623 5819 ipsum
1653 5748 1938 5819 faciamus,
1973 5759 2026 5807 et

2146 5568 2467 5640 ’Υπόδειξις
2497 5569 2603 5622 τοῦ
2649 5572 2889 5637 τρόπου,
2924 5573 3050 5623 καθ’
3079 5571 3150 5623 ὅν
3195 5588 3284 5636 τις
3337 5572 3706 5640 κεχρημένος

2205 5639 2429 5692 εἵσεται
2453 5641 2523 5693 τὰ
2550 5641 2619 5692 ἐν
2641 5636 2786 5706 τῷδε
2812 5642 2890 5706 τῷ
2919 5643 3179 5706 ica-rario)
3213 5636 3706 5711 διαγεῖᾗαοιιμένᾰ.

2209 5755 2282 5807 E'.
2327 5755 2434 5809 Καὶ
2466 5755 2570 5826 πρό
2597 5770 2659 5823 γε
2685 5755 2792 5808 τῶν
2819 5753 2993 5808 ἄλλων
3028 5755 3187 5824 ἡμεῖς
3213 5753 3369 5807 τοῦτο
3398 5755 3711 5826 ποιήσωμεν
