  <div class='ocr_page' id='page_1' title='image "/cluster/home/n/w/nwhite01/storage/ocr_20150623/19/nnc1.0037127454/652.png"; bbox 0 0 4132 6410; ppageno 0'>
   <div class='ocr_carea' id='block_1_1' title="bbox 439 446 575 502">
    <p class='ocr_par' dir='ltr' id='par_1_1' title="bbox 439 446 575 502">
     <span class='ocr_line' id='line_1_1' title="bbox 439 446 575 502; baseline 0 -1"><span class='ocrx_word' id='word_1_1' title='bbox 439 446 575 502; x_wconf 72' lang='grc'><strong>1261</strong></span> 
     </span>
    </p>
   </div>
   <div class='ocr_carea' id='block_1_2' title="bbox 1239 430 2872 498">
    <p class='ocr_par' dir='ltr' id='par_1_2' title="bbox 1239 430 2872 498">
     <span class='ocr_line' id='line_1_2' title="bbox 1239 430 2872 498; baseline -0.002 -1"><span class='ocrx_word' id='word_1_2' title='bbox 1239 442 1295 498; x_wconf 91' lang='lat' dir='ltr'><strong>S.</strong></span> <span class='ocrx_word' id='word_1_3' title='bbox 1336 441 1584 497; x_wconf 79' lang='lat' dir='ltr'><strong>MAXlMl</strong></span> <span class='ocrx_word' id='word_1_4' title='bbox 1621 438 1978 495; x_wconf 80' lang='lat' dir='ltr'><strong>MARTYRIS</strong></span> <span class='ocrx_word' id='word_1_5' title='bbox 2013 438 2393 496; x_wconf 82' lang='lat' dir='ltr'><strong>COMPUTUS</strong></span> <span class='ocrx_word' id='word_1_6' title='bbox 2429 430 2872 496; x_wconf 82' lang='lat' dir='ltr'><strong>ECCLESIAST.</strong></span> 
     </span>
    </p>
   </div>
   <div class='ocr_carea' id='block_1_3' title="bbox 3526 441 3665 496">
    <p class='ocr_par' dir='ltr' id='par_1_3' title="bbox 3526 441 3665 496">
     <span class='ocr_line' id='line_1_3' title="bbox 3526 441 3665 496; baseline 0 0"><span class='ocrx_word' id='word_1_7' title='bbox 3526 441 3665 496; x_wconf 72' lang='grc'><strong>1262</strong></span> 
     </span>
    </p>
   </div>
   <div class='ocr_carea' id='block_1_4' title="bbox 439 554 2016 629">
    <p class='ocr_par' dir='ltr' id='par_1_4' title="bbox 439 556 2011 629">
     <span class='ocr_line' id='line_1_4' title="bbox 439 556 2011 629; baseline -0.003 -15"><span class='ocrx_word' id='word_1_8' title='bbox 439 562 518 624; x_wconf 78' lang='grc' dir='ltr'><strong>εἰς</strong></span> <span class='ocrx_word' id='word_1_9' title='bbox 545 559 811 626; x_wconf 83' lang='grc' dir='ltr'>ὐπόδειξιν</span> <span class='ocrx_word' id='word_1_10' title='bbox 842 560 950 615; x_wconf 80' lang='grc' dir='ltr'><strong>τῶν</strong></span> <span class='ocrx_word' id='word_1_11' title='bbox 989 558 1444 629; x_wconf 73' lang='grc' dir='ltr'><strong>ἐντυγχανόντων,</strong></span> <span class='ocrx_word' id='word_1_12' title='bbox 1497 559 1560 613; x_wconf 80' lang='grc' dir='ltr'><strong>τὸ</strong></span> <span class='ocrx_word' id='word_1_13' title='bbox 1609 561 1740 628; x_wconf 80' lang='grc' dir='ltr'>παρ’</span> <span class='ocrx_word' id='word_1_14' title='bbox 1784 556 2011 621; x_wconf 77' lang='grc' dir='ltr'>ἐκείνοις</span> 
     </span>
    </p>
   </div>
   <div class='ocr_carea' id='block_1_5' title="bbox 2103 554 3678 629">
    <p class='ocr_par' dir='ltr' id='par_1_5' title="bbox 2111 554 3678 628">
     <span class='ocr_line' id='line_1_5' title="bbox 2111 554 3678 628; baseline 0 -15"><span class='ocrx_word' id='word_1_15' title='bbox 2111 567 2335 613; x_wconf 66' lang='lat' dir='ltr'><strong>cmteros</strong></span> <span class='ocrx_word' id='word_1_16' title='bbox 2366 556 2616 626; x_wconf 88' lang='lat' dir='ltr'><strong>exemplo</strong></span> <span class='ocrx_word' id='word_1_17' title='bbox 2648 554 2965 623; x_wconf 84' lang='lat' dir='ltr'><strong>doceamus,</strong></span> <span class='ocrx_word' id='word_1_18' title='bbox 3004 557 3285 627; x_wconf 88' lang='lat' dir='ltr'><strong>proposito</strong></span> <span class='ocrx_word' id='word_1_19' title='bbox 3316 571 3461 612; x_wconf 92' lang='lat' dir='ltr'><strong>anno</strong></span> <span class='ocrx_word' id='word_1_20' title='bbox 3488 571 3556 613; x_wconf 92' lang='lat' dir='ltr'><strong>eo</strong></span> <span class='ocrx_word' id='word_1_21' title='bbox 3583 560 3678 628; x_wconf 86' lang='lat' dir='ltr'><strong>qui</strong></span> 
     </span>
    </p>
   </div>
   <div class='ocr_carea' id='block_1_6' title="bbox 437 648 2007 724">
    <p class='ocr_par' dir='ltr' id='par_1_6' title="bbox 437 648 2007 724">
     <span class='ocr_line' id='line_1_6' title="bbox 437 648 2007 724; baseline -0.002 -20"><span class='ocrx_word' id='word_1_22' title='bbox 437 650 500 715; x_wconf 68' lang='grc' dir='ltr'><strong>ἐξ</strong></span> <span class='ocrx_word' id='word_1_23' title='bbox 530 652 625 704; x_wconf 76' lang='grc' dir='ltr'><strong>καὶ</strong></span> <span class='ocrx_word' id='word_1_24' title='bbox 670 649 698 705; x_wconf 88' lang='grc' dir='ltr'>ι’</span> <span class='ocrx_word' id='word_1_25' title='bbox 725 653 823 723; x_wconf 86' lang='grc' dir='ltr'>τῆς</span> <span class='ocrx_word' id='word_1_26' title='bbox 862 652 1093 724; x_wconf 81' lang='grc' dir='ltr'><strong>σελήνης</strong></span> <span class='ocrx_word' id='word_1_27' title='bbox 1125 652 1265 715; x_wconf 74' lang='grc' dir='ltr'>ἔτος,</span> <span class='ocrx_word' id='word_1_28' title='bbox 1298 653 1428 722; x_wconf 85' lang='grc' dir='ltr'>ἡμῖν</span> <span class='ocrx_word' id='word_1_29' title='bbox 1466 651 1522 705; x_wconf 81' lang='grc' dir='ltr'>δὲ</span> <span class='ocrx_word' id='word_1_30' title='bbox 1562 648 1931 721; x_wconf 76' lang='grc' dir='ltr'>ψηφιζόμενον</span> <span class='ocrx_word' id='word_1_31' title='bbox 1963 648 2007 700; x_wconf 75' lang='grc' dir='ltr'>θ’</span> 
     </span>
    </p>
   </div>
   <div class='ocr_carea' id='block_1_7' title="bbox 437 739 2008 814">
    <p class='ocr_par' dir='ltr' id='par_1_7' title="bbox 437 739 2008 814">
     <span class='ocr_line' id='line_1_7' title="bbox 437 739 2008 814; baseline -0.001 -20"><span class='ocrx_word' id='word_1_32' title='bbox 437 743 533 796; x_wconf 75' lang='grc' dir='ltr'><strong>καὶ</strong></span> <span class='ocrx_word' id='word_1_33' title='bbox 562 748 612 808; x_wconf 83' lang='grc' dir='ltr'>ι’,</span> <span class='ocrx_word' id='word_1_34' title='bbox 647 743 727 806; x_wconf 85' lang='grc' dir='ltr'><strong>εἰς</strong></span> <span class='ocrx_word' id='word_1_35' title='bbox 776 742 937 813; x_wconf 90' lang='grc' dir='ltr'>μέσον</span> <span class='ocrx_word' id='word_1_36' title='bbox 975 742 1287 814; x_wconf 83' lang='grc' dir='ltr'><strong>προθέντες.</strong></span> <span class='ocrx_word' id='word_1_37' title='bbox 1326 743 1421 805; x_wconf 89' lang='grc' dir='ltr'>Εἰς</span> <span class='ocrx_word' id='word_1_38' title='bbox 1448 741 1605 795; x_wconf 89' lang='grc' dir='ltr'>τοῦτο</span> <span class='ocrx_word' id='word_1_39' title='bbox 1633 742 1742 813; x_wconf 86' lang='grc' dir='ltr'><strong>γάρ</strong></span> <span class='ocrx_word' id='word_1_40' title='bbox 1784 739 1844 794; x_wconf 84' lang='grc' dir='ltr'><strong>τὸ</strong></span> <span class='ocrx_word' id='word_1_41' title='bbox 1890 739 2008 803; x_wconf 83' lang='grc' dir='ltr'>ἑτος</span> 
     </span>
    </p>
   </div>
   <div class='ocr_carea' id='block_1_8' title="bbox 437 833 2008 915">
    <p class='ocr_par' dir='ltr' id='par_1_8' title="bbox 437 833 2008 915">
     <span class='ocr_line' id='line_1_8' title="bbox 437 833 2008 915; baseline 0 -29"><span class='ocrx_word' id='word_1_42' title='bbox 437 833 904 904; x_wconf 79' lang='grc' dir='ltr'>ἑπτακαιδεκάτην</span> <span class='ocrx_word' id='word_1_43' title='bbox 941 833 1035 888; x_wconf 88' lang='grc' dir='ltr'><strong>τοῦ</strong></span> <span class='ocrx_word' id='word_1_44' title='bbox 1076 836 1217 889; x_wconf 82' lang='grc' dir='ltr'>κατὰ</span> <span class='ocrx_word' id='word_1_45' title='bbox 1257 835 1557 905; x_wconf 84' lang='grc' dir='ltr'><strong>Ῥωμαίους</strong></span> <span class='ocrx_word' id='word_1_46' title='bbox 1594 833 1868 915; x_wconf 83' lang='grc' dir='ltr'>Ἀπριλίου</span> <span class='ocrx_word' id='word_1_47' title='bbox 1899 851 2008 905; x_wconf 87' lang='grc' dir='ltr'>μη-</span> 
     </span>
    </p>
   </div>
   <div class='ocr_carea' id='block_1_9' title="bbox 436 928 2007 1001">
    <p class='ocr_par' dir='ltr' id='par_1_9' title="bbox 436 928 2007 1001">
     <span class='ocr_line' id='line_1_9' title="bbox 436 928 2007 1001; baseline 0.002 -19"><span class='ocrx_word' id='word_1_48' title='bbox 436 928 525 992; x_wconf 79' lang='grc' dir='ltr'>νὸς</span> <span class='ocrx_word' id='word_1_49' title='bbox 570 929 657 982; x_wconf 77' lang='grc' dir='ltr'>ἀεὶ</span> <span class='ocrx_word' id='word_1_50' title='bbox 701 930 793 984; x_wconf 75' lang='grc' dir='ltr'><strong>καὶ</strong></span> <span class='ocrx_word' id='word_1_51' title='bbox 836 930 1051 993; x_wconf 88' lang='grc' dir='ltr'>πάντως</span> <span class='ocrx_word' id='word_1_52' title='bbox 1096 931 1130 1001; x_wconf 89' lang='grc' dir='ltr'><strong>ἡ</strong></span> <span class='ocrx_word' id='word_1_53' title='bbox 1178 930 1220 983; x_wconf 84' lang='grc' dir='ltr'>δ’</span> <span class='ocrx_word' id='word_1_54' title='bbox 1262 930 1356 983; x_wconf 76' lang='grc' dir='ltr'><strong>καὶ</strong></span> <span class='ocrx_word' id='word_1_55' title='bbox 1415 935 1443 982; x_wconf 80' lang='grc' dir='ltr'>ι’</span> <span class='ocrx_word' id='word_1_56' title='bbox 1494 928 1684 982; x_wconf 81' lang='grc' dir='ltr'>πίπτει</span> <span class='ocrx_word' id='word_1_57' title='bbox 1735 928 1830 983; x_wconf 89' lang='grc' dir='ltr'><strong>τοῦ</strong></span> <span class='ocrx_word' id='word_1_58' title='bbox 1885 931 2007 985; x_wconf 80' lang='grc' dir='ltr'>καθ’</span> 
     </span>
    </p>
   </div>
   <div class='ocr_carea' id='block_1_10' title="bbox 444 1018 2007 1095">
    <p class='ocr_par' dir='ltr' id='par_1_10' title="bbox 444 1018 2007 1095">
     <span class='ocr_line' id='line_1_10' title="bbox 444 1018 2007 1095; baseline 0.002 -22"><span class='ocrx_word' id='word_1_59' title='bbox 444 1018 730 1092; x_wconf 81' lang='grc' dir='ltr'>Ἐϐραίους</span> <span class='ocrx_word' id='word_1_60' title='bbox 780 1020 997 1093; x_wconf 82' lang='grc' dir='ltr'>πρώτου</span> <span class='ocrx_word' id='word_1_61' title='bbox 1041 1022 1229 1092; x_wconf 90' lang='grc' dir='ltr'>μηνός.</span> <span class='ocrx_word' id='word_1_62' title='bbox 1269 1020 1369 1075; x_wconf 82' lang='grc' dir='ltr'><strong>Διὰ</strong></span> <span class='ocrx_word' id='word_1_63' title='bbox 1401 1019 1558 1074; x_wconf 84' lang='grc' dir='ltr'>τοῦτο</span> <span class='ocrx_word' id='word_1_64' title='bbox 1588 1020 1696 1093; x_wconf 86' lang='grc' dir='ltr'>γὰρ</span> <span class='ocrx_word' id='word_1_65' title='bbox 1724 1022 1818 1075; x_wconf 82' lang='grc' dir='ltr'>καὶ</span> <span class='ocrx_word' id='word_1_66' title='bbox 1845 1023 1902 1076; x_wconf 83' lang='grc' dir='ltr'><strong>ἐν</strong></span> <span class='ocrx_word' id='word_1_67' title='bbox 1929 1023 2007 1095; x_wconf 83' lang='grc' dir='ltr'><strong>τῷ</strong></span> 
     </span>
    </p>
   </div>
   <div class='ocr_carea' id='block_1_11' title="bbox 434 1107 2007 1183">
    <p class='ocr_par' dir='ltr' id='par_1_11' title="bbox 434 1107 2007 1183">
     <span class='ocr_line' id='line_1_11' title="bbox 434 1107 2007 1183; baseline 0.003 -22"><span class='ocrx_word' id='word_1_68' title='bbox 434 1108 593 1179; x_wconf 81' lang='grc' dir='ltr'>δεξιῷ</span> <span class='ocrx_word' id='word_1_69' title='bbox 620 1109 849 1181; x_wconf 82' lang='grc' dir='ltr'>κανονίφ</span> <span class='ocrx_word' id='word_1_70' title='bbox 889 1110 1092 1182; x_wconf 85' lang='grc' dir='ltr'>ταύτην</span> <span class='ocrx_word' id='word_1_71' title='bbox 1116 1110 1218 1181; x_wconf 84' lang='grc' dir='ltr'>τὴν</span> <span class='ocrx_word' id='word_1_72' title='bbox 1248 1107 1313 1173; x_wconf 82' lang='grc' dir='ltr'><strong>ιζ’</strong></span> <span class='ocrx_word' id='word_1_73' title='bbox 1341 1111 1421 1174; x_wconf 87' lang='grc' dir='ltr'><strong>εἰς</strong></span> <span class='ocrx_word' id='word_1_74' title='bbox 1447 1109 1608 1165; x_wconf 85' lang='grc' dir='ltr'>αὐτὸν</span> <span class='ocrx_word' id='word_1_75' title='bbox 1633 1110 2007 1183; x_wconf 80' lang='grc' dir='ltr'>κατετάξαμεν</span> 
     </span>
    </p>
   </div>
   <div class='ocr_carea' id='block_1_12' title="bbox 434 1200 2008 1273">
    <p class='ocr_par' dir='ltr' id='par_1_12' title="bbox 434 1200 2008 1273">
     <span class='ocr_line' id='line_1_12' title="bbox 434 1200 2008 1273; baseline 0.003 -21"><span class='ocrx_word' id='word_1_76' title='bbox 434 1200 525 1253; x_wconf 77' lang='grc' dir='ltr'><strong>τὸν</strong></span> <span class='ocrx_word' id='word_1_77' title='bbox 565 1200 859 1271; x_wconf 82' lang='grc' dir='ltr'>Ἀπρίλιον.</span> <span class='ocrx_word' id='word_1_78' title='bbox 898 1201 1107 1256; x_wconf 90' lang='grc' dir='ltr'>Οὐκοῦν</span> <span class='ocrx_word' id='word_1_79' title='bbox 1129 1201 1228 1265; x_wconf 85' lang='grc' dir='ltr'>τὰς</span> <span class='ocrx_word' id='word_1_80' title='bbox 1256 1201 1364 1255; x_wconf 82' lang='grc' dir='ltr'>ἀπὸ</span> <span class='ocrx_word' id='word_1_81' title='bbox 1389 1200 1610 1273; x_wconf 82' lang='grc' dir='ltr'><strong>πρώτης</strong></span> <span class='ocrx_word' id='word_1_82' title='bbox 1634 1202 1730 1255; x_wconf 90' lang='grc' dir='ltr'><strong>τοῦ</strong></span> <span class='ocrx_word' id='word_1_83' title='bbox 1773 1204 2008 1257; x_wconf 86' lang='grc' dir='ltr'>Ἰανουα-</span> 
     </span>
    </p>
   </div>
   <div class='ocr_carea' id='block_1_13' title="bbox 436 1289 2003 1367">
    <p class='ocr_par' dir='ltr' id='par_1_13' title="bbox 436 1289 2003 1367">
     <span class='ocr_line' id='line_1_13' title="bbox 436 1289 2003 1367; baseline 0.003 -23"><span class='ocrx_word' id='word_1_84' title='bbox 436 1292 553 1362; x_wconf 84' lang='grc' dir='ltr'>ρίου</span> <span class='ocrx_word' id='word_1_85' title='bbox 592 1292 756 1362; x_wconf 83' lang='grc' dir='ltr'>μηνὸς</span> <span class='ocrx_word' id='word_1_86' title='bbox 791 1292 919 1363; x_wconf 79' lang='grc' dir='ltr'>ἄχρι</span> <span class='ocrx_word' id='word_1_87' title='bbox 952 1290 1054 1363; x_wconf 81' lang='grc' dir='ltr'>τῆς</span> <span class='ocrx_word' id='word_1_88' title='bbox 1084 1289 1178 1346; x_wconf 86' lang='grc' dir='ltr'><strong>τοῦ</strong></span> <span class='ocrx_word' id='word_1_89' title='bbox 1220 1293 1495 1364; x_wconf 84' lang='grc' dir='ltr'>Ἀπριλίου</span> <span class='ocrx_word' id='word_1_90' title='bbox 1531 1293 1595 1356; x_wconf 77' lang='grc' dir='ltr'><strong>ιζ’</strong></span> <span class='ocrx_word' id='word_1_91' title='bbox 1638 1294 2003 1367; x_wconf 72' lang='grc' dir='ltr'>ἀθροίζοντες,</span> 
     </span>
    </p>
   </div>
   <div class='ocr_carea' id='block_1_14' title="bbox 433 1380 2004 1457">
    <p class='ocr_par' dir='ltr' id='par_1_14' title="bbox 433 1380 2004 1457">
     <span class='ocr_line' id='line_1_14' title="bbox 433 1380 2004 1457; baseline 0.004 -23"><span class='ocrx_word' id='word_1_92' title='bbox 433 1381 692 1455; x_wconf 80' lang='grc' dir='ltr'>ποιοῦμεν</span> <span class='ocrx_word' id='word_1_93' title='bbox 731 1383 943 1455; x_wconf 87' lang='grc' dir='ltr'>ἡμέρας</span> <span class='ocrx_word' id='word_1_94' title='bbox 978 1384 1089 1455; x_wconf 57' lang='grc' dir='ltr'><strong>ρξ’</strong></span> <span class='ocrx_word' id='word_1_95' title='bbox 1129 1380 1473 1439; x_wconf 76' lang='grc' dir='ltr'>εἷτα-λοιπὸν</span> <span class='ocrx_word' id='word_1_96' title='bbox 1505 1385 1592 1439; x_wconf 78' lang='grc' dir='ltr'>διὰ</span> <span class='ocrx_word' id='word_1_97' title='bbox 1633 1386 1733 1456; x_wconf 81' lang='grc' dir='ltr'><strong>μὲν</strong></span> <span class='ocrx_word' id='word_1_98' title='bbox 1757 1386 1857 1457; x_wconf 85' lang='grc' dir='ltr'>τῆς</span> <span class='ocrx_word' id='word_1_99' title='bbox 1894 1386 2004 1440; x_wconf 83' lang='grc' dir='ltr'><strong>τῶν</strong></span> 
     </span>
    </p>
   </div>
   <div class='ocr_carea' id='block_1_15' title="bbox 437 1471 2006 1545">
    <p class='ocr_par' dir='ltr' id='par_1_15' title="bbox 437 1471 2006 1545">
     <span class='ocr_line' id='line_1_15' title="bbox 437 1471 2006 1545; baseline 0.003 -19"><span class='ocrx_word' id='word_1_100' title='bbox 437 1479 511 1537; x_wconf 85' lang='grc' dir='ltr'>ις’</span> <span class='ocrx_word' id='word_1_101' title='bbox 545 1471 679 1526; x_wconf 84' lang='grc' dir='ltr'>ἑτῶν</span> <span class='ocrx_word' id='word_1_102' title='bbox 704 1472 1135 1537; x_wconf 86' lang='grc' dir='ltr'>πενταπλώσεως</span> <span class='ocrx_word' id='word_1_103' title='bbox 1161 1481 1236 1540; x_wconf 72' lang='grc' dir='ltr'>π’,</span> <span class='ocrx_word' id='word_1_104' title='bbox 1270 1474 1359 1529; x_wconf 82' lang='grc' dir='ltr'>διὰ</span> <span class='ocrx_word' id='word_1_105' title='bbox 1386 1475 1443 1529; x_wconf 85' lang='grc' dir='ltr'>δὲ</span> <span class='ocrx_word' id='word_1_106' title='bbox 1470 1476 1572 1545; x_wconf 85' lang='grc' dir='ltr'><strong>τῆς</strong></span> <span class='ocrx_word' id='word_1_107' title='bbox 1597 1477 1707 1530; x_wconf 83' lang='grc' dir='ltr'><strong>τῶν</strong></span> <span class='ocrx_word' id='word_1_108' title='bbox 1751 1480 1873 1532; x_wconf 86' lang='grc' dir='ltr'>κατ’</span> <span class='ocrx_word' id='word_1_109' title='bbox 1907 1479 2006 1531; x_wconf 88' lang='grc' dir='ltr'>αὐ-</span> 
     </span>
    </p>
   </div>
   <div class='ocr_carea' id='block_1_16' title="bbox 431 1565 2004 1639">
    <p class='ocr_par' dir='ltr' id='par_1_16' title="bbox 431 1565 2004 1639">
     <span class='ocr_line' id='line_1_16' title="bbox 431 1565 2004 1639; baseline 0.003 -21"><span class='ocrx_word' id='word_1_110' title='bbox 431 1565 530 1629; x_wconf 83' lang='grc' dir='ltr'>τὰς</span> <span class='ocrx_word' id='word_1_111' title='bbox 556 1565 859 1638; x_wconf 80' lang='grc' dir='ltr'>ἑξηκοστῶν</span> <span class='ocrx_word' id='word_1_112' title='bbox 890 1565 1213 1636; x_wconf 79' lang='grc' dir='ltr'>ἀναλήψεως</span> <span class='ocrx_word' id='word_1_113' title='bbox 1244 1573 1295 1635; x_wconf 85' lang='grc' dir='ltr'>γ’</span> <span class='ocrx_word' id='word_1_114' title='bbox 1315 1584 1328 1597; x_wconf 93' lang='grc'><strong>·</strong></span> <span class='ocrx_word' id='word_1_115' title='bbox 1368 1565 1455 1620; x_wconf 85' lang='grc' dir='ltr'>διὰ</span> <span class='ocrx_word' id='word_1_116' title='bbox 1485 1567 1540 1620; x_wconf 79' lang='grc' dir='ltr'><strong>δὲ</strong></span> <span class='ocrx_word' id='word_1_117' title='bbox 1571 1567 1731 1622; x_wconf 83' lang='grc' dir='ltr'>πάλιν</span> <span class='ocrx_word' id='word_1_118' title='bbox 1769 1569 1869 1639; x_wconf 86' lang='grc' dir='ltr'>τῆς</span> <span class='ocrx_word' id='word_1_119' title='bbox 1905 1570 2004 1622; x_wconf 87' lang='grc' dir='ltr'>αὐ-</span> 
     </span>
    </p>
   </div>
   <div class='ocr_carea' id='block_1_17' title="bbox 430 1655 2002 1725">
    <p class='ocr_par' dir='ltr' id='par_1_17' title="bbox 430 1655 2002 1725">
     <span class='ocr_line' id='line_1_17' title="bbox 430 1655 2002 1725; baseline 0.003 -16"><span class='ocrx_word' id='word_1_120' title='bbox 430 1655 540 1709; x_wconf 85' lang='grc' dir='ltr'><strong>τῶν</strong></span> <span class='ocrx_word' id='word_1_121' title='bbox 565 1655 674 1710; x_wconf 85' lang='grc' dir='ltr'><strong>τῶν</strong></span> <span class='ocrx_word' id='word_1_122' title='bbox 711 1662 786 1721; x_wconf 80' lang='grc' dir='ltr'>ις’</span> <span class='ocrx_word' id='word_1_123' title='bbox 813 1657 951 1710; x_wconf 80' lang='grc' dir='ltr'>ἑτῶν</span> <span class='ocrx_word' id='word_1_124' title='bbox 998 1655 1354 1721; x_wconf 82' lang='grc' dir='ltr'>ἑξαπλώσεως</span> <span class='ocrx_word' id='word_1_125' title='bbox 1396 1658 1509 1725; x_wconf 61' lang='grc' dir='ltr'>ις’.</span> <span class='ocrx_word' id='word_1_126' title='bbox 1578 1659 1668 1722; x_wconf 83' lang='grc' dir='ltr'>Ὠς</span> <span class='ocrx_word' id='word_1_127' title='bbox 1715 1656 1853 1716; x_wconf 80' lang='grc' dir='ltr'>εἶναι</span> <span class='ocrx_word' id='word_1_128' title='bbox 1903 1661 2002 1725; x_wconf 85' lang='grc' dir='ltr'>τὰς</span> 
     </span>
    </p>
   </div>
   <div class='ocr_carea' id='block_1_18' title="bbox 433 1746 2003 1825">
    <p class='ocr_par' dir='ltr' id='par_1_18' title="bbox 433 1746 2003 1825">
     <span class='ocr_line' id='line_1_18' title="bbox 433 1746 2003 1825; baseline 0.005 -26"><span class='ocrx_word' id='word_1_129' title='bbox 433 1746 611 1811; x_wconf 88' lang='grc' dir='ltr'>πάσας</span> <span class='ocrx_word' id='word_1_130' title='bbox 644 1754 774 1813; x_wconf 80' lang='grc' dir='ltr'>σπς¹</span> <span class='ocrx_word' id='word_1_131' title='bbox 796 1765 809 1778; x_wconf 86' lang='grc'><strong>·</strong></span> <span class='ocrx_word' id='word_1_132' title='bbox 839 1748 904 1811; x_wconf 76' lang='grc' dir='ltr'>ἂς</span> <span class='ocrx_word' id='word_1_133' title='bbox 931 1749 1010 1811; x_wconf 87' lang='grc' dir='ltr'><strong>εἰς</strong></span> <span class='ocrx_word' id='word_1_134' title='bbox 1037 1747 1128 1802; x_wconf 83' lang='grc' dir='ltr'>τὸν</span> <span class='ocrx_word' id='word_1_135' title='bbox 1171 1749 1215 1801; x_wconf 90' lang='grc' dir='ltr'>λ’</span> <span class='ocrx_word' id='word_1_136' title='bbox 1251 1748 1586 1822; x_wconf 81' lang='grc' dir='ltr'>μερίζοντες,</span> <span class='ocrx_word' id='word_1_137' title='bbox 1619 1751 1678 1815; x_wconf 84' lang='grc' dir='ltr'>ἓξ</span> <span class='ocrx_word' id='word_1_138' title='bbox 1726 1753 1819 1806; x_wconf 74' lang='grc' dir='ltr'><strong>καὶ</strong></span> <span class='ocrx_word' id='word_1_139' title='bbox 1852 1760 1882 1806; x_wconf 85' lang='grc' dir='ltr'>ι’</span> <span class='ocrx_word' id='word_1_140' title='bbox 1906 1754 2003 1825; x_wconf 82' lang='grc' dir='ltr'>τὴν</span> 
     </span>
    </p>
   </div>
   <div class='ocr_carea' id='block_1_19' title="bbox 430 1836 2002 1916">
    <p class='ocr_par' dir='ltr' id='par_1_19' title="bbox 430 1836 2002 1916">
     <span class='ocr_line' id='line_1_19' title="bbox 430 1836 2002 1916; baseline 0.004 -24"><span class='ocrx_word' id='word_1_141' title='bbox 430 1836 525 1892; x_wconf 80' lang='grc' dir='ltr'><strong>τοῦ</strong></span> <span class='ocrx_word' id='word_1_142' title='bbox 558 1836 774 1907; x_wconf 89' lang='grc' dir='ltr'>πρώτου</span> <span class='ocrx_word' id='word_1_143' title='bbox 812 1838 979 1911; x_wconf 75' lang='grc' dir='ltr'>μηνὸς</span> <span class='ocrx_word' id='word_1_144' title='bbox 1027 1839 1068 1892; x_wconf 86' lang='grc' dir='ltr'>δ’</span> <span class='ocrx_word' id='word_1_145' title='bbox 1117 1840 1212 1893; x_wconf 79' lang='grc' dir='ltr'><strong>καὶ</strong></span> <span class='ocrx_word' id='word_1_146' title='bbox 1240 1839 1276 1892; x_wconf 83' lang='grc' dir='ltr'>ι’</span> <span class='ocrx_word' id='word_1_147' title='bbox 1306 1840 1650 1912; x_wconf 79' lang='grc' dir='ltr'>εὑρίσκομεν.</span> <span class='ocrx_word' id='word_1_148' title='bbox 1697 1844 1913 1916; x_wconf 82' lang='grc' dir='ltr'>Ταύτην</span> <span class='ocrx_word' id='word_1_149' title='bbox 1945 1845 2002 1898; x_wconf 84' lang='grc' dir='ltr'>δὲ</span> 
     </span>
    </p>
   </div>
   <div class='ocr_carea' id='block_1_20' title="bbox 2111 648 3678 713">
    <p class='ocr_par' dir='ltr' id='par_1_20' title="bbox 2111 648 3678 713">
     <span class='ocr_line' id='line_1_20' title="bbox 2111 648 3678 713; baseline 0.002 -11"><span class='ocrx_word' id='word_1_150' title='bbox 2111 648 2180 703; x_wconf 89' lang='lat' dir='ltr'><strong>ab</strong></span> <span class='ocrx_word' id='word_1_151' title='bbox 2210 648 2319 703; x_wconf 82' lang='lat' dir='ltr'>illis</span> <span class='ocrx_word' id='word_1_152' title='bbox 2346 648 2488 703; x_wconf 83' lang='lat' dir='ltr'><strong>lunae</strong></span> <span class='ocrx_word' id='word_1_153' title='bbox 2512 664 2623 713; x_wconf 78' lang='lat' dir='ltr'><strong>xvr,</strong></span> <span class='ocrx_word' id='word_1_154' title='bbox 2656 663 2688 702; x_wconf 89' lang='lat' dir='ltr'><strong>a</strong></span> <span class='ocrx_word' id='word_1_155' title='bbox 2718 648 2876 704; x_wconf 89' lang='lat' dir='ltr'><strong>nobis</strong></span> <span class='ocrx_word' id='word_1_156' title='bbox 2914 664 3005 703; x_wconf 81' lang='lat' dir='ltr'><strong>xix</strong></span> <span class='ocrx_word' id='word_1_157' title='bbox 3027 658 3363 705; x_wconf 86' lang='lat' dir='ltr'><strong>numeratur.</strong></span> <span class='ocrx_word' id='word_1_158' title='bbox 3391 648 3507 704; x_wconf 84' lang='lat' dir='ltr'><strong>Hoc</strong></span> <span class='ocrx_word' id='word_1_159' title='bbox 3530 652 3678 706; x_wconf 89' lang='lat' dir='ltr'><strong>enim</strong></span> 
     </span>
    </p>
   </div>
   <div class='ocr_carea' id='block_1_21' title="bbox 2109 738 3681 810">
    <p class='ocr_par' dir='ltr' id='par_1_21' title="bbox 2109 738 3681 810">
     <span class='ocr_line' id='line_1_21' title="bbox 2109 738 3681 810; baseline 0.002 -17"><span class='ocrx_word' id='word_1_160' title='bbox 2109 754 2254 794; x_wconf 90' lang='lat' dir='ltr'><strong>anno</strong></span> <span class='ocrx_word' id='word_1_161' title='bbox 2292 755 2383 793; x_wconf 84' lang='lat' dir='ltr'><strong>xlv</strong></span> <span class='ocrx_word' id='word_1_162' title='bbox 2413 740 2572 809; x_wconf 84' lang='lat' dir='ltr'><strong>primi</strong></span> <span class='ocrx_word' id='word_1_163' title='bbox 2611 738 2827 794; x_wconf 86' lang='lat' dir='ltr'><strong>Judaici</strong></span> <span class='ocrx_word' id='word_1_164' title='bbox 2870 740 3078 796; x_wconf 84' lang='lat' dir='ltr'><strong>mensis</strong></span> <span class='ocrx_word' id='word_1_165' title='bbox 3122 748 3385 810; x_wconf 88' lang='lat' dir='ltr'><strong>perpetuo</strong></span> <span class='ocrx_word' id='word_1_166' title='bbox 3422 740 3570 796; x_wconf 85' lang='lat' dir='ltr'><strong>cadit</strong></span> <span class='ocrx_word' id='word_1_167' title='bbox 3620 742 3681 796; x_wconf 82' lang='lat' dir='ltr'><strong>in</strong></span> 
     </span>
    </p>
   </div>
   <div class='ocr_carea' id='block_1_22' title="bbox 2107 829 3678 903">
    <p class='ocr_par' dir='ltr' id='par_1_22' title="bbox 2107 829 3678 903">
     <span class='ocr_line' id='line_1_22' title="bbox 2107 829 3678 903; baseline 0.003 -19"><span class='ocrx_word' id='word_1_168' title='bbox 2107 831 2309 902; x_wconf 81' lang='lat' dir='ltr'><strong>Aprilis</strong></span> <span class='ocrx_word' id='word_1_169' title='bbox 2336 847 2470 887; x_wconf 86' lang='lat' dir='ltr'><strong>xvn.</strong></span> <span class='ocrx_word' id='word_1_170' title='bbox 2516 829 2654 886; x_wconf 92' lang='lat' dir='ltr'><strong>Nam</strong></span> <span class='ocrx_word' id='word_1_171' title='bbox 2700 839 2987 903; x_wconf 80' lang='lat' dir='ltr'><strong>prepterea</strong></span> <span class='ocrx_word' id='word_1_172' title='bbox 3029 832 3085 886; x_wconf 91' lang='lat' dir='ltr'><strong>in</strong></span> <span class='ocrx_word' id='word_1_173' title='bbox 3131 831 3328 887; x_wconf 78' lang='lat' dir='ltr'><strong>tabella</strong></span> <span class='ocrx_word' id='word_1_174' title='bbox 3376 832 3568 888; x_wconf 78' lang='lat' dir='ltr'><strong>dextra</strong></span> <span class='ocrx_word' id='word_1_175' title='bbox 3607 833 3678 888; x_wconf 89' lang='lat' dir='ltr'><strong>ad</strong></span> 
     </span>
    </p>
   </div>
   <div class='ocr_carea' id='block_1_23' title="bbox 2107 920 3682 993">
    <p class='ocr_par' dir='ltr' id='par_1_23' title="bbox 2107 920 3682 993">
     <span class='ocr_line' id='line_1_23' title="bbox 2107 920 3682 993; baseline 0.001 -17"><span class='ocrx_word' id='word_1_176' title='bbox 2107 937 2351 978; x_wconf 88' lang='lat' dir='ltr'><strong>mensem</strong></span> <span class='ocrx_word' id='word_1_177' title='bbox 2375 922 2617 993; x_wconf 83' lang='lat' dir='ltr'><strong>Aprilem</strong></span> <span class='ocrx_word' id='word_1_178' title='bbox 2649 923 2795 978; x_wconf 89' lang='lat' dir='ltr'><strong>diem</strong></span> <span class='ocrx_word' id='word_1_179' title='bbox 2823 938 2936 976; x_wconf 83' lang='lat' dir='ltr'><strong>xvn</strong></span> <span class='ocrx_word' id='word_1_180' title='bbox 2961 923 3266 992; x_wconf 88' lang='lat' dir='ltr'><strong>posuimus.</strong></span> <span class='ocrx_word' id='word_1_181' title='bbox 3296 920 3468 993; x_wconf 79' lang='lat' dir='ltr'><strong>Igitur</strong></span> <span class='ocrx_word' id='word_1_182' title='bbox 3500 924 3618 979; x_wconf 92' lang='lat' dir='ltr'><strong>dies</strong></span> <span class='ocrx_word' id='word_1_183' title='bbox 3647 938 3682 977; x_wconf 89' lang='lat' dir='ltr'><strong>a</strong></span> 
     </span>
    </p>
   </div>
   <div class='ocr_carea' id='block_1_24' title="bbox 2106 1010 3682 1086">
    <p class='ocr_par' dir='ltr' id='par_1_24' title="bbox 2106 1010 3682 1086">
     <span class='ocr_line' id='line_1_24' title="bbox 2106 1010 3682 1086; baseline 0.003 -21"><span class='ocrx_word' id='word_1_184' title='bbox 2106 1010 2364 1069; x_wconf 82' lang='lat' dir='ltr'><strong>Kalendis</strong></span> <span class='ocrx_word' id='word_1_185' title='bbox 2380 1012 2657 1069; x_wconf 84' lang='lat' dir='ltr'><strong>Januariis</strong></span> <span class='ocrx_word' id='word_1_186' title='bbox 2679 1014 2746 1069; x_wconf 88' lang='lat' dir='ltr'><strong>ad</strong></span> <span class='ocrx_word' id='word_1_187' title='bbox 2762 1013 2967 1084; x_wconf 87' lang='lat' dir='ltr'><strong>Aprilis</strong></span> <span class='ocrx_word' id='word_1_188' title='bbox 2990 1014 3261 1069; x_wconf 89' lang='lat' dir='ltr'><strong>decimum</strong></span> <span class='ocrx_word' id='word_1_189' title='bbox 3282 1016 3572 1086; x_wconf 89' lang='lat' dir='ltr'><strong>septimum</strong></span> <span class='ocrx_word' id='word_1_190' title='bbox 3603 1016 3682 1070; x_wconf 85' lang='lat' dir='ltr'><strong>in-</strong></span> 
     </span>
    </p>
   </div>
   <div class='ocr_carea' id='block_1_25' title="bbox 2104 1103 3680 1175">
    <p class='ocr_par' dir='ltr' id='par_1_25' title="bbox 2104 1103 3680 1175">
     <span class='ocr_line' id='line_1_25' title="bbox 2104 1103 3680 1175; baseline 0.004 -19"><span class='ocrx_word' id='word_1_191' title='bbox 2104 1103 2364 1172; x_wconf 87' lang='lat' dir='ltr'><strong>terjectos</strong></span> <span class='ocrx_word' id='word_1_192' title='bbox 2408 1105 2717 1175; x_wconf 81' lang='lat' dir='ltr'><strong>colligimus</strong></span> <span class='ocrx_word' id='word_1_193' title='bbox 2763 1120 3000 1160; x_wconf 88' lang='lat' dir='ltr'><strong>numero</strong></span> <span class='ocrx_word' id='word_1_194' title='bbox 3036 1120 3142 1160; x_wconf 85' lang='lat' dir='ltr'><strong>cvn</strong></span> <span class='ocrx_word' id='word_1_195' title='bbox 3170 1145 3186 1171; x_wconf 94' lang='lat'><strong>,</strong></span> <span class='ocrx_word' id='word_1_196' title='bbox 3233 1116 3350 1160; x_wconf 88' lang='lat' dir='ltr'><strong>tum</strong></span> <span class='ocrx_word' id='word_1_197' title='bbox 3386 1107 3547 1162; x_wconf 89' lang='lat' dir='ltr'><strong>annis</strong></span> <span class='ocrx_word' id='word_1_198' title='bbox 3587 1122 3680 1162; x_wconf 80' lang='lat' dir='ltr'>va</span> 
     </span>
    </p>
   </div>
   <div class='ocr_carea' id='block_1_26' title="bbox 2105 1194 3678 1265">
    <p class='ocr_par' dir='ltr' id='par_1_26' title="bbox 2105 1194 3678 1265">
     <span class='ocr_line' id='line_1_26' title="bbox 2105 1194 3678 1265; baseline 0.003 -17"><span class='ocrx_word' id='word_1_199' title='bbox 2105 1194 2399 1265; x_wconf 88' lang='lat' dir='ltr'><strong>quinquies</strong></span> <span class='ocrx_word' id='word_1_200' title='bbox 2434 1196 2833 1265; x_wconf 74' lang='lat' dir='ltr'><strong>multiplicatis,</strong></span> <span class='ocrx_word' id='word_1_201' title='bbox 2870 1212 3014 1251; x_wconf 82' lang='lat' dir='ltr'><strong>Lxxx</strong></span> <span class='ocrx_word' id='word_1_202' title='bbox 3049 1197 3190 1252; x_wconf 87' lang='lat' dir='ltr'><strong>dies.</strong></span> <span class='ocrx_word' id='word_1_203' title='bbox 3238 1195 3525 1252; x_wconf 88' lang='lat' dir='ltr'><strong>Accedunt</strong></span> <span class='ocrx_word' id='word_1_204' title='bbox 3563 1206 3678 1253; x_wconf 88' lang='lat' dir='ltr'><strong>tres</strong></span> 
     </span>
    </p>
   </div>
   <div class='ocr_carea' id='block_1_27' title="bbox 2106 1285 3679 1359">
    <p class='ocr_par' dir='ltr' id='par_1_27' title="bbox 2106 1285 3679 1359">
     <span class='ocr_line' id='line_1_27' title="bbox 2106 1285 3679 1359; baseline 0.003 -21"><span class='ocrx_word' id='word_1_205' title='bbox 2106 1285 2223 1351; x_wconf 88' lang='lat' dir='ltr'><strong>alii,</strong></span> <span class='ocrx_word' id='word_1_206' title='bbox 2248 1301 2389 1356; x_wconf 87' lang='lat' dir='ltr'><strong>quos</strong></span> <span class='ocrx_word' id='word_1_207' title='bbox 2422 1286 2761 1357; x_wconf 80' lang='lat' dir='ltr'><strong>sexagesima</strong></span> <span class='ocrx_word' id='word_1_208' title='bbox 2799 1287 3059 1357; x_wconf 90' lang='lat' dir='ltr'><strong>scrupula</strong></span> <span class='ocrx_word' id='word_1_209' title='bbox 3088 1286 3156 1342; x_wconf 93' lang='lat' dir='ltr'><strong>de</strong></span> <span class='ocrx_word' id='word_1_210' title='bbox 3190 1286 3387 1344; x_wconf 90' lang='lat' dir='ltr'><strong>diebus</strong></span> <span class='ocrx_word' id='word_1_211' title='bbox 3419 1286 3679 1359; x_wconf 82' lang='lat' dir='ltr'><strong>decerpta</strong></span> 
     </span>
    </p>
   </div>
   <div class='ocr_carea' id='block_1_28' title="bbox 2107 1376 3681 1450">
    <p class='ocr_par' dir='ltr' id='par_1_28' title="bbox 2107 1376 3681 1450">
     <span class='ocr_line' id='line_1_28' title="bbox 2107 1376 3681 1450; baseline 0.001 -17"><span class='ocrx_word' id='word_1_212' title='bbox 2107 1377 2426 1433; x_wconf 79' lang='lat' dir='ltr'><strong>coniiciunt.</strong></span> <span class='ocrx_word' id='word_1_213' title='bbox 2473 1376 2688 1434; x_wconf 82' lang='lat' dir='ltr'><strong>Rursus</strong></span> <span class='ocrx_word' id='word_1_214' title='bbox 2726 1378 2893 1433; x_wconf 91' lang='lat' dir='ltr'><strong>iidem</strong></span> <span class='ocrx_word' id='word_1_215' title='bbox 2926 1378 3057 1433; x_wconf 90' lang='lat' dir='ltr'><strong>anni</strong></span> <span class='ocrx_word' id='word_1_216' title='bbox 3088 1393 3180 1433; x_wconf 78' lang='lat' dir='ltr'><strong>xvi</strong></span> <span class='ocrx_word' id='word_1_217' title='bbox 3208 1378 3387 1434; x_wconf 81' lang='lat' dir='ltr'><strong>sexies</strong></span> <span class='ocrx_word' id='word_1_218' title='bbox 3415 1379 3681 1450; x_wconf 90' lang='lat' dir='ltr'><strong>multipli-</strong></span> 
     </span>
    </p>
   </div>
   <div class='ocr_carea' id='block_1_29' title="bbox 2107 1469 3679 1527">
    <p class='ocr_par' dir='ltr' id='par_1_29' title="bbox 2107 1469 3679 1527">
     <span class='ocr_line' id='line_1_29' title="bbox 2107 1469 3679 1527; baseline 0.002 -3"><span class='ocrx_word' id='word_1_219' title='bbox 2107 1471 2218 1525; x_wconf 86' lang='lat' dir='ltr'><strong>cati</strong></span> <span class='ocrx_word' id='word_1_220' title='bbox 2240 1485 2363 1525; x_wconf 76' lang='lat' dir='ltr'><strong>xcvr</strong></span> <span class='ocrx_word' id='word_1_221' title='bbox 2397 1469 2516 1527; x_wconf 86' lang='lat' dir='ltr'><strong>dies</strong></span> <span class='ocrx_word' id='word_1_222' title='bbox 2541 1471 2910 1526; x_wconf 91' lang='lat' dir='ltr'><strong>accumulant.</strong></span> <span class='ocrx_word' id='word_1_223' title='bbox 2964 1470 3034 1526; x_wconf 89' lang='lat' dir='ltr'><strong>Ut</strong></span> <span class='ocrx_word' id='word_1_224' title='bbox 3065 1487 3135 1526; x_wconf 88' lang='lat' dir='ltr'><strong>ex</strong></span> <span class='ocrx_word' id='word_1_225' title='bbox 3172 1471 3427 1527; x_wconf 90' lang='lat' dir='ltr'><strong>omnibus</strong></span> <span class='ocrx_word' id='word_1_226' title='bbox 3456 1472 3679 1527; x_wconf 90' lang='lat' dir='ltr'><strong>redacta</strong></span> 
     </span>
    </p>
   </div>
   <div class='ocr_carea' id='block_1_30' title="bbox 2104 1563 3679 1635">
    <p class='ocr_par' dir='ltr' id='par_1_30' title="bbox 2104 1563 3679 1635">
     <span class='ocr_line' id='line_1_30' title="bbox 2104 1563 3679 1635; baseline 0.001 -18"><span class='ocrx_word' id='word_1_227' title='bbox 2104 1577 2342 1629; x_wconf 81' lang='lat' dir='ltr'><strong>summa,</strong></span> <span class='ocrx_word' id='word_1_228' title='bbox 2394 1563 2512 1620; x_wconf 90' lang='lat' dir='ltr'><strong>dies</strong></span> <span class='ocrx_word' id='word_1_229' title='bbox 2553 1564 2831 1621; x_wconf 86' lang='lat' dir='ltr'><strong>exsistunt</strong></span> <span class='ocrx_word' id='word_1_230' title='bbox 2863 1578 3155 1630; x_wconf 73' lang='lat' dir='ltr'><strong>CCLXXXVI,</strong></span> <span class='ocrx_word' id='word_1_231' title='bbox 3207 1564 3410 1635; x_wconf 82' lang='lat' dir='ltr'><strong>quibus</strong></span> <span class='ocrx_word' id='word_1_232' title='bbox 3445 1580 3545 1634; x_wconf 90' lang='lat' dir='ltr'><strong>per</strong></span> <span class='ocrx_word' id='word_1_233' title='bbox 3567 1581 3679 1619; x_wconf 81' lang='lat' dir='ltr'><strong>xxx</strong></span> 
     </span>
    </p>
   </div>
   <div class='ocr_carea' id='block_1_31' title="bbox 2104 1652 3680 1727">
    <p class='ocr_par' dir='ltr' id='par_1_31' title="bbox 2104 1652 3680 1727">
     <span class='ocr_line' id='line_1_31' title="bbox 2104 1652 3680 1727; baseline 0.003 -19"><span class='ocrx_word' id='word_1_234' title='bbox 2104 1652 2317 1720; x_wconf 81' lang='lat' dir='ltr'><strong>divisis,</strong></span> <span class='ocrx_word' id='word_1_235' title='bbox 2367 1654 2631 1711; x_wconf 86' lang='lat' dir='ltr'><strong>decimam</strong></span> <span class='ocrx_word' id='word_1_236' title='bbox 2658 1662 2866 1710; x_wconf 80' lang='lat' dir='ltr'><strong>sextam</strong></span> <span class='ocrx_word' id='word_1_237' title='bbox 2895 1654 3203 1711; x_wconf 84' lang='lat' dir='ltr'><strong>invenimus</strong></span> <span class='ocrx_word' id='word_1_238' title='bbox 3236 1669 3359 1711; x_wconf 88' lang='lat' dir='ltr'><strong>eam</strong></span> <span class='ocrx_word' id='word_1_239' title='bbox 3388 1670 3531 1723; x_wconf 87' lang='lat' dir='ltr'><strong>esse,</strong></span> <span class='ocrx_word' id='word_1_240' title='bbox 3557 1671 3680 1727; x_wconf 62' lang='lat' dir='ltr'><strong>quae</strong></span> 
     </span>
    </p>
   </div>
   <div class='ocr_carea' id='block_1_32' title="bbox 2105 1747 3682 1819">
    <p class='ocr_par' dir='ltr' id='par_1_32' title="bbox 2105 1747 3682 1819">
     <span class='ocr_line' id='line_1_32' title="bbox 2105 1747 3682 1819; baseline 0.003 -19"><span class='ocrx_word' id='word_1_241' title='bbox 2105 1762 2297 1803; x_wconf 88' lang='lat' dir='ltr'><strong>revera</strong></span> <span class='ocrx_word' id='word_1_242' title='bbox 2325 1748 2396 1802; x_wconf 91' lang='lat' dir='ltr'><strong>sit</strong></span> <span class='ocrx_word' id='word_1_243' title='bbox 2427 1748 2592 1817; x_wconf 83' lang='lat' dir='ltr'><strong>primi</strong></span> <span class='ocrx_word' id='word_1_244' title='bbox 2622 1747 2828 1804; x_wconf 80' lang='lat' dir='ltr'><strong>mensis</strong></span> <span class='ocrx_word' id='word_1_245' title='bbox 2873 1757 3069 1817; x_wconf 87' lang='lat' dir='ltr'><strong>quarta</strong></span> <span class='ocrx_word' id='word_1_246' title='bbox 3101 1747 3331 1804; x_wconf 82' lang='lat' dir='ltr'><strong>decima.</strong></span> <span class='ocrx_word' id='word_1_247' title='bbox 3382 1748 3516 1816; x_wconf 62' lang='lat' dir='ltr'><strong>Quae</strong></span> <span class='ocrx_word' id='word_1_248' title='bbox 3556 1750 3682 1819; x_wconf 87' lang='lat' dir='ltr'><strong>qui-</strong></span> 
     </span>
    </p>
   </div>
   <div class='ocr_carea' id='block_1_33' title="bbox 2104 1838 3676 1909">
    <p class='ocr_par' dir='ltr' id='par_1_33' title="bbox 2104 1838 3676 1909">
     <span class='ocr_line' id='line_1_33' title="bbox 2104 1838 3676 1909; baseline -0.001 -13"><span class='ocrx_word' id='word_1_249' title='bbox 2104 1839 2227 1895; x_wconf 90' lang='lat' dir='ltr'><strong>dem</strong></span> <span class='ocrx_word' id='word_1_250' title='bbox 2265 1839 2323 1893; x_wconf 92' lang='lat' dir='ltr'><strong>in</strong></span> <span class='ocrx_word' id='word_1_251' title='bbox 2359 1854 2521 1909; x_wconf 89' lang='lat' dir='ltr'><strong>quam</strong></span> <span class='ocrx_word' id='word_1_252' title='bbox 2554 1838 2911 1895; x_wconf 55' lang='lat' dir='ltr'><strong>hebdomadas</strong></span> <span class='ocrx_word' id='word_1_253' title='bbox 2958 1839 3152 1895; x_wconf 82' lang='lat' dir='ltr'><strong>feriam</strong></span> <span class='ocrx_word' id='word_1_254' title='bbox 3182 1839 3393 1895; x_wconf 90' lang='lat' dir='ltr'><strong>incidat</strong></span> <span class='ocrx_word' id='word_1_255' title='bbox 3437 1855 3604 1896; x_wconf 87' lang='lat' dir='ltr'><strong>nosse</strong></span> <span class='ocrx_word' id='word_1_256' title='bbox 3631 1841 3676 1895; x_wconf 89' lang='lat' dir='ltr'><strong>si</strong></span> 
     </span>
    </p>
   </div>
   <div class='ocr_carea' id='block_1_34' title="bbox 435 1915 2016 2004">
    <p class='ocr_par' dir='ltr' id='par_1_34' title="bbox 435 1915 2002 2004">
     <span class='ocr_line' id='line_1_34' title="bbox 435 1915 2002 2004; baseline 0.006 -23"><span class='ocrx_word' id='word_1_257' title='bbox 435 1929 624 1999; x_wconf 80' lang='grc' dir='ltr'>μαθεῖν</span> <span class='ocrx_word' id='word_1_258' title='bbox 654 1931 703 1983; x_wconf 87' lang='grc' dir='ltr'><strong>εἰ</strong></span> <span class='ocrx_word' id='word_1_259' title='bbox 738 1930 1084 2002; x_wconf 81' lang='grc' dir='ltr'>βουληθῶμεν</span> <span class='ocrx_word' id='word_1_260' title='bbox 1125 1934 1204 1995; x_wconf 83' lang='grc' dir='ltr'><strong>εἰς</strong></span> <span class='ocrx_word' id='word_1_261' title='bbox 1242 1932 1400 1986; x_wconf 81' lang='grc' dir='ltr'>ποίαν</span> <span class='ocrx_word' id='word_1_262' title='bbox 1431 1934 1691 2004; x_wconf 79' lang='grc' dir='ltr'>ἐμπίπτει</span> <span class='ocrx_word' id='word_1_263' title='bbox 1719 1935 1821 2004; x_wconf 77' lang='grc' dir='ltr'>τῆς</span> <span class='ocrx_word' id='word_1_264' title='bbox 1849 1915 2002 1990; x_wconf 85' lang='grc' dir='ltr'>ἑϐδο-</span> 
     </span>
    </p>
   </div>
   <div class='ocr_carea' id='block_1_35' title="bbox 2103 1915 3677 2004">
    <p class='ocr_par' dir='ltr' id='par_1_35' title="bbox 2106 1928 3677 1990">
     <span class='ocr_line' id='line_1_35' title="bbox 2106 1928 3677 1990; baseline 0.003 -8"><span class='ocrx_word' id='word_1_265' title='bbox 2106 1928 2310 1990; x_wconf 90' lang='lat' dir='ltr'><strong>lubeat,</strong></span> <span class='ocrx_word' id='word_1_266' title='bbox 2347 1935 2776 1984; x_wconf 87' lang='lat' dir='ltr'><strong>consentaneum</strong></span> <span class='ocrx_word' id='word_1_267' title='bbox 2824 1935 2909 1983; x_wconf 88' lang='lat' dir='ltr'><strong>est</strong></span> <span class='ocrx_word' id='word_1_268' title='bbox 2947 1930 3241 1986; x_wconf 86' lang='lat' dir='ltr'><strong>observare</strong></span> <span class='ocrx_word' id='word_1_269' title='bbox 3287 1945 3493 1985; x_wconf 87' lang='lat' dir='ltr'><strong>annum</strong></span> <span class='ocrx_word' id='word_1_270' title='bbox 3542 1930 3677 1986; x_wconf 89' lang='lat' dir='ltr'><strong>solis</strong></span> 
     </span>
    </p>
   </div>
   <div class='ocr_carea' id='block_1_36' title="bbox 435 2022 2005 2097">
    <p class='ocr_par' dir='ltr' id='par_1_36' title="bbox 435 2022 2005 2097">
     <span class='ocr_line' id='line_1_36' title="bbox 435 2022 2005 2097; baseline 0.004 -22"><span class='ocrx_word' id='word_1_271' title='bbox 435 2022 600 2094; x_wconf 83' lang='grc' dir='ltr'>μάδος</span> <span class='ocrx_word' id='word_1_272' title='bbox 625 2024 861 2095; x_wconf 80' lang='grc' dir='ltr'>ἡμέραν,</span> <span class='ocrx_word' id='word_1_273' title='bbox 887 2023 1030 2077; x_wconf 81' lang='grc' dir='ltr'>κατὰ</span> <span class='ocrx_word' id='word_1_274' title='bbox 1064 2024 1162 2095; x_wconf 85' lang='grc' dir='ltr'>μὲν</span> <span class='ocrx_word' id='word_1_275' title='bbox 1189 2026 1288 2095; x_wconf 81' lang='grc' dir='ltr'>τὴν</span> <span class='ocrx_word' id='word_1_276' title='bbox 1318 2024 1539 2097; x_wconf 88' lang='grc' dir='ltr'>πρώτην</span> <span class='ocrx_word' id='word_1_277' title='bbox 1570 2028 2005 2081; x_wconf 77' lang='grc' dir='ltr'>ἐννεακαιδεκαε-</span> 
     </span>
    </p>
   </div>
   <div class='ocr_carea' id='block_1_37' title="bbox 429 2114 2004 2192">
    <p class='ocr_par' dir='ltr' id='par_1_37' title="bbox 429 2114 2004 2192">
     <span class='ocr_line' id='line_1_37' title="bbox 429 2114 2004 2192; baseline 0.003 -24"><span class='ocrx_word' id='word_1_278' title='bbox 429 2114 623 2184; x_wconf 85' lang='grc' dir='ltr'>τηρίδα</span> <span class='ocrx_word' id='word_1_279' title='bbox 653 2115 978 2188; x_wconf 85' lang='grc' dir='ltr'>προσφόρως</span> <span class='ocrx_word' id='word_1_280' title='bbox 1002 2116 1065 2169; x_wconf 87' lang='grc' dir='ltr'><strong>τὸ</strong></span> <span class='ocrx_word' id='word_1_281' title='bbox 1107 2117 1206 2187; x_wconf 81' lang='grc' dir='ltr'>τῆς</span> <span class='ocrx_word' id='word_1_282' title='bbox 1247 2115 1471 2189; x_wconf 79' lang='grc' dir='ltr'>πρώτης</span> <span class='ocrx_word' id='word_1_283' title='bbox 1509 2119 2004 2192; x_wconf 82' lang='grc' dir='ltr'>εἰκοσιοκταετηρί-</span> 
     </span>
    </p>
   </div>
   <div class='ocr_carea' id='block_1_38' title="bbox 428 2204 2000 2279">
    <p class='ocr_par' dir='ltr' id='par_1_38' title="bbox 428 2204 2000 2279">
     <span class='ocr_line' id='line_1_38' title="bbox 428 2204 2000 2279; baseline 0.004 -21"><span class='ocrx_word' id='word_1_284' title='bbox 428 2204 520 2268; x_wconf 81' lang='grc' dir='ltr'><strong>δος</strong></span> <span class='ocrx_word' id='word_1_285' title='bbox 547 2205 830 2278; x_wconf 74' lang='grc' dir='ltr'>ἰσάριθμον</span> <span class='ocrx_word' id='word_1_286' title='bbox 864 2207 959 2260; x_wconf 87' lang='grc' dir='ltr'><strong>τοῦ</strong></span> <span class='ocrx_word' id='word_1_287' title='bbox 1001 2206 1153 2278; x_wconf 77' lang='grc' dir='ltr'>ἡλίου</span> <span class='ocrx_word' id='word_1_288' title='bbox 1178 2209 1320 2273; x_wconf 68' lang='grc' dir='ltr'>Ξτος,</span> <span class='ocrx_word' id='word_1_289' title='bbox 1348 2208 1491 2279; x_wconf 85' lang='grc' dir='ltr'>λέγω</span> <span class='ocrx_word' id='word_1_290' title='bbox 1523 2209 1580 2263; x_wconf 85' lang='grc' dir='ltr'>δὲ</span> <span class='ocrx_word' id='word_1_291' title='bbox 1629 2211 1690 2264; x_wconf 82' lang='grc' dir='ltr'><strong>τὸ</strong></span> <span class='ocrx_word' id='word_1_292' title='bbox 1714 2210 1774 2276; x_wconf 74' lang='grc' dir='ltr'><strong>ἐξ</strong></span> <span class='ocrx_word' id='word_1_293' title='bbox 1805 2213 1900 2265; x_wconf 74' lang='grc' dir='ltr'><strong>καὶ</strong></span> <span class='ocrx_word' id='word_1_294' title='bbox 1949 2219 2000 2276; x_wconf 85' lang='grc' dir='ltr'>ι’,</span> 
     </span>
    </p>
   </div>
   <div class='ocr_carea' id='block_1_39' title="bbox 431 2296 2001 2377">
    <p class='ocr_par' dir='ltr' id='par_1_39' title="bbox 431 2296 2001 2377">
     <span class='ocr_line' id='line_1_39' title="bbox 431 2296 2001 2377; baseline 0.006 -28"><span class='ocrx_word' id='word_1_295' title='bbox 431 2296 490 2362; x_wconf 80' lang='grc' dir='ltr'>ἑξ</span> <span class='ocrx_word' id='word_1_296' title='bbox 533 2296 846 2368; x_wconf 86' lang='grc' dir='ltr'>εὐωνύμων,</span> <span class='ocrx_word' id='word_1_297' title='bbox 881 2299 957 2362; x_wconf 85' lang='grc' dir='ltr'><strong>ὡς</strong></span> <span class='ocrx_word' id='word_1_298' title='bbox 1011 2300 1168 2370; x_wconf 73' lang='grc' dir='ltr'>ἔφην,</span> <span class='ocrx_word' id='word_1_299' title='bbox 1204 2300 1468 2369; x_wconf 84' lang='grc' dir='ltr'>σύνεγγυς</span> <span class='ocrx_word' id='word_1_300' title='bbox 1506 2303 1858 2377; x_wconf 28' lang='grc' dir='ltr'>’τεταγμένων</span> <span class='ocrx_word' id='word_1_301' title='bbox 1908 2304 2001 2358; x_wconf 86' lang='grc' dir='ltr'><strong>τοῦ</strong></span> 
     </span>
    </p>
   </div>
   <div class='ocr_carea' id='block_1_40' title="bbox 430 2382 2020 2463">
    <p class='ocr_par' dir='ltr' id='par_1_40' title="bbox 430 2382 2020 2463">
     <span class='ocr_line' id='line_1_40' title="bbox 430 2382 2020 2463; baseline 0.005 -24"><span class='ocrx_word' id='word_1_302' title='bbox 430 2387 595 2440; x_wconf 87' lang='grc' dir='ltr'>αὐτοῦ</span> <span class='ocrx_word' id='word_1_303' title='bbox 638 2388 740 2459; x_wconf 81' lang='grc' dir='ltr'>τῆς</span> <span class='ocrx_word' id='word_1_304' title='bbox 792 2388 1020 2461; x_wconf 88' lang='grc' dir='ltr'>σελήνης</span> <span class='ocrx_word' id='word_1_305' title='bbox 1067 2388 1219 2453; x_wconf 78' lang='grc' dir='ltr'>ἔτους</span> <span class='ocrx_word' id='word_1_306' title='bbox 1264 2390 1663 2463; x_wconf 81' lang='grc' dir='ltr'>διασκοποῦμεν</span> <span class='ocrx_word' id='word_1_307' title='bbox 1687 2409 1700 2422; x_wconf 89' lang='grc'><strong>·</strong></span> <span class='ocrx_word' id='word_1_308' title='bbox 1769 2393 1861 2447; x_wconf 82' lang='grc' dir='ltr'><strong>καὶ</strong></span> <span class='ocrx_word' id='word_1_309' title='bbox 1904 2382 2020 2456; x_wconf 67' lang='grc' dir='ltr'><strong>τὰς⁴</strong></span> 
     </span>
    </p>
   </div>
   <div class='ocr_carea' id='block_1_41' title="bbox 428 2474 2002 2554">
    <p class='ocr_par' dir='ltr' id='par_1_41' title="bbox 428 2474 2002 2554">
     <span class='ocr_line' id='line_1_41' title="bbox 428 2474 2002 2554; baseline 0.004 -25"><span class='ocrx_word' id='word_1_310' title='bbox 428 2474 594 2529; x_wconf 83' lang='grc' dir='ltr'>αὐτοῦ</span> <span class='ocrx_word' id='word_1_311' title='bbox 627 2475 990 2548; x_wconf 87' lang='grc' dir='ltr'>λαμϐάνοντες</span> <span class='ocrx_word' id='word_1_312' title='bbox 1044 2479 1311 2542; x_wconf 76' lang='grc' dir='ltr'>ἑπακτάς,</span> <span class='ocrx_word' id='word_1_313' title='bbox 1361 2480 1420 2533; x_wconf 84' lang='grc' dir='ltr'><strong>ἑν</strong></span> <span class='ocrx_word' id='word_1_314' title='bbox 1463 2479 1542 2551; x_wconf 84' lang='grc' dir='ltr'><strong>τῷ</strong></span> <span class='ocrx_word' id='word_1_315' title='bbox 1586 2480 1631 2551; x_wconf 87' lang='grc' dir='ltr'><strong>β’</strong></span> <span class='ocrx_word' id='word_1_316' title='bbox 1660 2480 1750 2535; x_wconf 86' lang='grc' dir='ltr'><strong>τοῦ</strong></span> <span class='ocrx_word' id='word_1_317' title='bbox 1804 2482 2002 2554; x_wconf 80' lang='grc' dir='ltr'>τροχοῦ</span> 
     </span>
    </p>
   </div>
   <div class='ocr_carea' id='block_1_42' title="bbox 429 2563 2003 2645">
    <p class='ocr_par' dir='ltr' id='par_1_42' title="bbox 429 2563 2003 2645">
     <span class='ocr_line' id='line_1_42' title="bbox 429 2563 2003 2645; baseline 0.006 -27"><span class='ocrx_word' id='word_1_318' title='bbox 429 2563 613 2637; x_wconf 77' lang='grc' dir='ltr'>κύκλῳ</span> <span class='ocrx_word' id='word_1_319' title='bbox 632 2567 1126 2639; x_wconf 82' lang='grc' dir='ltr'>διαγεγραμμένας,</span> <span class='ocrx_word' id='word_1_320' title='bbox 1152 2568 1317 2635; x_wconf 82' lang='grc' dir='ltr'>οὐσας</span> <span class='ocrx_word' id='word_1_321' title='bbox 1343 2570 1433 2624; x_wconf 75' lang='grc' dir='ltr'><strong>τὸν</strong></span> <span class='ocrx_word' id='word_1_322' title='bbox 1459 2572 1696 2643; x_wconf 83' lang='grc' dir='ltr'>ἀριθμὸν</span> <span class='ocrx_word' id='word_1_323' title='bbox 1729 2579 1801 2638; x_wconf 86' lang='grc' dir='ltr'>ς’,</span> <span class='ocrx_word' id='word_1_324' title='bbox 1832 2590 2003 2645; x_wconf 88' lang='grc' dir='ltr'>προσ-</span> 
     </span>
    </p>
   </div>
   <div class='ocr_carea' id='block_1_43' title="bbox 430 2656 2003 2735">
    <p class='ocr_par' dir='ltr' id='par_1_43' title="bbox 430 2656 2003 2735">
     <span class='ocr_line' id='line_1_43' title="bbox 430 2656 2003 2735; baseline 0.005 -26"><span class='ocrx_word' id='word_1_325' title='bbox 430 2656 700 2730; x_wconf 85' lang='grc' dir='ltr'>πλέκομεν</span> <span class='ocrx_word' id='word_1_326' title='bbox 729 2661 852 2722; x_wconf 86' lang='grc' dir='ltr'>ταῖς</span> <span class='ocrx_word' id='word_1_327' title='bbox 885 2660 948 2724; x_wconf 81' lang='grc' dir='ltr'><strong>ιζ’</strong></span> <span class='ocrx_word' id='word_1_328' title='bbox 981 2660 1073 2713; x_wconf 91' lang='grc' dir='ltr'><strong>τοῦ</strong></span> <span class='ocrx_word' id='word_1_329' title='bbox 1116 2660 1390 2731; x_wconf 85' lang='grc' dir='ltr'>Ἀπριλίου</span> <span class='ocrx_word' id='word_1_330' title='bbox 1424 2661 1589 2734; x_wconf 83' lang='grc' dir='ltr'>μηνὸς</span> <span class='ocrx_word' id='word_1_331' title='bbox 1618 2664 1873 2735; x_wconf 85' lang='grc' dir='ltr'>ἡμέραις,</span> <span class='ocrx_word' id='word_1_332' title='bbox 1909 2665 2003 2719; x_wconf 76' lang='grc' dir='ltr'><strong>καὶ</strong></span> 
     </span>
    </p>
   </div>
   <div class='ocr_carea' id='block_1_44' title="bbox 429 2746 2002 2825">
    <p class='ocr_par' dir='ltr' id='par_1_44' title="bbox 429 2746 2002 2825">
     <span class='ocr_line' id='line_1_44' title="bbox 429 2746 2002 2825; baseline 0.006 -27"><span class='ocrx_word' id='word_1_333' title='bbox 429 2746 509 2810; x_wconf 88' lang='grc' dir='ltr'><strong>εἰς</strong></span> <span class='ocrx_word' id='word_1_334' title='bbox 530 2747 623 2799; x_wconf 85' lang='grc' dir='ltr'><strong>τὸν</strong></span> <span class='ocrx_word' id='word_1_335' title='bbox 654 2747 700 2810; x_wconf 78' lang='grc' dir='ltr'><strong>ζ’</strong></span> <span class='ocrx_word' id='word_1_336' title='bbox 734 2747 1027 2819; x_wconf 75' lang='grc' dir='ltr'>μερίζομεν</span> <span class='ocrx_word' id='word_1_337' title='bbox 1045 2765 1059 2779; x_wconf 91' lang='grc'><strong>·</strong></span> <span class='ocrx_word' id='word_1_338' title='bbox 1096 2751 1206 2803; x_wconf 87' lang='grc' dir='ltr'>κάκ</span> <span class='ocrx_word' id='word_1_339' title='bbox 1230 2749 1339 2803; x_wconf 82' lang='grc' dir='ltr'><strong>τῶν</strong></span> <span class='ocrx_word' id='word_1_340' title='bbox 1374 2751 1761 2823; x_wconf 84' lang='grc' dir='ltr'>ἀπομενουσῶν</span> <span class='ocrx_word' id='word_1_341' title='bbox 1789 2753 1881 2807; x_wconf 91' lang='grc' dir='ltr'><strong>δύο</strong></span> <span class='ocrx_word' id='word_1_342' title='bbox 1903 2755 2002 2825; x_wconf 83' lang='grc' dir='ltr'>τὴν</span> 
     </span>
    </p>
   </div>
   <div class='ocr_carea' id='block_1_45' title="bbox 428 2837 2001 2917">
    <p class='ocr_par' dir='ltr' id='par_1_45' title="bbox 428 2837 2001 2917">
     <span class='ocr_line' id='line_1_45' title="bbox 428 2837 2001 2917; baseline 0.006 -27"><span class='ocrx_word' id='word_1_343' title='bbox 428 2840 529 2909; x_wconf 76' lang='grc' dir='ltr'><strong>τῆς</strong></span> <span class='ocrx_word' id='word_1_344' title='bbox 555 2837 854 2910; x_wconf 89' lang='grc' dir='ltr'>ἑϐδομάδος</span> <span class='ocrx_word' id='word_1_345' title='bbox 897 2840 1110 2913; x_wconf 81' lang='grc' dir='ltr'>ἡμέραν</span> <span class='ocrx_word' id='word_1_346' title='bbox 1141 2841 1505 2914; x_wconf 84' lang='grc' dir='ltr'>γινώσκομεν,</span> <span class='ocrx_word' id='word_1_347' title='bbox 1540 2844 1622 2908; x_wconf 89' lang='grc' dir='ltr'><strong>εἰς</strong></span> <span class='ocrx_word' id='word_1_348' title='bbox 1655 2846 1721 2917; x_wconf 80' lang='grc' dir='ltr'>ἣν</span> <span class='ocrx_word' id='word_1_349' title='bbox 1762 2846 2001 2916; x_wconf 85' lang='grc' dir='ltr'>Ἑϐραῖοι</span> 
     </span>
    </p>
   </div>
   <div class='ocr_carea' id='block_1_46' title="bbox 427 2920 1998 3012">
    <p class='ocr_par' dir='ltr' id='par_1_46' title="bbox 427 2920 1998 3012">
     <span class='ocr_line' id='line_1_46' title="bbox 427 2920 1998 3012; baseline 0.006 -29"><span class='ocrx_word' id='word_1_350' title='bbox 427 2929 489 2983; x_wconf 79' lang='grc' dir='ltr'><strong>τὸ</strong></span> <span class='ocrx_word' id='word_1_351' title='bbox 532 2931 726 3002; x_wconf 85' lang='grc' dir='ltr'>Πάσχα</span> <span class='ocrx_word' id='word_1_352' title='bbox 761 2920 1011 2987; x_wconf 79' lang='grc' dir='ltr'><strong>τελοῦσι.⁵</strong></span> <span class='ocrx_word' id='word_1_353' title='bbox 1048 2934 1140 2987; x_wconf 88' lang='grc' dir='ltr'><strong>Διὸ</strong></span> <span class='ocrx_word' id='word_1_354' title='bbox 1189 2937 1255 3006; x_wconf 85' lang='grc' dir='ltr'>τῇ</span> <span class='ocrx_word' id='word_1_355' title='bbox 1306 2935 1412 3006; x_wconf 86' lang='grc' dir='ltr'><strong>πρὸ</strong></span> <span class='ocrx_word' id='word_1_356' title='bbox 1463 2936 1683 3009; x_wconf 84' lang='grc' dir='ltr'>ταύτης,</span> <span class='ocrx_word' id='word_1_357' title='bbox 1718 2939 1886 3010; x_wconf 83' lang='grc' dir='ltr'>ήγουν</span> <span class='ocrx_word' id='word_1_358' title='bbox 1932 2942 1998 3012; x_wconf 75' lang='grc' dir='ltr'><strong>τῇ</strong></span> 
     </span>
    </p>
   </div>
   <div class='ocr_carea' id='block_1_47' title="bbox 426 3019 2002 3104">
    <p class='ocr_par' dir='ltr' id='par_1_47' title="bbox 426 3019 2002 3104">
     <span class='ocr_line' id='line_1_47' title="bbox 426 3019 2002 3104; baseline 0.008 -30"><span class='ocrx_word' id='word_1_359' title='bbox 426 3019 558 3092; x_wconf 78' lang='grc' dir='ltr'>ἁγίᾳ</span> <span class='ocrx_word' id='word_1_360' title='bbox 591 3024 864 3096; x_wconf 81' lang='grc' dir='ltr'>Κυριακῇ,</span> <span class='ocrx_word' id='word_1_361' title='bbox 913 3030 955 3077; x_wconf 84' lang='grc' dir='ltr'>ε’</span> <span class='ocrx_word' id='word_1_362' title='bbox 991 3026 1087 3080; x_wconf 76' lang='grc' dir='ltr'><strong>καὶ</strong></span> <span class='ocrx_word' id='word_1_363' title='bbox 1138 3033 1168 3080; x_wconf 89' lang='grc' dir='ltr'>ι’</span> <span class='ocrx_word' id='word_1_364' title='bbox 1215 3029 1410 3083; x_wconf 81' lang='grc' dir='ltr'>ἐκεῖνοι</span> <span class='ocrx_word' id='word_1_365' title='bbox 1447 3027 1540 3081; x_wconf 91' lang='grc' dir='ltr'><strong>τοῦ</strong></span> <span class='ocrx_word' id='word_1_366' title='bbox 1572 3030 1806 3099; x_wconf 78' lang='grc' dir='ltr'>φέγγους</span> <span class='ocrx_word' id='word_1_367' title='bbox 1833 3032 2002 3104; x_wconf 78' lang='grc' dir='ltr'>ψηφι-</span> 
     </span>
    </p>
   </div>
   <div class='ocr_carea' id='block_1_48' title="bbox 428 3110 2000 3197">
    <p class='ocr_par' dir='ltr' id='par_1_48' title="bbox 428 3110 2000 3197">
     <span class='ocr_line' id='line_1_48' title="bbox 428 3110 2000 3197; baseline 0.008 -32"><span class='ocrx_word' id='word_1_368' title='bbox 428 3110 629 3179; x_wconf 86' lang='grc' dir='ltr'>ζοντες,</span> <span class='ocrx_word' id='word_1_369' title='bbox 680 3113 786 3187; x_wconf 86' lang='grc' dir='ltr'><strong>πρὸ</strong></span> <span class='ocrx_word' id='word_1_370' title='bbox 834 3115 936 3168; x_wconf 88' lang='grc' dir='ltr'><strong>τοῦ</strong></span> <span class='ocrx_word' id='word_1_371' title='bbox 979 3116 1263 3188; x_wconf 84' lang='grc' dir='ltr'>Ἐϐραῖκοῦ</span> <span class='ocrx_word' id='word_1_372' title='bbox 1304 3118 1366 3172; x_wconf 80' lang='grc' dir='ltr'>τὸ</span> <span class='ocrx_word' id='word_1_373' title='bbox 1393 3120 1532 3173; x_wconf 78' lang='grc' dir='ltr'>κατὰ</span> <span class='ocrx_word' id='word_1_374' title='bbox 1575 3122 1830 3192; x_wconf 84' lang='grc' dir='ltr'>Χριστὸν,</span> <span class='ocrx_word' id='word_1_375' title='bbox 1862 3125 2000 3197; x_wconf 83' lang='grc' dir='ltr'>ὅπερ</span> 
     </span>
    </p>
   </div>
   <div class='ocr_carea' id='block_1_49' title="bbox 422 3203 2000 3290">
    <p class='ocr_par' dir='ltr' id='par_1_49' title="bbox 422 3203 2000 3290">
     <span class='ocr_line' id='line_1_49' title="bbox 422 3203 2000 3290; baseline 0.01 -34"><span class='ocrx_word' id='word_1_376' title='bbox 422 3203 488 3256; x_wconf 84' lang='grc' dir='ltr'><strong>οὐ</strong></span> <span class='ocrx_word' id='word_1_377' title='bbox 518 3204 693 3275; x_wconf 89' lang='grc' dir='ltr'>θέμις,</span> <span class='ocrx_word' id='word_1_378' title='bbox 722 3206 1061 3271; x_wconf 81' lang='grc' dir='ltr'>κανονίζουσι</span> <span class='ocrx_word' id='word_1_379' title='bbox 1090 3210 1299 3280; x_wconf 87' lang='grc' dir='ltr'>Πάσχα.</span> <span class='ocrx_word' id='word_1_380' title='bbox 1333 3211 1547 3283; x_wconf 87' lang='grc' dir='ltr'>Ταύτης</span> <span class='ocrx_word' id='word_1_381' title='bbox 1567 3209 1660 3267; x_wconf 86' lang='grc' dir='ltr'><strong>οῦν</strong></span> <span class='ocrx_word' id='word_1_382' title='bbox 1688 3214 1870 3271; x_wconf 75' lang='grc' dir='ltr'>ἕνεκεν</span> <span class='ocrx_word' id='word_1_383' title='bbox 1902 3219 2000 3290; x_wconf 81' lang='grc' dir='ltr'>τῆς</span> 
     </span>
    </p>
   </div>
   <div class='ocr_carea' id='block_1_50' title="bbox 425 3297 1998 3379">
    <p class='ocr_par' dir='ltr' id='par_1_50' title="bbox 425 3297 1998 3379">
     <span class='ocr_line' id='line_1_50' title="bbox 425 3297 1998 3379; baseline 0.008 -29"><span class='ocrx_word' id='word_1_384' title='bbox 425 3297 639 3364; x_wconf 84' lang='grc' dir='ltr'>αἰτίας,</span> <span class='ocrx_word' id='word_1_385' title='bbox 701 3298 778 3362; x_wconf 86' lang='grc' dir='ltr'>ὡς</span> <span class='ocrx_word' id='word_1_386' title='bbox 833 3299 933 3371; x_wconf 78' lang='grc' dir='ltr'><strong>ήδη</strong></span> <span class='ocrx_word' id='word_1_387' title='bbox 988 3300 1270 3367; x_wconf 84' lang='grc' dir='ltr'>λέλεκται,</span> <span class='ocrx_word' id='word_1_388' title='bbox 1324 3301 1473 3357; x_wconf 79' lang='grc' dir='ltr'>δυσὶν</span> <span class='ocrx_word' id='word_1_389' title='bbox 1531 3305 1998 3379; x_wconf 81' lang='grc' dir='ltr'>ἑπεσημηνάμεθα</span> 
     </span>
    </p>
   </div>
   <div class='ocr_carea' id='block_1_51' title="bbox 428 3390 1998 3471">
    <p class='ocr_par' dir='ltr' id='par_1_51' title="bbox 428 3390 1998 3471">
     <span class='ocr_line' id='line_1_51' title="bbox 428 3390 1998 3471; baseline 0.007 -29"><span class='ocrx_word' id='word_1_390' title='bbox 428 3393 680 3460; x_wconf 87' lang='grc' dir='ltr'>στιγμαῖς</span> <span class='ocrx_word' id='word_1_391' title='bbox 708 3390 767 3445; x_wconf 85' lang='grc' dir='ltr'><strong>τὸ</strong></span> <span class='ocrx_word' id='word_1_392' title='bbox 795 3392 925 3446; x_wconf 85' lang='grc' dir='ltr'>αὐτὸ</span> <span class='ocrx_word' id='word_1_393' title='bbox 954 3391 1012 3458; x_wconf 82' lang='grc' dir='ltr'><strong>ἒξ</strong></span> <span class='ocrx_word' id='word_1_394' title='bbox 1044 3392 1138 3447; x_wconf 75' lang='grc' dir='ltr'>καὶ</span> <span class='ocrx_word' id='word_1_395' title='bbox 1168 3394 1350 3459; x_wconf 80' lang='grc' dir='ltr'>ι’ἑτος.</span> <span class='ocrx_word' id='word_1_396' title='bbox 1370 3396 1480 3449; x_wconf 78' lang='grc' dir='ltr'>Καὶ</span> <span class='ocrx_word' id='word_1_397' title='bbox 1503 3394 1678 3461; x_wconf 78' lang='grc' dir='ltr'>οὕτως</span> <span class='ocrx_word' id='word_1_398' title='bbox 1705 3398 1802 3467; x_wconf 88' lang='grc' dir='ltr'><strong>μὲν</strong></span> <span class='ocrx_word' id='word_1_399' title='bbox 1830 3416 1998 3471; x_wconf 88' lang='grc' dir='ltr'>προσ-</span> 
     </span>
    </p>
   </div>
   <div class='ocr_carea' id='block_1_52' title="bbox 423 3481 1997 3563">
    <p class='ocr_par' dir='ltr' id='par_1_52' title="bbox 423 3481 1997 3563">
     <span class='ocr_line' id='line_1_52' title="bbox 423 3481 1997 3563; baseline 0.007 -28"><span class='ocrx_word' id='word_1_400' title='bbox 423 3482 550 3553; x_wconf 88' lang='grc' dir='ltr'>ήκει</span> <span class='ocrx_word' id='word_1_401' title='bbox 586 3481 842 3553; x_wconf 74' lang='grc' dir='ltr'>ψηφίζειν</span> <span class='ocrx_word' id='word_1_402' title='bbox 891 3485 1032 3539; x_wconf 83' lang='grc' dir='ltr'>κατὰ</span> <span class='ocrx_word' id='word_1_403' title='bbox 1070 3486 1171 3557; x_wconf 85' lang='grc' dir='ltr'>τὴν</span> <span class='ocrx_word' id='word_1_404' title='bbox 1217 3486 1443 3559; x_wconf 86' lang='grc' dir='ltr'>πρώτην</span> <span class='ocrx_word' id='word_1_405' title='bbox 1487 3490 1997 3563; x_wconf 75' lang='grc' dir='ltr'>ἐννεακαιδεκαετη-</span> 
     </span>
    </p>
   </div>
   <div class='ocr_carea' id='block_1_53' title="bbox 426 3572 1996 3650">
    <p class='ocr_par' dir='ltr' id='par_1_53' title="bbox 426 3572 1996 3650">
     <span class='ocr_line' id='line_1_53' title="bbox 426 3572 1996 3650; baseline 0.008 -25"><span class='ocrx_word' id='word_1_406' title='bbox 426 3572 547 3645; x_wconf 88' lang='grc' dir='ltr'><strong>ρίδα</strong></span> <span class='ocrx_word' id='word_1_407' title='bbox 587 3573 648 3626; x_wconf 84' lang='grc' dir='ltr'>τὺ</span> <span class='ocrx_word' id='word_1_408' title='bbox 676 3574 808 3628; x_wconf 85' lang='grc' dir='ltr'>αὐτὸ</span> <span class='ocrx_word' id='word_1_409' title='bbox 857 3574 917 3639; x_wconf 82' lang='grc' dir='ltr'><strong>ἒξ</strong></span> <span class='ocrx_word' id='word_1_410' title='bbox 966 3576 1058 3630; x_wconf 80' lang='grc' dir='ltr'><strong>καὶ</strong></span> <span class='ocrx_word' id='word_1_411' title='bbox 1099 3583 1129 3629; x_wconf 87' lang='grc' dir='ltr'>ι’</span> <span class='ocrx_word' id='word_1_412' title='bbox 1158 3577 1257 3648; x_wconf 84' lang='grc' dir='ltr'>τῆς</span> <span class='ocrx_word' id='word_1_413' title='bbox 1307 3580 1536 3650; x_wconf 86' lang='grc' dir='ltr'>σελήνης</span> <span class='ocrx_word' id='word_1_414' title='bbox 1567 3579 1717 3646; x_wconf 77' lang='grc' dir='ltr'>ἔτος·</span> <span class='ocrx_word' id='word_1_415' title='bbox 1754 3584 1894 3638; x_wconf 87' lang='grc' dir='ltr'>κατὰ</span> <span class='ocrx_word' id='word_1_416' title='bbox 1937 3585 1996 3638; x_wconf 82' lang='grc' dir='ltr'><strong>δὲ</strong></span> 
     </span>
    </p>
   </div>
   <div class='ocr_carea' id='block_1_54' title="bbox 422 3663 1997 3746">
    <p class='ocr_par' dir='ltr' id='par_1_54' title="bbox 422 3663 1997 3746">
     <span class='ocr_line' id='line_1_54' title="bbox 422 3663 1997 3746; baseline 0.007 -29"><span class='ocrx_word' id='word_1_417' title='bbox 422 3663 523 3736; x_wconf 85' lang='grc' dir='ltr'><strong>τὴν</strong></span> <span class='ocrx_word' id='word_1_418' title='bbox 556 3671 610 3730; x_wconf 82' lang='grc' dir='ltr'>ς’</span> <span class='ocrx_word' id='word_1_419' title='bbox 642 3667 1269 3740; x_wconf 83' lang='grc' dir='ltr'>ἑννεακαιδεκαετηρίδα,</span> <span class='ocrx_word' id='word_1_420' title='bbox 1300 3672 1347 3723; x_wconf 90' lang='grc' dir='ltr'><strong>εἰ</strong></span> <span class='ocrx_word' id='word_1_421' title='bbox 1382 3671 1544 3726; x_wconf 84' lang='grc' dir='ltr'>πάλιν</span> <span class='ocrx_word' id='word_1_422' title='bbox 1579 3673 1894 3746; x_wconf 90' lang='grc' dir='ltr'>θελήσωμεν</span> <span class='ocrx_word' id='word_1_423' title='bbox 1921 3676 1997 3728; x_wconf 89' lang='grc' dir='ltr'>εἰ-</span> 
     </span>
    </p>
   </div>
   <div class='ocr_carea' id='block_1_55' title="bbox 423 3758 1996 3835">
    <p class='ocr_par' dir='ltr' id='par_1_55' title="bbox 423 3758 1996 3835">
     <span class='ocr_line' id='line_1_55' title="bbox 423 3758 1996 3835; baseline 0.005 -23"><span class='ocrx_word' id='word_1_424' title='bbox 423 3758 570 3813; x_wconf 89' lang='grc' dir='ltr'>δέναι</span> <span class='ocrx_word' id='word_1_425' title='bbox 609 3759 737 3831; x_wconf 84' lang='grc' dir='ltr'>ποίᾳ</span> <span class='ocrx_word' id='word_1_426' title='bbox 760 3760 857 3831; x_wconf 81' lang='grc' dir='ltr'><strong>τῆς</strong></span> <span class='ocrx_word' id='word_1_427' title='bbox 881 3760 1170 3832; x_wconf 86' lang='grc' dir='ltr'>ἑϐδομάδος</span> <span class='ocrx_word' id='word_1_428' title='bbox 1199 3765 1383 3835; x_wconf 67' lang='grc' dir='ltr'>ἡμέρα.</span> <span class='ocrx_word' id='word_1_429' title='bbox 1407 3764 1507 3835; x_wconf 78' lang='grc' dir='ltr'><strong>τήν</strong></span> <span class='ocrx_word' id='word_1_430' title='bbox 1555 3764 1618 3830; x_wconf 83' lang='grc' dir='ltr'>ἓξ</span> <span class='ocrx_word' id='word_1_431' title='bbox 1650 3766 1744 3819; x_wconf 75' lang='grc' dir='ltr'>καὶ</span> <span class='ocrx_word' id='word_1_432' title='bbox 1793 3773 1823 3819; x_wconf 83' lang='grc' dir='ltr'>ι’</span> <span class='ocrx_word' id='word_1_433' title='bbox 1850 3767 1996 3821; x_wconf 79' lang='grc' dir='ltr'>ἑκεϊ-</span> 
     </span>
    </p>
   </div>
   <div class='ocr_carea' id='block_1_56' title="bbox 424 3851 1995 3929">
    <p class='ocr_par' dir='ltr' id='par_1_56' title="bbox 424 3851 1995 3929">
     <span class='ocr_line' id='line_1_56' title="bbox 424 3851 1995 3929; baseline 0.006 -25"><span class='ocrx_word' id='word_1_434' title='bbox 424 3868 505 3905; x_wconf 94' lang='grc' dir='ltr'><strong>νοι</strong></span> <span class='ocrx_word' id='word_1_435' title='bbox 545 3851 869 3925; x_wconf 77' lang='grc' dir='ltr'>ψηφίζουσιν</span> <span class='ocrx_word' id='word_1_436' title='bbox 921 3856 1014 3908; x_wconf 72' lang='grc' dir='ltr'><strong>ἐπὶ</strong></span> <span class='ocrx_word' id='word_1_437' title='bbox 1040 3854 1134 3908; x_wconf 91' lang='grc' dir='ltr'><strong>τοῦ</strong></span> <span class='ocrx_word' id='word_1_438' title='bbox 1180 3856 1341 3909; x_wconf 90' lang='grc' dir='ltr'>αὐτοῦ</span> <span class='ocrx_word' id='word_1_439' title='bbox 1390 3856 1566 3924; x_wconf 76' lang='grc' dir='ltr'>ἔτους,</span> <span class='ocrx_word' id='word_1_440' title='bbox 1613 3859 1778 3929; x_wconf 82' lang='grc' dir='ltr'>ἡγουν</span> <span class='ocrx_word' id='word_1_441' title='bbox 1809 3860 1903 3914; x_wconf 91' lang='grc' dir='ltr'><strong>τοῦ</strong></span> <span class='ocrx_word' id='word_1_442' title='bbox 1936 3861 1995 3928; x_wconf 80' lang='grc' dir='ltr'>ἓξ</span> 
     </span>
    </p>
   </div>
   <div class='ocr_carea' id='block_1_57' title="bbox 424 3945 1992 4022">
    <p class='ocr_par' dir='ltr' id='par_1_57' title="bbox 424 3945 1992 4022">
     <span class='ocr_line' id='line_1_57' title="bbox 424 3945 1992 4022; baseline 0.004 -24"><span class='ocrx_word' id='word_1_443' title='bbox 424 3945 519 3998; x_wconf 75' lang='grc' dir='ltr'><strong>καὶ</strong></span> <span class='ocrx_word' id='word_1_444' title='bbox 568 3951 620 4010; x_wconf 84' lang='grc' dir='ltr'>ι’,</span> <span class='ocrx_word' id='word_1_445' title='bbox 669 3945 763 3999; x_wconf 85' lang='grc' dir='ltr'><strong>τοῦ</strong></span> <span class='ocrx_word' id='word_1_446' title='bbox 819 3946 1065 4011; x_wconf 84' lang='grc' dir='ltr'>συνόντος</span> <span class='ocrx_word' id='word_1_447' title='bbox 1112 3947 1261 4019; x_wconf 83' lang='grc' dir='ltr'>αὐτῷ</span> <span class='ocrx_word' id='word_1_448' title='bbox 1310 3948 1368 4014; x_wconf 79' lang='grc' dir='ltr'><strong>ἐξ</strong></span> <span class='ocrx_word' id='word_1_449' title='bbox 1428 3949 1724 4021; x_wconf 85' lang='grc' dir='ltr'>εὐωνύμων</span> <span class='ocrx_word' id='word_1_450' title='bbox 1766 3952 1992 4022; x_wconf 88' lang='grc' dir='ltr'>ἡλιακοῦ</span> 
     </span>
    </p>
   </div>
   <div class='ocr_carea' id='block_1_58' title="bbox 424 4036 1996 4114">
    <p class='ocr_par' dir='ltr' id='par_1_58' title="bbox 424 4036 1996 4114">
     <span class='ocr_line' id='line_1_58' title="bbox 424 4036 1996 4114; baseline 0.004 -24"><span class='ocrx_word' id='word_1_451' title='bbox 424 4036 596 4103; x_wconf 75' lang='grc' dir='ltr'>ἔτους,</span> <span class='ocrx_word' id='word_1_452' title='bbox 637 4037 779 4107; x_wconf 87' lang='grc' dir='ltr'>λέγω</span> <span class='ocrx_word' id='word_1_453' title='bbox 826 4039 884 4092; x_wconf 84' lang='grc' dir='ltr'>δὲ</span> <span class='ocrx_word' id='word_1_454' title='bbox 929 4038 1024 4092; x_wconf 91' lang='grc' dir='ltr'><strong>τοῦ</strong></span> <span class='ocrx_word' id='word_1_455' title='bbox 1072 4039 1153 4105; x_wconf 82' lang='grc' dir='ltr'><strong>κζ’</strong></span> <span class='ocrx_word' id='word_1_456' title='bbox 1204 4041 1303 4112; x_wconf 81' lang='grc' dir='ltr'>τῆς</span> <span class='ocrx_word' id='word_1_457' title='bbox 1347 4041 1389 4095; x_wconf 81' lang='grc' dir='ltr'>δ’</span> <span class='ocrx_word' id='word_1_458' title='bbox 1443 4043 1996 4114; x_wconf 77' lang='grc' dir='ltr'>εἰκοσιοκταετηρίδος</span> 
     </span>
    </p>
   </div>
   <div class='ocr_carea' id='block_1_59' title="bbox 425 4127 1996 4202">
    <p class='ocr_par' dir='ltr' id='par_1_59' title="bbox 425 4127 1996 4202">
     <span class='ocr_line' id='line_1_59' title="bbox 425 4127 1996 4202; baseline 0.003 -21"><span class='ocrx_word' id='word_1_459' title='bbox 425 4127 779 4198; x_wconf 83' lang='grc' dir='ltr'>ὑπάρχοντος,</span> <span class='ocrx_word' id='word_1_460' title='bbox 830 4129 929 4193; x_wconf 78' lang='grc' dir='ltr'>τὰς</span> <span class='ocrx_word' id='word_1_461' title='bbox 974 4131 1217 4194; x_wconf 79' lang='grc' dir='ltr'>ἑπακτὰς</span> <span class='ocrx_word' id='word_1_462' title='bbox 1259 4131 1645 4202; x_wconf 87' lang='grc' dir='ltr'>λαμϐάνοντες,</span> <span class='ocrx_word' id='word_1_463' title='bbox 1692 4132 1858 4197; x_wconf 77' lang='grc' dir='ltr'>οὔσας</span> <span class='ocrx_word' id='word_1_464' title='bbox 1901 4133 1996 4186; x_wconf 81' lang='grc' dir='ltr'><strong>τὸν</strong></span> 
     </span>
    </p>
   </div>
   <div class='ocr_carea' id='block_1_60' title="bbox 424 4218 1993 4295">
    <p class='ocr_par' dir='ltr' id='par_1_60' title="bbox 424 4218 1993 4295">
     <span class='ocr_line' id='line_1_60' title="bbox 424 4218 1993 4295; baseline 0.004 -23"><span class='ocrx_word' id='word_1_465' title='bbox 424 4218 653 4295; x_wconf 76' lang='grc' dir='ltr'>ᾲριθμὸν</span> <span class='ocrx_word' id='word_1_466' title='bbox 681 4226 743 4283; x_wconf 84' lang='grc' dir='ltr'>ε’,</span> <span class='ocrx_word' id='word_1_467' title='bbox 785 4223 850 4292; x_wconf 85' lang='grc' dir='ltr'>τῇ</span> <span class='ocrx_word' id='word_1_468' title='bbox 900 4222 1036 4292; x_wconf 80' lang='grc' dir='ltr'>αὐτῇ</span> <span class='ocrx_word' id='word_1_469' title='bbox 1080 4221 1173 4274; x_wconf 89' lang='grc' dir='ltr'><strong>τοῦ</strong></span> <span class='ocrx_word' id='word_1_470' title='bbox 1214 4222 1488 4293; x_wconf 85' lang='grc' dir='ltr'>Ἀπριλίου</span> <span class='ocrx_word' id='word_1_471' title='bbox 1529 4224 1699 4295; x_wconf 82' lang='grc' dir='ltr'>μηνὸς</span> <span class='ocrx_word' id='word_1_472' title='bbox 1743 4223 1787 4288; x_wconf 81' lang='grc' dir='ltr'><strong>ζ’</strong></span> <span class='ocrx_word' id='word_1_473' title='bbox 1826 4224 1920 4278; x_wconf 79' lang='grc' dir='ltr'>καὶ</span> <span class='ocrx_word' id='word_1_474' title='bbox 1963 4232 1993 4277; x_wconf 85' lang='grc' dir='ltr'>ι’</span> 
     </span>
    </p>
   </div>
   <div class='ocr_carea' id='block_1_61' title="bbox 426 4310 1995 4386">
    <p class='ocr_par' dir='ltr' id='par_1_61' title="bbox 426 4310 1995 4386">
     <span class='ocr_line' id='line_1_61' title="bbox 426 4310 1995 4386; baseline 0.004 -24"><span class='ocrx_word' id='word_1_475' title='bbox 426 4310 812 4381; x_wconf 83' lang='grc' dir='ltr'>συμπλέκομεν</span> <span class='ocrx_word' id='word_1_476' title='bbox 831 4328 845 4341; x_wconf 73' lang='grc' dir='ltr'><strong>ο</strong></span> <span class='ocrx_word' id='word_1_477' title='bbox 876 4311 968 4364; x_wconf 76' lang='grc' dir='ltr'>καὶ</span> <span class='ocrx_word' id='word_1_478' title='bbox 998 4314 1078 4375; x_wconf 88' lang='grc' dir='ltr'><strong>εἰς</strong></span> <span class='ocrx_word' id='word_1_479' title='bbox 1104 4313 1194 4365; x_wconf 84' lang='grc' dir='ltr'><strong>τὸν</strong></span> <span class='ocrx_word' id='word_1_480' title='bbox 1220 4312 1263 4377; x_wconf 78' lang='grc' dir='ltr'><strong>ζ’</strong></span> <span class='ocrx_word' id='word_1_481' title='bbox 1304 4313 1402 4377; x_wconf 82' lang='grc' dir='ltr'>τὰς</span> <span class='ocrx_word' id='word_1_482' title='bbox 1432 4313 1514 4384; x_wconf 74' lang='grc' dir='ltr'><strong>κβ¹</strong></span> <span class='ocrx_word' id='word_1_483' title='bbox 1549 4314 1882 4386; x_wconf 75' lang='grc' dir='ltr'>μερίζοντες,</span> <span class='ocrx_word' id='word_1_484' title='bbox 1930 4317 1995 4369; x_wconf 82' lang='grc' dir='ltr'><strong>ἑκ</strong></span> 
     </span>
    </p>
   </div>
   <div class='ocr_carea' id='block_1_62' title="bbox 422 4398 1996 4476">
    <p class='ocr_par' dir='ltr' id='par_1_62' title="bbox 422 4398 1996 4476">
     <span class='ocr_line' id='line_1_62' title="bbox 422 4398 1996 4476; baseline -0.011 -13"><span class='ocrx_word' id='word_1_485' title='bbox 422 4399 523 4468; x_wconf 83' lang='grc' dir='ltr'><strong>τῆς</strong></span> <span class='ocrx_word' id='word_1_486' title='bbox 555 4398 932 4471; x_wconf 83' lang='grc' dir='ltr'>ἀπομενούσης</span> <span class='ocrx_word' id='word_1_487' title='bbox 960 4402 1247 4472; x_wconf 85' lang='grc' dir='ltr'>Κυριακὴν</span> <span class='ocrx_word' id='word_1_488' title='bbox 1291 4403 1390 4474; x_wconf 83' lang='grc' dir='ltr'>τὴν</span> <span class='ocrx_word' id='word_1_489' title='bbox 1417 4406 1515 4474; x_wconf 86' lang='grc' dir='ltr'>τῆς</span> <span class='ocrx_word' id='word_1_490' title='bbox 1545 4404 1834 4475; x_wconf 74' lang='grc' dir='ltr'>ἑϐδομάδος</span> <span class='ocrx_word' id='word_1_491' title='bbox 1859 4405 1996 4476; x_wconf 73' lang='grc' dir='ltr'><strong>ἠμέ-</strong></span> 
     </span>
    </p>
   </div>
   <div class='ocr_carea' id='block_1_63' title="bbox 428 4487 1995 4565">
    <p class='ocr_par' dir='ltr' id='par_1_63' title="bbox 428 4487 1995 4565">
     <span class='ocr_line' id='line_1_63' title="bbox 428 4487 1995 4565; baseline 0.005 -25"><span class='ocrx_word' id='word_1_492' title='bbox 428 4504 529 4557; x_wconf 88' lang='grc' dir='ltr'><strong>ραν</strong></span> <span class='ocrx_word' id='word_1_493' title='bbox 566 4488 913 4559; x_wconf 79' lang='grc' dir='ltr'>εὑρίσκομεν.</span> <span class='ocrx_word' id='word_1_494' title='bbox 951 4491 1045 4543; x_wconf 88' lang='grc' dir='ltr'>Ἐκ</span> <span class='ocrx_word' id='word_1_495' title='bbox 1084 4491 1289 4559; x_wconf 88' lang='grc' dir='ltr'>ταύτης</span> <span class='ocrx_word' id='word_1_496' title='bbox 1337 4493 1435 4562; x_wconf 86' lang='grc' dir='ltr'>μὲν</span> <span class='ocrx_word' id='word_1_497' title='bbox 1471 4487 1563 4546; x_wconf 85' lang='grc' dir='ltr'><strong>οῦν</strong></span> <span class='ocrx_word' id='word_1_498' title='bbox 1592 4494 1690 4565; x_wconf 80' lang='grc' dir='ltr'>τῆς</span> <span class='ocrx_word' id='word_1_499' title='bbox 1735 4494 1876 4548; x_wconf 81' lang='grc' dir='ltr'>κατὰ</span> <span class='ocrx_word' id='word_1_500' title='bbox 1903 4495 1995 4548; x_wconf 86' lang='grc' dir='ltr'><strong>τὸν</strong></span> 
     </span>
    </p>
   </div>
   <div class='ocr_carea' id='block_1_64' title="bbox 2106 2019 3677 2092">
    <p class='ocr_par' dir='ltr' id='par_1_64' title="bbox 2106 2019 3677 2092">
     <span class='ocr_line' id='line_1_64' title="bbox 2106 2019 3677 2092; baseline 0.001 -18"><span class='ocrx_word' id='word_1_501' title='bbox 2106 2021 2163 2074; x_wconf 92' lang='lat' dir='ltr'><strong>in</strong></span> <span class='ocrx_word' id='word_1_502' title='bbox 2203 2019 2382 2090; x_wconf 90' lang='lat' dir='ltr'><strong>primo</strong></span> <span class='ocrx_word' id='word_1_503' title='bbox 2413 2020 2533 2090; x_wconf 90' lang='lat' dir='ltr'><strong>ejus</strong></span> <span class='ocrx_word' id='word_1_504' title='bbox 2571 2021 2746 2091; x_wconf 84' lang='lat' dir='ltr'><strong>cyclo,</strong></span> <span class='ocrx_word' id='word_1_505' title='bbox 2772 2021 3268 2092; x_wconf 85' lang='lat' dir='ltr'><strong>numeri-ejusdem</strong></span> <span class='ocrx_word' id='word_1_506' title='bbox 3304 2037 3429 2076; x_wconf 89' lang='lat' dir='ltr'><strong>cum</strong></span> <span class='ocrx_word' id='word_1_507' title='bbox 3474 2021 3677 2087; x_wconf 86' lang='lat' dir='ltr'><strong>lunari,</strong></span> 
     </span>
    </p>
   </div>
   <div class='ocr_carea' id='block_1_65' title="bbox 2103 2111 3678 2182">
    <p class='ocr_par' dir='ltr' id='par_1_65' title="bbox 2103 2111 3678 2182">
     <span class='ocr_line' id='line_1_65' title="bbox 2103 2111 3678 2182; baseline 0.003 -18"><span class='ocrx_word' id='word_1_508' title='bbox 2103 2111 2209 2165; x_wconf 87' lang='lat' dir='ltr'><strong>hoc</strong></span> <span class='ocrx_word' id='word_1_509' title='bbox 2238 2117 2323 2166; x_wconf 90' lang='lat' dir='ltr'><strong>est</strong></span> <span class='ocrx_word' id='word_1_510' title='bbox 2352 2126 2464 2175; x_wconf 77' lang='lat' dir='ltr'><strong>xvr,</strong></span> <span class='ocrx_word' id='word_1_511' title='bbox 2493 2127 2656 2182; x_wconf 89' lang='lat' dir='ltr'><strong>quem</strong></span> <span class='ocrx_word' id='word_1_512' title='bbox 2686 2113 2754 2167; x_wconf 90' lang='lat' dir='ltr'><strong>ad</strong></span> <span class='ocrx_word' id='word_1_513' title='bbox 2774 2112 3025 2168; x_wconf 80' lang='lat' dir='ltr'><strong>dextram</strong></span> <span class='ocrx_word' id='word_1_514' title='bbox 3055 2113 3186 2167; x_wconf 87' lang='lat' dir='ltr'><strong>anni</strong></span> <span class='ocrx_word' id='word_1_515' title='bbox 3228 2112 3391 2169; x_wconf 90' lang='lat' dir='ltr'><strong>istius</strong></span> <span class='ocrx_word' id='word_1_516' title='bbox 3416 2113 3579 2178; x_wconf 62' lang='lat' dir='ltr'><strong>lunai,</strong></span> <span class='ocrx_word' id='word_1_517' title='bbox 3610 2127 3678 2168; x_wconf 91' lang='lat' dir='ltr'><strong>ac</strong></span> 
     </span>
    </p>
   </div>
   <div class='ocr_carea' id='block_1_66' title="bbox 2103 2201 3676 2276">
    <p class='ocr_par' dir='ltr' id='par_1_66' title="bbox 2103 2201 3676 2276">
     <span class='ocr_line' id='line_1_66' title="bbox 2103 2201 3676 2276; baseline 0.004 -21"><span class='ocrx_word' id='word_1_518' title='bbox 2103 2216 2271 2273; x_wconf 89' lang='lat' dir='ltr'><strong>prope</strong></span> <span class='ocrx_word' id='word_1_519' title='bbox 2299 2201 2478 2272; x_wconf 90' lang='lat' dir='ltr'><strong>ipsum</strong></span> <span class='ocrx_word' id='word_1_520' title='bbox 2505 2203 2744 2273; x_wconf 86' lang='lat' dir='ltr'><strong>positum</strong></span> <span class='ocrx_word' id='word_1_521' title='bbox 2775 2218 2898 2260; x_wconf 88' lang='lat' dir='ltr'><strong>esse</strong></span> <span class='ocrx_word' id='word_1_522' title='bbox 2921 2203 3228 2260; x_wconf 88' lang='lat' dir='ltr'><strong>docuimus.</strong></span> <span class='ocrx_word' id='word_1_523' title='bbox 3254 2203 3431 2274; x_wconf 86' lang='lat' dir='ltr'><strong>Hujus</strong></span> <span class='ocrx_word' id='word_1_524' title='bbox 3454 2212 3676 2276; x_wconf 85' lang='lat' dir='ltr'><strong>epactas</strong></span> 
     </span>
    </p>
   </div>
   <div class='ocr_carea' id='block_1_67' title="bbox 2103 2293 3675 2366">
    <p class='ocr_par' dir='ltr' id='par_1_67' title="bbox 2103 2293 3675 2366">
     <span class='ocr_line' id='line_1_67' title="bbox 2103 2293 3675 2366; baseline 0.001 -18"><span class='ocrx_word' id='word_1_525' title='bbox 2103 2295 2161 2349; x_wconf 92' lang='lat' dir='ltr'><strong>in</strong></span> <span class='ocrx_word' id='word_1_526' title='bbox 2214 2294 2457 2351; x_wconf 88' lang='lat' dir='ltr'><strong>secundo</strong></span> <span class='ocrx_word' id='word_1_527' title='bbox 2499 2302 2633 2349; x_wconf 80' lang='lat' dir='ltr'><strong>rotae</strong></span> <span class='ocrx_word' id='word_1_528' title='bbox 2665 2295 2875 2349; x_wconf 87' lang='lat' dir='ltr'><strong>circulo</strong></span> <span class='ocrx_word' id='word_1_529' title='bbox 2906 2293 3234 2366; x_wconf 88' lang='lat' dir='ltr'><strong>descriptas,</strong></span> <span class='ocrx_word' id='word_1_530' title='bbox 3283 2310 3406 2366; x_wconf 70' lang='lat' dir='ltr'><strong>qua:</strong></span> <span class='ocrx_word' id='word_1_531' title='bbox 3435 2303 3564 2352; x_wconf 92' lang='lat' dir='ltr'><strong>sunt</strong></span> <span class='ocrx_word' id='word_1_532' title='bbox 3597 2312 3675 2362; x_wconf 79' lang='lat' dir='ltr'><strong>vi,</strong></span> 
     </span>
    </p>
   </div>
   <div class='ocr_carea' id='block_1_68' title="bbox 2104 2385 3678 2458">
    <p class='ocr_par' dir='ltr' id='par_1_68' title="bbox 2104 2385 3678 2458">
     <span class='ocr_line' id='line_1_68' title="bbox 2104 2385 3678 2458; baseline 0.001 -18"><span class='ocrx_word' id='word_1_533' title='bbox 2104 2385 2357 2441; x_wconf 90' lang='lat' dir='ltr'><strong>addimus</strong></span> <span class='ocrx_word' id='word_1_534' title='bbox 2399 2401 2515 2440; x_wconf 86' lang='lat' dir='ltr'><strong>xvn</strong></span> <span class='ocrx_word' id='word_1_535' title='bbox 2547 2385 2754 2457; x_wconf 88' lang='lat' dir='ltr'><strong>Aprilis</strong></span> <span class='ocrx_word' id='word_1_536' title='bbox 2803 2385 3033 2453; x_wconf 88' lang='lat' dir='ltr'><strong>diebus;</strong></span> <span class='ocrx_word' id='word_1_537' title='bbox 3074 2400 3138 2440; x_wconf 89' lang='lat' dir='ltr'><strong>ac</strong></span> <span class='ocrx_word' id='word_1_538' title='bbox 3158 2393 3333 2440; x_wconf 88' lang='lat' dir='ltr'><strong>totum</strong></span> <span class='ocrx_word' id='word_1_539' title='bbox 3362 2387 3418 2441; x_wconf 91' lang='lat' dir='ltr'><strong>in</strong></span> <span class='ocrx_word' id='word_1_540' title='bbox 3445 2401 3522 2441; x_wconf 79' lang='lat' dir='ltr'><strong>vn</strong></span> <span class='ocrx_word' id='word_1_541' title='bbox 3551 2402 3678 2458; x_wconf 91' lang='lat' dir='ltr'><strong>par-</strong></span> 
     </span>
    </p>
   </div>
   <div class='ocr_carea' id='block_1_69' title="bbox 2103 2476 3677 2547">
    <p class='ocr_par' dir='ltr' id='par_1_69' title="bbox 2103 2476 3677 2547">
     <span class='ocr_line' id='line_1_69' title="bbox 2103 2476 3677 2547; baseline 0.003 -15"><span class='ocrx_word' id='word_1_542' title='bbox 2103 2480 2292 2533; x_wconf 89' lang='lat' dir='ltr'><strong>timur.</strong></span> <span class='ocrx_word' id='word_1_543' title='bbox 2328 2476 2432 2544; x_wconf 88' lang='lat' dir='ltr'><strong>Qui</strong></span> <span class='ocrx_word' id='word_1_544' title='bbox 2458 2479 2700 2547; x_wconf 89' lang='lat' dir='ltr'><strong>reliquus</strong></span> <span class='ocrx_word' id='word_1_545' title='bbox 2729 2486 2815 2534; x_wconf 89' lang='lat' dir='ltr'><strong>est</strong></span> <span class='ocrx_word' id='word_1_546' title='bbox 2848 2479 3094 2534; x_wconf 87' lang='lat' dir='ltr'><strong>hinarius</strong></span> <span class='ocrx_word' id='word_1_547' title='bbox 3126 2478 3319 2533; x_wconf 87' lang='lat' dir='ltr'><strong>feriam</strong></span> <span class='ocrx_word' id='word_1_548' title='bbox 3349 2479 3592 2547; x_wconf 81' lang='lat' dir='ltr'><strong>exhibet,</strong></span> <span class='ocrx_word' id='word_1_549' title='bbox 3618 2480 3677 2536; x_wconf 90' lang='lat' dir='ltr'><strong>in</strong></span> 
     </span>
    </p>
   </div>
   <div class='ocr_carea' id='block_1_70' title="bbox 2103 2567 3677 2639">
    <p class='ocr_par' dir='ltr' id='par_1_70' title="bbox 2103 2567 3677 2639">
     <span class='ocr_line' id='line_1_70' title="bbox 2103 2567 3677 2639; baseline 0.001 -15"><span class='ocrx_word' id='word_1_550' title='bbox 2103 2584 2212 2639; x_wconf 90' lang='lat' dir='ltr'><strong>qua</strong></span> <span class='ocrx_word' id='word_1_551' title='bbox 2238 2567 2412 2624; x_wconf 65' lang='lat' dir='ltr'><strong>Judaei</strong></span> <span class='ocrx_word' id='word_1_552' title='bbox 2448 2567 2659 2624; x_wconf 83' lang='lat' dir='ltr'><strong>Pascha</strong></span> <span class='ocrx_word' id='word_1_553' title='bbox 2689 2570 2989 2624; x_wconf 86' lang='lat' dir='ltr'><strong>celebrant.</strong></span> <span class='ocrx_word' id='word_1_554' title='bbox 3012 2569 3093 2624; x_wconf 91' lang='lat' dir='ltr'><strong>Ob</strong></span> <span class='ocrx_word' id='word_1_555' title='bbox 3122 2569 3176 2623; x_wconf 90' lang='lat' dir='ltr'><strong>id</strong></span> <span class='ocrx_word' id='word_1_556' title='bbox 3206 2569 3563 2626; x_wconf 87' lang='lat' dir='ltr'><strong>antecedente</strong></span> <span class='ocrx_word' id='word_1_557' title='bbox 3594 2571 3677 2626; x_wconf 89' lang='lat' dir='ltr'><strong>illi</strong></span> 
     </span>
    </p>
   </div>
   <div class='ocr_carea' id='block_1_71' title="bbox 2103 2657 3675 2732">
    <p class='ocr_par' dir='ltr' id='par_1_71' title="bbox 2103 2657 3675 2732">
     <span class='ocr_line' id='line_1_71' title="bbox 2103 2657 3675 2732; baseline 0.003 -19"><span class='ocrx_word' id='word_1_558' title='bbox 2103 2660 2214 2728; x_wconf 89' lang='lat' dir='ltr'><strong>die,</strong></span> <span class='ocrx_word' id='word_1_559' title='bbox 2269 2659 2528 2713; x_wconf 83' lang='lat' dir='ltr'><strong>nimirum</strong></span> <span class='ocrx_word' id='word_1_560' title='bbox 2576 2657 2901 2726; x_wconf 90' lang='lat' dir='ltr'><strong>Dominica,</strong></span> <span class='ocrx_word' id='word_1_561' title='bbox 2946 2676 3016 2714; x_wconf 84' lang='lat' dir='ltr'><strong>xv</strong></span> <span class='ocrx_word' id='word_1_562' title='bbox 3072 2660 3217 2715; x_wconf 65' lang='lat' dir='ltr'><strong>lunas</strong></span> <span class='ocrx_word' id='word_1_563' title='bbox 3263 2669 3675 2732; x_wconf 89' lang='lat' dir='ltr'><strong>eomputantes,</strong></span> 
     </span>
    </p>
   </div>
   <div class='ocr_carea' id='block_1_72' title="bbox 2104 2747 3685 2820">
    <p class='ocr_par' dir='ltr' id='par_1_72' title="bbox 2104 2747 3685 2820">
     <span class='ocr_line' id='line_1_72' title="bbox 2104 2747 3685 2820; baseline 0.003 -17"><span class='ocrx_word' id='word_1_564' title='bbox 2104 2758 2229 2805; x_wconf 90' lang='lat' dir='ltr'><strong>ante</strong></span> <span class='ocrx_word' id='word_1_565' title='bbox 2266 2748 2553 2804; x_wconf 64' lang='lat' dir='ltr'><strong>Iudaicum</strong></span> <span class='ocrx_word' id='word_1_566' title='bbox 2594 2747 2826 2815; x_wconf 87' lang='lat' dir='ltr'><strong>Pascha,</strong></span> <span class='ocrx_word' id='word_1_567' title='bbox 2871 2750 3017 2820; x_wconf 88' lang='lat' dir='ltr'><strong>quod</strong></span> <span class='ocrx_word' id='word_1_568' title='bbox 3062 2750 3218 2805; x_wconf 79' lang='lat' dir='ltr'><strong>nefas</strong></span> <span class='ocrx_word' id='word_1_569' title='bbox 3263 2760 3369 2817; x_wconf 90' lang='lat' dir='ltr'><strong>est,</strong></span> <span class='ocrx_word' id='word_1_570' title='bbox 3403 2751 3685 2809; x_wconf 89' lang='lat' dir='ltr'><strong>Christia-&#39;</strong></span> 
     </span>
    </p>
   </div>
   <div class='ocr_carea' id='block_1_73' title="bbox 2103 2838 3676 2915">
    <p class='ocr_par' dir='ltr' id='par_1_73' title="bbox 2103 2838 3676 2915">
     <span class='ocr_line' id='line_1_73' title="bbox 2103 2838 3676 2915; baseline 0.003 -20"><span class='ocrx_word' id='word_1_571' title='bbox 2103 2855 2234 2895; x_wconf 91' lang='lat' dir='ltr'><strong>num</strong></span> <span class='ocrx_word' id='word_1_572' title='bbox 2283 2847 2553 2896; x_wconf 90' lang='lat' dir='ltr'><strong>statuunt.</strong></span> <span class='ocrx_word' id='word_1_573' title='bbox 2602 2838 2902 2912; x_wconf 88' lang='lat' dir='ltr'><strong>Propterea</strong></span> <span class='ocrx_word' id='word_1_574' title='bbox 2935 2856 3038 2897; x_wconf 91' lang='lat' dir='ltr'><strong>nos</strong></span> <span class='ocrx_word' id='word_1_575' title='bbox 3080 2842 3228 2897; x_wconf 89' lang='lat' dir='ltr'><strong>hunc</strong></span> <span class='ocrx_word' id='word_1_576' title='bbox 3256 2844 3433 2915; x_wconf 87' lang='lat' dir='ltr'><strong>ipsum</strong></span> <span class='ocrx_word' id='word_1_577' title='bbox 3468 2859 3676 2900; x_wconf 89' lang='lat' dir='ltr'><strong>annum</strong></span> 
     </span>
    </p>
   </div>
   <div class='ocr_carea' id='block_1_74' title="bbox 2102 2932 3674 3005">
    <p class='ocr_par' dir='ltr' id='par_1_74' title="bbox 2102 2932 3674 3005">
     <span class='ocr_line' id='line_1_74' title="bbox 2102 2932 3674 3005; baseline 0.004 -19"><span class='ocrx_word' id='word_1_578' title='bbox 2102 2949 2216 2997; x_wconf 78' lang='lat' dir='ltr'><strong>xvr,</strong></span> <span class='ocrx_word' id='word_1_579' title='bbox 2247 2940 2309 2986; x_wconf 91' lang='lat' dir='ltr'><strong>ut</strong></span> <span class='ocrx_word' id='word_1_580' title='bbox 2332 2933 2445 3004; x_wconf 89' lang='lat' dir='ltr'><strong>jam</strong></span> <span class='ocrx_word' id='word_1_581' title='bbox 2479 2932 2686 2987; x_wconf 90' lang='lat' dir='ltr'><strong>dictum</strong></span> <span class='ocrx_word' id='word_1_582' title='bbox 2715 2941 2823 2997; x_wconf 89' lang='lat' dir='ltr'><strong>est,</strong></span> <span class='ocrx_word' id='word_1_583' title='bbox 2863 2933 3069 3005; x_wconf 92' lang='lat' dir='ltr'><strong>duplici</strong></span> <span class='ocrx_word' id='word_1_584' title='bbox 3108 2946 3313 3005; x_wconf 90' lang='lat' dir='ltr'><strong>puncto</strong></span> <span class='ocrx_word' id='word_1_585' title='bbox 3334 2937 3674 2994; x_wconf 88' lang='lat' dir='ltr'><strong>notavimus.</strong></span> 
     </span>
    </p>
   </div>
   <div class='ocr_carea' id='block_1_75' title="bbox 2101 3011 3676 3102">
    <p class='ocr_par' dir='ltr' id='par_1_75' title="bbox 2101 3011 3676 3102">
     <span class='ocr_line' id='line_1_75' title="bbox 2101 3011 3676 3102; baseline 0.005 -24"><span class='ocrx_word' id='word_1_586' title='bbox 2101 3024 2183 3078; x_wconf 88' lang='lat' dir='ltr'><strong>Ad</strong></span> <span class='ocrx_word' id='word_1_587' title='bbox 2209 3024 2359 3080; x_wconf 88' lang='lat' dir='ltr'><strong>hunc</strong></span> <span class='ocrx_word' id='word_1_588' title='bbox 2393 3011 2614 3081; x_wconf 76' lang='lat' dir='ltr'><strong>modum</strong></span> <span class='ocrx_word' id='word_1_589' title='bbox 2646 3040 2943 3081; x_wconf 87' lang='lat' dir='ltr'><strong>numerare</strong></span> <span class='ocrx_word' id='word_1_590' title='bbox 2973 3027 3230 3083; x_wconf 89' lang='lat' dir='ltr'><strong>convenit</strong></span> <span class='ocrx_word' id='word_1_591' title='bbox 3271 3028 3329 3084; x_wconf 92' lang='lat' dir='ltr'><strong>in</strong></span> <span class='ocrx_word' id='word_1_592' title='bbox 3366 3029 3545 3098; x_wconf 89' lang='lat' dir='ltr'><strong>primo</strong></span> <span class='ocrx_word' id='word_1_593' title='bbox 3578 3044 3676 3102; x_wconf 84' lang='lat' dir='ltr'><strong>cy-</strong></span> 
     </span>
    </p>
   </div>
   <div class='ocr_carea' id='block_1_76' title="bbox 2103 3115 3675 3189">
    <p class='ocr_par' dir='ltr' id='par_1_76' title="bbox 2103 3115 3675 3189">
     <span class='ocr_line' id='line_1_76' title="bbox 2103 3115 3675 3189; baseline 0.006 -20"><span class='ocrx_word' id='word_1_594' title='bbox 2103 3115 2191 3169; x_wconf 93' lang='lat' dir='ltr'><strong>clo</strong></span> <span class='ocrx_word' id='word_1_595' title='bbox 2234 3116 2396 3189; x_wconf 76' lang='lat'><strong>186</strong></span> <span class='ocrx_word' id='word_1_596' title='bbox 2419 3117 2906 3173; x_wconf 90' lang='lat' dir='ltr'><strong>decemnovennali</strong></span> <span class='ocrx_word' id='word_1_597' title='bbox 2943 3132 3149 3173; x_wconf 91' lang='lat' dir='ltr'><strong>annum</strong></span> <span class='ocrx_word' id='word_1_598' title='bbox 3181 3119 3349 3175; x_wconf 88' lang='lat' dir='ltr'><strong>istum</strong></span> <span class='ocrx_word' id='word_1_599' title='bbox 3390 3121 3534 3176; x_wconf 65' lang='lat' dir='ltr'><strong>lunae</strong></span> <span class='ocrx_word' id='word_1_600' title='bbox 3560 3138 3675 3179; x_wconf 72' lang='lat' dir='ltr'><strong>xvn.</strong></span> 
     </span>
    </p>
   </div>
   <div class='ocr_carea' id='block_1_77' title="bbox 2101 3207 3679 3280">
    <p class='ocr_par' dir='ltr' id='par_1_77' title="bbox 2101 3207 3679 3280">
     <span class='ocr_line' id='line_1_77' title="bbox 2101 3207 3679 3280; baseline 0.003 -16"><span class='ocrx_word' id='word_1_601' title='bbox 2101 3207 2224 3264; x_wconf 83' lang='lat' dir='ltr'><strong>Jam</strong></span> <span class='ocrx_word' id='word_1_602' title='bbox 2248 3224 2378 3264; x_wconf 88' lang='lat' dir='ltr'><strong>vero</strong></span> <span class='ocrx_word' id='word_1_603' title='bbox 2407 3210 2455 3264; x_wconf 91' lang='lat' dir='ltr'><strong>si</strong></span> <span class='ocrx_word' id='word_1_604' title='bbox 2484 3209 2542 3263; x_wconf 93' lang='lat' dir='ltr'><strong>in</strong></span> <span class='ocrx_word' id='word_1_605' title='bbox 2569 3210 2726 3280; x_wconf 87' lang='lat' dir='ltr'><strong>cyclo</strong></span> <span class='ocrx_word' id='word_1_606' title='bbox 2762 3209 3247 3267; x_wconf 88' lang='lat' dir='ltr'><strong>decemnovennali</strong></span> <span class='ocrx_word' id='word_1_607' title='bbox 3279 3226 3335 3266; x_wconf 79' lang='lat' dir='ltr'><strong>v1</strong></span> <span class='ocrx_word' id='word_1_608' title='bbox 3370 3213 3512 3269; x_wconf 87' lang='lat' dir='ltr'><strong>scire</strong></span> <span class='ocrx_word' id='word_1_609' title='bbox 3540 3213 3679 3270; x_wconf 87' lang='lat' dir='ltr'><strong>veli-</strong></span> 
     </span>
    </p>
   </div>
   <div class='ocr_carea' id='block_1_78' title="bbox 2103 3301 3677 3371">
    <p class='ocr_par' dir='ltr' id='par_1_78' title="bbox 2103 3301 3677 3371">
     <span class='ocr_line' id='line_1_78' title="bbox 2103 3301 3677 3371; baseline 0.004 -15"><span class='ocrx_word' id='word_1_610' title='bbox 2103 3316 2250 3366; x_wconf 87' lang='lat' dir='ltr'><strong>mus,</strong></span> <span class='ocrx_word' id='word_1_611' title='bbox 2286 3316 2528 3371; x_wconf 90' lang='lat' dir='ltr'><strong>quanam</strong></span> <span class='ocrx_word' id='word_1_612' title='bbox 2582 3301 2945 3358; x_wconf 88' lang='lat' dir='ltr'><strong>hebdomadis</strong></span> <span class='ocrx_word' id='word_1_613' title='bbox 2989 3301 3124 3359; x_wconf 81' lang='lat' dir='ltr'><strong>feria</strong></span> <span class='ocrx_word' id='word_1_614' title='bbox 3145 3303 3415 3360; x_wconf 90' lang='lat' dir='ltr'><strong>decimam</strong></span> <span class='ocrx_word' id='word_1_615' title='bbox 3462 3314 3677 3362; x_wconf 87' lang='lat' dir='ltr'><strong>sextam</strong></span> 
     </span>
    </p>
   </div>
   <div class='ocr_carea' id='block_1_79' title="bbox 2104 3393 3678 3470">
    <p class='ocr_par' dir='ltr' id='par_1_79' title="bbox 2104 3393 3678 3470">
     <span class='ocr_line' id='line_1_79' title="bbox 2104 3393 3678 3470; baseline 0.006 -24"><span class='ocrx_word' id='word_1_616' title='bbox 2104 3393 2183 3448; x_wconf 91' lang='lat' dir='ltr'><strong>illi</strong></span> <span class='ocrx_word' id='word_1_617' title='bbox 2215 3402 2502 3448; x_wconf 87' lang='lat' dir='ltr'><strong>numerent</strong></span> <span class='ocrx_word' id='word_1_618' title='bbox 2533 3395 2589 3447; x_wconf 91' lang='lat' dir='ltr'><strong>in</strong></span> <span class='ocrx_word' id='word_1_619' title='bbox 2617 3408 2761 3448; x_wconf 88' lang='lat' dir='ltr'><strong>anno</strong></span> <span class='ocrx_word' id='word_1_620' title='bbox 2792 3393 2982 3449; x_wconf 89' lang='lat' dir='ltr'><strong>eodem</strong></span> <span class='ocrx_word' id='word_1_621' title='bbox 3005 3410 3117 3463; x_wconf 82' lang='lat' dir='ltr'><strong>xvr,</strong></span> <span class='ocrx_word' id='word_1_622' title='bbox 3145 3395 3272 3450; x_wconf 90' lang='lat' dir='ltr'><strong>anni</strong></span> <span class='ocrx_word' id='word_1_623' title='bbox 3302 3397 3456 3464; x_wconf 91' lang='lat' dir='ltr'><strong>solis,</strong></span> <span class='ocrx_word' id='word_1_624' title='bbox 3481 3399 3572 3470; x_wconf 89' lang='lat' dir='ltr'><strong>qui</strong></span> <span class='ocrx_word' id='word_1_625' title='bbox 3607 3400 3678 3456; x_wconf 91' lang='lat' dir='ltr'><strong>ad</strong></span> 
     </span>
    </p>
   </div>
   <div class='ocr_carea' id='block_1_80' title="bbox 2102 3485 3678 3560">
    <p class='ocr_par' dir='ltr' id='par_1_80' title="bbox 2102 3485 3678 3560">
     <span class='ocr_line' id='line_1_80' title="bbox 2102 3485 3678 3560; baseline 0.003 -19"><span class='ocrx_word' id='word_1_626' title='bbox 2102 3487 2224 3555; x_wconf 90' lang='lat' dir='ltr'><strong>ejus</strong></span> <span class='ocrx_word' id='word_1_627' title='bbox 2258 3485 2538 3540; x_wconf 83' lang='lat' dir='ltr'><strong>sinistram</strong></span> <span class='ocrx_word' id='word_1_628' title='bbox 2578 3485 2792 3555; x_wconf 87' lang='lat' dir='ltr'><strong>positus</strong></span> <span class='ocrx_word' id='word_1_629' title='bbox 2831 3492 2936 3549; x_wconf 88' lang='lat' dir='ltr'><strong>est,</strong></span> <span class='ocrx_word' id='word_1_630' title='bbox 2968 3494 3023 3541; x_wconf 91' lang='lat' dir='ltr'><strong>et</strong></span> <span class='ocrx_word' id='word_1_631' title='bbox 3055 3495 3138 3541; x_wconf 82' lang='lat' dir='ltr'><strong>est</strong></span> <span class='ocrx_word' id='word_1_632' title='bbox 3180 3503 3333 3542; x_wconf 82' lang='lat' dir='ltr'><strong>xxvu</strong></span> <span class='ocrx_word' id='word_1_633' title='bbox 3362 3490 3501 3560; x_wconf 89' lang='lat' dir='ltr'><strong>cycli</strong></span> <span class='ocrx_word' id='word_1_634' title='bbox 3529 3491 3678 3546; x_wconf 87' lang='lat' dir='ltr'><strong>sola-</strong></span> 
     </span>
    </p>
   </div>
   <div class='ocr_carea' id='block_1_81' title="bbox 2103 3575 3677 3649">
    <p class='ocr_par' dir='ltr' id='par_1_81' title="bbox 2103 3575 3677 3649">
     <span class='ocr_line' id='line_1_81' title="bbox 2103 3575 3677 3649; baseline 0.003 -18"><span class='ocrx_word' id='word_1_635' title='bbox 2103 3577 2182 3631; x_wconf 88' lang='lat' dir='ltr'><strong>ris</strong></span> <span class='ocrx_word' id='word_1_636' title='bbox 2224 3591 2303 3639; x_wconf 84' lang='lat' dir='ltr'><strong>1v,</strong></span> <span class='ocrx_word' id='word_1_637' title='bbox 2338 3575 2618 3631; x_wconf 70' lang='lat' dir='ltr'><strong>sumendae</strong></span> <span class='ocrx_word' id='word_1_638' title='bbox 2648 3583 2777 3632; x_wconf 91' lang='lat' dir='ltr'><strong>sunt</strong></span> <span class='ocrx_word' id='word_1_639' title='bbox 2807 3589 3015 3646; x_wconf 75' lang='lat' dir='ltr'><strong>epacue</strong></span> <span class='ocrx_word' id='word_1_640' title='bbox 3038 3593 3092 3640; x_wconf 89' lang='lat' dir='ltr'><strong>v,</strong></span> <span class='ocrx_word' id='word_1_641' title='bbox 3143 3583 3197 3631; x_wconf 86' lang='lat' dir='ltr'><strong>et</strong></span> <span class='ocrx_word' id='word_1_642' title='bbox 3223 3578 3291 3632; x_wconf 89' lang='lat' dir='ltr'><strong>ad</strong></span> <span class='ocrx_word' id='word_1_643' title='bbox 3328 3595 3439 3633; x_wconf 88' lang='lat' dir='ltr'><strong>xvn</strong></span> <span class='ocrx_word' id='word_1_644' title='bbox 3469 3579 3677 3649; x_wconf 86' lang='lat' dir='ltr'><strong>Aprilis</strong></span> 
     </span>
    </p>
   </div>
   <div class='ocr_carea' id='block_1_82' title="bbox 2103 3666 3674 3740">
    <p class='ocr_par' dir='ltr' id='par_1_82' title="bbox 2103 3666 3674 3740">
     <span class='ocr_line' id='line_1_82' title="bbox 2103 3666 3674 3740; baseline 0.003 -17"><span class='ocrx_word' id='word_1_645' title='bbox 2103 3666 2426 3738; x_wconf 66' lang='lat' dir='ltr'><strong>adjiciendae</strong></span> <span class='ocrx_word' id='word_1_646' title='bbox 2454 3687 2467 3721; x_wconf 89' lang='lat'>:</span> <span class='ocrx_word' id='word_1_647' title='bbox 2499 3667 2625 3723; x_wconf 91' lang='lat' dir='ltr'><strong>inde</strong></span> <span class='ocrx_word' id='word_1_648' title='bbox 2658 3682 2927 3723; x_wconf 90' lang='lat' dir='ltr'><strong>summam</strong></span> <span class='ocrx_word' id='word_1_649' title='bbox 2971 3668 3184 3722; x_wconf 91' lang='lat' dir='ltr'><strong>dierum</strong></span> <span class='ocrx_word' id='word_1_650' title='bbox 3218 3685 3332 3723; x_wconf 58' lang='grc' dir='ltr'>χχιι</span> <span class='ocrx_word' id='word_1_651' title='bbox 3363 3686 3460 3740; x_wconf 93' lang='lat' dir='ltr'><strong>per</strong></span> <span class='ocrx_word' id='word_1_652' title='bbox 3485 3687 3562 3726; x_wconf 81' lang='lat' dir='ltr'><strong>vn</strong></span> <span class='ocrx_word' id='word_1_653' title='bbox 3587 3672 3674 3727; x_wconf 90' lang='lat' dir='ltr'><strong>di-</strong></span> 
     </span>
    </p>
   </div>
   <div class='ocr_carea' id='block_1_83' title="bbox 2101 3757 3678 3832">
    <p class='ocr_par' dir='ltr' id='par_1_83' title="bbox 2101 3757 3678 3832">
     <span class='ocr_line' id='line_1_83' title="bbox 2101 3757 3678 3832; baseline 0.005 -21"><span class='ocrx_word' id='word_1_654' title='bbox 2101 3757 2371 3821; x_wconf 89' lang='lat' dir='ltr'><strong>videntes,</strong></span> <span class='ocrx_word' id='word_1_655' title='bbox 2423 3757 2688 3827; x_wconf 88' lang='lat' dir='ltr'><strong>reliquam</strong></span> <span class='ocrx_word' id='word_1_656' title='bbox 2724 3757 2985 3814; x_wconf 80' lang='lat' dir='ltr'><strong>faciemus</strong></span> <span class='ocrx_word' id='word_1_657' title='bbox 3028 3757 3384 3823; x_wconf 87' lang='lat' dir='ltr'><strong>Dominicam,</strong></span> <span class='ocrx_word' id='word_1_658' title='bbox 3433 3778 3554 3832; x_wconf 75' lang='lat' dir='ltr'><strong>qua:</strong></span> <span class='ocrx_word' id='word_1_659' title='bbox 3592 3772 3678 3819; x_wconf 85' lang='lat' dir='ltr'><strong>est</strong></span> 
     </span>
    </p>
   </div>
   <div class='ocr_carea' id='block_1_84' title="bbox 2102 3849 3678 3923">
    <p class='ocr_par' dir='ltr' id='par_1_84' title="bbox 2102 3849 3678 3923">
     <span class='ocr_line' id='line_1_84' title="bbox 2102 3849 3678 3923; baseline 0.004 -17"><span class='ocrx_word' id='word_1_660' title='bbox 2102 3852 2250 3907; x_wconf 92' lang='lat' dir='ltr'><strong>illius</strong></span> <span class='ocrx_word' id='word_1_661' title='bbox 2266 3849 2373 3906; x_wconf 90' lang='lat' dir='ltr'><strong>diei</strong></span> <span class='ocrx_word' id='word_1_662' title='bbox 2398 3850 2555 3906; x_wconf 78' lang='lat' dir='ltr'><strong>feria.</strong></span> <span class='ocrx_word' id='word_1_663' title='bbox 2578 3850 2653 3905; x_wconf 86' lang='lat' dir='ltr'><strong>Ex</strong></span> <span class='ocrx_word' id='word_1_664' title='bbox 2688 3851 2791 3906; x_wconf 86' lang='lat' dir='ltr'><strong>hac</strong></span> <span class='ocrx_word' id='word_1_665' title='bbox 2817 3850 2984 3922; x_wconf 77' lang='lat' dir='ltr'><strong>igitur</strong></span> <span class='ocrx_word' id='word_1_666' title='bbox 3005 3867 3119 3916; x_wconf 75' lang='lat' dir='ltr'><strong>xvr,</strong></span> <span class='ocrx_word' id='word_1_667' title='bbox 3145 3868 3307 3923; x_wconf 92' lang='lat' dir='ltr'><strong>quam</strong></span> <span class='ocrx_word' id='word_1_668' title='bbox 3338 3854 3414 3909; x_wconf 90' lang='lat' dir='ltr'><strong>illi</strong></span> <span class='ocrx_word' id='word_1_669' title='bbox 3442 3855 3499 3911; x_wconf 92' lang='lat' dir='ltr'><strong>in</strong></span> <span class='ocrx_word' id='word_1_670' title='bbox 3521 3866 3678 3912; x_wconf 83' lang='lat' dir='ltr'><strong>sexto</strong></span> 
     </span>
    </p>
   </div>
   <div class='ocr_carea' id='block_1_85' title="bbox 2103 3942 3676 4014">
    <p class='ocr_par' dir='ltr' id='par_1_85' title="bbox 2103 3942 3676 4014">
     <span class='ocr_line' id='line_1_85' title="bbox 2103 3942 3676 4014; baseline 0.003 -15"><span class='ocrx_word' id='word_1_671' title='bbox 2103 3942 2585 3999; x_wconf 87' lang='lat' dir='ltr'><strong>decemnovennali</strong></span> <span class='ocrx_word' id='word_1_672' title='bbox 2619 3943 2775 4014; x_wconf 85' lang='lat' dir='ltr'><strong>cyclo</strong></span> <span class='ocrx_word' id='word_1_673' title='bbox 2819 3950 3162 4013; x_wconf 77' lang='lat' dir='ltr'><strong>computant,</strong></span> <span class='ocrx_word' id='word_1_674' title='bbox 3191 3942 3565 4001; x_wconf 85' lang='lat' dir='ltr'><strong>Christianum</strong></span> <span class='ocrx_word' id='word_1_675' title='bbox 3607 3949 3676 4004; x_wconf 89' lang='lat' dir='ltr'><strong>ab</strong></span> 
     </span>
    </p>
   </div>
   <div class='ocr_carea' id='block_1_86' title="bbox 2104 4033 3759 4107">
    <p class='ocr_par' dir='ltr' id='par_1_86' title="bbox 2104 4033 3759 4107">
     <span class='ocr_line' id='line_1_86' title="bbox 2104 4033 3759 4107; baseline 0.002 -18"><span class='ocrx_word' id='word_1_676' title='bbox 2104 4034 2173 4089; x_wconf 92' lang='lat' dir='ltr'><strong>iis</strong></span> <span class='ocrx_word' id='word_1_677' title='bbox 2199 4033 2411 4089; x_wconf 91' lang='lat' dir='ltr'><strong>Pascha</strong></span> <span class='ocrx_word' id='word_1_678' title='bbox 2445 4035 2501 4087; x_wconf 91' lang='lat' dir='ltr'><strong>in</strong></span> <span class='ocrx_word' id='word_1_679' title='bbox 2527 4048 2665 4088; x_wconf 66' lang='grc' dir='ltr'>χχιιι</span> <span class='ocrx_word' id='word_1_680' title='bbox 2693 4033 2834 4088; x_wconf 68' lang='lat' dir='ltr'><strong>luna:</strong></span> <span class='ocrx_word' id='word_1_681' title='bbox 2853 4033 3004 4089; x_wconf 87' lang='lat' dir='ltr'><strong>diem</strong></span> <span class='ocrx_word' id='word_1_682' title='bbox 3049 4033 3331 4091; x_wconf 84' lang='lat' dir='ltr'><strong>confertur</strong></span> <span class='ocrx_word' id='word_1_683' title='bbox 3363 4054 3376 4091; x_wconf 92' lang='lat'><strong>:</strong></span> <span class='ocrx_word' id='word_1_684' title='bbox 3415 4038 3675 4107; x_wconf 90' lang='lat' dir='ltr'><strong>quoniam</strong></span> <span class='ocrx_word' id='word_1_685' title='bbox 3742 4044 3759 4051; x_wconf 78' lang='lat'><em>’</em></span> 
     </span>
    </p>
   </div>
   <div class='ocr_carea' id='block_1_87' title="bbox 2103 4123 3677 4198">
    <p class='ocr_par' dir='ltr' id='par_1_87' title="bbox 2103 4123 3677 4198">
     <span class='ocr_line' id='line_1_87' title="bbox 2103 4123 3677 4198; baseline 0.001 -18"><span class='ocrx_word' id='word_1_686' title='bbox 2103 4126 2161 4180; x_wconf 91' lang='lat' dir='ltr'><strong>in</strong></span> <span class='ocrx_word' id='word_1_687' title='bbox 2187 4125 2567 4194; x_wconf 86' lang='lat' dir='ltr'><strong>insequentem</strong></span> <span class='ocrx_word' id='word_1_688' title='bbox 2610 4123 2948 4179; x_wconf 88' lang='lat' dir='ltr'><strong>Dominicam</strong></span> <span class='ocrx_word' id='word_1_689' title='bbox 2989 4125 3363 4181; x_wconf 87' lang='lat' dir='ltr'><strong>ecclesiastica</strong></span> <span class='ocrx_word' id='word_1_690' title='bbox 3396 4127 3451 4182; x_wconf 86' lang='lat' dir='ltr'><strong>id</strong></span> <span class='ocrx_word' id='word_1_691' title='bbox 3488 4129 3677 4198; x_wconf 80' lang='lat' dir='ltr'><strong>regula</strong></span> 
     </span>
    </p>
   </div>
   <div class='ocr_carea' id='block_1_88' title="bbox 2105 4215 3662 4287">
    <p class='ocr_par' dir='ltr' id='par_1_88' title="bbox 2105 4215 3662 4287">
     <span class='ocr_line' id='line_1_88' title="bbox 2105 4215 3662 4287; baseline 0.002 -18"><span class='ocrx_word' id='word_1_692' title='bbox 2105 4215 2395 4273; x_wconf 80' lang='lat' dir='ltr'><strong>transferri</strong></span> <span class='ocrx_word' id='word_1_693' title='bbox 2423 4215 2704 4286; x_wconf 64' lang='lat' dir='ltr'><strong>praecipit;</strong></span> <span class='ocrx_word' id='word_1_694' title='bbox 2731 4230 2799 4270; x_wconf 88' lang='lat' dir='ltr'><strong>ex</strong></span> <span class='ocrx_word' id='word_1_695' title='bbox 2827 4231 2891 4270; x_wconf 88' lang='lat' dir='ltr'><strong>ea</strong></span> <span class='ocrx_word' id='word_1_696' title='bbox 2914 4230 3064 4279; x_wconf 90' lang='lat' dir='ltr'><strong>vero,</strong></span> <span class='ocrx_word' id='word_1_697' title='bbox 3094 4231 3259 4285; x_wconf 90' lang='lat' dir='ltr'><strong>quam</strong></span> <span class='ocrx_word' id='word_1_698' title='bbox 3287 4218 3341 4271; x_wconf 93' lang='lat' dir='ltr'><strong>in</strong></span> <span class='ocrx_word' id='word_1_699' title='bbox 3368 4218 3545 4287; x_wconf 91' lang='lat' dir='ltr'><strong>prima</strong></span> <span class='ocrx_word' id='word_1_700' title='bbox 3578 4234 3662 4272; x_wconf 75' lang='lat' dir='ltr'><strong>en.</strong></span> 
     </span>
    </p>
   </div>
   <div class='ocr_carea' id='block_1_89' title="bbox 2102 4306 3674 4376">
    <p class='ocr_par' dir='ltr' id='par_1_89' title="bbox 2102 4306 3674 4376">
     <span class='ocr_line' id='line_1_89' title="bbox 2102 4306 3674 4376; baseline 0.002 -15"><span class='ocrx_word' id='word_1_701' title='bbox 2102 4306 2552 4363; x_wconf 78' lang='lat' dir='ltr'><strong>neadecaeteride</strong></span> <span class='ocrx_word' id='word_1_702' title='bbox 2574 4314 2886 4371; x_wconf 87' lang='lat' dir='ltr'><strong>numerant,</strong></span> <span class='ocrx_word' id='word_1_703' title='bbox 2917 4307 3062 4376; x_wconf 90' lang='lat' dir='ltr'><strong>quod</strong></span> <span class='ocrx_word' id='word_1_704' title='bbox 3096 4321 3160 4361; x_wconf 92' lang='lat' dir='ltr'><strong>ea</strong></span> <span class='ocrx_word' id='word_1_705' title='bbox 3197 4307 3492 4362; x_wconf 88' lang='lat' dir='ltr'><strong>secundam</strong></span> <span class='ocrx_word' id='word_1_706' title='bbox 3519 4310 3573 4363; x_wconf 92' lang='lat' dir='ltr'><strong>in</strong></span> <span class='ocrx_word' id='word_1_707' title='bbox 3598 4308 3674 4365; x_wconf 76' lang='lat' dir='ltr'><strong>fe-</strong></span> 
     </span>
    </p>
   </div>
   <div class='ocr_carea' id='block_1_90' title="bbox 2102 4395 3672 4471">
    <p class='ocr_par' dir='ltr' id='par_1_90' title="bbox 2102 4395 3672 4471">
     <span class='ocr_line' id='line_1_90' title="bbox 2102 4395 3672 4471; baseline 0.001 -20"><span class='ocrx_word' id='word_1_708' title='bbox 2102 4398 2243 4452; x_wconf 86' lang='lat' dir='ltr'><strong>riam</strong></span> <span class='ocrx_word' id='word_1_709' title='bbox 2280 4397 2507 4463; x_wconf 86' lang='lat' dir='ltr'><strong>incidat,</strong></span> <span class='ocrx_word' id='word_1_710' title='bbox 2555 4395 2766 4452; x_wconf 84' lang='lat' dir='ltr'><strong>Pascha</strong></span> <span class='ocrx_word' id='word_1_711' title='bbox 2796 4397 2852 4451; x_wconf 87' lang='lat' dir='ltr'><strong>iu</strong></span> <span class='ocrx_word' id='word_1_712' title='bbox 2901 4412 3017 4451; x_wconf 84' lang='lat' dir='ltr'><strong>xxu</strong></span> <span class='ocrx_word' id='word_1_713' title='bbox 3048 4398 3191 4453; x_wconf 72' lang='lat' dir='ltr'><strong>lunae</strong></span> <span class='ocrx_word' id='word_1_714' title='bbox 3215 4398 3358 4453; x_wconf 90' lang='lat' dir='ltr'><strong>diem</strong></span> <span class='ocrx_word' id='word_1_715' title='bbox 3388 4399 3672 4471; x_wconf 88' lang='lat' dir='ltr'><strong>competit.</strong></span> 
     </span>
    </p>
   </div>
   <div class='ocr_carea' id='block_1_91' title="bbox 2103 4493 3678 4566">
    <p class='ocr_par' dir='ltr' id='par_1_91' title="bbox 2103 4493 3678 4566">
     <span class='ocr_line' id='line_1_91' title="bbox 2103 4493 3678 4566; baseline 0.003 -19"><span class='ocrx_word' id='word_1_716' title='bbox 2103 4495 2220 4547; x_wconf 85' lang='lat' dir='ltr'><strong>Hoc</strong></span> <span class='ocrx_word' id='word_1_717' title='bbox 2264 4493 2433 4562; x_wconf 78' lang='lat' dir='ltr'><strong>igitur</strong></span> <span class='ocrx_word' id='word_1_718' title='bbox 2461 4499 2626 4562; x_wconf 88' lang='lat' dir='ltr'><strong>pacto</strong></span> <span class='ocrx_word' id='word_1_719' title='bbox 2655 4493 2702 4547; x_wconf 91' lang='lat' dir='ltr'><strong>si</strong></span> <span class='ocrx_word' id='word_1_720' title='bbox 2732 4494 2858 4562; x_wconf 92' lang='lat' dir='ltr'><strong>quis</strong></span> <span class='ocrx_word' id='word_1_721' title='bbox 2887 4494 3048 4550; x_wconf 91' lang='lat' dir='ltr'><strong>annis</strong></span> <span class='ocrx_word' id='word_1_722' title='bbox 3073 4495 3237 4561; x_wconf 65' lang='lat' dir='ltr'><strong>lunae,</strong></span> <span class='ocrx_word' id='word_1_723' title='bbox 3290 4497 3383 4566; x_wconf 92' lang='lat' dir='ltr'><strong>qui</strong></span> <span class='ocrx_word' id='word_1_724' title='bbox 3422 4496 3479 4551; x_wconf 93' lang='lat' dir='ltr'><strong>in</strong></span> <span class='ocrx_word' id='word_1_725' title='bbox 3510 4513 3541 4551; x_wconf 91' lang='lat' dir='ltr'><strong>v</strong></span> <span class='ocrx_word' id='word_1_726' title='bbox 3566 4499 3678 4552; x_wconf 86' lang='lat' dir='ltr'><strong>cir-</strong></span> 
     </span>
    </p>
   </div>
   <div class='ocr_carea' id='block_1_92' title="bbox 428 4581 2016 4657">
    <p class='ocr_par' dir='ltr' id='par_1_92' title="bbox 428 4581 1992 4657">
     <span class='ocr_line' id='line_1_92' title="bbox 428 4581 1992 4657; baseline 0.004 -21"><span class='ocrx_word' id='word_1_727' title='bbox 428 4587 482 4647; x_wconf 80' lang='grc' dir='ltr'>ς¹</span> <span class='ocrx_word' id='word_1_728' title='bbox 506 4581 1108 4656; x_wconf 81' lang='grc' dir='ltr'>ὲννεακαιδεκαετηρἰδα</span> <span class='ocrx_word' id='word_1_729' title='bbox 1128 4584 1504 4657; x_wconf 72' lang='grc' dir='ltr'>ψηφιζομένης</span> <span class='ocrx_word' id='word_1_730' title='bbox 1529 4588 1711 4652; x_wconf 85' lang='grc' dir='ltr'>αὐτοῖς</span> <span class='ocrx_word' id='word_1_731' title='bbox 1738 4588 1796 4655; x_wconf 82' lang='grc' dir='ltr'>ἓξ</span> <span class='ocrx_word' id='word_1_732' title='bbox 1822 4589 1917 4642; x_wconf 76' lang='grc' dir='ltr'><strong>καὶ</strong></span> <span class='ocrx_word' id='word_1_733' title='bbox 1937 4596 1992 4653; x_wconf 79' lang='grc' dir='ltr'>ι’,</span> 
     </span>
    </p>
   </div>
   <div class='ocr_carea' id='block_1_93' title="bbox 2103 4581 3680 4657">
    <p class='ocr_par' dir='ltr' id='par_1_93' title="bbox 2103 4583 3680 4656">
     <span class='ocr_line' id='line_1_93' title="bbox 2103 4583 3680 4656; baseline 0.002 -16"><span class='ocrx_word' id='word_1_734' title='bbox 2103 4585 2242 4640; x_wconf 88' lang='lat' dir='ltr'><strong>culis</strong></span> <span class='ocrx_word' id='word_1_735' title='bbox 2272 4592 2405 4637; x_wconf 60' lang='lat' dir='ltr'><strong>rotae</strong></span> <span class='ocrx_word' id='word_1_736' title='bbox 2426 4583 2675 4653; x_wconf 90' lang='lat' dir='ltr'><strong>inscripti</strong></span> <span class='ocrx_word' id='word_1_737' title='bbox 2704 4590 2855 4648; x_wconf 79' lang='lat' dir='ltr'><strong>sunt,</strong></span> <span class='ocrx_word' id='word_1_738' title='bbox 2881 4586 2961 4638; x_wconf 91' lang='lat' dir='ltr'><strong>uti</strong></span> <span class='ocrx_word' id='word_1_739' title='bbox 2987 4584 3138 4649; x_wconf 88' lang='lat' dir='ltr'><strong>velit,</strong></span> <span class='ocrx_word' id='word_1_740' title='bbox 3171 4585 3227 4639; x_wconf 92' lang='lat' dir='ltr'><strong>in</strong></span> <span class='ocrx_word' id='word_1_741' title='bbox 3252 4586 3495 4656; x_wconf 92' lang='lat' dir='ltr'><strong>quolibet</strong></span> <span class='ocrx_word' id='word_1_742' title='bbox 3526 4588 3680 4643; x_wconf 86' lang='lat' dir='ltr'><strong>inve-</strong></span> 
     </span>
    </p>
   </div>
   <div class='ocr_carea' id='block_1_94' title="bbox 425 4673 1997 4750">
    <p class='ocr_par' dir='ltr' id='par_1_94' title="bbox 425 4673 1997 4750">
     <span class='ocr_line' id='line_1_94' title="bbox 425 4673 1997 4750; baseline 0.004 -24"><span class='ocrx_word' id='word_1_743' title='bbox 425 4673 597 4728; x_wconf 78' lang='grc' dir='ltr'>εἰκάδι</span> <span class='ocrx_word' id='word_1_744' title='bbox 626 4680 696 4743; x_wconf 84' lang='grc' dir='ltr'>γ’,</span> <span class='ocrx_word' id='word_1_745' title='bbox 725 4675 785 4728; x_wconf 76' lang='grc' dir='ltr'>τὸ</span> <span class='ocrx_word' id='word_1_746' title='bbox 816 4676 956 4729; x_wconf 82' lang='grc' dir='ltr'>κατὰ</span> <span class='ocrx_word' id='word_1_747' title='bbox 996 4676 1230 4748; x_wconf 81' lang='grc' dir='ltr'>Χριστὸν</span> <span class='ocrx_word' id='word_1_748' title='bbox 1275 4678 1611 4743; x_wconf 80' lang='grc' dir='ltr'>κανονίζουσι</span> <span class='ocrx_word' id='word_1_749' title='bbox 1656 4681 1850 4750; x_wconf 87' lang='grc' dir='ltr'>Πάσχα</span> <span class='ocrx_word' id='word_1_750' title='bbox 1874 4697 1887 4711; x_wconf 79' lang='grc'><em>’</em></span> <span class='ocrx_word' id='word_1_751' title='bbox 1920 4680 1997 4744; x_wconf 83' lang='grc' dir='ltr'>ὼς</span> 
     </span>
    </p>
   </div>
   <div class='ocr_carea' id='block_1_95' title="bbox 423 4764 1998 4841">
    <p class='ocr_par' dir='ltr' id='par_1_95' title="bbox 423 4764 1998 4841">
     <span class='ocr_line' id='line_1_95' title="bbox 423 4764 1998 4841; baseline 0.004 -23"><span class='ocrx_word' id='word_1_752' title='bbox 423 4767 505 4830; x_wconf 87' lang='grc' dir='ltr'><strong>εἰς</strong></span> <span class='ocrx_word' id='word_1_753' title='bbox 532 4764 629 4837; x_wconf 86' lang='grc' dir='ltr'><strong>τὴν</strong></span> <span class='ocrx_word' id='word_1_754' title='bbox 653 4764 780 4836; x_wconf 78' lang='grc' dir='ltr'>ἑξῆς</span> <span class='ocrx_word' id='word_1_755' title='bbox 810 4766 969 4836; x_wconf 82' lang='grc' dir='ltr'>ἁγίαν</span> <span class='ocrx_word' id='word_1_756' title='bbox 998 4768 1281 4839; x_wconf 79' lang='grc' dir='ltr'>Κυριακὴν</span> <span class='ocrx_word' id='word_1_757' title='bbox 1306 4767 1469 4823; x_wconf 90' lang='grc' dir='ltr'>αὐτοῦ</span> <span class='ocrx_word' id='word_1_758' title='bbox 1503 4770 1823 4841; x_wconf 89' lang='grc' dir='ltr'>τελουμένου</span> <span class='ocrx_word' id='word_1_759' title='bbox 1853 4772 1998 4826; x_wconf 81' lang='grc' dir='ltr'>κατὰ</span> 
     </span>
    </p>
   </div>
   <div class='ocr_carea' id='block_1_96' title="bbox 422 4852 1996 4934">
    <p class='ocr_par' dir='ltr' id='par_1_96' title="bbox 422 4852 1996 4934">
     <span class='ocr_line' id='line_1_96' title="bbox 422 4852 1996 4934; baseline 0.004 -25"><span class='ocrx_word' id='word_1_760' title='bbox 422 4855 523 4927; x_wconf 83' lang='grc' dir='ltr'>τὴν</span> <span class='ocrx_word' id='word_1_761' title='bbox 554 4852 1007 4928; x_wconf 78' lang='grc' dir='ltr'>ἑκκλησιαστικὴν</span> <span class='ocrx_word' id='word_1_762' title='bbox 1047 4858 1345 4928; x_wconf 87' lang='grc' dir='ltr'>παράδοσιν</span> <span class='ocrx_word' id='word_1_763' title='bbox 1364 4875 1378 4890; x_wconf 77' lang='grc'><strong>⁸</strong></span> <span class='ocrx_word' id='word_1_764' title='bbox 1414 4862 1475 4913; x_wconf 72' lang='grc' dir='ltr'>ὲκ</span> <span class='ocrx_word' id='word_1_765' title='bbox 1511 4860 1566 4912; x_wconf 80' lang='grc' dir='ltr'>δὲ</span> <span class='ocrx_word' id='word_1_766' title='bbox 1601 4861 1701 4933; x_wconf 84' lang='grc' dir='ltr'>τῆς</span> <span class='ocrx_word' id='word_1_767' title='bbox 1727 4861 1871 4915; x_wconf 86' lang='grc' dir='ltr'>κατὰ</span> <span class='ocrx_word' id='word_1_768' title='bbox 1897 4862 1996 4934; x_wconf 83' lang='grc' dir='ltr'>τὴν</span> 
     </span>
    </p>
   </div>
   <div class='ocr_carea' id='block_1_97' title="bbox 422 4947 1996 5024">
    <p class='ocr_par' dir='ltr' id='par_1_97' title="bbox 422 4947 1996 5024">
     <span class='ocr_line' id='line_1_97' title="bbox 422 4947 1996 5024; baseline 0.006 -25"><span class='ocrx_word' id='word_1_769' title='bbox 422 4953 470 4999; x_wconf 84' lang='grc' dir='ltr'>α’</span> <span class='ocrx_word' id='word_1_770' title='bbox 515 4947 1149 5020; x_wconf 84' lang='grc' dir='ltr'>ἑννεακαιδεκαετηρίδα,</span> <span class='ocrx_word' id='word_1_771' title='bbox 1200 4950 1288 5003; x_wconf 79' lang='grc' dir='ltr'>διὰ</span> <span class='ocrx_word' id='word_1_772' title='bbox 1327 4952 1389 5003; x_wconf 86' lang='grc' dir='ltr'><strong>τὸ</strong></span> <span class='ocrx_word' id='word_1_773' title='bbox 1440 4950 1772 5023; x_wconf 84' lang='grc' dir='ltr'>συμφθάνειν</span> <span class='ocrx_word' id='word_1_774' title='bbox 1812 4954 1894 5017; x_wconf 88' lang='grc' dir='ltr'><strong>εἰς</strong></span> <span class='ocrx_word' id='word_1_775' title='bbox 1951 4952 1996 5024; x_wconf 85' lang='grc' dir='ltr'><strong>β’</strong></span> 
     </span>
    </p>
   </div>
   <div class='ocr_carea' id='block_1_98' title="bbox 422 5038 1999 5112">
    <p class='ocr_par' dir='ltr' id='par_1_98' title="bbox 422 5038 1999 5112">
     <span class='ocr_line' id='line_1_98' title="bbox 422 5038 1999 5112; baseline 0.004 -21"><span class='ocrx_word' id='word_1_776' title='bbox 422 5038 635 5110; x_wconf 83' lang='grc' dir='ltr'>ἡμέραν</span> <span class='ocrx_word' id='word_1_777' title='bbox 658 5038 759 5110; x_wconf 82' lang='grc' dir='ltr'><strong>τῆς</strong></span> <span class='ocrx_word' id='word_1_778' title='bbox 785 5039 1103 5111; x_wconf 81' lang='grc' dir='ltr'>ἑϐδομάδος,</span> <span class='ocrx_word' id='word_1_779' title='bbox 1121 5041 1295 5095; x_wconf 88' lang='grc' dir='ltr'>εἰκάδι</span> <span class='ocrx_word' id='word_1_780' title='bbox 1323 5042 1368 5112; x_wconf 84' lang='grc' dir='ltr'><strong>β’</strong></span> <span class='ocrx_word' id='word_1_781' title='bbox 1392 5042 1484 5096; x_wconf 88' lang='grc' dir='ltr'><strong>τοῦ</strong></span> <span class='ocrx_word' id='word_1_782' title='bbox 1518 5043 1772 5111; x_wconf 81' lang='grc' dir='ltr'>φέγγους.</span> <span class='ocrx_word' id='word_1_783' title='bbox 1810 5043 1999 5108; x_wconf 80' lang='grc' dir='ltr'>Οὕτως</span> 
     </span>
    </p>
   </div>
   <div class='ocr_carea' id='block_1_99' title="bbox 426 5130 1999 5210">
    <p class='ocr_par' dir='ltr' id='par_1_99' title="bbox 426 5130 1999 5210">
     <span class='ocr_line' id='line_1_99' title="bbox 426 5130 1999 5210; baseline 0.004 -27"><span class='ocrx_word' id='word_1_784' title='bbox 426 5130 524 5200; x_wconf 79' lang='grc' dir='ltr'>μὲν</span> <span class='ocrx_word' id='word_1_785' title='bbox 550 5133 597 5184; x_wconf 83' lang='grc' dir='ltr'><strong>εἰ</strong></span> <span class='ocrx_word' id='word_1_786' title='bbox 639 5133 892 5203; x_wconf 87' lang='grc' dir='ltr'>χρήσοιτό</span> <span class='ocrx_word' id='word_1_787' title='bbox 924 5151 1008 5196; x_wconf 90' lang='grc' dir='ltr'><strong>τις</strong></span> <span class='ocrx_word' id='word_1_788' title='bbox 1033 5135 1160 5206; x_wconf 75' lang='grc' dir='ltr'>περὶ</span> <span class='ocrx_word' id='word_1_789' title='bbox 1187 5133 1293 5187; x_wconf 84' lang='grc' dir='ltr'>τῶν</span> <span class='ocrx_word' id='word_1_790' title='bbox 1318 5136 1377 5188; x_wconf 85' lang='grc' dir='ltr'><strong>ἐν</strong></span> <span class='ocrx_word' id='word_1_791' title='bbox 1408 5133 1488 5205; x_wconf 82' lang='grc' dir='ltr'>τῷ</span> <span class='ocrx_word' id='word_1_792' title='bbox 1526 5136 1706 5206; x_wconf 82' lang='grc' dir='ltr'>τροχῷ</span> <span class='ocrx_word' id='word_1_793' title='bbox 1729 5135 1871 5210; x_wconf 74' lang='grc' dir='ltr'>κατὰ</span> <span class='ocrx_word' id='word_1_794' title='bbox 1897 5136 1999 5200; x_wconf 83' lang='grc' dir='ltr'>τὰς</span> 
     </span>
    </p>
   </div>
   <div class='ocr_carea' id='block_1_100' title="bbox 422 5221 1996 5299">
    <p class='ocr_par' dir='ltr' id='par_1_100' title="bbox 422 5221 1996 5299">
     <span class='ocr_line' id='line_1_100' title="bbox 422 5221 1996 5299; baseline 0.003 -24"><span class='ocrx_word' id='word_1_795' title='bbox 422 5230 464 5275; x_wconf 81' lang='grc' dir='ltr'>ε’</span> <span class='ocrx_word' id='word_1_796' title='bbox 491 5221 665 5287; x_wconf 80' lang='grc' dir='ltr'>ζώνας</span> <span class='ocrx_word' id='word_1_797' title='bbox 690 5225 918 5279; x_wconf 76' lang='grc' dir='ltr'>ἐνόντων</span> <span class='ocrx_word' id='word_1_798' title='bbox 953 5227 1053 5296; x_wconf 83' lang='grc' dir='ltr'>τῆς</span> <span class='ocrx_word' id='word_1_799' title='bbox 1098 5225 1325 5297; x_wconf 82' lang='grc' dir='ltr'>σελήνης</span> <span class='ocrx_word' id='word_1_800' title='bbox 1364 5226 1523 5291; x_wconf 82' lang='grc' dir='ltr'>ἑτῶν,</span> <span class='ocrx_word' id='word_1_801' title='bbox 1560 5226 1893 5299; x_wconf 86' lang='grc' dir='ltr'>διερευνήσει</span> <span class='ocrx_word' id='word_1_802' title='bbox 1938 5229 1996 5280; x_wconf 84' lang='grc' dir='ltr'><strong>ἑν</strong></span> 
     </span>
    </p>
   </div>
   <div class='ocr_carea' id='block_1_101' title="bbox 421 5313 1990 5388">
    <p class='ocr_par' dir='ltr' id='par_1_101' title="bbox 421 5313 1990 5388">
     <span class='ocr_line' id='line_1_101' title="bbox 421 5313 1990 5388; baseline 0.006 -22"><span class='ocrx_word' id='word_1_803' title='bbox 421 5313 639 5383; x_wconf 74' lang='grc' dir='ltr'>ἑκάστῳ</span> <span class='ocrx_word' id='word_1_804' title='bbox 683 5315 782 5385; x_wconf 79' lang='grc' dir='ltr'>τὴν</span> <span class='ocrx_word' id='word_1_805' title='bbox 829 5316 929 5386; x_wconf 84' lang='grc' dir='ltr'>τῆς</span> <span class='ocrx_word' id='word_1_806' title='bbox 980 5316 1271 5387; x_wconf 85' lang='grc' dir='ltr'>ἑϐδομάδος</span> <span class='ocrx_word' id='word_1_807' title='bbox 1324 5322 1371 5369; x_wconf 78' lang='grc' dir='ltr'>α’</span> <span class='ocrx_word' id='word_1_808' title='bbox 1407 5317 1641 5388; x_wconf 85' lang='grc' dir='ltr'>ἡμέραν,</span> <span class='ocrx_word' id='word_1_809' title='bbox 1678 5317 1711 5388; x_wconf 85' lang='grc' dir='ltr'>ἢ</span> <span class='ocrx_word' id='word_1_810' title='bbox 1762 5318 1863 5387; x_wconf 83' lang='grc' dir='ltr'>τὴν</span> <span class='ocrx_word' id='word_1_811' title='bbox 1908 5316 1990 5387; x_wconf 87' lang='grc' dir='ltr'><strong>β’·</strong></span> 
     </span>
    </p>
   </div>
   <div class='ocr_carea' id='block_1_102' title="bbox 418 5404 1995 5480">
    <p class='ocr_par' dir='ltr' id='par_1_102' title="bbox 418 5404 1995 5480">
     <span class='ocr_line' id='line_1_102' title="bbox 418 5404 1995 5480; baseline 0.003 -24"><span class='ocrx_word' id='word_1_812' title='bbox 418 5404 551 5475; x_wconf 72' lang='grc' dir='ltr'>περὶ</span> <span class='ocrx_word' id='word_1_813' title='bbox 579 5404 634 5456; x_wconf 84' lang='grc' dir='ltr'><strong>δὲ</strong></span> <span class='ocrx_word' id='word_1_814' title='bbox 662 5404 769 5459; x_wconf 83' lang='grc' dir='ltr'><strong>τῶν</strong></span> <span class='ocrx_word' id='word_1_815' title='bbox 799 5408 855 5459; x_wconf 83' lang='grc' dir='ltr'>ὲν</span> <span class='ocrx_word' id='word_1_816' title='bbox 880 5405 958 5477; x_wconf 80' lang='grc' dir='ltr'>τῷ</span> <span class='ocrx_word' id='word_1_817' title='bbox 988 5406 1251 5477; x_wconf 78' lang='grc' dir='ltr'>εὐωνύμῳ</span> <span class='ocrx_word' id='word_1_818' title='bbox 1274 5407 1784 5480; x_wconf 87' lang='grc' dir='ltr'>διαγεγραμμένων,</span> <span class='ocrx_word' id='word_1_819' title='bbox 1818 5407 1995 5479; x_wconf 84' lang='grc' dir='ltr'>ζητῶν</span> 
     </span>
    </p>
   </div>
   <div class='ocr_carea' id='block_1_103' title="bbox 421 5494 1997 5572">
    <p class='ocr_par' dir='ltr' id='par_1_103' title="bbox 421 5494 1997 5572">
     <span class='ocr_line' id='line_1_103' title="bbox 421 5494 1997 5572; baseline 0.004 -25"><span class='ocrx_word' id='word_1_820' title='bbox 421 5496 518 5548; x_wconf 76' lang='grc' dir='ltr'><strong>καὶ</strong></span> <span class='ocrx_word' id='word_1_821' title='bbox 548 5494 758 5560; x_wconf 90' lang='grc' dir='ltr'>τούτοις</span> <span class='ocrx_word' id='word_1_822' title='bbox 782 5498 828 5530; x_wconf 80' lang='grc'><strong>⁹⁰</strong></span> <span class='ocrx_word' id='word_1_823' title='bbox 859 5498 959 5569; x_wconf 86' lang='grc' dir='ltr'><strong>τὴν</strong></span> <span class='ocrx_word' id='word_1_824' title='bbox 1008 5498 1145 5568; x_wconf 83' lang='grc' dir='ltr'>μετὰ</span> <span class='ocrx_word' id='word_1_825' title='bbox 1172 5498 1271 5570; x_wconf 82' lang='grc' dir='ltr'>τὴν</span> <span class='ocrx_word' id='word_1_826' title='bbox 1302 5497 1525 5572; x_wconf 88' lang='grc' dir='ltr'>πρώτην</span> <span class='ocrx_word' id='word_1_827' title='bbox 1555 5501 1650 5553; x_wconf 75' lang='grc' dir='ltr'><strong>καὶ</strong></span> <span class='ocrx_word' id='word_1_828' title='bbox 1682 5499 1726 5569; x_wconf 82' lang='grc' dir='ltr'><strong>β’</strong></span> <span class='ocrx_word' id='word_1_829' title='bbox 1767 5499 1997 5570; x_wconf 83' lang='grc' dir='ltr'>ἑϐδομα-</span> 
     </span>
    </p>
   </div>
   <div class='ocr_carea' id='block_1_104' title="bbox 2103 4674 3678 4750">
    <p class='ocr_par' dir='ltr' id='par_1_104' title="bbox 2103 4674 3678 4750">
     <span class='ocr_line' id='line_1_104' title="bbox 2103 4674 3678 4750; baseline 0.003 -21"><span class='ocrx_word' id='word_1_830' title='bbox 2103 4675 2324 4745; x_wconf 82' lang='lat' dir='ltr'><strong>stigahit</strong></span> <span class='ocrx_word' id='word_1_831' title='bbox 2375 4674 2566 4729; x_wconf 77' lang='lat' dir='ltr'><strong>feriam</strong></span> <span class='ocrx_word' id='word_1_832' title='bbox 2607 4690 2646 4739; x_wconf 89' lang='grc' dir='ltr'><strong>ι,</strong></span> <span class='ocrx_word' id='word_1_833' title='bbox 2682 4684 2778 4729; x_wconf 90' lang='lat' dir='ltr'><strong>aut</strong></span> <span class='ocrx_word' id='word_1_834' title='bbox 2801 4689 2841 4728; x_wconf 86' lang='grc' dir='ltr'><strong>ιι</strong></span> <span class='ocrx_word' id='word_1_835' title='bbox 2866 4693 2886 4730; x_wconf 85' lang='lat'><strong>:</strong></span> <span class='ocrx_word' id='word_1_836' title='bbox 2922 4674 3068 4745; x_wconf 88' lang='lat' dir='ltr'><strong>quod</strong></span> <span class='ocrx_word' id='word_1_837' title='bbox 3099 4676 3167 4731; x_wconf 89' lang='lat' dir='ltr'><strong>ad</strong></span> <span class='ocrx_word' id='word_1_838' title='bbox 3199 4691 3295 4733; x_wconf 87' lang='lat' dir='ltr'><strong>eos</strong></span> <span class='ocrx_word' id='word_1_839' title='bbox 3339 4693 3469 4733; x_wconf 87' lang='lat' dir='ltr'><strong>vero</strong></span> <span class='ocrx_word' id='word_1_840' title='bbox 3508 4680 3678 4750; x_wconf 89' lang='lat' dir='ltr'><strong>perti-</strong></span> 
     </span>
    </p>
   </div>
   <div class='ocr_carea' id='block_1_105' title="bbox 2103 4764 3673 4839">
    <p class='ocr_par' dir='ltr' id='par_1_105' title="bbox 2103 4764 3673 4839">
     <span class='ocr_line' id='line_1_105' title="bbox 2103 4764 3673 4839; baseline 0.004 -21"><span class='ocrx_word' id='word_1_841' title='bbox 2103 4771 2216 4830; x_wconf 85' lang='lat' dir='ltr'><strong>net,</strong></span> <span class='ocrx_word' id='word_1_842' title='bbox 2248 4765 2341 4835; x_wconf 93' lang='lat' dir='ltr'><strong>qui</strong></span> <span class='ocrx_word' id='word_1_843' title='bbox 2369 4765 2438 4819; x_wconf 90' lang='lat' dir='ltr'><strong>ad</strong></span> <span class='ocrx_word' id='word_1_844' title='bbox 2462 4764 2745 4820; x_wconf 81' lang='lat' dir='ltr'><strong>sinistram</strong></span> <span class='ocrx_word' id='word_1_845' title='bbox 2788 4765 2952 4835; x_wconf 91' lang='lat' dir='ltr'><strong>positi</strong></span> <span class='ocrx_word' id='word_1_846' title='bbox 2986 4772 3138 4834; x_wconf 90' lang='lat' dir='ltr'><strong>sunt,</strong></span> <span class='ocrx_word' id='word_1_847' title='bbox 3171 4766 3218 4822; x_wconf 90' lang='lat' dir='ltr'><strong>si</strong></span> <span class='ocrx_word' id='word_1_848' title='bbox 3249 4767 3493 4839; x_wconf 90' lang='lat' dir='ltr'><strong>inquirat</strong></span> <span class='ocrx_word' id='word_1_849' title='bbox 3526 4785 3673 4833; x_wconf 89' lang='lat' dir='ltr'><strong>eam,</strong></span> 
     </span>
    </p>
   </div>
   <div class='ocr_carea' id='block_1_106' title="bbox 2105 4856 3680 4931">
    <p class='ocr_par' dir='ltr' id='par_1_106' title="bbox 2105 4856 3680 4931">
     <span class='ocr_line' id='line_1_106' title="bbox 2105 4856 3680 4931; baseline 0.005 -21"><span class='ocrx_word' id='word_1_850' title='bbox 2105 4872 2227 4931; x_wconf 86' lang='lat' dir='ltr'><strong>quae</strong></span> <span class='ocrx_word' id='word_1_851' title='bbox 2264 4857 2499 4927; x_wconf 85' lang='lat' dir='ltr'><strong>primam</strong></span> <span class='ocrx_word' id='word_1_852' title='bbox 2557 4856 2922 4912; x_wconf 86' lang='lat' dir='ltr'><strong>secundamve</strong></span> <span class='ocrx_word' id='word_1_853' title='bbox 2959 4860 3230 4927; x_wconf 85' lang='lat' dir='ltr'><strong>sequitur,</strong></span> <span class='ocrx_word' id='word_1_854' title='bbox 3265 4874 3325 4914; x_wconf 83' lang='grc' dir='ltr'><strong>ιιι</strong></span> <span class='ocrx_word' id='word_1_855' title='bbox 3370 4861 3456 4916; x_wconf 89' lang='lat' dir='ltr'><strong>vel</strong></span> <span class='ocrx_word' id='word_1_856' title='bbox 3492 4877 3545 4917; x_wconf 81' lang='lat' dir='ltr'><strong>iv</strong></span> <span class='ocrx_word' id='word_1_857' title='bbox 3593 4863 3646 4918; x_wconf 88' lang='lat' dir='ltr'><strong>fe</strong></span> <span class='ocrx_word' id='word_1_858' title='bbox 3677 4900 3680 4903; x_wconf 62' lang='grc' dir='ltr'><em>η</em></span> 
     </span>
    </p>
   </div>
   <div class='ocr_carea' id='block_1_107' title="bbox 2103 4947 3678 5024">
    <p class='ocr_par' dir='ltr' id='par_1_107' title="bbox 2103 4947 3678 5024">
     <span class='ocr_line' id='line_1_107' title="bbox 2103 4947 3678 5024; baseline 0.006 -22"><span class='ocrx_word' id='word_1_859' title='bbox 2103 4950 2264 5015; x_wconf 90' lang='lat' dir='ltr'><strong>riam,</strong></span> <span class='ocrx_word' id='word_1_860' title='bbox 2301 4962 2366 5003; x_wconf 90' lang='lat' dir='ltr'><strong>ac</strong></span> <span class='ocrx_word' id='word_1_861' title='bbox 2388 4957 2612 5005; x_wconf 62' lang='lat' dir='ltr'><strong>caeteras</strong></span> <span class='ocrx_word' id='word_1_862' title='bbox 2644 4947 2925 5020; x_wconf 91' lang='lat' dir='ltr'><strong>deinceps,</strong></span> <span class='ocrx_word' id='word_1_863' title='bbox 2965 4958 3129 5021; x_wconf 89' lang='lat' dir='ltr'><strong>prout</strong></span> <span class='ocrx_word' id='word_1_864' title='bbox 3157 4952 3264 5006; x_wconf 88' lang='lat' dir='ltr'><strong>erit</strong></span> <span class='ocrx_word' id='word_1_865' title='bbox 3285 4953 3425 5024; x_wconf 85' lang='lat' dir='ltr'><strong>cycli</strong></span> <span class='ocrx_word' id='word_1_866' title='bbox 3457 4954 3678 5011; x_wconf 83' lang='lat' dir='ltr'><strong>decem-</strong></span> 
     </span>
    </p>
   </div>
   <div class='ocr_carea' id='block_1_108' title="bbox 2103 5040 3676 5116">
    <p class='ocr_par' dir='ltr' id='par_1_108' title="bbox 2103 5040 3676 5116">
     <span class='ocr_line' id='line_1_108' title="bbox 2103 5040 3676 5116; baseline 0.003 -20"><span class='ocrx_word' id='word_1_867' title='bbox 2103 5040 2428 5097; x_wconf 88' lang='lat' dir='ltr'><strong>novennalis</strong></span> <span class='ocrx_word' id='word_1_868' title='bbox 2474 5054 2693 5105; x_wconf 90' lang='lat' dir='ltr'><strong>annus,</strong></span> <span class='ocrx_word' id='word_1_869' title='bbox 2743 5040 2839 5111; x_wconf 88' lang='lat' dir='ltr'><strong>qui</strong></span> <span class='ocrx_word' id='word_1_870' title='bbox 2885 5045 3231 5112; x_wconf 90' lang='lat' dir='ltr'><strong>proponitur,</strong></span> <span class='ocrx_word' id='word_1_871' title='bbox 3286 5053 3676 5116; x_wconf 76' lang='lat' dir='ltr'><strong>congruentem</strong></span> 
     </span>
    </p>
   </div>
   <div class='ocr_carea' id='block_1_109' title="bbox 2105 5131 3679 5205">
    <p class='ocr_par' dir='ltr' id='par_1_109' title="bbox 2105 5131 3679 5205">
     <span class='ocr_line' id='line_1_109' title="bbox 2105 5131 3679 5205; baseline 0.004 -19"><span class='ocrx_word' id='word_1_872' title='bbox 2105 5132 2245 5203; x_wconf 83' lang='lat' dir='ltr'><strong>cycli</strong></span> <span class='ocrx_word' id='word_1_873' title='bbox 2277 5131 2475 5188; x_wconf 90' lang='lat' dir='ltr'><strong>solaris</strong></span> <span class='ocrx_word' id='word_1_874' title='bbox 2506 5131 2790 5203; x_wconf 82' lang='lat' dir='ltr'><strong>indagabit</strong></span> <span class='ocrx_word' id='word_1_875' title='bbox 2828 5145 3074 5201; x_wconf 87' lang='lat' dir='ltr'><strong>annum;</strong></span> <span class='ocrx_word' id='word_1_876' title='bbox 3122 5134 3284 5205; x_wconf 86' lang='lat' dir='ltr'><strong>cujus</strong></span> <span class='ocrx_word' id='word_1_877' title='bbox 3312 5146 3533 5205; x_wconf 89' lang='lat' dir='ltr'><strong>epactas</strong></span> <span class='ocrx_word' id='word_1_878' title='bbox 3579 5138 3679 5192; x_wconf 91' lang='lat' dir='ltr'><strong>ad-</strong></span> 
     </span>
    </p>
   </div>
   <div class='ocr_carea' id='block_1_110' title="bbox 2100 5222 3677 5297">
    <p class='ocr_par' dir='ltr' id='par_1_110' title="bbox 2100 5222 3677 5297">
     <span class='ocr_line' id='line_1_110' title="bbox 2100 5222 3677 5297; baseline 0.003 -21"><span class='ocrx_word' id='word_1_879' title='bbox 2100 5223 2387 5295; x_wconf 80' lang='lat' dir='ltr'><strong>jungetad</strong></span> <span class='ocrx_word' id='word_1_880' title='bbox 2424 5224 2565 5279; x_wconf 88' lang='lat' dir='ltr'><strong>diem</strong></span> <span class='ocrx_word' id='word_1_881' title='bbox 2588 5222 2817 5279; x_wconf 83' lang='lat' dir='ltr'><strong>Romani</strong></span> <span class='ocrx_word' id='word_1_882' title='bbox 2848 5225 3078 5289; x_wconf 90' lang='lat' dir='ltr'><strong>mensis,</strong></span> <span class='ocrx_word' id='word_1_883' title='bbox 3116 5225 3172 5280; x_wconf 92' lang='lat' dir='ltr'><strong>in</strong></span> <span class='ocrx_word' id='word_1_884' title='bbox 3208 5242 3370 5296; x_wconf 90' lang='lat' dir='ltr'><strong>quem</strong></span> <span class='ocrx_word' id='word_1_885' title='bbox 3396 5243 3488 5283; x_wconf 79' lang='lat' dir='ltr'><strong>xiv</strong></span> <span class='ocrx_word' id='word_1_886' title='bbox 3514 5228 3677 5297; x_wconf 90' lang='lat' dir='ltr'><strong>primi</strong></span> 
     </span>
    </p>
   </div>
   <div class='ocr_carea' id='block_1_111' title="bbox 2103 5315 3675 5390">
    <p class='ocr_par' dir='ltr' id='par_1_111' title="bbox 2103 5315 3675 5390">
     <span class='ocr_line' id='line_1_111' title="bbox 2103 5315 3675 5390; baseline 0.003 -19"><span class='ocrx_word' id='word_1_887' title='bbox 2103 5316 2313 5372; x_wconf 89' lang='lat' dir='ltr'><strong>mensis</strong></span> <span class='ocrx_word' id='word_1_888' title='bbox 2379 5315 2573 5371; x_wconf 89' lang='lat' dir='ltr'><strong>incidit</strong></span> <span class='ocrx_word' id='word_1_889' title='bbox 2617 5330 2765 5370; x_wconf 90' lang='lat' dir='ltr'><strong>anno</strong></span> <span class='ocrx_word' id='word_1_890' title='bbox 2809 5316 2905 5370; x_wconf 90' lang='lat' dir='ltr'><strong>illo</strong></span> <span class='ocrx_word' id='word_1_891' title='bbox 2950 5317 3113 5384; x_wconf 83' lang='lat' dir='ltr'><strong>lunae,</strong></span> <span class='ocrx_word' id='word_1_892' title='bbox 3157 5318 3225 5374; x_wconf 91' lang='lat' dir='ltr'><strong>de</strong></span> <span class='ocrx_word' id='word_1_893' title='bbox 3254 5333 3364 5389; x_wconf 92' lang='lat' dir='ltr'><strong>quo</strong></span> <span class='ocrx_word' id='word_1_894' title='bbox 3391 5319 3675 5390; x_wconf 74' lang='lat' dir='ltr'><strong>quaeritur.</strong></span> 
     </span>
    </p>
   </div>
   <div class='ocr_carea' id='block_1_112' title="bbox 2102 5406 3680 5485">
    <p class='ocr_par' dir='ltr' id='par_1_112' title="bbox 2102 5406 3680 5485">
     <span class='ocr_line' id='line_1_112' title="bbox 2102 5406 3680 5485; baseline 0.003 -25"><span class='ocrx_word' id='word_1_895' title='bbox 2102 5406 2310 5485; x_wconf 87' lang='lat' dir='ltr'><strong>Deinde</strong></span> <span class='ocrx_word' id='word_1_896' title='bbox 2352 5408 2650 5478; x_wconf 88' lang='lat' dir='ltr'><strong>partitione</strong></span> <span class='ocrx_word' id='word_1_897' title='bbox 2689 5406 2834 5462; x_wconf 83' lang='lat' dir='ltr'><strong>facta</strong></span> <span class='ocrx_word' id='word_1_898' title='bbox 2865 5423 2964 5478; x_wconf 88' lang='lat' dir='ltr'><strong>per</strong></span> <span class='ocrx_word' id='word_1_899' title='bbox 2997 5423 3091 5475; x_wconf 85' lang='lat' dir='ltr'><strong>vn,</strong></span> <span class='ocrx_word' id='word_1_900' title='bbox 3133 5422 3202 5464; x_wconf 83' lang='lat' dir='ltr'><strong>ex</strong></span> <span class='ocrx_word' id='word_1_901' title='bbox 3232 5423 3299 5464; x_wconf 88' lang='lat' dir='ltr'><strong>eo</strong></span> <span class='ocrx_word' id='word_1_902' title='bbox 3338 5407 3529 5463; x_wconf 80' lang='lat' dir='ltr'><strong>feriam</strong></span> <span class='ocrx_word' id='word_1_903' title='bbox 3578 5409 3680 5464; x_wconf 80' lang='lat' dir='ltr'><strong>ob-</strong></span> 
     </span>
    </p>
   </div>
   <div class='ocr_carea' id='block_1_113' title="bbox 2103 5500 2320 5556">
    <p class='ocr_par' dir='ltr' id='par_1_113' title="bbox 2103 5500 2320 5556">
     <span class='ocr_line' id='line_1_113' title="bbox 2103 5500 2320 5556; baseline 0.014 -3"><span class='ocrx_word' id='word_1_904' title='bbox 2103 5500 2320 5556; x_wconf 86' lang='lat' dir='ltr'><strong>tinebit.</strong></span> 
     </span>
    </p>
   </div>
   <div class='ocr_carea' id='block_1_114' title="bbox 421 5584 3678 5665">
    <p class='ocr_par' dir='ltr' id='par_1_114' title="bbox 421 5584 3678 5665">
     <span class='ocr_line' id='line_1_114' title="bbox 421 5584 3678 5665; baseline 0.002 -27"><span class='ocrx_word' id='word_1_905' title='bbox 421 5584 578 5655; x_wconf 84' lang='grc' dir='ltr'>τικὴν</span> <span class='ocrx_word' id='word_1_906' title='bbox 606 5585 836 5657; x_wconf 86' lang='grc' dir='ltr'>ἡμέραν,</span> <span class='ocrx_word' id='word_1_907' title='bbox 868 5584 979 5641; x_wconf 76' lang='grc' dir='ltr'>οἷον</span> <span class='ocrx_word' id='word_1_908' title='bbox 1007 5589 1107 5662; x_wconf 86' lang='grc' dir='ltr'>τὴν</span> <span class='ocrx_word' id='word_1_909' title='bbox 1140 5596 1209 5658; x_wconf 89' lang='grc' dir='ltr'>γ’,</span> <span class='ocrx_word' id='word_1_910' title='bbox 1243 5590 1338 5644; x_wconf 76' lang='grc' dir='ltr'>καὶ</span> <span class='ocrx_word' id='word_1_911' title='bbox 1366 5589 1464 5661; x_wconf 79' lang='grc' dir='ltr'><strong>τήν</strong></span> <span class='ocrx_word' id='word_1_912' title='bbox 1489 5590 1551 5655; x_wconf 80' lang='grc' dir='ltr'>δ’,</span> <span class='ocrx_word' id='word_1_913' title='bbox 1582 5591 1676 5643; x_wconf 74' lang='grc' dir='ltr'><strong>καὶ</strong></span> <span class='ocrx_word' id='word_1_914' title='bbox 1717 5590 1817 5654; x_wconf 76' lang='grc' dir='ltr'>τὰς</span> <span class='ocrx_word' id='word_1_915' title='bbox 1851 5591 1980 5663; x_wconf 80' lang='grc' dir='ltr'>ἑξῆς</span> <span class='ocrx_word' id='word_1_916' title='bbox 2031 5590 2168 5662; x_wconf 83' lang='grc' dir='ltr'>πρὸς</span> <span class='ocrx_word' id='word_1_917' title='bbox 2212 5591 2273 5644; x_wconf 82' lang='grc' dir='ltr'>τὸ</span> <span class='ocrx_word' id='word_1_918' title='bbox 2320 5591 2421 5662; x_wconf 86' lang='grc' dir='ltr'><strong>τῆς</strong></span> <span class='ocrx_word' id='word_1_919' title='bbox 2467 5591 2845 5663; x_wconf 76' lang='grc' dir='ltr'>ψηφιζομένης</span> <span class='ocrx_word' id='word_1_920' title='bbox 2881 5590 3514 5665; x_wconf 82' lang='grc' dir='ltr'>ἑννεακαιδεκαετηρίδος</span> <span class='ocrx_word' id='word_1_921' title='bbox 3560 5590 3678 5656; x_wconf 79' lang='grc' dir='ltr'>ἔτος</span> 
     </span>
    </p>
   </div>
   <div class='ocr_carea' id='block_1_115' title="bbox 421 5673 3679 5763">
    <p class='ocr_par' dir='ltr' id='par_1_115' title="bbox 421 5673 3679 5763">
     <span class='ocr_line' id='line_1_115' title="bbox 421 5673 3679 5763; baseline 0.004 -32"><span class='ocrx_word' id='word_1_922' title='bbox 421 5673 771 5746; x_wconf 85' lang='grc' dir='ltr'>διακριϐώσει</span> <span class='ocrx_word' id='word_1_923' title='bbox 823 5678 882 5731; x_wconf 81' lang='grc' dir='ltr'><strong>τὸ</strong></span> <span class='ocrx_word' id='word_1_924' title='bbox 930 5681 1237 5754; x_wconf 76' lang='grc' dir='ltr'>πρόσῳορον</span> <span class='ocrx_word' id='word_1_925' title='bbox 1281 5682 1381 5754; x_wconf 84' lang='grc' dir='ltr'><strong>τῆς</strong></span> <span class='ocrx_word' id='word_1_926' title='bbox 1410 5684 1985 5758; x_wconf 85' lang='grc' dir='ltr'>εἰκοσιοκταετηρίδος,</span> <span class='ocrx_word' id='word_1_927' title='bbox 2017 5686 2112 5740; x_wconf 70' lang='grc' dir='ltr'><strong>καὶ</strong></span> <span class='ocrx_word' id='word_1_928' title='bbox 2138 5685 2328 5740; x_wconf 83' lang='grc' dir='ltr'>τούτου</span> <span class='ocrx_word' id='word_1_929' title='bbox 2371 5685 2469 5750; x_wconf 79' lang='grc' dir='ltr'><strong>τὰς</strong></span> <span class='ocrx_word' id='word_1_930' title='bbox 2514 5686 2760 5752; x_wconf 76' lang='grc' dir='ltr'>ἑπακτὰς</span> <span class='ocrx_word' id='word_1_931' title='bbox 2802 5686 3130 5763; x_wconf 83' lang='grc' dir='ltr'>προσπλέξει</span> <span class='ocrx_word' id='word_1_932' title='bbox 3167 5690 3234 5761; x_wconf 79' lang='grc' dir='ltr'>τῇ</span> <span class='ocrx_word' id='word_1_933' title='bbox 3292 5686 3527 5759; x_wconf 67' lang='grc' dir='ltr'>ποσταία</span> <span class='ocrx_word' id='word_1_934' title='bbox 3583 5686 3679 5745; x_wconf 66' lang='grc' dir='ltr'><strong>τοῦ</strong></span> 
     </span>
    </p>
   </div>
   <div class='ocr_carea' id='block_1_116' title="bbox 490 5852 942 5924">
    <p class='ocr_par' dir='ltr' id='par_1_116' title="bbox 490 5852 942 5924">
     <span class='ocr_line' id='line_1_116' title="bbox 490 5852 942 5924; baseline 0.013 -15"><span class='ocrx_word' id='word_1_935' title='bbox 490 5852 538 5887; x_wconf 78' lang='grc'><strong>³⁸</strong></span> <span class='ocrx_word' id='word_1_936' title='bbox 562 5853 606 5922; x_wconf 87' lang='grc' dir='ltr'>Ῑ.</span> <span class='ocrx_word' id='word_1_937' title='bbox 634 5855 693 5911; x_wconf 73' lang='grc' dir='ltr'>ιν</span> <span class='ocrx_word' id='word_1_938' title='bbox 711 5856 942 5924; x_wconf 84' lang='grc' dir='ltr'>τούτοις.</span> 
     </span>
    </p>
   </div>
  </div>
