4112 6440
448 437 586 494 1265

724 555 863 623 Περὶ
892 553 1001 624 τῆς
1020 555 1352 628 διαγραφῆς
1373 562 1476 616 τοῦ
1493 565 1730 634 τροχοῦ.

517 666 591 719 Β’.
633 667 819 753 ’ξπιν
867 665 959 721 οὖν
1002 671 1034 741 ἡ
1091 671 1365 744 διαγραφὴ
1397 675 1492 728 τοῦ
1540 678 1734 749 τροχοῦ
1775 681 2015 753 τοιαύτη.

442 759 486 810 Τ
492 759 604 829 ρεῖς
633 749 787 820 οὗτος
810 758 1069 830 κέκτηται
1108 760 1304 826 ζώνας,
1347 767 1440 818 καὶ
1473 767 1618 820 ἔνδον
1652 769 1830 822 αὐτῶν
1856 773 2016 825 κανό-

442 865 553 900 νιον
607 849 1046 918 ἰσοτετράγωνον.
1108 852 1171 904 Ἡ
1213 854 1311 922 μὲν
1347 851 1439 907 οὖν
1472 857 1662 928 πρώτη
1689 857 1831 930 ζώνη
1867 877 2019 931 περι-

443 939 556 1009 έχει
589 941 687 1002 τάς
721 939 829 992 τῶν
852 948 946 1010 ,κη’
981 942 1070 994 τοῦ
1098 943 1246 1012 ἡλίου
1275 945 1411 999 ἐτῶν
1441 949 1714 1011 ἐπακτάς·
1746 953 1778 1021 ἡ
1814 951 1869 1003 δὲ
1898 950 2017 1004 δευ-

441 1032 578 1101 τέρα
609 1030 746 1084 αὐτὰ
770 1032 838 1084 τὰ
878 1039 964 1104 κη’
990 1033 1084 1086 τοῦ
1127 1035 1279 1105 ἡλίου
1313 1036 1404 1109 ἔτη
1439 1039 1557 1092 ἀπὸ·
1599 1041 1813 1111 πρώτου
1857 1042 2016 1113 μέχρι

441 1120 535 1173 τοῦ
584 1121 917 1186 τελευταίου,
980 1125 1121 1178 κατὰ
1168 1126 1321 1193 τάξιν
1373 1128 1854 1201 διαγεγραμμένα·
1895 1133 2017 1202 ἡδὲ

443 1211 599 1282 τρίτη
618 1213 683 1266 τά
705 1213 846 1267 κατὰ
875 1217 973 1287 τὴν
996 1219 1385 1290 τετραετηρίδα
1409 1220 1683 1291 βίσσεξτα.
1710 1225 1820 1277 Καὶ
1845 1225 2016 1278 ταῦτα

446 1305 545 1374 μὲν
574 1309 627 1359 αἱ
655 1310 801 1378 τρεῖς
821 1307 1009 1372 ζῶναι.

679 1421 820 1488 Περὶ
851 1419 960 1490 τῆς
986 1421 1313 1493 διαγραφῆς
1340 1425 1446 1480 τοῦ
1481 1428 1784 1482 κανονίου.

517 1530 555 1582 Γ
557 1537 590 1583 '.
618 1531 690 1584 Τὸ
713 1533 769 1585 δὲ
809 1534 1054 1588 κανόνιον
1077 1537 1213 1590 ἐπτά
1246 1537 1459 1608 στίχους
1489 1539 1622 1608 ἔχει,
1648 1541 1705 1592 ἐν
1731 1535 1812 1602 οἷς
1840 1540 1896 1592 αἱ
1919 1540 2017 1610 τῆς

445 1623 736 1694 ἑϐδομάδος
770 1629 972 1700 ἡμέραι
1006 1631 1331 1702 τεταγμέναι
1358 1635 1738 1703 τυγχάνουσιν.
1783 1634 1922 1686 Ἀλλ’
1958 1635 2016 1688 ἐν

446 1713 546 1783 μὲν
569 1714 644 1784 τῷ
671 1715 870 1788 πρώτῳ
915 1721 1080 1790 στίχῳ
1130 1722 1270 1775 κατὰ
1294 1723 1465 1789 τάξιν,
1487 1719 1596 1778 οἷον
1621 1727 1693 1778 εέκ
1723 1731 1791 1788 α’,
1826 1725 1920 1778 καὶ
1948 1724 2011 1794 β’,
2048 1732 2053 1736 “

445 1805 536 1855 καὶ
555 1803 743 1874 τρίτης
779 1809 941 1879 μέχρι
964 1809 1072 1863 τῶν
1103 1810 1146 1873 ζ’
1166 1829 1179 1841 ³
1218 1813 1274 1865 ἐν
1302 1813 1358 1865 δὲ
1391 1816 1502 1875 τοῖς
1526 1815 1662 1884 μετὰ
1683 1814 1772 1866 τὸν
1804 1814 2015 1885 πρῶτον

1251 443 1309 500 S.
1353 444 1602 500 MAXIM!
1641 447 2001 504 MARTYRIS
2038 451 2416 508 COMPUTUS
2450 451 2886 508 ECCLESIAST.

2042 575 2102 632 Α..

3554 461 3687 517 1266

2474 572 2630 642 187
2668 571 2741 625 De
2767 581 2898 626 rota;-
2925 531 3284 640 descriptione.

2194 683 2257 738 ll.
2283 685 2408 740 Haec
2441 685 2607 755 igitur
2639 697 2755 741 rota
2799 687 2903 741 ista
2934 686 3336 756 complectitur.
3367 685 3504 742 Tres
3539 705 3593 742 In
3626 705 3690 743 ea

2126 791 2274 830 zona
2305 786 2455 840 sunt,
2485 783 2538 830 et
2566 777 2620 830 in
2652 777 2831 831 medio
2851 777 3330 848 quadrata.tabula
3356 780 3687 850 aequilatera.

2126 867 2307 922 Prima
2338 885 2471 922 zona
2503 883 2770 922 annorum
2797 869 2986 938 viginti
3020 878 3142 924 octo
3167 871 3299 924 solis
3322 879 3544 939 epactas
3560 887 3692 927 con-

2127 959 2296 1023 tinet;
2321 959 2558 1013 secunda
2589 975 2765 1014 annos
2800 959 2948 1030 ipsos
2992 976 3157 1014 xxvnl
3195 961 3404 1016 solares
3455 977 3482 1013 a
3513 962 3692 1032 primo

2127 1051 2195 1105 ad
2213 1051 2457 1104 ultimam
2480 1066 2655 1120 usque
2682 1065 3022 1120 progressos.
3049 1049 3232 1106 Tertia
3249 1051 3579 1115 bissextiles,
3598 1054 3692 1122 qui

2126 1127 2488 1214 quadriennio
2516 1143 2714 1212 cuique
2729 1149 3066 1211 competunt.
3087 1141 3211 1197 Hac
3241 1143 3296 1197 in
3324 1143 3500 1199 tribus
3516 1144 3690 1201 zonis.

2402 1429 2480 1484 De
2523 1429 2782 1484 mediana:
2823 1430 3016 1485 tabula:
3046 1429 3408 1498 descriptione.

2149 1537 2158 1545 ’
2193 1538 2278 1594 lll.
2317 1538 2523 1593 Tabula
2574 1545 2780 1608 septem
2830 1540 3082 1594 versibus
3125 1547 3359 1602 constat,
3398 1539 3453 1592 in
3490 1537 3688 1608 quibus

2125 1639 2329 1701 septem
2350 1630 2710 1686 hebdomadis
2733 1630 2852 1686 dies
2873 1623 3222 1687 exhibentur.
3247 1631 3304 1685 In
3331 1631 3506 1702 primo
3527 1647 3690 1686 versu

2123 1724 2316 1778 ordine
2341 1723 2645 1788 procedunt
2673 1723 2741 1777 ab
2773 1724 2824 1788 1,
2857 1724 2912 1787 2,
2944 1725 2976 1778 '5
3003 1740 3177 1794 usque
3203 1723 3271 1776 ad
3297 1723 3352 1786 7,
3375 1723 3428 1776 in
3458 1738 3692 1793 sequen-

2124 1815 2269 1869 tibus
2298 1823 2460 1885 prout
2501 1814 2750 1868 calculus
2805 1814 2952 1868 tulit.
3006 1813 3276 1883 Utrinqne
3316 1813 3484 1868 rubro
3533 1811 3691 1882 pictae

445 1892 623 1986 στίχον
653 1895 790 1986 ὼςὴ
835 1897 1012 1968 ψῆφος
1057 1901 1354 1972 ἀπῄτησεν.
1412 1903 1778 1974 Ἐκατέρωθεν
1815 1905 1872 1957 δὲ
1922 1903 2014 1957 τοῦ

2121 1913 2248 1961 sunt
2290 1904 2490 1960 eaedem
2518 1904 2881 1958 hebdomadis
2903 1904 3050 1959 ferite
3097 1904 3354 1959 deorsum
3399 1918 3428 1956 a
3473 1916 3689 1957 summo

442 1983 606 2038 αὐτοῦ
641 1985 730 2040 διὰ
795 1990 1022 2060 σηρικοῦ
1058 1994 1442 2063 γεγραμμέναι
1472 1995 1630 2048 πάλιν
1665 1997 1802 2049 εἰσὶν
1841 1996 2014 2066 ὀρθῶς

2120 1995 2536 2058 descendentes,
2569 1995 2768 2064 quibus
2795 1995 3038 2064 adjuncti
3082 2001 3210 2050 sunt
3264 1994 3492 2048 Romani
3539 2007 3695 2046 men-

441 2077 763 2159 καθιέμεναι
789 2083 843 2134 αἱ
874 2084 1033 2136 αὑταὶ
1069 2085 1168 2156 τῆς
1209 2086 1498 2156 ἑϐδομάδος
1535 2088 1773 2159 ἡμέραι·
1809 2086 1924 2158 μεθ’
1949 2086 2016 2151 ἃς

2121 2101 2210 2142 ses
2235 2104 2249 2153 ;
2283 2085 2337 2138 in
2365 2085 2581 2154 gemino
2608 2099 2772 2138 versu
2807 2085 2956 2140 solus
2986 2084 3287 2152 inscriptus
3317 2093 3402 2140 est
3441 2083 3688 2144 Martius,

440 2169 533 2220 καὶ
582 2173 630 2223 οἱ
678 2172 998 2228 δυοκαίδεκα
1041 2177 1337 2248 Ῥωμαῖκοὶ
1366 2179 1529 2248 μῆνες
1555 2178 2016 2250 διαγεγραμμένοι

2121 2183 2341 2246 propter
2371 2176 2692 2230 bissextum.
2719 2173 2995 2240 Ejusmodi
3025 2183 3110 2230 est
3141 2175 3348 2230 tabellae
3375 2172 3694 2242 descriptio.

439 2265 816 2334 τυγχάνουσιν.
862 2270 948 2322 Ἐν
993 2269 1153 2342 διττῷ
1180 2272 1237 2323 δὲ
1279 2272 1752 2344 διαγεγραμμένος
1784 2274 2014 2346 ὑπάρχει
2038 2272 2196 2343 μόνος
2211 2269 2511 2340 δ’Μάρτιος
2537 2268 2624 2323 διὰ
2644 2267 3022 2337 τὸβίσσεξτον.
3049 2269 3235 2322 Ταῦτα
3263 2267 3356 2321 καὶ
3415 2267 3541 2337 περὶ
3593 2263 3693 2334 τῆς

440 2356 534 2408 τοῦ
569 2360 814 2413 κανονίου
849 2362 1158 2434 διασκευῆς.

685 2467 950 2534 ’Υπόδειξ
955 2488 1008 2537 ις
1041 2471 1151 2540 τῆς
1167 2475 1524 2544 καθ’-εἱρμὸν
1542 2475 1767 2545 ψήφου.

511 2645 582 2697 Δ⁹.
628 2643 817 2697 Ἦνίκα
845 2645 1021 2698 τοίνυν
1053 2648 1117 2699 ἐκ
1141 2646 1294 2700 τοῦδε
1331 2647 1424 2700 τοῦ
1449 2648 1639 2718 τροχοῦ
1665 2649 1762 2719 τὴν
1789 2648 2015 2718 ἑϐδομα-

440 2733 598 2802 τικὴν
614 2734 845 2805 ἡμέραν,
865 2736 922 2788 ἐν
947 2737 1033 2806 οἵᾳ
1056 2737 1254 2808 δήποτε
1270 2739 1575 2809 Ῥωμαῖκοῦ
1593 2740 1760 2810 μηνὸς
1781 2740 2015 2811 ποσταία

445 2823 792 2896 βουληθῶμεν
831 2829 1043 2899 μαθεῖν,
1091 2831 1399 2901 σκοποῦμεν
1421 2831 1636 2903 πρῶτον
1657 2832 1743 2885 διὰ
1762 2833 1859 2903 τῆς
1882 2833 2015 2884 ὑπο-

439 2917 741 2988 δειχθείσης
798 2920 1017 2989 μεθόδου
1060 2921 1120 2974 τὸ
1158 2923 1505 2993 ἐνιστάμενον
1530 2924 1624 2976 τοῦ
1663 2923 1810 2994 ἡλίου
1858 2923 2009 2986 ἔτος·

438 3007 515 3070 ὡς
561 3010 658 3062 ἐπὶ
703 3010 796 3062 τοῦ
842 3011 1135 3075 ἐνεστῶτος
1177 3014 1308 3084 φέρε
1341 3017 1536 3078 εἰπεῖν,
1571 3015 1739 3085 ἡγουν
1766 3013 1858 3068 τοῦ
1889 3021 2006 3086 κη”

440 3093 559 3153 εἶτα
605 3100 704 3163 τὰς
745 3101 908 3154 αὐτοῦ
962 3102 1329 3172 λαμϐάνοντες
1390 3105 1665 3169 ἐπακτὰς,
1709 3087 1871 3168 οὔσας
1917 3105 2009 3158 τὸν

440 3191 669 3262 ἀριθμὸν
699 3199 773 3256 ς’,
807 3196 855 3246 εί
889 3193 986 3264 μὲν
1019 3196 1076 3247 ἐν
1114 3198 1226 3258 τοῖς
1252 3197 1332 3258 είς
1353 3196 1443 3248 τὸν
1478 3196 1693 3266 πρῶτον
1716 3197 1896 3267 στίχον
1917 3215 2008 3249 τε·-

2258 2469 2507 2536 Οιιακαηι
2535 2469 2752 2520 rulinna‘
2767 2467 3004 2521 calculus
3041 2467 3222 2521 ordine
3255 2468 3452 2521 directo
3481 2468 3545 2520 sit

2709 2539 3086 2592 instituendus.

2187 2649 2277 2704 IV.
2308 2639 2381 2705 U‘t
2403 2665 2470 2706 ex
2495 2651 2599 2704 hac
2621 2657 2747 2704 rota
2779 2649 2970 2704 feriam
3000 2664 3331 2720 quocunque
3352 2648 3442 2703 die
3458 2647 3694 2708 Romani

2119 2743 2324 2811 mensis
2370 2741 2737 2804 obtineamus,
2782 2739 3018 2810 primum
3063 2741 3202 2811 cycli
3246 2740 3443 2794 solaris
3489 2754 3688 2805 annus,

2115 2847 2172 2916 ιη
2204 2848 2312 2903 quo
2339 2847 2644 2895 versamur,
2677 2831 3108 2886 considerandus
3136 2845 3198 2886 ca
3243 2830 3498 2885 methodo
3525 2845 3690 2900 quam

2119 2938 2286 2994 supra
2342 2922 2842 2979 demonstravimus
2884 2936 2900 2974 :
2939 2931 2999 2976 ut
3039 2922 3271 2991 exempli
3320 2923 3528 2991 gratia,
3585 2921 3690 2976 hoc

2119 3029 2266 3068 anno
2299 3014 2450 3083 cyclo
2466 3029 2658 3068 xxun.
2682 3011 2820 3066 Tum
2843 3011 3006 3081 hujus
3019 3010 3224 3082 epacta:
3239 3013 3517 3082 capiendae
3538 3020 3690 3078 sunt,

2117 3121 2240 3174 qua:
2268 3111 2396 3159 sunt
2437 3121 2514 3160 vr.
2559 3103 2679 3158 Jam
2721 3103 2937 3159 duobus
2985 3103 3200 3169 illis,in
3245 3103 3544 3169 mensibus,
3595 3104 3689 3174 qui

2116 3197 2354 3266 primum
2392 3209 2616 3250 versum
2645 3194 2913 3259 obtinent,
2951 3193 3126 3266 Aprili
3166 3202 3221 3249 et
3249 3193 3396 3250 Julio
3434 3194 3581 3267 (nam
3627 3196 3684 3250 hi

441 3284 732 3353 ταγμένοις
794 3285 1123 3354 Ῥωμαϊκοῖς
1160 3285 1280 3338 δυσὶ
1322 3287 1478 3358 μησὶ,
1518 3287 1596 3358 τῷ
1619 3304 1681 3339 τε
1736 3287 2045 3358 Ἀπριλίῳμ

2118 3287 2352 3357 primum
2400 3286 2467 3341 ad
2503 3301 2723 3340 versum
2765 3285 3158 3353 ascribuntur),
3201 3294 3420 3355 epactas
3441 3287 3574 3340 istas
3615 3286 3685 3340 ad

444 3391 515 3444 φη
525 3375 605 3443 μἰ,
623 3375 720 3430 καὶ
747 3375 824 3446 τῷ
841 3376 1040 3447 Ἰουλίῳ
1057 3393 1072 3406 ο
1099 3370 1239 3430 οὗτοι
1256 3378 1364 3448 γάρ
1380 3379 1514 3430 εἰσιν
1531 3378 1782 3454 είςαύτὸν
1797 3379 1885 3432 τὸν
1915 3378 2022 3430 στί.

443 3481 534 3535 χον
556 3466 1037 3537 διαγεγραμμένοι·
1051 3467 1254 3532 ταύτας
1271 3469 1610 3540 ἐμϐάλλομεν
1631 3473 1695 3540 τῇ
1715 3469 1875 3541 ζητου
1884 3471 2018 3544 μένῃ

440 3557 574 3626 ἡμῖν
618 3557 697 3618 εἰς
745 3557 940 3620 αὐτοὺς
971 3558 1225 3628 ποσταία,
1270 3559 1361 3612 καὶ
1390 3562 1469 3623 εἰς
1495 3561 1591 3631 τὴν
1623 3560 1665 3624 ζ’
1702 3561 2014 3630 μερίζομεν.

441 3647 566 3699 Κάκ
610 3648 720 3699 τῶν
764 3649 1150 3718 άπομενουσῶν
1175 3651 1274 3721 τὴν
1302 3650 1663 3722 ὲϐδοματικὴν
1693 3651 2018 3721 εὑρίσκομεν

443 3737 726 3808 ἰσάριθμον
751 3736 916 3792 οὖσαν
936 3742 1125 3804 αὐταῖς
1147 3744 1265 3804 ταῖς
1295 3742 1847 3813 ὑπολιμπανομέναις.
1865 3741 2019 3794 Οὕτω

444 3828 539 3898 μὲν
553 3825 647 3882 οὖν
671 3832 728 3881 ἐν
744 3834 856 3894 τοῖς
882 3832 963 3895 είς
978 3831 1070 3885 τὸν
1086 3840 1132 3886 α’
1157 3834 1338 3903 στίχον
1355 3834 1711 3905 τεταγμένοις
1760 3833 1913 3887 ποιοῦ
1922 3849 2019 3904 μεν

445 3920 633 3989 μησίν·
680 3922 728 3972 εί
763 3921 819 3974 δὲ
849 3923 906 3974 ἐν
933 3925 1046 3986 τοῖς
1089 3926 1170 3986 εἰς
1208 3925 1300 3977 τὸν
1333 3925 1376 3995 β’
1419 3926 1600 3995 στίχον
1631 3925 1784 3978 δυσὶν
1815 3926 2019 3997 ἑτέροις

445 4012 598 4080 μησὶ,
621 4010 704 4081 ,τῷ
755 4013 917 4082 Μαΐῳ
944 4013 1087 4082 λέγω
1124 4015 1219 4068 καὶ
1249 4015 1328 4085 τῷ
1365 4015 1703 4086 Ἰανουαρίῳ,
1739 4017 1858 4069 κατ’
1891 4015 2020 4067 αὐτὸ

443 4102 502 4154 τὸ
540 4103 780 4154 εἰκοστὸν
799 4103 980 4170 ὄγδοον
1007 4104 1124 4167 ἐτος
1149 4105 1247 4176 τὴν
1284 4105 1646 4177 ἐϐδοματικὴν
1671 4106 1981 4178 ἐρευνῶμεν
2001 4129 2018 4144 ο

437 4193 537 4255 τὰς
553 4195 629 4254 είς
652 4193 750 4262 τὴν
770 4195 939 4264 αὐτὴν
967 4195 1145 4249 σελίδα
1166 4198 1557 4268 γεγραμμένας
1587 4201 1643 4251 ἐν
1673 4198 1750 4268 τῷ
1769 4198 1811 4268 β’
1830 4199 2017 4268 στίχῳ,

439 4285 532 4337 καὶ
571 4283 938 4354 ὑποκειμένας
967 4289 1086 4347 ταῖς
1132 4288 1452 4358 εἰρημέναις
1481 4287 1538 4354 ἓξ
1578 4290 1841 4350 ἐπακταῖς
1877 4289 2018 4359 λαμ-

440 4375 674 4447 ϐάνομεν
729 4377 962 4447 ἡμέρας,
1020 4378 1264 4431 τουτέστι
1325 4379 1423 4449 τὴν
1472 4380 1637 4450 μίαν·
1693 4381 1787 4434 καὶ
1815 4380 2020 4450 ταύτην

439 4469 639 4538 ὁμοίως
695 4468 1034 4539 ἐμϐάλλομεν
1080 4473 1144 4540 τῇ
1200 4469 1506 4544 ζητουμένη
1540 4474 1671 4542 ἡμῖν
1704 4475 1782 4534 είς
1824 4472 2021 4533 αὐτοὺς

439 4560 691 4631 ποσταία,
726 4562 818 4614 καὶ
840 4561 918 4624 εἰς
944 4561 1034 4613 τὸν
1058 4560 1101 4625 ζ’
1123 4561 1220 4624 τάς
1237 4561 1363 4624 ὅλας
1381 4563 1696 4634 μερίζομεν.
1722 4563 1831 4634 Τὴν
1851 4562 2021 4633 αὐτὴν

437 4648 532 4706 οὖν
566 4653 763 4717 σελίδα,
790 4653 932 4722 λέγω
957 4654 1014 4706 δὲ
1052 4655 1152 4717 τὰς
1183 4656 1300 4708 κατ’
1329 4656 1498 4726 αὐτὴν
1532 4656 2010 4728 ἐγγεγραμμένας,

2116 3378 2462 3448 pr0positum
2515 3377 2732 3431 illorum
2791 3375 2937 3431 diem
2982 3376 3354 3447 adiungimus.
3403 3376 3682 3430 Summam

2118 3486 2215 3542 per
2237 3486 2309 3524 vn
2335 3473 2623 3540 partimur.
2657 3469 2923 3539 Reliquus
2945 3477 3027 3525 est
3047 3484 3310 3524 numerus
3330 3468 3497 3534 feriae,
3521 3484 3686 3540 quam

2119 3565 2334 3632 assequi
2369 3548 2672 3618 studemus.
2714 3561 2840 3616 Haec
2874 3561 3016 3616 ratio
3046 3561 3280 3616 tenenda
3324 3568 3408 3615 est
3447 3562 3502 3615 in
3545 3562 3686 3616 duo-

2117 3655 2220 3710 bus
2251 3655 2412 3724 primi
2465 3670 2659 3710 versus
2707 3653 3009 3708 mensibus.
3062 3652 3160 3706 Sin
3203 3651 3416 3707 duobus
3456 3651 3577 3707 aliis
3630 3652 3686 3705 in

2118 3745 2423 3809 mensibus,
2454 3745 2549 3813 qui
2579 3742 2883 3798 secundum
2913 3757 3129 3796 versum
3163 3740 3434 3803 obsident,
3466 3739 3606 3795 Maio
3632 3748 3688 3795 et

2118 3835 2400 3900 Januario,
2427 3835 2617 3890 feriam
2648 3835 2800 3906 cyclo
2833 3832 3022 3888 eodem
3055 3846 3224 3885 xxvm
3257 3831 3576 3902 quaerimus,
3599 3845 3689 3886 se-

2121 3926 2286 3982 cundi
2320 3915 2520 3981 'versus
2566 3925 2684 3980 dies
2735 3923 2972 3977 inventis
3019 3923 3226 3992 epactis
3298 3936 3347 3974 v1
3405 3920 3682 3989 subjectas

2120 4017 2485 4086 excerpimus,
2519 4016 2768 4070 videlicet
2797 4029 2811 4066 l
2840 4030 2854 4078 ;
2889 4028 2994 4083 qua
3021 4015 3242 4081 insuper
3262 4011 3326 4064 ad
3345 4011 3687 4082 propositum

2120 4109 2263 4165 diem
2295 4109 2502 4164 mensis
2535 4107 2738 4170 addita,
2767 4115 2938 4160 totum
2962 4105 3017 4158 in
3054 4120 3126 4158 vn
3155 4104 3474 4159 tribuimus.
3518 4103 3682 4156 Eum,

2122 4202 2245 4256 dem
2294 4201 2479 4270 itaque
2523 4215 2757 4264 versum,
2801 4207 2855 4252 et
2907 4197 3046 4250 huic.
3087 4197 3381 4264 inscriptos
3425 4208 3689 4249 numeros

2121 4292 2336 4347 ueteris
2361 4293 2416 4346 in
2446 4293 2695 4347 versibus
2731 4289 3053 4351 retinentes,
3084 4289 3138 4340 in
3181 4287 3471 4355 descriptis
3508 4286 3687 4338 utrin-

2120 4399 2228 4453 que
2251 4383 2619 4436 Romanorum
2653 4380 2934 4435 mensibus
2983 4379 3330 4450 lss‘anno
3358 4377 3476 4445 ipso
3518 4390 3686 4429 xxvnx

2122 4473 2312 4530 feriam
2347 4473 2762 4542 investigamns.
2795 4468 2950 4534 Quod
2992 4467 3133 4522 idem
3158 4473 3212 4520 et.
3255 4466 3309 4518 in
3355 4463 3477 4519 aliis
3519 4463 3686 4533 cyclis

2122 4565 2254 4621 solis
2280 4563 2512 4618 facimus
2545 4581 2558 4618 :
2585 4569 2643 4616 ut
2671 4563 2728 4615 i-n
2757 4561 2948 4631 primis
2970 4559 3092 4628 ejus
3109 4564 3312 4628 epactaa
3343 4555 3688 4631 constituan:

2044 4635 2089 4690 Ῑ)
2117 4663 2208 4710 tur
2244 4675 2257 4710 :
2285 4654 2482 4710 deinde
2510 4622 2788 4722 subjectae,
2823 4660 2877 4706 et
2917 4651 2969 4704 in
3004 4650 3194 4705 eodem
3224 4663 3387 4704 versu
3440 4622 3688 4716 compree

436 4745 531 4798 xui.
568 4746 660 4798 ἐπὶ
702 4746 809 4798 τῶν
861 4747 1062 4800 λοιπῶν
1111 4747 1308 4817 στίχων
1359 4748 1654 4819 τηροῦμεν,
1700 4750 1779 4812 είς
1806 4749 1867 4802 τὸ
1913 4749 2011 4820 τὴν

2118 4749 2300 4804 hensae
2325 4749 2650 4817 capiantur;
2678 4746 2759 4800 sic
2792 4753 2850 4798 ut
2889 4742 2957 4796 ad
2982 4743 3190 4796 nullam
3231 4741 3458 4795 alteram
3497 4739 3686 4792 dextra

436 4836 796 4908 ἑϐδοματικὴν
853 4837 1066 4907 ἡμέραν
1120 4839 1366 4909 ἀνευρεῖν
1419 4840 1478 4890 ἐν
1532 4841 1642 4902 τοῖς
1670 4838 2010 4909 ἑκατέρωθεν

2118 4840 2206 4895 vel
2244 4838 2472 4894 sinistra
2502 4837 2853 4893 deﬂectamus
2883 4857 2896 4892 :
2933 4837 3024 4891 sed
3058 4835 3126 4890 ad
3156 4835 3406 4890 eumdem
3433 4833 3525 4887 illo
3544 4847 3688 4884 anno

433 4929 929 4999 διαγεγραμμένοις
960 4931 1141 4994 αὐτοῖς
1182 4931 1506 5000 Ῥωμαϊκοῖς
1538 4930 1690 5000 μησὶ,
1723 4929 1863 4983 κατὰ
1892 4930 2012 4983 τόδε

2118 4945 2331 4985 versum
2361 4937 2678 4985 constanter
2702 4929 3112 4984 adhaereamus:
3150 4928 3225 4979 ita
3252 4935 3309 4978 ut
3329 4931 3532 4994 epactze
3553 4923 3689 4977 duo-

433 5016 495 5069 τὸ
527 5024 612 5088 κη’
641 5018 759 5082 ἔτος
779 5036 792 5049 ·
824 5019 1024 5089 ὁμοίως
1049 5019 1106 5072 δέ
1146 5021 1240 5072 καὶ
1267 5021 1346 5082 είς
1390 5021 1497 5072 πᾶν
1519 5019 1646 5074 ἄλλο
1669 5018 1822 5089 ἡλίου
1849 5017 1967 5081 ἔτος
1990 5035 2006 5050 ο

2118 5022 2218 5076 bus
2246 5022 2300 5074 in
2345 5021 2524 5090 primo
2574 5035 2748 5074 versu
2785 5019 3065 5089 inscriptis
3122 5017 3405 5072 mensibus
3457 5031 3688 5086 respon-

434 5107 603 5171 αὑτάς
634 5125 692 5160 τε
736 5110 1163 5180 προηγουμένως
1187 5110 1287 5174 τὰς
1311 5108 1478 5164 αὐτοῦ
1503 5109 1852 5180 κανονίζομεν
1877 5110 2011 5162 ἐπα-

2118 5109 2316 5174 deant;
2346 5109 2464 5165 dies
2508 5119 2686 5163 autem
2713 5107 2768 5161 in
2825 5108 3014 5162 eadem
3067 5107 3266 5161 tabella
3325 5106 3516 5176 posita:
3555 5105 3686 5159 reli-

435 5198 600 5262 κτάς·
648 5196 766 5254 εἶτα
817 5204 912 5254 καὶ
949 5201 1047 5265 τὰς
1097 5201 1465 5272 ὑποκειμένας
1497 5201 1687 5265 αὑτὰς,
1723 5202 1816 5254 καὶ
1847 5201 2007 5270 ἐγγε-

2118 5201 2239 5271 quis
2273 5216 2369 5256 sex
2402 5215 2660 5255 versuum
2692 5199 2972 5254 mensibus
2998 5200 3258 5252 serviant.

434 5291 758 5361 γραμμένας
781 5294 860 5355 εἰς
896 5293 994 5363 τὴν
1016 5297 1184 5364 αὐτην
1213 5293 1413 5357 σελίδα,
1442 5294 1706 5364 μηδαμῶς
1728 5293 1863 5362 πρὸς
1885 5293 2077 5366 ἑτέραν
2103 5293 2212 5346 τῶν
2237 5291 2530 5364 εὐωνύμων
2548 5293 2581 5363 ἦ
2597 5291 2783 5355 δεξιῶν
2807 5289 3218 5354 πλαγιάζοντες,
3239 5291 3300 5360 τῇ
3323 5287 3526 5357 αὐτῇδὲ
3546 5286 3686 5338 κατὰ

433 5388 495 5440 τὸ
533 5389 662 5442 αὐτὸ
691 5389 810 5453 ἔτος
837 5391 1001 5442 σελιδι
1028 5390 1423 5460 προσμένοντες
1447 5407 1461 5421 ο
1493 5388 1628 5442 ἀλλὰ
1648 5406 1743 5452 τας
1769 5389 1866 5459 μὲν
1900 5389 2144 5452 ἐπακτὰς
2171 5388 2260 5442 διὰ
2306 5389 2431 5452 τοὺς
2471 5391 2528 5441 ἐν
2555 5387 2633 5457 τῷ
2660 5385 2859 5457 πρώτῳ
2899 5384 3066 5454 στίχῳ
3091 5381 3599 5453 κατατεταγμένους
3637 5377 3681 5448 β’

437 5483 630 5551 μῆνας,
662 5482 760 5546 τὰς
787 5483 843 5536 δέ
868 5485 947 5546 εἰς
977 5483 1076 5554 τὴν
1100 5484 1876 5555 αὐτην-σελίδαγεγραμμένας
1900 5485 2113 5556 ἡμέρας
2127 5484 2363 5546 διάτοὺς
2394 5486 2453 5536 ἐν
2488 5486 2598 5546 τοῖς
2619 5481 2798 5545 ἄλλοις
2825 5487 2877 5544 ς’
2902 5481 3101 5591 ῗτίχοις
3121 5478 3461 5548 ὑπάρχοντας
3489 5476 3681 5547 μῆνας.

574 5597 711 5664 Περὶ
736 5595 845 5665 τῆς
871 5597 976 5650 τοῦ
991 5597 1326 5662 ,βισσέξτου
1354 5596 1836 5665 παρατηρήσεως.

2395 5596 2536 5663 Quid
2569 5598 2624 5649 in
2659 5595 2889 5650 bissexto
2921 5608 3127 5647 servare
3158 5599 3416 5659 oporteat.

506 5709 580 5762 E'.
635 5707 755 5779 Χρὴ
837 5708 894 5761 δὲ
950 5708 1305 5780 σημειοῦσθαι
1354 5709 1445 5762 τὸν
1500 5708 1764 5780 Μάρτιον,
1821 5709 1885 5763 ἵν’
1922 5709 2014 5764 ὅτε

2187 5709 2255 5766 ν.
2287 5709 2698 5766 Observandum
2727 5709 2830 5764 hoc
2855 5708 2961 5763 erit
2989 5707 3043 5762 in
3072 5707 3294 5767 Martio,
3352 5710 3411 5758 ut
3442 5703 3495 5756 in
3539 5715 3681 5754 anno

438 5800 710 5869 βίσσεξτον
725 5803 823 5854 οὐκ
836 5800 968 5866 ἐστι,
991 5801 1078 5856 διὰ
1099 5801 1212 5856 τῶν
1222 5801 1315 5856 τοῦ
1335 5801 1697 5872 Φεϐρουαρίου
1714 5800 2014 5872 ψηφίζηται

2118 5802 2393 5859 communi
2415 5801 2658 5857 calculus
2679 5800 2798 5870 ejus
2827 5802 2939 5854 sint
2968 5797 3250 5853 Februarii
3273 5796 3435 5861 dies;
3485 5793 3539 5848 in
3571 5791 3709 5846 bis»
