4112 6440
409 383 547 442 1267

1423 379 1510 437 ΔΙ)
1547 377 1813 436 EUSEBlI
1851 373 2246 434 CHRONICON
2284 371 2627 432 APPENDIX

3522 364 3666 421 1268

407 501 589 561 sextili
635 516 789 565 vero,
835 500 1193 557 Decembris:
1225 515 1387 572 quem
1441 500 1510 556 ad
1570 514 1813 555 mensem
1867 496 2015 553 bis-.

2127 497 2309 570 μερῶν
2332 514 2345 527 ·
2377 497 2463 550 ὅτε
2488 492 2766 567 βίσσεξτόν
2796 492 2927 553 ἐστι,
2946 489 3035 543 διὰ
3052 488 3158 543 τῶν
3179 488 3270 542 τοῦ
3295 488 3663 560 Δεκεμϐρίου“ο

408 605 626 653 sextum
656 595 1056 650 adnotavimus.
1097 593 1231 648 Nam
1280 599 1567 664 propterea
1618 592 1833 647 duobus
1882 589 1990 645 illis

408 686 695 743 mensibus
728 684 984 740 Martium
1036 686 1409 755 adjunximus.
1463 682 1557 739 Sic
1588 683 1753 755 igitur
1783 697 1849 737 ex
1900 681 1992 735 illa

412 786 534 833 rota
570 778 759 833 feriam
795 778 1270 848 investigabimus,
1320 777 1542 848 quando
1570 775 1818 831 calculus
1846 780 1993 829 recta

415 870 558 924 serie
572 876 941 939 promovetur,
964 867 1234 938 abAprili,
1251 867 1330 923 uti
1345 867 1550 923 dictum
1567 877 1669 934 est,
1688 865 1756 921 ad
1771 863 1991 927 Maium,

414 957 637 1014 Junium
663 967 717 1013 et
747 966 1001 1016 caeteros.

504 1156 781 1225 Quomodo
809 1157 1049 1213 calculus
1074 1159 1384 1230 retrogrado
1406 1160 1591 1215 ordine
1612 1161 1898 1233 dirigatur.

497 1269 578 1323 Vl.
606 1269 711 1325 Sed
752 1286 876 1325 cum
932 1280 1081 1327 retro
1129 1272 1404 1328 subducto
1447 1272 1660 1328 calculo
1708 1289 1805 1343 per
1849 1271 1997 1328 Mar-

417 1359 579 1424 tium,
612 1358 978 1416 Februarium
1008 1370 1065 1417 et
1103 1360 1453 1427 Januarium,
1506 1364 2004 1433 antecedentcsque

420 1462 638 1505 menses
666 1464 763 1518 per
789 1461 1011 1521 epactas
1042 1453 1329 1522 praesentis
1362 1454 1515 1517 anni,
1559 1453 1653 1524 qui
1683 1461 1766 1509 est
1806 1468 2001 1515 uvm,

421 1539 614 1595 feriam
676 1542 964 1613 explorare
1005 1545 1280 1609 volumus,
1335 1560 1512 1612 neque
1563 1544 1822 1614 praeteriti
1876 1548 2006 1599 anni

2093 588 2219 640 ἔνθα
2251 589 2345 641 καὶ
2380 587 2442 640 τὸ
2473 584 2750 657 βίσσεξτον
2774 582 3062 655 διεγράφη.
3096 581 3314 652 Ταύτης
3331 581 3438 653 γὰρ
3475 581 3669 636 ἕνεκεν

2092 681 2190 750 τῆς
2249 680 2426 743 αίτίας
2466 681 2529 731 ὲν
2564 680 2678 741 τοῖς
2726 676 2844 730 δυσὶ
2877 675 3085 739 τούτοις
3122 673 3255 746 μησὶ⁵
3291 673 3381 727 τὸν
3422 674 3669 747 Μάρτιον

2096 771 2487 842 κατετάξαμεν.
2518 769 2705 835 Οὕτως
2735 771 2833 842 μὲν
2846 764 2940 823 οὖν
2969 772 3033 823 ἐκ
3060 767 3213 821 τοῦδε
3236 767 3328 821 τοῦ
3352 766 3545 839 τροχοῦ
3564 766 3671 838 τὴν

2096 864 2457 935 έϐδοματικὴν
2486 864 2830 936 εὑρίσκομεν,
2858 864 2947 916 ὅτε
2979 861 3079 933 τὴν
3104 861 3283 931 ψῆφον
3324 860 3444 913 καθ’
3476 859 3670 932 είρμδν

2097 954 2409 1024 ὲξανύομεν,
2458 954 2547 1007 διά
2584 971 2643 1006 τε
2682 952 2776 1005 τοῦ
2817 950 3112 1023 Ἀπριλίου,
3164 949 3346 1013 καθὼς
3376 949 3545 1022 ἔφην,
3569 949 3673 1002 καὶ

2101 1047 2298 1111 Μαΐου,
2333 1046 2428 1099 καὶ
2461 1046 2703 1110 Ἰουνίου,
2730 1043 2825 1096 καὶ
2856 1042 2966 1095 τῶν
3001 1042 3119 1096 καθ’
3146 1041 3291 1113 ἑξῆς.

2378 1160 2516 1228 Περὶ
2539 1159 2649 1227 τῆς
2663 1155 3136 1226 ἀναποδίζούσης
3156 1156 3385 1227 ψήφου.

2174 1271 2262 1341 (τ’.
2305 1273 2566 1343 Ὀπηνίκα
2597 1273 2654 1327 δὲ
2678 1273 2817 1326 κατὰ
2842 1270 3225 1343 ἀναποδισμὸν,
3251 1266 3362 1325 οἷον
3391 1270 3477 1325 διὰ
3511 1273 3677 1343 Μαρ-

2102 1365 2239 1428 τίου,
2266 1366 2358 1417 καὶ
2380 1364 2765 1435 Φεϐρουαρῖου,
2791 1365 2885 1419 καὶ
2927 1363 3272 1435 Ἰανουαρίου,
3301 1363 3394 1417 καὶ
3427 1363 3534 1416 τῶν
3561 1364 3676 1425 πρὸ

2103 1456 2306 1509 τούτων
2341 1455 2544 1526 μηνῶν,
2571 1455 2757 1509 ἐκτῶν
2779 1455 3031 1510 ὲπακτῶν
3055 1454 3147 1509 τοῦ
3173 1455 3462 1518 ἐνεστῶτος
3493 1454 3673 1519 ἔτους,

2107 1548 2272 1617 ἧγουν
2304 1547 2397 1600 τοῦ
2421 1553 2528 1617 κη’,
2557 1548 2655 1617 τὴν
2688 1547 3061 1618 ἑϐδοματικὴνν
3080 1547 3426 1618 βουληθῶμεν
3458 1548 3675 1617 μαθεῖν,

422 1646 572 1687 xxvu
645 1642 869 1703 epactas
943 1638 1278 1693 assumimus
1327 1655 1340 1691 :
1392 1637 1438 1691 si
1499 1635 1718 1707 quidem
1780 1636 1837 1690 in
1882 1638 2009 1692 duo-

2117 1640 2168 1691 οὐ
2192 1637 2601 1709 προσχρώμενοι
2650 1641 2769 1701 ταῖς
2797 1638 2890 1691 τοῦ
2916 1638 3211 1702 διελθόντος
3248 1638 3327 1703 κζ’
3357 1638 3509 1702 ἔτους
3540 1641 3680 1691 ἑπα-

424 1723 530 1780 bus
567 1740 759 1781 versus
809 1727 970 1797 primi
1009 1728 1296 1783 mensibus
1339 1728 1392 1782 id
1431 1736 1642 1799 agatur,
1689 1735 1911 1797 epactas
1950 1726 2007 1791 6,

2110 1733 2266 1793 κταίς
2298 1732 2377 1792 εἰς
2407 1729 2504 1801 τὴν
2550 1728 2749 1799 ταύτης
2803 1728 3103 1799 κατάληψιν
3123 1746 3137 1759 ο
3166 1730 3216 1781 εἱ
3253 1730 3349 1799 μὲν
3376 1731 3434 1782 ὲν
3459 1732 3569 1791 τοῖς
3592 1730 3681 1792 είς

426 1830 568 1887 quas
591 1816 705 1886 jam
740 1818 1069 1889 reperimus,
1118 1819 1183 1873 ad
1231 1819 1414 1875 datam
1453 1821 1597 1875 diem
1647 1820 1871 1891 Aprilis,
1914 1826 2009 1874 aut

2117 1821 2201 1876 τὸν
2228 1820 2441 1892 πρῶτον
2492 1820 2668 1891 στίχον
2704 1819 3054 1891 τεταγμένοις
3089 1820 3222 1891 μησὶ
3248 1820 3449 1891 ταύτην
3483 1822 3681 1891 ζητοῦ-

427 1908 579 1973 Julii,
602 1924 710 1963 una
740 1926 861 1965 cum
888 1912 1096 1979 epactis
1126 1910 1192 1965 ad
1226 1912 1467 1982 Aprilem
1490 1912 1657 1967 rubro
1705 1911 1888 1966 colore
1919 1911 2005 1981 pi-

431 2001 557 2062 ctis.
592 2016 714 2071 quae
742 2012 870 2056 sunt
895 2000 951 2065 6,
1004 2001 1353 2071 adjungimus
1408 2003 1463 2057 in
1502 2017 1648 2081 anno
1701 2001 2000 2065 communi,

434 2107 498 2146 ac
530 2108 801 2147 summam
836 2094 1102 2163 partimur
1131 2094 1184 2148 in
1221 2094 1272 2149 7.
1313 2092 1369 2148 In
1400 2094 1669 2152 bissextili
1704 2109 1835 2150 vero
1877 2108 2005 2163 epa-

432 2183 701 2240 ctasillas
731 2184 1001 2254 capimus,
1034 2198 1155 2253 quae
1186 2184 1252 2238 ad
1284 2182 1489 2238 Julium
1520 2185 1812 2240 rubricata:
1852 2191 2004 2245 sunt,

434 2287 632 2342 nempe
655 2272 707 2336 5,
745 2288 868 2327 cum
898 2273 932 2328 6
960 2273 1104 2339 aliis,
1144 2279 1197 2327 et
1235 2289 1331 2345 per
1363 2273 1614 2335 eumdem
1664 2288 1950 2329 numerum
1976 2272 2007 2325 7

436 2377 706 2417 summam
741 2364 1057 2420 dividimus.
1115 2364 1251 2420 Nam
1283 2366 1399 2433 dies
1447 2366 1525 2421 illi
1574 2366 1858 2433 rubricati,
1911 2365 2005 2436 qui

436 2455 495 2510 in
525 2455 752 2511 sinistro
787 2456 957 2513 latere
1000 2457 1162 2528 positi
1198 2465 1351 2523 sunt,
1401 2458 1731 2515 adhibentur
1761 2458 1815 2513 in
1863 2472 2008 2513 anno

434 2547 722 2612 bissextili,
754 2547 975 2618 quando
1018 2550 1339 2619 retrogrado
1377 2550 1570 2605 ordine
1605 2557 2005 2619 computamus.

444 2638 508 2691 At
536 2640 592 2693 in
620 2639 891 2693 bissextili
933 2639 1108 2695 dextri
1144 2640 1333 2697 lateris
1369 2641 1532 2696 simul
1564 2639 1859 2697 rubricatis
1900 2641 2010 2694 uti-

436 2750 580 2789 mur.
611 2732 736 2790 llaec
763 2734 829 2789 de
859 2734 1075 2791 duobus
1103 2752 1296 2792 versus
1340 2736 1501 2806 primi
1558 2736 1837 2792 mensibus
1882 2750 2011 2805 pm

439 2825 755 2882 scribimus.
786 2825 843 2881 l'n
879 2827 964 2883 his
994 2843 1180 2897 porro,
1219 2829 1313 2899 qui
1344 2828 1646 2884 secundum
1673 2844 1889 2884 versum
1917 2844 2013 2883 oc-

440 2926 663 2989 cupant,
699 2918 839 2975 Maio
866 2931 919 2976 et
946 2918 1227 2985 Januario,
1253 2921 1310 2976 in
1340 2936 1483 2975 anno
1521 2936 1689 2976 xxvm
1712 2961 1727 2985 ,
1789 2930 2012 2991 epactas

441 3010 482 3064 ϐ’
508 3011 574 3065 ad
604 3012 890 3082 quaesitum
924 3013 1141 3068 illorum
1177 3013 1321 3069 diem
1348 3013 1602 3068 addimus
1627 3028 1734 3068 una
1762 3028 1885 3068 cum
1909 3030 2013 3069 nu-

440 3114 595 3156 mero
619 3102 684 3157 ad
708 3083 1028 3159 Ianuarium
1054 3105 1223 3159 rubro
1254 3105 1438 3159 colore
1482 3104 1653 3174 picto,
1695 3105 1790 3175 qui
1826 3112 1911 3159 est
1959 3104 2007 3159 7.

446 3190 726 3248 Summam
782 3211 878 3266 per
920 3194 1172 3252 eumdem
1230 3212 1517 3251 numerum
1563 3196 1850 3267 partimur.
1892 3195 2011 3251 Dixi
2040 3176 2081 3232 θ

444 3301 733 3342 numerum
761 3286 826 3343 ad
854 3286 1173 3344 Ianuarium
1198 3289 1497 3358 appictum,
1534 3287 1680 3359 quod
1706 3288 2014 3358 praeteritus

446 3394 624 3434 annus
657 3395 801 3433 xxrn
834 3380 1169 3435 bissextilem
1202 3380 1488 3446 habuerit;
1532 3382 1813 3451 pertinent
1834 3387 2016 3435 autem

444 3470 733 3535 rubricati,
758 3471 835 3526 uti
854 3472 1110 3535 diximus,
1138 3471 1442 3527 numeriad
1474 3486 1647 3527 annos
1681 3471 2016 3526 bissextiles.

2108 1931 2229 1984 μεν,
2253 1914 2351 1977 τὰς
2383 1913 2716 1984 δηλωθείσας
2773 1914 2830 1979 ἒξ
2878 1915 3122 1979 έπακτὰς
3157 1917 3223 1986 τῇ
3252 1913 3346 1968 τοῦ
3398 1914 3679 1986 Ἀπριλίου

2105 2004 2200 2056 καὶ
2254 2004 2473 2057 Ἰουνίου
2533 2002 2701 2074 μηνὸς
2752 2005 2986 2076 ποσταία
3019 2003 3156 2075 μετὰ
3180 2005 3287 2057 τῶν
3311 2002 3417 2057 άπδ
3446 2003 3679 2075 σηρικοῦ

2106 2089 2519 2167 παρακειμένων
2540 2094 2619 2166 τῷ
2652 2095 2932 2167 ’Λπριλίῳ,
2958 2096 3202 2150 τουτέστι
3220 2095 3330 2149 τῶν
3358 2102 3411 2161 ς’
3435 2092 3677 2167 ἡμερῶν.

2104 2187 2194 2240 ὅτε
2227 2186 2501 2258 βίσσεξτον
2536 2188 2637 2240 οὐκ
2664 2186 2798 2252 ἔστι,
2833 2188 3227 2258 συμϐάλλομεν,
3268 2188 3364 2240 καὶ
3399 2189 3479 2250 είς
3508 2187 3599 2240 τὸν
3629 2185 3679 2252 ζ’

2106 2277 2203 2342 τὰς
2245 2279 2370 2342 ὅλας
2398 2277 2719 2349 μερίζομεν·
2744 2279 2833 2332 ὅτε
2859 2279 2917 2333 δὲ
2954 2278 3230 2349 βίσσεξτόν
3270 2281 3406 2340 ἐστι,
3443 2278 3540 2341 τὰς
3569 2276 3683 2330 ἀπὸ

2109 2371 2333 2444 σηρικοῦ
2357 2372 2761 2444 παρακειμένας
2794 2372 2874 2443 τῷ
2918 2373 3139 2444 Ἰουλίῳ,
3163 2374 3332 2444 ἡγουν
3353 2370 3451 2434 τὰς
3474 2377 3513 2423 ε’
3540 2368 3683 2441 ἡμέ-

2109 2481 2230 2535 ρας,
2266 2465 2384 2533 μετ⁹
2406 2462 2584 2517 αὐτῶν
2611 2463 2718 2516 τῶν
2747 2463 2806 2530 ἒξ
2848 2463 3123 2530 ὲπακτῶν,
3163 2464 3258 2517 καὶ
3287 2465 3366 2527 εἰς
3393 2462 3485 2515 τὸν
3511 2462 3683 2531 δηλω-

2109 2554 2270 2608 θέντα
2328 2555 2619 2627 μερίζομεν
2664 2555 2915 2626 ἀριθμόν.
2968 2557 3100 2619 Ταῖς
3139 2554 3248 2626 γὰρ
3292 2555 3351 2619 ἐξ
3388 2552 3683 2623 εὐωνύμων

2108 2644 2216 2698 ἀπὸ
2269 2644 2495 2715 σηρικοῢ
2539 2646 2899 2716 τεταγμέναις
2924 2646 3162 2717 ἡμέραις
3188 2643 3490 2716 κεχρῆσθαι
3512 2659 3683 2716 προσ-

2111 2736 2255 2808 ήκει,
2283 2735 2557 2806 βισσέξτου
2581 2737 2767 2806 χωρὶς,
2792 2735 2933 2791 κατὰ
2958 2736 3113 2807 τήνδε
3133 2737 3233 2806 τὴν
3258 2735 3687 2800 ἀναποδίζουσαν

2109 2828 2285 2900 ψῆφον
2304 2846 2316 2859 ·
2349 2830 2436 2882 ὅτε
2456 2829 2512 2882 δὲ
2541 2828 2814 2898 βίσσεξτόν
2839 2832 2975 2892 ἐστι,
2996 2833 3114 2894 ταῖς
3137 2830 3202 2883 ὲκ
3219 2828 3405 2895 δεξιῶν
3418 2827 3552 2899 ὁμοῦ
3576 2828 3688 2881 om

2114 2920 2341 2990 σηρικοῧ
2391 2922 2824 2994 γεγραμμέναις.
2884 2921 3070 2976 Ταῦτα
3124 2921 3222 2992 μὲν
3253 2922 3333 2984 εἰς
3362 2921 3491 2983 τοὺς
3522 2921 3581 2972 ὲν
3608 2917 3689 2987 τῷ

2114 3010 2314 3083 πρώτῳ
2366 3013 2533 3083 στίχῳ
2581 3012 2675 3065 δύο
2708 3013 2912 3084 μῆνας’
2950 3014 3009 3067 ἐν
3033 3013 3091 3067 δὲ
3124 3015 3238 3076 τοῖς
3273 3014 3353 3075 εἰς
3375 3010 3465 3064 τὸν
3498 3009 3542 3080 β’
3572 3010 3686 3062 στί-

2115 3120 2229 3173 χον,
2291 3105 2381 3175 τῷ.
2408 3122 2466 3158 τε
2499 3107 2659 3177 Μαΐῳ
2702 3106 2843 3174 λέγω
2897 3107 2991 3160 καί⁸
3037 3104 3115 3175 τῷ
3173 3104 3506 3175 Ἰανουαρίῳ,
3545 3100 3691 3155 κατὰ

2114 3193 2230 3247 τόδε
2257 3193 2315 3247 τὸ
2343 3195 2428 3267 κη’
2459 3196 2597 3261 ἔτος,
2635 3197 2803 3260 αὐτὰς
2830 3198 2928 3261 τὰς
2968 3194 3028 3261 ἓξ
3070 3196 3312 3259 emus;
3347 3194 3690 3264 ὲμὸἀλλομεν

2114 3284 2292 3337 αὐτῶν
2351 3288 2415 3356 τῇ
2469 3286 2771 3357 ζητουμένη
2826 3289 2958 3357 ἡμῖν
3006 3287 3238 3356 ποσταία
3277 3284 3545 3356 μετὰτῶν
3583 3284 3692 3339 ἀπὸ
3794 3273 3805 3285 ’

2117 3376 2343 3448 σηρικοῦ
2378 3381 2796 3449 παρακειμένων
2820 3380 2898 3451 τῷ
2942 3379 3279 3451 Ἰανουαρίῳ,
3306 3379 3551 3433 τουτέστι
3581 3378 3692 3431 τῶν

2120 3468 2163 3534 ξ’
2193 3471 2440 3542 ἡμερῶνε
2476 3473 2569 3526 καὶ
2591 3474 2671 3536 είς
2698 3473 2789 3526 τὸν
2838 3473 3001 3527 αὑτὸν
3036 3472 3270 3545 ἀριθμὸν
3319 3471 3491 3525 ταῦτα
3535 3469 3691 3541 μερίς

448 3558 632 3633 ζομεν.
663 3566 761 3617 Διὰ
793 3562 950 3617 τοῦτο
971 3563 1025 3617 δὲ
1061 3560 1211 3618 εἷπον
1241 3565 1340 3629 τὰς
1371 3564 1777 3636 παρακειμένας
1806 3563 1883 3636 τῷ
1917 3562 2242 3633 Ἰανουαρίῳ,
2275 3564 2459 3635 ἐπειδὴ
2488 3564 2547 3619 τὸ
2568 3565 2772 3618 διελθὸν
2811 3565 2947 3629 ἔτος,
2972 3567 3137 3637 ἦγουν
3189 3565 3250 3619 τὸ
3282 3563 3383 3630 κζ’,
3419 3563 3695 3633 βίσσεξτον

449 3656 597 3729 εἶχε·
631 3663 722 3712 καὶ
753 3657 921 3720 ἔστιν,
958 3656 1032 3719 ὡς
1073 3657 1229 3728 ἔφην,
1264 3659 1296 3728 ἡ
1335 3660 1398 3711 ἐκ
1426 3657 1615 3721 δεξιῶν
1664 3654 1773 3709 τῶν
1805 3655 1914 3710 ἀπὸ
1940 3653 2165 3725 σηρικοῦ
2200 3655 2547 3725 καταγραφὴ,
2572 3655 2659 3709 διὰ
2680 3657 2740 3708 τὸ
2770 3656 3063 3726 βίσσεξτον.

758 3771 835 3825 De
872 3771 1231 3826 observatione
1269 3771 1550 3825 bissextilis
1591 3772 1754 3825 σηπίη

528 3860 730 3917 VlLlu
773 3860 876 3915 hac
921 3868 1070 3915 retro
1124 3861 1480 3931 computandi
1532 3860 1789 3915 methodo
1841 3858 2020 3913 Martii

450 3953 699 4009 habenda
752 3952 894 4006 ratio
950 3959 1035 4008 est
1067 3971 1080 4005 :
1116 3959 1175 4005 ut
1204 3952 1319 4008 sive
1364 3961 1489 4022 post
1538 3953 1860 4013 bissextum,
1906 3950 2021 4006 sive

450 4045 660 4113 absque
690 4044 950 4106 bissexto,
983 4044 1261 4114 regulares
1292 4046 1343 4099 ei
1384 4043 1699 4099 Decembris
1747 4044 2020 4113 imputen—

453 4143 565 4197 tur,
601 4135 694 4205 qui
731 4144 859 4190 sunt
892 4136 926 4190 4
956 4136 1264 4190 τυὺτίοοιίιε
1299 4117 1437 4189 adeo
1469 4143 1533 4189 ut
1558 4150 1735 4205 neque
1776 4134 2023 4204 Septem-

453 4228 582 4288 bri,
630 4242 731 4282 nec
782 4225 1078 4282 Februario
1145 4226 1367 4297 ascripti
1414 4234 1702 4281 sumantur
1732 4241 1969 4297 unquam
2007 4246 2019 4281 :

454 4326 521 4372 ut
547 4318 606 4372 in
633 4325 780 4373 recta
796 4317 1074 4387 putatione
1101 4332 1165 4371 ac
1187 4317 1439 4374 methodo
1462 4318 1851 4389 ﬁerioportere
1870 4333 2025 4371 mon-

460 4409 758 4465 stravimus
789 4427 801 4463 :
837 4408 932 4465 sed
967 4419 1230 4480 perpetuo
1264 4410 1541 4481 regulares
1570 4410 1662 4464 isti
1692 4409 1725 4462 4
1757 4409 1906 4463 rubri
1934 4424 2027 4463 ca-

2295 3770 2433 3839 Ilspl
2456 3769 2567 3837 τῆς
2590 3770 2695 3824 τοῦ
2711 3765 3548 3836 βισσέξτουλπαρατηρήσεως.

2194 3859 2263 3913 Z'.
2298 3859 2455 3912 Κατὰ
2482 3858 2689 3929 ταύτην
2706 3860 2762 3913 δὲ
2790 3859 2950 3911 πάλιν
2978 3857 3075 3929 τὴν
3093 3856 3505 3922 ἀναποδίζουσιν
3535 3855 3698 3926 μέθο-

2122 3951 2231 4015 δον,
2250 3949 2341 4002 τὸν
2358 3950 2597 4020 Μάρτιον
2624 3948 3066 4021 ἐπισημήνασθαι
3084 3946 3210 4018 χρὴ,
3242 3947 3378 4015 πρὸς
3400 3946 3463 3998 τὸ
3482 3945 3700 4007 πάντως

2124 4042 2286 4096 αὐτὸν
2302 4042 2396 4095 καὶ
2430 4043 2565 4111 μετὰ
2586 4041 2882 4111 βίσσεξτον,
2904 4040 2997 4093 καὶ
3010 4040 3131 4110 δίχα
3150 4037 3448 4109 βισσέξτου,
3476 4035 3563 4090 διὰ
3589 4035 3702 4089 τῶν

2126 4135 2220 4190 τοῦ
2240 4134 2571 4206 Δεκεμϐρίου
2597 4134 2925 4205 ψηφίζεσθαι
2952 4132 3190 4204 ἡμερῶν·
3215 4130 3356 4200 λέγω
3389 4127 3563 4182 δὲτῶν
3593 4127 3703 4180 ἀπὸ

2131 4227 2355 4299 σηρικοῦ
2403 4229 2679 4298 τεσσάρων
2700 4246 2713 4259 ·
2768 4226 2863 4279 καὶ
2893 4227 3029 4297 μήτε
3065 4222 3155 4278 διὰ
3187 4222 3295 4276 τῶν
3322 4220 3417 4275 τοῦ
3461 4221 3705 4287 Σεπτεμ-

2130 4322 2305 4392 ϐρίου,
2394 4322 2536 4391 μήτε
2594 4319 2682 4372 διὰ
2750 4317 2859 4371 τῶν
2920 4316 3015 4370 τοῦ
3074 4313 3478 4386 Φεϐρουαρίου,
3530 4309 3705 4364 καθά-

2133 4431 2238 4485 περ
2290 4414 2531 4483 εῐπομεν,
2588 4413 2759 4464 ποιεῖν
2807 4410 2865 4463 ὲν
2910 4411 2976 4480 τῇ
3030 4406 3165 4461 καθ’⁴
3198 4405 3387 4478 εἱρμὸν
3424 4404 3586 4474 ψήφῳ
3645 4417 3705 4453 τε

465 4500 707 4569 piantur,
739 4501 833 4569 qui
860 4498 1145 4556 Decembri
1178 4501 1526 4570 respondent.
1549 4500 1615 4554 Et
1636 4507 1703 4553 ut»
1723 4500 2015 4555 πονοι-1)(

2134 4482 2229 4559 καί.
2282 4482 2490 4575 μεθόδῳ
2508 4546 2522 4569 ,
2556 4503 2691 4556 ἀλλὰ
2730 4502 2886 4573 μόνον
2937 4501 3003 4553 δι’
3061 4499 3238 4553 αὐτῶν
3283 4498 3395 4550 τῶν
3456 4494 3562 4549 ἀπὸ
3611 4510 3711 4562 ση-

446 4588 755 4662 Ίιιηιιηιιιιο
791 4592 1064 4647 calculum
1116 4593 1417 4659 absolvam,
1461 4594 1517 4647 in
1547 4596 1789 4664 septenis
1829 4594 2029 4649 tabula;

457 4683 731 4747 versibus,
775 4683 843 4737 ad
877 4682 1163 4739 duodecim
1202 4683 1478 4739 Romanos
1511 4699 1725 4740 menses
1775 4686 2031 4755 utrinque

455 4775 666 4845 positos
690 4782 873 4831 rectus
899 4776 1158 4831 calculus
1192 4776 1525 4841 assumitur,
1562 4776 1617 4829 in
1650 4776 1879 4832 duobus-
1902 4793 2030 4833 vero

457 4847 629 4918 rubro
657 4864 839 4919 colore
858 4864 1142 4935 inscriptis
1166 4864 1437 4925 versibus,
1463 4864 1555 4934 qui
1581 4878 1610 4917 a
1632 4880 1847 4920 summo
1871 4873 2032 4921 deor-

459 4971 581 5010 sum
604 4956 905 5025 pertinent,
948 4955 1270 5025 retrograda
1307 4955 1598 5009 methodus
1634 4956 1813 5010 locum
1850 4956 2028 5023 habet,

460 5045 661 5101 additis
678 5046 902 5117 epactis
922 5047 1196 5101 currentis
1220 5046 1347 5100 anui
1380 5046 1599 5102 solaris.
1623 5062 1691 5100 ex
1718 5047 1919 5116 quibus
1946 5064 2032 5103 se-

460 5142 606 5206 ptem
630 5136 842 5191 tabellaa
863 5152 1053 5192 versus
1071 5137 1307 5190 ordinati
1338 5146 1486 5191 sunt.
1513 5136 1607 5191 His
1638 5136 1706 5192 de
1727 5147 1859 5193 rotae
1885 5139 2033 5195 illius

461 5230 827 5298 explicatione
888 5229 1071 5293 dictis,
1119 5228 1332 5282 facilem
1386 5229 1716 5295 lectoribus,
1766 5240 2030 5301 quantum

463 5321 581 5375 ﬁeri
612 5322 812 5391 potuit,
844 5321 984 5379 siam
1010 5322 1346 5390 aperuimus,
1379 5337 1485 5391 qua
1516 5320 1706 5376 feriam
1736 5323 2034 5379 hebdoma-

464 5413 551 5470 dis
576 5412 821 5483 cujusvis
855 5412 1183 5484 investigare
1212 5422 1488 5483 poterunt.

2139 4594 2288 4666 ρικοῦ
2354 4592 2633 4663 τεσσάρων
2691 4589 2932 4661 ἡμερῶν,
2995 4588 3102 4642 τῶν
3150 4583 3567 4658 παρακειμένων
3629 4581 3712 4652 τῷ

2135 4683 2453 4755 Δεκεμϐρίῳ
2489 4683 2638 4755 μηνί.
2690 4682 2799 4734 Καὶ
2861 4679 3050 4743 ἁπλῶς
3094 4680 3286 4738 εἰπεῖν,
3334 4673 3712 4743 ἴν’“ὲπιτὸμως

2136 4777 2266 4846 περὶ
2309 4774 2632 4844 ἀμφοτέρων
2692 4772 3035 4841 διαλάϐωμεν
3089 4768 3198 4821 τῶν
3228 4768 3460 4838 ψήφωνο
3491 4766 3550 4817 ὲν
3609 4763 3712 4834 μὲν

2136 4870 2249 4928 τοῖς
2273 4864 2433 4929 ζ”τοῦ
2472 4863 2719 4916 κανονίου
2748 4862 2949 4931 στίχοις
2982 4861 3062 4924 είς
3095 4859 3220 4921 τοὺς
3252 4855 3590 4927 ἑκατέρωθεν
3621 4871 3714 4906 τε-

2135 4957 2439 5027 ταγμένους
2496 4953 2872 5007 δυοδεκαίδεκα
2910 4951 3252 5020 Ῥωμαῖκοὺς
3287 4948 3459 5019 μῆνας
3483 4948 3548 5017 τῇ
3585 4944 3712 4998 καθ’

2138 5051 2326 5122 εἱρμὸν
2356 5049 2521 5120 ψήφῳ
2567 5045 2886 5117 κεχρήμεθα
2913 5043 3055 5097 κατὰ
3092 5044 3200 5095 πᾶν
3230 5041 3350 5103 ἔτος
3379 5054 3393 5069 ·
3429 5056 3487 5091 ιν
3518 5038 3573 5090 δὲ
3600 5040 3718 5100 τοῖς

2138 5142 2312 5214 ὀρθῶς
2365 5139 2707 5209 καθιεμένοις
2751 5137 2901 5190 δυσὶν
2942 5135 3050 5188 ἀπὸ
3101 5131 3328 5205 σηρικοῦ
3388 5146 3587 5200 στίχοις
3638 5131 3711 5199 τῇ

2142 5235 2258 5288 κατ’
2293 5230 2655 5301 ἀναποδισμὸν
2691 5228 2898 5300 μεθόδῳ
2949 5224 3368 5298 προσχρώμεθα,
3395 5221 3537 5275 κατὰ
3567 5237 3717 5291 συμ-

2143 5324 2368 5393 7t).oxi;v,
2398 5322 2471 5383 ὡς
2498 5320 2653 5390 ἔφην,
2686 5318 2795 5372 τῶν
2824 5317 3077 5370 ὲπακτῶν
3105 5314 3269 5368 αὑτοῦ
3303 5314 3396 5367 τοῦ
3424 5315 3717 5382 ἐνισταμέ-

2142 5434 2233 5471 νου
2265 5411 2491 5485 ἡλιακοῦ
2525 5412 2699 5473 ἔτους,
2723 5410 2788 5462 δι’
2810 5403 2884 5464 ὧν
2918 5409 3013 5463 καὶ
3039 5410 3088 5460 oi
3120 5407 3400 5477 λεχθέντες
3432 5406 3476 5472 ζ*
3507 5405 3729 5460 κανονί-

370 5571 385 5581 .
466 5508 647 5570 ζονται
695 5509 883 5580 στίχοι.
932 5505 1117 5562 Ταῦτα
1148 5508 1242 5561 καὶ
1291 5507 1416 5580 περὶ
1452 5507 1603 5562 τοῦδε
1626 5510 1719 5562 τοῦ
1747 5510 1941 5581 τροχοῦ
1990 5510 2401 5580 σαφηνίσαντες,
2450 5504 2653 5575 εὐχερῆ
2715 5503 2826 5565 τοῖς
2872 5499 3258 5569 ἐντυγχάνουσι
3302 5498 3401 5570 τὴν
3444 5502 3625 5565 πάσης
3657 5497 3729 5548 δι’

465 5599 629 5654 αὐτοῦ
664 5600 965 5672 κατάληψιν
995 5599 1353 5671 ἑϐδοματικῆς
1379 5601 1588 5672 ἡμέρας
1650 5601 1788 5655 κατὰ
1818 5601 1880 5656 τό
1942 5603 2162 5657 δυνατὸν
2196 5606 2591 5670 πεποιήκαμεν.

704 5718 979 5785 Quomodo
994 5716 1352 5787 contputanda
1382 5717 1455 5772 sit
1477 5728 1608 5774 astas
1632 5718 1791 5773 lunw.

546 5807 672 5864 Vlll.
699 5808 943 5880 Primum
980 5811 1121 5865 luna:
1140 5817 1371 5880 .epactas
1428 5810 1730 5881 accipimus
1767 5826 1875 5865 una
1912 5826 2034 5867 cum

2238 5714 2371 5780 Πῶς
2402 5713 2496 5766 δεῖ
2515 5711 2631 5780 τὴν
2657 5708 2884 5779 ἡμέραν
2910 5707 3015 5775 τῆς
3034 5704 3303 5772 σελήνης
3329 5701 3626 5772 ψηφίζειν.

2219 5808 2298 5859 Η’.
2318 5812 2383 5859 α’.
2408 5800 2731 5875 Κρατοῦμεν
2748 5799 2845 5862 τὰς
2864 5795 3108 5861 ἑπακτᾶς
3132 5798 3229 5867 τῆς
3252 5794 3478 5865 σελήνης
3499 5792 3592 5845 καὶ
