4112 6440
414 405 552 462 1269

1195 414 1251 470 S.
1297 412 1550 472 MAXIM]
1590 415 1958 474 MABTYRIS
2000 419 2380 484 COMPUTUS
2417 429 2861 491 ECCLESIAST.

3538 445 3676 502 1270

407 522 502 576 τοῦ
536 525 827 590 ἐνεστῶτος
872 527 1251 597 Αἰγυπτιακοῢ
1303 534 1472 604 μηνὸς
1510 537 1797 602 ποσταίαν,
1822 539 1917 592 καὶ
1939 537 2000 592 τὸ

2101 547 2387 615 proposito
2416 548 2505 604 die
2541 551 2776 610 labentis
2809 553 3119 627 Egyptiaci
3157 561 3385 615 mensis.
3431 560 3514 617 Ad
3563 563 3675 618 haec

407 618 579 688 ἥμισυ
603 617 711 672 τῶν
732 619 917 692 μηνῶν
945 621 1055 675 τῶν
1089 623 1197 677 ἀπὸ
1225 624 1368 692 Θὼθ,
1386 626 1495 681 καὶ
1523 629 1653 699 μίαν
1679 629 1992 702 καθολικήν.

407 705 518 759 Καὶ
563 708 612 760 εί
656 707 755 778 μὲν
806 709 850 762 λ’
898 711 1102 776 ταύτας
1152 715 1480 788 εὑρήσομεν,
1529 719 1563 790 ἢ
1600 720 1760 791 ,παρὰ
1789 721 1888 785 τὰς
1928 721 1992 783 λ’,

405 796 673 861 τοσαύτας
731 798 960 870 ἔχουσαν
999 802 1097 873 τὴν
1139 805 1370 878 σελήνην
1402 808 1742 881 γινώσκομεν
1767 827 1780 841 ⁸
1838 812 1887 864 εἰ
1934 812 1992 865 δὲ

406 886 547 960 ὑπὲρ
581 887 678 952 τὰς
710 889 774 955 λ’,
809 892 1024 957 ὲκείνας
1043 894 1203 948 πάλιν
1230 897 1370 967 μετὰ
1391 897 1489 969 τὴν
1513 899 1797 972 ὑφαίρεσιν
1813 903 1990 957 αὐτῶν

406 977 515 1031 τῶν
543 979 858 1051 τριάκοντα.

477 1069 540 1140 β’.
577 1071 804 1135 Ἄλλως.
829 1073 906 1127 Τὰ
929 1074 1442 1147 ’ἀπὺ-Διοκλητιανοῦ
1473 1079 1568 1152 ἔτη
1603 1083 1752 1153 παρὰ
1787 1081 1845 1135 ἓν
1871 1083 1990 1148 ἔτος

404 1160 703 1227 ποιοῦντες,
754 1165 1050 1237 μερίζομεν
1095 1169 1175 1232 εἰς
1198 1169 1292 1222 τὸν
1334 1169 1400 1224 ιθ¹
1437 1172 1532 1225 καὶ
1563 1173 1632 1228 τὰ
1663 1174 1824 1228 λοιπὰ
1854 1193 1989 1247 κρα-

401 1248 624 1316 τοῦμεν,
678 1255 772 1307 καὶ
820 1255 1031 1320 τούτοις
1094 1258 1460 1332 ὲπιὸάλλομεν
1512 1263 1653 1335 ὑπὲρ
1719 1265 1837 1327 ἐνὸς
1889 1265 1986 1336 μὲν

403 1339 587 1420 ἔτους,⁸
627 1342 722 1396 ἐὰν
770 1344 930 1398 τοῦτο
966 1347 1125 1418 μόνον
1173 1350 1334 1421 τυχὸν
1367 1353 1701 1428 καταλειφθῇ
1727 1356 1866 1426 μετὰ
1896 1357 1987 1410 τὸν

404 1433 692 1504 μερισμὸν,
739 1435 951 1508 ἡμέρας
993 1445 1044 1490 ι’·
1091 1440 1233 1512 ὑπὲρ
1269 1440 1312 1511 β’
1347 1442 1405 1495 δὲ
1439 1442 1575 1497 ἐτῶν
1606 1451 1654 1497 κ’
1681 1462 1696 1476 ⁸
1743 1434 1889 1518 ὑπὲρ
1930 1447 1988 1503 δὲ

402 1526 597 1592 γ’,οὐδὲ
621 1527 780 1598 μίανο
810 1528 1000 1603 ὥσπερ
1025 1533 1123 1586 καὶ
1142 1535 1234 1588 ἐπὶ
1260 1537 1374 1598 τοῖς
1407 1542 1460 1600 ς’
1491 1536 1627 1590 οὐδε
1643 1537 1798 1609 μίανο
1820 1539 1853 1610 ἢ
1875 1539 1986 1593 τῶν

403 1616 468 1683 0',
499 1619 532 1690 ἢ
569 1620 676 1673 τῶν
703 1621 768 1692 ιβ’
789 1637 805 1653 ο
833 1623 866 1694 ἢ
899 1625 1084 1690 ἁπλῶς
1125 1626 1227 1697 τῆς
1282 1627 1574 1683 ὁποιασοῦν
1606 1631 1943 1703 τριετηρίδος
1965 1649 1978 1662 ·

402 1709 543 1782 ὑπὲρ
591 1711 649 1764 δὲ
705 1712 812 1768 τῶν
854 1715 896 1768 δ’
943 1716 1104 1770 πάλιν
1159 1719 1297 1772 ἐτῶν
1338 1718 1390 1782 ι’,
1437 1720 1532 1773 καὶ
1584 1721 1724 1792 ὑπὲρ
1777 1722 1895 1776 τῶνε
1923 1731 1962 1776 ε’

400 1801 613 1855 κ⁸.’Καὶ
637 1801 810 1868 οὕτως
843 1805 1078 1879 καθεξῆς
1114 1808 1255 1880 ὑπὲρ
1298 1809 1408 1863 τῶν
1439 1812 1508 1876 ζ’,
1542 1813 1636 1866 καὶ
1663 1813 1771 1867 τῶν
1807 1821 1858 1880 ι’,
1886 1818 1981 1869 καὶ

397 1891 508 1944 τῶν
544 1901 610 1946 ια’
634 1894 678 1927 ⁹¹
701 1913 712 1924 ·
739 1897 833 1949 καὶ
859 1897 967 1952 τῶν
999 1899 1136 1970 μετὰ
1167 1901 1264 1964 τὰς
1309 1903 1658 1975 τριετηρίδας.
1676 1905 1981 1978 ψηφιζομέ-
2008 1889 2068 1949 Br

398 1998 525 2038 νων.
588 1985 916 2058 Κρατοῦμεν
971 1990 1168 2055 τοίνυν,
1216 1992 1292 2056 ὡς
1324 1992 1482 2066 ἔφην,
1535 1995 1602 2049 τὰ
1639 1998 1980 2068 ὰπομένοντα

397 2073 491 2146 ἔτη
543 2075 638 2129 καὶ
687 2077 787 2142 τὰς
830 2080 971 2151 ὑπὲρ
1020 2081 1244 2136 τούτων
1283 2085 1497 2156 ἡμέρας
1542 2087 1685 2142 κατὰ
1731 2089 1822 2145 τὸν
1849 2092 1981 2146 ὑπο-

396 2165 676 2236 δειχθέντα
731 2170 949 2242 τρόποιν
995 2175 1107 2227 ’καὶ
1131 2175 1229 2247 τὴν
1265 2178 1527 2233 ποσταίαν
1549 2180 1643 2234 τοῦ
1685 2183 1980 2248 ἐνεστῶτος

396 2258 766 2326 Αἰγυπτιακοῦ
815 2265 1001 2334 μηνὸς,
1061 2269 1155 2321 καὶ
1201 2269 1262 2323 τὸ
1289 2271 1461 2342 ἥμισυ
1490 2272 1600 2327 τῶν
1637 2276 1979 2347 μηνῶνιτῶν

396 2349 504 2402 ἀπὸ
567 2350 710 2415 Θὼθ,
739 2355 833 2407 καὶ
885 2357 1014 2426 μίαν
1075 2359 1369 2434 καθολικὴν
1389 2380 1404 2398 ο
1437 2365 1530 2418 καὶ
1577 2367 1658 2430 είς
1689 2367 1780 2421 τὸν
1808 2368 1852 2422 λ’
1882 2369 1980 2434 τὰς

395 2441 525 2506 ὅλας
545 2461 610 2514 με
616 2444 735 2516 ρίζο
742 2465 860 2517 μεν.

465 2532 533 2602 γ’.
573 2537 804 2603 Ἀλλως.
835 2543 1159 2615 Κρατοῢμεν
1188 2547 1299 2611 τὰς.
1323 2550 1567 2615 ὲπακτὰς
1592 2552 1694 2623 τῆς
1726 2553 1974 2626 σελήνης,

393 2626 493 2679 καὶ
531 2629 671 2702 ὑπὲρ
715 2633 943 2687 ἑκάστου
979 2637 1289 2708 Ῥωμαῖκοῦ
1339 2643 1540 2713 μηνὸς,
1577 2645 1683 2698 ἀπὸ
1730 2649 1978 2719 Σεπτεμ-

393 2716 548 2811 ϐρίου
565 2721 854 2811 αρχόμενοι
880 2726 1042 2798 μέχρι
1071 2729 1164 2783 τὸὖ
1191 2730 1562 2805 ψηφιζομένου
1591 2737 1717 2807 μίαν
1741 2716 1974 2811 ἡμέραν

393 2809 488 2861 καὶ
531 2809 626 2880 τὴν
672 2816 934 2869 ποσταίαν
979 2817 1144 2871 αὑτοῦ
1193 2820 1289 2874 τοῦ
1336 2824 1628 2890 ἐνεστῶτος
1670 2827 1975 2899 Ῥωμαῖκοῦ

396 2897 584 2968 μηνὸς,
617 2902 711 2954 καὶ
755 2903 848 2956 δύο
891 2906 1206 2974 καθολικὰς,
1253 2913 1348 2965 καὶ
1384 2915 1465 2977 εἰς
1509 2914 1600 2968 τὸν
1635 2915 1677 2968 λ’
1708 2897 1807 2981 τὰς
1849 2918 1976 2984 ὅλας

395 2988 712 3060 μερίζομεν.

458 3080 520 3133 δ’.
557 3082 784 3149 Ἄλλως.
832 3087 1163 3160 Κρατούμεν
1192 3093 1293 3156 τὰς
1323 3095 1570 3161 ὲπακτὰς
1600 3099 1698 3171 τῆς
1744 3101 1974 3175 σελήνης

390 3172 536 3243 παρὰ
549 3173 698 3244 μίαν,
725 3178 818 3230 καὶ
843 3181 943 3242 τὰς
971 3181 1079 3234 ἀπὸ
1111 3184 1439 3257 Ἰανουαρίου
1461 3189 1675 3261 ἡμέρας
1689 3192 1847 3265 μέχρι
1874 3172 1975 3266 τῆς

389 3263 726 3336 ζητουμένης
756 3267 913 3336 ἡμῖν·
949 3272 1046 3323 καὶ
1084 3271 1152 3325 τὰ
1185 3275 1389 3329 τούτων
1411 3277 1486 3343 ﬁt,"
1512 3281 1589 3311 ³³⁸
1627 3284 1722 3335 καὶ
1760 3263 1840 3348 ei;
1883 3263 1975 3341 τον

309 3358 320 3370 '
387 3353 437 3407 λδ
471 3355 568 3420 τὰς
593 3357 720 3422 ὅλας
750 3361 1062 3432 μερίζομεν.

458 3445 519 3502 ε’.
553 3449 783 3516 Ἄλλως.
816 3454 1142 3528 Κρατοῦμεν
1180 3458 1278 3523 τὰς
1308 3464 1556 3528 ἐπακτάς
1588 3468 1686 3538 τῆς
1720 3469 1970 3542 σελήνηςν

387 3538 564 3592 καὶτὸ
587 3541 758 3611 ἥμισυ
784 3543 893 3598 τῶν
927 3548 1115 3617 μηνῶν
1155 3550 1264 3603 τῶν
1298 3553 1404 3607 ἀπὸ
1426 3556 1520 3610 τοῦ
1562 3538 1844 3630 Ἀπριλίου-
1878 3538 1972 3633 μέ-

386 3646 478 3700 χρι
506 3632 600 3685 τοῦ
650 3633 1051 3706 ψηφιζομένου,
1099 3642 1192 3694 καὶ
1241 3644 1340 3707 τὰς
1381 3649 1678 3717 τριακάδας
1728 3654 1967 3724 πρώτας,

387 3725 480 3777 καὶ⁹
511 3725 608 3796 τὴν
643 3729 906 3782 ποσταίαν
944 3731 1038 3784 τοῦ
1078 3734 1372 3801 ἐνεστῶτος
1407 3742 1604 3810 μηνός·
1636 3744 1728 3797 καὶ
1768 3748 1847 3810 είς
1878 3747 1970 3801 τὸν

385 3813 428 3866 λ’
452 3814 548 3878 τὰς
578 3815 705 3881 ὅλας
739 3835 805 3888 με
813 3818 1056 3891 ρίζομεν.
1518 3881 1520 3883 .

459 3911 532 3968 ς’.
571 3907 799 3970 Ἀλλως.
863 3910 1458 3989 Ἐνδεκαπλασιάζομεν
1500 3920 1560 3973 τὸ
1599 3925 1699 3993 τῆς
1742 3925 1966 3999 σελήνης

387 3994 526 4060 ἔτος,
553 3998 645 4051 καὶ
668 4000 977 4072 κρατοῦμεν
998 4005 1097 4069 τὰς
1125 4007 1233 4060 ἀπὸ
1263 4009 1484 4083 πρώτης
1513 3994 1965 4088 ’ῐανουαρίου-μέ-

385 4107 477 4161 χρι
501 4090 599 4162 τῆς
625 4091 961 4168 ζητουμένης
984 4099 1215 4171 ἡμέρας,
1237 4104 1333 4155 καὶ⁵
1356 4104 1424 4157 τὰ
1451 4105 1655 4161 τούτων
1687 4107 1758 4175 EE
1779 4126 1793 4140 ·
1818 4113 1965 4180 τρεῖς

382 4197 442 4232 τε
473 4181 774 4248 καθολικῶς
800 4186 1178 4258 ἀφαιροῦντες,
1207 4191 1349 4246 οὕτω
1380 4194 1479 4260 τὰς
1506 4197 1632 4260 ὅλας
1669 4198 1963 4270 μερίξομεν

381 4272 462 4336 είς
487 4272 575 4326 τὸν
595 4273 656 4326 λ’.

451 4362 518 4428 ζ’.
550 4365 782 4432 Ἀλλως.
813 4369 1134 4442 Κρατοῦμεν
1169 4375 1269 4440 τὰς
1293 4379 1540 4444 ὲπακτὰς
1570 4381 1669 4452 τῆς
1711 4384 1957 4457 σελήνης,

2097 635 2383 695 dimidium
2435 642 2706 698 mensium
2753 661 3063 712 numerum,
3108 650 3256 720 quia
3291 649 3469 707 Thoth
3501 653 3674 727 elapsi

2096 738 2245 796 sunt,
2278 745 2404 786 cum
2431 748 2542 788 uno
2571 735 2831 807 regulari.
2881 737 2940 792 Si
2983 754 3196 812 summa
3240 742 3460 812 triginta
3501 744 3676 799 conii-

2093 823 2223 888 ciat,
2253 831 2346 879 aut
2369 826 2552 882 minus
2585 829 2832 900 triginta,
2861 830 3088 887 totidem
3117 832 3238 888 dies
3258 833 3442 888 lunam
3469 836 3674 895 habere

2090 918 2494 987 cognoscimus.
2517 918 2614 974 Sin
2647 921 2885 978 tricenos
2918 923 3037 980 dies
3052 923 3300 989 excedat,
3318 924 3554 997 demptis
3578 931 3673 984 tri-

2088 1006 2237 1076 ginta
2255 1015 2389 1078 quot
2409 1021 2759 1081 supererunt,
2779 1014 3008 1069 totidem
3021 1019 3167 1072 atati
3186 1018 3330 1077 luna:
3341 1023 3668 1079 tribuemus.

2146 1097 2265 1153 Alia
2298 1100 2459 1156 ratio.
2510 1104 2698 1160 Annos
2729 1120 2760 1160 a
2793 1104 3134 1165 Diocletiano
3162 1125 3274 1165 uno
3303 1112 3490 1169 minus
3518 1116 3671 1184 capi-

2089 1205 2212 1246 mus
2243 1206 2446 1262 eosque
2474 1196 2746 1264 partimur
2799 1196 2856 1252 in
2880 1214 3004 1267 xxx;
3054 1201 3100 1254 si
3157 1201 3440 1258 residuUm
3488 1219 3670 1261 annus

2089 1282 2286 1338 unicus
2324 1285 2418 1349 sit,
2455 1287 2522 1340 ad
2570 1303 2695 1342 eum
2740 1287 3030 1358 adjicimus
3061 1307 3136 1360 x;
3175 1292 3222 1347 si
3269 1295 3380 1350 duo
3435 1305 3665 1361 restent,

2090 1390 2200 1442 xx;
2236 1375 2282 1430 si
2312 1382 2424 1432 tres
2443 1414 2459 1440 ,-
2488 1378 2644 1432 nihil.
2678 1379 3062 1448 Cumnovem,
3110 1391 3206 1438 aut
3230 1385 3541 1452 duodecim,
3571 1394 3668 1442 aut

2087 1468 2312 1524 omnino
2350 1471 2579 1541 quilibet
2611 1472 2822 1528 tertius
2853 1489 3038 1531 annus
3055 1477 3300 1532 exstitit:
3335 1477 3561 1549 perinde
3579 1480 3668 1533 ni-

2087 1559 2165 1614 hil
2193 1561 2432 1616 additur.
2483 1564 2553 1619 At
2597 1580 2697 1635 pro
2751 1574 2992 1636 quatuor
3037 1569 3198 1625 annis
3232 1586 3304 1623 x:
3363 1570 3527 1641 189
3566 1586 3666 1642 pro

2085 1653 2330 1725 quinque
2357 1656 2592 1712 addendi
2633 1666 2764 1714 sunt
2791 1676 2881 1714 xx.
2914 1660 3092 1732 Atque
3141 1662 3220 1717 ita
3259 1663 3522 1734 deinceps
3565 1679 3665 1735 pro

2085 1764 2160 1802 vn
2189 1763 2253 1804 ac
2291 1766 2346 1813 x,
2393 1750 2508 1805 dies
2553 1768 2580 1804 κ
2621 1753 2998 1822 adjiciuntur;
3066 1755 3159 1809 uti
3204 1761 3261 1810 et
3305 1769 3406 1826 pro
3439 1773 3536 1811 xm
3600 1771 3665 1812 ac

2085 1840 2337 1911 reliquis,
2366 1843 2457 1911 qui
2486 1858 2654 1913 supra
2687 1844 2988 1899 triennium
3033 1847 3313 1917 quodlibet
3341 1858 3660 1904 excurrunt.

2087 1934 2357 1993 Residuos
2397 1937 2565 2008 igitur
2595 1953 2791 2005 annos,
2845 1955 2910 1995 ac
2941 1942 3187 2013 singulos
3232 1958 3332 2015 pro
3380 1943 3490 2000 illis
3542 1945 3662 2002 dies

2080 2027 2185 2083 hoc
2210 2029 2373 2085 modo
2405 2032 2675 2088 sumimus
2688 2048 2810 2087 cum
2843 2034 3126 2105 proposito
3151 2033 3240 2091 die
3260 2036 3468 2093 mensis
3490 2035 3661 2110 Egy-

2079 2119 2252 2190 ptiaci.
2273 2159 2288 2184 ,
2321 2120 2522 2190 quibus
2551 2121 2835 2179 dimidium
2879 2126 3092 2182 accedit
3119 2127 3334 2183 numeri
3363 2130 3658 2198 mensium,

2079 2210 2172 2281 qui
2205 2225 2236 2264 a
2263 2209 2442 2266 Thotb
2472 2214 2647 2284 elapsi
2689 2223 2841 2281 sunt,
2871 2232 2996 2272 cum
3037 2233 3147 2274 uno
3189 2220 3431 2292 regulari
3459 2239 3473 2277 :
3507 2237 3660 2280 sum-

2079 2319 2222 2358 mam
2257 2320 2353 2374 per
2380 2321 2488 2359 xxx
2516 2305 2832 2364 dividimus.

2149 2558 2344 2614 Aliter.
2377 2559 2695 2631 Accipimus
2731 2569 2955 2632 epactas
2993 2563 3158 2629 lunae,
3191 2571 3246 2619 et
3278 2578 3381 2634 pro
3409 2563 3656 2635 quolibet

2077 2649 2452 2706 Romanorum
2487 2667 2697 2716 mense,
2746 2653 2905 2710 initio
2939 2655 3009 2710 ab
3048 2655 3224 2725 Aprili
3274 2655 3438 2721 iacto,
3481 2671 3656 2728 usque

2078 2742 2145 2799 ad
2169 2746 2533 2815 propositum,
2561 2746 2813 2815 singulos
2850 2746 2966 2803 dies
3015 2749 3350 2820 colligimus,
3392 2764 3459 2806 ac
3490 2765 3656 2822 regu-

2077 2835 2220 2892 lares
2249 2835 2411 2894 duos.
2445 2835 2726 2893 Summam
2757 2855 2855 2910 per
2881 2855 2987 2895 xxx
3009 2840 3298 2910 partimur.

2144 3092 2338 3150 Aliter.
2375 3095 2612 3167 Epactas
2645 3099 2787 3154 lunae
2830 3099 3045 3157 unitate
3087 3102 3270 3158 minus
3297 3116 3423 3157 cum
3459 3100 3655 3157 diebus

2078 3201 2109 3240 a
2141 3186 2403 3246 Kalendis
2424 3180 2706 3247 Januariis
2736 3191 2805 3246 ad
2842 3193 2987 3247 diem
3017 3192 3112 3262 qui
3149 3192 3418 3264 quaeritur
3448 3192 3654 3265 elapsis

2076 3280 2454 3350 componimus
2473 3299 2488 3348 ;
2508 3283 2764 3344 addimus
2775 3293 2830 3338 et
2845 3284 3041 3338 horum
3057 3285 3452 3356 sexagesimam
3467 3300 3656 3356 quam-

2075 3387 2181 3442 que
2214 3380 2446 3442 partem.
2474 3372 2670 3429 Totum
2703 3375 2902 3431 deinde
2930 3391 3027 3446 per
3055 3392 3160 3432 xxx
3188 3377 3507 3435 dividimus.

2144 3463 2339 3520 Aliter.
2375 3464 2612 3536 Epactas
2657 3468 2799 3524 lunae
2837 3483 2963 3524 cum
3000 3470 3228 3526 dimidio
3272 3471 3544 3528 mensium
3583 3474 3652 3529 ab

2071 3553 2244 3626 Aprili
2278 3572 2450 3627 usque
2475 3558 2542 3613 ad
2570 3560 2860 3629 quaesitum
2890 3576 3132 3617 mensem
3151 3603 3166 3627 ,
3201 3571 3316 3617 tum
3339 3564 3650 3622 tricesimos

2071 3647 2276 3714 primos
2307 3663 2555 3718 quosque
2575 3649 2695 3706 dies
2729 3665 2836 3704 una
2860 3665 2985 3704 cum
3015 3653 3297 3722 proposita
3329 3653 3536 3710 mensis
3561 3654 3652 3709 die

2070 3741 2125 3796 in
2149 3755 2318 3794 unum
2331 3741 2716 3812 componimus
2733 3780 2748 3805 ,
2780 3741 2929 3813 quod
2945 3731 3142 3799 deinde
3162 3745 3432 3815 partimur
3446 3746 3502 3800 in
3520 3763 3649 3802 xxx.

2137 3920 2331 3976 Aliter.
2391 3921 2612 3976 Annum
2666 3921 2812 3978 lunae
2867 3922 2924 3977 in
2972 3936 3029 3978 xl
3100 3923 3378 3991 ducimus,
3421 3940 3488 3982 ac
3528 3927 3650 3984 dies

2067 4025 2258 4067 omnes
2290 4011 2384 4082 qui
2413 4027 2444 4066 a
2477 4012 2744 4068 Kalendis
2758 4013 3036 4070 Januariis
3056 4015 3124 4070 ad
3139 4018 3484 4088 propositum
3505 4017 3649 4075 diem

2065 4102 2360 4171 ﬂuxerunt,
2397 4118 2522 4158 cum
2551 4104 2749 4159 horum
2793 4107 3136 4178 sexagesima
3183 4124 3402 4181 quaque
3447 4119 3645 4181 parte;

2065 4193 2191 4248 inde
2210 4194 2393 4249 tribus
2421 4194 2770 4266 regularibus
2792 4195 3047 4267 abjectis,
3091 4214 3364 4256 summam
3404 4216 3502 4272 per
3538 4218 3649 4257 xxx

2060 4284 2375 4339 tribuimus.

2131 4377 2327 4432 Aliter.
2356 4375 2592 4448 Epactas
2629 4380 2771 4434 lunae
2798 4379 2854 4434 in
2886 4377 3151 4437 Januario
3171 4389 3224 4438 et
3248 4380 3549 4438 Februario
3570 4382 3651 4438 in-

383 4459 477 4512 καὶ
509 4459 736 4526 ταύταις
777 4462 834 4518 ἕν
882 4482 941 4518 τε
982 4465 1062 4538 τῷ
1107 4468 1420 4544 Ἰανουαρίῳ
1472 4473 1567 4527 καὶ
1609 4470 1960 4550 Φεϐρουαρίῳ

2079 4485 2278 4540 egros,
2326 4469 2383 4524 in
2448 4469 2644 4527 Martio
2694 4473 2907 4528 unitate
2964 4473 3180 4530 minus.
3211 4475 3533 4546 accipimus,
3589 4475 3648 4530 in

384 4551 613 4625 πλήρεσι
639 4557 957 4628 κεχρήμεθα
977 4577 990 4590 ·
1024 4562 1176 4631 παρὰ
1198 4565 1325 4633 μίαν
1347 4564 1403 4617 δὲ
1431 4566 1600 4638 μόνην
1629 4571 1687 4623 ὲν
1713 4571 1791 4643 τῷ
1817 4574 1965 4645 Μαρ-
1995 4582 2000 4636 ]

2079 4559 2240 4631 Aprili
2266 4575 2330 4615 ac
2344 4560 2595 4632 reliquis,
2618 4562 2866 4634 integras
2901 4583 2914 4618 :
2951 4563 3079 4620 item
3111 4579 3214 4635 pro
3233 4565 3466 4637 singulis
3490 4581 3647 4622 men—

379 4644 511 4715 τίῳο
542 4647 599 4698 ὲν
631 4646 687 4700 δὲ
717 4649 796 4719 τῷ
832 4650 1093 4723 Ἀπριλίῳ
1128 4655 1222 4706 καὶ
1255 4659 1366 4720 τοῖς
1390 4661 1508 4728 μετ’
1536 4661 1697 4715 αὐτὸν
1731 4644 1958 4736 πλήρεις

383 4737 867 4828 συλλαμϐάνοντες,
897 4743 990 4796 καὶ
1015 4745 1143 4814 μίαν
1163 4745 1337 4818 ῤἰλλην
1363 4749 1503 4820 ὑπὲρ
1529 4754 1760 4807 ἑκάστου
1787 4758 1958 4828 μηνὸς

380 4829 507 4902 ἄχρι
535 4830 630 4884 τοῦ
651 4819 1024 4905 ψηφιζομένου
1045 4851 1058 4864 ⁸
1088 4836 1181 4890 δύο
1200 4839 1255 4892 δὲ
1292 4840 1450 4911 μόνον
1476 4843 1616 4915 ὑπὲρ
1637 4845 1730 4898 τοῦ
1756 4819 1957 4917 ιίύκούζ

382 4939 537 4974 στου·
587 4925 682 4978 καὶ
725 4925 823 4996 τὴν
853 4927 1116 4980 ποσταίαν
1160 4929 1255 4982 τοῦ
1293 4933 1492 5003 μηνός’
1536 4937 1630 4989 καὶ
1669 4938 1748 5001 είς
1788 4938 1882 4992 τὸν
1911 4939 1955 4992 λ’

378 5012 476 5078 τὰς
513 5013 640 5078 ὅλας
674 5033 741 5086 με
750 5016 989 5088 ρίζομεν.

446 5112 517 5177 η’.
555 5107 782 5172 Ἀλλως.
815 5109 1142 5181 Κρατοῦμεν
1175 5113 1274 5178 τὰς
1307 5117 1552 5184 ὲπακτὰς
1577 5121 1955 5194 τῆςῖσελήνης,

379 5196 473 5248 καὶ¹
499 5196 598 5261 τὰς
631 5199 741 5252 ἀπὸ
779 5199 1003 5274 πρώτης
1049 5203 1324 5277 Ἀπριλίου
1358 5210 1519 5281 μέχρι
1552 5213 1654 5283 τῆς
1694 5215 1960 5286 ζητουμέ-

377 5305 497 5360 νης,
538 5293 632 5344 καὶ⁹
673 5293 774 5364 τὴν
810 5296 1071 5368 ποσταίαν
1117 5297 1212 5352 τοῦ
1257 5302 1452 5372 μηνός·
1490 5305 1583 5357 καὶ
1626 5309 1708 5370 εἰς
1745 5308 1833 5362 τὸν
1875 5307 1956 5362 κθ’

375 5382 546 5452 ἥμισυ
577 5383 678 5448 τὰς
708 5385 834 5449 ὅλας
865 5387 1175 5460 μερίζομεν.

374 5494 514 5581 Περὶ
546 5494 664 5549 τῶν
687 5498 806 5581 dare
837 5503 1262 5581 Δεοκέητιίινοῇ
1289 5503 1440 5581 ἐτῷν
1459 5525 1488 5581 °_
1514 5506 1643 5575 πῶς
1673 5513 1954 5581 τεθψηςρί-

445 5565 660 5650 ζον-ται,
691 5569 788 5650 καὶ
820 5567 946 5636 πῶς
974 5565 1048 5624 διἱ
1087 5572 1286 5628 αὐτῶν
1321 5575 1386 5629 τὸ
1417 5578 1524 5648 τῆς
1555 5565 1957 5650 σέλήνῆςᾝῦ-

443 5637 720 5704 ρίσκεται
742 5637 898 5705 ἔτος.

445 5724 501 5778 9’
561 5727 641 5781 Τὰ
671 5728 778 5783 ἀπὸ
807 5730 1188 5802 Διοκλητιανοῧ
1221 5736 1329 5808 ἐτη,
1347 5739 1506 5811 μέχρι
1536 5741 1631 5813 τῆς
1671 5743 1954 5818 παρούσης

440 5839 488 5869 ἰ
525 5843 564 5912 ί.
605 5849 692 5912 ιγ’.
769 5845 813 5876 ⁸³
841 5847 880 5914 f.
921 5843 994 5910 es
1028 5854 1084 5900 ut
1109 5848 1204 5919 inf.

2067 4652 2221 4709 sibus
2248 4669 2421 4723 usque
2443 4654 2510 4708 ad
2529 4656 2892 4726 propositum,
2911 4655 3159 4727 singulos
3181 4656 3300 4714 dies
3319 4651 3647 4713 annumera-

2065 4761 2218 4810 mus,
2251 4761 2351 4815 pro
2375 4747 2622 4818 Augusto
2656 4763 2786 4804 vero
2802 4747 2964 4814 duos,
2991 4749 3192 4820 quibus
3221 4749 3406 4805 addita
3428 4750 3646 4822 (ιυεείῑὶ

2063 4837 2271 4892 mensis
2294 4835 2404 4903 die,
2436 4853 2654 4894 summa
2686 4855 2784 4908 per
2816 4855 2927 4894 xxx
2955 4839 3238 4896 dividitur.

2128 5109 2321 5164 Aliter.
2348 5109 2584 5181 Epactas
2616 5110 2912 5167 lunae-cum
2931 5111 3127 5168 diebus
3149 5129 3180 5168 a
3197 5113 3458 5170 Kalendis
3480 5113 3642 5184 Apri-

2057 5202 2202 5258 libus
2231 5203 2300 5258 ad
2327 5204 2615 5274 quaesitum
2651 5206 2888 5263 evolutis
2909 5222 3035 5261 cum
3058 5206 3342 5277 proposita
3371 5207 3460 5262 die
3485 5222 3640 5262 com-

2057 5295 2334 5365 ponimus.
2371 5293 2650 5351 Summam
2679 5314 2776 5371 per
2817 5315 2944 5355 xxix
2987 5300 3093 5370 1/2
3131 5300 3418 5372 partimur.

2058 5517 2136 5572 De
2159 5518 2378 5592 annisga
2410 5517 2776 5592 Diocletiano;
2808 5520 3070 5592 quomodo
3111 5528 3408 5592 putentur,
3442 5529 3492 5574 et
3533 5537 3638 5592 qua

2233 5590 2442 5643 ratione
2467 5599 2598 5644 tetas
2629 5591 2772 5645 tum
2800 5591 2857 5644 in
2887 5591 2998 5644 illis
3026 5589 3338 5646 invenienda
3364 5589 3452 5646 sit.
3491 5638 3501 5642 ν,

2131 5743 2237 5799 IX-
2256 5744 2398 5799 Anni
2432 5759 2461 5799 a
2507 5743 2846 5800 Diocletiano
2893 5741 2961 5798 ad
2998 5742 3634 5812 .prazsentemindictim:
