4112 6440
305 348 440 403 1281

1174 343 1399 400 ISAACI
1434 341 1744 398 MONACHI
1783 339 2162 397 COMPUTUS
2199 340 2649 401 ECCLESIAST.

3416 347 3556 406 1282

304 468 414 522 τῶν
450 464 832 540 ῥηθησομένων
865 461 1156 522 ἀποδοῦναί
1190 482 1273 520 σοι
1324 464 1580 536 μεθόδους
1603 479 1616 494 ·
1663 461 1799 533 πρὸς
1825 461 1871 516 δὲ

1981 459 2266 530 judicasti,
2301 463 2396 532 qui
2420 477 2632 526 eorum,
2658 461 2726 518 de
2753 463 2956 533 quibus
2985 461 3187 518 dicturi
3205 478 3418 528 sumus,
3440 466 3555 521 vias

307 562 402 615 καὶ
442 559 542 622 τὰς
591 559 684 611 ἐπὶ
739 555 963 620 ταύταις
1004 555 1117 609 τῶν
1165 556 1336 625 λόγων
1383 556 1593 618 αἰτίας·
1648 555 1730 626 (οὑ
1775 554 1884 626 γὰρ

306 651 514 720 ἀγνοῶν
559 651 632 720 μὴ
679 648 852 712 οὕτως
899 650 1048 720 ἡμᾶς
1081 648 1322 720 ἔχοντας,
1357 650 1420 702 τὸ
1463 647 1701 702 τοιοῦτον
1752 647 1883 717 ἡμῖν

305 740 658 814 τεθαρρηκὼς
717 738 1034 810 σπούδασμα
1098 739 1463 810 προσανέθου·
1534 738 1756 806 εὔλογον
1826 737 1883 790 δέ

303 835 498 904 ἡγήσω
536 835 600 903 τῇ
633 831 1163 903 φιλία,χαρίσασθαι,
1195 831 1354 902 φύσει
1395 831 1732 902 τυραννούσῃ
1757 830 1884 892 τοὺς

304 930 440 999 αὐτῇ
476 927 678 998 κυρίως
701 925 1016 997 χρωμένους
1048 927 1142 977 καὶ
1165 924 1261 985 τὰς
1287 923 1501 994 ψήφους
1531 921 1780 975 ἐντεῦθεν
1807 920 1884 973 δε-

304 1019 491 1084 κάζειν
529 1015 1084 1089 παρασκευαζούσῃ’)
1129 1015 1222 1068 καὶ
1256 1017 1438 1086 ἡμεῖς,
1473 1015 1548 1077 ὡς
1590 1012 1879 1078 ἐπέταξας,

304 1112 558 1182 κινοῦμεν
587 1111 687 1181 ήδη
713 1110 812 1180 τὴν
841 1111 998 1180 χεῖρα
1034 1108 1169 1178 πρὸς
1205 1104 1455 1178 τοῦργον,
1487 1106 1584 1178 τὴν
1627 1106 1724 1178 σὴν
1755 1106 1882 1177 περὶ

303 1207 454 1276 ἡμᾶς
492 1204 672 1274 ψῆφον
703 1201 1135 1270 δυσωπηθέντες,
1183 1200 1276 1253 καὶ
1323 1198 1463 1252 κατὰ
1493 1198 1553 1251 τὸ
1591 1196 1882 1250 ἀκόλουθον

308 1296 429 1366 μηδ’
464 1297 624 1365 ἡμεῖς
650 1290 889 1345 ὁντινοῦν
913 1290 1010 1360 τῆς
1035 1289 1241 1342 ἑαυτῶν
1271 1289 1398 1360 περὶ
1421 1288 1482 1342 τὺ
1523 1288 1880 1359 προκείμενον

303 1386 600 1456 ἀδυναμίας
638 1385 995 1454 ποιησάμενοι
1039 1382 1214 1450 λόγον.
1248 1381 1436 1444 Ὅπως
1466 1379 1510 1432 δ’
1541 1379 1608 1433 ἂν
1636 1380 1880 1450 ἀπαντή-

306 1497 418 1532 σειε
447 1479 506 1531 τὸ
536 1479 706 1550 πέρας
752 1478 902 1549 ἡμῖν,
939 1475 1178 1544 εὐλόγως
1221 1474 1434 1528 κεῖσθαί
1471 1490 1552 1526 σοι
1588 1473 1720 1543 παρ’
1758 1471 1880 1542 ἐμοὶ

302 1570 404 1642 τὴν
437 1571 593 1642 χάριν
633 1569 978 1640 ὁμολογήσω·
1009 1565 1102 1619 τοῦ
1149 1567 1245 1636 μὲν
1283 1563 1648 1636 κατορθῶσαι,
1683 1564 1766 1616 ὅτι
1814 1563 1879 1615 σὺ

305 1663 522 1726 πάντως
567 1663 665 1735 ἔσῃ
711 1662 833 1725 δοὺς
879 1662 976 1724 τὰς
1026 1657 1440 1732 ἀφορμάς·’τοῦ
1485 1657 1528 1710 δ’
1563 1657 1877 1724 ἀποτυχεῖν,

303 1756 388 1808 ὅτι
425 1755 498 1826 μὴ
539 1754 723 1819 ἀξίους
771 1753 930 1816 δντας
976 1752 1159 1818 ἀξίους
1201 1750 1296 1803 τοῦ
1345 1748 1665 1820 πράγματος
1695 1747 1881 1816 κέκρι-

305 1863 428 1910 κας.

654 2043 790 2112 Περὶ
826 2040 946 2096 τῶν
976 2039 1245 2109 ἡλιακῶν
1272 2039 1534 2093 κύκλων.

373 2160 450 2212 A'.
491 2158 644 2210 Ἐστι
677 2157 740 2228 δὴ
785 2154 999 2226 πρῶτον
1035 2155 1168 2223 ἡμῖν
1206 2151 1314 2204 τῶν
1368 2146 1744 2221 προκειμένων
1798 2145 1879 2208 εἰς

305 2250 494 2320 σκέψιν
532 2249 592 2302 τὸ
633 2246 759 2319 περὶ
809 2245 920 2299 τῶν
968 2243 1314 2314 καλουμένων
1360 2240 1598 2312 ἡλιακῶν
1640 2236 1874 2301 κύκλων,

303 2345 450 2406 ὅπως
482 2359 539 2394 τε
564 2339 751 2395 κύκλοι
771 2337 1084 2400 καλοῦνται,
1119 2336 1210 2388 καὶ
1241 2334 1329 2387 διά
1360 2333 1434 2396 τί,
1472 2331 1632 2402 μέχρι
1656 2328 1763 2382 τῶν
1791 2334 1877 2398 κη’

303 2434 599 2505 προϊόντες,
652 2429 812 2483 πάλιν
857 2429 1027 2500 ἀρχὴν
1057 2425 1418 2493 λαμϐάνουσιν
1449 2423 1557 2476 ἀπὸ
1589 2419 1682 2474 τοῦ
1725 2417 1876 2490 πρώ-

301 2541 394 2576 του
417 2541 430 2554 ·
459 2523 538 2574 ἔτι
561 2522 616 2574 δὲ
639 2522 729 2574 καὶ
753 2520 859 2572 τίνι
883 2518 1088 2590 μεθόδῳ
1109 2515 1393 2585 ζητοῦντες
1412 2513 1564 2566 τόνδε
1590 2509 1712 2565 τινὰ
1735 2508 1876 2562 κατὰ

300 2614 363 2667 τὺ
389 2613 736 2683 ἐνιστάμενον
770 2610 885 2674 ἑτος
917 2608 1174 2673 ποσταῖός
1214 2608 1352 2672 ἐστι,
1395 2602 1636 2677 ἀκριϐῶς
1683 2601 1750 2656 ἂν
1786 2600 1876 2654 δυ·

300 2701 532 2772 ναίμεθα
557 2701 874 2772 λαμϐάνειν.

387 2813 501 2882 Ἐφ’
525 2805 569 2880 ᾧ
593 2813 684 2865 καὶ
713 2811 962 2882 λέγομεν,
991 2810 1071 2863 ὅτι
1102 2809 1292 2863 κύκλοι
1321 2807 1418 2879 μὲν
1445 2804 1755 2870 καλοῦνται,
1789 2802 1878 2856 διά

298 2903 361 2957 τὸ
390 2903 619 2955 ἑκαστον
651 2902 856 2954 τούτων
896 2903 1222 2955 ἐνιαυσιαῖον
1259 2898 1529 2971 περιέχειν
1567 2896 1872 2966 διάστημα·

299 2991 484 3061 ἐπειδὴ
513 2991 620 3061 γὰρ
653 2993 679 3043 ὁ
701 2991 942 3054 ἐνιαυτὸς
977 2993 1040 3060 τῇ
1069 2987 1160 3042 τοῦ
1201 2987 1350 3060 ἡλίου
1380 2988 1591 3059 κινήσει
1625 2999 1876 3055 παραμερ

297 3087 537 3155 τρεῖται·
573 3085 607 3154 ἡ
650 3083 706 3135 δὲ
734 3081 826 3134 τοῦ
863 3081 1010 3152 ἡλίου
1055 3079 1268 3150 κίνησις
1315 3075 1586 3139 κυκλικῶς
1626 3076 1880 3144 ἐνεργου-

1985 568 2050 608 ac
2078 554 2321 609 rationes
2356 556 2453 610 tibi
2489 557 2851 618 traderemus.
2898 563 3014 610 tum
3049 557 3360 611 earumdem
3402 556 3556 612 insu-

1983 658 2079 712 per
2109 643 2320 698 viarum
2345 645 2728 714 rationumque
2761 659 2960 700 causas
3000 645 3130 716 (non
3169 647 3313 700 enim
3346 647 3439 699 tali
3481 646 3558 700 fa-

1983 735 2188 790 cultate
2218 735 2515 792 destitutos
2543 753 2645 792 nos
2671 752 2793 792 esse
2825 739 3100 802 nesciens,
3134 737 3188 792 id
3229 738 3386 794 nobis
3425 754 3558 809 Ope-

1982 834 2058 888 ris
2081 835 2342 890 audacter
2389 835 2698 905 imposuisti
2735 852 2964 891 :verum
2999 838 3255 892 amicitiae
3307 839 3558 894 tribucn.

1982 923 2110 978 dum
2153 927 2255 980 hoc
2304 927 2556 996 putasti:
2593 941 2714 997 quas
2761 928 3103 998 tyrannidem
3151 929 3442 998 quamdam
3500 929 3556 983 in

1982 1033 2077 1071 eos
2099 1033 2356 1074 exercere
2381 1019 2539 1083 solet,
2583 1019 2674 1087 qui
2711 1034 2770 1073 se
2800 1027 2947 1074 totos
2978 1020 3055 1073 illi
3084 1021 3427 1089 permittunt,
3461 1033 3558 1074 eo-

1981 1126 2214 1180 rumque
2242 1109 2498 1179 sull‘ragia
2545 1125 2609 1164 ac
2640 1111 2846 1180 judicia
2877 1112 3239 1180 corrumpit);
3279 1112 3400 1164 ideo
3430 1125 3553 1176 nos,

1982 1217 2080 1271 pro
2111 1217 2177 1256 eo
2200 1217 2264 1256 ac
2291 1202 2534 1270 jussisti.
2581 1217 2803 1256 manum
2837 1217 2963 1257 ecce
2993 1202 3346 1255 admovemus
3378 1203 3553 1272 operi,

1983 1300 2136 1346 tuum
2163 1293 2231 1346 de
2252 1294 2412 1348 nobis
2439 1293 2707 1362 judicium
2750 1292 2992 1359 reveriti,
3025 1299 3102 1356 et,
3148 1290 3293 1361 quod
3323 1307 3556 1347 consen-

1982 1394 2201 1441 tancum
2232 1395 2338 1450 est,
2361 1388 2566 1440 nullam
2592 1385 2982 1442 imbecillitatis
3013 1397 3214 1440 nostra:
3235 1385 3298 1438 ad
3327 1385 3378 1438 id
3408 1385 3556 1456 quod

1981 1477 2324 1547 propositum
2358 1486 2442 1532 est
2463 1476 2802 1532 eliiciendum
2831 1478 3101 1530 rationem
3136 1477 3422 1531 ducentes.
3457 1473 3556 1531 Ut-

1981 1583 2197 1638 cunque
2219 1584 2347 1623 vero
2379 1583 2696 1624 successum
2735 1569 2895 1624 nobis
2924 1568 3110 1631 fuerit,
3137 1567 3436 1622 debitorem
3466 1583 3557 1624 me

1982 1661 2077 1714 tibi
2111 1661 2299 1730 gratiae
2324 1660 2553 1726 fatebor,
2588 1660 2756 1732 quod,
2784 1662 2896 1715 sive
2944 1676 3059 1715 rem
3107 1675 3176 1714 ex
3215 1660 3382 1714 animi
3421 1676 3553 1714 sen-

1983 1754 2152 1809 tentia
2181 1753 2482 1822 perfecero,
2519 1763 2576 1807 tu
2602 1754 2733 1807 mihi
2773 1754 2895 1822 ejus
2925 1754 3065 1809 bene
3110 1753 3361 1825 gerendae
3387 1768 3554 1808 occa-

1981 1845 2188 1899 sionem
2212 1845 2443 1912 dedisti;
2485 1845 2599 1900 sive
2620 1847 2838 1916 assequi
2891 1861 3000 1900 non
3057 1855 3311 1915 potuero,
3379 1856 3435 1900 tu
3466 1861 3554 1902 mc

1981 1939 2278 2010 quamlibet
2309 1939 2596 2008 imparem,
2630 1938 2892 1993 idoneum
2929 1938 2979 1993 ei
3022 1939 3102 1993 rei
3127 1937 3406 2007 judicasti.
3439 2009 3442 2012 ἢ

2471 2049 2546 2104 De
2577 2051 2739 2120 cyclis
2771 2048 3055 2104 solaribus.

2050 2160 2090 2214 l.
2123 2158 2308 2214 Prima
2359 2160 2520 2215 nobis
2581 2159 2861 2227 omnium,
2916 2159 3195 2230 cyclorum
3233 2167 3292 2212 ut
3328 2165 3548 2224 vocant,

1980 2249 2242 2304 solarium
2288 2251 2570 2322 pr0posita
2626 2250 2996 2305 consideratio
3045 2258 3150 2314 est,
3207 2265 3305 2303 cur
3327 2255 3382 2304 et
3411 2251 3551 2320 cycli

1981 2349 2264 2405 vocentur,
2296 2350 2351 2396 et
2407 2343 2475 2397 ad
2530 2359 2702 2397 xxvm
2747 2341 3020 2412 progressi
3072 2357 3264 2396 rursus
3316 2340 3384 2394 ad
3439 2342 3553 2411 pri-

1977 2446 2126 2485 mum
2172 2432 2428 2500 redeant;
2475 2434 2607 2489 item
2666 2449 2787 2503 quae
2833 2435 2906 2488 sit
2951 2434 3241 2488 methodus
3292 2449 3400 2504 qua
3452 2449 3550 2505 ey-

1977 2524 2122 2576 clum
2151 2525 2452 2593 quemlibet
2478 2525 2605 2580 dato
2627 2541 2775 2581 anno
2805 2535 3008 2596 quotus
3035 2527 3108 2581 sit
3140 2533 3332 2580 exacte
3357 2542 3548 2597 perve-

1979 2615 2264 2685 stigemus.

2041 2815 2117 2872 De
2145 2831 2253 2887 quo
2280 2815 2411 2897 illud
2436 2816 2756 2883 asserimus,
2798 2817 2982 2889 cyclos
3015 2817 3234 2888 quidem
3257 2827 3545 2890 propterea

1977 2907 2270 2969 nominari,
2306 2905 2452 2975 quod
2492 2907 2869 2977 unusquisque
2901 2923 3142 2962 annuum
3171 2909 3334 2962 habet
3377 2911 3549 2964 inter--

1975 2999 2216 3065 vallum;
2245 3013 2366 3050 nam
2387 2998 2517 3068 quia
2560 3000 2692 3055 solis
2719 3015 2885 3055 cursu
2909 3001 3166 3055 metimur
3189 3015 3390 3055 annum
3409 3041 3424 3066 ,
3456 3018 3547 3058 so-

1977 3086 2045 3141 lis
2072 3100 2202 3141 vero
2231 3096 2410 3141 motus
2436 3087 2490 3141 in
2513 3088 2699 3143 orbem
2726 3091 3000 3154 evolutus,
3021 3100 3074 3145 et
3102 3091 3169 3144 ab
3201 3107 3308 3145 uno
3341 3099 3547 3161 puncto

303 3141 460 3245 μένη,
501 3141 729 3226 καίάπὸ
769 3172 861 3225 τοῦ
884 3141 1060 3224 ἀὐτοῦ
1104 3141 1329 3242 σημείου
1370 3171 1450 3232 είς
1479 3167 1539 3221 τὸ
1570 3141 1871 3220 αὑτὸ-ἀπο·

1977 3177 2044 3232 ad
2085 3177 2225 3232 idem
2266 3193 2520 3234 reversus
2562 3178 2753 3234 definit
2808 3195 3051 3248 animm;
3111 3141 3373 3252 temporis
3411 3183 3544 3236 illud

299 3264 689 3335 καθισταμένη,
731 3264 821 3316 τὸν
865 3262 1109 3316 ἐνιαυτὸν
1152 3261 1360 3333 ὁρίζει·
1397 3259 1640 3320 εἰκότως
1679 3256 1772 3310 καὶ
1814 3255 1874 3308 τὸ

296 3353 612 3425 ὁριζόμενον
651 3352 898 3424 χρονικὸν
939 3352 1212 3423 διάστημα
1267 3351 1372 3404 ὑπὸ
1421 3350 1530 3402 τῶν
1582 3349 1674 3403 τοῦ
1723 3347 1871 3419 ἡλίου

297 3444 570 3496 κυκλικῶν
619 3443 906 3512 κινήσεων,
941 3440 970 3493 ὃ
1012 3440 1107 3493 καὶ¹
1155 3438 1400 3492 ἐνιαυτὸν
1445 3434 1739 3504 καλοῦμεν,
1773 3431 1873 3486 κύ-

297 3535 422 3597 κλος
465 3533 666 3604 ἐκλήθη
687 3550 700 3564 ·
737 3530 1222 3602 συνεπινοουμένης
1249 3529 1342 3582 καὶ
1373 3529 1472 3598 τῆς
1500 3526 1594 3579 τοῦ
1624 3521 1870 3578 ἐνιαυτοῦ

297 3625 558 3696 κλήσεως,
593 3622 821 3688 ἐντελῶς
865 3622 1063 3685 κύκλος
1109 3620 1377 3683 ἐνιαύσιος
1422 3618 1509 3689 εἴη
1541 3617 1607 3671 ἀν
1651 3616 1868 3686 ὠνομα-

299 3716 512 3785 σμένος.

369 3810 594 3879 Προῒασι
620 3809 664 3860 δ’
696 3808 744 3860 οἱ
776 3805 1035 3860 ἐνιαύσιοι
1060 3797 1206 3859 οῦτοι
1240 3803 1430 3857 κύκλοι
1458 3801 1552 3855 τοῦ
1579 3799 1729 3870 ἡλίου
1774 3797 1869 3867 ἀφ’

299 3899 414 3961 ἐνὸς
444 3898 569 3968 ἄχρι
596 3897 704 3951 τῶν
733 3904 838 3968 κη’,
872 3899 965 3950 καὶ
993 3898 1154 3951 πάλιν
1185 3897 1358 3967 ἀρχὴν
1385 3893 1750 3966 λαμϐάνουσιν
1775 3891 1868 3960 ἀφ’

297 3991 435 4054 ἐνὸς,
457 3989 521 4042 δι’
555 3990 732 4042 αἰτίαν
755 3989 1024 4060 τοιαύτην.

297 4106 401 4159 Διὰ
458 4105 514 4157 τί
554 4101 731 4171 μέχρι
797 4101 916 4156 τῶν
963 4102 1376 4226 κηὲὰπροΐασιν
1423 4101 1477 4153 οι
1531 4098 1640 4154 τοῦ
1682 4097 1866 4166 ἡλίου

963 4190 1037 4226 xv
1121 4190 1196 4226 οι.

963 4190 1196 4226 κυκλοι.

369 4288 443 4341 B’.
479 4286 586 4340 Τοῦ
608 4286 940 4360 δημιουργοῦ
960 4286 1067 4340 τῶν
1095 4287 1230 4340 ὅλων
1264 4285 1399 4340 Θεοῦ
1418 4286 1578 4358 τήνδε
1606 4286 1705 4358 τὴν
1726 4287 1866 4357 ὁρω-

1970 3267 2313 3322 intervallum
2341 3268 2488 3337 quod
2544 3270 2805 3324 solarium
2850 3271 3180 3324 circuituum
3230 3273 3402 3341 spatia
3435 3273 3545 3326 cir-

1969 3360 2368 3423 cumscribunt,
2393 3359 2633 3416 circulus
2656 3362 2841 3415 vocari
2863 3363 3060 3416 meruit
3091 3377 3104 3414 :
3131 3379 3239 3433 quo
3263 3379 3386 3417 cum
3411 3365 3540 3418 anni

1970 3468 2188 3522 quoque
2225 3453 2818 3524 appellationejuncta,
2842 3469 3059 3509 annuus
3088 3455 3328 3509 circulus
3365 3456 3544 3510 nomi-

1971 3550 2152 3600 natur.

2033 3808 2203 3863 Porro
2231 3808 2456 3863 annales
2485 3807 2576 3864 isti
2597 3807 2787 3863 circuli
2810 3807 2941 3864 solis
2965 3808 3034 3862 ab
3062 3823 3080 3861 ι
3113 3806 3182 3862 ad
3210 3823 3381 3862 xxvm
3408 3821 3538 3878 pro-

1967 3897 2572 3969 gressionemiaciunt;
2621 3898 2854 3968 indeque
2904 3900 2974 3954 ab
3024 3915 3137 3954 uno
3194 3914 3390 3955 rursus
3446 3902 3534 3953 in-

1967 3993 2242 4045 choantur
2279 4005 2291 4041 :
2331 3991 2476 4060 quod
2512 3990 2584 4045 ob
2613 3991 2753 4045 hanc
2777 4005 3000 4045 causam
3025 3988 3247 4045 accidit.

1971 4102 2128 4173 195
2191 4101 2367 4168 Quare
2409 4101 2478 4155 ad
2532 4117 2706 4183 xxvrtt
2759 4117 2923 4225 ulsque
2983 4103 3271 4170 procedunt
3333 4101 3535 4156 solare:

2633 4189 2778 4225 circa
2806 4189 2845 4225 ι.

2633 4189 2845 4226 czrcutt.

2032 4283 2098 4338 ll.
2137 4283 2274 4337 Cum
2309 4282 2505 4339 artifex
2539 4298 2723 4338 rerum
2747 4281 2991 4336 omnium
3019 4281 3166 4337 Deus
3197 4289 3365 4340 totam
3393 4281 3534 4336 hanc

300 4381 465 4451 μένην
495 4382 673 4433 πᾶσαν
705 4380 878 4434 κτίσιν
901 4382 960 4433 ἐν
987 4380 1221 4451 ἡμέραις
1250 4379 1308 4443 ἐξ
1328 4381 1408 4444 είς
1435 4380 1493 4433 τὸ
1517 4376 1657 4434 εἶναι
1683 4397 1863 4450 παρα-

1972 4383 2271 4430 creatarum
2301 4390 2484 4430 rerum
2517 4374 2930 4428 universitatem
2975 4375 3196 4428 molitus
3240 4375 3309 4427 sit
3341 4373 3534 4427 diebus

295 4474 576 4542 γαγόντος,
616 4475 680 4544 τῇ
716 4473 758 4526 δ’
805 4472 1002 4544 ἑϐδόμῃ
1033 4474 1548 4543 καταπαυσαμένου,
1585 4473 1660 4536 ῶς
1691 4474 1724 4543 ἡ
1762 4472 1861 4542 τῆς

1972 4467 2190 4519 omnino
2216 4481 2306 4520 sex
2330 4506 2345 4532 ,
2374 4465 2605 4534 septima
2630 4464 2982 4534 requieverit,
3018 4474 3078 4518 ut
3099 4473 3183 4518 est
3214 4465 3266 4517 in
3302 4463 3532 4518 historia

295 4565 562 4628 Γενέσεως
593 4565 792 4635 ἱστορεῖ
815 4563 1012 4634 βίϐλος,
1035 4565 1062 4616 ό
1090 4564 1204 4634 μετ’
1225 4565 1438 4635 ἐκείνην
1462 4565 1560 4636 τὴν
1591 4564 1860 4634 ἑϐδομάδα

1972 4557 2230 4613 Genesis:
2263 4565 2476 4627 tempus
2531 4557 2789 4625 deinceps
2833 4571 3015 4620 omne,
3052 4556 3194 4624 quod
3231 4556 3532 4609 secundum

297 4657 893 4728 συμπαρεκτεινόμενος
945 4657 1090 4720 ἅπας
1136 4657 1327 4729 χρόνος
1373 4660 1485 4721 τοῖς
1518 4655 1667 4711 οὖσιν
1713 4658 1862 4710 ἑϐδο-

1972 4650 2109 4703 illam
2142 4648 2537 4703 hebdomadam
2577 4662 2700 4701 cum
2752 4661 2933 4699 rerum
2964 4646 3312 4700 successione
3357 4646 3534 4699 conti-

297 4747 540 4818 ματικῶς
568 4751 687 4801 κατ’
705 4749 919 4820 ἐκείνην
944 4752 1242 4821 μετρεῖται.
1257 4750 1504 4821 Κάπειδή
1525 4751 1617 4803 καὶ
1635 4753 1664 4803 ὁ
1687 4749 1857 4820 ἥλιος,

292 4837 388 4907 τὴν
431 4837 561 4890 ἰδίαν
586 4837 904 4908 ποιούμενος
931 4837 1166 4909 κίνησιν,
1197 4837 1305 4890 ἀπὺ
1343 4837 1438 4890 τοῦ
1482 4836 1644 4890 αὐτοῦ
1691 4841 1772 4901 εἰς
1800 4838 1860 4892 τὸ

292 4931 420 4984 αὐτὸ
450 4935 671 5002 σημεῖον
694 4931 760 4984 δι’
793 4930 1014 5001 ἡμερῶν
1046 4931 1151 4996 τξε¹
1193 4931 1285 4983 καὶ
1314 4930 1352 4982 δ’
1389 4930 1614 4999 ἔγγιστα
1642 4931 1855 4984 ἀποκα-

292 5021 556 5083 θίσταται,
597 5023 689 5075 καὶ
743 5024 886 5074 ποιεῖ
916 5022 1007 5074 τὸν
1053 5020 1322 5074 ἐνιαύσιον
1360 5021 1560 5074 κύκλον
1605 5020 1855 5074 ἐντεῦθεν

289 5111 552 5174 τοσαύτας
578 5112 848 5181 περιέχειν
866 5128 878 5140 ·
901 5113 954 5164 αί
975 5112 1032 5164 δὲ
1064 5109 1324 5164 τοσαῦται
1346 5111 1550 5182 ἡμέραι
1583 5110 1733 5181 παρὰ
1763 5111 1854 5163 τὸν

290 5203 384 5273 τῆς
407 5203 692 5274 ἑϐδομάδος
717 5203 913 5256 κύκλον
950 5201 1301 5276 μεριζόμεναι
1328 5203 1405 5273 νβ’
1433 5202 1677 5256 ποιοῦσιν
1703 5204 1854 5257 ἑϐδο-

292 5293 462 5362 μάδας
493 5295 586 5346 καὶ
609 5293 819 5364 ἡμέραν
854 5294 982 5364 μίαν
1000 5335 1015 5358 ,
1062 5295 1156 5346 καὶ
1182 5293 1307 5365 a'/6'
1329 5311 1342 5323 '
1375 5295 1608 5366 φανερὸν
1631 5334 1643 5358 ,
1671 5295 1752 5348 ὅτι
1792 5294 1852 5347 ού

288 5387 454 5438 πᾶσαι
477 5385 586 5438 τῶν
619 5386 754 5438 ἐτῶν
784 5387 840 5438 al
875 5386 1039 5457 ἀρχαὶ
1067 5385 1210 5438 κατὰ
1250 5384 1346 5457 τὴν
1373 5387 1541 5458 αὐτὴν
1575 5387 1669 5440 καὶ
1725 5387 1852 5456 μίαν

285 5476 390 5528 τῶν
441 5475 540 5545 τῆς
586 5475 876 5546 ἑϐδομάδος
910 5474 1132 5547 ἡμερῶν
1173 5475 1464 5546 ἄρχονται·
1513 5476 1648 5530 ἀλλά
1685 5495 1852 5548 μετα-

286 5567 558 5620 ϐαίνουσιν
607 5566 713 5619 ἀπὸ
765 5567 863 5638 μὲν
918 5565 1143 5638 πρώτης
1188 5569 1268 5630 είς
1311 5567 1611 5641 δευτέραν,
1647 5569 1754 5624 ἀπὸ
1794 5570 1852 5623 δὲ

282 5660 536 5730 δευτέρας
561 5663 641 5724 είς
672 5659 884 5732 τρίτην,
921 5660 1015 5715 καὶ
1047 5659 1300 5731 καθεξῆς.

1961 4753 2072 4792 nuo
2115 4745 2465 4808 propagatur,
2513 4735 2581 4791 ad
2624 4735 2815 4806 primae
2853 4736 3002 4788 illius
3049 4736 3267 4789 modum
3317 4751 3411 4804 per
3445 4752 3532 4791 se-

1962 4831 2272 4900 ptenarium
2329 4844 2615 4884 numerum
2659 4827 2915 4897 exigitur.
2981 4827 3046 4880 Et
3110 4828 3367 4897 quoniam
3448 4829 3534 4882 soi

1959 4922 2240 4990 proprium
2282 4922 2506 4989 explens
2538 4920 2748 4986 orbem,
2794 4921 2863 4974 ab
2895 4935 3004 4972 uno
3045 4928 3247 4988 puncto
3290 4920 3354 4972 ad
3386 4919 3530 4973 idem

1957 5027 2159 5066 cccuv
2215 5012 2434 5076 diebus,
2496 5018 2551 5066 et
2609 5012 2715 5065 diei
2769 5010 3160 5080 propemodum
3227 5009 3532 5078 quadrante

1958 5105 2258 5159 revolvitur
2299 5115 2459 5172 atque
2483 5117 2724 5156 annuum
2751 5103 3040 5156 circuitum
3068 5100 3291 5154 totidem
3334 5101 3528 5154 diebus

1957 5203 2297 5249 constantem
2327 5193 2490 5247 ellicit
2524 5213 2536 5247 :
2577 5209 2698 5261 qua:
2729 5193 2946 5262 quidem
2991 5193 3109 5246 dies
3141 5207 3236 5260 per
3277 5201 3532 5260 septena.

1957 5287 2098 5340 rium
2133 5287 2402 5341 circulum
2438 5287 2745 5340 distributze
2797 5294 2994 5356 praeter
3045 5286 3412 5341 hebdomadas
3455 5299 3528 5339 LII

1956 5394 2122 5432 unam
2153 5379 2294 5431 diem
2340 5377 2585 5432 efﬁciunt
2623 5392 2746 5430 cum
2789 5378 3116 5444 quadrante,
3170 5376 3520 5449 manifestum

1954 5478 2040 5524 est
2071 5487 2178 5523 non
2208 5470 2452 5524 omnium
2489 5484 2758 5523 annorum
2791 5469 2949 5523 initia
2987 5469 3054 5523 ab
3093 5486 3199 5523 una
3231 5471 3530 5538 eademque

1954 5561 2043 5614 die
2083 5559 2441 5615 hebdomadis
2481 5560 2764 5629 incipere:
2810 5560 2905 5614 sed
2951 5575 2981 5613 a
3023 5560 3197 5630 prima
3230 5561 3525 5614 transitum

1955 5650 2021 5704 ad
2065 5651 2360 5706 secundam
2413 5650 2590 5707 facere
2624 5669 2639 5707 :
2677 5651 2745 5707 ab
2796 5652 2898 5710 hac
2945 5653 3012 5707 ad
3071 5654 3311 5718 tertiam,
3364 5651 3523 5708 dein—

1955 5759 2190 5814 cepsque
2215 5751 2467 5798 caeteras.
