4070 6406
537 396 676 454 1285

1520 391 1610 447 AD
1646 390 1915 448 EUSEBH
1952 386 2348 446 CHRONICON
2396 389 2765 448 APPENDIX.

3645 397 3797 454 l28‘

606 514 821 570 Clarius
853 514 958 569 hoc
1000 511 1092 569 fiet
1141 521 1414 580 exemplo,
1449 510 1678 581 prolatis
1721 509 1959 574 duobus,
2014 515 2109 563 aut

2282 510 2625 582 Σαφέστερον
2645 511 2702 565 δὲ
2727 509 2884 566 τοῦτο
2908 512 2979 566 δι’
3006 513 3403 584 ὑποδείγματος
3423 516 3786 587 ποιησόμεθα,

535 608 698 662 etiam
741 606 991 677 pluribus
1043 605 1226 668 annis,
1275 603 1369 673 qui
1413 609 1536 672 post
1586 602 1778 656 mundi
1824 600 2107 656 conditum

536 696 782 766 proxime
811 693 1066 755 fuerunt.
1116 691 1413 761 Postquam
1454 690 1602 745 enim
1661 690 1874 760 primus
1929 705 2108 746 annus

536 787 700 857 cmpit
729 784 862 840 feria
893 784 1087 853 prima,
1122 797 1186 837 ac
1237 789 1511 837 trecentos
1540 781 1836 851 [sexaginta
1870 782 2111 852 quinque

535 892 663 932 cum
725 876 1030 947 quadrante
1079 875 1198 930 dies
1249 874 1532 944 explicuit,
1585 874 1881 944 insequens
1930 889 2109 931 annus

536 966 812 1024 secundus
836 965 1164 1037 ab,secunda
1181 964 1367 1033 utique
1390 964 1527 1018 feria
1547 971 1744 1018 nactus
1764 972 1849 1018 est
1870 963 2107 1030 initium,

536 1059 733 1114 tertius
768 1073 799 1112 a
832 1057 1015 1121 tertia,
1055 1064 1110 1111 et
1155 1058 1235 1112 sic
1266 1055 1546 1125 deinceps.
1575 1054 1792 1125 Quippe
1823 1054 2109 1124 quadrans

536 1150 627 1205 ille
654 1150 784 1213 diei,
812 1149 905 1219 qui
929 1147 997 1203 ad
1017 1162 1221 1203 cccuv
1249 1149 1366 1203 dies
1394 1147 1663 1202 accedens
1690 1154 1990 1201 vertentem
2015 1160 2111 1200 ex-

536 1241 648 1311 plet
676 1255 900 1305 annum,
930 1254 1274 1310 nequaquam
1309 1239 1540 1309 singulis
1573 1239 1733 1294 annis
1768 1238 2106 1308 imputatur;

537 1334 634 1388 sed
676 1341 801 1403 post
828 1348 1005 1389 annos
1034 1341 1294 1403 quatuor,
1332 1332 1545 1403 integro
1569 1333 1684 1403 jam
1718 1332 1952 1387 collecto
1995 1331 2105 1387 die.

535 1424 674 1480 Nam
708 1432 902 1495 quater
929 1426 1195 1497 repetitus
1221 1424 1500 1494 quadrans
1517 1439 1683 1479 unum
1710 1423 1902 1479 efficit.
1930 1422 2109 1494 Atque

537 1516 630 1572 hic
658 1518 750 1572 ille
777 1518 896 1573 dies
918 1518 1205 1573 absolutus
1235 1517 1302 1571 ad
1331 1531 1535 1571 cet:va
1564 1516 1682 1572 dies
1707 1515 1965 1572 additur:
1998 1531 2109 1587 quo

543 1609 603 1663 ﬁt
631 1616 691 1664 ut
716 1625 894 1665 annus
926 1610 1031 1665 iste
1057 1609 1269 1664 dierum
1301 1609 1372 1663 sit
1402 1623 1651 1674 cccuvr,
1681 1624 1845 1679 quem
1872 1624 1976 1665 nos
1996 1608 2108 1663 Ro-

537 1715 698 1755 mana
723 1701 908 1770 lingua
939 1700 1224 1756 bissextum
1248 1701 1613 1757 nominamus.
1646 1701 1915 1768 Quocirca
1946 1704 2109 1774 quin-

538 1800 630 1846 tus
666 1805 845 1848 annus
873 1791 1087 1857 mundi,
1124 1808 1235 1847 non
1259 1800 1318 1847 ut
1352 1794 1565 1864 priores
1587 1793 1680 1847 alii
1703 1808 1733 1847 a
1755 1793 1892 1848 feria
1915 1794 2106 1864 quinta

2215 599 2308 653 δύο
2360 602 2394 673 ἢ
2437 603 2528 656 καὶ
2586 603 2757 657 πλείω
2809 606 3294 677 προχειρισάμενοι
3345 606 3454 659 τῶν
3501 607 3638 677 μετὰ
3685 609 3793 679 τὴν

2215 694 2390 766 ἀρχὴν
2410 696 2509 767 τῆς
2533 699 2921 768 κοσμογενείας
2950 698 3105 755 ἑτῶν.
3132 699 3239 753 Τοῦ
3265 700 3374 771 γὰρ
3397 698 3610 771 πρώτου
3632 700 3797 763 έτους

2216 789 2324 842 ἀπὸ
2358 788 2571 861 ἡμέρας
2610 790 2833 862 πρώτης
2875 790 3206 862 ἀρξαμένου,
3253 793 3355 846 κάν
3391 792 3498 855 τξε¹
3547 794 3790 865 ἡμέραις

2216 881 2311 933 καὶ
2339 880 2468 950 at'/5'
2492 881 2973 953 περιενεχθέντος,
3020 885 3081 938 τὸ
3109 886 3226 955 μετ’
3255 885 3389 938 αὐτὸ
3433 884 3477 955 β’
3519 885 3638 949 ἔτος
3677 886 3791 939 ἀπὸ

2216 969 2428 1039 ἡμέρας
2477 970 2736 1042 δευτέρας
2791 972 2991 1044 ἤρξατο
3016 975 3291 1039 πάντως,
3345 976 3439 1030 καὶ
3493 975 3554 1029 τὸ
3601 977 3791 1048 τρίτον

2215 1058 2477 1124 ὡσαύτως
2515 1062 2624 1115 άπὸ
2655 1064 2867 1135 τρίτης,
2904 1066 2999 1118 καὶ
3027 1066 3245 1137 ἑφεξῆς.
3277 1068 3350 1120 Τὸ
3383 1068 3491 1139 γὰρ
3526 1068 3789 1141 τέταρτον

2219 1152 2386 1222 μέρος
2429 1154 2529 1222 τῆς
2573 1156 2785 1227 ἡμέρας
2839 1157 2899 1210 τὸ
2930 1159 3324 1229 προσκείμενον
3346 1162 3468 1222 ταῖς
3508 1158 3793 1222 τοιαύταις

2214 1242 2320 1309 τξε¹
2347 1245 2583 1316 ἡμέραις
2605 1247 2686 1310 είς
2715 1247 2814 1318 τὴν
2840 1247 2935 1302 τοῦ
2974 1250 3222 1303 ἐνιαυτοῦ
3249 1250 3459 1305 τελείαν
3491 1253 3791 1322 άπάρτισιν

2214 1335 2275 1389 ού
2307 1336 2429 1389 καθ’
2469 1336 2699 1392 ἕκαστον
2746 1338 2866 1404 ἔτος
2898 1340 3246 1412 ἀριθμεῖται,
3280 1343 3415 1396 ἀλλὰ
3446 1344 3585 1397 κατά
3612 1344 3654 1395 δ’
3686 1343 3785 1416 ἔτη

2218 1428 2345 1497 μιᾶς
2368 1427 2583 1499 ἡμέρας
2612 1431 3003 1502 συναγομένης.
3028 1433 3295 1504 Τετράκις
3316 1435 3425 1505 γὰρ
3445 1434 3505 1488 τὸ
3542 1435 3670 1506 a'/8'
3699 1436 3784 1493 ἓν.

2214 1520 2361 1590 Αὐτὴ
2388 1522 2421 1591 ἡ
2444 1520 2627 1574 τελεία
2658 1522 2840 1594 ἡμέρα
2870 1524 3216 1595 προστίθεται
3242 1528 3365 1590 ταῖς
3383 1526 3489 1592 τξε¹
3514 1526 3785 1599 ἡμέραις⁸

2214 1612 2310 1665 καὶ
2341 1612 2548 1682 γίνεται
2581 1613 2643 1667 τὸ
2673 1613 2792 1677 έτος
2831 1617 3010 1668 έκεῖνο
3045 1616 3166 1682 τξς¹
3209 1617 3451 1689 ἡμερῶν,
3483 1618 3511 1671 δ
3555 1620 3650 1672 καὶ
3680 1636 3787 1672 κα-

2213 1701 2383 1756 λεῖται
2414 1705 2543 1774 παρ’
2571 1705 2702 1774 ἡμῖν
2737 1704 3056 1775 Ῥωμαῖκῶς
3082 1705 3377 1776 βίσσεξτον.
3421 1707 3494 1760 Τὸ
3538 1707 3647 1760 ἀπὸ
3683 1708 3789 1779 τῆς

2213 1795 2603 1864 κοσμογενείας
2628 1797 2737 1866 ἄρα
2771 1797 3017 1867 πέμπτον
3037 1796 3156 1859 ἑτος
3178 1799 3275 1851 οὐκ
3303 1798 3506 1870 ἤρξατο
3526 1800 3619 1868 ἀφ’
3641 1799 3784 1870 ἡμέ-

544 1884 688 1953 cepit
735 1882 1046 1949 exordium,
1079 1884 1174 1939 sed
1201 1899 1232 1937 a
1261 1894 1436 1949 sexta,
1470 1893 1691 1954 propter
1721 1884 1887 1940 unius
1920 1899 2107 1940 acces-

2215 1905 2313 1959 ρας
2355 1888 2615 1958 πέμπτης
2659 1865 2969 1953 άκολούθως
2999 1892 3111 1952 τοῖς
3153 1890 3259 1960 πρὸ
3308 1865 3497 1955 αύτοῦ,
3535 1865 3785 1962 ιὶλλίξὶιρ1

540 1978 751 2032 sionem
775 1976 904 2041 diei,
923 1977 1014 2046 qui
1036 1992 1103 2031 ex
1124 1975 1519 2046 quadrantibus
1538 1976 1800 2030 collectus
1822 1976 1889 2029 ad
1906 1990 2111 2035 annum

538 2073 795 2136 quartum
821 2066 1158 2136 praeteritum
1184 2064 1433 2135 adjectus
1458 2073 1563 2120 est.
1593 2063 1731 2120 Tum
1762 2064 1959 2120 deinde
1988 2080 2113 2121 sex-

539 2166 652 2224 tus,
675 2159 962 2229 septimus,
986 2166 1040 2213 et
1067 2158 1442 2226 octavus'rite,
1470 2158 1551 2213 uti
1575 2159 1747 2215 series
1775 2159 2110 2228 postulabat,

541 2251 897 2306 hebdomadas
923 2251 1044 2306 dies
1068 2250 1343 2315 obierunt,
1377 2251 1483 2306 hoc
1512 2262 1597 2306 est
1628 2268 1728 2318 γη,
1762 2268 1777 2306 ι
1813 2259 1867 2307 et
1900 2267 1975 2317 tt;
2012 2265 2112 2306 no-

539 2360 646 2399 nus
684 2352 865 2399 autem
897 2359 1007 2398 non
1033 2345 1275 2411 tertiam,
1306 2346 1402 2400 sed
1430 2355 1682 2416 quartam
1709 2346 1935 2402 habuit:
1963 2345 2112 2419 quod

539 2436 599 2489 in
631 2435 989 2504 sequentibus
1023 2434 1214 2490 eadem
1245 2436 1459 2490 ratione
1494 2437 1746 2507 contigit.
2138 2428 2145 2435 ’

611 2609 692 2666 Ex
722 2610 792 2668 iis
826 2619 1071 2682 apparet,
1102 2612 1148 2667 si
1183 2614 1403 2684 quidem
1432 2629 1611 2669 annus
1637 2615 1831 2671 diebus
1867 2622 2111 2670 tantum-

540 2704 704 2759 modo
745 2712 959 2759 constet
996 2719 1219 2773 cccuv,
1264 2707 1384 2763 sine
1431 2708 1542 2761 ulla
1570 2708 1891 2778 quadrantis
1924 2723 2112 2764 acces-

542 2797 721 2861 sione,
750 2805 959 2868 septem
983 2813 1095 2853 non
1123 2800 1359 2870 amplius
1389 2801 1623 2856 evolutis
1650 2801 1833 2866 annis,
1871 2802 2114 2872 singulo-

502 2948 503 2951 η
540 2905 663 2944 rum
685 2891 841 2945 initia
863 2891 929 2946 ad
948 2892 1193 2947 eamdem
1218 2891 1408 2947 feriam
1427 2908 1549 2949 esse
1575 2894 1839 2948 reditura.
1862 2892 1967 2949 Sed
1987 2910 2113 2949 cum

541 2983 817 3052 quadrans
845 2984 1070 3055 insuper
1093 2984 1337 3052 accedat,
1364 2985 1523 3056 cujus
1553 2986 1729 3056 gratia
1757 2995 1955 3056 quarto
1986 3001 2117 3057 quo-

542 3090 648 3144 que
667 3091 808 3130 anno
835 3076 895 3129 fit
921 3091 1065 3133 unus
1080 3076 1198 3131 dies
1228 3077 1492 3148 reliquus,
1510 3079 1602 3146 qui
1629 3079 2113 3148 ex,quadrantibus

2210 1977 2375 2048 ἑκτης
2396 1977 2484 2031 διὰ
2500 1977 2597 2049 τὴν
2611 1979 2710 2049 τῆς
2731 1979 2838 2032 ἀπὸ
2851 1980 2958 2033 τῶν
2982 1981 3110 2052 α’ίδ’
3130 1980 3406 2052 τετάρτων
3429 1981 3786 2052 συναχθείσης

2215 2071 2345 2141 μιᾶς
2381 2069 2596 2140 ἡμέρας
2642 2070 2942 2141 γενομένην
2990 2071 3305 2142 προσθήκην
3336 2071 3414 2141 τῷ
3459 2072 3783 2142 παρελθόντι

2210 2163 2251 2216 δ’
2283 2162 2413 2216 ἔτει.
2444 2164 2554 2216 Καὶ
2596 2162 2796 2233 ἑφεξῆς
2825 2164 2886 2217 τὸ
2918 2164 3016 2234 μὲν
3048 2164 3226 2229 ἕκτον,
3269 2165 3365 2218 καὶ
3394 2164 3644 2234 ἕϐδομον,
3689 2165 3784 2219 καὶ⁵

2212 2261 2261 2325 η’
2292 2253 2410 2316 ἔτος
2440 2253 2864 2325 ἀπαραλείπτως
2896 2254 3039 2307 κατὰ
3067 2253 3221 2319 τάξιν
3243 2254 3342 2319 τὰς
3363 2255 3463 2326 τῆς
3489 2255 3786 2325 ἑϐδομάδος

2213 2345 2502 2419 περιῆλθον
2522 2346 2757 2417 ἡμέρας,
2789 2347 3036 2399 τουτέστι
3064 2348 3162 2418 τήν
3188 2363 3249 2400 τε
3274 2346 3339 2412 ζ’,
3368 2346 3463 2400 καὶ
3493 2348 3661 2419 αὐτὴν
3682 2348 3783 2418 τὴν

2214 2436 2473 2510 πρώτην,
2537 2437 2633 2490 καὶ
2676 2437 2774 2509 τὴν
2819 2438 3110 2509 δευτέρανο
3146 2438 3206 2491 τὸ
3245 2438 3302 2491 δὲ
3349 2438 3532 2492 ἑνατον
3574 2440 3635 2493 οὐ
3682 2439 3782 2508 τὴν

2211 2530 2424 2603 τρίτην,
2457 2530 2593 2584 ἀλλὰ
2627 2530 2725 2602 τὴν
2751 2530 2814 2595 δ’,
2847 2532 2947 2585 κάν
2975 2534 3087 2594 τοῖς
3118 2531 3316 2601 ἑφεξῆς
3350 2532 3568 2603 ὁμοίως.

2280 2620 2516 2692 Φανερὸν
2547 2615 2639 2673 οὖν
2669 2621 2733 2673 ἑκ
2783 2620 3009 2687 τούτων,
3038 2620 3114 2683 ὡς
3134 2661 3148 2685 ,
3190 2622 3240 2672 εί
3296 2620 3394 2691 μὲν
3447 2623 3691 2692 περιεῖχε
3721 2621 3787 2673 τὺ

2214 2713 2332 2777 ἔτος
2362 2713 2467 2777 τξε¹
2498 2711 2661 2783 μόνον
2699 2711 2932 2783 ἡμέρας,
2961 2710 3034 2782 μὴ
3062 2710 3455 2783 προσκειμένου
3481 2709 3577 2764 τοῦ
3611 2711 3653 2764 δ’
3685 2710 3786 2781 μέ-

2218 2824 2363 2878 ρους,
2392 2808 2460 2861 δι’
2491 2805 2631 2860 ἑπτὰ
2655 2804 2720 2860 ἂν
2758 2804 2892 2861 ἐτῶν
2923 2805 3101 2877 μόνων
3130 2807 3185 2859 αί
3224 2805 3427 2860 τούτων
3455 2805 3619 2877 ἀρχαὶ
3646 2806 3784 2877 πρὸς

2215 2902 2312 2972 τὴν
2350 2900 2450 2970 τῆς
2485 2898 2776 2970 ἑϐδομάδος
2810 2898 3021 2969 ἡμέραν
3063 2895 3528 2950 ἀποκαθίσταντο·
3561 2895 3686 2949 ἐπεὶ
3725 2896 3785 2949 δὲ

2215 2993 2473 3065 πρόσεστι
2510 2991 2737 3054 ταύταις
2771 2992 2865 3044 καὶ
2908 2990 2969 3042 τὸ
3012 2989 3160 3061 tif/6',
3195 2989 3290 3043 καὶ
3326 2988 3415 3042 διὰ
3453 2988 3611 3042 τοῦτο
3642 2988 3789 3043 κατὰ

2215 3085 2256 3138 δ’
2296 3085 2391 3155 ἐτη
2424 3082 2820 3155 παραλείπεται
2846 3081 3030 3154 ἡμέρα
3052 3089 3121 3146 α’,
3153 3084 3186 3152 ἡ
3218 3081 3325 3134 ἀπὸ
3350 3080 3458 3134 τῶν
3501 3080 3786 3151 τεσσάρων

540 3176 776 3237 quatuor
812 3167 1072 3235 efﬁcitur,
1102 3167 1226 3224 ideo
1254 3184 1351 3239 per
1387 3185 1563 3225 annos
1592 3178 1794 3239 octodet
1821 3171 2014 3242 viginti
2045 3172 2109 3226 ad

2219 3174 2557 3247 συναγομένη
2589 3174 2745 3244 01/6"
2777 3173 2864 3226 διὰ
2895 3179 2980 3244 κη’
3018 3173 3157 3226 ἐτῶν
3191 3173 3481 3240 συνάγεται
3502 3171 3783 3224 ἀποκατά-

529 3258 760 3314 easdem
788 3259 1140 3316 hebdomadas
1169 3261 1333 3318 ferias
1356 3277 1628 3318 annorum
1671 3265 1973 3335 primordia
2022 3280 2111 3321 re-

544 3358 830 3407 vocantur.
860 3350 996 3406 Nam
1021 3353 1069 3410 si
1104 3370 1180 3408 vn
1208 3354 1432 3411 duxeris
1464 3355 1522 3409 in
1570 3372 1644 3421 tv,
1677 3356 1783 3412 hoc
1809 3363 1894 3412 est
1926 3357 2115 3412 initio-

543 3459 667 3497 rum
695 3444 822 3498 anni
852 3445 1204 3513 mutationes,
1226 3447 1722 3518 quaetutdiximus,
1752 3450 2114 3519 quadriennio

543 3553 761 3609 quoque
815 3538 1086 3606 incidunt,
1149 3540 1389 3596 conﬁent
1437 3549 1567 3596 octo
1612 3551 1667 3597 et
1715 3544 1930 3614 viginti.
1980 3543 2112 3610 Qua:

542 3643 713 3687 causa
752 3638 838 3685 est
888 3645 987 3685 cur
1026 3646 1203 3701 neque
1241 3632 1512 3701 pluribus,
1557 3648 1735 3704 neque
1757 3636 2112 3705 paucioribus

549 3721 730 3788 annis,
750 3737 914 3793 quam
943 3739 1138 3789 xxvm,
1163 3726 1330 3779 annui
1358 3726 1554 3780 circuli
1583 3727 1717 3783 solis
1739 3729 2105 3798 explicantur.

615 3876 877 3973 Superest
907 3912 967 3958 ut
998 3914 1147 3960 certa
1181 3906 1320 3961 ratio
1351 3906 1619 3972 tradatur,
1655 3922 1754 3978 per
1777 3922 1939 3979 quam
1969 3923 2113 3963 anno

542 3996 738 4064 quovis
769 3996 954 4050 oblato
982 3998 1257 4052 ineuntem
1283 3999 1497 4068 cyclum
1531 4001 1665 4056 solis
1694 4015 1890 4070 capere
1934 4002 2112 4071 possi-

543 4102 687 4143 mus.
722 4086 796 4142 Ea
840 4104 969 4144 vero
995 4100 1078 4167 est
1109 4089 1404 4158 ejusmodi.

678 4265 952 4323 Hethodus
981 4268 1273 4323 inveniendi
1301 4278 1487 4339 quotus
1513 4271 1582 4324 sit
1613 4270 1790 4340 cyclus
1819 4272 1974 4327 solis.

617 4421 701 4478 ιη.
736 4422 927 4480 Annos
971 4425 1041 4481 ab
1080 4425 1236 4480 initio
1279 4428 1467 4481 mundi
1517 4428 1585 4482 ad
1615 4429 1895 4484 ineuntem
1930 4446 2112 4501 usque

2219 3286 2405 3332 στασις
2428 3267 2535 3321 τῶν
2571 3265 2714 3321 κατὰ
2748 3265 2816 3317 τὰ
2856 3264 2949 3335 ἔτη
2988 3264 3171 3335 ἀρχῶν
3209 3264 3346 3335 πρὸς
3378 3264 3479 3326 τὰς
3509 3263 3610 3333 τῆς
3635 3262 3786 3316 ἑϐδο-

2218 3361 2381 3433 μάδος
2405 3358 2635 3430 ἡμέρας.
2673 3355 3288 3424 Πολλαπλασιαζομένου
3328 3355 3438 3427 γὰρ
3469 3354 3563 3409 τοῦ
3595 3354 3636 3419 ζ’
3663 3355 3793 3425 ἦτοι

2212 3453 2321 3506 τῶν
2353 3452 2452 3521 τῆς
2474 3448 2766 3520 ἑϐδομάδος
2789 3447 3011 3518 ἡμερῶν
3037 3448 3132 3501 ἐπὶ
3150 3447 3240 3499 τὸν
3271 3447 3333 3512 δ’,
3365 3448 3609 3500 τουτέστι
3643 3447 3791 3501 κατὰ

2213 3546 2313 3608 τὰς
2344 3541 2786 3614 τετραετηρίδας,
2815 3540 2891 3603 ὡς
2924 3539 3269 3611 διείληπται,
3318 3538 3648 3610 μεταϐάσεις
3676 3539 3785 3593 τῶν

2214 3634 2397 3706 ἀρχῶν
2444 3632 2553 3685 τῶν
2586 3631 2723 3685 ἑτῶν
2767 3631 3005 3700 γίνονται
3046 3630 3153 3702 κη’.
3193 3632 3304 3685 Καὶ
3359 3631 3500 3702 αὕτη
3555 3633 3701 3685 ἐστὶν
3749 3633 3791 3702 ἡ

2215 3727 2363 3780 αἰτία
2383 3724 2476 3779 τοῦ
2507 3726 2644 3796 μήτε
2675 3723 2936 3776 πλειόνων
2965 3725 3089 3795 μήτ’
3105 3723 3402 3777 ἐλαττόνων
3426 3724 3536 3776 τῶν
3556 3729 3642 3793 κη’
3660 3724 3789 3786 τοὺς

2215 3817 2516 3881 ἐνιαυσίους
2536 3816 2628 3870 τοῦ
2658 3816 2810 3886 ἡλίου
2840 3813 3312 3886 συγκορυφοῦσθαι
3342 3813 3594 3878 κύκλους.

2284 3911 2484 3966 Λοιπὸν
2512 3910 2556 3964 δ’
2582 3909 2646 3964 ἂν
2684 3907 2770 3979 εἴη
2801 3908 2896 3961 καὶ
2922 3908 3021 3978 τὴν
3067 3907 3290 3978 μέθοδον
3327 3907 3589 3968 ἐκθεῖναι,
3622 3906 3689 3959 δι’
3717 3902 3788 3976 ἧς

2216 4005 2281 4059 ἂν
2314 4005 2436 4059 καθ’
2470 4007 2652 4059 ὁποῖον
2719 4004 2838 4067 ἔτος
2885 4000 3175 4073 ζητοῦντες
3216 4001 3513 4072 λαμϐάνειν
3559 3999 3651 4052 τὸν
3701 4000 3791 4052 ἑν-

2215 4096 2428 4150 εστῶτα
2458 4095 2654 4150 κύκλον
2688 4093 2780 4149 τοῦ
2812 4073 2983 4165 ἡλίου,
3015 4092 3206 4148 τοῦτον
3239 4093 3634 4167 λαμϐάνοιμεν.
3676 4094 3791 4150 Καὶ

2216 4190 2362 4243 ἐστιν
2395 4189 2554 4259 αὕτη.

2215 4281 2479 4348 Μέθοδος
2520 4280 2594 4334 δι’
2642 4276 2719 4351 ἧς
2745 4280 3082 4402 εὐρέεσκετιῃ
3126 4284 3159 4335 ό
3203 4279 3310 4334 τοῦ
3354 4282 3532 4350 ἡλίου
3562 4282 3790 4348 κύκλος

2895 4365 3158 4402 οσταιοτι.

2895 4365 3158 4416 οσταιος.

2289 4441 2361 4493 Γν.
2390 4442 2433 4493 Τ
2438 4440 2473 4494 ὰ
2499 4440 2606 4494 ἀπὸ
2636 4432 2736 4509 τῆς
2765 4439 3154 4510 κοσμογενείας
3186 4439 3280 4511 ἔτη
3311 4440 3470 4513 μέχρι
3500 4440 3594 4494 καὶ
3621 4439 3789 4493 αὐτοῦ

544 4530 640 4584 per
678 4531 847 4570 xxvm
888 4516 1176 4586 partimur,
1212 4524 1266 4573 et
1292 4517 1557 4588 quidquid
1589 4528 1672 4574 est
1716 4520 1857 4573 infra
1912 4537 2111 4585 xxvm,

2218 4532 2312 4587 τοῦ
2341 4531 2688 4602 ἐνισταμένου
2714 4529 2869 4593 ἔτους
2895 4529 3282 4601 λαμϐάνοντες,
3316 4532 3411 4584 καὶ
3437 4531 3608 4585 ταῦτα
3638 4532 3790 4601 παρὰ

543 4605 728 4675 cyclus
752 4616 835 4662 est
863 4608 1014 4673 solis,
1050 4608 1143 4678 qui
1179 4609 1463 4679 quaeritur.
1489 4609 1734 4679 Exempli
1761 4611 1957 4681 gratia,
1983 4612 2113 4665 anui

544 4695 612 4748 ab
633 4694 763 4749 orbe
791 4696 1011 4750 condito
1033 4696 1101 4750 ad
1128 4697 1273 4752 hunc
1303 4714 1505 4752 annum
1536 4708 1898 4755 numerantur
1942 4700 2109 4764 6881,
2145 4694 2149 4699 ’

542 4785 611 4840 de
660 4787 862 4854 quibus
896 4787 1152 4857 demptis,
1191 4789 1371 4858 quoad
1400 4790 1548 4852 licet,
1594 4790 1686 4854 28,
1730 4792 1936 4847 residui
1986 4801 2115 4847 sunt

541 4876 631 4931 2i.
663 4876 818 4933 Unde
841 4879 1028 4950 cyclus
1052 4888 1137 4936 est
1168 4880 1231 4936 2|
1265 4896 1410 4936 anno
1437 4882 1626 4937 mundi
1658 4882 1827 4941 6881.

612 5154 747 5210 Cum
782 5166 959 5235 autem
982 5176 1050 5216 ex
1074 5162 1224 5216 omni
1256 5163 1508 5218 methodo
1538 5167 1846 5236 expeditior
1880 5184 2112 5238 quaeque

543 5250 884 5318 prmferatur,
918 5253 1064 5306 illam
1088 5253 1263 5323 ipsam
1294 5255 1349 5309 in
1382 5238 1686 5313 faciliorem
1715 5270 2113 5316 commutantes

543 5341 615 5395 ita
640 5326 1024 5401 tractabimus.

610 5433 742 5489 Post
773 5438 1101 5506 completum
1149 5439 1527 5494 centenarium
1560 5442 1890 5511 quemlibet,
1926 5443 2109 5497 ultimi

541 5526 753 5594 cyclum
771 5542 869 5595 pro
897 5530 1078 5584 radice
1102 5537 1401 5593 sumentes,
1446 5531 1513 5584 ad
1536 5534 1841 5588 centenarii
1870 5550 2112 5605 sequen~

543 5615 612 5669 tis
635 5631 808 5672 annos
839 5619 1123 5676 addimus:
1150 5636 1214 5676 ac
1237 5637 1451 5677 summa
1480 5637 1577 5693 per
1597 5622 1668 5676 28
1690 5625 1865 5680 divisa
1898 5627 2111 5693 eodem,

540 5721 652 5775 quo
685 5722 874 5777 supra,
910 5712 1094 5775 modo,
1128 5713 1274 5782 quod
1319 5715 1585 5783 quaeritur
1637 5717 1970 5773 obtinemus.
2003 5716 2110 5772 Ex-

542 5796 709 5867 empli
732 5812 911 5870 causa
939 5800 997 5857 in
1027 5817 1172 5857 anno
1200 5805 1504 5874 proposito,
1534 5808 1795 5877 quoniam
1830 5811 2111 5879 praeterito

2217 4624 2287 4677 τὰ
2306 4631 2389 4695 κη’
2414 4622 2746 4694 μερίζοντες,
2764 4622 2834 4677 τὰ
2851 4622 3095 4676 κάτωθεν
3117 4622 3226 4675 τῶν
3243 4629 3328 4693 κη’
3345 4622 3577 4686 κύκλους
3592 4622 3791 4692 ἔχομεν

2218 4714 2495 4786 ἡλιακούς.
2533 4708 2658 4767 Οἶον
2690 4712 2766 4777 ὡς
2801 4713 2859 4766 ἑν
2893 4711 3372 4783 ὑποδείγματιητὰ
3407 4711 3516 4765 ἀπὸ
3546 4711 3644 4781 τῆς
3691 4727 3788 4762 κο-

2217 4806 2536 4877 σμογενείας
2576 4805 2669 4875 έτη
2728 4803 2889 4876 μέχρι
2922 4801 3017 4856 τοῦ
3067 4802 3360 4883 ἑνεστῶτός
3406 4804 3513 4855 είσι
3562 4808 3786 4872 sema"

2215 4898 2280 4948 ἑκ
2317 4894 2521 4949 τούτων
2570 4893 2986 4965 ἀφαιρουμένων
3018 4891 3126 4945 τῶν
3159 4898 3270 4963 κη’,
3310 4892 3501 4955 ὁσάκις
3532 4893 3787 4964 ἐγχωρεῖ,

2216 4987 2636 5041 καταλείπονται
2664 4993 2771 5040 κα’.
2796 4986 2909 5039 Καὶ
2932 4985 3081 5038 ἑστιν
3111 4986 3139 5037 ὁ
3168 4984 3309 5038 κατὰ
3340 4984 3403 5037 τὸ
3440 4984 3791 5054 ἐνιστάμενον

2214 5088 2411 5153 ,ςωπω
2433 5080 2552 5144 ἔτος
2579 5080 2777 5143 κύκλος
2803 5079 2961 5150 ἡλίου
2992 5086 3101 5133 κε’.

2299 5172 2449 5224 Ἐπεὶ
2476 5171 2531 5224 δὲ
2553 5171 2737 5243 πάσης
2772 5170 2997 5241 μεθόδου
3028 5170 3125 5241 τὴν
3150 5169 3573 5241 προχειροτέραν
3601 5167 3790 5239 ἑγκρί-

2215 5277 2399 5331 νομεν,
2422 5260 2517 5313 καὶ
2547 5258 2752 5330 ταύτην
2786 5262 2865 5323 είς
2896 5259 2958 5312 τὸ
2992 5260 3409 5333 προχειρότερον
3438 5256 3794 5329 μεταποιοῦν-

2214 5368 2305 5413 τες
2329 5349 2500 5413 οὕτως
2541 5349 2606 5404 ἂν
2643 5349 3060 5420 μεθοδεύσομεν.

2285 5441 2422 5495 Καθ’
2448 5442 2684 5512 ἑκάστην
2712 5441 3103 5513 συμπλήρωσιν
3132 5440 3641 5511 ἑκατονταετηρίδος
3668 5456 3793 5491 σκο-

2217 5530 2449 5594 ποῦντες
2508 5531 2599 5584 τὸν
2634 5532 2905 5584 ἐνεστῶτα
2959 5531 3081 5585 τότε
3108 5531 3331 5597 κύκλον,
3368 5532 3464 5585 καὶ
3500 5529 3688 5582 τοῦτον
3714 5529 3794 5592 ὡς

2217 5625 2466 5696 θεμέλιον
2506 5624 2749 5694 ἔχοντες.
2780 5624 3143 5695 προστίθεμεν
3174 5628 3287 5689 τοῖς
3311 5625 3450 5678 κατὰ
3474 5624 3572 5694 τὴν
3601 5620 3792 5675 ἐπιοῦ-

2218 5739 2316 5774 σαν
2347 5718 2836 5789 ἑκατονταετηρίδα
2873 5717 3038 5783 ἔτεσι,
3080 5719 3175 5771 καὶ
3210 5722 3281 5771 τὰ
3307 5717 3653 5788 συναγόμενα
3697 5732 3797 5786 με-

2220 5811 2457 5885 ρίζοντες
2492 5811 2641 5882 παρὰ
2674 5810 2765 5865 ’ὢν
2792 5815 2899 5881 κη’,
2934 5808 3075 5863 κατὰ
3102 5809 3195 5865 τὸν
3222 5807 3529 5864 δῆλωθέντα
3569 5809 3798 5878 τρόπον,
