4112 6440
319 365 469 421 1285

1238 377 1465 435 ISAACI
1502 381 1810 440 MONACH'I
1850 387 2231 448 COMPUTUS
2269 394 2716 458 ECCLESIAST.

3460 419 3597 474 1286

326 483 524 556 ἔχομεν
548 485 608 538 τὸ
638 486 988 561 ζητούμενον.
1019 485 1144 547 Οἴον
1174 494 1249 559 ὡς
1271 498 1328 551 ἐν
1365 498 1724 572 ὑποδείγματι
1766 505 1889 558 κατέ

2011 512 2329 568 centenario
2375 525 2641 581 vertente,
2699 518 2802 573 hoc
2847 529 2932 577 est
2984 526 3164 582 sexies
3211 528 3505 587 millesimo
3541 543 3596 588 et

325 576 388 628 τὸ
437 578 797 649 προκείμενον
847 581 998 646 ἔτος,
1036 585 1196 648 ἐπεὶ,
1259 589 1760 664 συμπληρουμένης
1811 598 1910 668 τῆς

326 668 704 742 παρελθούσης
722 671 1255 748 ἐκατονταετηρίδος,
1281 681 1448 751 ἤγουν
1473 683 1567 736 τοῦ
1587 693 1702 749 ,ςω’
1733 686 1906 752 ἔτους,

325 759 402 812 κδ’
426 755 495 832 ἦν
527 763 556 814 6
586 760 681 814 τοῦ
713 762 865 833 ἡλίου
905 765 1127 830 κύκλος,
1162 769 1334 824 ταῦτα
1370 775 1448 827 κδ’
1489 776 1800 848 κρατοῦμεν
1833 780 1908 843 ὡς

323 851 575 923 θεμέλιον
610 857 741 926 παρ’
774 856 904 928 ὅλην
967 859 1067 931 τὴν
1115 861 1475 938 ἐνισταμένην
1520 869 1908 943 ἑκατονταετη-

324 944 476 1015 ρίδα’
506 947 600 999 καὶ¹
631 948 844 1013 τούτοις
868 953 1252 1032 προστιθέντες
1277 957 1345 1010 τὰ
1375 959 1537 1031 μέχρι
1572 961 1664 1015 τοῦ
1687 961 1783 1016 νῦν
1813 965 1907 1017 καὶ

322 1036 488 1090 αὑτοῦ
515 1037 608 1110 ἐτη
643 1046 758 1106 πα¹,
786 1040 857 1094 τὰ
885 1043 1154 1115 γενόμενα
1197 1055 1271 1118 ρε¹
1303 1052 1598 1123 μερίζομεν
1637 1056 1787 1127 παρὰ
1817 1058 1906 1111 τὸν

321 1135 431 1200 κη’,
461 1131 556 1183 καὶ
586 1131 655 1185 τὰ
679 1135 1122 1208 καταλειπόμενα
1157 1141 1250 1194 καὶ
1279 1141 1421 1197 οὕτω
1450 1145 1539 1198 κα¹
1565 1150 1742 1218 φαμὲν
1765 1144 1904 1203 εἶναι

319 1221 411 1274 τὸν
437 1221 636 1277 κύκλον
665 1224 760 1278 τοῦ
791 1227 964 1297 ἡλίου.

394 1315 631 1384 Εῠλογον
667 1317 712 1370 δ’
764 1319 831 1372 ἂν
886 1321 971 1394 εἴη
1003 1323 1099 1378 καὶ
1150 1325 1251 1396 τὴν
1294 1329 1386 1381 ἐπὶ
1429 1331 1543 1394 τοῖς
1594 1333 1906 1404 εἰρημένοις

318 1404 740 1463 ἀνακύπτουσαν
772 1411 1134 1483 προθεμένοις
1177 1416 1413 1488 ἀπορίαν
1454 1421 1704 1475 ἐνταυθοῖ
1745 1423 1903 1478 λῦσαι

245 1565 248 1576 Ι
320 1499 461 1552 κατὰ
490 1500 552 1553 τὸ
600 1502 902 1576 ἐγχωροῦν.
931 1509 1086 1561 Ἔστι
1117 1509 1174 1562 δὲ
1207 1508 1368 1582 αὕτη.
1404 1511 1476 1564 Τὸ
1529 1512 1744 1584 πρῶτον
1786 1514 1904 1580 ἔτος

321 1589 429 1642 τῶν
462 1590 706 1661 ἡλιακῶν
740 1593 957 1649 κύκλων
1003 1597 1112 1651 ἀπὸ
1139 1599 1351 1670 ἡμέρας
1381 1600 1626 1673 πρώτης,
1656 1605 1902 1658 τουτέστι

319 1681 630 1753 Κυριακῆς,
663 1684 874 1756 ἔφαμεν
897 1687 1160 1759 ἄρχεσθαι
1183 1730 1198 1754 ,
1234 1690 1376 1744 καθὰ
1408 1692 1470 1765 δὴ
1526 1695 1617 1748 καὶ
1647 1695 1755 1748 ἀπὸ
1803 1698 1904 1769 τῆς

320 1775 708 1844 κοσμογενείας
762 1778 1000 1850 πρῶτον.
1043 1781 1204 1836 Ἀλλὰ
1245 1784 1374 1847 νῦν,
1404 1787 1570 1856 ἡνίκα
1613 1789 1642 1839 6
1687 1790 1903 1862 πρῶτος

2012 601 2492 673 octingentesimo,
2534 610 2723 678 cyclus
2758 622 2875 666 erat
2907 616 3043 671 solis
3088 634 3236 685 xxxv,
3291 621 3438 677 hunc
3490 640 3598 680 nu-

2013 704 2246 756 merum,
2291 695 2439 749 velut
2488 698 2754 763 radicem,
2802 709 2920 757 toto
2963 706 3229 776 Sequente
3274 718 3598 771 centenario

2009 781 2329 849 retinemus,
2367 787 2434 840 ad
2467 805 2630 859 quem
2664 794 2918 851 residuos
2959 799 3026 852 ad
3071 801 3219 857 hunc
3243 820 3418 862 annos
3463 811 3598 879 adji-

2009 872 2216 929 cientcs
2257 876 2346 942 81,
2397 894 2668 936 summam
2714 884 2841 942 inde
2884 889 3190 949 confectam
3234 899 3339 954 105
3385 917 3483 971 per
3523 872 3598 960 DS

2010 963 2326 1031 dividimus,
2363 972 2508 1039 quod
2541 974 2812 1046 reliquum
2856 988 2962 1044 est,
3010 1000 3206 1057 nempe
3245 989 3337 1057 2|,
3375 963 3594 1065 cyclum

2011 1055 2145 1111 solis
2172 1072 2296 1113 esse
2323 1059 2578 1119 dicimus.

2077 1317 2184 1375 Sed
2231 1338 2342 1378 non
2394 1326 2492 1381 abs
2543 1344 2602 1382 re
2656 1329 2817 1386 fuerit
2866 1338 3224 1405 quaestionem
3272 1347 3590 1416 quamdam,

2005 1423 2126 1477 quae
2153 1413 2311 1468 exiis
2333 1429 2454 1484 quae
2471 1418 2612 1473 dicta
2637 1431 2766 1477 sunt
2783 1426 2979 1490 oritur,
3009 1428 3116 1494 hic,
3140 1413 3320 1501 quoad
3347 1436 3401 1490 in
3426 1413 3586 1497 nobis

2006 1498 2174 1564 situm
2201 1513 2305 1570 est,
2333 1506 2656 1566 dissolvere.
2684 1513 2778 1569 Est
2812 1525 2994 1573 autem
3028 1498 3320 1590 ejusmodi.
3341 1527 3588 1588 Primum

2005 1607 2208 1648 annum
2261 1599 2541 1669 cyclorum
2602 1605 2864 1662 solarium
2919 1626 2946 1663 a
3001 1614 3179 1682 prima
3245 1617 3403 1686 feria,
3469 1627 3593 1681 sive

2005 1682 2312 1754 Dominica,
2342 1692 2589 1749 inchoari
2615 1695 2877 1765 diximus,
2910 1702 3039 1758 item
3082 1715 3140 1759 ut
3180 1723 3358 1768 annus
3392 1717 3584 1771 mundi

2004 1778 2214 1847 primus
2260 1781 2499 1839 indidem
2560 1791 2817 1859 occcepit.
2885 1794 3056 1864 Atqui
3114 1799 3298 1866 hodie,
3364 1809 3586 1875 quoties

319 1866 544 1936 ἡλιακὸς
587 1870 748 1941 ἐνστῇ
786 1871 1007 1937 κύκλος,
1061 1874 1168 1926 ἀπὸ
1202 1875 1416 1948 ἡμέρας
1447 1876 1494 1948 β’
1523 1879 1771 1950 ἄρχεται,
1805 1884 1889 1937 zeal

2002 1871 2214 1939 primus
2255 1873 2358 1927 init
2403 1876 2536 1932 solis
2579 1878 2842 1947 circulus,
2900 1885 3061 1958 196
3100 1890 3292 1962 incipit
3322 1866 3460 1950 feria
3495 1914 3584 1954 se-

316 1959 379 2011 οὑ
411 1960 656 2032 πρώτης.
703 1964 814 2017 Καὶ
853 1964 905 2018 τί
933 1965 999 2020 ἂν
1043 1967 1128 2038 εἴη
1174 1967 1236 2020 τὸ
1277 1968 1449 2022 αἴτιον
1495 1971 1595 2043 τῆς
1627 1974 1768 2028 κατὰ
1803 1976 1899 2048 τὴν

317 2046 544 2120 πρώτην
591 2051 804 2122 ἡμέραν
833 2054 1040 2128 ταύτην
1081 2057 1382 2130 διαφορᾶς;
1426 2061 1536 2113 Καὶ
1565 2062 1703 2137 αὕτη
1744 2046 1895 2139 μὲν-ἡ

317 2140 522 2194 ἁποοία
541 2158 553 2170 ⁸
589 2141 772 2216 λυθείη
801 2145 846 2197 δ’
880 2147 946 2200 ἂν
967 2147 1141 2212 οὕτως
1168 2151 1310 2204 κατὰ
1334 2151 1394 2204 τὸ
1432 2152 1675 2224 εὔλογον.

385 2230 496 2300 Τῆς
533 2232 738 2303 κυρίως
790 2235 965 2306 ἀρχῆς
1017 2238 1112 2290 τοῦ
1137 2237 1310 2302 ἔτους,
1355 2240 1478 2310 ἥτις
1527 2245 1646 2296 ἐστὶ
1680 2244 1802 2300 καθ’
1829 2249 1897 2319 ἣν

311 2322 528 2394 ἡμέραν
565 2326 594 2378 6
651 2325 981 2399 δημιουργὸς
1023 2329 1132 2383 τῶν
1177 2331 1313 2385 ὅλων
1361 2333 1495 2398 Θεὸς
1537 2337 1639 2406 τῆς
1691 2339 1896 2393 τούτων

313 2415 580 2481 γενέσεως
601 2416 825 2489 ἤρξατο,
851 2419 1224 2492 ἀγνοουμένης
1249 2423 1306 2475 ἐν
1337 2423 1464 2495 ποία
1493 2425 1601 2479 τῶν
1624 2426 1714 2479 τοῦ
1742 2427 1895 2492 ἔτους

313 2506 462 2559 ἐστὶν
495 2507 736 2579 ἡμερῶν,
767 2509 941 2564 ἄλλων
971 2512 1138 2576 ἄλλας
1167 2515 1341 2585 ἀρχὰς
1362 2516 1770 2590 ὑποτιθεμένων
1799 2522 1893 2574 τοῦ

309 2596 492 2663 ἔτουςο
539 2600 762 2673 ἐπειδὴ,
793 2605 921 2656 ὅταν
975 2604 1169 2676 ἐπιστῇ
1223 2609 1253 2659 6
1283 2609 1414 2678 παρ’
1459 2611 1591 2680 ἡμῖν
1642 2612 1892 2683 Σεπτέμ-

313 2689 485 2760 ϐριος,
515 2691 574 2745 ὃν
605 2693 778 2765 ἀρχὴν
815 2694 1118 2765 ποιούμεθα
1155 2696 1250 2750 τοῦ
1280 2697 1454 2763 ἔτους,
1490 2698 1537 2763 ζ’
1581 2702 1730 2755 ἐστὶν
1761 2704 1896 2774 ἡμέ-

317 2801 411 2854 ραο
450 2785 578 2838 ὅταν
625 2786 681 2838 δὲ
728 2788 757 2839 ὁ
815 2787 1140 2862 Ὀκτώϐριος
1165 2831 1180 2856 ,
1224 2790 1300 2861 β’·
1333 2793 1668 2866 οἰκειοτέραν
1718 2796 1893 2868 ἀρχὴν

314 2877 613 2948 ποιούμεθα
640 2879 750 2932 τῶν
787 2881 1032 2951 ἡλιακῶν
1060 2883 1275 2937 κύκλων
1302 2885 1414 2957 τὴν·
1427 2887 1522 2939 τοῦ
1562 2889 1890 2961 Ὀκτωϐρίου

308 2969 505 3041 ἀρχὴν,
533 2969 566 3040 ἢ
593 2970 693 3041 τὴν
721 2971 816 3025 τοῦ
852 2973 1246 3048 Σεπτεμϐρίου.
1278 2976 1450 3031 Τοῦτο
1473 2978 1532 3032 δέ
1559 2980 1891 3055 σαφέστερον

310 3063 609 3133 ποιήσομεν
635 3065 738 3117 κάν
784 3067 850 3138 τῇ
886 3065 1094 3138 μεθόδῳ
1142 3067 1236 3122 τοῦ
1268 3070 1728 3144 ἡμεροευρεσίου·
1766 3075 1890 3146 ἥτις

309 3154 404 3207 καὶ
437 3153 548 3226 ἔχει
583 3154 778 3220 οὕτως.

643 3269 910 3338 Μέθοδος
936 3273 1042 3327 τοῦ
1064 3273 1554 3344 ἡμεροευρεσίου.

377 3363 448 3415 Δ’.
488 3362 657 3415 Ὅταν
692 3363 848 3434 τὴνδε
882 3365 1004 3419 τινὰ
1028 3366 1120 3420 τοῦ
1167 3368 1518 3440 ἐνισταμένου
1555 3371 1725 3441 μηνὸς
1749 3373 1887 3444 ἡμέ-

309 3469 407 3522 ραν
437 3451 690 3522 ζητῶμεν
721 3454 921 3525 εὑρεῖν,
947 3457 1004 3508 ἐν
1033 3457 1138 3510 τίνι
1172 3457 1280 3511 τῶν
1302 3459 1403 3530 τῆς
1434 3461 1725 3532 ἑϐδομάδος
1751 3465 1888 3534 ἡμε-

307 3544 416 3613 ρῶν
452 3544 762 3616 συμϐαίνει,
797 3546 1148 3619 λαμϐάνομεν
1205 3550 1296 3604 τὸν
1335 3551 1568 3623 ἀριθμὸν
1605 3554 1713 3608 τῶν
1745 3574 1886 3629 παρ-

303 3635 568 3689 ελθόντων
607 3636 824 3691 κύκλων
875 3638 968 3692 τοῦ
1003 3640 1176 3710 ἡλίου,
1223 3641 1360 3712 πλὴν
1405 3643 1500 3696 τοῦ
1555 3645 1881 3711 ἐνεστῶτος·

302 3727 399 3780 καὶ
428 3726 602 3798 τούτῳ
648 3728 1012 3800 προστίθεμεν
1054 3731 1154 3794 τάς
1185 3749 1244 3783 τε
1291 3733 1398 3786 ἀπὸ
1442 3735 1542 3804 τῆς
1574 3735 1747 3806 ἀρχῆς
1788 3736 1882 3789 τοῦ

267 3865 270 3867 .
306 3818 475 3889 μηνὸς
508 3820 718 3874 ἐκείνου
764 3821 978 3895 ἡμέρας
1012 3822 1138 3895 ἄχρι
1177 3825 1271 3877 καί
1313 3825 1486 3895 αὐτῆς
1535 3827 1634 3896 τῆς
1685 3825 1882 3899 ζητου-

306 3906 499 3977 μένης,
529 3907 608 3960 έτι
650 3926 711 3961 τε
757 3910 856 3981 τὴν
890 3911 1135 3981 ἐπακτὴν
1185 3912 1279 3964 τοῦ
1316 3913 1480 3965 αὐτοῦ
1525 3913 1712 3984 μηνὸς,
1758 3915 1882 3986 ἥτις

302 3995 448 4048 ἐστὶν
499 3997 827 4070 Ὁκτωϐρίου
871 4001 969 4070 μὲν
1005 4001 1187 4073 ἡμέρα
1223 4001 1292 4054 α’.
1340 4002 1470 4055 Ἀπὸ
1502 4003 1610 4073 γὰρ
1639 4005 1737 4075 τῆς
1783 4023 1882 4058 κυ-

301 4087 431 4159 ρίως
462 4089 637 4160 ἀρχῆς
665 4089 758 4142 τοῦ
802 4090 974 4157 ἔτους,
1015 4093 1137 4162 ἥτις
1172 4093 1320 4146 ἐστὶν
1347 4093 1531 4164 ἡμέρα
1565 4100 1635 4159 α’,
1668 4095 1704 4164 ἢ
1739 4095 1881 4150 κατὰ

297 4178 396 4251 τὴν
429 4187 475 4234 α’
515 4181 614 4251 μὲν
644 4182 738 4235 τοῦ
793 4183 1153 4255 Ὀκτωϐρίου,
1197 4187 1256 4238 ἐν
1288 4186 1475 4256 ἡμέρᾳ
1515 4185 1558 4253 β’
1591 4188 1875 4259 γινομένη,

302 4273 429 4342 μιᾶς
453 4261 665 4345 ἡμέρας
686 4277 830 4327 ποιεῖ
856 4275 1166 4346 μετάθεσιν.

727 4385 955 4440 Ὀκτώϐ.
1137 4388 1214 4441 λα’
1260 4397 1308 4441 α’

713 4457 1018 4527 Νοέμϐριος
1174 4458 1219 4510 λ’
1265 4459 1307 4512 δ’

712 4527 948 4596 Δεκέμϐ.
1140 4528 1218 4581 λα’
1253 4537 1308 4593 ς’

726 4597 988 4669 Ἰανουάρ.
1137 4598 1218 4651 λα’
1259 4599 1306 4669 β’

718 4668 1021 4740 φεδρουάρο
1133 4676 1220 4740 κη’
1262 4668 1308 4721 ε’

717 4736 981 4809 Μάρτιοςζ
1139 4736 1220 4791 λα’
1269 4746 1310 4792 ε’

731 4808 1004 4879 Ἀπρίλιος
1178 4809 1220 4861 λ’
1260 4817 1309 4862 α’

714 4879 893 4942 Μάῖος
1140 4879 1217 4932 λα’
1258 4887 1308 4948 γ’

723 4950 942 5013 Ἰούνιος
1173 4949 1218 5001 λ’
1250 4957 1305 5014 ς’

723 5019 939 5082 Ἰούλιος
1133 5019 1215 5072 λα’
1254 5027 1303 5072 α’

708 5089 1016 5158 Αὔγουστος
1130 5093 1210 5143 λα’
1259 5091 1301 5142 δ’

709 5160 980 5230 Σεπτέμϐ.
1172 5161 1216 5212 λ’
1255 5160 1300 5224 ζ’

265 5273 269 5277 ’
355 5273 466 5325 Καὶ
504 5272 646 5325 τοῦτ’
669 5274 816 5326 ἐστὶν
840 5276 976 5345 ὅπερ
1004 5273 1099 5327 καὶ
1127 5275 1386 5345 ἀνωτέρω
1406 5275 1694 5347 ἐλέγομεν,
1716 5277 1866 5332 λύον-

283 5380 372 5426 τες
397 5363 496 5434 τὴν
525 5363 963 5436 ἁναφαινομένην
1007 5364 1264 5436 ἀπορίαν.
1297 5366 1410 5418 Καὶ
1447 5367 1648 5439 ἐφεξῆς
1687 5369 1866 5439 Νοεμ-

286 5455 434 5526 ϐρίου
465 5456 670 5527 ἡμέραι
713 5455 773 5509 δ’.
821 5456 963 5520 Ὅτι,
991 5455 1070 5510 λα’
1116 5457 1330 5538 ἡμέρας
1374 5457 1471 5510 τοῦ
1527 5459 1862 5531 Ὀκτωϐρίου

282 5546 512 5616 ἔχοντες,
545 5548 746 5620 ἡμέραι
779 5554 830 5616 γ’
871 5547 1010 5618 μετὰ
1043 5548 1146 5612 τὰς
1181 5549 1222 5602 δ’
1256 5550 1671 5621 περιττεύουσιν
1713 5553 1864 5606 ἐϐδο-

286 5637 486 5707 μάδας·
525 5633 684 5693 αὗται
708 5639 765 5692 δὲ
801 5639 939 5710 μετὰ
977 5640 1072 5692 καὶ
1108 5641 1210 5711 τῆς
1243 5641 1352 5713 πρὸ
1379 5641 1474 5695 τοῦ
1527 5643 1861 5715 Ὀκτωϐρίου

285 5731 409 5799 μιᾶς
441 5730 483 5784 δ’
523 5731 757 5786 ποιοῦσι.
795 5732 1135 5804 Δεκεμϐρίου
1169 5733 1226 5786 δέ
1260 5741 1315 5798 ς’
1336 5750 1349 5763 ·
1386 5736 1470 5789 ὃτι
1522 5736 1660 5806 μετὰ
1690 5736 1790 5799 τὰς
1818 5737 1862 5789 δ’

282 5820 577 5888 ἑϐδομάδας
603 5825 631 5876 6
669 5823 970 5897 Νοέμϐριος
1008 5824 1053 5895 β’
1095 5825 1314 5898 ἡμέρας
1356 5826 1467 5898 ἔχει
1510 5828 1861 5900 περιττευού-

1914 3216 1962 3276 C

2001 1960 2202 2025 cunda,
2246 1979 2356 2018 non
2409 1967 2609 2036 prima.
2668 1968 2954 2028 Undenam
2994 1991 3125 2047 ergo
3199 1960 3389 2049 prima;
3432 1973 3582 2042 illius

1999 2051 2109 2108 diei
2159 2054 2458 2113 discrimen
2526 2063 2772 2118 accidit?
2827 2065 2923 2121 Est
2957 2067 3074 2124 haec
3125 2071 3240 2127 fere
3292 2074 3583 2134 dubitandi

1999 2142 2140 2196 ratio
2169 2162 2182 2197 :
2222 2145 2310 2199 cui
2352 2163 2453 2202 nos
2490 2161 2859 2210 consentanee
2881 2157 2961 2212 sic
2992 2164 3363 2220 occurrimus.

2075 2231 2270 2288 Verum
2301 2238 2430 2291 anni
2460 2240 2844 2311 primordium,
2880 2245 2984 2302 hoc
3032 2259 3116 2305 est
3145 2251 3264 2307 dies
3297 2255 3411 2320 illa,
3469 2272 3579 2328 qua

1997 2340 2183 2381 rerum
2236 2329 2483 2384 omnium
2544 2335 2882 2391 molitionem
2935 2354 3124 2395 earum
3179 2344 3377 2401 artifex
3435 2347 3580 2405 Deus

1998 2416 2257 2483 instituit,
2285 2421 2555 2477 incertum
2579 2431 2663 2478 est
2691 2441 2854 2496 quam
2884 2429 2941 2483 in
2969 2433 3097 2486 anni
3127 2433 3270 2490 diem
3300 2437 3576 2504 inciderit,

1996 2523 2123 2564 cum
2170 2511 2263 2566 alii
2322 2513 2428 2568 alia
2481 2526 2703 2570 sumant
2756 2534 3026 2576 annorum
3068 2525 3312 2583 exordia.
3367 2529 3579 2601 Quippe

1995 2602 2218 2659 ineunte
2270 2604 2578 2676 Septembri
2631 2618 2842 2681 nostro,
2889 2617 2983 2686 qui
3031 2633 3236 2673 annum
3284 2623 3427 2691 apud
3475 2640 3578 2682 nos

1995 2694 2229 2762 orditur,
2286 2698 2518 2769 septima
2578 2710 2664 2757 est
2717 2703 2893 2774 feria;
2929 2723 3055 2765 cum
3114 2721 3296 2769 autem
3340 2714 3582 2774 October

1993 2785 2210 2855 incipit,
2241 2790 2503 2845 secunda.
2537 2790 2665 2848 Ideo
2686 2794 2754 2849 ad
2783 2799 2913 2852 anni
2942 2801 3276 2873 principium
3307 2809 3574 2876 aptiorem

1993 2877 2251 2936 duximus
2293 2879 2606 2952 Septembri
2637 2887 2915 2945 ineuntem
2951 2890 3268 2951 Octobrem.
3319 2899 3476 2964 Quod
3517 2903 3580 2958 in

1993 2965 2243 3034 subjecta
2300 2971 2562 3027 methodo
2603 2975 2999 3048 investigandae
3050 2983 3202 3040 feriae
3263 2990 3576 3049 evidentius

1991 3059 2295 3127 apparebit,
2321 3076 2444 3131 quae
2473 3057 2541 3119 ad
2575 3065 2722 3122 hunc
2752 3071 2975 3126 modum
3009 3090 3068 3130 se
3103 3076 3286 3134 habet.

2343 3263 2626 3339 Met/rodas
2659 3270 3038 3344 investiganda:
3058 3279 3224 3346 fcriw.

2061 3350 2152 3410 ιν.
2196 3353 2401 3414 Mensis
2451 3359 2746 3429 cujuslibet
2778 3364 3011 3422 labentis
3036 3369 3180 3424 diem
3227 3372 3577 3443 inquirentes

1989 3459 2154 3514 quam
2199 3447 2252 3501 in
2311 3449 2674 3506 hebdomadis
2737 3455 2929 3510 feriam
2985 3457 3218 3527 incidat,
3277 3481 3568 3525 numerum

1991 3537 2262 3608 imprimis
2311 3549 2714 3599 transactorum
2749 3549 2883 3605 solis
2928 3557 3210 3621 cyclorum
3241 3559 3568 3629 accipimus,

1985 3647 2052 3686 eo
2088 3641 2336 3704 excepto,
2370 3637 2465 3706 qui
2502 3638 2795 3696 inchoatus
2827 3647 2946 3708 est;
2991 3652 3108 3697 tum
3157 3646 3226 3699 ad
3268 3649 3414 3705 hunc
3462 3670 3570 3708 nu-

1986 3739 2200 3780 merum
2230 3727 2348 3783 dies
2383 3730 2593 3786 mensis
2632 3731 2701 3784 ad
2743 3747 2869 3786 eum
2916 3749 3092 3804 usque
3133 3737 3227 3806 qui
3279 3732 3564 3814 qnaeritur,

1984 3830 2110 3872 cum
2141 3823 2351 3889 epactis
2381 3821 2626 3891 ejusdem
2673 3825 2880 3880 mensis
2909 3826 3235 3897 adjieimus;
3271 3847 3336 3886 ea
3366 3837 3420 3888 in
3468 3835 3568 3891 Oc-

1985 3909 2127 3962 tobri
2150 3919 2234 3965 est
2269 3912 2321 3965 1.
2374 3911 2507 3967 Nam
2537 3930 2567 3968 a
2614 3930 2744 3970 vero
2780 3916 2910 3970 anni
2943 3918 3266 3988 primordio,
3313 3927 3459 3994 quod
3507 3928 3566 3985 in

1984 4000 2176 4056 feriam
2228 4004 2461 4072 primam
2513 4015 2824 4077 competere
2873 4008 3056 4073 debet,
3121 4013 3448 4083 trajectione
3501 4020 3562 4075 in

1983 4094 2212 4150 Kalend.
2249 4095 2531 4154 Octobres
2569 4099 2710 4154 facta
2731 4140 2747 4165 ,
2794 4116 2915 4170 qua:
2947 4102 3154 4157 cadunt
3181 4106 3236 4160 in
3263 4111 3564 4168 secundam

1981 4186 2194 4255 feriam,
2219 4196 2273 4244 et
2303 4192 2430 4245 anni
2460 4192 2784 4264 principium
2813 4209 2844 4248 a
2881 4195 3041 4249 nobis
3071 4194 3464 4266 instituuntur,
3501 4203 3560 4258 ﬁt

1979 4277 2145 4334 unius
2171 4280 2279 4335 diei
2309 4282 2562 4336 mutatio.

2259 4390 2495 4448 October
2713 4413 2841 4452 xxx:
2991 4403 3012 4455 l

2257 4461 2566 4518 November
2709 4483 2819 4522 xxx
2983 4473 3013 4525 4

2260 4531 2562 4589 December
2707 4553 2738 4591 ι
2749 4555 2836 4592 xxi
2984 4543 3017 4594 6

2253 4603 2551 4659 Ianuarius
2708 4624 2838 4661 xxxi
2983 4612 3018 4664 2

2255 4673 2589 4732 Februarius
2704 4694 2874 4732 xxvm
2978 4683 3012 4734 5

2250 4742 2481 4800 Martius
2698 4764 2826 4802 xxxi
2976 4751 3009 4803 5

2254 4817 2460 4881 Aprilis
2709 4834 2817 4872 xxx
2986 4823 3012 4875 1

2257 4883 2432 4940 Maius
2703 4905 2832 4942 xxx:
2978 4893 3013 4942 5

2252 4954 2448 5010 Junius
2706 4975 2814 5012 xxx
2976 4967 3009 5014 6

2254 5023 2436 5080 Julius
2702 5045 2832 5083 xxx:
2978 5034 3003 5084 1

2252 5097 2534 5165 Augustus
2702 5115 2828 5154 xxx:
2977 5101 3005 5153 4

2255 5164 2578 5235 September
2699 5185 2809 5223 xxx
2980 5171 3008 5223 7

2038 5273 2216 5345 Atque
2247 5275 2352 5330 hoc
2379 5277 2562 5346 ipsum
2594 5289 2699 5343 est,
2731 5281 2880 5350 quod
2911 5284 3169 5353 superius
3202 5286 3546 5354 dicebamus,

1970 5382 2093 5421 cum
2147 5373 2444 5440 emergenti
2475 5375 2786 5442 ,quaestioni
2837 5377 3242 5446 respondimus.
3282 5380 3550 5451 Deinceps

1967 5458 2262 5516 Novembri
2318 5461 2436 5518 dies
2495 5481 2549 5517 iv
2596 5473 2928 5536 congruunt.
2996 5468 3211 5540 Quippe
3255 5487 3384 5526 xm
3430 5475 3548 5529 dies

1968 5551 2132 5607 habet
2167 5551 2410 5609 October
2463 5575 2477 5610 :
2517 5556 2661 5611 unde
2701 5574 2869 5628 supra
2903 5560 3277 5618 hebdomadas
3322 5581 3376 5618 IV
3417 5567 3547 5620 reli-

1966 5645 2059 5714 qui
2090 5652 2219 5700 sunt
2239 5645 2356 5700 dies
2385 5655 2500 5703 tres
2529 5666 2542 5702 :
2588 5649 2790 5718 quibus
2830 5650 3018 5706 addito
3069 5667 3085 5706 ι
3131 5653 3222 5722 qui
3252 5651 3545 5709 Octobrem

1966 5738 2282 5802 antecessit,
2318 5735 2454 5791 ﬁunt
2485 5754 2558 5793 ιν.
2585 5737 2882 5796 December
2918 5755 2973 5794 γι
3014 5743 3239 5812 praebet,
3283 5743 3542 5811 quoniam

1966 5837 2163 5900 praeter
2189 5828 2580 5904 hebdomadas
2632 5846 2706 5888 IV.
2753 5831 3059 5889 November
3104 5834 3333 5890 biduum
3376 5833 3543 5890 relinv
