4112 6440
568 354 710 413 1287
1580 351 1667 409 AD
1704 351 1975 409 EUSEBII
2012 349 2312 409 CHRONIC

2239 350 2409 409 IICON
2454 351 2821 408 APPENDIX.
3692 359 3851 415 I288

567 470 707 541 quit,
741 467 890 541 quod
934 481 1059 524 cum
1106 468 1387 541 prioribus
1414 473 1653 539 quatuor
1703 482 1799 523 sex
1838 467 2023 522 eﬂicit.
2057 464 2151 522 Ja-
2177 473 2221 530 Α
2253 484 2312 522 σα

2253 484 2352 533 σας
2370 485 2384 499 ο
2413 461 2571 523 αὗται
2598 468 2656 522 δὲ
2689 468 2829 540 μετὰ
2858 470 2967 525 τῶν
2997 470 3279 543 προτέρων
3309 470 3351 526 δ’
3379 478 3432 538 ς’
3460 471 3698 529 ποιοῦσι.
3719 475 3849 529 Καὶ

568 561 800 618 nuarius
852 574 979 615 vero
1024 574 1063 614 ιι
1116 559 1347 615 obtinet.
1396 557 1608 629 Quippe
1651 572 1705 613 γι
1759 557 2147 614 antecedentes
2247 562 2312 631 όμ

2247 561 2451 631 ὁμοίως
2496 560 2823 634 ’ῐανουαρίου
2849 561 2914 633 β’.
2949 563 3014 615 AI
3055 562 3164 635 γάρ
3212 564 3475 636 πρότεραι
3515 564 3609 632 ἓξ,
3649 566 3746 620 καὶ
3781 569 3848 622 αἱ

566 669 692 710 cum
727 651 1020 723 superﬂuis
1048 666 1134 715 Ill,
1161 666 1301 721 quas
1322 666 1491 722 supra
1543 666 1597 706 Iv
1632 650 2005 706 hebdomadas
2045 648 2149 705 De-
2248 661 2312 705 πε

2248 652 2663 725 περιττεύουσαι
2693 653 2794 717 τὰς
2837 653 3137 725 ἑϐδομάδας
3186 658 3326 711 κατὰ
3367 658 3456 711 τὸν
3497 659 3846 731 Δεκέμϐριον

564 745 786 801 cember
818 744 998 809 habet,
1028 759 1080 797 Ix
1115 743 1436 807 coniiciunt,
1472 742 1539 797 de
1571 742 1774 812 quibus
1808 741 2149 796 hebdomade
2248 752 2312 815 γ’,

2248 752 2318 815 γ’,
2344 745 2389 799 θ’
2420 745 2663 799 ποιοῦσιν
2683 761 2697 776 ο
2745 739 2820 801 ὧν
2851 745 3143 818 ἑϐδομάδος
3186 749 3617 821 ἀφαιρουμένης
3647 750 3692 821 β’
3722 751 3846 804 λεί’

564 838 869 900 sublracta,
916 834 1200 889 residuum
1246 842 1330 889 est
1373 834 1626 895 biduum,
1663 842 1826 903 atque
1874 832 1947 885 ita
1995 832 2150 887 dein-
2249 854 2312 890 πο

2249 853 2439 890 πονται
2470 838 2695 909 ἡμέραι.
2730 838 2840 890 Καὶ
2882 838 3081 909 ἐφεξῆς
3126 839 3433 905 ἀκολούθως
3463 842 3843 915 Φεϐρουαρίου

562 940 714 995 ceps,
739 922 1073 979 Februarius
1096 940 1150 989 ν,
1181 922 1409 979 Martius
1432 940 1483 988 ν,
1515 922 1771 993 quoniam
1793 920 2146 985 Februarius,
2248 934 2310 992 ε’,

2248 934 2310 992 ε’,
2338 928 2584 997 Μαρτίου
2621 926 2784 981 πάλιν
2829 934 2892 991 ε’,
2927 928 3015 982 διὰ
3061 930 3121 983 τὸ
3155 937 3240 1001 κη’
3279 931 3505 1003 ἡμερῶν
3555 933 3684 985 ὄντα
3734 935 3842 987 τδν

561 1019 755 1075 diebus
811 1024 1075 1072 constans
1121 1023 1249 1071 octo
1299 1015 1566 1071 dunlaxat
1622 1023 1675 1070 et
1718 1014 1935 1085 viginti,
1971 1015 2150 1070 nullas
2246 1019 2312 1071 Φε

2246 1018 2609 1091 Φεϐρουάριον
2646 1020 2917 1090 μηδεμίαν
2962 1025 3135 1074 ποιεῖν
3181 1021 3259 1093 τῷ
3292 1023 3489 1094 ἑφεξῆς
3521 1026 3651 1095 μηνὶ
3692 1028 3844 1078 ἑπτα⁹

562 1108 733 1163 mensi
772 1109 1017 1178 sequenti
1038 1106 1777 1177 relinquitepactas.Aprilis
1802 1123 1838 1166 ι,
1865 1105 2036 1160 Maius
2064 1121 2146 1171 ιιι,
2248 1121 2312 1158 κτ

2248 1105 2402 1175 κτήν.
2435 1104 2711 1177 ’Δπριλίου
2745 1113 2814 1170 α’,
2852 1106 3029 1160 Μαΐου
3052 1113 3122 1175 γ’,
3165 1108 3380 1161 Ἰουνίου
3407 1115 3480 1174 ς’,
3514 1109 3731 1162 Ἰουλίου
3763 1115 3842 1176 α’,

558 1196 757 1252 Junius
788 1212 863 1260 νι,
898 1195 1075 1252 Julius
1109 1213 1146 1258 ι,
1184 1197 1467 1266 Augustus
1497 1211 1570 1257 Iv,
1610 1194 1931 1265 September
1957 1210 2052 1248 νιι.
2246 1194 2312 1246 Avi

2246 1193 2561 1262 Αὐγούστου
2584 1195 2647 1258 δ’,
2674 1195 3167 1271 καὶιΣεπτεμϐρίου
3195 1195 3261 1261 ζ’.

628 1287 727 1343 His
776 1288 945 1360 igitur
989 1289 1223 1343 invicem
1275 1288 1497 1351 additis,
1535 1288 1795 1342 nimirum
1832 1288 2035 1343 mensis
2064 1288 2148 1342 in-

2319 1284 2503 1338 Ταῦτα
2536 1285 2712 1339 τοίνυν
2746 1286 3083 1350 συντιθέντες
3121 1287 3391 1358 ἀλλήλοις,
3423 1288 3521 1352 τάς
3550 1304 3607 1340 τε
3635 1287 3842 1357 δηλον-

2246 1376 2328 1429 ότι
2361 1375 2453 1429 τοῦ
2484 1377 2835 1446 ἐνισταμένου
2873 1377 3040 1447 μηνὸς
3079 1378 3291 1449 ἡμέρας
3322 1378 3483 1450 μέχρι
3529 1379 3623 1432 καὶ
3656 1379 3842 1449 αὐτῆς

559 1472 791 1544 epactis,
847 1487 1061 1527 necnon
1119 1471 1408 1542 praeteritis
1467 1471 1636 1541 cyclis
1695 1470 2009 1534 solarihus,
2086 1478 2147 1524 ut
2244 1467 2312 1537 τῆ

2244 1467 2344 1537 τῆς
2382 1466 2835 1537 ἐπιζητουμένης,
2878 1466 2973 1519 καὶ
3021 1466 3118 1530 τὰς
3150 1465 3245 1519 τοῦ
3291 1468 3455 1521 αὑτοῦ
3495 1466 3663 1540 μηνὸς
3694 1470 3844 1521 ἑπα-

563 1563 773 1618 diclum
814 1571 920 1628 est,
952 1578 1076 1618 cum
1113 1579 1302 1618 eorum
1344 1563 1765 1633 quadrantibus,
1802 1562 2008 1616 omisso
2040 1560 2146 1614 mi-
2246 1574 2312 1611 κτ

2246 1558 2402 1622 κτὰς,
2424 1559 2517 1611 καὶ
2544 1559 2680 1630 πρὸς
2704 1558 2917 1621 τούτοις
2945 1558 3072 1621 τούς
3097 1576 3155 1611 τε
3182 1558 3548 1630 παρελθόντας
3569 1561 3843 1629 ἡλιακοίις
3900 1586 3907 1599 ι

561 1671 697 1710 nore
742 1671 905 1726 quam
978 1671 1031 1708 Iv
1082 1670 1350 1722 numero;
1397 1669 1611 1709 summa
1662 1654 1901 1724 denique
1933 1668 2031 1723 per
2070 1668 2145 1707 νιι
2247 1649 2312 1702 κύ

2247 1649 2498 1714 κύκλους,
2522 1649 2597 1713 ὡς
2626 1652 2838 1722 εἴρηται
2858 1690 2873 1715 ,
2907 1651 2999 1702 καὶ
3023 1648 3091 1703 τά
3117 1651 3319 1704 τούτων
3352 1651 3479 1720 a'/8'
3510 1653 3841 1723 παρεῶντες

560 1746 760 1807 divisa.
811 1746 1123 1809 residuum,
1171 1746 1318 1816 quod
1370 1746 1556 1800 minus
1598 1753 1681 1801 est
1720 1755 1951 1816 septem,
1988 1744 2147 1799 docet
2246 1740 2312 1793 τὰ

2246 1740 2313 1793 τὰ
2350 1740 2608 1795 ἐλάττονα
2650 1742 2757 1795 τῶν
2791 1743 2856 1804 δ’,
2900 1743 2994 1796 καὶ
3027 1742 3119 1796 τὸν
3166 1744 3446 1814 γινόμενον
3495 1744 3629 1814 ὁμοῦ
3660 1746 3841 1799 πάλιν

561 1853 723 1909 quam
751 1839 806 1893 in
834 1839 1020 1894 feriam
1051 1839 1312 1909 quaesitus
1335 1839 1451 1894 dies
1476 1839 1682 1895 mensis
1707 1839 1853 1893 illius
1875 1839 2141 1895 incurrat.
2177 1818 2218 1873 Β
2246 1833 2312 1904 ἀρ

2246 1831 2475 1904 ἀριθμὸν
2511 1834 2824 1905 μερίζοντες
2863 1836 3015 1907 παρὰ
3057 1837 3147 1889 τὸν
3177 1836 3242 1901 ζ’,
3286 1837 3355 1889 τὰ
3387 1837 3838 1909 καταλειπόμενα.

559 1934 817 1990 δλάττονα
835 1935 945 1989 τῶν
964 1936 1029 2001 ζ’,
1047 1936 1241 2007 ἔχομεν
1266 1937 1322 1988 ὲν
1350 1935 1479 2008 ποία
1494 1937 1600 1989 τῶν
1623 1934 1724 2006 τῆς
1744 1934 2035 2007 ἑϐδομάδος
2058 1927 2281 2004 ἡμερῶν
2310 1927 2594 1999 συμϐαίνει
2617 1928 3066 2003 ήὲπιζητουμένη
3093 1932 3272 2003 ἡμέρα
3294 1930 3388 1985 τοῦ
3408 1934 3573 2003 μηνὸς
3589 1932 3835 1990 ἐκείνου.

630 2046 876 2119 Exempli
924 2050 1135 2118 gratia:
1184 2047 1532 2119 Propositum
1566 2050 1637 2105 sit
1679 2048 1958 2119 inquirere
2004 2060 2146 2117 prae-

2328 2035 2452 2095 Οἷον
2477 2042 2569 2096 ἐπὶ
2604 2042 3020 2114 ὑποδείγματος,
3050 2042 3188 2097 ἔστω
3220 2042 3402 2115 ζητεῖν
3426 2047 3571 2116 ἡμᾶς
3597 2047 3702 2117 τὴν
3732 2047 3837 2101 τοῦ

561 2140 736 2196 sentis
767 2141 976 2197 mensis
1004 2140 1260 2196 Octobris
1293 2141 1435 2196 diem
1470 2156 1619 2205 τινι,
1654 2156 1818 2211 quam
1850 2140 1905 2195 in
1937 2137 2146 2195 hebdo-
2250 2148 2312 2186 πα

2250 2134 2516 2205 παρόντος
2550 2134 2882 2206 Ὀκτωϐρίου
2911 2142 3002 2201 κς⁹
3030 2138 3229 2207 εὑρεῖν,
3264 2137 3323 2189 ἐν
3362 2138 3490 2208 ποία
3530 2138 3631 2208 τῆς
3675 2138 3837 2192 ἐϐδο-

560 2230 737 2288 madis
765 2230 958 2286 feriam
991 2232 1172 2288 cadat.
1216 2231 1421 2303 Accipe
1449 2232 1568 2288 dies
1604 2234 1838 2304 primum
1870 2246 2020 2297 xxvr,
2049 2230 2143 2300 qui
2247 2226 2312 2296 μό

2247 2224 2414 2296 μάδος
2437 2225 2663 2298 ήμερῶν
2706 2226 3012 2296 συμϐαίνει.
3056 2227 3418 2299 Λαμϐάνομεν
3448 2230 3545 2294 τὰς
3581 2231 3694 2285 ἀπὸ
3725 2233 3839 2304 τῆς

2244 2318 2540 2388 νουμηνίας
2568 2316 2732 2370 αὑτοῦ
2758 2318 2919 2389 μέχρι
2951 2318 3051 2389 τῆς
3076 2326 3168 2384 κς¹
3188 2320 3282 2373 καὶ
3310 2321 3476 2393 αὐτῆς
3495 2322 3715 2393 ἡμέρας
3732 2332 3836 2389 κς¹

2243 2406 2336 2464 καὶ
2381 2407 2610 2473 ταύταις
2664 2408 3029 2481 προστίθεμεν
3073 2412 3171 2482 τήν
3203 2428 3263 2464 τε
3309 2412 3472 2465 αὑτοῦ
3519 2412 3613 2466 τοῦ
3657 2417 3836 2485 μηνὸς

2241 2499 2484 2572 ὲπακτὴν
2517 2507 2586 2567 α’,
2622 2501 2715 2554 καὶ
2747 2501 2826 2555 ἐτι
2874 2504 3001 2565 τοὺς
3047 2503 3413 2576 παρελθόντας
3449 2509 3496 2558 κ’
3528 2504 3625 2558 τοῦ
3672 2507 3833 2576 ἡλίου

2241 2591 2492 2658 κύκλους,
2518 2594 2700 2648 καὶτὰ
2725 2594 2929 2648 τούτων
2946 2594 3096 2665 α’[δκ
3119 2597 3155 2650 ἆ
3175 2598 3280 2649 είσι
3302 2604 3360 2650 ε’.
3395 2597 3468 2650 Τὸ
3482 2598 3591 2671 γὰρ
3622 2607 3674 2654 α’
3702 2600 3833 2672 ἄχρι

2239 2684 2348 2738 τῶν
2369 2685 2409 2739 δ’
2427 2686 2933 2757 καταλιμπάνομεν,
2957 2685 3033 2751 ὡς
3060 2687 3317 2759 ἀνωτέρω
3348 2690 3689 2760 εἰρήκειμεν.
3719 2692 3832 2744 Καὶ

2237 2776 2307 2830 τά
2346 2777 2614 2848 γενόμενα
2662 2776 2798 2847 ὁμοῦ
2843 2776 2922 2846 νβ’
2961 2779 3281 2850 μερίσαντες
3327 2782 3475 2851 παρὰ
3515 2781 3609 2833 τὸν
3658 2783 3726 2846 ζ’,
3759 2783 3830 2835 τὰ

2239 2868 2666 2939 καταλειφθέντα
2716 2873 2766 2937 γ’
2836 2868 3033 2940 ἔχομεν
3097 2869 3197 2941 τὴν
3261 2875 3354 2935 κς⁹
3404 2871 3499 2924 τοῦ
3555 2874 3831 2942 παρόντος

2252 2958 2579 3030 Ὀκτωϐρίου
2617 2959 2787 3031 μηνὸς
2823 2959 2883 3013 ὲν
2908 2959 3095 3031 ἡμέρᾳ.
3135 2965 3183 3028 γ’
3214 2961 3638 3033 γεννησομένην.

560 1380 742 1436 choati
803 1380 998 1437 diebus
1056 1380 1124 1435 ad
1184 1382 1526 1451 propositum
1588 1396 1785 1450 usque,
1835 1387 1889 1434 et
1939 1379 2148 1435 mensis

559 2322 630 2378 ab
658 2322 779 2393 ejus
828 2322 1088 2379 Kalendis
1118 2324 1290 2394 elapsi
1324 2330 1453 2379 sunt
1498 2341 1513 2379 :
1553 2323 1641 2379 his
1678 2323 1816 2379 adde
1863 2331 1974 2377 tam
2017 2337 2147 2393 epa-

560 2421 709 2468 ctam
738 2429 757 2468 ι
795 2414 1002 2471 mensis
1034 2414 1206 2480 illius,
1241 2430 1403 2485 quam
1437 2431 1530 2478 xx,
1582 2415 1653 2470 ob
1701 2414 1925 2470 totidem
1958 2415 2143 2486 cyclos

558 2508 902 2577 praeteritos:
932 2524 1035 2565 nec
1067 2525 1178 2565 non
1204 2508 1543 2581 quadrantes
1563 2524 1777 2576 eorum,
1804 2508 1897 2579 qui
1932 2515 2061 2564 sunt
2086 2524 2138 2563 ν.

556 2597 694 2654 Nam
748 2616 767 2656 ι
807 2616 982 2670 usque
1024 2600 1093 2656 ad
1143 2618 1193 2656 Iv
1231 2602 1621 2671 relinquimus,
1676 2607 1736 2656 ut
1792 2616 1957 2672 supra
2004 2600 2139 2656 dixi.

560 2691 784 2747 Summa
815 2694 1044 2748 collecta
1081 2707 1155 2749 ut
1199 2708 1296 2763 per
1327 2709 1401 2747 vn
1429 2692 1628 2756 divisa,
1678 2708 1739 2746 ιιι
1767 2693 2010 2762 reliquos
2039 2690 2140 2746 ha-

557 2783 751 2840 bemus
782 2803 796 2840 :
830 2784 905 2839 ita
935 2792 995 2839 ut
1024 2785 1343 2855 propositus
1371 2782 1489 2840 dies
1537 2783 1793 2840 Octobris
1828 2799 1956 2839 xxvr
2003 2782 2140 2839 feria

556 2875 720 2930 tertia
737 2873 1079 2933 sit~futurus.

2309 3051 2419 3105 Καὶ
2452 3051 2653 3123 ὁμοίως
2686 3051 2741 3104 δὲ
2773 3052 2873 3122 τὴν
2903 3052 3076 3124 ἀρχὴν
3117 3052 3349 3106 ἑκάστου
3384 3053 3554 3124 μηνὸς
3591 3053 3828 3125 ζητοῦν-

2236 3160 2348 3208 τες,
2391 3144 2491 3213 τήν
2533 3160 2593 3195 τε
2626 3149 2675 3196 α’
2720 3142 2813 3196 τοῦ
2849 3143 3018 3214 μηνὸς
3059 3143 3448 3215 λαμϐάνοντες,
3500 3146 3596 3200 καὶ
3650 3148 3826 3220 ταύτῃ

626 3050 832 3108 Eodem
862 3052 1029 3110 modo
1070 3070 1195 3110 cum
1238 3055 1456 3113 initium
1495 3055 1703 3113 mensis
1748 3056 2016 3127 cujusque
2050 3069 2140 3111 re-

556 3144 814 3214 quiritur,
846 3146 966 3216 ejus
992 3145 1262 3203 Kalendas
1296 3149 1586 3214 sumimus,
1616 3164 1740 3204 cum
1763 3150 1970 3219 epactis
1994 3148 2139 3218 ejus-

556 3236 704 3302 dem,
729 3244 784 3291 et
803 3238 972 3307 cyclis
1002 3238 1157 3301 solis,
1189 3254 1490 3311 eorumque
1521 3240 1955 3311 quadrantibus:
2006 3238 2135 3311 qui-

2238 3235 2336 3306 τὴν
2364 3234 2611 3305 ὲπακτὴν
2644 3235 2831 3297 αὐτοῦ,
2868 3234 2991 3299 τούς
3028 3253 3088 3289 τε
3138 3236 3369 3301 κύκλους
3406 3237 3501 3291 τοῦ
3547 3238 3704 3309 ἡλίου
3734 3244 3826 3294 καὶ

556 3325 660 3380 bus
715 3342 781 3380 ex
838 3327 1093 3382 omnibus
1152 3309 1550 3385 coalescentem
1615 3346 1883 3386 summam
1947 3330 2002 3386 in
2060 3346 2131 3385 vu
2162 3309 2204 3365 ο
2236 3326 2304 3380 τὰ

2239 3326 2304 3380 τὰ
2319 3326 2523 3379 τούτων
2542 3326 2669 3395 a'/'o"
2687 3326 3088 3398 προστιθέντες,
3112 3329 3307 3382 καὶτὸν
3330 3330 3391 3380 ἐκ
3407 3330 3504 3399 τῆς
3523 3329 3825 3395 συνθέσεως

557 3417 846 3487 partimur,
900 3425 961 3471 ut
1011 3417 1159 3489 quod
1215 3420 1504 3490 quaesitum
1553 3428 1636 3475 est
1686 3420 2006 3475 habeamus.
2067 3418 2134 3474 Et

555 3500 840 3576 quoniam,
873 3515 932 3562 ut
956 3508 1261 3579 expeditior
1286 3510 1357 3564 sit
1387 3510 1691 3573 methodus,
1715 3510 1969 3564 tabellam
2002 3509 2134 3564 sub-

551 3599 752 3669 jecturi
786 3615 999 3665 sumus,
1041 3599 1109 3656 de
1139 3601 1241 3657 hac
1270 3616 1393 3672 qua:
1439 3601 1497 3656 in
1541 3616 1655 3657 rem
1700 3600 1906 3657 fuerint
1950 3601 2126 3671 expli-

555 3688 825 3744 cabhuus.

626 3777 732 3834 Sed
751 3779 882 3833 illud
902 3781 1214 3836 necessario
1236 3782 1526 3837 tenendum
1555 3789 1660 3848 est,
1684 3781 1899 3854 quoties
1922 3781 2139 3839 bissex-

557 3872 706 3927 tilem
751 3888 954 3926 annum
1005 3873 1212 3930 habens
1254 3876 1443 3947 cyclus
1486 3876 1748 3941 occurrit,
1798 3877 1878 3930 uti
1927 3891 2003 3942 ιν,
2050 3875 2137 3932 vel

557 3979 676 4026 vm,
700 3970 753 4017 et
783 3964 987 4027 caeteri,
1025 3964 1182 4036 197
1207 3981 1309 4021 nos
1334 3982 1444 4022 non
1473 3968 1542 4023 ab
1564 3967 1786 4022 ineunte
1811 3966 1954 4038 cycli
1986 3967 2136 4023 illius

559 4067 707 4106 anno
752 4051 1086 4121 quadrantes
1135 4056 1413 4126 cyclorum
1460 4056 1732 4125 accipere,
1782 4056 1877 4110 sed
1920 4070 1951 4109 a
1999 4072 2132 4112 xxix

554 4142 643 4196 die
668 4139 977 4207 Februarii,
1014 4143 1107 4214 qui
1140 4154 1270 4199 tunc
1301 4160 1426 4199 xxix
1450 4151 1670 4201 constat
1697 4142 1889 4199 diebus
1916 4163 1929 4199 :
1956 4160 2132 4215 quan-

553 4234 851 4303 doquidem
916 4233 1081 4305 hujus
1147 4236 1224 4290 rei
1295 4236 1470 4306 gratia
1525 4235 1786 4291 solarium
1854 4239 2130 4308 cyclorum

551 4327 886 4396 quadrantes
913 4327 981 4382 ad
1013 4329 1394 4398 computandae
1423 4327 1575 4384 feriae
1616 4327 1937 4382 methodum
1973 4343 2133 4384 assu-

550 4433 775 4475 mimus.

2242 3417 2393 3489 παρὰ
2422 3417 2512 3471 τὸν
2538 3418 2582 3482 ζ’
2617 3416 2948 3491 μερίζοντες,
2979 3418 3173 3490 ἕξομεν
3204 3420 3265 3474 τὸ
3287 3421 3638 3492 ζητούμενον.
3673 3424 3824 3476 Ἐπεὶ

2240 3508 2299 3562 δὲ
2331 3509 2426 3563 καὶ
2479 3510 2724 3563 κανόνιον
2768 3508 3115 3581 ἐκθησόμεθα
3158 3513 3587 3585 προχειροτέρας
3636 3516 3823 3569 ἕνεκεν

2241 3599 2512 3671 εὑρέσεως
2532 3599 2640 3654 τῶν
2667 3600 2944 3667 τοιούτων,
2961 3601 3198 3675 ἐροῦμεν
3223 3604 3314 3656 καὶ
3348 3604 3477 3676 περὶ
3504 3604 3700 3659 τούτου
3721 3608 3825 3662 ὅσα

2242 3691 2409 3755 είκός.

2306 3782 2419 3835 Καὶ
2448 3780 2607 3835 τοῦτο
2645 3782 2690 3837 δ’
2720 3782 3016 3851 ἀναγκαῖον
3059 3785 3209 3855 ἡμᾶς
3250 3784 3470 3850 εἰδέναι,
3507 3785 3601 3850 ὡς,
3654 3787 3825 3860 ἡνίκα

2236 3873 2430 3944 ἐπιστῇ
2453 3873 2651 3939 κύκλος
2678 3875 2832 3947 ἡλίου
2864 3874 3144 3947 βίσσεξτον
3176 3877 3295 3941 ἔτος
3324 3878 3516 3943 ποιῶν,
3544 3875 3658 3933 οἷον
3683 3880 3745 3945 δ’,
3784 3881 3822 3954 ἦ

2234 3970 2309 4034 η’,
2335 3965 2428 4017 καὶ
2448 3965 2498 4017 οἱ
2528 3963 2727 4035 ἐφεξῆς
2748 3965 2890 4018 κατὰ
2921 3966 3238 4033 ἀκόλουθον,
3267 3968 3367 4020 οὐκ
3396 3967 3490 4021 ἀπ’
3517 3969 3691 4040 αὐτῆς
3718 3972 3825 4041 τῆς

2236 4056 2410 4128 ἀρχῆς
2433 4054 2529 4108 τοῦ
2562 4056 2682 4109 κατ’
2712 4058 2917 4110 ἐκεῖνον
2944 4056 3035 4110 τὸν
3064 4058 3263 4111 κύκλον
3291 4058 3443 4123 ἔτους
3468 4059 3823 4131 λαμϐάνομεν

2235 4146 2295 4199 τὸ
2321 4146 2363 4199 δ’
2395 4146 2504 4198 τῶν
2532 4146 2767 4211 κύκλων,
2804 4146 2920 4201 ἀλλ’
2942 4147 3050 4200 ἀπὸ
3070 4150 3169 4219 τῆς
3199 4149 3279 4202 κθ¹
3312 4149 3404 4203 τοῦ
3423 4149 3820 4223 Φεϐρουαρίου,

2237 4236 2317 4289 κθ¹
2347 4236 2651 4307 τηνικαῦτα
2698 4238 2914 4309 ἡμέρας
2950 4238 3196 4309 ἔχοντος·
3257 4239 3443 4311 ἐπειδὴ
3479 4242 3573 4295 καὶ
3618 4243 3821 4296 τούτου

2238 4326 2399 4397 χάριν
2427 4326 2493 4380 τὰ
2514 4328 2640 4397 tri/6'
2657 4328 2764 4382 τῶν
2781 4329 3021 4399 ἡλιακῶν
3045 4329 3260 4385 κύκλων
3281 4331 3587 4403 ζητοῦντες,
3612 4336 3695 4394 εἰς
3713 4335 3823 4407 τὴν

2167 4415 2211 4470 1)
2240 4418 2459 4489 μέθοδον
2489 4419 2583 4473 τοῦ
2614 4423 3039 4496 ήμεροευρεσίου
3069 4424 3590 4497 παραλαμϐάνομεν.

1560 4514 1922 4568 ΚΑΝΟΝΙυΝ
1973 4513 2110 4569 ΤΟΥ
2161 4514 2765 4571 ΗΜΕΡΟΕΥΡΕΣΙΟΥ.

1608 4604 1949 4662 Lalerculum
1981 4607 2050 4660 ad
2097 4607 2515 4677 investigandum
2545 4609 2753 4676 feriam.

2086 4721 2965 4780 I259IO56

1392 4792 1622 4847 Romani
2089 4793 2122 4845 7
2232 4792 2263 4839 7
2338 4793 2405 4846 15
2475 4793 2541 4847 14
2617 4793 2684 4848 15
2753 4794 2816 4848 2i
2899 4795 2959 4849 11

1392 4863 1605 4918 Menses
2056 4861 2121 4916 I8
2194 4862 2262 4916 19
2331 4863 2403 4916 25
2473 4863 2543 4916 26
2614 4864 2682 4917 27
2755 4864 2826 4918 22
2896 4866 2968 4917 εδ

2054 4932 2263 4986 1224
2369 4933 2543 4985 820
2648 4933 2966 4989 41628

1391 5025 1623 5080 Martius
1862 5025 1925 5079 31
2038 5022 2106 5077 VI
2173 5024 2261 5077 VII
2346 5023 2367 5077 I
2472 5023 2516 5079 Il
2603 5024 2670 5079 III
2738 5025 2804 5078 IV
2884 5024 2928 5079 V

1386 5098 1584 5165 Aprilis
1856 5096 1925 5165 so
2028 5095 2093 5165 _u
2172 5093 2239 5165 ιιι
2314 5095 2383 5165 ιν
2436 5094 2506 5165 MV
2582 5095 2649 5165 vi
2712 5095 2805 5150 vu
2886 5096 2905 5149 ι

1387 5162 1566 5219 Maius
1740 5174 1749 5186 '
1856 5164 1920 5217 51
2027 5163 2094 5216 IV
2182 5164 2224 5216 V
2314 5162 2378 5217 VI
2436 5162 2523 5219 VII
2604 5164 2622 5217 I
2737 5168 2774 5220 Il
2861 5166 2929 5221 I:I

1385 5236 1580 5290 Junius
1857 5235 1925 5287 50
2018 5232 2109 5288 VII
2199 5232 2218 5287 I
2327 5233 2369 5288 II
2454 5234 2519 5288 III
2590 5233 2659 5289 IV
2734 5235 2779 5288 V
2863 5237 2929 5291 VI

1384 5305 1564 5358 Julius
1854 5304 1917 5356 31
2051 5305 2087 5356 ll
2175 5304 2240 5357 III
2311 5303 2376 5358 IV
2465 5304 2507 5359 V
2591 5305 2650 5359 Vl
2714 5306 2805 5362 VII
2897 5307 2917 5359 Ι

1386 5377 1654 5444 Augustus
1858 5374 1922 5444 51
2046 5373 2089 5427 V
2169 5374 2237 5444 Vl
2296 5373 2386 5427 VII
2468 5377 2516 5444 Ir
2604 5376 2644 5429 II
2714 5377 2781 5429 Ill
2856 5375 2926 5431 IV

1386 5443 1684 5512 September
1859 5443 1929 5497 30
2048 5446 2069 5498 Ι

2173 5443 2216 5497 Il
2311 5444 2375 5497 Ill
2452 5443 2522 5499 IV
2608 5446 2649 5501 V
2706 5446 2776 5502 VI
2848 5447 2942 5503 VII

1388 5514 1613 5570 October
1859 5514 1921 5568 3|
2036 5512 2102 5568 III
2170 5513 2238 5568 IV
2324 5514 2364 5569 V
2452 5514 2519 5569 VI
2576 5516 2668 5570 VII
2749 5518 2767 5571 Ι
2881 5517 2923 5572 II

1389 5584 1680 5638 November
1856 5584 1924 5638 30
2049 5583 2115 5638 Vl
2169 5584 2258 5638 VII
2329 5585 2347 5638 I
2455 5586 2497 5639 Il
2601 5587 2664 5641 III
2738 5586 2806 5641 IV
2878 5586 2923 5639 V

1385 5655 1666 5709 December
1824 5655 1911 5708 ‹51
2046 5653 2065 5707 I
2179 5655 2222 5708 Il
2301 5655 2364 5708 Ill
2436 5656 2503 5711 IV
2586 5656 2631 5711 V
2712 5656 2780 5712 VI
2847 5656 2941 5712 VII

1384 5724 1680 5780 Januarius
1853 5725 1917 5778 51
2034 5724 2103 5779 IV
2172 5724 2216 5780 V
2301 5724 2367 5780 Vl
2431 5726 2522 5781 VII
2605 5727 2625 5781 I
2724 5728 2767 5783 Il
2853 5727 2923 5783 III

1383 5793 1713 5850 Februarius

1796 5793 1965 5850 28-29
2014 5793 2105 5852 VII
2171 5798 2193 5850 ι
2303 5795 2348 5852 II
2431 5796 2500 5851 ιιι
2577 5796 2648 5852 IV
2726 5798 2768 5853 V
2853 5798 2920 5853 VI
