4112 6440
327 419 468 474 τ289

497 534 639 605 Περὶ
665 534 770 589 τοῦ
802 533 1088 589 κανονίου
1119 535 1226 588 τοῦ
1258 537 1742 604 ἠμεροευρεσίου.

399 625 420 655 ²
454 625 519 676 Αἱ
553 626 650 694 μὲν
679 619 773 678 οῦν
804 623 1096 694 νουμηνίαι
1139 623 1367 678 αὐτόθεν
1414 627 1480 677 ἐκ
1523 624 1621 678 τοῦ
1663 627 1911 680 κανονίου

323 713 712 783 λαμϐάνονται.
758 714 862 767 Τὸν
896 713 1004 785 γὰρ
1031 714 1378 785 ἐνιστάμενον
1412 713 1612 768 κύκλον
1635 716 1729 769 τοῦ
1761 717 1913 788 ἡλίου

321 805 694 876 λαμϐάνοντες
733 808 798 858 ἐκ
838 805 933 858 τοῦ
968 804 1188 878 πρώτου
1220 805 1448 859 σελιδίου
1469 845 1484 871 ,
1518 807 1547 860 ὃ
1582 807 1722 860 κατὰ
1753 808 1913 878 βάθος

322 898 533 960 πάντας
584 899 710 960 τοὺς
757 896 990 960 κύκλους
1031 896 1196 952 αὑτοῦ
1245 899 1526 969 περιέχει,
1567 901 1662 952 καὶ
1709 901 1772 952 ἐκ
1815 899 1910 952 τοῦ

321 987 603 1050 ἀνωτάτω,
639 987 732 1040 καὶ
757 987 1064 1059 πρωτίστου
1091 987 1272 1058 στίχου
1299 989 1392 1042 τοῦ
1420 989 1766 1060 περιέχοντος
1785 990 1912 1053 τοὺς

325 1079 504 1150 μῆνας
525 1121 538 1145 ,
567 1079 658 1132 τὸν
687 1080 1042 1151 ἐνιστάμενον
1079 1081 1252 1152 μῆνα,
1283 1075 1346 1134 οῦ
1375 1079 1472 1152 τὴν
1497 1081 1792 1151 νουμηνίαν
1819 1080 1912 1153 ζη-

319 1161 544 1241 τοῦμεν,
573 1172 673 1243 τὴν
697 1172 754 1224 ἐν
783 1170 859 1242 τῷ
896 1175 1044 1243 μέσῳ
1075 1171 1171 1226 τοῦ
1209 1172 1458 1226 κανονίου
1491 1174 1908 1246 παρακειμένην

319 1262 400 1333 τῷ
427 1262 684 1315 ἐνεστῶτι
719 1264 931 1334 ἡλιακῷ
977 1264 1192 1335 κύκλῳ,
1238 1265 1331 1318 καὶ
1366 1265 1472 1318 ὑπὸ
1498 1265 1590 1318 τὸν
1631 1265 1908 1336 ληφθέντα

325 1353 470 1422 μῆνα
503 1351 645 1405 κατὰ
676 1352 836 1422 βάθος
857 1395 871 1418 ,
894 1351 1100 1422 ταύτην
1140 1355 1383 1423 φήσομεν
1421 1348 1560 1404 εἶναι
1599 1353 1904 1423 ’νουμηνίαν

319 1442 417 1496 τοῦ
447 1443 614 1514 μηνὸς
642 1436 702 1495 οῦ
730 1442 1022 1514 ζητοῦμεν.
1052 1443 1267 1514 Ταύτην
1297 1442 1354 1494 δὲ
1387 1442 1774 1514 λαμϐάνοντες,
1809 1443 1904 1496 καὶ

319 1535 388 1605 ἣν
433 1535 499 1588 ἂν
540 1534 863 1606 βουλοίμεθα
897 1535 1004 1589 τῶν
1044 1534 1242 1604 ἐφεξῆς
1282 1533 1505 1604 ἡμερῶν
1536 1533 1702 1587 αὐτοῦ
1733 1534 1901 1604 ληψό-

325 1625 486 1696 μεθα.
513 1626 622 1689 Τὰς
656 1625 763 1696 γάρ
796 1625 902 1678 ἀπὸ
934 1631 981 1678 α’
1006 1624 1134 1695 ἄχρι
1163 1623 1257 1676 τοῦ
1300 1623 1438 1676 κατά
1467 1621 1564 1693 τὴν
1605 1624 1902 1694 νουμηνίαν

322 1718 556 1789 ἀριθμοῦ
577 1720 676 1788 τῆς
697 1718 909 1789 ἡμέρας
941 1717 1114 1790 παρὲξ
1137 1716 1306 1788 αὐτῆς
1334 1715 1608 1780 λαϐόντες,
1641 1717 1736 1769 καὶ
1765 1717 1899 1770 ταύ-

319 1826 443 1871 ταις
468 1808 793 1879 προσθέντες
825 1809 923 1871 τάς
943 1809 1050 1861 ἀπὸ
1077 1811 1176 1880 τῆς
1210 1809 1506 1878 νουμηνίας
1531 1809 1659 1878 ἄχρι
1689 1809 1782 1861 καὶ
1803 1809 1900 1861 αύ-

321 1902 422 1970 τῆς
455 1896 522 1971 ῆς
566 1899 834 1971 ζητοῦμεν
859 1899 1072 1971 ἡμέρας
1091 1938 1104 1963 ,
1133 1899 1227 1952 καὶ
1258 1899 1355 1962 τὰς
1386 1899 1740 1968 συναχθείσαις
1766 1899 1898 1969 ὁμοῦ
1932 1892 1974 1946 Β

322 1993 501 2056 πάσας
530 1992 850 2063 μερίσαντες
874 1991 1022 2063 παρά
1047 1991 1137 2045 τὸν
1164 1989 1229 2055 ζ’,
1246 1990 1439 2062 ἕξομεν
1458 1991 1518 2044 τὸ
1548 1990 1876 2064 ζητούμενον

931 2083 1292 2153 ’Υπόδειγμα.

392 2174 509 2227 Καὶ
538 2173 678 2228 ἔστω
723 2175 789 2228 δι’
829 2175 1228 2244 ύποδείγματος
1275 2174 1456 2244 ζητεῖν
1509 2177 1656 2246 ἡμᾶς
1698 2176 1798 2247 τήν
1838 2193 1897 2228 τε

318 2266 1896 2338 νουμηνίαν.............

391 2451 474 2503 Τά
509 2452 606 2521 μὲν
630 2451 692 2521 δὴ
732 2453 862 2520 περὶ
899 2449 1008 2503 τῶν
1035 2449 1276 2520 ἡλιακῶν
1303 2449 1536 2511 κύκλων,
1562 2450 1656 2501 καὶ
1690 2449 1899 2512 τούτοις

320 2540 600 2611 ἑπομένων
641 2542 952 2609 ἀναγκαίως
984 2540 1314 2612 ὀφειλόμενα
1349 2540 1712 2614 θεωρηθῆναι,
1742 2540 1896 2594 ταῦτ’

319 2632 385 2686 ἂν
429 2633 536 2703 εἴη,
578 2634 807 2687 καθόσον
855 2632 1150 2705 ἐνεχώρει,
1181 2634 1272 2687 τὸν
1321 2635 1450 2705 περὶ
1495 2634 1702 2688 τούτων
1741 2632 1897 2702 λόγον

319 2721 740 2778 ἀποδεδωδίότων
770 2723 1050 2794 ἀνελλιπῆ.
1091 2725 1352 2778 Μετιτέον
1381 2725 1438 2778 δὲ
1463 2725 1649 2778 λοιπὸν
1683 2727 1776 2778 ἐπὶ
1806 2725 1897 2780 τὸν

319 2819 450 2889 περὶ
481 2818 736 2888 σελήνης,
761 2817 902 2870 κατὰ
935 2816 1025 2868 τὸν
1064 2816 1248 2885 ὅμοιον
1289 2819 1400 2879 τοῖς
1449 2817 1577 2886 περὶ
1621 2814 1716 2868 τοῦ
1747 2815 1894 2888 ἡλίου

318 2905 476 2974 λόγον
505 2906 780 2960 κάνταῦθα
809 2907 906 2975 τῆς
930 2904 1172 2973 σκέψεως
1204 2906 1487 2976 ἐσομένης.

318 3018 459 3084 Περὶ
483 3016 774 3084 εὑρέσεως
802 3014 1464 3084 σεληιθιίικῶνκύκ.1ων,
1496 3014 1594 3069 καὶ
1625 3016 1742 3070 τῶν
1764 3018 1897 3071 τού-

869 3102 996 3149 τοις
1020 3083 1347 3152 ἑπομένων.

388 3176 464 3230 E'.
508 3176 618 3246 Τῆς
653 3176 880 3245 σελήνης
912 3177 1054 3227 κατά
1099 3177 1198 3248 τὴν
1236 3177 1502 3248 τετάρτην
1545 3180 1757 3252 ἡμέραν
1797 3181 1897 3251 τῆς

317 3267 704 3337 κοσμογενείας
745 3267 895 3337 παρά
934 3265 1024 3318 τοῦ
1068 3268 1400 3340 δημιουργοῦ
1441 3271 1550 3324 τῶν
1589 3271 1724 3325 ὅλων
1753 3272 1887 3326 Θεοῦ

317 3363 397 3424 είς
429 3362 638 3430 γένεσιν
685 3361 1061 3432 παραχθείσης
1099 3365 1156 3416 ἐν
1202 3363 1521 3435 πανσελήνῳ
1562 3366 1656 3418 καὶ
1701 3365 1891 3436 τελείῳ

315 3449 394 3519 τῷ
442 3451 679 3521 σχήματι
719 3447 900 3519 (τοῦτο
930 3451 1039 3522 γὰρ
1083 3453 1116 3522 ἡ
1156 3451 1255 3521 τῆς
1286 3453 1556 3517 Γενέσεως
1594 3454 1774 3525 βίϐλος
1804 3457 1890 3508 αί-

314 3543 552 3596 νίττεται
575 3585 589 3608 ,
613 3542 880 3611 λέγουσαο
919 3561 938 3594 ι
969 3543 1078 3596 Καὶ
1106 3543 1358 3615 ἐποίησεν
1393 3547 1422 3599 ὁ
1457 3546 1588 3609 Θεὸς
1629 3547 1753 3610 τοὺς
1797 3546 1890 3599 δύο

315 3631 607 3702 φωστῆρας
635 3633 764 3694 τοὺς
799 3632 1068 3702 μεγάλους
1093 3674 1107 3698 ,
1147 3633 1239 3687 τὸν
1283 3637 1546 3707 φωστῆρα
1581 3636 1672 3689 τὸν
1715 3637 1888 3707 μέγαν

314 3724 394 3786 είς
421 3723 596 3795 ἀρχὴν
625 3723 725 3793 τῆς
751 3724 989 3795 ἡμέρας,
1017 3725 1112 3778 καὶ
1143 3725 1234 3778 τὸν
1266 3725 1527 3798 φωστῆρα
1559 3727 1649 3780 τὸν
1684 3726 1888 3780 ἐλάττω

315 3817 394 3878 είς
437 3815 612 3884 ἀρχὰς
659 3815 760 3884 τῆς
809 3817 1002 3880 νυκτός
1043 3818 1114 3886 ι)·
1152 3816 1405 3870 οὐδέποτε
1452 3817 1561 3890 γὰρ
1603 3817 1697 3871 τοῦ
1737 3819 1885 3888 ἡλίου

315 3902 952 3971 ἀνατέλλοντος,’δύναιτ’
1000 3908 1067 3962 ἂν
1111 3910 1204 3962 καὶ
1245 3911 1278 3980 ἡ
1322 3909 1516 3980 σελήνη
1566 3911 1684 3964 κατ’
1717 3911 1886 3982 αὐτὴν

313 3996 411 4067 τὴν
445 3998 659 4068 ἡμέραν
687 3999 766 4060 εἰς
797 3999 970 4070 ἀρχάς
1004 4001 1102 4070 τῆς
1128 3999 1356 4064 νυκτὸς,
1391 4001 1422 4072 ἢ
1454 4001 1530 4064 ὡς
1556 4002 1889 4073 ἀκρόνυκτος

313 4089 647 4152 ἀνατέλλειν,
681 4089 756 4161 μὴ
784 4091 1151 4163 διαμετροῦσα
1173 4091 1266 4145 τὸν
1291 4092 1462 4163 ἡλιον,
1493 4094 1589 4146 καὶ
1612 4094 1886 4166 πανσέλη-

313 4200 402 4246 νος
437 4182 686 4235 ἐντεῦθεν
713 4183 994 4254 γινομένη,
1018 4184 1532 4257 εἴπερ-ὑποθείημεν
1558 4187 1666 4240 ἀπὸ
1695 4203 1887 4256 προγε-

311 4274 532 4342 γονυίας
562 4274 779 4327 συνόδου
809 4275 1010 4345 ταύτην
1034 4277 1408 4347 γεγενημένην
1432 4295 1444 4308 ·
1466 4276 1590 4330 ἐπεὶ
1619 4277 1759 4330 κατὰ.
1788 4277 1886 4348 τὴν

310 4367 350 4420 δ
386 4365 594 4437 ἡμέραν
620 4366 719 4435 τῆς
743 4366 1132 4437 κοσμογενείας
1157 4367 1674 4422 πεντεκαιδεκαταία
1700 4363 1766 4438 ἦν
1797 4369 1880 4421 ἄν’

312 4459 541 4528 φανερὸν
578 4459 675 4528 μὲν
695 4499 709 4521 ,
740 4458 816 4521 ὡς
840 4458 979 4511 κατά
1014 4459 1112 4528 τὴν
1152 4459 1329 4530 ἀρχὴν
1365 4460 1464 4530 τῆς
1496 4462 1884 4531 κοσμογενείας

1220 415 1444 473 ISAACI
1487 413 1794 473 MONACHI
1832 414 2210 474 COMPUTUS
2258 416 2708 475 ECCLESIAST.

1935 542 1986 598 Δ

3449 425 3591 484 ιξθο

2312 533 2390 589 De
2420 535 2676 589 ίαεενσιιίο
2708 535 2855 605 feria:
2879 535 3274 607 investigandae.

2085 625 2341 681 Kalendae
2389 627 2663 681 mensium
2709 642 2776 682 ex
2829 627 3028 682 tabella
3082 634 3398 684 sumuntur.
3449 625 3587 682 Nam

2012 717 2228 789 cyclum
2289 717 2423 772 solis
2466 717 2746 773 ineuntem
2800 733 2868 772 ex
2909 719 3092 788 priore
3139 719 3390 776 laterculi
3433 727 3589 790 parte

2011 809 2324 880 capientes,
2359 825 2480 880 quae
2509 811 2696 881 cyclos
2725 825 2916 866 omnes
2948 812 3092 867 illius
3141 812 3387 866 continet
3407 851 3422 874 ,
3468 820 3585 864 tum

2012 899 2068 954 in
2100 916 2317 955 summo
2363 901 2653 970 primoque
2694 916 2896 966 versu,
2938 902 3032 972 qui
3081 917 3297 957 menses
3329 900 3586 966 exhibet,

2012 1007 2254 1048 mensem
2299 993 2458 1061 cujus
2516 993 2772 1048 Kalendae
2804 994 3153 1063 postulantur
3206 993 3583 1063 inquirentes,

2010 1099 2358 1153 qumcunque
2393 1083 2529 1138 feria
2563 1085 2744 1140 medio
2784 1085 2841 1139 in
2888 1085 3155 1140 laterculo
3189 1083 3257 1138 ad
3303 1085 3585 1139 ineuntem

2011 1174 2230 1244 cyclum
2272 1176 2449 1243 posita
2485 1183 2605 1240 est,
2640 1185 2694 1230 et
2729 1177 2904 1232 mensi
2937 1176 3052 1247 jam
3089 1183 3305 1246 reperto
3341 1175 3398 1228 in
3437 1175 3586 1229 dire-

2007 1277 2155 1323 ctum
2198 1268 2462 1337 subjacet,
2495 1269 2593 1325 has
2626 1268 2896 1324 Kalendas
2926 1283 3049 1325 esse
3083 1269 3286 1323 mensis
3318 1267 3464 1320 illius
3497 1265 3583 1318 di-

2009 1377 2230 1426 cemus,
2271 1363 2337 1418 dc
2368 1378 2477 1433 quo
2515 1364 2796 1433 quaeritur.
2839 1362 2950 1417 Hac
2989 1364 3242 1427 inventa,
3281 1361 3582 1432 quamlibet

2011 1456 2362 1525 sequentium
2398 1457 2644 1526 ejusdem
2681 1456 2886 1512 mensis
2926 1454 3316 1510 obtinebimus.
3369 1452 3583 1522 Quippe

2006 1544 2173 1602 ferias
2201 1562 2393 1603 omnes
2429 1563 2456 1600 a
2491 1563 2504 1600 ι
2542 1548 2609 1601 ad
2658 1562 2780 1602 eam
2827 1562 2948 1618 quae
2975 1545 3236 1600 Kalendis
3285 1544 3576 1606 convenit,

2006 1646 2206 1706 praeter
2253 1637 2395 1692 hanc
2438 1639 2648 1707 ipsam,
2683 1645 2968 1708 putantes,
3005 1637 3208 1692 additis
3236 1634 3429 1690 diebus
3459 1648 3580 1687 oni-

2003 1728 2169 1785 nibus
2219 1744 2249 1783 a
2284 1729 2540 1784 Kalendis
2586 1729 2650 1782 ad
2700 1729 3036 1800 propositam
3079 1728 3254 1790 diem,
3305 1741 3576 1781 summam

2002 1837 2101 1893 per
2129 1837 2207 1877 vn
2233 1823 2504 1892 partimur
2530 1838 2544 1875 :
2576 1829 2739 1879 atuue
2769 1821 2844 1875 ita
2879 1820 3068 1875 feriam
3100 1819 3447 1874 habebimus.

2074 2192 2404 2264 Exemplum.
2514 2191 2838 2259 Qumrantur
2857 2185 3110 2243 Kalends:

2073 2468 2199 2523 Haec
2232 2449 2396 2530 sunt,
2431 2479 2551 2534 quae
2582 2479 2649 2519 ne
2675 2462 2844 2534 cyclis
2881 2464 3195 2524 'solaribus,
3229 2469 3284 2516 et
3321 2461 3422 2522 iis,
3455 2473 3578 2529 qua

1999 2560 2129 2616 inde
2161 2555 2560 2626 consequentia
2597 2562 2760 2619 sunt,
2796 2556 3166 2609 necessariam
3204 2553 3406 2608 habere
3438 2567 3575 2606 con-

1998 2648 2385 2708 siderationem
2415 2643 2597 2716 putavi
2625 2662 2638 2700 :
2665 2657 2896 2715 quorum
2922 2643 3170 2700 absoluta
3198 2681 3214 2708 ,
3245 2641 3425 2711 quoad
3456 2641 3576 2696 ﬁeri

1998 2743 2210 2814 potuit,
2247 2747 2333 2795 est
2366 2753 2396 2791 a
2429 2737 2587 2792 nobis
2625 2737 2790 2790 allata
2827 2737 2988 2790 ratio.
3020 2735 3179 2790 Nunc
3211 2735 3279 2790 ad
3321 2734 3573 2791 lunarem

1997 2834 2294 2888 transitum
2344 2828 2648 2890 faciemus.
2701 2843 2862 2897 quem
2897 2827 3125 2891 eadem,
3176 2842 3241 2881 ac
3296 2827 3570 2891 solarem,

1997 2921 2088 2976 via
2122 2928 2177 2975 et
2217 2915 2475 2974 metbodo
2512 2916 2897 2971 tractabimus.

2105 3034 2183 3088 De
2212 3029 2584 3102 investigandi:
2623 3031 2782 3100 cyclis
2824 3029 3133 3095 lunaribus,
3165 3039 3214 3085 el
3249 3046 3366 3100 qua:
3401 3030 3470 3084 iis

2527 3111 2877 3154 consentanea
2907 3109 3051 3154 sunt.

2074 3191 2135 3245 V.
2177 3191 2315 3246 Cum
2343 3191 2412 3244 ab
2441 3189 2590 3242 orbis
2619 3187 2844 3242 conditu
2873 3196 3066 3256 quarto
3099 3185 3187 3240 die
3215 3185 3343 3238 luna
3375 3185 3532 3254 plena
3553 3222 3571 3247 ,

1996 3294 2052 3340 et
2085 3282 2336 3337 absoluto
2365 3279 2498 3334 orbe
2534 3285 2796 3333 constans
2830 3277 2899 3331 ab
2925 3275 3170 3330 omnium
3209 3289 3394 3328 rerum
3432 3273 3567 3325 arti-

1990 3377 2092 3442 ﬁce
2111 3373 2222 3428 Deo
2246 3377 2530 3442 procreata
2581 3369 2653 3424 sit
2688 3368 2812 3439 (hoc
2835 3368 2978 3422 enim
3006 3368 3144 3422 liber
3165 3363 3392 3420 Genesis
3417 3379 3454 3430 ι,
3483 3363 3572 3428 16,

1989 3467 2196 3522 indicat
2222 3465 2308 3519 his
2333 3463 2545 3518 verbis:
2577 3459 2672 3514 «Et
2695 3459 2820 3515 fecit
2845 3459 2986 3515 Deus
3010 3457 3300 3512 luminaria
3324 3456 3432 3511 duo
3453 3471 3573 3510 ma-

1987 3571 2095 3628 gna
2129 3575 2142 3610 :
2181 3553 2444 3608 luminare
2477 3553 2655 3618 majus
2687 3548 2755 3603 ad
2801 3549 3016 3603 initium
3047 3547 3068 3579 ³
3107 3546 3254 3612 diei,
3307 3556 3360 3600 et
3410 3545 3574 3597 lumi-

1987 3662 2122 3702 nare
2149 3647 2330 3699 minus
2361 3643 2427 3697 ad
2456 3643 2669 3696 initium
2718 3640 2896 3694 noctis
2928 3639 3014 3707 ι);
3052 3637 3252 3708 quippe
3290 3649 3570 3706 nunquam

1989 3739 2201 3794 oriente
2234 3737 2348 3792 sole
2382 3734 2570 3790 eadem
2605 3733 2691 3788 die
2725 3732 2856 3787 luna
2892 3738 3075 3802 posset
3112 3727 3180 3784 ad
3216 3729 3428 3783 initium
3466 3741 3573 3780 no-

1988 3831 2135 3893 ctis,
2173 3829 2288 3883 sive
2339 3826 2444 3882 sub
2493 3831 2710 3880 noctem
2764 3825 2996 3895 primam
3045 3819 3288 3884 exoriri,
3342 3819 3452 3874 nisi
3502 3833 3572 3873 ex

1989 3917 2261 3973 diametro
2291 3899 2341 3970 ei
2374 3921 2521 3970 esset
2558 3912 2806 3982 opposita
2836 3951 2852 3976 ,
2892 3909 3125 3978 ideoque
3163 3909 3323 3980 plena
3363 3905 3514 3962 ﬁeret
3549 3922 3568 3968 ς

1989 4009 2035 4062 si
2072 4008 2141 4062 ab
2171 4003 2529 4061 antecedente
2562 4003 2695 4072 iugo
2734 4001 2802 4056 ad
2841 3999 3206 4072 plenilunium
3246 3997 3571 4068 pervenisse

1987 4099 2306 4169 fingamus;
2370 4095 2627 4166 quoniam
2690 4103 2890 4164 quarto
2950 4091 3143 4147 mundi
3204 4089 3412 4146 conditi
3477 4089 3568 4143 die

1988 4191 2178 4261 quinta
2239 4187 2451 4242 decima
2518 4185 2658 4251 fuit;
2722 4183 3077 4239 manifestum
3141 4193 3268 4245 est,
3330 4181 3385 4234 in
3446 4183 3570 4250 ipso

1985 4281 2176 4336 mundi
2233 4277 2534 4349 primordio
2595 4276 2976 4330 duodecimam
3037 4273 3230 4328 fuisse.
3293 4271 3562 4327 Undecim

1985 4387 2118 4442 ergo
2157 4377 2314 4426 erant
2358 4369 2478 4436 ejus
2520 4375 2745 4439 epactae.
2799 4367 2932 4432 Quae
2975 4364 3198 4434 quidem
3240 4379 3295 4418 χι
3342 4362 3568 4418 circiter

1986 4464 2104 4518 dies
2157 4459 2465 4515 admirabili
2521 4458 2683 4528 198
2720 4464 2773 4512 et
2812 4457 3080 4511 immensa
3113 4469 3342 4524 prorsus
3376 4453 3565 4524 ιιι-(ινὶ⁴

309 4549 644 4602 δωδεκαταία
679 4544 778 4619 ἦν’
815 4556 880 4602 ια’
903 4549 959 4602 δὲ
989 4552 1042 4602 αί
1062 4549 1268 4622 ταύτης
1295 4550 1562 4604 ἐπακταίο
1600 4553 1694 4604 καὶ
1727 4546 1882 4605 αῦται

1994 4555 2184 4608 [lentiae
2210 4553 2407 4607 divinae
2437 4551 2656 4606 solertia
2677 4589 2692 4614 ,
2721 4550 2953 4618 singulis
2981 4548 3142 4602 annis
3163 4587 3176 4609 ,
3213 4553 3337 4617 post
3370 4561 3445 4599 χιι
3477 4545 3564 4598 lu-

311 4644 366 4698 αί
415 4650 484 4697 ια’
513 4643 740 4712 ἔγγιστα
782 4643 984 4716 ἡμέραι
1027 4644 1312 4716 θαυμαστῇ
1353 4645 1447 4698 καὶ
1491 4646 1882 4717 ἀνυπερϐλήτῳ

309 4735 409 4804 τῆς
440 4735 695 4805 προνοίας
728 4735 890 4805 σοφίᾳ
919 4734 1040 4788 καθ’
1070 4735 1299 4788 ἕκαστον
1328 4734 1444 4799 ἔτος
1475 4737 1612 4806 μετὰ
1650 4736 1748 4807 τὴν
1773 4738 1882 4790 τῶν

307 4826 512 4878 δώδεκα
556 4825 889 4896 σεληνιακῶν
934 4825 1122 4896 μηνῶν
1171 4825 1562 4896 συμπλήρωσιν
1589 4865 1603 4888 ,
1649 4827 1752 4879 τνδ⁹
1787 4829 1881 4881 καὶ

309 4914 491 4985 μεῖζον
524 4916 558 4988 ἢ
601 4923 649 4984 γ’
693 4915 856 4988 μέρος
887 4916 1099 4988 ἡμέρας
1131 4915 1562 4988 ἀπαρτιζόντων,
1605 4917 1880 4972 λείπονται

307 5009 383 5070 εἰς
417 5007 514 5077 τὴν
558 5007 654 5060 τοῦ
693 5007 1024 5060 ἐνιαυσιαίου
1073 5007 1266 5078 χρόνου
1315 5007 1742 5078 συμπλήρωσιν,
1775 5009 1880 5075 τξε¹

305 5098 527 5169 ἡμερῶν
566 5100 718 5164 ὄντος
766 5099 860 5152 καὶ
905 5099 946 5152 δ’
987 5098 1233 5167 ἔγγιστα.
1275 5099 1437 5152 Ὥστε
1486 5101 1544 5151 ἐν
1577 5101 1689 5163 τοῖς
1729 5101 1880 5155 δυσὶν

307 5186 449 5237 ἔτεσι
489 5186 971 5258 διπλασιαζόμεναι
1018 5179 1180 5240 αὗται
1213 5187 1270 5240 αἱ
1317 5194 1382 5240 ια’
1417 5187 1620 5258 ἡμέραι
1665 5191 1878 5243 πειοῦσι

305 5277 401 5339 τὰς
431 5277 672 5340 ἐπακτάς
695 5277 779 5347 κβ¹
804 5295 818 5309 θ
849 5280 905 5332 ἐν
935 5278 991 5330 δὲ
1027 5280 1139 5342 τοῖς
1167 5278 1314 5349 τρισὶ
1341 5277 1442 5345 λγν.
1474 5272 1574 5330 Ὧν
1605 5280 1879 5349 συναχθει-

307 5367 436 5431 σῶν,
467 5369 884 5440 ἀφαιρουμένων
910 5370 1018 5422 τῶν
1040 5371 1105 5433 λ’,
1137 5369 1257 5422 ἐπεὶ
1294 5370 1438 5440 μῆνα
1468 5368 1691 5436 ἔγγιστα
1720 5371 1877 5441 σελη-

306 5459 488 5512 νιακὸν
517 5460 896 5532 ἀπαρτίζουσι,
923 5461 1342 5514 καταλείπονται
1373 5467 1437 5528 γ’.
1466 5460 1575 5514 Καί
1610 5463 1747 5514 είσιν
1785 5463 1874 5514 ἐν·

305 5548 489 5602 τεῦθεν
516 5549 611 5602 τοῦ
645 5550 828 5622 τρίτου
854 5550 1008 5613 ἔτους
1031 5551 1269 5604 ἐπακταὶ
1293 5556 1340 5618 γ’
1365 5567 1378 5580 ο
1410 5550 1502 5603 καὶ
1522 5549 1720 5620 ἐφεξῆς
1747 5551 1875 5604 ἁκο-

1987 4661 2151 4701 nares
2181 4659 2400 4698 menses
2428 4641 2708 4696 absolutos
2728 4679 2744 4700 .
2774 4639 2866 4710 qui
2900 4639 3019 4696 dies
3048 4638 3313 4709 colligunt
3343 4651 3562 4705 cccuv;

1986 4747 2040 4793 et
2093 4738 2256 4807 paulo
2305 4736 2428 4806 plus
2481 4734 2642 4789 tertia
2686 4731 2794 4788 diei
2840 4741 3024 4802 parte,
3072 4730 3271 4786 desunt
3310 4729 3376 4784 ad
3416 4743 3562 4782 exae-

1986 4828 2266 4899 quandum
2299 4827 2433 4881 solis
2459 4840 2664 4879 annum
2691 4842 2704 4878 :
2739 4823 2831 4892 qui
2865 4823 3059 4878 diebus
3089 4827 3308 4877 constat
3334 4835 3558 4882 cccuv,

1986 4927 2042 4974 et
2073 4917 2379 4988 quadrante
2413 4915 2545 4972 fere.
2578 4913 2717 4968 Hinc
2747 4915 2802 4967 in
2832 4914 2992 4968 anuis
3023 4913 3240 4968 duobus
3271 4912 3562 4982 duplicata;

1988 5009 2105 5063 dies
2134 5007 2336 5063 eaedem
2363 5019 2585 5077 epactas
2615 5005 2824 5060 faciunt
2853 5020 2962 5058 χχιι
2993 5022 3006 5069 ;
3043 5004 3099 5057 in
3141 5003 3300 5058 annis
3341 5002 3518 5056 tribus
3543 5042 3558 5064 ,

1987 5116 2182 5154 χχχιιι.
2212 5098 2286 5152 De
2316 5106 2423 5168 Qua
2457 5114 2672 5154 summa
2701 5099 2952 5152 deductis
2983 5114 3089 5152 χχχ
3112 5136 3126 5162 ,
3161 5112 3283 5166 quze
3317 5109 3558 5150 mensem

1985 5191 2234 5244 lunarem
2272 5189 2494 5244 circiter
2531 5189 2804 5254 edit-inut,
2843 5190 3068 5257 reliqua:
3107 5196 3238 5243 sunt
3278 5201 3362 5241 ιιι.
3405 5183 3562 5239 Unde

1983 5281 2179 5334 tertius
2204 5295 2382 5334 annus
2411 5286 2632 5349 epactas
2660 5279 2822 5334 habet
2845 5295 2904 5332 ιιι
2928 5297 2943 5345 ;
2972 5295 3035 5332 ac
3065 5279 3146 5332 sic
3175 5276 3432 5343 deinceps
3462 5290 3528 5327 us
3547 5301 3560 5310 -

1981 5387 2089 5441 que
2128 5371 2196 5425 ad
2235 5387 2369 5426 χιχε
2407 5371 2607 5426 etenim
2649 5386 2794 5425 anno
2832 5387 2923 5424 χιχ
2960 5369 3230 5424 mensium
3280 5367 3422 5420 luna:
3473 5380 3560 5416 re-

1981 5462 2189 5516 volutio
2223 5460 2279 5514 ﬁt
2310 5480 2323 5514 :
2362 5460 2499 5517 adeo
2532 5469 2592 5515 ut
2627 5476 2773 5516 anno
2806 5461 3070 5516 vicesimo
3103 5468 3326 5528 epactas
3363 5454 3560 5509 habeat

1979 5555 2109 5608 luna
2145 5569 2338 5608 rursus
2372 5569 2448 5606 χι.

303 5637 504 5702 λούθως
560 5639 718 5710 ἄχρις
752 5640 888 5692 ἐτῶν
918 5641 1002 5693 ιϐ’.
1045 5640 1202 5694 Κατά
1244 5641 1352 5712 γὰρ
1393 5641 1457 5694 ιθν
1503 5640 1622 5705 ἔτος
1669 5643 2115 5710 ἀποκατάστασις
2149 5645 2358 5714 γίνεται
2403 5644 2513 5698 τῶν
2574 5643 2909 5718 σεληνιακῶν
2958 5643 3178 5716 μηνῶν·
3227 5641 3370 5696 ὥστε
3416 5653 3560 5694 κατα

302 5731 361 5784 τὸ
392 5738 438 5784 κ’
463 5731 580 5793 ἕτος
606 5729 766 5784 πάλιν
801 5739 865 5784 ια’
901 5728 1037 5785 εἶναι
1062 5734 1160 5798 τὰς
1187 5735 1286 5805 τῆς
1313 5733 1543 5804 σελήνης
1571 5735 1831 5798 ἐπακτὰς.

372 5851 394 5882 ⁸
422 5847 550 5904 Ha’c
580 5848 635 5900 in
665 5858 830 5903 vetere
859 5850 1025 5904 altero
1050 5851 1263 5908 desunt.
1338 5852 1358 5884 ³
1393 5850 1482 5907 Sic
1509 5869 1680 5908 vocem
1701 5853 1876 5925 ἀρχὴν
1904 5853 2125 5922 accepit,
2161 5862 2217 5907 ut
2244 5851 2458 5923 quidam
2501 5863 2711 5910 veteres.

578 5941 830 6002 ΡΛτιιοι.
884 5943 1000 6005 Gn.
1050 5943 1226 6005 XIX.

3197 5943 3269 6006 51
