4070 6406
448 409 580 470 1291
1433 409 1525 466 AD
1564 409 1653 466 Εἰ]
1663 408 1834 466 SEBII
1873 405 2055 466 CHRO

2112 406 2270 464 ICON
2307 405 2528 462 APPEN
2539 406 2680 460 [ΠΧ.
3575 410 3715 466 129%

519 528 733 584 Accidit
763 534 944 583 autem
980 525 1086 583 ista
1123 525 1394 582 revolutio
1425 526 1609 583 ductis
1645 527 1701 581 in
1736 541 1796 584 se
1829 533 2019 582 mutuo
2050 531 2097 588 Α

2192 525 2404 581 Γίνεται
2434 525 2492 579 δὲ
2519 527 2552 597 ή
2577 525 2802 598 τοιαύτη
2828 526 3279 591 ἀποκατάστασις
3305 527 3711 585 πολλαπλασια-

445 634 540 673 xix
568 618 728 672 annis
763 625 928 688 atque
951 632 1031 671 xi.
1060 615 1188 674 Haec
1219 617 1364 672 enim
1395 617 1754 688 multiplicata
1785 616 2020 672 invicem

2128 619 2371 689 ζομένων
2407 621 2492 673 ἐπ’
2524 618 2749 691 ἄλληλα,
2775 619 3020 673 τουτέστι
3053 620 3117 672 ιθ¹
3141 619 3281 673 ὲτῶν
3308 620 3402 673 ἐπὶ
3429 621 3530 683 τὰς
3554 622 3711 693 εἰρη-

445 713 564 766 dies
601 707 900 764 conﬁciunt
926 722 1080 774 ccrx,
1117 708 1212 778 qui
1246 715 1375 764 sunt
1407 707 1628 764 lunares
1660 723 1876 765 menses
1911 709 1994 764 cir

2131 713 2298 782 μένας
2324 717 2410 764 ια’.
2441 710 2625 765 Ταῦτα
2649 711 2758 782 γὰρ
2782 710 2870 764 ἐπ’
2897 709 3102 782 ἄλληλα
3131 709 3710 782 πολλαπλασιαζόμενα

444 803 583 856 citer
629 808 858 871 septem.
909 798 1036 854 Haec
1077 807 1162 856 est
1188 814 1356 854 causa
1376 839 1391 864 ,
1421 815 1522 855 cur
1549 801 1731 872 cyclos
1763 801 1905 855 lunae
1938 801 1994 855 di

2127 803 2373 857 ποιοῦσιν
2411 805 2624 876 ἡμέρας
2650 804 2728 859 σθ’
2748 820 2761 834 ·
2796 796 2958 857 αὗται
2989 804 3034 856 δ’
3061 803 3433 875 ’ἀπαρτίζουσι
3470 803 3712 872 σεληνια-

445 905 636 946 camus
689 904 812 945 esse
865 903 1042 959 neque
1096 888 1312 958 plures,
1368 903 1544 960 neque
1577 889 1866 959 pauciores
1899 903 2014 942 nx.

2126 897 2255 960 κοὺς
2289 895 2519 965 ἔγγιστα
2567 894 2745 966 μῆνας
2778 894 2842 958 ζ’.
2874 894 2984 948 Καὶ
3028 893 3167 966 αὕτη
3205 896 3352 948 ἐστὶν
3376 896 3410 965 ή
3439 895 3609 959 αἰτία,
3641 894 3707 947 δι’

445 981 606 1049 Quod
638 991 822 1037 tamen
860 979 1146 1036 sciendum
1184 990 1269 1036 est
1301 980 1583 1037 facilitatis
1619 988 1674 1036 et
1710 980 2018 1051 compendii

2123 987 2192 1058 ἣν
2226 987 2362 1040 κάπὶ
2389 987 2489 1057 τῆς
2513 985 2744 1056 σελήνης
2772 985 2835 1038 ιθ¹
2863 985 3095 1051 κύκλους
3121 986 3325 1058 ταύτης
3345 984 3483 1040 εἷναί
3504 1004 3705 1057 φαμεν,

445 1074 622 1146 gratia
650 1075 726 1130 ita
759 1074 871 1129 dici
905 1075 1122 1141 solere;
1155 1083 1216 1128 ut
1241 1080 1294 1129 et
1323 1082 1553 1140 caetera,
1595 1090 1717 1145 quae
1768 1074 1836 1130 de
1885 1075 2017 1129 luna

2124 1077 2219 1131 καὶ
2248 1075 2370 1130 οὔτε
2405 1076 2625 1140 πλείους
2655 1075 2779 1129 οὔτε
2810 1076 3085 1140 ἐλάττους.
3134 1077 3327 1130 Ἰστέον
3359 1078 3544 1146 μέντοι
3566 1079 3708 1131 κατὰ

441 1167 700 1240 deinceps
725 1167 1142 1235 explicabimus.
1177 1165 1311 1220 Nam
1341 1166 1388 1222 si
1423 1174 1679 1222 accurate
1711 1165 1860 1236 loqui
1884 1166 2020 1221 veli-

2124 1167 2185 1220 τὸ
2221 1166 2509 1238 πρόχειρον
2544 1164 2688 1218 οῦτω
2725 1165 2978 1234 λέγεσθαι
3017 1165 3212 1230 ταῦτα,
3234 1167 3329 1220 καὶ
3359 1142 3432 1220 τὰ
3461 1142 3589 1238 ἑξῆς
3613 1170 3708 1238 ῥη-

440 1276 599 1326 mus,
635 1260 793 1314 aliter
825 1273 915 1313 res
953 1259 1150 1324 habet,
1202 1267 1262 1313 ut
1303 1267 1492 1332 postea
1525 1259 2018 1324 demonstrabitur,

2123 1256 2407 1327 θησόμενα
2457 1257 2586 1327 περὶ
2621 1257 2720 1326 τῆς
2769 1257 3033 1328 σελήνης’
3073 1257 3197 1310 ἐπεὶ
3242 1256 3384 1311 κατὰ
3423 1258 3482 1311 τὸ
3529 1259 3704 1328 πάντη

444 1367 570 1409 cum
599 1353 667 1408 de
692 1351 960 1410 Paschate
989 1351 1235 1408 dicemus

2127 1349 2354 1420 ἀκριϐὲς
2403 1350 2502 1418 οὐχ
2553 1347 2729 1411 οὕτως
2769 1347 2902 1418 ἔχει,
2941 1349 3016 1412 ὡς
3056 1347 3338 1421 προϊοῦσιν
3380 1350 3512 1419 ἡμῖν
3545 1348 3707 1418 δῆλον

2127 1440 2300 1504 ἔσται,
2341 1439 2502 1510 ἡνίκα
2529 1439 2620 1494 τὸν
2658 1441 2784 1511 περὶ
2809 1440 2904 1493 τοῦ
2943 1440 3136 1511 Πάσχα
3163 1440 3464 1513 ποιούμεθα
3488 1439 3665 1508 λόγον.
3695 1481 3707 1513 ι

1429 1552 1636 1606 Tabula
1665 1553 2063 1624 propagationis
2087 1563 2397 1620 epactarum
2431 1553 2723 1607 lunarium.

2425 1846 2638 1858 .———

1970 1847 2256 1862 "——

1583 1667 1801 1736 Epactaa
1999 1669 2142 1723 Anni
2353 1667 2571 1739 Epacta:

1556 1753 1825 1792 annorum
2003 1739 2144 1810 cycli
2337 1742 2585 1794 collectae

1660 1905 1717 1942 ιι
2060 1903 2079 1941 ι
2445 1889 2507 1940 11

1633 1976 1747 2013 xxn
2051 1975 2093 2014 ll
2442 1959 2514 2011 22

1661 2046 1720 2083 ιιι
2039 2044 2102 2082 ιιι
2443 2029 2514 2082 55

1641 2116 1732 2152 xw
2049 2113 2104 2153 Iv
2439 2098 2510 2151 44

1628 2186 1735 2222 xxv
2045 2185 2077 2222 v
2439 2168 2509 2222 55

1655 2256 1707 2293 γι
2045 2255 2095 2292 Vl
2437 2238 2508 2292 66

1630 2326 1740 2362 xvn
2034 2324 2110 2362 vII
2442 2308 2508 2360 77

1603 2396 1776 2432 xxvm
2022 2393 2122 2432 vm
2439 2378 2510 2432 88

1651 2466 1703 2504 ix
2040 2465 2095 2502 Ix
2440 2449 2510 2502 99

1639 2533 1712 2574 xx
2056 2535 2091 2572 χ
2407 2518 2510 2573 110

1681 2606 1697 2642 ι
2045 2603 2099 2642 xl
2409 2587 2505 2642 121

1632 2676 1709 2715 xu
2023 2675 2101 2712 xu
2407 2659 2511 2712 152

1612 2745 1754 2784 xxm
2010 2745 2110 2783 xm
2406 2727 2511 2784 145

1657 2816 1714 2854 1v
2015 2815 2108 2853 xlv
2405 2799 2510 2854 154

1646 2885 1718 2923 xv
2022 2886 2093 2924 xv
2410 2869 2510 2925 165

1614 2954 1743 2993 xxvi
2017 2955 2108 2992 xv:
2404 2941 2508 2994 176

1537 3045 1540 3050 ~
1645 3027 1720 3064 vu
1991 3025 2104 3063 xvu
2402 3010 2509 3064 187

1622 3095 1755 3134 xvm
1987 3095 2121 3134 xvm
2402 3079 2506 3134 198

1613 3166 1745 3205 xxix
2007 3167 2104 3206 xix
2399 3150 2507 3208 209

715 3309 996 3368 Hethodus
1022 3306 1317 3365 inveniendi
1338 3309 1478 3380 cycli
1502 3308 1732 3363 lunaris.
2045 3317 2091 3372 Β
2205 3309 2322 3364 Μέϐ

2045 3317 2091 3372 Β
2205 3308 2473 3377 Μέθοδος
2501 3309 2663 3377 ὅπως
2690 3311 3030 3385 εὑρήσομεν
3063 3313 3173 3367 τὸν
3216 3313 3328 3384 τῆς
3358 3313 3634 3385 σελήνης

2783 3384 3036 3437 κύκλον.

508 3473 596 3530 Vl.
637 3471 923 3530 Methodus
972 3466 1287 3526 inveniendi
1330 3465 1602 3522 currentis
1639 3465 1785 3521 lunae
1823 3466 1963 3537 cycni
1988 3506 2003 3531 ,

2190 3471 2281 3539 (Γ.
2322 3471 2562 3538 Μέθοδος
2598 3472 2655 3527 δὲ
2689 3471 2782 3527 τοῦ
2819 3475 2912 3528 τὸν
2949 3474 3225 3530 ἐνεστῶτα
3263 3474 3460 3530 κύκλον
3505 3476 3699 3530 εἰδέναι

424 3583 564 3622 cum
587 3566 706 3636 ejus
733 3563 942 3636 epactis
969 3569 1052 3618 est
1079 3557 1349 3630 ejusmodi
1377 3577 1391 3614 :
1423 3557 1611 3614 Annos
1638 3558 1705 3613 ab
1733 3558 1865 3614 orbe
1888 3572 2017 3613 con-

2113 3564 2213 3632 τῆς
2254 3565 2517 3636 σελήνης,
2561 3566 2656 3618 καὶ
2695 3565 2796 3629 τὰς
2835 3568 2956 3620 κατ’
2993 3567 3163 3639 αὐτὴν
3195 3567 3439 3630 ὲπακτὰς
3463 3605 3478 3629 ,
3506 3567 3591 3637 εἴη
3632 3567 3701 3621 ἂν

436 3659 554 3714 dito
593 3656 664 3712 ad
713 3654 1056 3726 propositum
1097 3664 1303 3720 usque,
1343 3664 1442 3721 per
1479 3664 1572 3703 xix
1611 3649 1919 3719 partimur;
1959 3656 2014 3704 et

2113 3654 2254 3728 αῦτη
2282 3673 2294 3685 ·
2331 3657 2716 3727 Λαμϐάνοντες
2760 3657 2830 3711 τὰ
2877 3658 2987 3712 ἀπὸ
3020 3659 3118 3730 τῆς
3170 3657 3556 3729 κοσμογενείας
3599 3657 3696 3729 ἔτη

433 3749 748 3816 residuum,
784 3745 932 3818 quod
959 3745 1144 3800 minus
1175 3751 1258 3800 est
1289 3759 1383 3798 χιι
1402 3782 1418 3805 .
1453 3740 1689 3796 dicimus
1717 3756 1839 3797 esse
1868 3740 2010 3796 lunae

2119 3748 2280 3820 μέχρι
2306 3751 2402 3803 καὶ
2441 3748 2608 3802 αὐτοῦ
2630 3749 2724 3802 τοῦ
2762 3749 3076 3817 ἐνεστῶτος,
3113 3752 3205 3804 καὶ
3237 3749 3408 3804 ταῦτα
3431 3749 3584 3820 παρὰ
3603 3749 3699 3802 τὸν

434 3843 672 3914 cyclum.
714 3840 886 3910 Cujus
936 3837 1151 3892 initium
1195 3851 1305 3891 non
1359 3850 1390 3888 a
1444 3833 1793 3904 Septembri,
1830 3847 2008 3903 neque

2119 3839 2183 3891 ιθ’
2207 3837 2541 3910 μερίζοντες,
2558 3838 2626 3892 τὰ
2647 3839 3089 3912 καταλειπόμενα
3119 3842 3364 3896 κάτωθεν
3382 3841 3492 3894 τῶν
3519 3841 3584 3894 ιθ’
3607 3839 3702 3894 τὸν

434 3936 505 3992 ab
535 3932 796 3997 Octobri,
826 3938 887 3985 ut
920 3929 976 3984 in
1014 3929 1180 3985 solari
1206 3967 1223 3994 ,
1263 3925 1360 3983 sed
1397 3925 1466 3980 ab
1496 3925 1718 3980 ineunte
1746 3922 2008 3980 Januario

2114 3929 2384 3983 δνεστῶτα
2424 3930 2654 4000 λέγομεν
2697 3927 2835 3985 εἶναι
2876 3931 3074 3985 κύκλον
3134 3933 3234 4003 τῆς
3284 3932 3555 4003 σελήνηςδ
3600 3928 3701 4000 τὴν

435 4026 672 4081 sumitur
703 4023 772 4078 ob
802 4037 924 4078 eam
957 4035 1120 4091 quam
1154 4019 1400 4074 dicemus
1432 4015 1721 4071 rationem.

2113 4021 2286 4093 ἀρχὴν
2318 4022 2417 4092 τῆς
2454 4021 2882 4093 ἀπαριθμήσεως
2903 4022 3013 4078 τῶν
3039 4023 3176 4077 ἐτῶν
3209 4024 3311 4076 οὐκ
3343 4023 3452 4076 ἀπὸ
3487 4019 3582 4075 τοῦ
3611 4021 3699 4072 Σε-

316 4189 322 4194 _
433 4117 738 4190 πτεμσρίου
767 4113 1079 4186 ποιούμενοι
1104 4151 1119 4177 ,
1150 4111 1260 4165 οὐδ’
1282 4111 1390 4164 ἀπὸ
1422 4108 1516 4162 τοῦ
1559 4107 1906 4179 Ὀκτωϐρίου,
1944 4109 2019 4173 ὡς
2053 4112 2144 4168 ἐπὶ
2167 4114 2260 4169 τοῦ
2298 4113 2469 4185 ἡλίου,
2512 4113 2626 4170 ἀλλ’
2673 4114 2782 4168 ἀπὸ
2824 4115 2926 4184 τῆς
2962 4115 3140 4186 ἀρχῆς
3184 4115 3278 4168 τοῦ
3347 4112 3696 4182 Ἰανουαρίου,

487 4215 501 4236 ’
535 4213 604 4263 ἣν
646 4211 879 4263 ὲοοῦιιεν
919 4209 1120 4263 αἰτίαν.

433 4213 501 4266 δι’
535 4213 604 4285 ἣν
646 4213 879 4285 ἐροῦμεν
919 4213 1120 4263 αἰτίαν.

507 4305 594 4362 Sit
645 4316 827 4361 autem
877 4301 1115 4372 exempli
1166 4301 1290 4355 loco
1330 4297 1648 4370 propositus
1692 4313 1888 4354 annus.
1923 4297 2007 4352 Ab

2191 4295 2370 4348 Ἔστω
2407 4293 2464 4348 δὲ
2511 4293 2651 4348 κάπὶ
2690 4293 3089 4365 ὑπώείγματος
3113 4293 3174 4347 τὸ
3205 4293 3514 4366 λεγόμενονο
3565 4296 3701 4351 Ἀπο

431 4399 565 4455 orbe
590 4397 812 4453 condito
841 4397 907 4452 ad
939 4396 1216 4451 ineuntem
1243 4390 1563 4447 Ianuarium
1586 4431 1603 4455 ,
1633 4391 1727 4461 qui
1760 4389 2007 4462 proxime

2113 4386 2213 4456 τῆς
2235 4386 2410 4457 ἀρχῆς
2441 4385 2542 4456 τῆς
2563 4385 2658 4439 τοῦ
2685 4385 2892 4457 κόσμου
2920 4385 3188 4455 γενέσεως
3212 4387 3377 4459 μέχρι
3399 4388 3497 4458 τῆς
3521 4389 3698 4461 ἀρχῆς

433 4488 706 4559 sequitur,
747 4486 876 4541 anni
915 4493 1045 4540 sunt
1082 4483 1241 4539 6880.
1289 4481 1355 4536 lli
1385 4497 1483 4553 per
1514 4497 1611 4534 xux
1639 4480 1803 4536 divisi
1834 4478 2006 4534 relin-

2112 4479 2207 4532 τοῦ
2251 4479 2548 4551 ἐρχομένου
2585 4479 2912 4551 Ἰανουαρίου
2961 4479 3055 4551 ἔτη
3104 4480 3242 4532 εἰσὶν
3281 4487 3475 4550 sum“
3519 4481 3695 4536 ταῦτα

431 4590 608 4653 q—uunt
639 4596 717 4635 ιιι
770 4577 999 4650 proinde
1045 4576 1264 4632 cvclum
1315 4574 1460 4629 luna:
1508 4588 1549 4628 ιι
1598 4587 1721 4629 esse
1763 4587 2038 4667 pronum‘

2117 4572 2447 4643 μερίζομενα
2470 4571 2626 4643 παρὰ
2658 4571 2750 4624 τὸν
2785 4571 2852 4623 ιθ’
2889 4570 3136 4624 λείπουσι
3173 4569 3239 4640 β’,
3277 4571 3372 4625 καὶ
3398 4570 3628 4644 λέγομεν
3649 4573 3695 4644 β’

421 4675 634 4731 tiamus

2035 4657 2078 4681 ν
2109 4657 2248 4716 εἶναι
2285 4660 2482 4714 κύκλον
2514 4661 2615 4732 τῆς
2657 4660 2905 4733 σελήνης.

781 4811 784 4814 ~
815 4785 997 4840 Altera
1027 4780 1299 4837 methodus
1326 4778 1637 4849 expeditior;

2433 4773 2701 4840 Μέθοδος
2726 4773 2897 4842 ἑτέρα
2921 4773 3363 4844 προχειροτέρα.

497 4899 659 4956 ’Hanc
689 4913 856 4970 porro
885 4897 1203 4954 mcthodum
1240 4895 1407 4967 paulo
1440 4893 1742 4950 faciliorem
1775 4893 1851 4948 ita
1884 4892 2009 4949 red-

2176 4887 2288 4940 Καὶ
2310 4886 2514 4959 ταύτην
2543 4886 2600 4940 δὲ
2635 4887 2734 4958 τὴν
2765 4886 2988 4957 μέθοδον
3027 4887 3164 4959 πρὸς
3190 4888 3250 4941 τὸ
3273 4889 3692 4961 προχειρότερον

429 4993 658 5057 demus;
699 5006 825 5046 cum
865 4990 1012 5045 enim
1062 5002 1208 5042 anno
1255 4987 1580 5042 adveniente
1602 4984 1779 5050 6800,
1813 4987 2006 5056 cyclus

2109 4977 2644 5048 μεταχειριζόμενοι,
2678 4978 2800 5031 ἐπεὶ
2842 4977 2985 5032 κατὰ
3026 4979 3418 5050 συμπλήρωσιν
3445 4979 3539 5033 τοῦ
3572 4986 3690 5044 ,ςω’

430 5091 578 5140 esset
615 5082 760 5136 lunae
797 5095 913 5135 X‘VH
933 5120 949 5144 ,
978 5079 1134 5133 “hunc
1164 5079 1347 5148 ipsum
1379 5092 1672 5132 numerum
1705 5075 2006 5132 centenarii

2111 5066 2265 5129 ἔτους
2287 5067 2351 5132 ιζ’
2374 5062 2443 5139 ἦν
2463 5069 2492 5120 ὁ
2514 5066 2712 5132 κύκλος
2740 5067 2840 5138 τῆς
2863 5069 3112 5141 σελήνης,
3139 5069 3310 5123 ταῦτα
3335 5068 3405 5124 τὰ
3427 5069 3490 5135 ιζ’
3522 5088 3694 5143 προσ-

429 5171 711 5244 sequentis
745 5169 907 5224 annis
940 5168 1238 5232 addentes,
1274 5166 1354 5221 uti
1388 5181 1535 5221 nunc
1567 5166 1669 5232 80,
1700 5165 2005 5220 confectam

2109 5159 2350 5223 τιθέντες
2388 5162 2502 5223 τοῖς
2553 5163 2654 5224 τῆς
2693 5159 2894 5230 ἑφεξῆς
2943 5161 3453 5232 έκατονταετηρίδος
3491 5161 3689 5227 ἔτεσιν,

430 5277 700 5321 summam
731 5261 802 5317 97
834 5276 931 5332 per
959 5260 1028 5315 19
1061 5259 1359 5330 partientes
1380 5297 1395 5324 ,
1427 5259 1637 5328 reliqua
1669 5272 1709 5312 ιι
1739 5258 1882 5312 luna:
1909 5271 2007 5328 cy-

2109 5251 2185 5314 ὼς
2207 5251 2300 5304 νῦν
2321 5254 2435 5314 τοῖς
2465 5257 2541 5316 π’,
2567 5251 2637 5304 τά
2677 5251 2944 5322 γενόμενα
2982 5250 3065 5318 ιιξν
3089 5251 3412 5323 μερίσαντες
3450 5253 3600 5324 παρὰ
3629 5253 3691 5305 τὸ

428 5357 578 5412 clum
609 5369 731 5411 esse
765 5352 1034 5409 dicemus.
1069 5351 1216 5408 Idem
1248 5359 1303 5406 et
1336 5352 1532 5420 quovis
1561 5349 1778 5421 expleto
1811 5357 2001 5405 cente-

2113 5342 2197 5408 ιθ’,
2219 5341 2289 5395 τὰ
2325 5342 2762 5427 καταλειπόμενα
2802 5341 2845 5411 β’
2869 5341 3120 5414 δεύτερον
3143 5342 3336 5413 ἕξομεν
3370 5342 3566 5396 κύκλον
3603 5360 3692 5396 σε-

427 5449 586 5504 nario
629 5447 925 5512 facientes,
970 5445 1184 5517 cyclum
1215 5444 1390 5515 ipsius
1423 5443 1634 5515 majore
1679 5441 2004 5514 compendio

2110 5436 2295 5507 λήνης.
2330 5433 2404 5487 Τὸ
2441 5434 2572 5488 αὐτὸ
2611 5433 2668 5487 δὲ
2710 5435 2806 5488 καὶ⁴
2845 5433 2966 5488 καθ’
3019 5433 3257 5506 ἑκάστην
3298 5433 3691 5505 συμπλήρωσιν

427 5540 785 5612 reperiemus.
2109 5525 2622 5596 ἐκατονταετηρίδος
2682 5524 2992 5590 ποιοῦντες,
3037 5525 3472 5597 προχειροτέρως
3525 5523 3693 5595 ληψό-

2110 5617 2251 5687 μεθα
2280 5615 2370 5669 τὸν
2406 5615 2736 5687 ζητούμενον
2765 5613 2963 5670 κύκλον
2999 5615 3189 5685 αὐτῆς.

533 5737 811 5802 Quomoao
848 5737 1060 5792 lunares
1096 5743 1293 5806 epactaa
1325 5735 1738 5806 pervestiganda:
1767 5737 1893 5790 sint.
2055 5709 2061 5716 ί

2055 5709 2061 5716 ί
2201 5732 2335 5798 Πῶς
2358 5730 2697 5800 εὑρήσομεν
2729 5731 2836 5796 τὰς
2868 5729 2980 5799 τῆς
3004 5729 3276 5798 σελήνης
3309 5726 3594 5792 ἐπακτάς.

497 5848 611 5906 VII.
649 5848 885 5921 Epactas
919 5850 1158 5908 ineuntis
1187 5849 1330 5906 lunae
1359 5848 1501 5919 cycli
1532 5848 1639 5905 hoc
1670 5847 1833 5906 modo
1867 5863 1999 5904 con-

2175 5846 2249 5902 Z'.
2300 5845 2410 5911 Τὰς
2433 5845 2478 5900 δ’
2505 5844 2749 5911 ἐπακτὰς
2783 5843 2877 5899 τοῦ
2911 5842 3205 5907 ἐνεστῶτος
3237 5840 3558 5914 σεληνιακοῦ
3593 5839 3689 5894 κύ-
