4070 6406
389 413 536 471 1295

1337 413 1558 473 ISAACI
1591 415 1900 474 MONACHI
1935 415 2318 474 COMPUTUS
2351 415 2797 474 EGCLESIAST.

3514 421 3651 478 ιεθι

386 529 518 584 κλου
539 528 687 582 τόνδε
726 529 818 583 τδν
854 529 1058 602 τρόπον
1100 529 1405 602 ληψόμεθα.
1438 534 1695 604 Ἔχοντες
1727 535 1836 608 γὰρ
1873 535 1964 589 τὸν

2068 537 2334 591 ﬁciemus.
2363 535 2588 608 Cyclum
2619 536 2764 590 lunae
2787 534 2900 604 jam
2934 540 3206 602 repertum
3241 547 3338 602 per
3371 548 3428 588 ιι
3465 539 3650 588 multi-

387 620 588 673 κύκλον
619 622 720 690 τῆς
754 619 1017 692 σελήνης,
1061 621 1629 695 ἐνδεκαπλασιάσομεν
1661 627 1842 691 αὑτὸν,
1876 627 1971 681 καὶ

388 711 774 782 προσθήσομεν
805 712 955 782 αὐτῷ
994 712 1089 766 καὶ
1131 713 1344 785 ἡμέρας
1385 718 1534 786 τρεῖς
1573 718 1704 787 περὶ
1748 714 1823 771 ὧν
1850 719 1968 788 μετ’

385 803 566 872 ὀλίγον
616 803 885 874 ὲροῦμεν·
937 805 1032 858 καὶ
1071 804 1168 857 τοῦ
1209 807 1502 876 γενομένου
1543 807 1644 872 τὰς
1687 826 1968 880 παρεμπι-

387 895 630 958 πτούσας
681 895 1076 967 τριακοντάδας
1121 896 1302 960 πάσας
1350 896 1678 970 ἀφελοῦμεν,
1722 901 1798 964 ῶς
1838 903 1969 956 ἑκά-

391 1003 523 1058 στην
561 989 708 1059 μῆνα
737 987 1054 1058 σεληνιακὸν
1091 988 1496 1060 ἀπαρτίζουσαν
1522 1007 1535 1021 ο
1579 993 1673 1044 καὶ
1699 992 1767 1045 τὰ
1789 993 1968 1046 κάτω-

389 1076 482 1131 θεν
509 1079 619 1132 τῶν
652 1079 696 1132 λ’
729 1078 972 1143 ὲπακτὰς
1013 1079 1222 1134 ἐκείνου
1261 1080 1357 1133 τοῦ
1400 1081 1720 1154 σεληνιακοῦ
1767 1083 1967 1137 κύκλου

387 1164 528 1223 εἶναι
551 1172 820 1242 φήσομεν.

469 1260 836 1331 ’Υπόδειγμαο
869 1255 980 1314 οἷον
1013 1260 1089 1323 ῶς
1125 1261 1182 1314 ὲν
1217 1261 1608 1333 ὑποδείγματι’
1646 1264 1770 1317 ἐπεὶ
1813 1267 1842 1318 ὁ
1885 1266 1971 1318 έν-

395 1350 566 1415 εστὼς
593 1353 692 1422 τῆς
725 1351 952 1423 σελήνης
985 1352 1182 1416 κύκλος
1222 1353 1264 1424 β’
1298 1350 1437 1408 εἶναι
1465 1355 1752 1422 δέδεικται,
1782 1358 1969 1414 τοῦτον

388 1442 1000 1507 ὲνδεκαπλασιάσαντες,
1029 1445 1123 1497 καὶ
1148 1447 1260 1508 τοῖς
1282 1447 1594 1516 γενομένοις
1621 1447 1702 1518 κβ¹
1731 1455 1778 1517 γ’
1809 1467 1970 1522 προσ-

389 1535 593 1600 θέντες,
627 1535 696 1589 τὰ
727 1535 995 1606 γενόμενα
1023 1543 1102 1590 κε’
1132 1537 1231 1602 τὰς
1259 1538 1352 1592 τοῦ
1393 1539 1687 1605 ἐνεστῶτος
1717 1543 1968 1614 σεληνια-

389 1627 488 1682 κοῦ
521 1627 720 1683 κύκλου
747 1628 938 1699 ἔχομεν
971 1629 1214 1694 ὲπακτὰς
1246 1637 1344 1684 κε’.

471 1719 536 1772 Ἢ
567 1719 626 1773 δὲ
655 1719 766 1772 τῶν
800 1725 847 1788 γ’
881 1720 1102 1791 ἡμερῶν
1127 1720 1411 1792 προσθήκη
1447 1721 1514 1774 δι’
1553 1723 1732 1777 αἰτίαν
1759 1724 1974 1793 γίνεται.

387 1809 612 1880 ταύτην.
669 1811 827 1863 Δοκεῖ
887 1810 996 1882 γὰρ
1055 1811 1288 1883 ἀπορίαν
1347 1812 1594 1881 ἐμποιεῖν
1653 1816 1686 1885 ἡ
1743 1815 1963 1888 τοιαύτη

2073 613 2424 699 ριίειώίωυε,
2459 627 2620 698 199
2647 626 2713 681 ad
2745 640 2980 695 eumque
3005 633 3118 680 tres
3147 625 3266 680 dies
3297 623 3646 694 adjiciemus.

2072 719 2140 776 de
2170 720 2370 791 quibus
2404 720 2568 790 paulo
2597 725 2725 788 post
2756 726 2966 789 agetur.
3020 715 3096 770 Ex
3129 715 3234 770 hac
3278 730 3494 772 summa
3544 717 3613 768 tri

2071 813 2324 870 cenarios
2371 825 2598 878 omnes,
2635 809 2818 881 quoad
2863 809 2979 864 ﬁeri
3023 815 3234 878 potest,
3281 807 3644 876 auferemus;

2071 903 2166 974 qui
2221 903 2467 974 singulos
2516 903 2661 958 lunae
2709 913 2932 960 menses
2984 899 3246 955 sﬂiciunt.
3299 898 3598 955 Residuum
3628 939 3646 962 ,

2069 993 2216 1065 quod
2246 995 2430 1052 minus
2462 1002 2549 1051 cst
2575 1009 2681 1048 xxx
2702 1032 2718 1056 ,
2753 1007 2855 1064 pro
2883 992 3029 1062 lunae,
3053 991 3262 1064 epactis
3295 990 3640 1048 habebimus.

2137 1257 2384 1328 Exempli
2421 1272 2622 1313 causa:
2657 1257 2920 1328 quoniam
2953 1255 3238 1326 praesentis
3270 1254 3400 1308 anni
3427 1253 3638 1310 lunaris

2069 1351 2260 1420 cyclus
2294 1358 2378 1406 est
2410 1365 2485 1414 ιι,
2521 1358 2584 1404 ιιι
2618 1343 3002 1416 ostendimus:
3036 1348 3184 1402 hunc
3230 1362 3328 1418 per
3355 1362 3411 1401 ιι
3445 1347 3636 1402 multi-

2067 1443 2371 1512 plicantes,
2399 1452 2454 1496 et
2483 1443 2548 1496 ad
2585 1458 2728 1507 un,
2761 1440 2856 1511 qui
2890 1439 3018 1495 inde
3066 1439 3239 1503 ﬁunt,
3293 1437 3491 1494 additis
3542 1453 3635 1504 ιιι,

2067 1532 2160 1604 qui
2195 1534 2320 1587 inde
2351 1533 2635 1604 consurgit
2663 1547 2925 1588 numerus
2957 1547 3084 1600 xxv,
3114 1529 3279 1601 bujus
3309 1529 3451 1602 cycli
3481 1530 3640 1586 luna-

2067 1627 2148 1681 ris
2177 1633 2399 1696 epactas
2433 1627 2585 1680 illum
2613 1639 2734 1682 esse
2759 1625 3016 1680 dicimus.
3186 1691 3193 1700 .

2137 1717 2406 1774 Caeterum
2449 1718 2691 1772 triduum
2736 1716 2884 1772 istud
2926 1717 2996 1770 ob
3044 1730 3186 1770 nanc
3225 1728 3448 1771 causam
3497 1714 3636 1784 adji-

2068 1811 2230 1866 citur.
2269 1810 2396 1865 Haec
2430 1810 2573 1864 enim
2607 1809 2850 1864 accessio
2880 1806 3236 1862 dubitationis
3267 1790 3516 1861 nonnihil
3549 1805 3637 1860 af-

393 1902 697 1974 προσθήκη.
728 1903 882 1955 Ἔστι
919 1902 963 1955 δ’
999 1903 1170 1956 αἴτιον
1214 1901 1496 1956 κάνταῦθα
1537 1907 1570 1976 ή
1614 1907 1712 1976 τῆς
1762 1885 1964 1980 κυρίως

2069 1901 2211 1959 ferre
2239 1903 2471 1958 videtur.
2505 1901 2611 1956 Sed
2642 1901 2762 1969 ejus
2790 1914 3006 1970 quoque
3031 1899 3173 1953 ratio
3214 1913 3283 1954 ex
3320 1899 3435 1954 veri
3483 1899 3637 1969 prin-

389 1993 566 2065 ἀρχῆς
601 1993 694 2046 τοῦ
737 1992 890 2058 έτους
934 1994 1145 2065 ἄγνοια.
1182 1994 1400 2064 Ταύτην
1433 1995 1543 2066 γὰρ
1589 1996 1832 2067 ἀκριϐῶς
1871 1999 1970 2052 οὐκ

391 2085 612 2150 εἰδότες,
654 2087 779 2139 ἐπεὶ
818 2080 975 2157 εὗρον
1017 2089 1065 2140 οί
1108 2088 1226 2140 κατ’
1254 2087 1428 2159 ἀρχὰς
1462 2089 1530 2142 τὰ
1575 2091 1800 2144 τοιαῦτα
1843 2091 1972 2160 μεθ-

390 2175 728 2240 οδεύσαντες,
772 2176 872 2248 τὴν
909 2178 1137 2249 σελήνην
1179 2179 1237 2231 ὲν
1269 2185 1316 2230 α’
1347 2178 1370 2210 ⁴
1405 2179 1588 2250 κύκλῳ
1621 2181 1793 2252 αὐτῆς
1829 2183 1969 2237 κατά

388 2266 487 2338 τὴν
513 2273 559 2320 α’
593 2267 685 2321 τοῦ
731 2268 1060 2340 ’Ῑανουαρίου
1092 2270 1427 2343 πανσέληνον
1463 2273 1772 2344 γινομένην,
1813 2291 1972 2328 τουτ-

391 2359 507 2413 έστι
546 2359 1098 2438 πεντεκαιδεκαταίαν
1133 2357 1297 2415 οὖσαν
1319 2379 1332 2392 ·
1371 2358 1439 2432 ἦν
1467 2361 1524 2416 δὲ
1551 2363 1646 2416 καὶ
1695 2365 1782 2417 ὅτε
1815 2364 1971 2436 δεδη-

391 2451 514 2521 μιού
525 2469 718 2523 ργηται
740 2452 1278 2506 πεντεκαιδεκαταία·
1301 2453 1394 2505 καὶ
1418 2453 1504 2506 διὰ
1526 2454 1682 2507 τοῦτο
1701 2458 1848 2526 τρεῖς
1873 2456 1970 2526 μὲν

386 2538 529 2614 ἦσαν
557 2545 612 2596 αἱ
642 2543 748 2615 πρὸ
776 2542 876 2614 τῆς
899 2543 1256 2616 δημιουργίας
1282 2545 1453 2615 αὐτῆς
1477 2545 1702 2617 ἡμέραι,
1733 2554 1798 2599 ια’
1825 2547 1883 2600 δὲ
1912 2550 1969 2602 αἱ

390 2632 500 2686 ἀπὸ
526 2633 626 2703 τῆς
664 2633 1127 2705 προῦποτεθείσης
1157 2635 1398 2700 συνόδου,
1443 2635 1703 2690 ὑπέθεντο
1744 2639 1842 2708 μὲν
1871 2639 1970 2710 τὴν

385 2724 560 2796 ἀρχὴν
587 2725 682 2779 τοῦ
725 2727 1073 2799 Ἰανουαρίου,
1105 2729 1201 2781 καὶ
1247 2729 1357 2782 τῶν
1393 2731 1728 2802 σεληνιακῶν
1756 2733 1970 2788 κύκλων

387 2816 583 2888 ἀρχὴν,
616 2817 963 2889 προσέθηκαν
1005 2817 1062 2870 δὲ
1103 2819 1199 2872 καὶ
1229 2818 1329 2882 τὰς
1365 2827 1414 2888 γ’
1445 2821 1678 2892 ἡμέρας,
1709 2823 1795 2877 ἵνα
1828 2825 1970 2880 κατά

387 2907 564 2961 πάντα
617 2906 936 2980 ὁμοιότης
973 2908 1107 2980 πρὸς
1164 2910 1378 2982 ἐκείνην
1421 2912 1519 2984 τὴν
1568 2913 1805 2986 ἡμέραν,
1844 2917 1967 2970 καθ’

385 2998 458 3070 ἡν
495 2998 748 3070 δεδημιού
757 3016 973 3070 ργηται.

386 3109 622 3186 Πῶςιᾶν
645 3130 736 3178 τις
773 3112 871 3186 καὶ
915 3113 1033 3186 ei:th
1077 3111 1426 3186 τῆς-ὅψεως
1469 3116 1816 3186 κατανοήσῃ
1853 3116 1968 3184 τὴν

457 3183 730 3306 σελτὲτὲητέ
755 3185 874 3237 εἴτε
905 3182 1024 3238 ἀπὸ
1059 3184 1347 3250 συνόδου,
1376 3186 1496 3240 εἴτε
1523 3186 1641 3241 ἀπὸ
1670 3182 1966 3242 scandalu-

457 3270 566 3306 νου
667 3270 696 3304 τ
725 3270 782 3306 ν.

454 3270 566 3307 νου
589 3270 782 3307 εστιν.

456 3359 540 3412 H'.
590 3357 804 3430 Ἐπειδὴ
827 3358 891 3412 ὲκ
915 3359 1010 3413 τοῦ
1033 3360 1181 3432 ἡλίου
1213 3361 1424 3433 δέχεται
1459 3363 1520 3417 τὸ
1541 3363 1655 3434 φῶς
1681 3366 1715 3437 ἡ
1745 3366 1960 3439 σελήνη,

386 3447 474 3502 ἀεὶ
513 3448 574 3501 τὸ
615 3451 1026 3521 πεφωτισμένον
1067 3453 1239 3522 αὐτῆς
1291 3454 1456 3524 μέρος
1496 3455 1632 3526 πρὸς
1674 3457 1764 3510 τὸν
1811 3458 1963 3526 ἥλιον

384 3539 550 3595 νεύει.
583 3541 741 3595 Ὅθεν
776 3539 1046 3615 αὐξομένη
1081 3543 1178 3615 μὲν
1209 3547 1276 3615 τῇ
1318 3545 1616 3601 ἀποστάσει
1653 3547 1748 3602 τοῦ
1789 3549 1960 3622 ἡλίου,

383 3633 629 3686 τουτέστι
674 3634 1026 3689 συνοδεύουσα
1061 3635 1140 3707 τῷ
1179 3637 1335 3708 ἡλίῳ,
1376 3639 1470 3692 καὶ
1509 3639 1600 3692 ἐπὶ
1632 3642 1963 3713 πανσέληνον

385 3724 674 3797 ἐρχομένη,
717 3723 778 3778 τὺ
830 3725 928 3796 μὲν
961 3727 1373 3798 πεφωτισμένον
1421 3730 1592 3800 αὐτῆς
1626 3731 1789 3803 μέρος
1819 3734 1963 3788 νεύει

385 3817 524 3887 πρὸς
581 3817 823 3888 δυσμὰς,
879 3818 1240 3891 δυτικωτέρου
1293 3821 1446 3886 ὄντος
1508 3824 1807 3894 τηνικαῦτα
1866 3827 1961 3880 τοῦ

383 3909 557 3979 ἡλίου,
581 3911 640 3963 τὸ
667 3910 723 3963 δὲ
751 3911 1092 3982 κερατοειδὲς
1135 3912 1306 3982 αὐτῆς
1352 3914 1448 3968 καὶ
1487 3913 1790 3984 ἀφώτιστον
1817 3916 1962 3971 νεύει

385 4001 523 4073 πρὸς
557 4002 850 4066 ἀνατολάς·
887 4003 1026 4057 ἐπὰν
1068 4004 1125 4058 δὲ
1161 4005 1384 4078 γένηται
1421 4007 1831 4078 ἀντιπρόσωπος
1864 4009 1960 4081 ὅλη

382 4088 462 4160 τῷ
486 4088 640 4161 ἡλίῳ,
673 4091 769 4144 καὶ
817 4091 958 4146 κατὰ
996 4092 1287 4165 διάμετρον
1340 4094 1504 4148 αὐτοῦ
1555 4096 1788 4169 ἀποστῇ,
1837 4099 1960 4153 τότε

386 4184 538 4236 πᾶσα
586 4182 912 4252 φωτίζεται,
963 4183 1057 4254 ὅλη
1098 4186 1204 4256 ὅλῳ
1254 4185 1330 4256 τῷ
1383 4187 1518 4258 ἡλίῳ
1559 4189 1956 4260 προσϐαλοῦσα.

393 4275 527 4346 Ὅλη
553 4275 610 4329 δὲ
640 4275 783 4344 λέγω
831 4276 973 4329 κατά
1021 4277 1082 4329 τὸ
1130 4279 1267 4349 πρὸς
1315 4281 1461 4350 ἡμᾶς
1507 4281 1678 4352 αὐτῆς
1714 4285 1959 4349 νενευκὸς

387 4367 569 4439 μέρος.
613 4369 804 4423 Ἦνίκα
835 4369 892 4422 δὲ
926 4369 1064 4439 μετά
1111 4371 1468 4444 πανσέληνον·
1499 4373 1730 4445 ἄρξηται
1777 4376 1960 4446 μειοῦ-

385 4459 529 4522 σθαι,
573 4462 668 4514 καὶ
710 4461 847 4534 πρὸς
895 4461 1112 4516 σύνοδον
1161 4461 1416 4534 ἔρχεσθαι
1468 4466 1562 4520 τοῦ
1613 4467 1782 4538 ἡλίου,
1835 4470 1956 4524 τότε

2070 1992 2231 2063 cipii,
2281 2008 2313 2046 a
2363 2007 2473 2062 quo
2525 2006 2704 2046 annus
2751 1989 2971 2060 incipit,
3023 1988 3365 2059 ignoratione
3407 1989 3635 2059 petitur.

2070 2085 2224 2152 Quod
2255 2099 2380 2138 cum
2411 2091 2664 2138 accurate
2694 2097 2805 2138 non
2836 2088 3082 2136 tenerent
3124 2080 3287 2151 primi
3330 2080 3477 2134 illius
3520 2095 3637 2134 me-

2069 2177 2223 2231 thodi
2251 2175 2564 2230 conditores
2585 2213 2600 2238 ,
2631 2189 2695 2229 ac
2724 2177 2900 2244 primo
2929 2173 3072 2226 luna:
3099 2171 3254 2242 cyclo
3292 2169 3638 2224 animadver-

2069 2279 2245 2324 terent
2281 2267 2543 2323 Kalendis
2570 2265 2813 2321 Januarii
2860 2266 3072 2336 plenam
3113 2279 3236 2320 esse
3275 2264 3497 2330 lunam,
3531 2263 3638 2319 hoc

2069 2370 2155 2418 est
2185 2361 2432 2431 quintam
2459 2361 2767 2425 decimam;
2799 2372 2862 2412 ac
2893 2364 3100 2412 tantam
3133 2357 3336 2422 fuisse,
3371 2371 3494 2411 cum
3525 2356 3638 2427 pri-

2071 2470 2219 2508 mum
2262 2461 2346 2510 est
2396 2460 2715 2523 procreata,
2767 2460 3084 2511 constaret,
3125 2456 3187 2502 ut
3243 2456 3357 2504 tres
3411 2450 3640 2503 omnino

2070 2544 2188 2602 dies
2224 2543 2505 2600 conditum
2551 2543 2699 2598 illius
2741 2541 3168 2603 antecesserint,
3212 2538 3466 2596 undecim
3504 2553 3634 2594 vero

2071 2653 2102 2691 a
2136 2637 2312 2707 primo
2340 2637 2487 2690 coitu
2509 2674 2523 2698 ,
2552 2649 2712 2705 quem
2758 2633 3012 2704 ﬁngimus
3032 2672 3047 2696 ,
3077 2629 3384 2685 eiﬂuxerint
3414 2649 3426 2685 :
3474 2629 3546 2685 ob
3579 2629 3636 2685 id

2069 2730 2329 2785 Kalendis
2354 2727 2631 2783 Ianuariis
2674 2726 2952 2797 cyclorum
2999 2724 3142 2778 lunae
3184 2721 3514 2792 principium
3546 2733 3635 2776 at-
3745 2742 3748 2746 η

2070 2821 2420 2887 tribuerunt;
2455 2834 2520 2874 ac
2551 2827 2662 2873 tres
2703 2818 2830 2871 illos
2859 2815 3178 2884 adjecerunt
3205 2811 3356 2876 dies,
3406 2819 3467 2866 ut
3507 2827 3637 2866 cum

2069 2929 2156 2979 ea,
2187 2929 2294 2985 qua
2316 2913 2552 2983 primum
2608 2911 2827 2966 condita
2860 2916 2964 2975 est,
3000 2908 3088 2961 die
3131 2920 3226 2976 per
3271 2905 3451 2960 omnia
3504 2919 3640 2959 con-

2069 3013 2307 3076 grueret.

2128 3119 2248 3186 Qua
2275 3117 2478 3170 ratione
2507 3114 2766 3186 quispiam
2794 3113 2907 3186 uisu
2938 3112 3050 3182 ipso
3079 3111 3342 3186 discernat
3365 3117 3586 3186 ,‘utrum

2281 3189 2408 3241 luna
2439 3181 2675 3256 proxime
2704 3185 2758 3237 in
2777 3183 2908 3253 jugo
2927 3224 2943 3251 ,
2979 3198 3048 3235 an
3075 3182 3229 3250 plena
3260 3181 3441 3249 fuerit.

2139 3364 2276 3421 Vlll.
2315 3364 2455 3420 Cum
2487 3363 2556 3418 ab
2604 3362 2719 3418 sole
2766 3361 2944 3417 lucem
2980 3360 3109 3414 luna
3154 3358 3472 3425 fmneretur,
3507 3371 3637 3427 pars

2067 3457 2188 3528 ejus
2214 3456 2514 3511 illuminata
2541 3455 2710 3510 solem
2735 3459 2998 3523 perpetuo
3016 3451 3259 3521 respicit.
3280 3449 3406 3504 Ideo
3423 3463 3545 3505 cum
3569 3448 3637 3502 ab

2069 3551 2184 3606 sole
2215 3548 2479 3620 paulatim
2524 3553 2735 3602 remota
2766 3545 3005 3610 crescit,
3039 3544 3143 3600 hoc
3171 3550 3256 3599 est
3297 3549 3421 3612 post
3464 3542 3637 3612 ipsius

2069 3655 2193 3694 cum
2225 3639 2341 3694 sole
2370 3651 2758 3707 congressum,
2793 3649 2856 3689 ac
2908 3633 3086 3690 tendit
3125 3633 3194 3688 ad
3240 3633 3633 3704 plenilunium,

2068 3746 2176 3802 qua
2216 3738 2369 3800 parte
2414 3729 2589 3784 lucem
2637 3726 2867 3798 accipit,
2899 3725 3076 3797 vergit
3121 3726 3175 3779 in
3203 3739 3496 3790 occasum,
3548 3740 3640 3780 so-

2067 3824 2176 3879 lem
2229 3833 2360 3878 tunc
2409 3821 2616 3876 habens
2650 3819 2719 3874 ab
2750 3818 3068 3883 occidente;
3105 3832 3213 3887 qua
3244 3831 3375 3872 vero
3406 3824 3640 3872 cornuta

2067 3924 2152 3971 est
2170 3957 2184 3979 ,
2219 3922 2274 3969 et
2300 3929 2496 3983 expers
2526 3911 2782 3973 luminis,
2812 3909 2870 3964 in
2894 3909 3180 3966 orientem.
3209 3906 3384 3964 Porro
3416 3923 3540 3963 cum
3568 3923 3640 3964 ex

2067 4009 2295 4064 adverso
2329 4007 2432 4062 soli
2484 4005 2701 4076 penitus
2750 4003 2992 4074 objacet,
3045 4001 3336 4058 intervallo
3385 3999 3640 4056 diametri

2067 4103 2136 4158 ab
2166 4101 2356 4158 eodem
2386 4099 2641 4166 distans;
2690 4105 2825 4152 tunc
2870 4095 3122 4151 videlicet
3166 4094 3330 4164 pleno
3367 4093 3508 4155 orbe
3549 4107 3639 4148 re-

2066 4193 2351 4263 splendet,
2383 4198 2559 4245 totum
2585 4197 2697 4244 tota
2723 4188 2894 4244 solem
2920 4187 3242 4257 respiciens.
3279 4179 3474 4240 Totam
3509 4198 3637 4239 cum

2064 4288 2210 4354 dico,
2238 4296 2446 4358 partem
2474 4285 2596 4354 ejus
2625 4283 2868 4351 intelligo
2887 4322 2903 4348 ,
2937 4295 3057 4351 quae
3084 4280 3243 4335 nobis
3268 4279 3498 4335 obversa
3528 4286 3635 4334 est.

2064 4381 2136 4434 At
2167 4394 2294 4435 cum
2326 4387 2450 4446 post
2482 4376 2884 4447 oppositionem
2935 4374 3257 4428 decrescere
3301 4371 3529 4442 incipit,
3579 4375 3640 4424 et

2064 4472 2132 4527 ad
2163 4471 2297 4527 solis
2326 4483 2621 4540 properare
2648 4480 3002 4536 congressum
3032 4481 3046 4529 ;
3092 4470 3224 4517 tunc
3269 4463 3464 4517 iterum
3507 4476 3639 4531 pars

380 4553 543 4606 πάλιν
567 4553 632 4606 τὸ
668 4554 765 4624 μὲν
794 4553 1204 4626 πεφωτισμένον
1240 4555 1412 4626 αὐτῆς
1439 4557 1604 4627 μέρος
1641 4557 1785 4611 νεύει
1821 4561 1958 4631 πρὸς

2067 4565 2210 4619 illius
2239 4563 2422 4617 lucida
2453 4569 2663 4632 spectat
2694 4560 2983 4614 orientem.
3023 4557 3202 4628 (Tum
3241 4557 3388 4611 enim
3436 4556 3520 4610 sol
3565 4555 3638 4610 ad

381 4643 644 4715 ἀνατολὴν
674 4643 769 4697 τοῦ
818 4644 968 4715 ἡλίκη.)
1017 4645 1478 4717 ἀνατολικωτέρου
1522 4647 1640 4701 τότε
1686 4648 1857 4715 ὄντος,
1896 4652 1959 4706 τὸ

379 4738 437 4792 δὲ
472 4737 773 4806 ἀφώτιστον
817 4737 910 4790 καὶ
954 4737 1294 4809 κερατοειδὲς
1345 4739 1481 4809 πρὸς
1527 4739 1756 4810 δυσμάς.
1793 4745 1960 4798 Ὅταν

381 4830 490 4902 ἄρα
515 4830 576 4882 τὸ
610 4829 1022 4900 πεφωτισμένον
1053 4829 1152 4900 τῆς
1191 4829 1418 4901 σελήνης
1460 4831 1627 4904 μέρος
1664 4834 1793 4906 νεύῃ
1824 4836 1960 4907 πρὸς

379 4922 610 4994 δυσμὰς,
645 4921 753 4976 ἀπὸ
776 4921 991 4975 συνόδου
1017 4921 1163 4975 ἐστὶν
1188 4923 1221 4992 ἡ
1251 4921 1468 4994 σελήνη,
1500 4925 1595 4978 καὶ
1630 4927 1721 4979 ἐπὶ
1757 4928 1958 4981 πανσέ-

379 5013 539 5085 ληνον
575 5013 822 5086 ἔρχεται*
855 5015 982 5067 ὅταν
1021 5013 1078 5066 δὲ
1113 5013 1275 5067 πάλιν
1310 5015 1371 5068 τὸ
1411 5017 1824 5088 πεφωτισμένον
1860 5019 1957 5071 αύ-

378 5106 481 5177 τῆς
528 5105 691 5178 μέρος
749 5104 878 5176 νεύῃ
929 5105 1068 5177 πρὸς
1117 5105 1400 5170 ἀνατολὰς,
1460 5107 1568 5161 ἀπὸ
1619 5109 1952 5180 πανσελήνου

381 5199 526 5251 ἐστὶν
559 5199 592 5268 ἡ
624 5197 840 5269 σελήνη,
873 5197 968 5251 καὶ
1005 5195 1098 5249 ἐπὶ
1124 5195 1338 5250 σύνοδον
1371 5196 1610 5268 ἔρχεται.

322 5334 330 5344 -
381 5308 513 5375 Πῶς
545 5309 622 5363 ἂν
651 5309 924 5377 εὕροιμεν
950 5309 1159 5378 πόσων
1183 5306 1353 5361 ἐστὶν
1373 5307 1618 5378 ,ἡμερῶν
1643 5310 1682 5377 ἡ
1717 5308 1952 5378 σελήνη

447 5380 567 5434 ἀπὸ
617 5376 904 5448 συνόδου,
938 5379 1066 5433 καθ’
1119 5376 1200 5444 ἦν
1241 5379 1318 5432 ἂν
1351 5376 1580 5446 ἡμέραν
1617 5376 1725 5432 τοῦ
1762 5376 1957 5448 μηνὸς

447 5449 626 5503 τοῦτο
654 5446 984 5516 ζητοίημεν.

446 5561 523 5613 6'.
543 5559 745 5612 ’Ertel8‘
768 5558 964 5629 ἔχομεν
979 5559 1179 5613 καὶτὸν
1199 5558 1329 5631 περὶ
1343 5559 1532 5613 τούτου
1564 5559 1741 5628 λόγον,
1763 5559 1958 5630 ἑπόμε-

377 5670 462 5707 νον
488 5651 554 5707 ἂν
583 5651 668 5722 εἴη
707 5651 1023 5723 προσθεῖναι
1071 5651 1164 5705 καὶ
1215 5651 1362 5715 ὅπως
1399 5651 1479 5704 δεῖ
1525 5651 1824 5722 λαμϐάνειν
1855 5651 1955 5724 τὴν

449 5805 470 5836 ⁸
506 5822 594 5876 πρ.
633 5805 828 5876 ἐνάτῳ,
867 5814 916 5861 et
946 5820 1066 5860 mox
1095 5803 1237 5859 κατὰ
1265 5803 1364 5876 τὴν
1402 5811 1490 5860 ια’.

2061 4656 2327 4710 orientem
2359 4653 2532 4725 magis
2564 4651 2793 4706 accedit.
2823 4651 2840 4718 )
2875 4647 3010 4703 Pars
3043 4654 3226 4701 autem
3266 4661 3388 4717 qua
3429 4646 3640 4701 lumine

2061 4761 2257 4801 carens
2303 4755 2418 4813 est,
2469 4751 2521 4799 et
2577 4749 2842 4808 cornuta,
2895 4739 3234 4794 occidentem
3279 4737 3496 4809 aspicit.
3554 4735 3637 4794 Ad

2061 4852 2364 4902 summam,
2396 4834 2618 4906 quando
2648 4849 2776 4904 pars
2804 4833 2946 4886 luna:
2976 4829 3258 4901 splendida
3292 4829 3348 4886 in
3379 4828 3642 4883 occiden-

2057 4937 2168 4985 tem
2195 4929 2402 5000 vergit,
2425 4934 2466 4981 'a
2497 4941 2794 4997 congressu
2828 4922 3091 4979 recedens
3138 4918 3312 4975 tendit
3355 4918 3424 4972 ad
3464 4931 3636 4987 oppo-

2062 5019 2364 5085 sitionem;
2397 5031 2522 5071 cum
2553 5023 2735 5069 autem
2783 5011 2965 5068 denuo
3017 5025 3146 5081 pars
3194 5007 3374 5063 lucida
3424 5013 3638 5078 spectat

2062 5111 2326 5166 orientem
2347 5149 2362 5174 ,
2397 5107 2466 5162 ab
2493 5105 2833 5176 oppositione
2859 5102 3002 5158 redit
3031 5101 3096 5156 ad
3131 5098 3421 5171 synodum.

2064 5311 2341 5381 Quomodo
2379 5305 2848 5381 investiganda_sit
2887 5313 3017 5358 wtas
3058 5301 3228 5364 lunae,
3269 5298 3365 5377 hoc
3400 5306 3478 5381 est
3517 5295 3634 5364 ejus

2166 5381 2504 5436 intervallum
2537 5367 2798 5448 a'synodo
2818 5415 2833 5440 ,
2863 5387 3170 5444 quacunque
3198 5368 3393 5426 mensis
3419 5367 3524 5419 die.

2130 5557 2222 5615 IX.
2263 5558 2360 5615 His
2387 5559 2462 5613 ita
2483 5555 2823 5618 constitutis,
2846 5565 3188 5620 consequens
3212 5553 3298 5604 est
3314 5586 3331 5611 ,
3355 5553 3415 5599 ut
3439 5560 3634 5616 quem-

2061 5650 2352 5708 admodum
2395 5658 2528 5706 aetas
2574 5649 2718 5704 lunae
2761 5659 3087 5716 quacunque
3133 5638 3399 5712 propositi
3427 5636 3638 5695 mensis
