4070 6406
344 331 348 335 ’
439 347 580 404 4295

1473 341 1563 395 AD
1601 339 1874 397 EUSEBII
1909 337 2307 396 CHRONICON
2358 339 2726 394 APPENDIX.
3575 346 3716 405 1296

437 466 527 519 die
555 463 858 535 colligenda
894 463 966 518 sit
985 502 1000 524 ,
1027 460 1383 532 explicemus.
1417 458 1581 530 Igitur
1608 461 1850 516 ineuntis
1877 460 1985 531 cycl

2122 457 2352 529 σελήνην
2410 459 2590 511 πόσων
2643 458 2865 530 ἡμερῶν
2917 460 3064 512 ἐστιν
3121 460 3230 514 ἀπὺ
3278 460 3534 526 συνόδου,
3591 464 3715 517 καθ’

439 557 652 611 lunaris
683 555 892 625 epactis
926 552 995 608 ad
1023 553 1166 609 diem
1197 553 1438 617 mensis,
1474 553 1531 607 in
1565 568 1675 623 quo
1708 559 1840 608 aetas
1872 552 1985 605 lunt

2123 551 2314 602 ὁποίαν
2337 549 2403 604 ἂν
2433 550 2646 621 ἡμέραν
2675 550 2828 604 τοῦδέ
2852 567 2997 614 τινος
3033 551 3200 622 μηνὸς
3231 552 3526 626 ζητοίημεν
3555 554 3713 610 τοῦτο

437 649 720 720 quaeritur,
780 646 1086 718 adiunctis,
1149 661 1180 700 a
1234 645 1428 700 Martio
1487 645 1809 719 eaeterisque
1863 643 1985 698 dein

2123 639 2329 695 λαϐεῖν.
2359 641 2616 710 Ἔχοντες
2648 641 2756 714 γὰρ
2793 641 2888 696 τοῦ
2932 642 3227 707 ἐνεστῶτος
3258 643 3579 715 σεληνιακοῦ
3612 645 3709 700 κύ-

434 755 566 810 ceps
609 737 930 804 mensibus,
971 745 1200 807 excepto
1253 736 1386 804 illo,
1429 735 1525 806 qui
1575 735 1923 805 praponitur,
1971 749 1985 788 ε

2127 732 2257 785 κλου
2309 731 2409 796 τὰς
2471 732 2736 799 ἐπακτὰς,
2793 735 2890 788 καὶ
2951 733 3332 808 προστιθέντες
3381 735 3585 801 ταύτας
3642 740 3712 809 τῇ

435 831 654 902 quidem
705 829 900 884 diebus
947 836 1203 883 constent
1250 844 1380 882 xui
1409 865 1428 892 ,
1483 826 1817 896 sesquidiem
1869 824 1985 894 capi

2126 826 2310 896 ἡμέρᾳ
2333 825 2426 878 τοῦ
2461 826 2648 897 μηνὸς,
2680 825 2803 880 καθ’
2826 828 2892 900 ἦν
2920 826 3191 898 ζητοῦμεν
3220 826 3406 881 λαϐεῖν
3431 828 3530 900 τὴν
3559 829 3714 901 σελὴ-

432 938 601 977 mus:
661 921 742 976 sin
787 920 906 976 dies
947 919 1185 974 habeant
1240 935 1384 993 xxx,
1442 917 1790 973 dimidiatum
1841 917 1985 972 diem

2123 934 2222 987 νην
2251 917 2436 972 πόσων
2471 919 2619 972 ἐστὶν
2650 919 2874 991 ἡμερῶν
2895 937 2907 950 ·
2945 920 3041 973 καὶ
3073 920 3180 974 ἀπὸ
3219 920 3314 973 τοῦ
3343 922 3586 993 Μαρτίου
3617 923 3713 976 καὶ

432 1010 557 1066 Mox
591 1009 659 1066 de
700 1024 948 1073 summa,
1005 1009 1052 1064 si
1104 991 1401 1078 major'sit
1458 1009 1725 1080 triginta,
1779 1009 1985 1065 totiden

2115 1006 2222 1060 τῶν
2248 1006 2378 1077 ἑξῆς
2413 1007 2619 1078 μηνῶν,
2653 1007 2792 1080 πλὴν
2832 1008 2998 1063 αὑτοῦ
3043 1009 3137 1062 τοῦ
3181 1010 3274 1080 ἀφ’
3306 1006 3367 1062 οὑ
3405 991 3450 1081 ἡὴ
3480 1010 3710 1083 ζήτησις

431 1098 777 1163 auferimus;
830 1097 1114 1153 residuum
1158 1099 1281 1168 plus
1329 1098 1513 1154 minus
1558 1106 1775 1155 aetatem
1825 1099 1966 1154 luna:

2115 1099 2344 1166 γίνεται,
2389 1098 2759 1170 λαμϐάνοντες
2806 1099 2902 1154 τοῦ
2939 1101 3038 1170 μὲν
3088 1100 3304 1172 ἔχοντος
3358 1102 3572 1174 ἡμέρας
3603 1102 3710 1166 λα’,

428 1205 593 1262 quam
627 1189 959 1260 inquirimus
979 1229 994 1254 ,
1027 1188 1303 1246 ostendet.
1321 1235 1334 1243 .

2113 1190 2326 1262 ἡμέραν
2357 1188 2404 1244 α’
2435 1189 2520 1256 S",
2551 1191 2644 1245 τοῦ
2669 1193 2712 1246 δ’
2747 1191 2961 1263 ἔχοντος
3005 1192 3220 1263 ἡμέρας
3261 1192 3325 1258 λ’,
3362 1193 3428 1249 S"
3473 1194 3706 1268 ἡμέρας,

427 1284 521 1338 καὶ
569 1283 678 1338 τῶν
727 1281 1094 1352 συναχθεισῶν
1152 1282 1516 1354 τριακοντάδα
1571 1281 1862 1352 ἀφελόντες
1886 1323 1900 1348 ,
1959 1283 2010 1335 εί
2069 1282 2460 1353 ὑπερϐαίνουσι
2509 1281 2788 1354 δηλονότι,
2835 1284 2936 1346 τὰς
2985 1282 3181 1347 λοιπὰς
3236 1281 3429 1356 ἕξομεν
3490 1283 3710 1356 ὁλοσχε-

432 1379 540 1452 ρῶς
583 1381 724 1434 ὅσων
767 1379 986 1451 ἡμερῶν
1032 1379 1182 1433 ἐστιν
1227 1381 1261 1452 ἡ
1307 1380 1528 1452 σελήνη,
1572 1381 1694 1434 καθ’
1738 1381 1806 1452 ἢν
1847 1379 2006 1433 τοῦτο
2042 1378 2333 1451 ζητοῦμεν.

500 1470 746 1541 Exempli
779 1472 953 1541 gratia
982 1490 995 1526 :
1029 1473 1311 1542 proposita
1340 1473 1414 1527 sit
1444 1488 1571 1527 xxvr
1603 1473 1722 1529 dies
1753 1473 1979 1528 Octobri

2188 1468 2334 1538 Οῗον,
2367 1473 2445 1537 ὡς
2473 1473 2533 1526 ἐν
2570 1472 2955 1543 ὑποδείγματι,
2996 1471 3136 1524 ἔστω
3177 1479 3270 1536 κς¹
3305 1471 3400 1527 τοῦ
3441 1472 3708 1543 παρόντος

427 1565 484 1620 in
515 1578 624 1634 quo
647 1577 954 1634 versamur.
986 1561 1067 1617 Ad
1099 1563 1240 1618 hanc
1269 1571 1489 1634 epactas
1515 1564 1802 1634 przesentis
1829 1564 1968 1635 cycli

2130 1564 2462 1636 Ὀκτωϐρίου
2505 1564 2688 1636 μηνός.
2739 1563 2924 1637 Ταύτῃ
2971 1563 3300 1634 προσθέντες
3343 1563 3441 1626 τὰς
3492 1563 3707 1617 ἀποδει-

431 1672 572 1729 quas
608 1673 718 1713 xxv
748 1655 862 1726 jam
915 1659 1258 1725 reperimus,
1311 1656 1572 1712 addentes
1635 1671 1847 1710 necnon
1893 1655 1981 1711 die

2117 1655 2340 1726 χθείσας
2377 1654 2473 1710 τοῦ
2515 1655 2809 1718 ἐνεστῶτος
2856 1654 3174 1726 σεληνιακοῦ
3220 1645 3420 1708 κύκλου
3459 1655 3702 1719 ἐπακτάς

429 1763 655 1812 omnes,
691 1747 787 1817 qui
820 1761 852 1800 a
885 1744 1081 1800 Martio
1115 1745 1183 1798 ad
1225 1745 1386 1800 ﬁnem
1421 1745 1760 1816 Septembris
1791 1746 1985 1801 collect

2118 1753 2218 1811 κε’,
2264 1747 2357 1800 καὶ
2395 1746 2495 1811 τὰς
2542 1746 2652 1801 ἀπὸ
2695 1747 2790 1800 τοῦ
2837 1747 3082 1817 Μαρτίου
3129 1746 3292 1819 μέχρι
3325 1747 3416 1800 καὶ
3454 1747 3577 1801 ὅλου
3605 1747 3702 1801 τοῦ

427 1848 593 1905 sunt,
630 1853 859 1893 numero
894 1846 1100 1906 septem
1135 1853 1150 1902 ;
1181 1836 1248 1892 de
1278 1853 1494 1892 summa
1519 1877 1533 1900 ,
1569 1852 1690 1907 quae
1722 1843 1808 1892 est
1837 1851 1968 1890 LVIII

2119 1836 2494 1910 Σεπτεμϐρίου
2529 1835 2904 1907 συναγομένας
2940 1837 3156 1908 ἡμέρας
3183 1835 3248 1900 ζ’,
3283 1837 3376 1890 καὶ
3408 1835 3518 1890 τῶν
3545 1854 3700 1906 γενοο

429 1931 660 1987 sublatis
690 1946 796 1984 xxx
816 1969 831 1994 ,
854 1938 1066 1984 aetatem
1099 1929 1240 1981 luna:
1266 1927 1530 1984 habemus
1558 1929 1612 1982 in
1642 1927 1894 1985 Octobris
1921 1928 1985 1984 (ὶίς

2110 1925 2286 1996 μένων
2317 1926 2452 1998 ὁμοῦ
2489 1934 2571 1999 νη¹
2611 1927 2974 1998 τριακοντάδα
3015 1926 3326 1996 ἀφελόντες,
3370 1927 3566 1998 ἔχομεν
3597 1929 3699 1999 τὴν

426 2039 586 2088 xxvr,
617 2037 738 2093 quze
769 2028 856 2077 est
888 2035 1061 2075 xxvm
1097 2019 1342 2075 dierum.

495 2289 683 2363 Neque
715 2307 843 2346 vero
875 2291 1034 2346 facile
1058 2287 1741 2361 przetermittendumistud
1763 2297 1868 2353 est,
1896 2303 2003 2360 qua

2109 2014 2339 2087 σελήνην
2394 2015 2535 2070 κατά
2581 2016 2682 2088 τὴν
2748 2016 3222 2088 προχειρισθεῖσαν
3275 2019 3410 2089 ἡμῖν
3461 2019 3698 2088 ἡμέραν,

2105 2105 2350 2159 τουτέστι
2381 2105 2479 2178 τὴν
2523 2113 2615 2172 κς’
2667 2107 2763 2160 τοῦ
2827 2108 3093 2178 παρόντος
3145 2108 3515 2181 Ὀκτωϐρίου,
3563 2110 3698 2181 ἡμε-

2108 2195 2216 2268 ρῶν
2248 2191 2308 2250 οῦ
2316 2214 2415 2250 σαν
2447 2204 2556 2268 κη’.

2174 2289 2284 2342 Καὶ
2319 2287 2478 2342 τοῦτο
2515 2288 2560 2342 δ’
2585 2289 2685 2342 οὑκ
2716 2287 2938 2342 εὔκολον
2970 2290 3374 2362 παραδραμεῖν,
3412 2292 3559 2356 τίνος
3589 2290 3694 2362 χά-

422 2379 668 2436 decausa
703 2379 1005 2448 sesquidies
1035 2378 1272 2444 illos,vel
1306 2378 1619 2434 dimidiatos
1635 2377 1751 2432 dies
1788 2378 1985 2434 auferri

2106 2397 2190 2451 ριν
2221 2381 2319 2452 τὴν
2347 2381 2456 2442 τῶν
2483 2381 2705 2452 ἡμερῶν
2744 2381 2906 2452 λῆψιν
2937 2381 3039 2452 τῆς
3071 2397 3130 2434 τε
3175 2389 3223 2436 α’
3263 2381 3328 2436 S"
3358 2384 3451 2436 καὶ
3494 2383 3594 2448 τῆς
3628 2383 3694 2437 S"

422 2469 491 2526 de
519 2471 801 2526 mensibus
831 2469 1160 2539 incipiamus
1191 2485 1220 2522 a
1251 2467 1466 2533 Martio,
1497 2484 1608 2523 non
1639 2484 1668 2522 a
1699 2466 1999 2534 Januario;

421 2575 550 2616 cum
585 2560 654 2614 ab
687 2559 790 2614 hoc
824 2560 1099 2613 lunarium
1133 2558 1447 2630 cyclorum,
1490 2567 1544 2612 et
1583 2559 1999 2629 congruentium

420 2649 490 2706 iis
518 2655 833 2720 cpactarum
883 2647 1035 2702 initia
1080 2647 1375 2702 ducantur.
1427 2645 1584 2717 (Hoc
1617 2647 1764 2701 enim
1807 2655 1999 2702 contra

419 2740 515 2794 illa
551 2755 672 2810 quae
705 2738 851 2792 dicta
886 2745 1016 2792 sunt
1049 2737 1446 2793 dubitationem
1483 2751 1679 2807 parere
1713 2737 1948 2792 videtur.
1976 2734 1996 2806 )

416 2828 559 2884 Tum
589 2828 723 2884 illud
754 2828 926 2899 quaeri
960 2834 1174 2900 potest,
1199 2843 1298 2884 cur
1327 2828 1447 2883 dies
1477 2827 1602 2884 illos
1629 2841 1993 2884 assumamus.

487 3009 835 3065 Manifestum
874 3015 959 3063 est
991 3008 1176 3076 itaque
1199 3046 1214 3071 ,
1247 3005 1507 3076 quoniam
1540 3005 1752 3060 lunaris
1785 3003 1992 3058 mensis

2109 2472 2218 2527 ἀπὸ
2244 2472 2338 2527 τοῦ
2369 2473 2614 2546 Μαρτίου
2643 2473 2926 2544 ἀρχόμεθα
2965 2473 3284 2544 λαμϐάνειν,
3322 2475 3418 2528 καὶ
3454 2476 3556 2528 οὐκ
3584 2475 3694 2529 ἀπὸ

2098 2565 2194 2619 τοῦ
2227 2566 2575 2638 Ἰανουαρίου,
2616 2565 2737 2620 καθ’
2767 2565 2826 2621 ὃν
2863 2567 2960 2638 τὴν
2990 2583 3050 2618 τε
3097 2566 3270 2638 ἀρχὴν
3298 2567 3407 2620 τῶν
3443 2567 3690 2637 σεληνια-

2100 2656 2211 2711 κῶν
2269 2656 2573 2727 ποιούμεθα
2615 2657 2852 2724 κύκλων,
2903 2658 2998 2712 καὶ
3047 2658 3277 2730 τὴντῶν
3328 2660 3451 2713 κατ’
3489 2660 3685 2723 αὑτοὺς

2097 2745 2353 2800 ἐπακτῶν
2403 2746 2564 2817 λῆψιν
2618 2747 2786 2817 (δοκεῖ
2845 2747 2954 2819 γάρ
3011 2748 3248 2818 ἀπορίαν
3296 2750 3546 2819 ἐμποιεῖν
3593 2749 3688 2802 καὶ

2094 2839 2252 2893 τοῦτο
2285 2841 2397 2903 τοῖς
2424 2839 2792 2911 εἰρημένοις),
2821 2839 2902 2894 ἐτι
2942 2857 3002 2894 τε
3047 2842 3142 2895 καὶ
3187 2841 3256 2894 δι’
3285 2842 3352 2912 ἢν
3382 2841 3561 2895 αἰτίαν
3586 2841 3688 2913 τὴν

2094 2929 2202 2983 τῶν
2231 2929 2462 3000 ἡμερῶν
2494 2929 2700 2983 τούτων
2729 2930 3034 3002 ποιούμεθα
3066 2931 3249 3002 λῆψιν.

2166 3023 2321 3077 Ἔστι
2365 3023 2463 3094 μὲν
2510 3018 2602 3077 οῦν
2639 3023 2819 3093 δῆλον,
2847 3025 2945 3091 ὡς,
2989 3027 3112 3079 ἐπεὶ
3151 3027 3180 3080 ὁ
3223 3026 3537 3098 σεληνιακὸς
3581 3027 3686 3098 μὴν

415 3103 611 3159 diebus
637 3102 857 3156 circiter
886 3107 1100 3156 constat
1121 3112 1251 3153 xxix
1271 3095 1394 3168 1/2,
1421 3095 1696 3167 sesquidie
1725 3095 1985 3149 minoreu.

2095 3115 2310 3186 ἡμέραν
2355 3115 2437 3169 κθ¹
2471 3115 2537 3170 S"
2559 3115 2786 3186 ἔγγιστα
2833 3118 3098 3193 περιέχει,
3145 3119 3253 3173 τῶν
3301 3095 3403 3190 μέν
3450 3095 3685 3191 ἐχόντων

414 3195 484 3251 iis
514 3209 666 3258 esse,
699 3193 900 3262 quibus
946 3191 1064 3246 dies
1115 3205 1244 3244 xui
1293 3196 1651 3258 competunt;
1705 3185 1985 3242 dimidiato

2097 3185 2178 3261 λα’
2205 3185 2420 3280 ἡμέρας
2451 3209 2658 3280 μηνῶν,
2695 3212 2794 3282 μιᾷ
2817 3185 2921 3264 καὶ.
2959 3185 3027 3264 Sx
3053 3211 3238 3283 ἡμέρᾳ
3278 3185 3543 3276 λείπεται,
3575 3213 3682 3266 τῶν

412 3301 544 3342 vero
573 3286 758 3341 minus
787 3284 898 3339 illis
939 3282 1179 3346 habere,
1230 3281 1325 3351 qui
1378 3279 1658 3336 tricenarii
1713 3286 1880 3342 sunt;
1929 3293 1995 3334 ac

412 3385 702 3448 propterea
735 3375 879 3430 diem
913 3374 1066 3428 illum
1098 3387 1222 3428 cum
1259 3371 1523 3437 dimidio,
1574 3372 1661 3426 vel
1705 3370 1992 3426 dimidium

412 3469 624 3530 solum,
671 3465 1012 3536 insequentis
1052 3464 1258 3519 mensis
1291 3461 1486 3518 diebus
1509 3501 1524 3526 ,
1561 3476 1734 3532 usque
1767 3459 1834 3514 ad
1867 3475 1994 3530 pro-

412 3561 688 3630 positum,
739 3557 1115 3626 adiungimus.
1177 3553 1335 3620 Quod
1387 3553 1529 3608 idem
1585 3553 1640 3608 in
1693 3551 1993 3609 Februario

410 3659 628 3720 q‘unque
657 3651 714 3702 lit
749 3665 764 3713 ;
799 3647 958 3716 cujus
987 3646 1182 3701 diebus
1215 3645 1545 3715 sesquidiem
1579 3644 1832 3699 addimus
1865 3659 1990 3700 eum

393 3741 505 3809 ’ςυί
539 3741 606 3793 de
641 3736 907 3793 Januario
952 3737 1303 3807 relinquitur.
1344 3734 1546 3791 Verum
1581 3735 1709 3806 quia
1742 3734 1990 3790 Februa-

409 3833 530 3886 rius
565 3831 727 3900 200
759 3838 887 3884 octo
919 3837 973 3884 et
1004 3827 1194 3899 viginti
1227 3828 1348 3884 dies
1383 3827 1622 3893 habens,
1657 3827 1990 3897 sesquidiem

394 3925 592 3992 potius
646 3923 715 3976 ab
767 3921 946 3975 lunari
988 3936 1176 3976 mense
1207 3919 1432 3984 delicit;
1469 3919 1592 3974 ideo
1643 3934 1768 3974 cum
1799 3933 1992 3988 Super-

398 4015 551 4069 ﬂuus
582 4017 649 4068 de
676 4011 938 4066 Januario
967 4012 1085 4068 dies
1118 4027 1242 4066 cum
1277 4011 1502 4066 dimidio
1530 4010 1677 4080 quod
1707 4011 1860 4065 deest
1881 4007 1988 4065 Fe-

393 4105 629 4160 bruario
660 4110 975 4174 conipenset
995 4143 1010 4167 ,
1041 4103 1173 4156 nihil
1203 4102 1270 4156 ad
1301 4101 1478 4156 Martii
1511 4101 1628 4156 dies
1655 4101 1863 4157 accedit
1889 4120 1902 4155 :
1935 4107 1989 4158 et

407 4197 476 4252 iis
507 4197 748 4252 contenti
771 4204 992 4266 epactas
1028 4197 1176 4252 solas
1207 4196 1276 4250 ad
1307 4195 1361 4249 id
1390 4195 1807 4260 inveniendum,
1839 4197 1984 4267 quod

390 4287 689 4356 quaeritur,
711 4287 1219 4352 accommodamus;
1239 4294 1362 4358 post
1379 4286 1629 4341 Martium
1645 4302 1711 4343 ac
1728 4287 1987 4359 deinceps

395 4377 465 4431 ﬁt
522 4376 693 4440 illud,
743 4377 892 4446 quod
948 4383 1110 4431 antea
1166 4375 1627 4447 praeseripsimus.
1683 4376 1796 4433 Hoc
1852 4393 1984 4450 ergo

2095 3299 2153 3352 δὲ
2196 3300 2262 3364 λ’,
2297 3300 2395 3354 δ”·
2439 3301 2532 3354 καὶ
2569 3300 2660 3356 διὰ
2703 3301 2862 3355 τοῦτο
2900 3301 2998 3372 τὴν
3041 3301 3438 3373 λοιπαζομένην
3477 3302 3681 3375 ταύτην

2095 3397 2144 3442 α’
2181 3390 2325 3462 δ”,ἢ
2357 3390 2423 3446 S"
2451 3392 2667 3464 ἡμέραν
2701 3395 2822 3456 ταῖς
2866 3391 2959 3446 τοῦ
3003 3393 3202 3464 ἐφεξῆς
3237 3393 3404 3465 μηνὸς
3443 3394 3680 3465 ἡμέραις

2094 3481 2222 3554 ἄχρι
2279 3485 2374 3536 καὶ
2415 3483 2516 3553 τῆς
2560 3483 2901 3554 ζητουμένης
2955 3483 3293 3555 συντίθεμεν.
3357 3485 3468 3538 Καὶ
3521 3485 3681 3540 τοῦτο

2092 3573 2136 3626 δ’
2161 3573 2363 3644 ὁμοίως
2385 3576 2487 3628 κάν
2523 3573 2600 3643 τῷ
2623 3574 2970 3648 Φεϐρουαρίῳ
2996 3575 3275 3648 ποιοῦμεν,
3304 3576 3402 3647 τὴν
3429 3576 3680 3643 λοιπαζο-

2096 3663 2263 3735 μένην
2295 3668 2351 3718 ἐν
2377 3665 2456 3735 τῷ
2491 3667 2805 3738 Ἰανουαρίῳ
2839 3674 2886 3720 α’
2918 3666 2982 3721 S"
3023 3668 3236 3739 ἡμέραν
3276 3670 3398 3732 ταῖς
3445 3668 3538 3722 τοῦ
3576 3671 3678 3723 Φε-

2093 3755 2384 3827 ϐρουαρίου
2418 3757 2818 3829 προστιθέντες.
2857 3757 2997 3811 Ἀλλ’
3023 3759 3210 3830 ἐπειδὴ
3238 3759 3266 3811 ὁ
3291 3759 3675 3831 Φεϐρουάριος,

2094 3855 2181 3919 κη’
2238 3849 2460 3920 ἡμερῶν
2507 3849 2800 3920 ὑπάρχων,
2840 3849 3088 3905 λείπεται
3155 3851 3351 3922 μᾶλλον
3391 3845 3547 3917 οὗτος
3581 3854 3676 3909 τοῦ

2094 3939 2413 4008 σεληνιακοῦ
2438 3940 2607 4010 μηνὸς
2635 3941 2821 4012 ἡμέρα
2844 3947 2892 3994 α’
2921 3939 3006 4009 S”,
3040 3940 3128 3995 διὰ
3148 3941 3302 3995 τοῦτο
3321 3943 3420 4014 τῆς
3437 3942 3533 3996 τοῦ
3569 3945 3674 3999 ἰα-

2090 4030 2340 4102 νουαρίου
2375 4031 2798 4104 περιττευούσης
2842 4038 2890 4086 α’
2930 4034 3024 4086 καὶ
3061 4031 3125 4087 S"
3155 4034 3675 4107 ἀνταναπληρούσης

2088 4120 2186 4192 τὴν
2220 4120 2314 4174 τοῦ
2339 4120 2705 4192 Φεϐρουαρίου
2735 4121 3098 4184 λοιπάςουσαν
3117 4138 3129 4151 ’
3158 4124 3278 4185 ταῖς
3303 4121 3398 4175 τοῦ
3427 4122 3672 4192 Μαρτίου

2089 4209 2324 4281 ἡμέραις
2356 4209 2509 4262 οὐδέν
2547 4226 2599 4262 τι
2641 4210 3038 4281 προστίθεμεν,
3075 4209 3403 4280 ἀρκούμενοι
3446 4210 3674 4276 ταύταις

2091 4297 2187 4350 σὺν
2213 4300 2279 4368 τῇ
2309 4298 2594 4370 προσθήκῃ
2619 4297 2728 4352 τῶν
2757 4297 3034 4363 ἐπακτῶν,
3079 4300 3160 4360 είς
3201 4297 3416 4370 εὕρεσιν
3448 4299 3540 4352 τοῦ
3570 4299 3671 4370 ζη-

2087 4389 2366 4459 τουμένου.
2398 4390 2556 4443 Μετά
2577 4390 2634 4443 δὲ
2657 4390 2748 4444 τὸν
2769 4391 3012 4462 Μάρτιον
3044 4389 3136 4444 καὶ
3161 4389 3358 4460 ἐφεξῆς
3375 4390 3669 4461 ’ποιοῦμεν,

402 4466 744 4522 considerari
790 4465 986 4530 debet,
1036 4465 1342 4536 superﬂuos
1393 4467 1528 4523 istos
1579 4482 1609 4521 a
1655 4465 1850 4523 Martio
1907 4469 1975 4524 ad

2089 4479 2156 4544 ὥς
2184 4479 2442 4551 ἀνωτέρω
2463 4481 2801 4554 εἰρήκειμεν.
2833 4481 3102 4536 Σκεπτέον
3133 4477 3248 4546 οῦν,
3277 4482 3359 4534 ὅτι
3393 4482 3486 4535 καὶ
3507 4478 3668 4537 αὗται

402 4555 566 4611 ﬁnem
620 4556 934 4613 Decembris
963 4573 1030 4613 ex
1064 4573 1389 4629 unoquoque
1432 4574 1620 4614 mense
1659 4571 1977 4632 corrogatos

400 4647 518 4702 dies
549 4663 645 4718 per
678 4663 734 4702 χι
767 4649 1028 4704 collectos
1075 4657 1298 4720 epactas
1347 4649 1566 4706 easdem
1620 4649 1802 4707 facere
1850 4669 1976 4707 cum

399 4736 470 4792 iis
510 4753 630 4806 qua:
671 4738 949 4793 ducuntur
990 4755 1020 4792 a
1066 4737 1348 4796 Januario.
1396 4741 1527 4807 Quae
1571 4756 1696 4796 cum
1751 4751 1973 4799 antece-

396 4827 579 4883 dentis
607 4829 746 4898 cyeli
776 4829 986 4886 lunaris
1015 4831 1224 4900 epactis
1253 4831 1455 4888 additae
1482 4833 1721 4889 ineuntis
1750 4841 1976 4904 epactas

398 4920 526 4974 anni
561 4921 880 4977 coniiciunt.

993 5013 1066 5067 De
1102 5013 1381 5069 Paschate.

469 5099 536 5153 X.
576 5100 675 5156 llis
707 5103 1135 5170 animadversis,
1168 5121 1291 5176 quze
1322 5105 1390 5160 ad
1423 5106 1557 5162 solis
1604 5109 1855 5178 lunaique
1884 5123 1974 5162 ra-

395 5193 624 5248 tiocinia
672 5196 979 5265 pertinent,
1037 5204 1092 5252 et
1138 5197 1414 5268 quomodo
1465 5199 1743 5269 potuimus
1798 5201 1976 5270 expli-

397 5288 535 5341 catis
553 5329 568 5352 ,
597 5288 664 5343 de
687 5287 954 5345 Paschate
975 5291 1233 5362 deinceps
1258 5307 1568 5347 sermonem
1597 5293 1969 5348 instituemus.

397 5377 572 5447 Hujus
603 5382 746 5435 enim
775 5381 1038 5438 elementa
1085 5385 1191 5439 ista
1241 5390 1408 5447 sunt,
1462 5385 1722 5454 quoniam
1771 5399 1973 5455 propo-

393 5470 562 5524 situm
605 5471 958 5539 latereulum,
1010 5474 1169 5542 cujus
1217 5489 1320 5544 ope
1368 5473 1578 5530 Pascha
1620 5475 1676 5528 in
1716 5483 1971 5546 promptu

396 5561 645 5626 habetur,
675 5579 739 5616 ex
770 5564 902 5619 solis
951 5575 1006 5620 et
1045 5566 1186 5620 luna:
1233 5566 1404 5637 cyclis
1437 5567 1743 5622 conﬁcitur.
1773 5566 1968 5622 Iisdem

395 5666 612 5719 quoque
641 5653 930 5711 methodus
983 5666 1211 5727 utraque
1262 5658 1472 5721 nititur,
1523 5666 1634 5712 tam
1682 5674 1803 5727 qua:
1845 5667 1970 5716 ante

397 5757 496 5798 nos
525 5745 767 5811 exstitit,
798 5763 959 5818 quam
991 5765 1111 5820 quae
1142 5765 1172 5804 a
1207 5750 1366 5806 nobis
1397 5751 1704 5822 excogitata
1737 5748 1862 5807 fuit.

2080 4571 2136 4622 αί
2165 4571 2579 4641 περιττεύουσαι
2617 4571 2738 4625 καθ’
2767 4572 2998 4625 ἕκαστον
3031 4573 3175 4642 μῆνα
3217 4572 3326 4625 ἀπὸ
3372 4573 3466 4626 τοῦ
3515 4575 3669 4646 Μαρ-

2077 4660 2193 4713 τίου
2228 4660 2388 4732 μέχρι
2415 4661 2510 4714 καὶ
2537 4660 2659 4714 ὅλου
2687 4661 2781 4714 τοῦ
2813 4662 3171 4732 Δεκεμϐρίου,
3199 4664 3278 4727 εἰς
3304 4661 3401 4725 τὰς
3432 4669 3498 4716 ια’
3530 4679 3668 4734 συμ-

2081 4749 2435 4821 ποσούμεναι,
2482 4751 2580 4814 τὰς
2607 4752 2716 4804 ἀπὸ
2765 4752 2860 4804 τοῦ
2903 4753 3232 4824 Ἰανουαρίου
3280 4753 3524 4808 ποιοῦσιν
3568 4757 3667 4808 ἐπ-

2077 4839 2278 4904 ακτάςο
2307 4841 2533 4906 αἵτινες,
2560 4844 2682 4906 ταῖς
2705 4843 2798 4896 τοῦ
2828 4843 3186 4915 παρελθόντος
3216 4845 3536 4916 σεληνιακοῦ
3568 4847 3668 4900 κύ-

2079 4933 2207 4988 κλου
2243 4935 2687 5007 προστιθέμεναι,
2721 4935 2821 5000 τὰς
2849 4937 2942 4990 τοῦ
2966 4936 3261 5002 ἐνεστῶτος
3289 4937 3520 4993 ποιοῦσι.

2586 5023 2728 5092 Περὶ
2763 5025 2870 5079 τοῦ
2903 5026 3140 5095 Πάσχα.

2147 5115 2200 5166 l'.
2238 5114 2452 5168 Τούτων
2474 5115 2538 5186 δὴ
2563 5111 2678 5182 οῦν,
2704 5115 2812 5169 τῶν
2847 5116 2988 5172 κατά
3025 5117 3118 5171 τὸν
3155 5117 3304 5184 ἥλιον
3341 5117 3539 5190 δηλαδὴ
3567 5119 3664 5173 καὶ

2075 5204 2172 5276 τὴν
2197 5205 2447 5276 σελήνην,
2481 5206 2556 5270 ὡς
2583 5208 2730 5278 ἐνῆν,
2773 5209 2897 5278 ἐμοὶ
2943 5208 3500 5281 προτεθεωρημένων,
3535 5209 3662 5282 ἑξῆς

2077 5297 2203 5367 περὶ
2233 5285 2558 5369 τοῦΠάσχα
2594 5299 2686 5352 τὸν
2729 5299 2887 5368 λόγον
2928 5299 3290 5371 ποιησόμεθα.
3331 5301 3410 5354 Δι’
3435 5301 3660 5354 ἐκείνων

2074 5386 2182 5458 γὰρ
2222 5381 2377 5452 οὗτος
2423 5391 2764 5461 περαίνεται’
2796 5391 2858 5444 τό
2896 5408 2956 5448 τε
2993 5391 3104 5461 γὰρ
3146 5392 3465 5463 ἐκκείμενον
3505 5392 3664 5446 κανό-

2073 5494 2204 5542 νιον,
2227 5479 2293 5532 δι’
2315 5475 2378 5534 οὗ
2423 5481 2728 5552 προχείρως
2777 5481 2838 5534 τὸ
2885 5481 3122 5535 τοιοῦτον
3161 5483 3355 5554 Πάσχα
3386 5482 3663 5554 λαμϐάνο-

2075 5586 2194 5640 μεν,
2222 5569 2310 5624 διά
2336 5569 2445 5623 τῶν
2473 5571 2714 5642 ἡλιακῶν
2737 5573 2831 5624 καὶ
2859 5571 3189 5643 σεληνιακῶν
3213 5573 3428 5627 κύκλων
3452 5589 3660 5643 πεπρα-

2071 5660 2377 5731 γμάτευται
2398 5677 2412 5692 ·
2439 5663 2577 5733 πρὸς
2607 5663 2666 5717 δὲ
2697 5665 2790 5717 καὶ
2814 5666 2870 5719 αἱ
2894 5666 3022 5735 περὶ
3045 5664 3237 5719 τούτου
3271 5664 3504 5736 μέθοδοι,
3531 5664 3567 5734 ἦ
3597 5679 3660 5718 τε

2072 5751 2180 5824 πρὸ
2217 5753 2372 5824 ἡμῶν
2397 5753 2696 5826 εὑρημένη,
2732 5754 2826 5810 καὶ
2854 5757 2888 5827 ἡ
2915 5753 3010 5809 νῦν
3032 5755 3124 5825 ὑφ’
3156 5754 3337 5827 ἡμῶν.
