4070 6406
444 404 585 464 1299
1483 403 1582 460 AD
1616 402 1884 459 EUSEBII
1920 401 2031 459 CHI

2132 399 2315 458 ΠΕοΝ
2354 396 2716 453 APPENDIX.
3549 397 3694 452 1⁸500

513 521 668 590 Quod
690 522 737 579 si
769 520 894 593 quis
931 522 1166 579 fortasse
1193 529 1423 593 quaret,
1459 537 1558 578 cur
1596 538 1706 578 non
1727 523 2007 596 cyclorum

2185 522 2294 576 Καὶ
2321 521 2450 593 περὶ
2487 518 2691 574 τούτων
2706 519 2764 572 δὲ
2779 517 2833 570 εί
2849 534 2934 581 τις
2966 515 3220 588 ἀποροίη,
3241 514 3325 570 διὰ
3349 514 3412 569 τὸ
3436 515 3512 588 μὴ
3545 515 3692 572 κατά

444 628 704 670 numeros
729 615 920 670 ordine
943 613 1422 684 descripserimus,
1455 614 1583 670 huic
1611 630 1712 670 nos
1751 616 1826 670 ita
1864 629 2012 685 quae-

2132 611 2265 678 τάξιν
2304 611 2519 666 κεῖσθαι
2543 612 2671 675 τοὺς
2700 611 2966 682 ἀριθμοὺς
2987 608 3096 663 τῶν
3118 609 3354 671 κύκλων,
3377 610 3559 679 ἡμεῖς,
3592 610 3691 664 καὶ

447 707 614 763 stioni
654 707 1129 778 respondebimus,
1155 715 1216 762 ut
1267 707 1548 778 proposita
1585 709 1722 763 recti
1758 723 2016 762 numero-

2132 704 2316 776 ταύτην
2343 704 2561 768 λύοντες
2584 704 2682 774 τὴν
2699 702 2950 774 ἀπορίαν,
2967 702 3212 772 δείξομεν
3232 701 3326 755 καὶ
3342 701 3408 754 δι’
3425 699 3690 766 ἐκθέσεως

446 813 570 852 rum
609 798 822 855 ordinis
853 797 1051 853 tabella
1093 805 1330 863 constet,
1364 798 1499 852 nihil
1553 798 1694 853 hanc
1743 799 1811 852 ab
1845 799 2016 854 altera

2132 798 2265 863 τάξιν
2287 797 2516 868 ἐχούσης
2551 796 2715 868 μηδὲν
2743 795 3018 866 διαφέρειν
3051 794 3266 864 ἐκείνης
3303 794 3400 864 τῆς
3426 809 3690 864 συγκεχυ-

445 889 687 954 dill‘erre,
711 904 833 960 quae
865 889 1218 959 perturbatos
1250 889 1471 944 eosdem
1502 891 1768 943 continet.
1801 888 2018 945 Descri-

2132 889 2309 960 μένης.
2388 887 2689 942 Ἐκκείσθω
2739 887 2848 958 γὰρ
2895 886 3145 940 ἐνταυθοῖ
3207 887 3265 939 ἐν
3311 887 3692 956 καταγραφαῖς

447 981 646 1035 bantur
673 980 820 1035 enim
850 979 954 1034 hoc
995 979 1116 1035 loco
1153 979 1358 1048 duplici
1397 979 1454 1034 in
1511 980 1728 1044 tabella,
1777 980 2013 1050 primum

2132 979 2333 1050 πρῶτον
2367 978 2466 1050 μὲν
2519 981 2552 1050 ἡ
2583 981 2638 1031 ἐν
2670 977 2749 1048 τῷ
2777 977 3050 1049 εἰρημένῳ
3088 975 3318 1046 κανονίῳ
3348 974 3690 1046 συγκεχυμέ-

447 1069 658 1136 ordine,
679 1075 740 1123 ut
761 1069 816 1123 in
837 1069 1120 1140 superiore
1153 1069 1435 1137 laterculo,
1467 1069 1735 1137 confuso;
1765 1079 1879 1126 tum
1927 1086 2015 1126 re-

2132 1087 2226 1133 m);
2262 1070 2578 1141 ἐκκειμένη,
2609 1069 2800 1123 ἔπειτα
2829 1069 2886 1123 δέ
2913 1071 2948 1141 ή
2981 1067 3288 1132 εὐτάκτως·
3325 1067 3420 1120 καὶ
3452 1064 3692 1118 ἔστωσαν

446 1168 537 1215 cto
564 1179 578 1214 :
603 1174 668 1215 ac
699 1160 808 1217 sint
827 1160 1117 1232 ejusmodi.

2132 1157 2280 1217 ιῦται
2299 1179 2316 1195 ο

1842 1313 1900 1368 A'
1936 1316 2298 1386 Καταγραφή.

1395 1426 1443 1472 α’
1617 1421 1662 1490 β’
1841 1428 1888 1488 γ’
2058 1420 2104 1472 θ’
2279 1428 2308 1474 ι’
2496 1429 2535 1474 ε’
2699 1430 2752 1488 ς’

1399 1513 1445 1576 ζ’
1593 1519 1660 1580 ιγ’
1802 1519 1879 1565 κε’
2035 1517 2096 1563 ιε’
2247 1518 2332 1565 καθ
2468 1511 2552 1583 κβ¹
2698 1517 2761 1580 ιζ’

1389 1610 1458 1675 ιη’
1601 1605 1666 1658 ιθ¹
1819 1605 1886 1657 ιδνν
2012 1611 2102 1668 κς¹
2257 1604 2340 1668 κζ’
2491 1613 2560 1660 ια’
2691 1615 2776 1676 κγ’

1391 1697 1457 1769 ιβ’
1599 1697 1674 1752 κδ’
1829 1704 1878 1768 η’
2042 1703 2093 1752 κ’
2273 1698 2314 1752 δ’
2486 1708 2559 1764 ις’
2690 1709 2776 1774 κη’

1845 1809 1900 1864 B’
1935 1813 2300 1884 Καταγραφή.

1402 1933 1450 1981 α’
1619 1925 1664 1996 β’
1817 1931 1864 1993 γ’
2271 1925 2317 1981 δ’
2510 1935 2550 1981 ε’
2725 1935 2778 1996 ς’

1408 2019 1454 2083 ζ’
1821 2023 1869 2087 η’
2034 2019 2078 2069 θ’
2271 2055 2291 2072 .
2490 2025 2554 2074 tat‘

1391 2111 1456 2182 ιβ’
1603 2116 1668 2177 ιγ’
1807 2107 1864 2159 ιδ’
2011 2114 2070 2160 ιε’
2483 2120 2556 2177 ις’
2703 2117 2766 2181 ιζ’

1383 2209 1449 2272 ιη’
1599 2200 1662 2251 ιϐ’
2025 2203 2074 2250 κ’
2232 2206 2315 2252 κα¹
2469 2204 2554 2274 κβ⁹
2692 2215 2776 2276 κγ’

1593 2291 1670 2344 κδ’
1803 2296 1888 2343 κε’
2012 2295 2104 2354 κς¹
2229 2292 2310 2356 κζ’
2699 2306 2784 2370 κη,

519 2456 968 2513 Animadvertere
1002 2454 1169 2526 igitur
1198 2456 1438 2524 oportet,
1469 2443 1928 2520 quemadmodum
1961 2442 2017 2496 in

2188 2446 2465 2502 Examéov
2521 2451 2721 2517 τοίνυν,
2753 2453 2830 2518 ὡς
2864 2454 2922 2508 ἐν
2951 2458 3016 2527 τῇ
3075 2455 3308 2528 δευτέρᾳ
3347 2458 3698 2529 καταγραφῇ,

449 2547 693 2605 secunda
723 2546 930 2610 tabula,
960 2559 1082 2615 quae
1108 2543 1391 2599 ordinatos
1419 2538 1580 2593 habe't
1617 2535 1898 2608 cyclorum
1918 2548 2022 2587 nu-

448 2655 632 2698 meros
656 2678 671 2705 ,
721 2648 920 2711 quarta
963 2651 1194 2708 quaeque
1227 2634 1410 2690 areola
1446 2630 1693 2690 numeris
1721 2641 1894 2683 vacua
1936 2640 2025 2680 re-

449 2735 578 2788 licta
605 2731 680 2789 sit
721 2747 734 2784 :
776 2744 898 2802 quae
930 2745 1019 2786 res
1053 2728 1280 2792 indicat,
1312 2729 1438 2794 post
1458 2736 1634 2777 annos
1665 2726 1904 2790 quatuor
1928 2731 2026 2770 an-

447 2840 583 2880 num
616 2838 727 2879 uno
761 2823 850 2878 die
878 2822 1118 2893 priorem
1143 2818 1393 2873 ordinem
1423 2812 1818 2869 transcendere
1846 2828 1859 2863 :
1885 2809 2026 2864 situs

452 2931 618 2989 porro
639 2927 990 2970 numerorum
1027 2911 1085 2965 in
1119 2909 1363 2980 quolibet
1395 2921 1562 2961 versu
1588 2902 1731 2959 idem
1760 2909 1844 2956 est
1871 2907 2027 2954 utro-

447 3008 636 3078 hique,
672 3020 736 3060 ac
772 3003 959 3058 videre
1013 3002 1144 3056 licet
1176 3001 1235 3055 in
1276 2998 1471 3070 primis
1511 2995 1764 3058 ,versibus
1802 2992 2026 3048 eosdem

450 3097 729 3168 cyclorum
771 3106 1034 3146 numeros
1070 3089 1389 3144 collocatos.
1426 3086 1541 3142 Etsi
1581 3085 1728 3140 enim
1759 3083 1814 3137 in
1843 3082 2027 3152 priore

449 3187 654 3242 tabella
680 3203 816 3241 xvm
847 3198 1011 3254 supra
1044 3197 1121 3236 xu
1145 3181 1360 3251 positus
1406 3179 1517 3241 sit;
1550 3185 1729 3230 tamen
1764 3190 1888 3230 cum
1933 3188 2027 3228 eo—

452 3281 576 3336 dem
607 3287 840 3348 uterque
859 3291 1023 3332 versu
1057 3275 1429 3335 contineatur,
1465 3272 1675 3326 nullum
1711 3285 1775 3324 ex
1809 3275 2027 3339 pertur-

449 3371 581 3427 bata
611 3371 707 3424 illa
751 3368 1114 3438 dispositione
1140 3365 1438 3421 discrimen
1467 3363 1666 3418 oritur.
1697 3361 1844 3416 Idem
1883 3369 1937 3416 et
1970 3361 2027 3416 in

452 3455 684 3526 reliquis
707 3453 959 3510 versibus
976 3457 1223 3522 apparet,
1247 3456 1312 3503 ut
1335 3447 1588 3518 quamvis
1610 3445 2028 3500 tumultuarium

453 3547 710 3603 videatur
741 3560 884 3607 esse,
916 3558 1029 3598 non
1060 3551 1241 3596 tamen
1290 3537 1522 3594 excedat
1554 3537 1825 3593 ordinem.
1860 3535 2030 3590 Caete—

453 3654 578 3693 rum
611 3634 924 3692 istiusmodi
957 3633 1238 3706 cyclorum
1267 3632 1539 3686 ordinatio
1590 3630 1659 3684 ab
1681 3645 1748 3686 eo
1785 3629 1876 3700 qui
1917 3629 2030 3698 pri-

453 3743 580 3784 mus
620 3726 946 3781 laterculum
995 3723 1273 3786 condidit,
1317 3722 1371 3776 in
1411 3736 1536 3777 eum
1583 3729 1668 3777 est
1717 3721 2026 3790 excogitata

454 3819 644 3881 ﬁnem,
677 3824 737 3870 ut
762 3831 826 3871 ea
855 3814 1140 3870 intervalla
1178 3813 1512 3882 repleantur,
1540 3827 1661 3882 quae
1697 3813 1752 3866 in
1785 3809 2026 3867 secunda
2053 3790 2096 3849 (ἶ

455 3907 826 3978 descriptione
863 3905 936 3960 ob
987 3919 1106 3959 eam
1161 3918 1324 3974 quam
1357 3901 1604 3958 diximus
1640 3917 1862 3958 causam
1899 3910 2029 3958 sunt

454 4001 643 4056 inania
674 3999 888 4053 relicta.

524 4089 894 4158 Quamobrem
933 4096 994 4144 ut
1044 4088 1102 4142 in
1157 4094 1396 4158 quatuor
1428 4087 1680 4142 versibus
1725 4086 2030 4142 ordinatior

457 4183 552 4237 ﬂat
583 4198 614 4236 a
646 4182 806 4238 nobis
849 4181 1166 4252 descriptio,
1199 4179 1255 4234 in
1293 4179 1472 4249 primo
1527 4185 1802 4248 ponantur
1843 4177 1954 4242 isti,
1988 4193 2026 4240 1,

455 4289 557 4336 vn,
598 4289 700 4337 xu,
729 4287 902 4339 xvm;
937 4272 996 4326 in
1037 4270 1282 4328 secundo
1317 4269 1480 4324 iidem
1520 4275 1874 4335 remaneant;
1918 4275 2032 4322 ter-

457 4365 571 4421 tius
607 4365 744 4420 istos
773 4363 990 4428 habeat,
1031 4377 1115 4429 ιιι,
1157 4377 1276 4426 vm,
1314 4375 1429 4425 χιιι,
1467 4377 1606 4426 xxv;
1657 4367 1909 4430 quartus,
1952 4375 2028 4424 ιιι,

459 4475 552 4523 xv,
595 4474 686 4522 xx,
717 4472 880 4521 xxvr;
909 4457 1155 4527 quintus,
1187 4470 1262 4520 tv,
1298 4471 1354 4518 Χ,
1385 4470 1499 4518 xxr,
1532 4460 1948 4520 xxvu;sextus,
1974 4469 2028 4516 v,

455 4568 538 4616 ιι,
579 4569 689 4616 xvr,
708 4566 862 4620 xm;
890 4551 945 4604 in
975 4551 1203 4620 septimo
1225 4549 1363 4604 nihil
1390 4555 1651 4604 mutetur.

532 4641 591 4699 In
643 4659 861 4700 summo
913 4643 1182 4697 laterculo
1212 4642 1352 4714 cycli
1381 4641 1538 4708 solis,
1568 4650 1630 4695 ut
1675 4639 1882 4694 dictum
1925 4648 2029 4702 est,

461 4736 584 4790 ideo
619 4742 921 4806 ponuntur,
954 4741 1014 4788 ut
1047 4734 1394 4795 ostendatur,
1430 4747 1592 4804 quam
1639 4732 1696 4786 in
1753 4731 1896 4786 diem
1939 4729 2034 4784 he—

459 4827 756 4900 bdomadis
773 4826 1058 4882 Judaicum
1085 4824 1294 4880 Pascha
1312 4841 1412 4880 suo
1441 4824 1695 4894 quodque
1721 4823 1862 4878 lunae
1881 4823 2034 4892 cyclo

461 4921 766 4990 contingat.
801 4917 921 4973 Non
967 4919 1114 4973 enim
1151 4917 1590 4974 Christianorum
1643 4916 1855 4972 Pascha
1896 4917 2036 4971 dun-

462 5021 614 5065 taxat
646 5025 742 5081 per
769 5024 1212 5079 unumquemque
1245 5009 1389 5064 lunae
1430 5010 1643 5080 cyclum
1674 5017 1882 5079 septem
1913 5023 2036 5063 ver-

2123 2538 2246 2608 ἧτις
2279 2542 2374 2594 καὶ
2404 2543 2548 2597 κατά
2578 2545 2731 2612 τάξιν
2759 2546 2868 2619 ἕχει
2895 2551 3019 2612 τοὺς
3044 2549 3311 2622 ἀριθμοὺς
3347 2550 3455 2604 τῶν
3485 2550 3703 2606 κύκλων

2124 2633 2497 2704 ἐκκειμένους,
2548 2639 2689 2692 κατὰ
2737 2640 2780 2694 δ’
2829 2642 2928 2712 μὲν
2975 2641 3158 2714 χώρας
3206 2641 3604 2714 παραλείπεται
3650 2647 3698 2694 α’

2125 2724 2298 2797 χώρα,
2359 2728 2435 2799 μὴ
2477 2729 2740 2804 δεχομένη
2772 2733 3021 2804 ἀριθμὸν,
3066 2737 3146 2799 εἰς
3177 2734 3399 2802 ἔνδειξιν
3434 2734 3528 2789 τοῦ
3558 2734 3701 2788 κατά

2124 2817 2164 2871 δ’
2200 2819 2293 2890 ἐτη
2327 2820 2420 2873 τὸν
2453 2822 2696 2875 ἐνιαυτὸν
2740 2824 2927 2896 ἡμέρᾳ
2973 2826 3072 2896 μιᾷ
3101 2825 3200 2897 τὴν
3239 2826 3510 2898 προτέραν
3547 2825 3702 2892 τάξιν

2128 2912 2476 2984 ὑπερϐαίνειν
2503 2929 2515 2942 ·
2540 2915 2574 2984 ἠ
2595 2915 2744 2980 θέσις
2776 2917 2832 2970 δὲ
2873 2918 2982 2971 τῶν
3015 2917 3265 2991 ἀριθμῶν
3285 2920 3342 2973 ἐν
3365 2919 3580 2988 ἑκάστῳ
3615 2937 3703 2973 σε-

2127 3003 2275 3075 λιδίῳ
2309 3005 2341 3076 ἡ
2369 3005 2503 3077 αὐτή
2532 3007 2648 3060 ἐστι
2681 3010 2774 3061 καὶ
2809 3011 2865 3062 ἐν
2911 3011 3250 3084 ἀμφοτέραις
3273 3015 3394 3076 ταῖς
3417 3028 3703 3082 καταγρα-

2127 3099 2276 3164 φαῖς,
2310 3098 2386 3161 ὡς
2424 3098 2569 3154 ἔστιν
2602 3102 2734 3173 ὀρᾷν
2775 3103 2832 3156 ἐν
2863 3106 2974 3168 τοῖς
3021 3102 3258 3176 πρώτοις
3312 3104 3559 3168 σελιδίοις
3577 3105 3705 3168 τοὺς

2127 3189 2323 3253 αὐτοὺς
2354 3189 2463 3243 τῶν
2489 3191 2705 3245 κύκλων
2753 3194 3105 3264 ἐκκειμένους
3130 3195 3415 3267 ἀριθμούς.
3460 3195 3578 3248 Κᾶν
3597 3195 3705 3266 γὰρ

2127 3281 2187 3333 ἐν
2213 3283 2278 3352 τῇ
2319 3279 2512 3356 πρώτῃ
2542 3288 2870 3355 καταγραφῇ
2905 3287 2934 3339 ὁ
2959 3293 3026 3356 ιη’
3056 3285 3260 3340 ἄνωθεν
3288 3284 3384 3339 τοῦ
3420 3285 3486 3356 ιβ’
3505 3289 3704 3350 κεῖται,

2128 3371 2239 3424 ἀλλ’
2274 3372 2368 3425 ἐπὶ
2429 3373 2522 3426 τοῦ
2549 3374 2713 3428 αὐτοῦ
2758 3375 2985 3428 σελιδίου
3032 3377 3128 3429 καὶ
3160 3376 3362 3446 ἀμφοῖν
3413 3375 3705 3445 κειμένων,

2127 3466 2185 3516 οὐ
2207 3464 2416 3533 γίνεταί
2472 3484 2556 3530 τις
2585 3467 2816 3538 διαφορά
2859 3468 2949 3521 διά
2971 3468 3070 3539 τὴν
3103 3468 3273 3537 αὐτὴν
3301 3467 3709 3538 ἐνηλλαγμένην

2129 3554 2299 3610 θέσιν.
2334 3556 2408 3609 Τὸ
2437 3557 2568 3610 αὐτὸ
2597 3557 2654 3610 δὲ
2694 3558 2790 3611 καὶ
2823 3558 2915 3611 ἐπὶ
2960 3558 3068 3611 τῶν
3103 3557 3307 3611 λοιπῶν
3337 3557 3578 3610 σελιδίων
3610 3559 3708 3628 ἐμ-

2128 3648 2399 3717 φαίνεται,
2450 3646 2711 3701 ἐκτακτον
2759 3647 2858 3718 μὲν
2913 3648 3124 3714 δοκοῦν,
3172 3648 3270 3720 τὴν
3314 3647 3466 3714 τάξιν
3499 3645 3557 3700 δὲ
3610 3649 3709 3718 οὐχ

2129 3739 2477 3810 ὑπερϐαῖνον.
2513 3737 2713 3806 Γέγονε
2740 3739 2797 3792 δὲ
2833 3741 2865 3811 ὴ
2911 3739 3133 3809 τοιαύτη
3169 3740 3316 3804 θέσις
3352 3741 3463 3794 τῶν
3493 3739 3709 3794 κύκλων

2131 3829 2210 3900 τῷ
2237 3832 2773 3902 κανονογραφήσαντι
2806 3831 2863 3896 ἐξ
2886 3831 3059 3903 ἀρχῆς
3079 3829 3519 3903 ἀναπληρώσεως
3551 3831 3710 3903 χάριν

2133 3923 2242 3976 τῶν
2269 3923 2506 3995 χωρίων,
2529 3922 2712 3976 ἃκενά
2727 3923 3091 3994 καταλείπειή
3123 3923 3350 3996 δευτέρα
3381 3922 3711 3994 καταγραφὴ

2133 4014 2223 4068 διὰ
2253 4014 2352 4086 τὴν
2384 4015 2681 4085 εἰρημένην
2713 4016 2910 4069 αἰτίαν.

2206 4107 2324 4161 Ἵνα
2371 4106 2435 4178 δὴ
2493 4101 2586 4161 οὖν
2629 4107 2727 4178 τὴν
2757 4109 2815 4161 ἐν
2859 4109 2969 4169 τοῖς
3014 4105 3058 4159 δ’
3102 4106 3307 4176 στίχοις
3351 4105 3714 4177 καταγραφὴν

2135 4197 2529 4270 εύτακτοτέραν
2579 4200 2927 4270 ποιήσωμεν,
2973 4197 3036 4250 τὸ
3078 4197 3177 4269 μὲν
3234 4196 3449 4268 πρῶτον
3488 4197 3714 4250 σελίδιον

2137 4290 2307 4360 ἐχέτω
2332 4291 2598 4362 ἀριθμοὺς
2617 4290 2684 4355 α’,
2705 4289 2770 4356 ξ’,
2804 4288 2889 4359 ιβ’,
2928 4289 2996 4361 ιη’
3020 4306 3034 4322 ⁸
3069 4289 3130 4342 τὸ
3157 4290 3213 4342 δέ
3244 4289 3494 4361 δεύτερον
3521 4289 3711 4359 ἐχέτω,

2137 4385 2212 4445 ὡς
2235 4382 2376 4452 ἔχει’
2411 4382 2472 4435 τὸ
2503 4383 2561 4435 δὲ
2592 4382 2773 4454 τρίτον
2801 4381 2873 4449 γ’,
2913 4381 2982 4453 η’,
3013 4381 3093 4445 ιδ’,
3130 4381 3207 4434 κε’
3227 4398 3240 4412 ο
3276 4380 3337 4434 τὸ
3363 4381 3419 4434 δέ
3455 4381 3714 4451 τέταρτον

2139 4472 2205 4537 θ’,
2241 4472 2321 4538 ιε’,
2359 4472 2427 4537 κ’,
2455 4472 2578 4538 κς’·
2608 4473 2670 4526 τὸ
2704 4473 2761 4526 δὲ
2815 4472 3065 4543 πέμπτον
3092 4472 3156 4537 δ’,
3183 4472 3237 4536 ι’,
3260 4471 3369 4538 κα’,
3398 4471 3483 4535 κζ’
3503 4489 3517 4502 ο
3559 4470 3620 4522 τὸ
3659 4469 3718 4522 δὲ

2139 4563 2298 4617 ἕκτον
2331 4563 2395 4630 ε’,
2426 4563 2515 4628 ια’,
2549 4563 2646 4628 ις’,
2677 4564 2762 4635 κβ¹
2783 4581 2795 4593 ·
2829 4564 2890 4617 τὸ
2915 4564 2973 4618 δέ
3007 4563 3233 4634 ἕϐδομον
3265 4564 3426 4616 πάλιν
3457 4562 3548 4627 οὓς
3581 4562 3713 4633 ἔχει.

2212 4655 2464 4710 Τίθενται
2479 4656 2535 4708 δὲ
2552 4655 2757 4710 ἄνωθεν
2778 4655 2868 4709 τοῦ
2893 4655 3138 4709 κανονίου
3155 4655 3205 4707 οἱ
3225 4654 3320 4707 τοῦ
3337 4654 3483 4726 ἡλίου
3508 4653 3718 4718 κύκλοι,

2137 4745 2214 4807 ὡς
2240 4745 2474 4817 εἴρηται,
2508 4747 2586 4809 είς
2613 4746 2845 4814 δήλωσιν
2870 4745 2964 4798 τοῦ
2992 4748 3049 4798 ἐν
3079 4745 3209 4817 ποίᾳ.
3233 4745 3420 4817 ἡμέρᾳ
3442 4745 3542 4814 τῆς
3559 4744 3719 4796 ἐϐδο-

2146 4838 2311 4906 μάδος
2338 4837 2398 4889 τὸ
2441 4837 2727 4890 Ἰουδαϊκὸν
2765 4837 2954 4908 Πάσχα
2984 4836 3125 4890 κατά
3163 4838 3255 4890 τὸν
3287 4839 3483 4890 οἰκεῖον
3500 4835 3599 4904 τῆς
3631 4851 3722 4887 σε-

2141 4929 2309 5000 λήνης
2365 4928 2562 4983 κύκλον
2615 4931 2870 4984 τελεῖται.
2907 4929 2982 4982 Οὐ
3025 4929 3182 4998 μόνον
3213 4928 3322 4998 γὰρ
3357 4926 3418 4978 τὺ
3449 4925 3556 4978 τῶν
3587 4926 3722 4996 Χρι-

2145 5021 2373 5074 στιανῶν
2433 5020 2625 5091 Πάσχα
2679 5019 2801 5074 καθ’
2848 5020 3078 5072 ἕκαστον
3123 5017 3319 5071 κύκλον
3378 5016 3609 5086 σελήνης
3662 5016 3722 5068 ἐν

464 5101 620 5155 sibus
649 5100 986 5169 descriptum
1021 5107 1143 5164 est;
1182 5115 1372 5154 verum
1408 5114 1516 5153 una
1547 5114 1671 5153 cum
1704 5099 1853 5153 illius
1885 5114 2031 5151 men-

2145 5113 2394 5178 σελιδίοις
2442 5112 2746 5177 ἔκκειταιζ
2776 5129 2790 5143 ’
2851 5111 2989 5166 ἀλλά
3042 5111 3138 5164 σὺν
3184 5109 3261 5180 τῷ
3312 5107 3534 5180 ἀριθμῷ
3567 5106 3724 5161 τοῦδέ

463 5192 564 5256 sis,
609 5199 740 5261 puta
765 5190 970 5257 Martii,
1004 5193 1091 5246 vel
1129 5191 1336 5261 Aprilis
1362 5207 1614 5256 numero,
1639 5192 1733 5260 qui
1765 5199 1848 5245 est
1877 5191 2031 5246 index

2141 5225 2286 5270 τινος
2353 5207 2540 5279 μηνὸς,
2581 5206 2614 5276 ἢ
2663 5205 2757 5258 τοῦ
2789 5204 3057 5276 Μαρτίου,
3096 5203 3128 5273 ἢ
3165 5201 3258 5255 τού
3303 5200 3601 5272 ’Ᾱπριλίου,
3629 5197 3722 5250 τοῦ

461 5281 770 5344 Paschalis,
800 5281 920 5337 dies
967 5283 1133 5338 etiam
1175 5283 1534 5339 hebdomadis
1582 5283 1897 5350 ascribitur,
1930 5297 2031 5356 quo

2141 5296 2427 5362 δηλοῦντος
2475 5296 2536 5349 τὸ
2588 5294 2802 5365 Πάσχα,
2856 5296 3034 5347 κεῖται
3083 5292 3177 5345 καὶ
3219 5293 3253 5361 ἡ
3300 5290 3402 5360 τῆς
3435 5287 3726 5359 ἑϐδομάδος

461 5372 551 5426 die
577 5369 866 5427 Judaicum
907 5372 1117 5428 Pascha
1153 5373 1484 5428 celebratur.

783 5505 1066 5562 Methodus
1092 5508 1390 5563 inveniendi
1419 5508 1722 5563 Paschatis.

535 5616 628 5671 XI.
661 5619 830 5690 igitur
848 5621 991 5678 scire
1015 5638 1139 5678 cum
1166 5623 1420 5678 volumus
1443 5639 1602 5693 quem
1633 5624 1688 5676 in
1711 5639 1952 5679 mensem
1976 5625 2044 5678 de

2143 5387 2345 5458 ἡμέρα,
2381 5384 2502 5440 καθ’
2532 5385 2597 5456 ἣν
2622 5385 2744 5437 τότε
2777 5383 2838 5435 τὸ
2873 5381 3162 5435 Ἰουδαϊκὸν
3180 5380 3436 5432 τελεῖται.

2338 5514 2602 5582 Μέθοδος
2631 5515 2706 5568 δι’
2733 5510 2809 5585 ἧς
2841 5512 3181 5583 εὑρήσομεν
3207 5510 3276 5565 τὸ
3301 5509 3536 5580 Πάσχα.

2219 5632 2324 5686 IA'.
2358 5631 2526 5686 Ὅταν
2567 5631 2745 5684 τοίνυν
2784 5627 3177 5701 προαιρώμεθα
3213 5625 3504 5694 γινώσκειν
3539 5624 3598 5676 ἐν
3622 5620 3726 5675 τίνι

466 5707 705 5776 duobus,
739 5711 937 5770 Martio
987 5723 1044 5770 et
1095 5715 1294 5784 Aprili,
1328 5715 1774 5774 Christianorum
1827 5715 2031 5773 Pascha

2148 5721 2256 5775 τῶν
2297 5722 2391 5776 δύο
2441 5721 2625 5793 μηνῶν
2663 5720 2970 5793 Μαρτίουῆ
3018 5719 3318 5791 Ἀπριλίου,
3363 5717 3457 5770 καὶ⁵
3498 5717 3554 5768 ἐν
3598 5711 3727 5782 ποίᾳ

467 5809 720 5860 sanctum
762 5805 986 5876 incidat,
1042 5818 1372 5880 praesentem
1423 5811 1480 5868 in
1529 5820 1784 5883 promptu
1825 5813 2038 5884 cyclum

2149 5810 2332 5884 ἡμέρᾳ
2378 5814 2497 5877 ἐνὸς
2542 5812 2722 5868 αὐτῶν
2757 5813 2818 5866 τὸ
2849 5811 2956 5867 τῶν
2980 5810 3322 5866 Χοιστιανῶν
3354 5809 3506 5879 ἅγιον
3536 5805 3727 5877 Πάσχα
