4070 6406
433 327 568 384 1501

1329 321 1552 381 ISAACI
1590 321 1900 381 MONACHI
1937 319 2314 379 COMPUTUS
2349 317 2792 378 ECCLESIAST.

3561 307 3704 368 1⁸302

429 443 682 506 τελεῖται,
732 437 1040 512 προχείρως
1105 436 1202 506 μὲν
1230 436 1580 510 λαμϐάνομεν
1615 439 1706 493 τὸν
1750 439 1984 493 ὶνεστῶτ

2087 479 2094 499 ι
2125 439 2260 496 solis
2294 438 2558 493 habemus
2593 437 2648 492 in
2680 447 2896 492 summo
2927 428 3196 486 laterculo
3222 445 3237 482 :
3269 426 3359 483 cui
3390 425 3696 496 subiectam

427 533 524 586 τοῦ
559 532 711 604 ἡλίου
738 530 956 593 κύκλον,
986 528 1192 584 ἄνωθεν
1213 529 1466 598 κείμενον
1487 529 1584 584 τοῦ
1616 530 1885 598 κανονίου,
1916 531 2012 583 καὶ

427 621 808 697 κατερχόμεθα
833 623 896 676 τὸ
925 621 992 673 δι’
1013 620 1176 674 αὐτοῦ
1200 620 1445 685 σελίδιον,
1479 620 1586 685 ἕως
1616 622 1682 675 ἂν
1716 622 2009 692 φθάσωμεν

427 716 506 777 είς
534 714 626 767 τὸν
649 713 851 784 στίχον,
882 712 968 782 ἐφ’
988 704 1048 764 οὗ
1076 713 1134 765 ὲν
1165 712 1306 783 ἀρχῇ
1337 713 1479 782 ὁτῆς
1501 712 2007 784 σελήνηςγράφεται

427 806 658 870 κύκλοςο
688 808 782 860 καὶ
833 805 894 858 τὸ
925 804 1066 858 οὕτω
1103 806 1353 876 κείμενον
1395 807 1624 877 ἀντικρὺ
1671 805 1812 859 κατὰ
1847 805 2009 876 βάθος

429 899 531 970 μὲν
556 897 650 951 τοῦ
684 897 976 962 ἐνεστῶτος
1014 897 1242 969 ἡλιακοῦ
1282 897 1506 965 κύκλου,
1535 899 1676 954 κατὰ
1704 899 1905 963 πλάτος
1949 900 2008 954 δὲ

425 987 520 1042 ⁴τοῦ
562 988 906 1060 σεληνιακοῦ,
952 991 1198 1060 φήσομεν
1251 985 1388 1043 εἶναι
1431 990 1493 1043 τὸ
1524 991 1633 1044 τῶν
1663 991 2007 1063 Χριστιανῶν

425 1081 579 1150 ἅγιον
603 1082 825 1152 Πάσχα·
861 1081 957 1153 τὴν
986 1081 1030 1134 δ’
1061 1082 1152 1134 ὑπ’
1186 1083 1318 1134 αὐτὸ
1357 1083 1572 1154 ἡμέραν
1600 1082 1698 1155 τὴν
1725 1083 1824 1154 τῆς
1855 1082 2007 1136 ἐϐδο-

427 1174 594 1238 μάδος
650 1175 887 1247 ἡμέραν,
932 1175 1054 1228 καθ’
1100 1175 1168 1245 ἢν
1219 1174 1409 1243 γέγονε
1439 1175 1502 1228 τὸ
1536 1175 1657 1228 τότε
1697 1175 2000 1228 Ἰουδαϊκόν.

493 1262 639 1332 Οἷον,
669 1266 746 1330 ὡς
768 1262 852 1320 ’ὲν
903 1266 1282 1337 ὑποδείγματι,
1310 1265 1452 1319 ἔστω
1478 1266 1658 1337 ζητεῖν
1686 1268 1835 1338 ἡμᾶς
1861 1265 2003 1319 κατὰ

420 1358 483 1413 τὸ
539 1357 771 1421 ἐνεστὼς
821 1357 939 1421 ἔτος
987 1357 1047 1410 τὸ
1089 1357 1196 1411 άπὸ
1237 1357 1335 1428 τῆς
1358 1357 1450 1410 τοῦ
1494 1357 1698 1429 κόσμου
1737 1357 2003 1427 γενέσεως

421 1449 623 1514 ⁴<,τιι›πα’
662 1447 802 1513 ἔτος,
833 1448 891 1502 ὲν
951 1448 1081 1520 ποίᾳ
1142 1449 1327 1520 ἡμέρᾳ
1385 1449 1479 1502 τοῦ
1531 1450 1775 1520 Μαρτίου
1830 1449 1863 1519 ἢ
1906 1449 2000 1502 τοῦ

433 1542 711 1613 Ἀπριλίου
741 1542 803 1594 τὸ
817 1539 927 1594 τῶν
949 1540 1288 1613 Χριστιανῶν
1318 1540 1470 1594 ἔσται
1509 1542 1719 1613 Πάσχα.
1753 1543 1864 1596 Καὶ
1878 1544 2000 1596 ἐπεὶ

418 1632 632 1704 ἐδείχθη
663 1633 781 1687 κατ’
817 1634 949 1687 αὐτὸ
976 1633 1036 1687 τὸ
1068 1633 1206 1698 ἔτος,
1245 1634 1396 1706 ἡλίου
1433 1637 1530 1706 μὲν
1562 1635 1636 1688 ὢν
1666 1635 1863 1700 κύκλος
1889 1636 1996 1701 κα’,

2118 529 2360 583 tabulam
2399 529 2588 583 tandiu
2611 525 3010 598 percurrimus,
3043 523 3172 578 dum
3209 519 3277 575 ad
3301 534 3425 576 eum
3476 532 3695 572 versum

2117 619 2526 690 perveniamus,
2551 619 2712 688 cujus
2745 615 2902 670 initio
2928 615 3072 668 lunae
3096 611 3289 684 cyclus
3324 608 3617 665 ascribitur
3639 614 3696 660 et

2119 712 2210 782 qui
2237 713 2290 765 in
2315 709 2592 781 proselide
2612 723 2878 763 numerus
2907 704 3155 760 occurrit
3185 702 3346 773 202
3383 699 3538 773 cyclo
3559 699 3694 755 solis

2114 805 2171 859 in
2203 803 2496 868 directum,
2526 802 2669 856 lunae
2704 799 2761 854 in
2799 806 3175 853 transversum
3204 795 3524 858 attributus,
3565 806 3692 846 eum

2112 895 2556 951 Christianorum
2586 891 2832 946 indicare
2854 886 3068 944 Pascha
3101 885 3378 950 dicemus;
3407 883 3537 938 huic
3560 895 3692 938 vero

2112 989 2415 1060 subjectam
2441 986 2608 1052 diem,
2640 983 2831 1040 feriam
2861 996 3006 1050 esse,
3037 994 3145 1052 qua
3168 977 3453 1035 Judaicum
3477 975 3688 1033 Pascha

2112 1081 2426 1153 contigerit.

2183 1269 2431 1341 Exempli
2465 1283 2634 1324 causa
2667 1286 2680 1322 :
2721 1274 3000 1337 quaeratur
3020 1264 3125 1318 hoc
3157 1275 3322 1326 anno,
3370 1258 3462 1330 qui
3491 1264 3576 1314 est
3616 1256 3688 1313 ab

2109 1366 2244 1422 orbe
2279 1363 2502 1418 condito
2526 1359 2690 1425 6881,
2723 1368 2891 1429 quoto
2921 1356 3011 1412 die
3040 1355 3242 1419 Martii,
3265 1356 3350 1408 vel
3368 1351 3572 1422 Aprilis
3600 1350 3685 1404 in-

2109 1455 2244 1512 cidit
2291 1452 2528 1508 Pascha.
2563 1451 2836 1518 Quoniam
2887 1463 3020 1518 ergo
3070 1429 3238 1516 supra
3284 1441 3685 1500 demonstravi-

2106 1563 2252 1612 mus,
2303 1547 2518 1618 cyclum
2584 1559 2650 1599 eo
2700 1557 2846 1597 anno
2888 1543 3022 1598 solis
3073 1554 3198 1595 esse
3242 1552 3360 1600 xxx,
3408 1535 3548 1590 lunze
3595 1549 3681 1595 Ill,

2106 1647 2405 1710 utrumque
2442 1638 2498 1693 in
2555 1636 2822 1690 laterculo
2854 1632 3190 1704 quaerimus,
3223 1627 3357 1685 solis
3396 1628 3452 1680 in
3501 1625 3683 1680 fronte

420 1725 650 1797 σελήνης
678 1725 734 1778 δὲ
753 1725 956 1795 τρίτος,
988 1725 1336 1797 λαμϐάνομεν
1364 1729 1557 1791 αὐτοὺς
1581 1729 1638 1780 ὲν
1658 1727 1735 1798 τῷ
1768 1728 1984 1799 κανονίιξ

2103 1731 2326 1794 tabulae,
2361 1730 2507 1783 luna:
2555 1735 2736 1782 autem
2795 1726 2860 1780 ad
2903 1725 3089 1790 latus;
3121 1730 3175 1778 et
3228 1720 3355 1791 quia
3395 1717 3574 1773 media
3622 1717 3680 1771 in

417 1815 625 1870 ἄνωθεν
669 1818 769 1888 μὲν
817 1817 907 1872 τὸν
963 1817 1055 1872 τοῦ
1102 1818 1274 1888 ἡλίου,
1306 1820 1372 1871 ἐκ
1399 1818 1628 1888 πλαγίου
1669 1819 1726 1872 δὲ
1771 1820 1864 1873 τὸν
1901 1823 1984 1891 τῆς

2105 1836 2234 1878 area
2265 1820 2576 1877 communis
2605 1819 2840 1890 angulus
2868 1831 2980 1872 xvn
3019 1815 3162 1871 diem
3199 1813 3404 1884 Aprilis
3433 1810 3676 1876 exhibet,

417 1909 686 1980 σελήνης·
743 1910 975 1982 κάπειδὴ
1030 1912 1439 1983 συνερχομένων
1500 1913 1556 1965 ὲν
1599 1911 1676 1983 τῷ
1728 1913 1876 1983 μέσῳ
1903 1914 2001 1968 τοῦ

414 2000 663 2056 Ξεανονίου
691 2002 829 2057 κατὰ
853 2001 951 2072 τὴν
968 2001 1279 2056 συνέλευσιν
1303 2002 1368 2067 ιζ’
1405 2001 1499 2055 τοῦ
1531 2003 1808 2075 Ἀπριλίου
1842 2022 2003 2060 κατα-

412 2092 705 2164 γράφεται,
753 2095 995 2165 φήσομεν
1049 2094 1374 2165 γενήσεσθαι
1410 2096 1471 2148 τὸ
1503 2097 1772 2168 ἡμέτερον
1803 2097 1996 2169 Πάσχα

409 2185 552 2239 κατὰ
594 2185 693 2258 τὴν
735 2186 827 2239 τοῦ
880 2187 1157 2257 Ἀπριλίου
1203 2185 1310 2250 ιζ”
1370 2190 1469 2259 τὴν
1495 2188 1564 2242 δὲ
1603 2189 1708 2242 ὑπὸ
1743 2190 1834 2244 τὸν
1872 2191 1997 2263 ἀρι-

409 2276 546 2347 θμὸν
587 2277 776 2333 τοῦτον
807 2279 857 2331 α’
905 2278 1148 2349 ἡμέραν,
1195 2280 1361 2350 ἤγουν
1418 2279 1516 2350 τὴν
1569 2281 1822 2352 πρώτην,
1885 2285 1993 2355 φή-

411 2384 578 2439 σομεν
644 2366 783 2423 εἶναι
838 2371 1052 2444 ἡμέραν
1110 2371 1210 2443 τῆς
1274 2372 1570 2444 ἑϐδομάδος
1615 2373 1664 2428 α’
1730 2375 1831 2445 τὴν
1886 2376 1996 2447 πρὸ

407 2458 502 2512 τοῦ
531 2462 910 2531 Χριστιανικοῦ
957 2463 1144 2516 τούτου
1188 2463 1413 2535 Πάσχα,
1453 2467 1574 2520 καθ’
1627 2468 1694 2538 ἡν
1729 2468 1880 2521 ἔσται
1930 2470 1992 2522 τὸ

336 2559 342 2566 ’
421 2552 729 2607 Ἰουδαϊκόν.
760 2555 928 2626 Δῆλον
974 2555 1106 2627 γὰρ,
1138 2556 1237 2621 ὡς,
1282 2557 1407 2610 ἐπεὶ
1435 2560 1468 2629 ἡ
1496 2561 1872 2632 παρακειμένη
1906 2562 1985 2634 τῷ

405 2645 577 2716 τρίτῳ
633 2644 818 2717 κύκλῳ
844 2648 945 2719 τῆς
980 2648 1209 2719 σελήνης
1244 2648 1277 2701 ι’
1307 2647 1402 2703 τοῦ
1442 2651 1718 2724 Ἀπριλίου
1752 2654 1814 2706 τὸ
1857 2654 1990 2708 Ἰου-

404 2735 588 2790 δαϊκὸν
636 2737 830 2808 Πάσχα
876 2739 1046 2810 δηλοῖ,
1076 2743 1360 2812 γενήσεται
1382 2741 1440 2794 δὲ
1474 2743 1854 2814 κατάὴμέραν
1890 2748 1988 2816 τῆς

404 2826 697 2898 ἑϐδομάδος
743 2836 812 2896 α’,
857 2830 951 2884 ἐὰν
997 2835 1064 2904 τῇ
1123 2839 1154 2886 ι’
1216 2832 1310 2887 τοῦ
1358 2833 1636 2905 Ἀπριλίου
1695 2836 1906 2907 ἡμέρας
1941 2837 1986 2903 ζ’

403 2920 731 2992 προσθῶμεν
780 2921 880 2987 τὰς
935 2924 1064 2996 ἄχρι
1083 2927 1181 2996 τῆς
1223 2925 1524 2997 ἐρχομένης
1545 2927 1852 2999 Κυριακῆς,
1885 2929 1984 2993 τὰς

2102 1929 2170 1970 eo
2199 1914 2287 1970 die
2314 1912 2526 1969 Pascha
2542 1918 2792 1966 nostrum
2818 1908 2933 1964 fore
2955 1907 3409 1978 pronuntiamus;
3437 1891 3557 1972 qlia!
3578 1916 3680 1955 au-

2101 2018 2214 2065 tem
2244 2023 2476 2064 numero
2503 2015 2589 2063 est
2619 2004 2797 2061 eidem
2829 2003 3076 2073 subjecta
3125 2001 3258 2057 feria
3290 1999 3489 2069 prima,
3528 1997 3676 2051 diem

2100 2099 2461 2156 hebdomadis
2483 2112 2605 2153 esse
2625 2096 2894 2160 dicemus,
2925 2109 3046 2164 quae
3069 2091 3278 2148 Pascha
3297 2089 3676 2146 Christianum

2099 2193 2408 2258 antecedit,
2462 2200 2516 2247 et
2572 2192 2627 2245 in
2672 2204 2836 2261 quam
2885 2187 3173 2243 Iudaicum
3224 2187 3486 2240 incurret.
3533 2181 3674 2237 Cum

2097 2286 2245 2342 enim
2287 2283 2357 2340 ad
2410 2284 2635 2340 tertium
2689 2281 2903 2354 cyclum
2935 2279 3184 2350 apposita
3229 2294 3265 2332 κ
3309 2278 3429 2332 dies
3468 2273 3674 2344 Aprilis

2095 2377 2308 2434 Pascha
2333 2376 2648 2433 Iudaeorum
2687 2374 2913 2438 indicet,
2945 2373 3110 2443 idque
3135 2371 3367 2442 primam
3400 2368 3454 2422 in
3479 2367 3673 2423 feriam

2095 2467 2324 2533 incidat,
2356 2467 2704 2539 perspicuum
2733 2472 2840 2530 est,
2881 2464 2928 2520 si
2959 2463 3027 2517 ad
3051 2463 3196 2518 diem
3236 2460 3443 2530 Aprilis
3475 2474 3509 2511 x
3543 2472 3670 2525 sep-

2094 2568 2207 2617 tem
2249 2560 2369 2616 dies
2405 2559 2702 2624 accedant,
2755 2571 2876 2628 quae
2925 2555 2995 2610 ad
3052 2554 3301 2625 proxime
3351 2558 3672 2620 sequentem

2092 2652 2489 2710 hebdomadam
2525 2651 2864 2721 pertingunt,
2896 2663 3011 2702 xvn
3037 2646 3242 2716 Aprilis
3265 2643 3411 2699 diem
3445 2640 3670 2708 conﬁci,

2091 2761 2203 2817 quo
2223 2745 2598 2800 Christianum
2631 2741 2841 2797 Pascha
2874 2749 3184 2811 peragetur.
3216 2737 3295 2791 lta
3313 2751 3378 2790 ex
3403 2733 3669 2789 laterculo

2092 2837 2250 2892 facile
2267 2834 2414 2904 quod
2435 2834 2725 2904 quaesitum
2752 2841 2834 2888 est
2855 2831 3157 2886 extricatur
3189 2846 3203 2882 :
3226 2827 3372 2897 quod
3399 2823 3567 2880 etiam
3597 2838 3665 2878 ex

2091 2928 2353 2984 methodo
2386 2932 2469 2982 sic
2507 2926 2759 2980 habetur.

407 3009 471 3074 ιζ’
506 3012 598 3066 τοῦ
628 3014 906 3086 Ἀπριλίου
934 3017 1250 3088 ποιήσομεν,
1281 3017 1401 3070 καθ’
1425 3017 1492 3081 ἃς
1545 3019 1604 3072 τὸ
1636 3018 1828 3091 Πάσχα
1889 3021 2041 3077 ἔσται
2083 3019 2490 3094 Χριστιανικόν.
2539 3019 2650 3071 Καὶ
2695 3016 2870 3080 οὕτως
2916 3015 3013 3087 μὲν
3040 3015 3104 3068 ἐκ
3130 3031 3224 3068 του
3253 3010 3501 3066 κανονίου
3530 3022 3668 3080 προ-

401 3101 602 3173 χείρως
646 3104 978 3175 λαμϐάνεται
1023 3105 1086 3158 τὸ
1119 3105 1448 3177 ζητούμενον
1467 3124 1481 3137 ·
1522 3108 1616 3161 καὶ
1648 3108 1736 3163 διὰ
1761 3109 1983 3180 μεθόδου
2030 3112 2088 3166 δὲ
2116 3111 2210 3165 καὶ
2235 3109 2408 3173 οὕτως
2437 3125 2449 3140 °

507 3217 707 3287 Ἑτέρα
740 3219 996 3288 μέθοδος
1025 3219 1135 3289 τῆς
1162 3220 1270 3275 τοῦ
1318 3221 1534 3291 Πάσχα
1567 3223 1880 3292 εὑρέσεως.

485 3334 637 3387 Ἐπεί⁸
662 3332 858 3404 ἔχομεν
880 3332 999 3387 καθ’
1024 3334 1254 3389 ἕκαστον
1276 3335 1385 3390 τῶν
1403 3335 1736 3406 σεληνιακῶν
1766 3335 1980 3390 κύκλων

398 3425 498 3497 τὴν
531 3425 625 3479 ἐπὶ
655 3424 750 3478 τοῦ
787 3425 1032 3494 Μαρτίου
1075 3426 1203 3498 ἄχρι
1225 3427 1318 3480 καὶ
1357 3427 1454 3498 τῆς
1483 3427 1546 3491 ιζ’
1569 3427 1664 3480 τοῦ
1703 3429 1976 3499 Ἀπριλίου

397 3517 687 3588 γινομένην
731 3516 1086 3588 πανσέληνον,
1144 3519 1268 3589 ήτις
1319 3518 1381 3571 τὸ
1450 3519 1738 3572 Ἰουδαϊκὸν
1784 3519 1978 3590 Πάσχα

400 3607 628 3681 μηνύει·
683 3609 770 3664 διὰ
821 3611 915 3663 τοῦ
961 3609 1409 3681 ήμεροευρεσίου,
1441 3610 1517 3674 ὡς
1544 3611 1976 3682 προειλήφαμεν,

396 3702 725 3774 εὑρίσκομεν
781 3704 839 3758 ὲν
869 3703 999 3776 ποίᾳ
1018 3703 1209 3776 ,ἡμέρᾳ
1233 3703 1342 3757 τῶν
1368 3703 1468 3775 τῆς
1497 3704 1792 3775 ἑϐδομάδος
1826 3704 1979 3760 ἔσται

393 3792 456 3847 τὸ
481 3795 702 3865 νομικὸν
730 3794 923 3866 Πάσχα
964 3796 1025 3848 τὸ
1072 3796 1476 3868 παρακείμενον
1501 3795 1578 3866 τῷ
1602 3796 1857 3852 ἐνεστῶτι
1885 3813 1976 3850 σε-

394 3883 638 3956 ληνιακῷ
666 3884 851 3956 κύκλῳ
870 3903 883 3916 ·
919 3879 963 3954 ᾧ
989 3885 1369 3958 προστιθέντες
1392 3887 1487 3952 τὰς
1524 3887 1724 3957 ἑφεξῆς
1765 3889 1976 3959 ἡμέρας

392 3975 494 4046 τῆς
523 3976 815 4047 ἑϐδομάδος
838 3977 966 4048 άχρι
999 3979 1092 4032 καὶ
1119 3979 1287 4050 αὐτῆς
1316 3979 1416 4050 τῆς
1445 3979 1752 4049 Κυριακῆς,
1783 3980 1978 4050 ἔχομεν

395 4065 568 4120 καὶτὸ
588 4065 709 4120 καθ’
739 4067 886 4138 ἡμᾶς
917 4067 1072 4134 ἅγιον
1104 4067 1318 4138 Πάσχα,
1349 4069 1408 4122 ὲν
1425 4067 1534 4122 τίνι
1563 4068 1672 4121 τῶν
1703 4067 1796 4121 τοῦ
1827 4069 1980 4139 Μαρ-

391 4157 508 4210 τίου
536 4157 568 4228 ἢ
595 4157 688 4211 τοῦ
732 4157 1008 4230 Ἀπριλίου
1048 4159 1273 4231 ἡμερῶν
1301 4160 1528 4229 γίνεται.
1565 4160 1677 4212 Καὶ
1713 4159 1854 4213 ἔστω
1882 4160 1975 4213 ἐπὶ

393 4248 788 4318 ὑποδείγματος
817 4248 912 4302 τοῦ
938 4251 1358 4322 προειρημένου.
1414 4251 1568 4304 Ἐπεὶ⁹
1597 4251 1674 4321 τῷ
1717 4251 1972 4304 ἐνεστῶτι

389 4337 512 4391 τότε
569 4339 755 4410 κύκλῳ
811 4340 910 4409 τῆς
963 4341 1196 4413 σελήνης
1259 4342 1426 4414 τρίτῳ
1464 4342 1577 4395 ὄντι
1620 4342 1653 4394 ι’
1693 4342 1970 4414 Ἀπριλίου

388 4429 740 4499 παράκειται,
788 4428 1023 4502 δηλοῦσα
1060 4433 1177 4485 κατ’
1205 4432 1376 4504 αὐτὴν
1418 4427 1555 4486 εἶναι
1585 4433 1646 4484 τὸ
1682 4432 1970 4486 Ἰουδαϊκὸν

2297 3223 2578 3279 Methodus
2607 3223 2782 3277 altera
2815 3220 3096 3287 Paw/tatis
3129 3201 3446 3276 inueniendi.

2152 3340 2288 3397 Cum
2328 3340 2386 3394 in
2413 3353 2745 3409 unoquoque
2772 3336 2928 3408 cyclo
2961 3335 3144 3390 lunari
3171 3332 3469 3404 plenilunia
3497 3331 3659 3386 nobis

2081 3430 2264 3485 omnia
2293 3434 2567 3492 constent,
2605 3439 2730 3498 qua:
2777 3427 2834 3480 in
2867 3424 3084 3491 Martio,
3124 3431 3180 3478 et
3216 3422 3287 3478 ad
3319 3436 3432 3478 xvn
3453 3421 3659 3492 Aprilis

2081 3537 2258 3592 usque
2303 3520 2682 3582 continentur,
2722 3525 2777 3573 et
2830 3515 3121 3572 Iudaicum
3170 3513 3386 3569 Pascha
3429 3512 3661 3568 demon-

2078 3621 2277 3678 strant,
2319 3628 2416 3683 per
2437 3610 2764 3666 laterculum
2801 3608 3111 3680 septizonii,
3149 3615 3209 3661 ut
3237 3614 3364 3662 ante
3393 3605 3654 3669 diximus,

2075 3703 2388 3774 indaganda
2408 3711 2494 3760 est
2522 3701 2658 3759 feria
2682 3701 2874 3772 legalis
2895 3699 3204 3759 Phscbatis,
3231 3698 3377 3768 quod
3417 3698 3486 3753 ad
3515 3713 3658 3770 prae-

2075 3807 2287 3854 sentem
2319 3799 2464 3854 lunaa
2490 3797 2704 3868 cyclum
2729 3793 3164 3862 adnotatur;cui
3194 3793 3437 3862 reliquas
3456 3791 3523 3846 ad
3551 3791 3656 3852 Do-

2075 3891 2341 3947 minicam
2382 3886 2744 3945 hebdomadis
2796 3885 2963 3942 ferias
3025 3884 3325 3949 addentes,
3387 3884 3669 3940 habemus.

2077 3984 2282 4047 Martii,
2323 3983 2407 4036 vel
2437 3981 2643 4052 Aprilis
2669 3979 2836 4043 diem,
2875 3977 2932 4032 in
2965 3992 3126 4048 quem
3163 3985 3414 4034 nostrum
3439 3974 3668 4037 Pascha.

2079 4074 2466 4131 committitur.
2501 4072 2662 4130 Verbi
2705 4071 2881 4141 gratia
2910 4077 3190 4140 repetatur
3233 4067 3491 4138 superius
3516 4067 3666 4126 illud,

2076 4166 2408 4236 exemplum.
2460 4163 2730 4230 Quoniam
2784 4163 2932 4217 enim
2985 4162 3054 4216 ad
3105 4162 3401 4221 ineuntem.
3435 4159 3651 4230 cyclum

2076 4258 2222 4312 luna:
2259 4257 2484 4312 tertium
2517 4273 2551 4310 χ
2579 4255 2698 4310 dies
2741 4254 2945 4323 Aprilis
2974 4253 3314 4322 adiungitur,
3349 4250 3658 4310 ostendens

2074 4349 2133 4404 in
2176 4363 2300 4404 eum
2328 4348 2473 4403 diem
2521 4345 2719 4401 cadere
2762 4344 2974 4401 Pascha
3019 4342 3309 4401 Iudaicum
3335 4343 3425 4408 ;.si
3470 4341 3652 4396 eidem

2073 4440 2280 4496 mensis
2310 4439 2458 4496 illius
2493 4438 2758 4498 addamus
2785 4445 3058 4506 epactam,
3103 4450 3223 4504 quae
3252 4440 3337 4490 est
3360 4448 3409 4500 l;
3433 4448 3650 4488 necnon

391 4519 584 4590 Πάσχα
603 4538 616 4551 ·
644 4520 969 4591 προσθέντες
992 4521 1163 4594 ταύτῃ
1194 4522 1293 4594 τὴν
1329 4521 1424 4575 τοῦ
1458 4521 1621 4576 αὐτοῦ
1664 4521 1832 4592 μηνὸς
1867 4523 1968 4574 ἐπ-

2087 4533 2386 4602 praateritos
2421 4532 2562 4588 solis
2586 4547 2658 4584 xx
2688 4530 2911 4602 cyclos,
2950 4537 3004 4586 et
3044 4541 3235 4584 eorum
3286 4525 3647 4595 quadrantes,

389 4611 562 4681 ακτὴν
584 4611 635 4666 α’
680 4607 866 4676 οὖσαν,
891 4613 971 4666 έτι
992 4631 1051 4666 τε
1079 4615 1205 4678 τοὺς
1236 4613 1601 4686 παρελθόντας
1624 4613 1673 4667 κ’
1707 4615 1967 4685 ήλιακοὺς

387 4701 639 4766 κύκλους,
689 4704 783 4756 καὶ
809 4704 877 4758 τά
916 4705 1120 4758 τούτων
1143 4706 1184 4759 δ’
1217 4707 1429 4777 ἡμέρας
1459 4707 1519 4758 ε”
1545 4706 1642 4768 τὰς
1670 4706 1966 4777 γενομένας

385 4793 766 4866 ὀμοῦ,ἡμέρας
803 4795 892 4861 λς’
926 4797 1248 4868 μερίσαντες
1304 4798 1457 4868 παρὰ
1502 4799 1593 4851 τὸν
1617 4797 1683 4862 ζ’,
1725 4799 1824 4869 τὴν
1878 4800 1965 4853 ὲν-

383 4885 801 4956 απολειφθεῖσαν
817 4887 866 4941 α’
879 4890 1120 4960 φήσομεν
1141 4890 1354 4962 ἡμέραν
1369 4886 1505 4944 εἶναι
1516 4890 1820 4962 Κυριακὴν,
1841 4890 1963 4945 καθ’

383 4977 511 5049 ἡνὴ
554 4979 758 5050 δεκάτη
808 4982 900 5034 τοῦ
943 4981 1222 5053 ’Δπριλίου
1279 4983 1600 5052 συμπίπτει.
1645 4985 1755 5038 Καὶ¹
1789 4984 1962 5057 ταύτῃ

384 5067 710 5138 προσθέντες
724 5069 820 5133 τὰς
834 5072 934 5141 τῆς
961 5071 1158 5141 ἐφεξῆς
1189 5071 1478 5143 ἑϐδομάδος
1508 5073 1637 5143 ἄχρι
1665 5076 1760 5127 καὶ
1791 5075 1962 5146 αὐτῆς

381 5157 483 5227 τῆς
534 5160 834 5232 ἐρχομένης
885 5164 1169 5234 Κυριακῆς
1218 5164 1434 5235 ἡμέρας
1497 5165 1562 5230 ζ’.
1618 5165 1810 5237 ἕξομεν
1866 5169 1961 5221 καὶ

378 5243 554 5308 οὕτως
575 5247 634 5299 τὸ
667 5249 788 5303 καθ’
824 5252 971 5321 ἡμᾶς
1020 5252 1172 5322 ἆγιον
1206 5253 1400 5325 Πάσχα
1427 5258 1494 5326 τῇ
1537 5253 1602 5319 ιζ’
1635 5255 1728 5309 τοῦ
1768 5259 1958 5310 Ἀπρι-

379 5335 494 5390 λίου
525 5338 804 5410 ἐσόμενον.

521 5460 523 5462 ’
621 5455 761 5523 Περὶ
802 5455 914 5525 τῆς
961 5458 1257 5527 εὑρέσεως
1285 5459 1396 5528 τῆς
1423 5462 1719 5530 ἀπόκρεω.

448 5567 550 5619 IB'.
569 5568 726 5622 Μετὰ
751 5570 808 5622 δὲ
829 5571 888 5623 τὸ
908 5572 1091 5625 λαϐεῖν
1116 5574 1215 5646 τὴν
1241 5573 1339 5626 τοῦ
1373 5575 1540 5646 μηνὸς
1571 5575 1808 5647 ἡμέραν,
1833 5576 1891 5627 ὲν

377 5656 438 5710 τὸ
466 5659 617 5726 διλίον
649 5661 841 5731 Πάσχα
881 5665 1204 5735 συμπίπτει,
1240 5666 1622 5738 προστιθέντες
1659 5667 1796 5737 αύτῇ
1823 5667 1954 5736 ἡμέ-

384 5763 478 5821 ρας
509 5754 675 5821 τρεῖς,
729 5752 972 5824 βισέξτου
1011 5756 1066 5810 δὲ
1101 5758 1252 5822 ὄντος
1279 5759 1340 5824 δ’,
1378 5759 1704 5832 εὑρίσκομεν
1733 5759 1827 5814 καὶ
1856 5759 1952 5831 τήν

2068 4624 2188 4680 dies
2211 4642 2266 4689 ν,
2291 4639 2506 4680 summa
2538 4623 2772 4679 conﬂata
2801 4622 3012 4684 dierum
3032 4635 3216 4682 χχχιιι,
3249 4618 3296 4673 si
3335 4632 3432 4686 per
3457 4632 3532 4670 vn
3562 4615 3647 4678 di,-

2067 4717 2309 4783 vidatur,
2339 4716 2610 4785 reliquam
2641 4714 2805 4768 faciet
2831 4713 2974 4770 diem
2994 4729 3032 4775 ι,
3051 4711 3156 4764 hoc
3177 4719 3261 4764 est
3283 4707 3642 4770 Dominicam,

2067 4806 2124 4861 in
2149 4821 2314 4876 quam
2345 4805 2551 4876 Aprilis
2582 4821 2613 4858 x
2644 4804 2955 4858 conveniet.
2974 4800 3054 4854 Ad
3073 4801 3216 4856 hanc
3247 4813 3439 4854 rursus
3470 4803 3645 4858 totam

2067 4897 2397 4953 addentibus
2460 4897 2841 4966 insequentem
2901 4892 3292 4948 hebdomadem
3344 4904 3520 4959 usque
3575 4889 3640 4953 ad

2064 4989 2660 5057 proximesequenlem
2695 4984 3058 5048 Dominicam,
3096 4995 3219 5052 quae
3252 4989 3382 5035 sunt
3409 4980 3639 5042 diesvn,
3675 5040 3681 5044 ,

2063 5077 2439 5133 Christianum
2472 5076 2686 5132 Pascha
2719 5075 2880 5130 nobis
2924 5084 3202 5138 occurret,
3248 5072 3398 5143 quod
3435 5072 3641 5142 Aprilis

2065 5186 2179 5224 xvu
2212 5171 2514 5242 continget.

2060 5458 2138 5513 De
2165 5459 2393 5513 introitu
2428 5459 2572 5512 sacri
2596 5457 2794 5528 jejunii
2811 5498 2825 5522 ,
2855 5465 2905 5512 et
2947 5456 3280 5518 abstinentia:
3305 5474 3335 5509 a
3361 5457 3633 5512 carnibus.

2130 5573 2248 5629 Xll.
2287 5573 2516 5630 Inventa
2547 5573 2637 5628 die
2668 5573 2898 5636 mensis,
2952 5571 3007 5625 in
3041 5587 3203 5643 quam
3242 5569 3454 5625 Pascha
3507 5586 3639 5626 san-

2058 5677 2205 5724 ctum
2237 5667 2463 5731 incidit,
2501 5675 2612 5720 tres
2646 5665 2713 5718 ad
2747 5664 2894 5718 illam
2933 5663 3052 5719 dies
3082 5663 3366 5721 addimus:
3395 5662 3632 5716 hisextili

2058 5779 2186 5820 vero
2215 5777 2380 5821 anno.
2419 5778 2489 5818 Iv.
2514 5759 2611 5826 ita,
2650 5757 2896 5814 Januarii
2947 5757 3030 5814 vel
3066 5755 3348 5814 Februarii
3379 5755 3526 5812 (liem
3547 5769 3640 5811 ro-
