4070 6406
468 380 612 439 ἐδῡδ

1458 379 1552 436 AD
1588 379 1864 439 EUSEBII
1900 382 2300 442 CHRONICON
2340 384 2708 446 APPENDIX.

3572 416 3579 427 ι
3597 391 3745 448 15114

465 505 736 580 perimus,
762 516 874 575 quo
903 516 1049 559 anno
1092 499 1524 557 illo-Dominica
1564 501 1743 573 prima
1787 489 2049 558 introitus

2155 504 2277 559 κατ’
2326 507 2506 560 ἐκεῖνο
2549 506 2614 560 τὸ
2664 506 2785 571 ἔτος
2823 505 3103 579 άπόκρεω,
3130 507 3190 561 ἐν
3219 509 3346 583 ποίᾳ
3366 509 3554 585 ἡμέρᾳ
3586 512 3742 568 ἔσται

461 601 799 675 jejuniorum
826 594 1059 653 accidet.
1088 593 1224 649 Nam
1257 593 1306 650 si
1334 591 1544 649 Pascha
1584 594 1639 649 in
1665 594 1909 664 Aprilem
1948 609 2044 649 ca-

465 694 569 760 dit,
597 690 1035 762 Carnisprivium
1084 686 1383 745 Februario
1422 687 1734 757 continget;
1773 688 1861 742 sin
1894 686 2044 744 Mar-

465 787 605 841 tium
636 784 908 849 obtineat,
940 797 1115 853 usque
1155 780 1224 836 ad
1272 796 1446 835 xxvm
1490 780 1545 834 in
1584 780 1828 836 bisextili
1877 784 2072 844 anno,‘

466 878 554 932 vel
584 892 717 931 xxix
754 876 900 931 diem
923 915 937 939 ,
975 875 1033 929 in
1064 874 1365 939 communi,
1389 871 1829 947 Carnisprivium
1867 873 1923 928 in
1956 873 2047 928 Ja-

468 970 727 1024 nuarium
750 973 1043 1038 competet.
1073 964 1211 1019 Nam
1240 965 1286 1022 si
1332 964 1508 1019 Martii
1541 979 1734 1031 xxvm,
1768 971 1865 1019 aut
1895 980 2045 1029 xxix.

453 1068 565 1139 aut
594 1077 727 1126 xxx,
759 1066 856 1114 aut
885 1075 1015 1114 xxxi
1054 1056 1268 1114 Pascha
1301 1056 1416 1123 ﬁat,
1447 1056 1894 1128 Carnisprivium
1942 1058 2048 1112 erit

469 1154 530 1210 in
555 1150 876 1207 Februario.
906 1150 979 1208 Ut
1013 1151 1070 1205 in
1094 1150 1345 1220 exemplo
1368 1150 1498 1203 anni
1536 1150 1783 1219 proxime
1813 1164 2049 1219 sequen-

468 1245 543 1302 tis
560 1244 911 1316 perspicuum
935 1243 1063 1299 erit.
1100 1242 1237 1298 Cum
1269 1242 1417 1297 enim
1443 1241 1647 1310 Aprilis
1681 1256 1817 1307 xvn,
1854 1241 1934 1295 uti
1964 1240 2050 1295 di-

470 1345 619 1392 ctum
652 1343 760 1401 est,
802 1334 1016 1391 Pascha
1066 1336 1139 1390 sit
1179 1333 1462 1400 futurum;
1496 1335 1546 1390 si
1588 1334 1832 1411 triduum
1875 1333 1946 1388 ad
1992 1333 2049 1388 id

470 1432 695 1489 accedat
744 1432 876 1505 (non
914 1431 1058 1487 enim
1101 1430 1372 1485 bisextilis
1409 1428 1497 1487 hic
1531 1443 1711 1484 annus
1746 1427 1873 1501 est),
1928 1427 2050 1482 dies

471 1527 588 1590 ille,
622 1526 715 1595 qui
760 1522 1020 1581 residuus
1064 1526 1192 1593 erit,
1242 1521 1533 1579 Februarii
1565 1522 1881 1587 vicesimus,
1914 1519 2051 1576 Car-

470 1617 802 1689 nisprivium
838 1615 1138 1670 exhibebit.

633 1729 922 1788 Nethodus
958 1731 1068 1784 alia
1100 1728 1385 1785 Paschalis
1413 1736 1463 1782 et
1496 1726 1867 1797 Carnisprivii.

2149 597 2246 652 τοῦ
2312 598 2643 672 Ἰανουαρίου
2688 598 2724 671 ἡ
2772 598 2869 652 τοῦ
2921 599 3313 674 Φεϐρουάριον.
3362 603 3451 657 Ἐν
3497 604 3595 674 μὲν
3629 605 3746 675 γὰρ

2161 688 2420 761 Ἀπριλίῳ
2468 689 2564 743 τοῦ
2610 690 2803 761 Πάσχα
2852 689 3026 756 ὄντος,
3074 694 3108 764 ἡ
3144 694 3436 765 άπόκριως
3474 694 3629 748 ἐσται
3677 697 3745 749 ἐν

2146 779 2516 851 Φεϐρουαρίῳ·
2546 782 2605 834 ἐν
2639 780 2697 834 δέ
2722 781 2952 852 Μαρτίῳ
2978 782 3107 852 άχρι
3141 784 3240 853 τῆς
3274 784 3361 855 κη’
3397 786 3456 838 ἐν
3489 784 3743 855 βισέξτῳ,

2146 870 2182 942 ἡ
2233 870 2333 941 τῆς
2378 869 2459 923 κθ¹
2517 871 2578 923 ἐν
2619 870 2681 923 οὐ
2738 870 3008 941 βισέξτῳ,
3069 874 3103 943 ἡ
3163 872 3452 943 άπόκρεως
3513 876 3571 928 ἐν
3632 876 3743 928 Ἰα-

2148 958 2381 1032 νουαρίῳ
2428 958 2600 1016 ἔσται.
2659 960 2745 1013 Ἐν
2774 960 2881 1031 γὰρ
2924 963 2994 1032 τῇ
3040 961 3127 1033 κη’
3150 961 3245 1015 τοῦ
3275 963 3542 1035 Μαρτίου,
3589 965 3622 1035 ἡ
3671 967 3743 1036 τῇ

2149 1048 2251 1114 κθ’,
2306 1049 2340 1120 ἡ
2387 1052 2453 1121 τῇ
2503 1049 2570 1114 λ’,
2620 1050 2655 1121 ἦ
2687 1053 2757 1121 τῇ
2800 1049 2883 1104 λα’
2934 1052 3338 1121 συμπίπτοντος
3377 1053 3472 1107 τοῦ
3525 1054 3740 1124 Πάσχα,

2150 1140 2185 1211 ἡ
2239 1139 2526 1210 άπόκρεως
2575 1141 2636 1193 ἐν
2678 1138 3031 1215 Φεϐρουαρίῳ
3080 1139 3263 1194 ἔσται*
3324 1141 3400 1205 ὼς
3461 1142 3555 1195 ἐπὶ
3609 1143 3773 1196 ὑπο--

2148 1231 2437 1301 δείγματος
2500 1230 2592 1284 τοῦ
2668 1230 2964 1303 ἐρχομένου
3013 1232 3111 1286 σὺν
3166 1231 3287 1303 Θεῷ
3348 1234 3539 1303 Πάσχα
3586 1233 3743 1291 ἔσται

2150 1324 2404 1396 φανερόν.
2468 1324 2621 1377 Ἐπεὶ
2681 1323 2791 1395 γὰρ
2834 1325 2900 1395 τῇ
2954 1322 3018 1388 ιζ’
3073 1323 3226 1378 ἔσται
3279 1323 3375 1379 τοῦ
3438 1324 3740 1397 ’Δπριλίου,

2148 1414 2225 1478 ὡς
2263 1414 2470 1470 ἄνωθεν
2522 1415 2762 1487 εἴρηται,
2792 1414 2968 1489 ταύτῃ
3017 1416 3351 1487 προσθέντες
3395 1417 3444 1486 γ’
3492 1418 3573 1488 (οὺ
3626 1419 3741 1490 γάρ

2149 1508 2267 1561 ἐστι
2292 1507 2355 1561 τὸ
2383 1506 2557 1577 παρὸν
2601 1505 2720 1570 ἐτος
2757 1505 3042 1577 βίσεξτον),
3075 1506 3179 1572 τὰς
3224 1509 3526 1580 γενομένας
3564 1517 3613 1564 κ’
3641 1509 3739 1565 τοῦ

2148 1599 2517 1672 Φεϐρουαρίου
2547 1599 2646 1672 τὴν
2678 1599 2939 1671 ἁπόκρεω
2967 1599 3184 1671 ἕξομεν.

2160 1711 2362 1781 Ἑτέρα
2381 1709 2638 1782 μέθοδος
2658 1712 2790 1781 περὶ
2821 1712 2933 1782 τῆς
2959 1713 3230 1781 ἁπόκρεω
3260 1713 3359 1767 καὶ
3378 1713 3485 1768 τοῦ
3503 1713 3742 1783 Πάσχα.

538 1843 679 1900 Xlll.
718 1843 980 1915 Exposita
1006 1852 1091 1899 est
1136 1842 1408 1898 hactenus
1441 1841 1737 1898 methodus
1776 1840 1890 1909 illa,
1929 1808 2049 1912 quae

2224 1824 2457 1884 II".Kal.
2490 1823 2627 1896 αὕτη
2659 1825 2761 1897 μὲν
2792 1826 3007 1897 ἡμέχρι
3035 1825 3196 1896 ἡμῶν
3223 1825 3479 1895 φθάσασα
3519 1826 3743 1897 μέθοδος

468 1954 501 1992 a
527 1937 830 2008 majoribus
862 1945 1111 2009 accepta.
1137 1937 1205 1991 ad
1252 1951 1354 1991 nos
1391 1950 1566 2006 usque
1616 1945 1915 2006 propagata
1943 1943 2049 1990 est.

466 2031 658 2085 Altera
684 2044 836 2091 vero.
869 2043 1034 2099 quam
1073 2027 1507 2096 excogitavimus
1545 2028 1681 2096 ipsi,
1722 2028 1937 2081 ratione
1987 2040 2053 2080 ac

469 2120 943 2176 demonstratione
979 2127 1349 2184 constantem,
1374 2134 1652 2190 quamque
1686 2133 1788 2174 nos
1810 2118 2055 2188 explica-

468 2221 629 2268 turos
655 2212 1021 2279 ostendimus,
1064 2217 1151 2267 est
1177 2210 1473 2281 ejusmodi.
1504 2209 1779 2278 Quoniam
1811 2225 1843 2268 a
1869 2211 2052 2265 lunari

467 2303 639 2367 coitu,
665 2303 760 2373 qui
799 2300 1121 2358 Januarium
1149 2303 1466 2366 antecessit,
1490 2301 1558 2356 ad
1593 2302 1757 2371 hujus
1785 2302 1916 2356 anni
1954 2299 2054 2356 Ju-

469 2396 691 2452 daicum
725 2395 960 2463 Pascha,
992 2396 1138 2468 quod
1161 2396 1214 2449 in
1244 2395 1609 2465 plenilunium
1642 2396 1856 2463 incidit,
1894 2395 2053 2449 luna-

469 2502 563 2544 res
591 2502 813 2543 menses
843 2487 1193 2567 intercedunt
1226 2496 1338 2542 tres
1367 2501 1493 2545 cum
1519 2485 1769 2552 dimidio,
1800 2486 1894 2557 qui
1933 2486 2052 2541 dies

469 2580 742 2651 colligunt
769 2594 897 2646 cm;
934 2580 990 2634 in
1032 2580 1303 2635 laterculo
1342 2593 1473 2634 vero
1518 2576 1773 2634 Paschali
1819 2577 2053 2634 Iudaica

468 2670 743 2728 Paschata
777 2672 946 2728 biduo
973 2672 1283 2728 redundare
1320 2670 1575 2727 videntur
1608 2686 1772 2741 supra
1793 2679 2049 2726 exactum

467 2765 864 2836 plenilunium;
899 2765 1362 2836 quemadmodum
1401 2771 1591 2834 postea
1640 2763 2052 2820 demonstrabi-

479 2866 602 2924 tur;
652 2855 879 2912 biduum
914 2855 1063 2912 istud
1116 2854 1310 2912 diebus
1361 2856 1473 2911 illis
1515 2870 1614 2909 cm
1661 2855 1944 2921 addentes,
1981 2854 2051 2910 de

476 2962 690 3003 summa
732 2946 944 3003 dierum
989 2962 1056 3002 ον
1094 2946 1346 3002 deductis
1380 2946 1814 3017 quadragesima
1853 2946 2049 3000 diebus

468 3054 661 3105 xtvm,
684 3053 811 3095 cum
866 3037 1065 3095 diebus
1103 3047 1312 3109 septem
1334 3038 1733 3111 'l‘yrophagi,id
1759 3045 1862 3105 est,
1899 3057 1918 3090 ι
1956 3038 2052 3093 he-

476 3130 791 3196 bdomadis,
832 3131 888 3185 in
917 3146 1023 3200 qua
1062 3146 1193 3187 esus
1226 3132 1374 3187 casei
1408 3132 1751 3196 conceditur,
1792 3150 1812 3183 ι
1849 3131 1893 3186 si
1917 3130 2047 3184 reli-

465 3237 608 3293 quos
639 3238 671 3277 1.
693 3221 814 3278 dies
844 3236 874 3275 a
904 3223 1085 3277 lunari
1133 3222 1372 3293 synodo,
1408 3238 1531 3294 quae
1570 3222 1816 3294 proxime
1847 3220 2047 3276 Janua«

465 3315 610 3368 rium
641 3314 946 3384 praecessit,
974 3321 1376 3384 computemus,
1412 3314 1635 3385 planum
1665 3320 1751 3368 est
1774 3312 2047 3367 calculum

465 3415 721 3461 nostrum
751 3404 820 3459 ad
872 3406 1273 3461 hebdomadam
1319 3405 1682 3476 Carnisprivii
1721 3403 2046 3475 perductum

466 3498 559 3564 iri,
586 3497 693 3553 hoc
730 3508 816 3554 est
842 3513 874 3552 a
928 3497 1216 3553 Dominica
1250 3516 1270 3550 ι
1302 3497 1548 3569 Prodigi,
1581 3517 1600 3550 ι
1638 3498 1705 3552 ad
1746 3495 2048 3553 Sabbatum

468 3598 597 3646 ante
612 3588 975 3661 Carnisprivii
998 3589 1359 3648 Dominicam.
1389 3590 1633 3660 Adjeclis
1657 3589 1818 3661 203
1848 3589 2050 3645 deinde

464 3681 698 3752 reliquis
728 3681 797 3735 ad
827 3680 1170 3736 Dominicam
1200 3681 1426 3745 diebus,
1471 3681 1832 3751 Carnisprivii
1863 3679 2050 3736 Domi-

467 3772 651 3826 nicam
678 3786 1081 3842 assequemur:
1116 3772 1263 3827 unde
1289 3782 1344 3827 et
1368 3770 1582 3828 Pascha
1621 3772 1919 3828 constabit.
1942 3770 2050 3827 Ex-

466 3863 750 3933 periamur
787 3862 842 3915 in
901 3862 1152 3932 exemplo
1210 3863 1460 3932 proxime
1508 3863 1707 3918 futurae
1751 3862 2051 3923 Dominica:

465 3952 848 4024 Carnisprivii.
865 3952 1033 4024 Cyclo
1060 3954 1207 4009 lunae
1224 3970 1276 4007 v1
1302 3953 1526 4009 ineunte
1545 3952 1806 4010 Kalendis
1839 3951 2047 4008 Janua-

469 4046 570 4102 riis
598 4054 804 4116 epacta:
844 4054 976 4102 sunt
1010 4062 1083 4101 vl.
1125 4046 1269 4118 Ergo
1310 4062 1407 4103 sex
1445 4047 1641 4102 diebus
1679 4053 1807 4102 ante
1845 4045 2047 4102 Kalen-

465 4136 567 4192 das
594 4135 891 4194 Januarias
936 4139 1148 4194 lunaris
1207 4139 1429 4211 syzygia
1480 4138 1778 4192 commissa
1826 4145 1932 4193 est.
1963 4137 2049 4195 Al)

465 4226 571 4280 hac
610 4226 719 4282 sit.
749 4227 869 4282 dies
918 4228 1291 4298 explicemus,
1343 4243 1465 4299 quae
1495 4225 1746 4283 conﬂata:
1798 4234 1928 4282 sunt
1977 4244 2048 4283 ex

464 4313 792 4372 Ianuarium
824 4319 1282 4375 antecedentibus
1312 4336 1390 4383 vt,
1420 4327 1477 4374 et
1520 4335 1651 4373 xxxi
1684 4317 1958 4385 Januarii,
1992 4330 2050 4376 et

466 4407 754 4465 Februarii
784 4427 886 4465 xm
939 4412 1089 4483 (nam
1128 4428 1322 4469 omnes
1352 4413 1473 4468 ista?
1513 4413 1568 4467 in
1594 4427 1761 4467 unum
1800 4414 2048 4469 collecta:

465 4501 866 4573 quinquaginta
914 4503 1166 4574 faciunt),
1197 4504 1649 4581 quinquagesima
1694 4505 1812 4561 dies
1841 4505 1900 4560 in
1943 4519 2045 4559 xm
2077 4530 2123 4585 Β

463 4591 753 4649 Februarii
786 4595 1034 4662 desinet;
1064 4611 1228 4667 quam
1265 4596 1321 4653 in
1345 4596 1688 4651 Dominicam
1717 4595 1916 4652 cadere
1943 4597 2043 4653 de-

464 4687 894 4756 prehendemus,
926 4690 1181 4745 videlicet
1212 4692 1267 4747 in
1299 4706 1444 4754 eam,
1473 4706 1594 4760 qua:
1616 4689 1836 4762 Prodigi
1868 4691 2046 4749 nomi-

464 4786 652 4831 natur.
685 4777 765 4830 Ad
810 4775 1099 4832 Februarii
1128 4793 1227 4833 xm
1252 4780 1403 4847 dies,
1443 4795 1567 4850 quae
1601 4781 1658 4835 in
1698 4779 2044 4836 Dominicam

462 4867 743 4928 desinunt.
763 4873 842 4921 uti
870 4866 1078 4921 dictum
1097 4878 1181 4924 est
1202 4907 1217 4931 ,
1250 4869 1480 4939 adjectis
1503 4879 1712 4942 septem
1744 4872 2045 4927 hebdoma-

461 4959 548 5014 dis
570 4957 883 5030 Tyrophagi
924 4958 1153 5024 diebus,
1185 4962 1386 5016 conliet
1416 4961 1680 5017 vicesima
1731 4961 2040 5027 Februarii,

460 5064 583 5119 quae
597 5050 701 5104 erit
731 5048 1015 5103 Dominica
1032 5049 1397 5122 CarniSprivii
1419 5069 1433 5120 ;
1459 5067 1524 5109 ac
1540 5053 1799 5124 deinceps
1828 5051 2043 5114 Pascha,

461 5157 885 5212 consequemur.

874 5407 1156 5464 Memmius
1178 5410 1291 5463 alia
1325 5408 1624 5466 Paschalis.
1662 5458 1669 5463 .

529 5520 673 5579 XIV.
695 5523 832 5578 Cum
861 5542 892 5579 ει
916 5526 1127 5597 synodo
1162 5526 1363 5591 lunari,
1398 5541 1523 5596 qua:
1546 5526 1795 5596 proxime
1833 5524 2042 5581 Janua-

458 5614 600 5669 rium
626 5618 929 5685 praecessit,
960 5619 1027 5674 ad
1050 5618 1297 5685 ejusdem
1334 5619 1461 5673 anni
1484 5617 1772 5673 Judaicum
1804 5617 2037 5684 Pascha,

459 5705 575 5762 sive
597 5706 979 5777 plenilunium,
1013 5716 1127 5765 tres
1150 5725 1274 5764 cum
1324 5709 1551 5765 dimidio
1576 5711 1796 5766 lunares
1818 5726 2039 5766 menses

461 5797 823 5871 intercedant,
853 5801 947 5874 qui
985 5784 1133 5860 sunt
1162 5801 1276 5860 dies
1334 5817 1423 5860 CIV
1474 5802 1734 5859 circiter:
1765 5817 1929 5875 porro
1978 5804 2033 5860 in

2154 1916 2261 1970 ὑπὸ
2296 1916 2408 1970 τῶν
2436 1917 2545 1986 πρὸ
2605 1916 2761 1988 ἡμῶν
2791 1917 3077 1970 ἐκτεθεῖσα
3096 1934 3110 1947 ·
3148 1917 3217 1987 ἡν
3247 1917 3293 1970 δ’
3322 1919 3482 1989 ἡμεῖς
3508 1917 3742 1989 εὕρομεν

2155 2008 2294 2081 μετά
2327 2007 2423 2061 καὶ
2460 2007 2685 2079 λογικῆς
2725 2008 3073 2076 ἀποδείξεως,
3121 2010 3218 2063 xui.
3254 2010 3460 2081 ταύτην
3499 2009 3744 2064 ἐνταυθοῖ

2152 2099 2407 2155 ἐκθέσθαι
2456 2099 2941 2172 ἐπηγγειλάμεθα,
2989 2099 3075 2171 εῐη
3124 2099 3189 2154 ἂν
3228 2100 3389 2173 αὕτη.
3452 2102 3604 2154 Ἐπεὶ
3636 2101 3744 2156 ἀπὸ

2150 2192 2253 2262 τῆς
2274 2193 2381 2265 πρὸ
2408 2191 2504 2246 τοῦ
2570 2192 2903 2263 Ἰανουαρίου
2936 2192 3232 2264 γινομένης
3275 2193 3561 2264 συνοδικῆς
3583 2192 3742 2256 συζυση

2151 2282 2276 2350 γίας
2306 2282 2415 2335 τῶν
2443 2280 2637 2351 φώτων
2672 2280 2798 2352 ἄχρι
2838 2279 2932 2333 τοῦ
2968 2282 3091 2334 κατ’
3119 2281 3250 2334 αὐτὸ
3277 2281 3338 2334 τὸ
3368 2280 3487 2345 ἔτος
3522 2280 3742 2334 Ἰουδαῖ-

2153 2374 2249 2427 κοῦ
2276 2374 2486 2445 Πάσχα,
2518 2375 2576 2427 ἐν
2630 2354 2674 2441 ᾧ
2716 2372 3122 2444 πανσεληνιακὴ
3155 2372 3389 2442 συζυγία
3417 2372 3558 2437 ἐστὶ,
3588 2372 3640 2441 γ’
3674 2368 3744 2424 Σθ⁰

2155 2463 2463 2535 σεληνιακοὶ
2509 2464 2675 2535 μῆνές
2723 2464 2852 2526 είσι,
2895 2464 2992 2516 καὶ
3044 2463 3390 2535 περιέχουσιν
3412 2464 3627 2536 ἡμέρας
3662 2462 3744 2534 ργ⁸

2154 2555 2416 2625 ἔγγιστα·
2461 2557 2805 2627 εὑρίσκονται
2846 2555 2891 2608 δ’
2930 2557 2988 2608 ἐν
3028 2555 3107 2626 τῷ
3149 2556 3381 2627 κανονίῳ
3412 2556 3506 2610 τοῦ
3536 2558 3744 2627 Πασχα·

2150 2648 2264 2703 λίου
2312 2648 2380 2703 τά
2421 2648 2899 2720 διαλαμϐανόμενα
2961 2648 3228 2703 Ἰουδαϊκὰ
3275 2650 3561 2719 Πασχάλια
3590 2648 3745 2703 δυσὶν

2150 2742 2389 2811 ἡμέραις
2446 2739 2808 2803 πλεονάζοντα
2837 2739 2931 2793 τοῦ
2975 2739 3238 2813 ἀκριϐοῦς
3265 2740 3627 2811 πανσελήνου,
3667 2739 3745 2805 ὡς

2151 2831 2432 2902 προϊόντες
2455 2831 2522 2887 δι’
2549 2830 2878 2897 ἀποδείξεως
2894 2830 2985 2884 τὸν
3020 2831 3149 2903 περ)⁵
3181 2830 3372 2884 τούτου
3402 2830 3744 2902 ποιησόμεθα

2150 2920 2309 2987 λόγον
2331 2937 2345 2950 ·
2381 2919 2585 2984 ταύτας
2611 2920 2713 2983 τὰς
2741 2919 2835 2972 δύο
2860 2919 3072 2991 ἡμέρας
3105 2920 3434 2992 προσθέντες
3453 2922 3571 2984 ταῖς
3595 2922 3746 2992 εἰρη-

2153 3013 2340 3084 μέναις
2392 3012 2494 3085 ργ’,
2544 3012 2654 3065 τῶν
2713 3013 3021 3084 γενομένων
3058 3012 3136 3085 pe’
3172 3012 3465 3082 ἀφελόντες
3512 3014 3613 3077 τὰς
3642 3014 3746 3083 τῆς

2149 3104 2594 3175 τεσσαρακοστῆς
2655 3104 2871 3175 ἡμέρας
2923 3102 3036 3173 μη’,
3104 3104 3242 3174 πρὸς
3269 3102 3327 3155 δὲ
3371 3103 3466 3157 καὶ
3505 3103 3605 3168 τὰς
3642 3105 3745 3176 τῆς

2072 3186 2115 3247 C
2149 3195 2468 3268 Τυροφάγου
2488 3193 2553 3260 ζ’,
2582 3194 2676 3249 ἐὰν
2708 3194 2807 3258 τὰς
2838 3193 3030 3257 λοιπὰς
3058 3193 3104 3247 ν’
3148 3194 3609 3266 προσεκὸάλωμεν
3634 3195 3745 3248 ἀπὸ

2148 3288 2247 3357 τῆς
2300 3286 2405 3357 πρὸ
2451 3285 2544 3340 τοῦ
2584 3286 2916 3358 Ἰανουαρίου
2966 3285 3210 3348 συνόδου,
3252 3287 3514 3358 φανερόν·
3555 3286 3630 3351 ὡς
3662 3289 3743 3352 εἰς

2147 3378 2245 3449 τὴν
2280 3377 2550 3449 ἑϐδομάδα
2588 3377 2688 3449 τῆς
2718 3378 2975 3450 ἀπόκρεω
3032 3379 3450 3449 καταντήσομεν
3498 3377 3606 3432 άπὸ
3640 3377 3745 3447 τῆς

2149 3471 2433 3543 Κυριακῆς
2462 3488 2480 3522 ς
2512 3468 2605 3523 τοῦ
2640 3469 2874 3523 Ἀσώτου
2902 3489 2920 3522 ›
2954 3470 3081 3542 ἄχρι
3104 3471 3198 3524 καὶ
3221 3470 3315 3523 τοῦ
3344 3469 3451 3541 πρὸ
3483 3471 3580 3542 τῆς
3603 3470 3742 3523 ἀπό-

2148 3581 2297 3636 κρεω
2330 3562 2634 3617 Σαϐϐάτου.
2664 3556 2763 3625 AT;
2796 3562 3129 3636 προσθέντες
3165 3564 3264 3624 τὰς
3305 3561 3503 3634 ἐφεξῆς
3529 3561 3743 3633 ἡμέρας

2149 3653 2278 3726 ἄχρι
2310 3654 2409 3724 τῆς
2434 3652 2742 3724 Κυριακῆς,
2774 3651 2872 3723 τὴν
2901 3652 3155 3723 ἀπόκρεω
3177 3650 3390 3721 ἔρξομεν⁸
3423 3652 3519 3707 καὶ
3543 3652 3742 3723 ἐφεξῆς

2149 3746 2211 3799 τὸ
2244 3745 2435 3816 Πάσχα
2466 3744 2624 3815 δῆλον
2652 3744 2825 3798 ἔσται.
2854 3745 3036 3798 Ἔστω
3062 3744 3118 3798 δὲ
3149 3746 3244 3799 καὶ
3279 3745 3373 3798 ἐπὶ
3400 3743 3740 3815 ὑποδείγμα-

2148 3854 2240 3900 τος
2270 3837 2370 3909 τῆς
2412 3837 2712 3909 ἐρχομένης
2765 3836 3042 3908 ἀπόκρεω·
3081 3837 3233 3891 Ἐπεὶ
3272 3836 3416 3891 κατὰ
3441 3837 3539 3908 τὴν
3566 3837 3741 3908 ἀρχὴν

2147 3927 2242 3980 τοῦ
2273 3926 2569 3999 ἐρχομένου
2616 3928 2968 4000 Ἰανουαρίου,
3031 3928 3234 3983 κύκλου
3288 3928 3521 4001 σελήνης
3550 3928 3736 4001 τρίτου

2149 4020 2473 4090 ἀρχομένου,
2539 4018 2777 4079 ἐπακταί
2831 4021 2969 4075 εἰσιν
3028 4019 3108 4088 ἓξ,
3139 4021 3397 4093 φανερὸν,
3439 4021 3515 4085 ὡς
3549 4022 3655 4093 πρὸ
3685 4026 3739 4086 ς’

2150 4109 2374 4181 ἡμερῶν
2418 4110 2522 4181 τῆς
2583 4112 2760 4183 ἀρχῆς
2810 4110 2905 4165 τοῦ
2978 4112 3310 4185 Ἰανουαρίου
3369 4112 3522 4165 ἔσται
3563 4115 3597 4183 ἡ
3632 4110 3741 4185 πρὸ

2150 4201 2316 4256 αὑτοῦ
2351 4201 2587 4266 σύνοδος.
2628 4202 3136 4274 Προσεκϐάλλοντες
3162 4201 3256 4259 οὖν
3285 4204 3393 4258 ἀπὸ
3422 4204 3526 4275 τῆς
3551 4202 3737 4258 τοιαύ-

2147 4310 2250 4365 της
2276 4293 2491 4347 συνόδου
2512 4294 2612 4357 τὰς
2637 4293 2936 4366 εἰρημένας
2962 4302 3027 4361 ν’,
3063 4296 3267 4360 αἵτινες
3298 4295 3612 4367 περιέχουσι
3636 4294 3736 4358 τάς

2148 4400 2209 4437 τε
2263 4383 2371 4457 πρὸ
2421 4385 2515 4438 τοῦ
2563 4384 2894 4456 ἰανουαρίου
2930 4391 3005 4450 ς’,
3039 4385 3135 4439 καὶ
3179 4384 3279 4449 τὰς
3309 4385 3473 4438 αὑτοῦ
3501 4384 3595 4437 τοῦ
3629 4384 3734 4437 Ἰα-

2149 4476 2400 4548 νουαρίου
2454 4476 2558 4545 λα’,
2592 4477 2687 4537 καὶ
2734 4476 2828 4533 τοῦ
2892 4478 3260 4550 Φεϐρουαρίου
3302 4484 3370 4546 ιγ’
3399 4470 3581 4549 (αὗται
3626 4475 3735 4547 γὰρ

2149 4568 2597 4641 συμποσούμεναι
2648 4575 2692 4623 ν’
2729 4569 3150 4642 ἀπαρτίζουσι)·
3195 4570 3295 4643 τὴν
3322 4577 3364 4624 ν’
3396 4570 3611 4642 ἡμέραν
3634 4569 3733 4642 λὴ-

2149 4678 2355 4730 γουσαν
2409 4662 2607 4734 ἕξομεν
2650 4665 2718 4734 τῇ
2776 4661 2870 4716 τοῦ
2900 4661 3267 4734 Φεϐρουαρίου
3301 4668 3368 4732 ιγ’
3388 4679 3402 4692 ’
3444 4662 3542 4732 τὴν
3567 4661 3625 4715 δέ
3663 4668 3733 4729 ιγ’

2144 4753 2240 4807 τοῦ
2268 4754 2634 4829 Φεϐρουαρίου
2670 4757 2727 4810 ἐν
2759 4754 2945 4827 ἡμέρᾳ
2973 4754 3279 4827 εὑρήσομεν
3313 4754 3734 4824 συμπίπτουσαν

2145 4846 2422 4916 κυριακῇ,
2471 4845 2715 4915 δηλονότι
2756 4848 2824 4916 τῇ
2848 4844 2944 4898 τοῦ
2987 4844 3247 4899 Ἀσώτου.
3286 4845 3420 4908 Ταῖς
3456 4842 3523 4913 ιγ’
3553 4844 3610 4896 δέ
3634 4843 3731 4897 τοῦ

2143 4936 2506 5008 Φεϐρουαρίου
2554 4936 2809 5007 ἡμέραις,
2840 4936 3044 5000 αἵτινες
3096 4935 3497 5007 συμποσοῦνται
3523 4936 3580 4988 ἐν
3613 4936 3731 4989 Κυ-

2146 5030 2331 5099 ριακῇ,
2374 5028 2448 5092 ὼς
2498 5027 2736 5099 εἴρηται,
2775 5027 3102 5107 προσθέντες
3145 5028 3245 5092 τὰς
3270 5026 3369 5097 τῆς
3408 5025 3731 5095 Τυροφάγου

2143 5118 2434 5189 ἑϐδομάδος
2464 5118 2680 5190 ἡμέρας
2714 5118 2782 5185 ζ’,
2812 5118 3220 5191 τὰςγενομὲνας
3258 5125 3306 5171 κ’
3334 5117 3429 5171 τοῦ
3460 5116 3732 5189 Φεϐρουα-

2148 5210 2287 5281 ρίου,
2313 5208 2509 5281 ἕξομεν
2535 5210 2633 5281 τὴν
2649 5212 2935 5282 Κυριακὴν
2963 5210 3063 5265 τὴν
3090 5211 3368 5282 άπόκρεω·
3401 5211 3499 5264 καὶ
3532 5211 3730 5284 ἐφεξῆς

2141 5301 2203 5354 τὸ
2234 5301 2424 5372 Πάσχα
2450 5301 2776 5373 εἰλημμένον
2810 5302 2988 5363 έσταια

2401 5414 2604 5483 Ἑτέρα
2635 5415 2889 5485 μέθοδος
2926 5418 3060 5487 περὶ
3100 5417 3206 5472 τοῦ
3242 5417 3484 5488 Πάσχα.

2214 5529 2311 5580 IA'.
2365 5528 2517 5580 Ἐπεὶ
2544 5528 2650 5581 ἀπὸ
2680 5528 2782 5597 τῆς
2804 5529 2911 5601 πρὸ
2937 5528 3031 5583 τοῦ
3067 5529 3400 5601 Ἰανουαρίου
3433 5527 3727 5599 γενομένης

2143 5620 2429 5690 συνοδικῆς
2473 5620 2735 5689 συζυγίας
2775 5622 2884 5675 τῶν
2934 5621 3127 5691 φώτων
3170 5621 3299 5693 ἄχρι
3341 5623 3435 5677 καὶ
3469 5620 3563 5674 τοῦ
3603 5621 3725 5674 κατ’

2140 5712 2277 5765 αὐτὸ
2304 5713 2374 5765 τὸ.
2400 5712 2517 5777 ἔτος
2551 5712 2842 5767 Ἰουδαῖκοῦ
2871 5713 3086 5784 Πάσχα,
3119 5715 3178 5766 ἐν
3204 5707 3251 5782 ᾧ
3273 5713 3605 5784 πανσέληνος
3633 5728 3727 5764 συ-

2142 5803 2303 5878 ζυγία
2342 5805 2480 5873 ἐστὶ,
2519 5811 2567 5877 γ’
2605 5805 2670 5861 S"
2706 5805 3014 5879 σεληνιακοὶ
3054 5805 3223 5880 μῆνές
3263 5806 3389 5871 εἱσι,
3432 5806 3525 5863 καὶ
3564 5820 3723 5874 περι-
