4070 6406
340 371 482 431 i305

1255 369 1478 428 [SAACI
1515 369 1831 429 MONACHI
1865 370 2240 428 COMPUTUS
2274 372 2713 457 ECCLESIAST.

3458 379 3483 433 Ι
3495 380 3597 436 506

340 502 556 559 εχουσιν
599 487 812 559 ἡμέρας
856 485 932 559 ρδ’
968 486 1216 556 ἔγγιστα·
1260 487 1603 558 εὑρίσκονται
1638 487 1698 541 δὲ
1738 491 1798 542 ὲν
1840 487 1921 558 τῷ

2023 489 2288 545 laterculo
2318 489 2605 547 Paschalis
2633 491 2860 548 Judaica
2886 491 3173 550 Paschalia
3224 494 3393 550 biduo
3436 510 3599 549 excc-
3678 516 3679 519 η

341 579 572 651 κανονίῳ
616 579 712 633 τοῦ
759 579 950 650 Πάσχα
1000 579 1072 634 τὰ
1118 579 1594 651 διαλαμϐανόμενα
1653 580 1921 635 Ἰουδαϊκὰ

341 667 622 738 Πασχάλια
651 667 804 722 δυσὶν
844 669 1080 741 ἡμέραις
1124 668 1488 733 πλεονάζοντα
1524 670 1623 741 τῆς
1659 670 1921 742 ἀκριϐοῦς

341 759 702 830 πανσελήνου,
741 759 818 822 ὡς
863 759 1147 830 προϊόντες
1191 761 1259 815 δι’
1294 760 1619 826 ἀποδείξεως
1655 762 1747 816 τὸν
1789 763 1922 835 περὶ

339 847 530 902 τούτου
561 849 901 920 ποιησόμεθα
929 849 1105 917 λόγον·
1142 848 1239 904 ὲὰν
1267 848 1367 912 τὰς
1394 849 1693 921 γενομένας
1716 849 1921 913 ταύτας

341 940 553 1010 ἡμέρας
590 940 682 993 ἐπὶ
721 940 818 1002 μὲν
851 939 961 993 τῶν
990 939 1164 995 ἄλλων
1196 941 1295 1012 τῆς
1328 941 1557 1013 σελήνης
1583 941 1799 996 κύκλων
1830 948 1919 1013 pg’

340 1029 573 1101 ἡμέρας,
601 1029 634 1099 ἢ
668 1029 764 1083 καὶ
797 1028 895 1101 ρξ’,
920 1030 1013 1084 ἐπὶ
1032 1030 1089 1083 δὲ
1114 1030 1208 1084 τοῦ
1235 1029 1320 1094 ιζ’,
1355 1033 1451 1087 καὶ
1484 1032 1573 1104 ιη’,
1604 1033 1699 1086 καὶ
1733 1032 1797 1086 ιϐ’
1826 1032 1923 1086 κύ-

342 1117 469 1169 κλου
515 1124 589 1188 ρε’
615 1118 775 1188 μόνον
802 1118 1011 1189 ἡμέρας
1040 1120 1502 1191 προσεκόάλωμεν
1537 1121 1646 1174 ἀπὸ
1679 1122 1778 1192 τῆς
1815 1122 1922 1193 πρὸ

339 1206 433 1260 τοῦ
480 1209 807 1279 Ἰανουαρίου
840 1210 1140 1281 γενομένης
1187 1211 1471 1284 συνοδικῆς
1520 1213 1797 1281 συζυγίας,
1839 1214 1920 1267 δι-

340 1296 520 1360 δόντες
551 1299 763 1368 ἑκάστῳ
799 1300 929 1370 μηνὶ
960 1300 1059 1364 τὰς
1088 1301 1295 1365 οἰκείας
1331 1303 1562 1374 ἡμέρας·
1600 1302 1795 1374 ἕξομεν
1822 1304 1921 1374 τὴν

338 1387 655 1443 τελευταίαν
687 1390 901 1461 ἡμέραν
928 1392 1342 1462 καταλήγουσαν
1365 1395 1448 1457 εἰς
1469 1395 1566 1464 τὴν
1589 1395 1921 1466 πανσέληνον

343 1479 601 1548 συζυγίαν
634 1481 735 1535 τοῦ.
771 1482 1057 1537 Ἰουδαῖκοῦ
1088 1484 1300 1555 Πάσχα·
1330 1485 1409 1555 ἢνυ
1427 1487 1520 1539 καὶ
1544 1486 1633 1540 διὰ
1661 1486 1754 1539 τοῦ
1786 1488 1923 1558 ἡμε-

345 1572 653 1642 ροευρεσίου
692 1573 943 1643 εὑρόντες
967 1575 1127 1628 ὁποία
1156 1575 1241 1638 τίς
1276 1577 1392 1629 ἐστι
1422 1575 1530 1630 τῶν
1558 1578 1658 1648 τῆς
1684 1578 1920 1650 ἑϐδομά-

339 1663 430 1727 δος
451 1664 694 1736 ἡμερῶν,
734 1664 832 1728 τὰς
862 1664 1054 1728 λοιπὰς
1088 1667 1415 1738 προσθέντες
1445 1669 1573 1740 ἄχρι
1599 1669 1699 1741 τῆς
1716 1672 1921 1744 Κυρια-

340 1756 466 1827 κῆς,
506 1756 697 1828 ἕξομεν
729 1759 824 1812 καὶ
863 1758 925 1811 τὸ
962 1758 1227 1830 ἡμέτερον
1272 1759 1424 1828 ἆγιον
1465 1761 1657 1831 Πάσχα
1688 1762 1746 1814 ὲν
1788 1764 1920 1835 ποίᾳ

341 1845 619 1900 ἐπαιτῶν
641 1846 733 1901 τοῦ
755 1848 1000 1921 Μαρτίου
1024 1849 1188 1919 μηνὸς
1206 1849 1349 1920 ἢτοῦ
1379 1850 1653 1921 Ἀπριλίου
1676 1853 1916 1924 ἡμερῶν.
1952 1846 1996 1902 Β

413 1938 533 2010 Χρὴ
560 1939 740 2009 μέντοι
772 1941 864 1993 καὶ
887 1940 1047 1994 τοῦτο
1080 1941 1297 2006 εἰδέναι,
1321 1941 1397 2006 ὡς
1416 1943 1510 1996 ἐπὶ
1533 1941 1628 1997 τοῦ
1655 1943 1698 1997 ε’
1728 1947 1823 1998 καὶ
1849 1946 1925 2011 ις’

342 2031 541 2085 κύκλου
553 2033 650 2104 τῆς
675 2032 901 2105 σελήνης
921 2034 1019 2105 οὐχ
1035 2035 1064 2087 ό
1087 2034 1418 2106 προρρηθεὶς
1437 2036 1672 2107 ἀριθμὸς
1694 2036 1803 2091 τῶν
1830 2044 1925 2110 ρς¹

342 2122 596 2194 ἡμερῶν,
631 2123 664 2194 ἢ
697 2123 791 2177 καὶ
826 2122 905 2196 ρξ’
934 2126 1227 2193 συνάγεται
1256 2124 1345 2178 διὰ
1382 2128 1482 2196 τῆς
1518 2126 1627 2180 τῶν
1667 2127 1923 2182 ὲπακτῶν

342 2212 739 2276 ὲπισυνθέσεως
781 2213 919 2284 μετὰ
956 2213 1063 2267 τῶν
1106 2212 1306 2267 λοιπῶν
1335 2214 1415 2277 είς
1444 2214 1512 2268 τὰ
1540 2214 1780 2285 ἑπόμενα
1815 2234 1922 2289 μη-

340 2303 467 2357 νῶν·
504 2304 617 2357 ἀλλ’
648 2305 739 2358 ἐπὶ
772 2304 870 2375 μὲν
895 2304 989 2359 τοῦ
1024 2311 1064 2357 ε’
1092 2303 1295 2358 κύκλου
1326 2303 1469 2377 ρλς’,
1499 2305 1593 2359 ἐπὶ
1626 2306 1685 2360 δὲ
1717 2307 1812 2361 τοῦ
1848 2299 1926 2374 ις’

343 2397 455 2468 ρλζ¹
480 2397 569 2452 διὰ
592 2397 682 2451 τὸν
713 2396 953 2468 βίσεξτον
975 2398 1207 2469 ἀριθμὸν
1231 2399 1541 2468 συνάγεται·
1568 2392 1645 2453 ὧν
1663 2399 1928 2471 ἀνθυφαι-

344 2490 607 2561 ρουμένου
650 2490 1140 2563 τριακονθημέρου,
1180 2493 1210 2545 ό
1240 2491 1427 2555 λοιπὸς
1455 2491 1689 2563 ἀριθμὸς
1716 2495 1796 2557 είς
1827 2493 1929 2565 τὴν

341 2580 509 2651 αὐτὴν
543 2580 815 2657 ποσότητα
842 2583 954 2645 τοῖς
986 2583 1044 2635 ὲν
1074 2585 1187 2646 τοῖς
1220 2581 1426 2646 λοιποῖς
1453 2581 1673 2647 κύκλοις
1702 2582 1804 2655 τῆς
1833 2601 1924 2638 σε-

340 2669 509 2742 λήνης
540 2672 876 2743 περαίνεται.
1392 2730 1397 2733 .

413 2761 530 2816 Ἵνα
555 2763 610 2817 δὲ
642 2764 736 2816 καὶ
771 2764 864 2816 ἐπὶ
900 2763 1298 2833 ὑποδείγματος
1342 2764 1553 2838 φανερὰ
1593 2767 1819 2837 γένηται
1854 2766 1927 2822 τὰ

342 2855 626 2927 εἰρημένα,
657 2855 778 2911 ἐπεὶ
819 2854 964 2910 κατὰ
999 2856 1097 2928 τὴν
1129 2856 1302 2929 ἀρχὴν
1341 2857 1436 2911 τοῦ
1473 2859 1530 2911 ὲν
1565 2858 1642 2930 τῷ
1668 2860 1925 2915 ἐνεστῶτι

341 2948 517 3018 χρόνῳ
558 2948 907 3020 Ἰανουαρίου,
951 2948 1136 3020 τρίτου
1182 2948 1381 3002 κύκλου
1428 2949 1657 3022 σελήνης
1691 2952 1928 3023 ἀρχομέ..

342 3055 455 3104 νου,
499 3038 734 3092 ὲπακταί
767 3041 904 3092 εἰσιν
937 3045 1008 3104 ς’·
1051 3039 1306 3110 φανερὸν,
1348 3039 1424 3103 ὡς
1461 3040 1568 3112 πρὸ
1607 3039 1668 3105 ἒξ
1705 3040 1926 3113 ἡμερῶν

340 3128 436 3182 τοῦ
479 3129 807 3201 Ἰανουαρίου
841 3130 1063 3199 γέγονεν
1093 3133 1127 3203 ή
1162 3131 1394 3200 συζυγία
1428 3131 1696 3203 συνοδική·
1737 3132 1830 3203 ἀφ’
1857 3128 1928 3205 ἧς

2023 580 2161 635 dunt
2203 590 2464 637 accurata
2514 584 2838 654 plenilunia,
2908 588 3365 656 quemadmodum
3408 597 3599 659 postea

2022 682 2175 727 certa
2229 673 2447 729 ratione
2498 676 3051 734 demonstrabimus:
3096 679 3143 732 si
3164 680 3424 735 collectos
3476 679 3598 734 illos

2023 763 2140 821 dies
2201 781 2433 821 numero
2458 782 2548 822 ενι
2595 768 2651 823 in
2707 772 2922 827 caeteris
2976 772 3260 828 lunaribus
3288 774 3478 845 cyclis,
3504 783 3598 829 aut

2021 869 2131 910 cvu
2190 870 2317 910 cum
2357 857 2630 914 bisextilis
2694 873 2874 915 annus
2935 860 3162 928 incidit;
3196 863 3249 916 in
3276 863 3446 934 cyclis
3469 879 3599 919 vero

2022 961 2157 1011 xm,
2186 963 2321 1002 xvm
2351 957 2407 1003 et
2436 964 2553 1015 ιιι,
2589 952 2971 1007 tantummodo
3001 967 3089 1017 ον,
3117 969 3145 1007 a
3168 955 3378 1025 synodo
3418 956 3597 1011 lunari

2023 1035 2349 1092 Januarium
2373 1041 2728 1096 antecedente
2757 1043 3148 1112 producamus,
3196 1054 3252 1100 et
3303 1046 3613 1116 unicuique.

2021 1127 2200 1183 mensi
2265 1139 2635 1199 competentes
2700 1135 3064 1190 attribuamus
3112 1136 3260 1200 dies,
3323 1146 3597 1206 postrema

2022 1219 2183 1274 nobis
2221 1219 2277 1274 in
2322 1221 2679 1291 plenilunium
2706 1225 2969 1290 incurret,
2993 1228 3137 1298 quod
3166 1238 3249 1283 est
3265 1226 3474 1283 Pascha
3500 1227 3599 1283 Ju-

2021 1308 2276 1377 daicum;
2306 1327 2470 1381 quam
2505 1313 2559 1368 in
2594 1315 2859 1371 laterculo
2890 1316 3350 1389 feriarum,quam
3382 1319 3437 1373 in
3466 1319 3600 1374 heb-

2021 1400 2273 1456 domadis
2309 1400 2470 1456 cadat
2528 1401 2707 1471 diem,
2752 1404 3183 1477 investigantes,
3227 1408 3454 1483 reliquis
3528 1407 3597 1462 ad

2022 1492 2362 1549 Dominicam
2414 1510 2591 1565 usque
2654 1495 2876 1562 additis,
2926 1496 3336 1553 sacrosanctum
3388 1497 3596 1553 Pascha

2020 1591 2293 1649 nostrum,
2321 1599 2433 1656 quo
2463 1584 2643 1640 Martii
2666 1586 2750 1641 vel
2773 1586 2974 1657 Aprilis
3001 1586 3088 1642 die
3105 1588 3405 1659 contingat,
3429 1588 3599 1643 extri-

2025 1676 2304 1732 cabimus.

2099 1955 2392 2016 Sciendum
2417 1969 2597 2017 tamen
2620 1968 2704 2018 est
2732 1962 2786 2016 in
2821 1979 2853 2018 ν
2875 1963 2959 2018 vel
2988 1979 3076 2019 xvr
3103 1963 3258 2034 cyclo
3297 1964 3461 2029 lunae,
3490 1977 3598 2017 nu-

2026 2064 2235 2105 merum
2265 2051 2416 2105 illum
2445 2066 2556 2115 ενι,
2589 2052 2703 2108 sive
2748 2068 2856 2108 cvu
2893 2053 3106 2109 dierum
3144 2055 3370 2110 minime
3415 2056 3598 2126 colligi

2024 2154 2091 2193 ex
2114 2147 2429 2209 epactarum
2460 2156 2524 2196 ac
2563 2143 2901 2213 reliquorum
2930 2144 3125 2199 ordine
3157 2144 3426 2202 mensium
3451 2144 3600 2198 addi-

2025 2231 2172 2285 tione
2203 2250 2218 2287 :
2247 2230 2343 2286 sed
2374 2233 2429 2287 in
2457 2250 2491 2288 ν
2516 2234 2692 2305 cyclo,
2715 2248 2909 2288 cxxxvr
2928 2252 2946 2302 ;
2968 2235 3025 2288 in
3054 2235 3209 2307 cyelo
3233 2251 3346 2298 xvr,
3378 2242 3600 2305 propter

2025 2321 2318 2387 bisextum,
2346 2336 2565 2377 cxxxvu
2588 2323 2707 2379 dies
2741 2323 2967 2379 conﬂari
2999 2343 3014 2380 :
3051 2325 3121 2380 de
3166 2325 3367 2396 quibus
3396 2324 3600 2382 subdu-

2027 2413 2136 2469 ctis
2164 2429 2295 2477 xxx,
2325 2415 2581 2471 residuus
2612 2432 2873 2472 numerus
2915 2417 2984 2472 ad
3019 2417 3289 2484 eamdem,
3326 2426 3489 2488 atque
3540 2419 3599 2472 in

2026 2504 2238 2560 caeteris
2259 2504 2402 2559 luna:
2428 2505 2623 2576 cyclis,
2659 2522 2928 2563 summam
2963 2507 3246 2579 redigitur.

2097 2762 2229 2831 Quae
2267 2773 2330 2819 ut
2375 2765 2629 2836 exemplo
2688 2764 2919 2820 etariora
2979 2765 3131 2831 ﬁant,
3187 2764 3445 2837 quoniam
3496 2763 3601 2819 hoc

2026 2871 2196 2921 anno,
2223 2857 2446 2912 ineunte
2466 2855 2733 2911 Januario
2761 2857 2970 2928 pariter
2999 2872 3063 2912 ac
3079 2857 3234 2928 cyclo
3255 2858 3397 2910 lunae
3415 2855 3599 2918 tertio,

2025 2957 2232 3018 epactaa
2269 2958 2398 3003 sunt
2425 2963 2501 3016 νι,
2537 2949 2763 3004 evidens
2812 2959 2897 3005 est
2918 2950 3164 3003 lunarem
3195 2947 3462 3020 synodum
3490 2944 3602 3000 Ka-

2026 3039 2219 3095 lendas
2247 3038 2539 3096 Januarias
2571 3057 2670 3096 sex
2696 3039 2893 3096 diebus
2951 3041 3340 3096 antecessisse.
3405 3037 3489 3092 Ab
3537 3052 3603 3092 ea

2029 3130 2241 3202 synodo
2264 3132 2595 3202 computatis
2625 3131 2820 3186 diebus
2852 3145 2965 3196 ενι,
3000 3138 3054 3186 et
3086 3131 3326 3184 indidem
3358 3128 3602 3199 explica-

340 3217 744 3289 ἀριθμήσαντες
769 3219 984 3291 ἡμέρας
1016 3226 1124 3290 ρς’,
1154 3220 1247 3274 καὶ
1276 3219 1770 3291 προσεκὸἀλλοντες
1794 3223 1925 3277 ταύ-

2026 3221 2117 3285 tis,
2144 3236 2267 3291 quae
2326 3222 2547 3292 quidem
2603 3220 2910 3276 conﬂantur
2941 3237 3008 3277 ex
3063 3220 3258 3275 diebus
3286 3235 3338 3272 v1
3360 3226 3485 3273 ante
3504 3216 3601 3272 Ja-

339 3331 441 3378 τας
465 3313 572 3367 ἀπὸ
596 3314 695 3384 τῆς
717 3314 972 3386 τοιαύτης
995 3315 1234 3382 συνόδου,
1257 3316 1458 3380 αἵτινες
1484 3317 1794 3388 περιέχουσι
1824 3319 1926 3384 τάς

340 3422 402 3459 τε
447 3404 552 3476 πρὸ
593 3405 686 3459 τοῦ
732 3405 1062 3477 Ἰανουαρίου
1096 3405 1171 3470 ς’,
1207 3406 1303 3459 καὶ
1338 3405 1435 3469 τὰς
1476 3404 1641 3459 αὐτοῦ
1675 3405 1770 3459 τοῦ
1817 3409 1924 3462 Ἰα-

340 3497 592 3570 νουαρίου
629 3497 741 3560 λα’,
783 3497 864 3550 ἔτι
901 3514 961 3550 τε
998 3497 1365 3569 Φεϐρουαρίου
1405 3497 1512 3570 κη’,
1550 3498 1642 3552 καὶ
1679 3500 1925 3571 Μαρτίου

340 3590 444 3654 λα’,
499 3589 593 3643 καὶ
655 3589 930 3659 Ἀπριλίου
979 3595 1033 3653 ι’,
1081 3588 1408 3660 εὑρίσκομεν
1456 3587 1556 3660 τὴν
1610 3588 1925 3643 τελευταίαν

340 3682 554 3755 ἡμέραν
587 3684 667 3747 είς
693 3683 793 3754 τὴν
825 3688 856 3736 ι’
896 3678 991 3734 τοῦ
1052 3680 1329 3751 ’Δπριλίου
1378 3680 1778 3751 ἐμπίπτουσαν,
1829 3680 1925 3733 καὶ⁹

341 3775 677 3847 πανσέληνον
708 3769 873 3828 οὖσαν
910 3772 1126 3845 ἡμέραν
1165 3770 1456 3826 Ἰουδαῖκοῦ
1491 3772 1704 3843 Πάσχα·
1739 3772 1805 3843 ἢν
1830 3772 1927 3825 καὶ

340 3867 430 3927 διὰ
451 3868 545 3921 τοῦ
570 3865 994 3939 ήμεροευρεσίου
1024 3864 1275 3938 εὑρόντες
1305 3862 1516 3935 ἡμέραν
1545 3860 1710 3917 οὖσαν
1741 3881 1926 3935 παρα-

2022 3314 2304 3376 nuarium,
2360 3319 2415 3366 et
2474 3327 2603 3366 xxx:
2660 3310 2933 3378 Januarii,
2969 3327 3034 3364 ac
3086 3309 3372 3365 Februarii
3402 3324 3599 3374 nvm,

2022 3404 2203 3459 Martii
2250 3420 2400 3469 xxxx,
2431 3415 2486 3458 et
2507 3403 2713 3474 Aprilis
2746 3419 2801 3471 x,
2841 3403 3089 3457 ultimam
3123 3403 3337 3458 dierum
3370 3401 3603 3457 istarum

2022 3497 2221 3551 cadere
2252 3495 2724 3566 deprehendamus
2778 3494 2836 3548 in
2865 3510 2898 3548 ιι
2929 3494 3157 3564 Aprilis,
3192 3509 3313 3563 quae
3341 3498 3396 3546 et
3426 3491 3602 3562 pleni-

2022 3586 2231 3640 lunium
2268 3588 2394 3652 erit,
2430 3600 2494 3640 ac
2514 3571 2803 3641 Judaicum
2831 3583 3063 3641 Pascha.
3094 3585 3270 3656 Hujus
3317 3599 3385 3640 ex
3432 3584 3604 3637 later:

2022 3675 2149 3730 culo
2181 3675 2402 3730 inventa
2454 3674 2613 3742 feria,
2675 3691 2798 3746 quae
2835 3684 2921 3731 est
2968 3675 3293 3741 Parasceve,
3337 3681 3604 3743 sequente

2021 3766 2305 3822 Dominica
2338 3774 2757 3823 sacrosanctum
2785 3767 2999 3823 Pascha
3026 3777 3277 3823 nostrum
3323 3764 3600 3822 obtinebi-

2020 3875 2166 3923 mus,
2203 3874 2399 3929 nempe
2425 3858 2632 3929 Aprilis
2655 3874 2756 3914 xu.

343 3955 575 4026 σκευὴν,
614 3952 807 4025 ἕξομεν
834 3953 931 4007 καὶ
974 3952 1037 4006 τὸ
1073 3951 1196 4006 καθ’
1223 3953 1371 4024 ⁴ἡμᾶς
1416 3951 1570 4021 ἅγιον
1608 3951 1803 4023 Πάσχα
1838 3953 1905 4023 τῇ
1944 3949 2143 4021 ἐφεξῆς
2167 3950 2421 4021 κυριακῇ
2449 3947 2792 4020 τελούμενον,
2826 3949 2995 4020 ἤγουν
3040 3951 3107 4023 τῇ
3144 3947 3209 4020 ιβ’
3255 3946 3351 4002 τοῦ
3409 3946 3602 4019 Ἀπρι-

342 4047 459 4109 λίου
493 4045 682 4119 μηνός.

435 4166 578 4237 Περὶ
607 4165 718 4235 τῆς
743 4166 1031 4235 νηστείας
1056 4163 1178 4219 τῶν
1204 4165 1391 4236 ἁγίων
1413 4167 1819 4225 Ἀποστόλων.

412 4279 515 4331 lE'.
554 4277 679 4330 Ἐπὶ
701 4275 910 4339 τούτοις
932 4275 1173 4347 καὶπερὶ
1195 4276 1294 4348 τῆς
1319 4277 1424 4348 πρὸ
1448 4277 1548 4348 τῆς
1574 4279 1794 4350 μνήμης
1813 4279 1921 4333 τῶν

343 4370 515 4439 ἁγίων
551 4367 887 4421 Ἀποστόλων
901 4366 1230 4437 τελουμένης
1255 4367 1505 4437 νηστείας
1524 4369 1742 4440 μέθοδον
1765 4371 1924 4443 ἐκθή-

2267 4160 2347 4216 De
2364 4161 2571 4232 jejunio
2597 4170 2903 4216 sanctorum
2939 4160 3332 4231 Apostolorum.

2098 4276 2214 4332 XV.
2240 4276 2368 4332 Post
2387 4277 2504 4332 haec
2520 4275 2715 4346 jejunii
2744 4291 2982 4346 quoque,
3015 4276 3162 4346 quod
3193 4283 3322 4330 ante
3382 4285 3605 4333 sancto-

2025 4384 2146 4423 rum
2176 4370 2549 4439 apostolorum
2580 4368 2899 4422 memoriam
2932 4368 3132 4438 agitur,
3166 4367 3481 4422 methodum
3508 4384 3607 4424 ex-

343 4475 508 4531 σομεν
539 4458 627 4512 διὰ
655 4456 1020 4529 λογικωτέρας
1063 4457 1410 4522 ἀποδείξεως,
1455 4458 1683 4530 ἔχουσαν
1725 4459 1919 4526 οὕτως.

2027 4476 2298 4531 ponemus
2352 4461 2552 4515 rationi
2602 4475 2667 4514 ac
2712 4459 3164 4515 demonstrationi
3209 4461 3414 4516 certius
3460 4461 3605 4515 inni-

353 4549 508 4603 ,Επεὶ
542 4549 636 4603 ἀπ’
665 4549 837 4619 αὐτῆς
884 4549 983 4619 τῆς
1029 4547 1191 4617 ἁγίας
1231 4550 1327 4603 καὶ
1357 4549 1613 4622 λαμπρᾶς
1634 4552 1924 4624 Κυριακῆς

2026 4568 2173 4608 xam.
2206 4554 2342 4608 Cum
2373 4553 2516 4609 enim
2553 4567 2583 4606 a
2610 4559 2801 4608 sancta
2830 4560 2884 4606 et
2924 4559 3154 4624 augusta
3172 4551 3452 4610 Paschalis
3498 4554 3607 4609 Ι)οη

339 4642 433 4696 τοῦ
467 4642 658 4712 Πάσχα
688 4641 849 4714 μέχρι
874 4642 967 4694 καὶ
989 4642 1159 4712 αὐτῆς
1183 4642 1284 4713 τῆς
1309 4641 1419 4697 τῶν
1454 4643 1626 4712 ἁγίων
1669 4644 1926 4698 Ἀποστό-

340 4733 446 4786 λων
465 4736 768 4804 Κυριακῆς,
790 4733 857 4805 ἦν
876 4733 970 4786 καὶ
993 4732 1251 4804 ἀπόκρεω
1271 4732 1531 4803 ποιοῦμεν
1552 4733 1640 4787 διὰ
1661 4733 1760 4805 τὴν
1782 4735 1929 4807 είρηα

343 4827 508 4897 μένην
532 4825 641 4879 τῶν
685 4825 854 4894 ἁγίων
889 4825 1227 4880 Ἀποστόλων
1263 4826 1536 4898 νηστείαν,
1569 4827 1691 4880 ὅσαι
1717 4827 1923 4898 ἡμέραι

338 4918 477 4970 εἰσιν
507 4918 634 4985 (είσὶ
666 4916 724 4969 δὲ
757 4916 886 4987 νζ’),
922 4916 1179 4971 τοσαῦταί
1216 4918 1321 4970 είσι
1346 4917 1439 4971 καὶ
1467 4918 1575 4971 άπὸ
1602 4918 1701 4989 τῆς
1731 4919 1924 4990 τρίτης

338 5008 431 5062 τοῦ
457 5010 636 5062 Μαΐου
666 5008 793 5079 ἄχρι
825 5009 923 5079 τῆς
958 5008 1047 5079 κη’
1086 5007 1180 5062 τοῦ
1223 5009 1462 5074 Ἰουνίου,
1493 5008 1615 5062 καθ’
1647 5009 1715 5081 ἣν
1747 5011 1782 5081 ἡ
1813 5027 1925 5064 τοι·

338 5098 476 5169 αύτη
510 5116 574 5151 συ
582 5099 925 5170 μπληροῢται
944 5100 1185 5170 νηστεία·
1211 5098 1306 5152 ἐὰν
1327 5100 1497 5162 αὐτὰς
1521 5101 1616 5154 ἀπ’
1634 5101 1802 5173 αὐτῆς
1822 5102 1922 5172 τῆς

336 5190 526 5260 τρίτης
550 5189 644 5242 τοῦ
660 5191 836 5243 Μαΐου
859 5191 985 5261 ἄχρι
1011 5191 1112 5261 τῆς
1130 5190 1417 5263 Κυριακῆς
1441 5190 1549 5244 τῶν
1563 5181 1757 5260 ’Ἁγίων
1785 5193 1922 5246 πάν-

338 5299 446 5334 των
472 5281 655 5345 κοινὰς
674 5280 733 5334 οὔ
743 5299 839 5345 σας
859 5269 1165 5353 ἀφέλωμεν,
1197 5282 1296 5346 τὰς
1325 5284 1796 5354 καταλειφθείσας,
1819 5285 1919 5350 τάς

336 5390 392 5425 τε
410 5372 649 5443 δηλονότι
665 5375 757 5427 ἀπ’
780 5373 948 5443 αὐτῆς
962 5374 1062 5442 τῆς
1074 5374 1331 5445 λαμπρᾶς
1344 5376 1627 5447 Κυριακῆς
1647 5377 1807 5448 μέχρι
1823 5378 1919 5431 καὶ

336 5462 438 5532 τῆς
467 5464 657 5533 τρίτης
683 5464 777 5517 τού
794 5467 989 5521 Μαΐου.
1016 5466 1110 5519 καὶ
1124 5466 1221 5528 τὰς
1243 5466 1339 5518 ἀπ’
1356 5467 1528 5537 ἀρχῆς
1547 5466 1646 5537 τῆς
1666 5468 1918 5541 τοιαύτης

339 5553 589 5624 νηστείας
612 5554 741 5628 ἄχρι
772 5556 868 5626 τῆς
897 5556 977 5609 κθ⁸
999 5554 1092 5609 τοῦ
1136 5556 1375 5623 Ἰουνίου,
1410 5557 1530 5620 ἴσας
1554 5556 1770 5628 ἕξομεν.

444 5693 523 5737 Ᾱιὸ
564 5698 730 5759 Iane“
793 5691 874 5740 λεδ
891 5706 955 5748 τῆς
979 5698 1011 5752 τ’
1038 5707 1104 5742 τοῦ
1126 5703 1246 5742 Μαΐου
1309 5695 1386 5743 iub
1462 5709 1538 5759 γῆς
1604 5709 1789 5754 inﬁmi;

391 5761 422 5799 Δ
442 5757 624 5808 κυριακῆξ
660 5763 724 5809 Eu;
747 5767 770 5801 Β
786 5762 848 5807 In;
912 5770 977 5808 τῆς
1063 5769 1240 5815 Κυριοιιῆς
1265 5770 1291 5804 Γ
1312 5772 1384 5805 τῶν
1452 5757 1565 5815 Ᾱγίων
1647 5769 1789 5806 πάντων
1811 5773 1836 5807 Δ

446 5821 566 5869 Isim
593 5823 643 5872 ιί
798 5831 867 5864 τῶν
911 5816 1027 5876 Agim
1072 5829 1231 5867 πάντων.
1312 5828 1375 5875 ius
1397 5832 1461 5878 τῆς
1481 5823 1537 5877 ιη’
1562 5831 1629 5869 τοῦ
1659 5819 1813 5869 Ῐουνίυυ-

2025 4645 2249 4713 minica,
2280 4646 2347 4699 ad
2373 4656 2685 4701 sanctorum
2705 4645 3096 4715 Apostolorum
3151 4645 3514 4711 Dominicam,
3548 4648 3605 4704 in

2025 4753 2145 4819 qua.
2184 4745 2408 4809 propter
2457 4738 2677 4793 illorum
2728 4737 3003 4808 jejunium
3060 4737 3227 4793 etiam
3271 4754 3301 4792 ιι
3343 4739 3604 4794 carnibus

2025 4829 2390 4895 abstinemus,
2422 4841 2555 4899 quot
2585 4836 2714 4883 sunt
2756 4830 2874 4885 dies
2903 4829 3055 4900 (sunt
3103 4838 3286 4884 autem
3313 4832 3467 4901 LVII),
3500 4838 3604 4885 tot—

2022 4924 2166 4979 idem
2216 4940 2339 4979 am
2378 4924 2505 4979 Maii
2548 4924 2617 4980 ad
2672 4940 2843 4980 xxvm
2876 4924 3025 4979 Junii
3061 4932 3343 4995 putantur,
3375 4941 3484 4997 quo
3515 4925 3611 4980 die

2017 5018 2291 5089 jejunium
2328 5018 2477 5074 istud
2503 5018 2790 5074 terminari
2824 5019 2965 5074 solet
2998 5034 3012 5070 :
3048 5019 3094 5074 si
3133 5034 3475 5074 communem
3501 5034 3606 5073 nu-

2021 5126 2229 5165 merum
2259 5111 2468 5166 dierum
2495 5125 2525 5163 a
2564 5126 2623 5165 ιιι
2644 5109 2790 5173 Maii,
2815 5109 2882 5164 ad
2911 5109 3248 5165 Dominicam
3274 5108 3604 5164 Sanctorum

2019 5201 2262 5256 omnium
2290 5202 2698 5265 abstulerimus,
2718 5212 3006 5273 utramque
3020 5202 3233 5258 dierum
3265 5202 3603 5272 reliquorum

2020 5308 2312 5358 summam,
2366 5303 2480 5348 tam
2527 5294 2621 5364 qui
2666 5294 2736 5348 ab
2787 5303 3016 5364 augusta
3067 5294 3158 5347 illa
3199 5292 3483 5347 Dominica
3534 5292 3605 5349 ad

2020 5398 2081 5437 ιιι
2114 5381 2236 5435 Maii
2261 5384 2556 5453 pertinent,
2616 5398 2780 5453 quam
2827 5383 2921 5452 qui
2952 5384 3022 5455 ab
3070 5383 3227 5439 initio
3267 5383 3600 5453 jejuniorum

2018 5475 2084 5529 ad
2128 5490 2254 5529 χχιιι
2297 5472 2675 5545 Junii,parem
2709 5484 2765 5532 et
2801 5476 3061 5547 aequalem
3096 5476 3438 5531 habebimus.

2158 5714 2187 5747 a
2208 5699 2463 5751 Dominica
2585 5716 2612 5751 a
2638 5703 2667 5751 3
2692 5701 2802 5751 Maii
2827 5702 2886 5752 ad
2908 5701 3011 5751 Do-
3141 5715 3167 5749 ε
3193 5700 3448 5751 Dominica

2076 5758 2116 5811 Δ
2138 5761 2340 5814 Pascha
2354 5765 2459 5815 ωδ
2505 5762 2547 5814 Β
2591 5765 2818 5812 minicam
2862 5777 2990 5813 ηοω·
3021 5762 3059 5815 C
3101 5762 3391 5812 Sanctorum
3408 5759 3574 5812 σιπςῦ

2138 5822 2253 5877 Maii
2573 5826 2709 5876 nium
2727 5826 3014 5878 Sanctorum
3093 5828 3230 5877 nium
3247 5825 3306 5876 ad
3322 5820 3517 5889 28-Jun.
