4112 6440
508 341 646 398 1507

580 455 666 512 Sit
714 457 860 512 enim
911 458 966 512 in
1016 457 1120 514 hoc
1160 457 1553 531 diagrammate
1587 471 1735 516 recta
1772 461 1862 516 AB
1917 463 2090 518 instar
2117 467 2164 522 Α

508 563 620 602 LVII
673 546 889 602 dierum
939 549 1182 613 illorum,
1235 567 1329 620 qlll
1365 565 1396 603 a
1425 549 1676 606 Paschali
1708 552 1990 608 Dominica
2021 555 2088 608 ad

514 640 858 695 Dominicam
917 648 1235 696 sanctorum
1291 643 1679 714 Apostolorum
1733 653 1788 701 et
1842 647 2087 702 omnium

511 731 843 787 Sanctorum
902 732 1173 802 interjecti
1221 743 1371 798 sunt,
1430 751 1530 806 pro
1561 752 1672 790 Lvu
1706 752 1837 792 vero
1876 738 2022 802 aliis,
2057 753 2088 792 a

510 838 571 878 ιιι
592 822 715 877 Maii
747 822 815 876 ad
846 838 1019 876 xxvm
1045 821 1217 888 Junii,
1250 825 1321 879 sit
1347 833 1498 879 recta
1524 824 1632 880 BD.
1667 825 1935 892 Quoniam
1958 843 2089 897 ergo

509 930 633 985 quae
658 914 948 969 intervallo
981 929 1015 968 a
1043 915 1167 969 Maii
1209 932 1291 983 ιιι,
1319 916 1387 970 ad
1405 917 1744 971 Dominicam
1772 927 2088 973 sanctorqu

508 1008 756 1063 omnium
792 1007 1107 1077 respondet,
1156 1006 1262 1074 BC,
1300 1009 1610 1063 communis
1639 1016 1724 1064 est
1758 1025 1771 1061 :
1808 1011 1854 1064 si
1886 1010 1956 1064 ab
1990 1025 2089 1064 ex-

507 1099 699 1154 tremis
725 1098 1031 1162 auferatur,
1067 1114 1411 1169 consequens
1455 1107 1541 1154 est
1578 1111 1786 1155 rectam
1835 1101 1946 1165 AB,
1982 1101 2088 1156 hoc

505 1197 591 1245 est
610 1190 955 1245 intervallum
979 1205 1008 1242 a
1028 1188 1310 1244 Dominica
1337 1190 1560 1246 Pascha:
1576 1192 1740 1264 204
1757 1191 1824 1245 ad
1853 1209 1912 1248 ιιι
1932 1192 2082 1258 Maii,

507 1281 768 1351 aequalem
792 1296 914 1338 esse
944 1289 1108 1335 rectae
1141 1280 1255 1344 CD,
1286 1283 1403 1337 sive
1435 1282 1722 1338 intervallo
1743 1299 1773 1336 a
1802 1283 2086 1340 Dominica

509 1371 841 1427 Sanctorum
863 1373 1108 1430 omnium
1143 1372 1209 1427 ad
1240 1389 1411 1428 xxvru
1438 1371 1636 1438 Junii,.
1660 1375 1714 1429 in
1753 1390 1860 1446 qua
1890 1376 2086 1446 jejunii

505 1465 777 1520 terminus
804 1471 887 1519 est
921 1480 934 1515 :
969 1465 1190 1520 inventa
1221 1466 1308 1520 die
1335 1467 1562 1532 mensis,
1595 1468 1650 1522 in
1679 1482 1843 1537 quam
1877 1469 2085 1526 incidet

507 1555 740 1622 Pascha,
771 1557 818 1612 si
845 1556 964 1611 dies
989 1564 1372 1626 computemus
1398 1559 1466 1614 ab
1487 1560 1676 1613 eadem
1705 1558 1988 1617 Dominica
2015 1562 2085 1617 ad

509 1663 570 1700 ιιι
596 1646 744 1710 Maii,
779 1646 1008 1702 totidem
1061 1646 1386 1705 habebimus
1436 1657 1755 1706 sanctorum
1787 1650 2084 1722 Apostolo-

509 1753 629 1793 rum
653 1737 867 1808 jejunio
896 1738 1214 1810 pralinitas.

509 1935 588 1990 De
609 1937 934 1992 correctione
960 1936 1265 2008 Paschalis,
1296 1942 1435 1996 alia:
1491 1943 1557 1998 de
1585 1944 1833 2000 Iaterculi
1853 1947 2080 2018 defectu.

578 2093 599 2123 ⁸
621 2091 757 2148 XVI.
780 2093 846 2147 Et
871 2094 986 2150 ham
1003 2097 1220 2166 quidem
1247 2100 1399 2154 satis.
1423 2100 1506 2156 Ab
1535 2101 1619 2158 his
1635 2112 1815 2159 autem
1839 2108 2084 2176 proxime

510 2189 884 2242 necessarium
912 2200 1016 2252 est,
1049 2191 1339 2246 ostendere
1359 2207 1611 2260 causam,
1653 2210 1754 2249 cur
1785 2211 1960 2250 canon
1994 2199 2085 2254 ille

510 2276 798 2334 Paschalis
828 2295 937 2335 non
965 2289 1083 2336 tuto
1104 2281 1285 2337 editus
1311 2292 1427 2338 est:
1458 2293 1513 2338 et
1539 2293 1722 2341 utrum
1770 2289 1842 2341 ita
1873 2304 1904 2342 a
1935 2289 2085 2359 prin-

507 2371 652 2441 cipio
679 2373 860 2427 editus
885 2373 1070 2438 fuerit,
1109 2392 1316 2443 necne;
1362 2378 1488 2432 item
1510 2381 1727 2435 cumita
1754 2383 1845 2446 sit,
1863 2385 2083 2452 quando

507 2463 787 2534 contingat
807 2463 1016 2521 Pascha
1056 2481 1086 2519 a
1121 2467 1278 2522 nobis
1311 2467 1412 2522 rite
1453 2469 1739 2536 celebrari,
1779 2483 1833 2527 et
1863 2476 2082 2544 quando

506 2553 577 2607 ab
603 2563 792 2608 exacta
817 2555 1001 2624 regula
1031 2554 1231 2610 deficit.
1253 2556 1478 2622 Horum,
1502 2575 1623 2629 qua
1644 2562 1901 2626 diximus,
1935 2568 2081 2621 nulla

507 2645 612 2700 alia
643 2661 804 2702 causa
842 2655 948 2712 est,
978 2657 1176 2719 praeter
1198 2665 1360 2720 quam
1391 2653 1538 2721 quod
1565 2653 1707 2707 lunae
1737 2655 1803 2709 ad
1828 2658 2080 2712 eumdem

506 2739 687 2794 locum
724 2755 820 2808 per
861 2741 1050 2796 decem
1083 2750 1136 2796 et
1172 2757 1366 2797 novem
1417 2759 1589 2800 annos
1611 2744 1886 2804 Romanos
1939 2750 2082 2805 redi-

508 2839 599 2886 tus
627 2848 736 2886 non
768 2841 958 2888 exacte
1005 2849 1035 2887 a
1067 2834 1224 2889 nobis
1255 2843 1569 2904 assumptus
1596 2845 1700 2903 est,
1727 2839 2084 2908 quemadmo-

509 2924 641 2979 dum
674 2926 728 2979 in
753 2940 1015 2995 processu
1058 2942 1153 2997 per
1185 2928 1348 2981 aliam
1405 2936 1708 3000 temporum
1765 2936 2080 2989 conversio-

503 3030 631 3070 nem
665 3017 1039 3083 ostendemus,
1099 3033 1221 3091 qua:
1261 3033 1358 3088 per
1410 3034 1586 3076 annos
1619 3023 1812 3093 viginti
1837 3027 2079 3095 quinque

505 3104 858 3176 Egyptiacos
921 3107 1000 3170 fit,
1064 3115 1120 3163 et
1175 3125 1281 3178 qua
1323 3110 1589 3167 mirabilis
1638 3111 1961 3170 Ptolemmus
2022 3117 2148 3208 inc

505 3213 671 3268 opere
700 3201 1131 3255 constructionis
1157 3217 1293 3256 usus
1324 3212 1428 3269 est,
1461 3202 1604 3257 facta
1633 3205 1917 3276 utriusque
1941 3222 2077 3262 con-

505 3293 776 3348 versionis
807 3293 950 3348 inter
979 3308 1040 3348 se
1084 3296 1515 3364 comparatione.
1558 3295 1952 3366 Comparamus
1982 3315 2081 3355 au-

507 3391 618 3438 tem
641 3390 739 3439 sic.
766 3382 1322 3439 Decemnovennalem
1347 3386 1486 3441 lunae
1511 3391 1921 3446 conversionem
1945 3407 2082 3462 qua-

505 3475 828 3543 druplamus
854 3473 1020 3545 (quod
1071 3490 1169 3544 per
1199 3475 1618 3545 quadriennium
1660 3492 1835 3535 annus
1873 3478 2076 3535 Roma-

508 3582 614 3622 nus
636 3583 702 3622 ex
722 3566 1088 3636 quadrantum
1118 3569 1440 3624 diurnorum
1475 3571 1794 3626 accessione
1819 3575 2080 3628 restitua-

506 3655 639 3724 tur).
681 3654 758 3710 lta
787 3655 919 3711 [lunt
941 3657 1070 3711 anni
1099 3656 1327 3712 Romani
1356 3674 1539 3713 um.
1571 3659 1883 3730 Triplamus
1912 3663 2077 3718 etiam

506 3749 698 3804 eodem
737 3748 899 3802 modo
929 3748 1122 3820 viginti
1149 3749 1390 3819 quinque
1425 3765 1693 3805 annorum
1723 3751 2077 3823 Egyptiaco-

506 3855 630 3895 rum
671 3840 924 3908 lustrum,
957 3849 1010 3894 et
1043 3841 1172 3895 facit
1206 3856 1380 3896 annos
1409 3857 1568 3896 Lxxv.
1605 3841 1714 3896 Hos
1740 3859 1882 3897 uxv
1906 3843 2077 3916 Αῐεγ-

508 3931 720 4002 ptiacos
774 3946 948 3987 annos
1002 3940 1195 3987 exacta
1257 3933 1398 3987 lunae
1458 3935 1736 3989 restitutio
1802 3938 2080 3991 antevenit

505 4023 780 4093 scrupulis
819 4023 1032 4079 diurnis
1097 4025 1464 4094 sexagenariis
1521 4026 1588 4089 8',
1623 4026 1742 4080 2i".
1778 4025 1914 4094 Quia
1949 4043 2076 4085 vero

509 4131 674 4170 1.:va
705 4116 834 4170 anni
883 4114 1114 4170 Romani
1146 4133 1286 4171 ωιτν
1315 4132 1489 4173 annos
1537 4117 1888 4190 Egyptiacos
1916 4135 2079 4191 supe-

505 4218 632 4266 rant
669 4211 864 4266 diebus
897 4226 1218 4275 cccuxxtv,
1250 4211 1360 4266 illis
1389 4212 1435 4268 si
1467 4212 1832 4282 adjecerimus
1864 4216 2076 4285 portio-

504 4319 629 4358 nem
671 4303 924 4358 diurnam
961 4303 1027 4358 de
1052 4312 1244 4358 exacta
1301 4305 1443 4360 lunae
1493 4307 1872 4371 conversione,
1922 4326 2078 4366 scru-

504 4395 634 4464 pula
658 4393 728 4459 8',
760 4393 878 4460 ειν,
923 4399 977 4446 et
1027 4393 1095 4448 de
1149 4393 1400 4449 conﬂatis
1447 4395 1640 4451 diebus
1698 4397 1824 4463 584,
1857 4399 1924 4467 8',
1955 4400 2074 4467 ΞΓ,

503 4485 899 4542 deduxerimus
923 4486 1190 4539 mensium
1224 4485 1486 4541 tredecim
1518 4487 1794 4542 lunarium
1839 4490 1956 4546 dies
1989 4507 2078 4561 ap-
2110 4509 2154 4563 ο

503 4580 764 4650 pendices
787 4580 912 4643 585,
940 4579 1044 4643 ὅδ’,
1078 4578 1216 4633 5'2":
1259 4580 1584 4635 habebimus
1639 4589 1884 4636 exactam
1935 4583 2079 4640 luna:

501 4671 927 4734 restitutionem,
961 4685 1068 4739 qua
1089 4670 1614 4726 decemnovennales
1649 4681 1886 4740 quatuor
1916 4675 2080 4732 orbes

503 4761 784 4819 Romanos
815 4764 1092 4818 antevenit
1116 4764 1390 4832 scrupulis
1418 4763 1631 4819 diurnis
1663 4765 1766 4829 Μ’,
1804 4766 1926 4830 29",
1958 4783 2079 4837 qua:

499 4855 720 4925 quidem
753 4861 835 4909 est
857 4853 1034 4924 portio
1057 4853 1162 4906 diei
1190 4854 1370 4906 minor
1401 4853 1726 4922 quadrante.
1760 4851 1868 4908 Sed
1902 4853 2076 4908 inter-

505 4962 571 5004 ea
631 4954 750 5002 esto
782 4945 1064 5016 quadrans
1098 4944 1231 4998 fere.
1288 4942 1348 4997 In
1403 4953 1641 5013 quatuor
1704 4959 1834 5014 ergo
1889 4945 2081 5002 lustris

501 5039 846 5113 septuaginta
873 5052 968 5091 sex
995 5049 1285 5096 annorum,
1320 5036 1422 5087 hoc
1452 5041 1537 5088 est
1571 5033 1627 5086 in
1658 5036 1918 5088 trecentis
1945 5051 2078 5104 qua-

501 5144 624 5190 tuor
653 5132 809 5187 annis
839 5127 1122 5191 Romanis,
1149 5143 1271 5197 qua:
1296 5142 1390 5196 per
1427 5125 1599 5182 denos
1631 5141 1876 5182 novenos
1905 5142 2080 5183 annos

499 5225 561 5282 ﬁt
595 5222 872 5279 restitutio
903 5235 1012 5274 non
1061 5227 1274 5281 exacta,
1306 5227 1528 5287 superat
1554 5218 1961 5273 exactissimam
1993 5218 2081 5272 die

499 5324 613 5364 uno
645 5308 880 5376 integro.
913 5304 1091 5374 Atque
1120 5301 1329 5357 idcirco
1361 5301 1518 5358 facile
1535 5301 1869 5372 deprehendi
1899 5312 2079 5372 potest

500 5417 771 5459 canonem
806 5399 1155 5453 deficientem
1190 5395 1353 5450 hodie
1379 5395 1595 5449 duabus
1623 5394 1817 5451 diebus
1848 5409 1879 5448 a
1913 5395 2082 5463 pleni-

501 5496 656 5549 lunio
685 5492 899 5548 Pascha
921 5489 1136 5544 Judaici
1156 5495 1284 5543 ante
1302 5487 1388 5542 bis
1428 5493 1704 5542 trecentos
1725 5495 1966 5556 quatuor
1987 5502 2078 5541 an-

499 5605 602 5643 nos
629 5587 906 5640 Romanos
945 5589 1322 5640 constructum
1378 5580 1566 5637 fuisse.
1596 5579 1805 5647 Quodsi
1835 5579 2075 5635 Pascha-

1515 344 1862 400 APPENDIX
1898 345 1991 399 AD
2022 343 2286 401 EUSEBll
2322 296 2742 402 CllllONlCON.

3692 334 3896 392 1308

2268 461 2448 515 Ἔστω
2476 462 2584 534 γάρ
2615 463 2735 516 ἀντὶ
2771 461 2869 531 μὲν
2897 459 3005 512 τῶν
3034 457 3112 523 νζ
3142 457 3365 530 ἡμερῶν
3388 456 3504 510 τῶν
3530 456 3690 509 ἀπὸ
3741 455 3891 523 τῆς

2189 553 2446 626 λαμπρᾶς
2468 555 2755 626 Κυριακῆς
2791 554 2920 624 ἄχρι
2959 553 3053 606 καὶ
3079 552 3188 606 τῶν
3219 553 3388 621 ἀγίων
3428 549 3888 603 Ἀποστόλιιιν

2189 647 2283 698 καὶ
2323 647 2539 700 πάντων
2568 645 2854 716 Κυριακῆς
2881 648 2913 716 ἡ
2943 645 3042 698 AB’
3083 645 3283 698 εὐθεῖα·
3315 644 3435 697 ἀντὶ⁹
3469 644 3527 696 δὲ
3568 642 3736 695 τῶν
3771 639 3882 702 νζ

2186 738 2411 808 ἡμερῶν
2445 738 2706 802 ὡσαύτως
2735 737 2813 809 τῷ
2846 738 2955 791 ἀπὸ
2984 736 3081 806 τῆς
3104 737 3292 809 τρίτης
3316 735 3410 789 τοῦ
3438 737 3644 789 Μαΐου
3682 734 3878 803 ἄχρι

2188 829 2284 878 καὶ
2312 827 2410 898 τῆς
2443 827 2532 897 κη’
2563 826 2658 879 τοῦ
2704 826 2920 880 Ἰουνίου
2956 827 2988 897 ἡ
3017 826 3128 878 ΓΔ’.
3169 826 3278 878 Καὶ
3312 826 3435 878 ἐπεὶ
3467 827 3502 895 ἡ
3538 825 3689 878 ἀπὸ
3727 823 3873 891 τῆς

2187 918 2379 990 τρίτης
2409 918 2503 970 τοῦ
2530 918 2710 970 Μαΐου
2735 918 2860 989 ἄχρι
2894 919 2987 971 καὶ
3010 919 3108 988 τῆς
3137 918 3422 988 Κυριακῆς
3445 917 3563 969 τῶν
3582 916 3722 984 Ἀγ
3733 916 3876 967 ἔων

2188 1008 2406 1062 πάντων
2429 1011 2581 1080 κοινή
2608 1010 2775 1062 ἐστιν·
2802 1009 3191 1081 ἀφαιρεθείσης
3210 1009 3412 1078 ταύτης
3429 1009 3546 1060 τῶν
3568 1011 3864 1080 ἄχρω,

2187 1100 2433 1154 λείπεται
2463 1102 2494 1171 ἡ
2518 1100 2629 1156 AI".
2656 1100 2932 1154 τουτέστιν
2966 1103 2998 1171 ἡ
3019 1101 3128 1154 ἀπὸ
3153 1101 3251 1171 τῆς
3278 1100 3546 1170 λαμπρᾶς
3568 1102 3868 1172 Κυρια-

2187 1191 2289 1260 κῆς
2305 1190 2430 1262 ἄχρι
2456 1191 2548 1244 καὶ
2569 1192 2667 1262 τῆς
2686 1191 2736 1260 γ’
2761 1191 2854 1245 τοῦ
2871 1192 3069 1256 Μαΐου,
3098 1192 3185 1262 ἴση
3210 1187 3347 1244 εἶναι
3373 1195 3437 1263 τῇ
3465 1192 3598 1253 BA',
3633 1209 3862 1244 τουτο

2186 1284 2301 1337 ἐστι
2328 1287 2396 1354 τῇ
2422 1284 2530 1337 ἀπὸ
2556 1283 2656 1354 τῆς
2681 1283 2964 1354 Κυριακῆς
2991 1282 3098 1335 τῶν
3139 1283 3332 1350 Ἀγίων
3364 1282 3626 1346 πάντων,
3665 1283 3863 1352 ἄχρι,

2186 1373 2281 1425 καὶ
2316 1373 2415 1442 τῆς
2444 1372 2529 1442 κη’
2557 1371 2650 1424 τού
2696 1371 2936 1435 Ἰουνίου,
2978 1371 3101 1426 καθ’
3134 1372 3201 1442 ἡν
3237 1372 3352 1423 ὲστι
3389 1371 3450 1424 τὸ
3483 1371 3663 1435 τέλος
3695 1374 3852 1441 τῆς

2185 1464 2464 1534 νηστείας·
2491 1461 2630 1532 μετά
2657 1461 2719 1514 τὸ
2740 1463 2921 1532 εὑρεῖν
2944 1461 3042 1532 τὴν
3063 1461 3274 1532 ἡμέραν
3302 1461 3396 1514 τοῦ
3429 1463 3621 1532 μηνὸς
3668 1463 3848 1518 καθ’

2183 1556 2251 1626 ἡν
2281 1555 2431 1607 ἔσται
2463 1553 2523 1606 τὸ
2561 1553 2776 1623 Πάσχα,
2805 1553 3211 1625 ἀριθμήσαντες
3234 1553 3357 1605 ὅσαι
3388 1553 3610 1624 ἡμέραι
3651 1555 3844 1606 εἰσὶν

2183 1648 2278 1700 ἀπ’
2302 1647 2472 1716 αὐτῆς
2498 1645 2626 1716 ἄχρι
2650 1645 2746 1698 καὶ
2765 1644 2869 1714 τῆς
2895 1644 2988 1698 τοῦ
3015 1645 3192 1697 Μαΐου
3220 1645 3432 1714 τρίτης,
3456 1645 3565 1710 τὰς
3588 1649 3840 1700 τοσαὺ-

2183 1755 2283 1800 τας
2311 1737 2503 1808 ἕξομεν
2533 1737 2628 1790 τοῦ
2663 1736 2900 1808 πλήθους
2936 1736 3046 1791 τῶν
3081 1737 3304 1807 ἡμερῶν
3328 1740 3428 1808 τῆς
3457 1737 3578 1790 τῶν
3611 1740 3832 1808 ἁγίων

2113 1811 2156 1866 Β
2202 1829 2538 1882 ’Λποστόλων
2567 1828 2842 1899 νηστείας.

2187 1941 2327 2011 Περὶ
2375 1939 2505 2014 τῆς.
2529 1940 2634 1994 τοῦ
2659 1939 2893 2014 ῌΠάσχα
2924 1940 3334 2014 διορθώσεως,
3379 1943 3594 2010 ἄλλως
3648 1946 3814 2014 περὶ

2432 2010 2543 2077 τῆς
2581 2010 2685 2063 τοῦ
2721 2013 3006 2064 κανονίου
3043 2015 3513 2079 σφαλερότητος.

2256 2102 2377 2170 ις’.
2426 2103 2536 2156 Καὶ
2579 2101 2753 2155 ταῦτα
2803 2104 2900 2173 μὲν
2952 2103 3168 2166 ἱκανῶς
3211 2105 3410 2174 ἐφεξῆς
3451 2107 3516 2158 δὲ
3564 2108 3811 2171 τούτοις

2185 2195 2479 2263 ἀναγκαῖον
2510 2195 2682 2260 δεῖξαι
2705 2195 2806 2265 τήν
2833 2211 2891 2247 τε
2917 2195 3097 2248 αἰτίαν
3129 2195 3223 2248 τοῦ
3259 2197 3554 2268 σφαλερῶς
3591 2201 3798 2252 ἐκκεῖ-

2187 2285 2308 2337 σθαι
2345 2285 2407 2338 τὸ
2449 2285 2736 2356 εἰρημένον
2783 2285 2889 2337 τῶν
2921 2285 3241 2354 Πασχαλίων
3284 2288 3559 2350 κανόνιον,
3604 2290 3711 2341 καὶ
3740 2294 3808 2343 εἰ

2184 2376 2278 2430 ἀπ’
2311 2376 2486 2447 ἀρχῆς
2526 2375 2700 2438 οὕτως
2741 2373 3002 2441 ἔκκειται,
3043 2375 3153 2428 εἴτε
3198 2377 3291 2428 καὶ
3325 2377 3422 2447 μή·
3449 2376 3537 2428 ἔτι
3569 2377 3657 2441 δὲ,
3690 2380 3790 2432 καὶ

2183 2469 2355 2531 οὕτως
2389 2468 2632 2538 ἔχοντος,
2679 2467 2808 2519 πότε
2847 2467 3132 2537 συμϐαίνει
3173 2467 3348 2538 ὀρθῶς
3385 2467 3681 2522 τελεῖσθαι
3727 2477 3802 2523 τά

2183 2561 2374 2628 Πάσχα
2415 2559 2504 2627 ὑφ’
2547 2557 2724 2628 ἡμῶν⁸
2775 2557 2906 2610 πότε
2951 2558 3007 2610 δὲ
3038 2559 3137 2628 τῆς
3174 2556 3432 2630 ἀκριϐοῦς
3472 2559 3796 2612 ἐκπίπτειν

2181 2652 2489 2723 ὀρθότητος.
2535 2650 2599 2702 Ἡ
2639 2650 2737 2720 μὲν
2772 2645 2864 2703 οὖν
2893 2649 3041 2702 αίτία
3068 2649 3176 2702 τῶν
3206 2651 3461 2703 τοιούτων
3495 2653 3606 2704 ούκ
3642 2652 3786 2723 ἄλλη

2180 2743 2261 2806 τίς
2291 2745 2466 2808 ἐστιν,
2502 2743 2550 2794 εί
2595 2741 2669 2812 μὴ
2702 2741 2783 2794 ὅτι
2811 2744 2842 2812 ἡ
2877 2741 2966 2794 διὰ
2990 2740 3098 2794 τῶν
3133 2741 3199 2793 ιθ¹
3243 2741 3575 2812 Ῥωμαϊκῶν
3615 2745 3783 2807 ἑτῶν,

2180 2834 2274 2898 οὒς
2300 2836 2395 2887 καὶ
2423 2833 2773 2904 σεληνιακοὺς
2799 2833 3032 2896 κύκλους
3059 2833 3352 2905 καλοῦμεν,
3377 2836 3650 2906 γινομένη
3681 2837 3787 2906 τῆς

2182 2925 2413 2996 σελήνης
2462 2925 2932 2989 ἀποκατάστασις,
2985 2926 3085 2978 οὐκ
3128 2924 3242 2978 ἔστι
3290 2925 3428 2979 κατά
3473 2926 3542 2978 τὸ
3591 2928 3786 2996 πάντη

2179 3017 2404 3087 ἀκριϐὲς
2425 3016 2751 3086 είλημμένη·
2781 3016 2857 3080 ὡς
2885 3017 3165 3087 προϊόντες
3192 3016 3435 3088 δείξομεν
3467 3017 3538 3070 δι’
3577 3019 3787 3087 ἐτέρας

2179 3109 2436 3179 χρονικῆς
2463 3109 2960 3172 ἀποκαταστάσεως
2997 3108 3100 3179 τῆς
3141 3109 3231 3162 διὰ
3271 3116 3348 3162 κε’
3373 3111 3788 3177 Αἰγυπτιακῶν

2185 3201 2321 3253 ἐτῶν
2368 3199 2510 3254 κατὰ
2553 3201 2614 3253 τὸ
2657 3201 3046 3272 ἀκριϐέστερον
3089 3201 3396 3272 γινομένης,
3437 3197 3585 3275 ᾗτινι
3626 3205 3730 3256 καὶ
3754 3206 3784 3256 ὁ

2184 3293 2489 3364 θαυμάσιος
2513 3295 2784 3364 ἐχρήσατο
2799 3293 3129 3365 Πτολεμαῖος
3146 3295 3204 3346 ὲν
3220 3297 3284 3364 τῇ
3302 3295 3399 3364 τῆς
3413 3294 3784 3360 Συντάξεως

2183 3385 2560 3457 πραγματείᾳ,
2599 3385 2989 3455 συγκρίναντες
3019 3384 3222 3447 ταύτας
3255 3384 3532 3454 ἀλλήλαις.
3572 3385 3780 3438 [10:06-

2187 3493 2285 3547 μεν
2312 3475 2369 3528 δὲ
2405 3476 2504 3546 τὴν
2538 3474 2826 3546 σύγκρισιν
2865 3474 3028 3528 οὕτω·
3069 3475 3625 3546 Τετραπλασιάζομεν
3671 3479 3783 3548 τὴν

2184 3568 2696 3640 ἐννεαδεκαετηρίδα
2718 3569 2816 3638 τῆς
2837 3567 3082 3639 σελήνης.
3105 3570 3198 3622 καὶ
3218 3570 3456 3637 γίνονται
3478 3570 3782 3638 Ῥωμαῖκᾶ

2184 3658 2278 3729 ἔτη
2311 3659 2418 3724 ος’·
2455 3658 2916 3730 τριπλασιάζομεν
2943 3659 2987 3713 δ’
3014 3659 3273 3723 ὡσαύτως
3306 3661 3396 3714 καί⁵
3426 3661 3524 3730 τὴν
3564 3663 3776 3714 εἰκοσι-

2185 3750 2576 3822 πενταετηρίδα
2603 3751 2712 3804 τῶν
2737 3751 3142 3818 Αἰγυπτιακῶν,
3172 3753 3266 3804 καὶ
3293 3754 3434 3804 ποιεῖ
3453 3751 3545 3807 σε’.
3578 3751 3775 3805 Ταῦτα

2182 3840 2240 3893 δὲ
2267 3841 2335 3895 τά
2359 3842 2430 3894 σε’
2456 3841 2798 3909 Αἰγυπτιακά
2820 3840 2913 3912 ἐτη
2947 3841 3317 3912 προλαμϐάνει
3339 3843 3371 3912 ἡ
3393 3841 3770 3912 ἀκριϐεστάτη

2181 3934 2280 4003 τῆς
2331 3931 2561 4004 σελήνης
2605 3933 3047 3996 ἀποκατάστασις
3094 3932 3405 4003 ὲξηκοστοῖς
3447 3934 3664 4004 ἡμέρας

2183 4023 2302 4078 κα”.
2350 4024 2504 4076 Ἐπεὶ
2541 4023 2598 4076 δὲ
2631 4025 2727 4076 καὶ
2761 4023 2829 4076 τά
2871 4023 2957 4088 ος⁰
2994 4023 3279 4094 Ῥωμαῖκά
3307 4025 3401 4094 ἐτη
3431 4023 3541 4076 τῶν
3569 4033 3639 4078 οε¹
3669 4028 3776 4078 Αί-

2183 4112 2500 4178 γυπτιακῶν
2544 4112 2901 4183 ὑπερέχουσιν
2947 4113 3183 4184 ἡμέραις
3222 4114 3360 4179 τπδ’,
3406 4114 3631 4177 ταύταις
3666 4116 3776 4169 ἐὰν

2184 4200 2511 4272 προσθῶμεν
2548 4202 2616 4254 τά
2655 4202 2762 4254 ἀπὸ
2799 4205 2898 4272 τῆς
2943 4203 3340 4274 ἀκριϐεστάτης
3381 4205 3774 4257 ἀποκαταστά-

2185 4307 2322 4354 σεως
2350 4291 2401 4362 η’
2433 4290 2552 4357 κα”,
2579 4292 2672 4344 καὶ
2704 4292 2812 4345 τῶν
2851 4293 3157 4364 γενομένων
3190 4294 3306 4346 τπδ’
3340 4295 3559 4365 ἡμερῶν
3587 4296 3635 4366 η’
3661 4296 3784 4348 κα*

2184 4382 2472 4453 ἀφέλωμεν
2506 4383 3032 4456 τρισκαιδεκάμηνον
3061 4385 3319 4448 ὲπουσίας
3352 4385 3575 4456 ἡμερῶν
3602 4387 3778 4458 σελή-.,

2185 4492 2282 4546 νης
2305 4482 2450 4544 τπγ’,
2477 4475 2578 4544 νγ,
2597 4475 2708 4545 νβ⁹’·
2741 4477 2932 4546 ἕξομεν
2959 4478 3057 4548 τὴν
3084 4478 3287 4548 ἀκριϐῆ
3319 4480 3777 4535 ἀποκατάστασιν

2181 4568 2281 4638 τῆς
2309 4567 2558 4639 σελήνης,
2596 4568 3083 4638 προλαμϐάνουσαν
3121 4569 3218 4640 τὴν
3255 4569 3342 4623 διὰ
3377 4571 3483 4624 τῶν
3513 4573 3775 4626 ἐννεαδε-

2181 4659 2518 4728 καετηρίδων
2547 4657 2856 4729 ἑξηκοστοίς
2882 4659 3096 4729 ἡμέρας
3125 4659 3190 4721 0',
3224 4659 3305 4724 ιδ’,
3336 4660 3625 4733 κθ”,ἀπερ
3656 4665 3783 4723 είσὲ

2185 4747 2351 4822 μέρος
2398 4749 2610 4819 ἡμέρας
2650 4748 2873 4802 ἔλασσον
2907 4751 2939 4821 ἢ
2978 4750 3038 4803 δ’.
3076 4751 3226 4814 Τέως
3265 4752 3404 4805 ἔστω
3435 4753 3478 4806 δ’
3509 4753 3776 4823 ἔγγιστα,

2183 4842 2347 4893 Ὥστε
2375 4843 2433 4893 ὲν
2458 4840 2530 4892 τδ’
2577 4841 2903 4911 Ῥωμαϊκοῖς
2933 4841 3106 4894 ἔτεσιν
3130 4844 3162 4912 ἡ
3197 4843 3284 4895 διὰ
3306 4844 3413 4896 τῶν
3441 4847 3775 4901 ὲννεαδεκα-

2181 4933 2443 5003 ετηρίδων
2492 4933 2933 4996 ἀποκατάστασις
2995 4933 3068 5006 μὴ
3127 4934 3358 5005 ἀκριϐὴς
3403 4935 3624 5008 ὑστερεῖ
3666 4940 3777 5011 τῆς

2183 5024 2588 5095 ἀκριϐεστάτης
2614 5024 2796 5096 ἡμέρᾳ
2827 5025 3009 5096 τελείᾳ
3035 5025 3104 5079 α’.
3141 5027 3252 5080 Καὶ
3290 5027 3378 5080 διὰ
3413 5027 3572 5082 τοῦτο
3601 5031 3777 5086 εὐκα-

2181 5117 2442 5188 τανόητον
2471 5117 2644 5178 ἔσται,
2683 5118 2765 5170 ὅτι
2793 5117 2853 5169 τὸ
2881 5119 3126 5172 κανόνιον
3158 5119 3312 5172 δυσὶν
3338 5121 3574 5192 ἡμέραις
3609 5125 3778 5178 ἐκπί-

2184 5227 2316 5263 πτον
2338 5213 2438 5281 τῆς
2466 5210 2605 5263 κατά
2632 5209 2702 5262 τά
2736 5209 2996 5264 Ἰουδαῖκά
3019 5213 3304 5281 Πασχάλια
3329 5214 3776 5288 πανσεληνιακῆς

2183 5302 2396 5374 ἡμέρας
2416 5305 2473 5355 ἐν
2493 5304 2603 5366 τοῖς
2629 5303 2723 5356 νῦν
2750 5304 2985 5374 χρόνοις,
3016 5305 3118 5373 πρὸ
3140 5304 3214 5357 τδ¹
3231 5307 3251 5335 ⁵
3276 5306 3602 5374 Ῥωμαϊκῶν
3630 5310 3778 5362 ἑτῶν

2191 5394 2440 5464 συνέστη.
2476 5394 2634 5448 Ἀλλὰ
2661 5396 2753 5447 καὶ
2775 5394 2932 5465 εἴπερ
2957 5397 2988 5464 ἡ
3019 5394 3126 5446 τῶν
3148 5396 3471 5464 Πασχαλίων
3497 5399 3778 5468 πανσελή-

2185 5484 2347 5555 νιακὴ
2393 5486 2573 5556 ἡμέρα
2620 5487 2715 5555 τὴν
2764 5486 2963 5556 ἀκριϐῆ
3015 5487 3202 5557 ἐδήλου
3255 5487 3362 5541 τῶν
3415 5489 3790 5560 πανσελήνων.

2181 5577 2351 5650 ὥραν,
2391 5579 2608 5647 εἴχομεν
2639 5578 2704 5630 ἂν
2737 5577 2961 5630 δυνατὸν
2992 5577 3404 5645 ἐπιλογίσασθαι
3429 5581 3522 5634 καὶ
3550 5581 3631 5633 ἔτι
3668 5584 3776 5655 πρὸ

571 5743 592 5774 ⁸
625 5738 795 5813 Hujus
823 5740 1008 5810 capitis
1045 5738 1285 5794 Latinam
1315 5739 1596 5794 versionem
1627 5753 1657 5792 a
1679 5735 1947 5808 Scaligero
1978 5735 2172 5792 editam
2196 5736 2487 5805 posuimus.
2560 5735 2578 5761 “
2598 5735 2834 5806 Scaliger
2869 5733 2945 5787 bis
2977 5734 3077 5789 504
3112 5735 3252 5805 legit.
