4112 6440
268 361 428 422 1509

1201 361 1432 420 ISAACI
1470 362 1781 420 MONACHI
1819 364 2201 422 COMPUTUS
2246 361 2689 420 ECCLESIAST.

3405 367 3550 423 me

268 475 470 529 πόσων
513 474 650 528 ἐτῶν
683 475 744 528 τὸ
785 475 1024 530 τοιοῦτον
1064 492 1311 532 κανονιον
1357 479 1612 549 συνέστη.
1647 479 1795 542 Τέως
1821 479 1866 532 δ’

1982 481 2103 534 lium
2136 479 2563 550 pleniluniorum
2593 479 2713 534 dies
2761 477 3174 535 exactissimum
3238 480 3554 541 ostenderet

270 569 373 622 ἵνα
407 567 626 639 γνῶμεν
665 568 806 639 μετά
849 569 990 622 πόσα
1024 568 1120 640 έτη
1157 569 1252 623 τοῦ
1287 571 1556 642 παρόντος
1583 571 1788 624 τέλειαι
1823 571 1868 642 β’

269 659 493 731 ἡμέραι
521 661 1020 733 ἀπαρτισθήσονται
1054 665 1110 716 αἱ
1140 666 1241 735 τῆς
1261 665 1548 735 ἀκριϐείας
1573 666 1871 719 ἐκπίπτου-

274 768 397 814 σαι,
425 753 758 823 ἐποιήσαμεν
777 753 1122 826 ψηφοφορίαν
1145 756 1582 828 πανσεληνιακῆς
1609 757 1870 825 συζυγίας

287 843 592 897 Ἰουδαϊκοῦ
628 846 822 917 Πάσχα
855 847 1266 918 παρακειμένου
1295 847 1375 919 τῷ
1412 849 1669 902 ἐνεστῶτι
1702 851 1871 921 τρίτῳ

272 933 474 1003 κύκλῳ
497 935 595 1004 τῆς
623 933 872 1006 σελήνης,
907 935 936 986 ι’
961 934 1056 989 τοῦ
1099 935 1377 1007 Ἀπριλίου
1407 937 1871 1008 καταγεγραμμέ-

274 1043 387 1096 νην
417 1025 651 1096 ἐχοντος.
687 1025 932 1100 Εὗρομεν
964 1028 1021 1081 δέ
1051 1028 1256 1101 ταύτην
1285 1027 1657 1081 ἐκπίπτουσαν
1695 1027 1784 1081 διὰ
1810 1029 1872 1081 rb

279 1115 366 1192 μὴ
397 1116 646 1187 ἀκριϐὲς,
676 1117 751 1181 ὡς
780 1118 1015 1190 εἴρηται,
1059 1135 1162 1190 της
1196 1120 1717 1183 ἀποκαταστάσεως,
1811 1119 1874 1172 τὸ

277 1205 538 1265 κανόνιον
560 1207 785 1277 χρῆται,
831 1209 912 1271 εἰς
945 1211 1044 1280 τὴν
1077 1209 1127 1280 η’
1169 1209 1262 1262 τοῦ
1304 1208 1469 1262 αὑτοῦ
1519 1209 1687 1280 μηνὸς
1735 1209 1874 1281 μετά

276 1299 438 1370 ῶρας
464 1316 612 1370 τρεις
653 1300 972 1370 ίσημερινάς
1003 1301 1102 1372 τῆς
1133 1301 1254 1355 κατ’
1287 1301 1458 1373 αὐτὴν
1488 1302 1752 1374 ἀνατολῆς
1777 1303 1872 1356 τοῦ

277 1391 466 1461 ἡλίου.
509 1392 661 1444 Ἐπεὶ
694 1388 787 1447 οῦν
817 1394 873 1445 αἱ
909 1395 1060 1464 τρεῖς
1092 1386 1232 1464 ὧραι
1273 1394 1591 1464 ἱσημεριναὶ
1621 1394 1672 1465 η’
1708 1394 1875 1466 μέρος

278 1483 398 1536 εἰσὶ
434 1482 529 1536 τοῦ
575 1484 998 1554 ἡμερονυκτίου,
1041 1483 1139 1538 ἐάν
1181 1484 1244 1536 τὸ
1279 1484 1390 1537 τῶν
1439 1483 1765 1554 Ῥωμαϊκῶν
1801 1483 1875 1537 τδ’

279 1573 427 1631 ἐτῶν
475 1574 569 1645 (ἐν
610 1570 692 1639 οἷς
729 1575 1122 1646 ήμερονύκτιον
1168 1575 1372 1630 τέλειον
1423 1577 1797 1648 προλαμϐάνει
1841 1579 1874 1648 ἡ

279 1666 526 1738 ἀκριϐὴς
555 1668 998 1731 ἀποκατάστασις
1022 1667 1120 1739 τὴν
1151 1668 1240 1722 διά
1274 1669 1366 1722 τὸν
1399 1669 1874 1742 ἐννεαδεκαετηρί-

278 1755 394 1810 δων
422 1759 496 1828 μὴ
518 1758 749 1830 ἀκριϐῆ)
790 1758 852 1812 rb
875 1758 924 1829 η’
946 1759 1224 1830 λάϐωμεν,
1249 1761 1277 1814 ὅ
1298 1763 1446 1813 ἐστιν
1469 1759 1565 1830 ἐτη
1594 1761 1876 1832 Ῥωμαῖκά

280 1846 392 1919 λη’⁶
426 1847 620 1919 ἕξομεν
660 1848 779 1920 μεθ’
811 1851 913 1903 ὅσα
957 1850 1056 1920 μὲν
1089 1850 1183 1922 ἔτη
1216 1850 1311 1903 τοῦ
1343 1851 1639 1914 ἐνεστῶτος
1670 1853 1875 1906 τέλειαι

282 1939 506 1994 ἔσονται
531 1938 733 2012 ἡμέραι
760 1939 805 2011 β’
830 1941 886 1993 αἱ
909 1942 1009 2010 τῆς
1033 1941 1318 2013 ἀκριϐείας
1344 1941 1727 1996 ἐκπίπτουσαν
1759 1945 1876 2013 μετ’

284 2031 510 2102 ἐκείνην
534 2032 589 2085 δέ
615 2033 713 2104 τὴν
743 2033 1191 2088 ἀποκατάστασιν
1219 2034 1381 2087 πάλιν
1402 2034 1624 2105 ἄρξεται
1646 2035 1740 2088 καὶ
1764 2034 1879 2087 ἐτέ-

289 2140 395 2194 ρας
433 2125 646 2195 ἡμέρας
688 2125 854 2196 μόρια
892 2126 1356 2198 προλαμϐάνεινὴ
1392 2127 1625 2199 ἀκριϐὴς
1664 2128 1762 2198 τὴν
1802 2127 1876 2199 μὴ

286 2214 519 2286 ἀκριϐῆ.
554 2215 628 2268 Τὸ
659 2216 798 2286 μετὰ
829 2216 912 2288 λη’
939 2217 997 2270 δὲ
1041 2217 1137 2288 ἐτη
1177 2217 1272 2271 τοῦ
1315 2218 1582 2289 παρόντος
1620 2217 1772 2270 ἔσται
1817 2217 1880 2270 rb

290 2305 471 2372 ,g%t0'
503 2306 642 2369 ἔτος.
669 2308 780 2360 Καὶ
808 2309 857 2361 εὶ
889 2307 989 2379 μέν
1021 2307 1164 2362 κατὰ
1194 2307 1296 2378 τὴν
1333 2307 1485 2379 παρὰ
1511 2309 1626 2370 τοῖς
1664 2307 1877 2371 πολλοῖς

290 2397 697 2469 ἐπικρατοῦσαν
736 2397 895 2463 δόξαν
934 2398 1328 2471 συμπλήρωσις
1355 2397 1508 2451 ἔσται
1543 2396 1637 2450 τοῦ
1675 2399 1878 2462 παντὸς

291 2489 440 2542 κατὰ
499 2487 599 2560 τὴν
648 2488 743 2541 τοῦ
794 2489 840 2553 ,ζ
889 2488 1042 2553 ἐτους
1098 2488 1530 2559 συμπλήρωσιν,
1588 2487 1878 2558 περίεργον

292 2578 448 2632 ἐσται
481 2581 662 2652 ζητεῖν
689 2580 936 2653 διορθοῦν
957 2582 1057 2652 τὴν
1076 2583 1175 2652 τῆς
1197 2581 1426 2651 σελήνης
1467 2579 1688 2650 μέθοδον
1717 2579 1875 2644 ἐτῶν,

297 2673 462 2746 μόνον
500 2673 590 2726 πα’
625 2674 1226 2746 καταλειφθησομένων,
1262 2674 1322 2727 ἐν
1355 2668 1437 2737 οἷς
1464 2673 1544 2726 δεῖ
1569 2675 1636 2744 τῇ
1676 2673 1880 2744 μεθόδῳ

291 2765 472 2837 ταύτῃ
494 2755 632 2838 μετά
653 2765 991 2840 διορθώσεως
1012 2767 1270 2840 χρῆσθαι,
1303 2767 1573 2838 μηδεμιᾶς
1599 2766 1878 2836 ἀξιολόγου

295 2857 673 2929 γενησομένης
698 2858 959 2928 διαφορᾶς
992 2861 1050 2911 ἐν
1081 2861 1192 2921 τοῖς
1223 2858 1534 2930 εἰρημένοις
1567 2857 1657 2911 πα’
1681 2857 1877 2922 ἔτεσιν,

297 2949 347 3002 εἰ
381 2951 448 3019 τῇ
486 2948 797 3021 ἀδιορθώτῳ
837 2949 1078 3021 ἐχρῶντο
1108 2949 1318 3020 μεθόδῳ
1344 2951 1394 3003 οἱ
1422 2950 1542 3002 τότε
1577 2950 1877 3022 περιόντεςο

297 3039 348 3096 εί
377 3037 453 3105 δὲ,
483 3038 627 3094 καθά
647 3039 796 3094 δοκεῖ
817 3058 961 3094 τισιν
989 3040 1189 3104 ἄλλοις,
1222 3041 1475 3112 ἀόριστον
1502 3035 1641 3094 εἶναι
1664 3041 1754 3093 τὸν
1781 3041 1881 3111 τῆς

1972 570 2377 640 oppositionum
2412 578 2647 638 tempus,
2672 583 2960 640 possemus
2985 571 3298 625 accuratius
3325 572 3549 626 ratioci-

1972 659 2094 713 nari
2120 666 2245 714 ante
2279 667 2413 728 quot
2434 674 2612 714 annos
2634 661 2760 714 talis
2791 673 2968 716 canon
2995 661 3337 730 compositus
3363 660 3547 717 fuerit.

1972 750 2184 805 Interea
2213 759 2395 806 tamen
2427 758 2487 804 ut
2535 765 2934 820 cognoscamus
2962 761 3087 821 post
3133 761 3269 822 quot
3301 767 3476 808 annos
3517 769 3550 806 a

1973 843 2231 914 przesenti
2259 843 2486 914 integrae
2507 842 2626 898 dies
2652 843 2794 908 dute,
2835 859 2958 914 quae
2987 844 3303 900 desciscunt
3328 846 3398 900 ab
3420 861 3552 899 exa-

1973 937 2141 1002 mine,
2179 935 2628 992 consummandaa
2676 937 2808 999 sint,
2867 937 3154 1007 plenilunii
3212 935 3425 993 Pascha
3457 937 3552 991 Ju-

1974 1026 2117 1080 daici
2145 1027 2402 1096 praesenti
2427 1027 2582 1097 cyclo
2609 1027 2865 1097 appositi,
2897 1027 3045 1096 quod
3076 1029 3348 1083 decimam
3388 1029 3552 1097 Apri-

1973 1118 2042 1173 lis
2066 1118 2208 1173 diem
2241 1118 2534 1188 ascriptam
2568 1117 2752 1185 habet,
2807 1118 3076 1174 rationem
3134 1119 3414 1176 inivimus.
3447 1118 3554 1174 De-

1975 1210 2368 1280 prehendimus
2398 1218 2603 1274 autem,
2633 1217 2856 1280 propter
2911 1225 3022 1265 non
3092 1219 3428 1278 accuratam,
3489 1217 3552 1264 ut

1975 1303 2184 1358 dictum
2227 1308 2332 1367 est,
2383 1302 2770 1357 conversionis
2824 1301 3036 1357 lunaris
3098 1302 3390 1365 rationem,
3439 1316 3551 1370 qua

1976 1410 2155 1450 canon
2177 1395 2371 1458 utitur,
2396 1393 2708 1449 desciscere
2730 1393 2785 1448 in
2803 1401 3052 1448 octavam
3075 1393 3276 1462 Aprilis
3302 1401 3426 1464 post
3451 1393 3554 1448 ho-

1975 1501 2067 1543 ras
2096 1495 2210 1542 tres
2237 1484 2646 1556 aequinoctiales
2685 1485 2755 1540 ab
2786 1493 2912 1539 ortu
2949 1485 3106 1550 solis,
3143 1485 3237 1554 qui
3273 1485 3328 1538 in
3359 1483 3551 1540 eadem

1976 1579 2065 1635 die
2091 1578 2342 1649 contigit.
2401 1577 2542 1642 Quia
2573 1592 2704 1631 vero
2760 1585 2876 1632 tres
2931 1576 3081 1631 horae
3139 1576 3553 1646 aequinoctiales

1978 1679 2106 1728 sunt
2125 1677 2316 1726 octava
2335 1684 2462 1740 pars
2489 1671 2751 1740 temporis
2771 1671 3034 1724 nocturni
3056 1679 3111 1724 et
3143 1669 3347 1733 diurni.
3379 1669 3423 1726 si
3453 1685 3552 1724 an-

1977 1779 2173 1818 norum
2201 1777 2356 1818 cccrv
2384 1761 2780 1825 Romanorum,
2816 1761 2872 1815 in
2903 1762 3104 1832 quibus
3153 1762 3420 1834 integram
3452 1777 3554 1816 ne.

1977 1863 2118 1910 ctem
2151 1860 2206 1909 et
2236 1853 2381 1908 diem
2420 1860 2613 1906 exacta
2636 1853 2928 1906 conversio
2960 1865 3071 1906 non
3124 1862 3391 1919 exactam,
3429 1867 3554 1921 quae

1979 1945 2113 2000 ﬁtin
2132 1935 2224 2000 xix
2248 1945 2430 2007 annis,
2471 1943 2756 2014 anticipat,
2810 1951 3056 1997 octavam
3091 1952 3298 2012 partem
3339 1958 3558 1998 assum-

1977 2038 2272 2109 pserimus,
2303 2036 2358 2090 id
2416 2044 2520 2100 est,
2557 2051 2730 2091 annos
2769 2033 3046 2089 Romanos
3091 2051 3302 2090 xxxvm
3336 2053 3350 2089 :
3386 2035 3554 2090 habe-

1977 2131 2160 2186 bimus
2184 2136 2308 2200 post
2332 2135 2468 2198 quot
2505 2143 2682 2184 annos
2731 2143 2762 2181 a
2807 2127 3063 2198 praasenti
3117 2129 3344 2198 integra:
3392 2136 3554 2184 erunt

1978 2220 2099 2275 dies
2129 2217 2253 2273 duae
2291 2219 2360 2273 ab
2381 2218 2637 2273 examine
2661 2216 3003 2274 deﬁcientes.
3034 2216 3168 2272 Post
3189 2218 3340 2272 illam
3369 2226 3552 2273 autem

1979 2311 2418 2373 conversionem,
2452 2322 2678 2364 rursum
2704 2307 2828 2364 aliis
2857 2307 2967 2363 diei
3009 2309 3285 2379 scrupulis
3331 2309 3554 2378 incipiet

1978 2409 2173 2458 exacta
2203 2400 2480 2456 restitutio
2511 2413 2624 2454 non
2659 2406 2908 2454 exactam
2947 2400 3267 2470 anticipare.
3301 2398 3432 2455 Post
3453 2415 3554 2453 an-

1978 2508 2082 2548 nos
2104 2499 2286 2546 autem
2320 2492 2543 2561 triginta
2572 2496 2698 2545 octo
2726 2504 2757 2543 a
2783 2491 3038 2560 praesenti
3063 2492 3167 2546 erit
3184 2507 3366 2546 annus
3390 2491 3551 2547 6919.

1981 2577 2026 2651 [τ
2044 2579 2123 2634 Ac
2168 2580 2238 2640 si.
2262 2585 2322 2633 ut
2359 2577 2601 2648 vulgaris
2631 2585 2716 2632 est
2748 2578 2952 2647 opinio,
2988 2579 3220 2650 septimo
3263 2581 3557 2636 millesimo

1979 2677 2227 2726 vertente
2250 2670 2418 2724 totius
2440 2667 2629 2722 mundi
2659 2665 2841 2722 futura
2861 2670 3261 2724 consummatio
3295 2677 3410 2736 est;
3450 2669 3559 2724 fru-

1981 2770 2096 2818 stra
2125 2761 2182 2815 in
2213 2758 2532 2830 castiganda
2551 2759 2733 2812 lunari
2772 2759 3030 2815 methodo
3083 2760 3240 2815 labor
3271 2761 3557 2818 adhibebi-

1980 2861 2104 2917 tur;
2134 2867 2258 2906 cum
2294 2851 2424 2906 anni
2451 2849 2830 2906 tantummodo
2853 2850 2920 2906 de
2948 2867 3161 2906 summa
3188 2853 3381 2924 reliqui
3440 2855 3556 2909 sint

1981 2960 2168 3009 Lxxxt,
2184 2959 2280 3014 per
2299 2958 2440 3012 quos
2459 2942 2746 2998 emendata
2771 2942 2864 2996 illa
2886 2943 3178 2999 methodus
3203 2945 3257 2998 in
3281 2961 3383 3001 usu
3403 2946 3502 3000 erit
3539 2965 3552 3000 :

1983 3054 2106 3095 cum
2129 3037 2184 3091 in
2215 3037 2337 3092 istis
2367 3051 2533 3091 Lxxxr
2573 3033 2734 3090 annis
2749 3049 2860 3090 non
2888 3036 3122 3090 multum
3156 3037 3391 3101 intersit,
3418 3038 3466 3093 si
3493 3038 3555 3101 ii,

301 3127 613 3192 συντελείας
641 3129 850 3200 καιρὸν,
883 3123 962 3193 οἷς
995 3131 1089 3185 καὶ
1121 3131 1282 3192 αὐτὸς
1310 3131 1646 3200 συντίθεμαιο
1673 3129 1881 3201 πρέπον

1985 3130 2080 3199 qui
2108 3138 2225 3184 tum
2261 3127 2585 3199 superstites
2608 3136 2792 3192 erunt.
2857 3135 3096 3184 veterem
3148 3144 3249 3184 nec
3311 3130 3561 3186 emenda-

300 3217 369 3272 ἂν
391 3218 480 3290 εἴη
506 3219 750 3289 διορθοῦν
771 3220 869 3290 τὴν
894 3220 1143 3291 περὶτῆς
1165 3219 1393 3291 σελήνης
1417 3219 1662 3291 μέθοδον,
1680 3221 1701 3252 ⁸
1722 3236 1885 3290 προσ-

299 3324 332 3365 τ
355 3306 508 3365 θέναι
537 3312 660 3373 ταῖς
682 3309 784 3380 τῆς
814 3309 1042 3382 σελήνης
1063 3311 1348 3377 ἐπακταῖς,
1376 3310 1442 3375 ἃς
1469 3311 1503 3382 ἡ
1533 3310 1628 3364 νῦν
1659 3310 1884 3381 μέθοδος

303 3397 653 3472 ὕπαγορεύει,
682 3401 778 3456 καὶ
817 3402 1104 3474 ἐπερευνᾷ,
1139 3402 1236 3456 καὶ
1270 3401 1413 3457 abre)
1445 3403 1520 3476 μὴ
1555 3401 1883 3474 σφάλλεσθαι

303 3493 405 3565 τῆς
435 3493 745 3566 ὀρθότητος.
770 3495 844 3548 Τὸ
870 3495 1053 3566 μέντοι
1075 3496 1378 3565 Πασχάλιον
1398 3497 1660 3562 κανόνιον,
1679 3499 1883 3568 ἀμετα-

304 3587 528 3658 ποίητον
552 3586 732 3658 μένον,
757 3587 849 3640 καὶ
880 3586 961 3640 ἔτι
996 3587 1408 3660 σφαλερώτερον
1436 3587 1606 3642 ἔσται·
1645 3589 1883 3659 παρόσον

305 3678 399 3735 νῦν
417 3677 514 3748 μὲν
529 3677 679 3732 δυσὶν
697 3677 933 3750 ἡμέραις
948 3678 1201 3732 ἐκπίπτει
1214 3679 1312 3750 τῆς
1329 3678 1606 3750 ἀληθείας,
1624 3680 1718 3733 ἀπ’
1742 3679 1888 3733 ἐκεί-

305 3786 396 3822 νου
420 3768 476 3821 δέ
492 3767 585 3821 τοῦ
601 3768 773 3833 ἔτους,
791 3769 992 3842 δηλαδὴ
1005 3770 1100 3824 τοῦ
1119 3770 1310 3838 ,ςῇιθζ
1325 3772 1520 3844 τρισίν.
1540 3774 1660 3826 Ἐπὶ
1676 3773 1885 3838 τούτοις

309 3858 653 3930 σκεψώμεθα,
675 3859 770 3913 καὶ
793 3862 840 3914 εἰ
869 3860 992 3914 καθ’
1013 3862 1244 3916 ἕκαστον
1269 3862 1388 3927 ἔτος
1417 3864 1709 3934 σφάλλεται
1730 3868 1762 3936 ἡ
1789 3864 1884 3918 τοῦ

312 3951 477 4022 μηνὸς
501 3951 702 4023 ἡμέρα,
725 3951 845 4005 καθ’
869 3952 936 4023 ἢν
955 3954 1114 4024 ἡμεῖς
1139 3954 1200 4007 rb
1223 3955 1376 4023 ἅγιον
1397 3955 1590 4025 Πάσχα
1603 3954 1884 4026 τελοῦμεν,

307 4037 341 4109 ἢ
375 4037 501 4090 ποτὲ
541 4037 661 4108 μὲν,
700 4039 831 4092 ποτέ
869 4039 927 4093 δέ
956 4041 1039 4095 οῦ.
1087 4041 1367 4115 Γνώριμον
1398 4043 1456 4096 δὲ
1487 4043 1662 4109 ἔσται,
1706 4044 1802 4108 ὡς,
1837 4047 1888 4098 εἰ

311 4129 444 4200 μόνῃ
499 4132 564 4200 τῇ
611 4128 705 4182 τοῦ
751 4131 918 4202 μηνὸς
960 4133 1143 4206 ἡμέρᾳ
1189 4135 1252 4188 rb
1309 4135 1579 4208 ἡμέτερον
1643 4137 1888 4191 ἐκανονί-

308 4219 446 4285 ζετο,
506 4220 598 4272 καὶ
645 4221 720 4292 μὴ
753 4221 999 4292 ἀνάγκην
1043 4224 1265 4294 εἴχομεν
1306 4226 1400 4279 καὶ
1434 4226 1576 4282 κατὰ
1601 4226 1889 4299 Κυριακὴν

308 4311 517 4383 ἡμέραν
533 4311 688 4366 τοῦτο
707 4313 880 4370 τελεῖν
896 4331 909 4344 ·
941 4315 1063 4368 καθ’
1087 4317 1315 4371 ἕκαστον
1337 4317 1402 4372 ἂν
1425 4317 1544 4382 ἔτος
1570 4319 1885 4388 ἐσφάλλετο,

309 4403 554 4476 καθάπερ
585 4407 681 4460 καὶ
718 4406 780 4460 rb
825 4407 1132 4475 Ἰουδαϊκὸν,
1190 4410 1287 4463 καὶ
1331 4413 1452 4473 ταῖς
1503 4411 1655 4465 δυσὶν
1697 4413 1888 4475 αὑταῖς

1985 3228 2098 3274 tam
2169 3219 2592 3289 assumpserint.
2651 3217 2770 3282 Sin,
2815 3225 2876 3273 ut
2912 3220 3187 3292 plerisque
3241 3221 3420 3278 visum
3473 3229 3561 3276 est

1985 3308 2130 3372 aliis,
2178 3308 2383 3378 quibus
2433 3315 2488 3363 et
2529 3307 2822 3373 assentior,
2873 3308 3051 3363 ultimi
3099 3324 3329 3364 occasus
3366 3311 3556 3364 mundi

1983 3400 2485 3472 tempusincertum
2506 3410 2619 3456 est:
2647 3415 2950 3471 congruum
2976 3400 3142 3455 fuerit
3203 3401 3345 3456 luna:
3389 3400 3558 3455 casti-

1985 3508 2114 3563 gare
2142 3491 2480 3559 methodum,
2518 3498 2575 3547 et
2611 3492 2680 3546 ad
2724 3499 2944 3561 epactas
2992 3491 3213 3554 addere,
3261 3506 3400 3562 quas
3437 3492 3557 3546 vui-

1983 3593 2108 3656 gata
2131 3585 2270 3638 ratio
2299 3583 2627 3654 prtescribit,
2681 3590 2736 3638 et
2763 3582 3032 3652 explorat,
3079 3597 3144 3635 ac
3197 3583 3280 3637 sic
3309 3583 3380 3638 ab
3407 3591 3559 3637 recto

1983 3691 2097 3732 non
2129 3675 2439 3731 deﬂectere.
2466 3675 2606 3729 Nam
2653 3675 2701 3730 si
2733 3674 3062 3729 laterculum
3118 3673 3388 3731 Paschale
3437 3677 3560 3732 sine

1986 3769 2369 3824 emendatione
2409 3773 2650 3831 maneat,
2673 3765 2856 3836 majus
2891 3766 3042 3822 illius
3059 3765 3251 3822 vitium
3283 3765 3396 3824 ﬁet.
3421 3766 3561 3822 Cum

1985 3850 2363 3916 enim'biduze
2413 3858 2678 3913 duntaxat
2731 3871 2764 3910 a
2824 3856 3052 3911 veritate
3075 3857 3396 3926 [abhorreat
3455 3856 3560 3910 hoc

1987 3962 2251 4023 tempore,
2295 3951 2510 4021 expleto
2535 3963 2680 4004 anno
2711 3947 2873 4013 6919,
2923 3948 3092 4004 tridui
3128 3963 3284 4004 error
3308 3946 3559 4019 incidet.]

1986 4044 2084 4100 llis
2106 4045 2178 4099 ita
2210 4039 2630 4107 animadversis,
2669 4039 3101 4106 consideremus,
3139 4053 3208 4093 an
3235 4045 3291 4094 et
3330 4037 3565 4108 singulis

1987 4135 2146 4190 annis
2168 4139 2358 4204 peccat
2390 4131 2528 4195 dies,
2559 4130 2615 4183 in
2646 4143 2753 4199 qua
2779 4143 2880 4183 nos
2899 4134 3315 4183 sacrosanctum
3347 4124 3564 4179 Pascha

1987 4225 2352 4286 celebramus,
2419 4227 2514 4274 aut
2553 4219 2690 4274 alias
2721 4218 2941 4289 quidem
2997 4224 3211 4288 peccat,
3241 4216 3376 4271 alias
3428 4231 3562 4272 non.

1987 4317 2202 4373 Patebit
2239 4329 2392 4379 vero,
2427 4313 2476 4368 si
2527 4311 2597 4366 ad
2626 4326 2794 4366 unum
2843 4309 2986 4365 diem
3032 4309 3241 4364 mensis
3299 4307 3566 4362 duntaxat

1987 4411 2196 4467 Pascha
2248 4415 2500 4462 nostrum
2566 4402 2896 4473 exigeretur,
2954 4401 3114 4472 205
3166 4408 3221 4457 et
3272 4415 3380 4455 non
3423 4414 3564 4470 opus

309 4496 563 4568 ἡμέραις,
597 4497 848 4571 καθάπερ
884 4501 1080 4554 ἐκεῖνο.
1110 4501 1208 4554 Διά
1235 4502 1292 4555 δέ
1329 4503 1391 4555 τὸ
1429 4502 1570 4556 κατὰ
1595 4503 1878 4576 Κυριακὴν

1982 4513 2126 4564 esset
2173 4499 2309 4556 illud
2369 4496 2654 4552 Dominica
2691 4494 2781 4549 die
2825 4492 3124 4559 celebrare,
3179 4490 3410 4560 singulis
3467 4503 3571 4550 ιιι),

311 4588 594 4652 τελεῖσθαι,
632 4591 920 4662 συμϐαίνει
971 4593 1072 4647 οὐκ
1107 4593 1172 4648 ἂν
1217 4594 1565 4665 σφάλλεσθαι.
1596 4595 1687 4648 Διὸ
1713 4613 1882 4668 προσ-

313 4681 492 4739 εκτέον
541 4682 602 4736 τὺ
635 4683 879 4755 ἀκριϐές,
933 4684 1039 4738 Τοῦ
1083 4685 1371 4739 Ἰουδαϊκοῦ
1415 4686 1606 4758 Πάσχα
1647 4688 1782 4761 μόνῃ
1813 4691 1880 4760 τῇ

229 4817 234 4826 ,
313 4771 400 4825 τοῦ
435 4771 604 4843 μηνὸς
633 4772 817 4844 ἡμέρᾳ
845 4773 1230 4843 ὑποκειμένου,
1266 4773 1656 4845 συμϐαίνοντος
1689 4775 1788 4843 μὲν
1825 4775 1884 4826 ἐν

313 4863 642 4936 Κυριακῇ,ἢ
676 4864 742 4935 β’,
769 4865 802 4936 ἢ
831 4865 956 4936 γ’,ἢ
989 4865 1051 4929 δ’,
1079 4865 1113 4936 ἢ
1143 4872 1206 4931 ε’,
1240 4866 1302 4919 rb
1349 4867 1480 4937 παρ’
1523 4868 1652 4937 ἡμῖν
1693 4867 1886 4937 Πάσχα

315 4953 370 5006 οὐ
408 4955 724 5024 σφάλλεται,
751 4959 817 5028 τῇ
860 4957 1058 5028 ἐφεξῆς
1084 4960 1335 5030 κυριακῇ
1376 4958 1694 5028 τελούμενον
1721 4976 1734 4988 ·
1759 4959 1889 5012 ὃταν

317 5044 357 5097 δ’
373 5046 427 5098 ἐν
451 5050 773 5118 παρασκευῇ
809 5047 841 5118 ἢ
875 5048 1158 5120 Σαϐϐάτῳ,
1179 5050 1477 5122 τηνικαῦτα
1499 5052 1594 5104 καὶ
1624 5050 1768 5122 μάλα
1788 5052 1888 5121 τῆς

317 5139 598 5211 ὀρθότητος
627 5142 899 5196 ἐκπίπτει.
943 5145 1352 5215 Συμπίπτοντος
1397 5147 1494 5216 μὲν
1536 5146 1645 5218 γὰρ
1689 5148 1747 5200 ἐν
1790 5164 1889 5200 πα-

323 5237 580 5305 ρασκευῇ,
613 5235 921 5305 ὀφείλοντες
947 5239 1108 5308 ἡμεῖς
1142 5238 1304 5303 εὐθὺς
1332 5242 1399 5310 τῇ
1430 5240 1628 5311 ἐφεξῆς
1643 5241 1897 5311 Κυριακῇ

319 5325 376 5380 rb
401 5326 593 5396 Πάσχα
625 5329 820 5394 τελεῖν,
849 5331 930 5389 εἰς
965 5331 1066 5400 τὴν
1102 5333 1218 5401 μετ’
1246 5332 1463 5402 ἐκείνην
1504 5332 1901 5404 μεταϐαίνομεν

322 5421 595 5491 Κυριακήν
613 5438 627 5451 ·
666 5422 851 5494 ἐπειδὴ
885 5424 946 5477 rb
975 5425 1033 5478 ἐν
1053 5424 1128 5496 τῷ
1153 5427 1384 5496 κανονίῳ
1406 5425 1902 5496 διαλαμϐανόμενον

334 5512 610 5567 Ἰουδαϊκὸν
633 5515 825 5586 Πάσχα
853 5515 1002 5570 δυσὶν
1024 5518 1258 5589 ἡμέραις
1287 5517 1722 5589 ἀποδειχθείσαις
1745 5517 1905 5569 πλεο-

1985 4589 2075 4654 nis
2112 4601 2463 4667 peccaturum
2519 4586 2692 4651 illud,
2748 4582 3206 4655 quemadmodum
3259 4589 3314 4637 et
3378 4579 3567 4636 Judai-

1988 4704 2114 4746 cum
2157 4683 2403 4746 Pascha,
2449 4687 2504 4735 et
2548 4678 2770 4747 quidem
2814 4676 3029 4731 duabus
3087 4675 3325 4738 diebus,
3376 4688 3568 4743 quem-

1989 4775 2282 4834 admodum
2337 4780 2392 4827 et
2448 4767 2604 4824 illud.
2675 4765 2783 4820 Sed
2829 4765 2958 4836 quia
3009 4763 3290 4819 Dominica
3343 4762 3432 4818 die
3476 4779 3568 4818 ce-

1992 4870 2256 4933 lebratur,
2293 4868 2584 4935 propterea
2615 4873 2726 4913 non
2753 4871 2972 4926 semper
3002 4863 3214 4926 peccat.
3250 4853 3356 4910 Sed
3390 4854 3568 4911 subti-

1993 4964 2101 5018 lius
2131 4975 2221 5016 res
2259 4964 2502 5029 putetur.
2538 4951 2990 5019 Quotiescunque
3010 4946 3301 5003 Judaicum
3331 4945 3572 5012 Pascha,

1995 5055 2142 5126 quod
2170 5051 2265 5107 uni
2295 5049 2403 5104 diei
2432 5045 2638 5101 mensis
2663 5041 2974 5110 subjectum
3001 5049 3106 5102 est,
3135 5037 3411 5108 contingit
3453 5037 3566 5092 Do-

1997 5145 2222 5208 minica,
2263 5149 2358 5197 aut
2398 5139 2533 5194 feria
2567 5132 2834 5196 secunda,
2865 5139 2962 5186 aut
2996 5131 3182 5196 tertia,
3219 5137 3314 5184 aut
3347 5139 3568 5200 quarta,

1997 5247 2092 5295 aut
2119 5237 2334 5308 quinta,
2364 5239 2501 5287 tunc
2532 5236 2782 5284 nostrum
2812 5224 3025 5279 Pascha
3054 5237 3166 5278 non
3198 5229 3411 5294 peccat,
3441 5237 3570 5276 cum

2000 5328 2246 5401 sequenti
2294 5323 2578 5380 Dominica
2628 5319 2960 5375 celebretur.
2996 5313 3231 5380 Quando
3255 5327 3390 5368 vero
3433 5311 3572 5367 feria

2000 5429 2176 5490 sexta,
2208 5427 2304 5474 aut
2340 5417 2614 5480 Sabbato;
2656 5420 2788 5467 tunc
2842 5424 2974 5465 vero
3025 5407 3113 5464 vel
3144 5406 3373 5461 nimium
3396 5419 3573 5476 quan-

2000 5522 2117 5569 tum
2157 5529 2187 5567 a
2220 5517 2374 5567 recto
2421 5505 2718 5572 desciscit;
2767 5501 3045 5557 incidente
3081 5497 3227 5554 enim
3269 5497 3328 5554 in
3379 5494 3575 5555 teriam

387 5690 405 5720 '
422 5690 550 5748 Hec
573 5711 604 5748 a
630 5693 900 5767 Scaliger-0
937 5700 1292 5769 prmlermissa
1315 5699 1684 5771 supplevimus,
1711 5714 1827 5770 qua?
1850 5714 1881 5754 si

1988 5695 2123 5752 notis
2147 5694 2271 5752 εἰπε
2303 5685 2647 5760 άὶιινατια[].
2715 5686 2735 5718 ⁸
2765 5683 2804 5754 f.
2832 5681 2925 5738 ml
2953 5696 3144 5754 προστ.
