4112 6440
535 359 669 414 1311

1568 354 1661 410 AD
1694 354 1964 411 EUSEBll
2003 353 2404 443 ClllRONlCON
2435 353 2800 412 APPENDIX.

3693 356 3871 410 1312

535 484 769 536 sextam,
800 486 924 527 cum
953 471 1279 528 deberemus
1320 471 1566 542 proxime
1619 481 1879 542 sequente
1930 472 2110 526 Domi-

2223 472 2364 536 νάξει
2403 474 2498 528 τοῦ
2541 475 2744 547 κυρίως
2801 476 2931 545 παρ’
2951 473 3130 528 αὐτῶν
3179 473 3543 546 τελουμένουσ
3617 475 3742 526 καὶ
3791 477 3870 525 ἐν

535 566 660 620 nica
710 564 918 618 Pascha
975 564 1274 627 celebrare,
1310 565 1364 618 in
1397 579 1519 618 eam
1576 562 1942 627 Dominicam,
1994 582 2115 635 qua:

537 665 661 726 post
689 657 836 709 illam
871 658 1138 724 sequitur,
1168 655 1632 722 transcendimus,
1664 657 2111 726 quandoquidem

537 746 748 803 Pascha
793 746 1103 813 Iudaicum,
1155 747 1297 816 quod
1341 747 1394 800 in
1423 763 1634 802 canone
1665 749 1988 812 assumitur,
2032 749 2115 802 bi-

537 840 670 905 duo,
728 839 873 909 quod
925 854 955 892 a
1005 839 1165 893 nobis
1198 840 1632 894 demonstratum
1686 851 1791 903 est,
1842 839 2051 894 Pascha
2086 856 2116 894 a

535 930 740 984 Judaeis
791 931 1059 984 celebrari
1119 932 1342 985 solitum
1397 933 1696 1000 praevertit.
1757 931 1815 986 In
1875 931 2117 988 Sabbato

537 1039 756 1093 quoque
811 1023 954 1078 idem
986 1024 1256 1094 contingit
1310 1032 1531 1092 propter
1559 1024 1806 1079 eamdem
1865 1040 2114 1080 causam.

536 1114 673 1168 Cum
697 1113 840 1168 enim
869 1114 1217 1179 deberemus,
1259 1115 1653 1169 interveniente
1685 1116 1954 1184 postridie
2007 1116 2118 1171 Do-

538 1207 764 1268 minica,
793 1205 1005 1260 Pascha
1051 1209 1352 1270 celebrare,
1401 1208 1455 1262 in
1487 1209 1657 1271 illam,
1690 1224 1812 1278 quae
1849 1217 1971 1278 post
1996 1225 2118 1264 eam

539 1295 807 1364 sequitur,
842 1296 1137 1350 transitum
1167 1297 1420 1351 facimus.
1459 1296 1577 1352 Uno
1605 1299 1824 1368 quidem
1851 1301 1954 1354 hoc
1985 1315 2118 1354 casu

539 1395 819 1456 peccatur,
856 1397 1079 1457 propter
1104 1405 1354 1452 causam,
1374 1406 1537 1460 quam
1563 1391 1824 1457 diximus,
1855 1408 1963 1446 non
1991 1407 2120 1447 exa-

538 1483 643 1531 ctae
670 1479 1032 1534 restitutionis
1067 1481 1298 1535 lunaris.
1333 1480 1430 1536 Est
1452 1489 1506 1537 et
1540 1483 1684 1538 alius
1716 1499 1880 1538 casus
1927 1483 2121 1552 (quan-

539 1582 703 1637 quam
731 1569 833 1624 hoc
854 1571 1074 1640 quidem
1107 1587 1231 1626 raro
1255 1573 1489 1641 accidat)
1523 1583 1746 1645 propter
1770 1575 1923 1630 verni
1948 1574 2120 1645 aequi-

540 1660 711 1715 noctii
773 1662 1127 1718 luxationem.
1200 1662 1368 1718 Retro
1435 1666 1581 1720 enim
1639 1667 1988 1737 progreditur
2067 1676 2123 1721 et

540 1752 718 1822 ipsum
753 1769 969 1824 quoque
1004 1763 1127 1824 post
1159 1757 1543 1812 conversiones
1568 1772 1866 1823 annorum,
1899 1766 2120 1827 propter

539 1860 661 1898 eam
695 1861 941 1909 causam,
983 1861 1146 1916 quam
1180 1847 1466 1914 dicemus;
1504 1864 1624 1918 quae
1669 1834 1743 1902 ita
1787 1849 1988 1904 habet:
2024 1866 2117 1904 so-

540 1937 648 1991 lem
683 1938 972 1992 intervallo
1002 1939 1108 1993 565
1150 1939 1363 1993 dierum
1394 1947 1448 1994 et
1477 1940 1801 2010 quadrantis
1827 1943 1895 1995 ab
1925 1943 2116 1997 eodem

541 2039 746 2098 puncto
793 2030 861 2083 ad
917 2030 1059 2084 idem
1092 2032 1315 2095 reverti,
1364 2033 1623 2102 pinguius
1659 2043 1942 2104 acceptum
1989 2044 2115 2090 est:

542 2121 843 2176 secundum
872 2137 1002 2177 vero
1037 2123 1288 2178 subtilem
1327 2126 1614 2190 rationem,
1651 2127 1832 2195 aliqua
1863 2127 1968 2181 dici
2000 2143 2123 2197 por.

540 2213 690 2268 tione
713 2213 916 2278 minus,
941 2215 1240 2285 utquidem
1275 2215 1599 2272 Ptolemaeus
1637 2217 1692 2272 in
1731 2218 2122 2289 Compositione

544 2303 642 2367 ait,
683 2306 1108 2370 trecentesima;
1148 2314 1207 2359 ut
1261 2314 1441 2360 autem
1477 2305 1772 2361 Persarum
1815 2311 2122 2362 mathema-

543 2395 662 2458 tici,
691 2405 744 2450 et
775 2413 876 2451 nos
910 2398 1206 2452 solstitium
1238 2414 1334 2468 per
1364 2401 1548 2468 plures
1577 2400 1697 2456 dies
1733 2401 2117 2466 observantes,

544 2485 1003 2556 deprehendimus
1033 2490 1338 2558 portionem
1372 2491 1520 2544 illam
1565 2491 1824 2559 majorem
1856 2491 2118 2547 ducente-

543 2578 682 2631 sima
741 2587 916 2649 parte,
981 2595 1143 2650 quam
1197 2582 1414 2652 quidem
1467 2597 1498 2636 a
1534 2583 1728 2638 diebus
1757 2583 1861 2638 565
1885 2593 1939 2638 et
1984 2600 2122 2654 qua-

542 2669 736 2725 drante
771 2672 986 2727 auferre
1020 2681 1288 2742 oporteat.
1343 2673 1756 2744 Equinoctium
1797 2678 1942 2731 enim
1995 2693 2122 2732 ver-

547 2776 677 2814 num
706 2763 784 2815 ait
812 2762 1140 2818 Ptolemaeus
1188 2765 1390 2819 szeculo
1426 2780 1528 2819 suo
1565 2767 1758 2820 conﬁci
1789 2783 1879 2820 xxi
1918 2767 2118 2822 Martii.

545 2850 658 2908 Nos
686 2861 864 2908 autem
889 2855 1070 2924 ipsum
1097 2854 1558 2926 deprehendimus
1587 2870 1713 2913 ante
1735 2875 1802 2912 xv
1831 2859 2030 2924 Martii,
2054 2875 2120 2914 ex

546 2947 770 3001 solstitii
798 2949 1276 3002 observationibus
1311 2949 1490 3018 ipsum
1519 2958 1793 3019 putantes.
1827 2951 1967 3017 Quia
1990 2968 2121 3006 vero

543 3038 633 3092 lex
685 3037 924 3092 Mosaica
973 3038 1226 3108 proximo
1281 3047 1406 3108 post
1453 3055 1681 3094 vernum
1731 3041 2117 3110 aequinoctium

2215 565 2478 636 Σαϐϐάτῳ
2497 566 2633 618 δὲτὸ
2654 567 2836 637 ὅμοιον
2860 566 3147 635 συμϐαίνει
3170 565 3257 619 διὰ
3277 566 3374 636 τὴν
3398 564 3575 636 αὐτὴν
3597 565 3861 618 αἰτίαν-

2231 657 2560 726 Ὀφείλοντες
2588 659 2696 729 γὰρ
2726 659 2818 711 καὶ
2849 658 3022 721 οὕτως
3051 660 3116 728 τῇ
3150 657 3409 728 ἐπαύριον
3425 658 3718 726 κυριακῇ
3751 673 3866 708 τε-

2215 747 2327 801 λεῖν
2363 749 2425 801 τὸ
2457 750 2667 820 Πάσχα,
2702 751 2781 812 εἰς
2810 749 2909 820 τὴν
2934 749 3048 819 μετ’
3073 748 3244 819 αὐτὴν
3272 747 3698 819 μεταϐαίνομεν
3737 749 3862 799 οὐκ

2216 841 2411 911 ὀρθῶς.
2443 843 2537 894 Ἓν
2560 843 2656 912 μὲν
2690 841 2754 911 δὴ
2793 841 2973 905 τοῦτο,
3009 841 3102 893 καὶ
3139 840 3214 904 ὡς
3256 841 3349 893 ἐπὶ
3381 839 3442 893 τὸ
3485 839 3642 892 πολὺ
3684 856 3857 908 συμ-

2217 930 2400 983 ϐαῖνον
2431 931 2696 1002 σφαλερὸν
2730 929 2881 1001 παρά
2905 929 3002 1000 τὴν
3035 929 3328 1000 εἰρημένην
3353 927 3559 992 αἰτίαν,
3594 927 3728 997 τὴν
3765 927 3857 997 μὴ

2217 1024 2325 1076 ἀπὸ
2355 1024 2454 1092 τῆς
2479 1023 2740 1093 ἀκριϐοῦς
2767 1023 3260 1085 ἀποκαταστάσεως
3284 1039 3297 1052 ·
3326 1021 3441 1074 ἔστι
3467 1022 3529 1074 δὲ
3565 1023 3683 1074 καὶ
3711 1025 3855 1074 E1:-

2223 1131 2312 1185 ρον
2339 1114 2499 1184 (πλὴν
2547 1113 2787 1176 σπανίως
2828 1113 3152 1182 γινόμενον),
3199 1111 3288 1164 διὰ
3327 1111 3426 1182 τὴν
3457 1113 3564 1182 τῆς
3609 1113 3854 1180 ἰσημε-

2222 1203 2343 1273 ρίας
2381 1204 2746 1273 μετάπτωσιν.
2794 1203 3205 1273 Ὀπισθοδρομεῖ
3236 1205 3343 1273 γὰρ
3367 1204 3461 1255 καὶ
3484 1202 3641 1271 αῦτη
3679 1203 3854 1254 κατὰ

2221 1296 2502 1366 περιόδους
2522 1295 2678 1361 ἐτῶν,
2708 1296 2773 1348 δι’
2800 1295 2866 1366 ἦν
2882 1297 3056 1348 αἰτίαν
3076 1295 3329 1366 ἐροῦμεν,
3353 1296 3586 1366 ἔχουσαν
3609 1294 3849 1357 οὓτως-

2220 1389 2294 1442 Τὸ
2321 1389 2408 1441 διά
2440 1389 2544 1452 τξε¹
2569 1389 2793 1459 ἡμερῶν
2815 1389 2908 1442 καὶ
2945 1389 2986 1442 δ’
3026 1388 3204 1457 λέγειν
3249 1388 3337 1441 τὸν
3377 1389 3532 1458 ἥλιον
3565 1388 3699 1440 ἀπὸ
3739 1388 3850 1439 τοῦ

2221 1479 2387 1533 αὑτοῦ
2420 1481 2646 1550 σημείου
2680 1481 2758 1543 εἰς
2792 1481 2852 1533 τὸ
2895 1480 3026 1534 αὐτὸ
3064 1478 3438 1546 καθίστασθαι,
3478 1480 3852 1550 παχυμρέ-

2223 1587 2414 1640 στερον
2457 1572 2704 1640 εἴρηται·
2751 1571 2889 1623 κατά
2936 1571 2994 1622 δὲ
3037 1570 3098 1622 τὸ
3146 1570 3536 1641 ἀκριϐέστερον
3572 1571 3760 1641 παρὰ
3791 1588 3849 1622 τι

2226 1665 2411 1734 μόριον
2437 1681 2449 1693 ·
2481 1665 2557 1727 ὡς
2592 1664 2690 1734 μὲν
2720 1665 2748 1716 ὁ
2775 1664 3102 1734 Πτολεμαῖος
3136 1667 3193 1717 ἐν
3229 1666 3294 1734 τῇ
3326 1663 3622 1727 Συντάξει
3661 1666 3849 1732 φησι,

2224 1756 2564 1828 τριακοστὸν,
2599 1757 2675 1819 ὡς
2701 1757 2757 1810 δὲ
2783 1757 2915 1811 οἵτε
2943 1757 3092 1827 παρὰ
3119 1758 3356 1828 Πέρσαις
3382 1755 3444 1809 τὸ
3473 1757 3581 1826 τῆς
3614 1757 3851 1826 ἀστρο-

2226 1848 2417 1918 νομίας
2471 1849 2874 1920 μετερχόμενοι,
2909 1849 3003 1902 καὶ
3043 1851 3222 1919 ἡμεῖς,
3274 1847 3372 1918 τὴν
3424 1846 3660 1917 θερινὴν
3706 1865 3851 1899 σκο-

2221 1940 2451 2004 ποῦντες
2485 1942 2691 2012 τροπὴν
2723 1941 3100 2004 ἀνατέλλοντος
3130 1941 3222 1994 τοῦ
3264 1941 3438 2011 ἡλίου,
3475 1941 3548 1994 δι’
3583 1942 3847 2011 ἡμερῶν

2221 2033 2478 2092 πλειόνων
2509 2033 2941 2103 ἐποχασάμεθα,
2968 2031 3336 2087 διακοσιοστοῦ
3368 2032 3578 2104 μεῖζον,
3609 2033 3846 2104 μᾶλλον

2219 2122 2276 2175 δὲ
2305 2123 2325 2154 ⁹
2359 2125 2551 2195 βραχεῖ
2594 2141 2697 2176 τινι
2747 2124 2965 2178 ἔλαττον
3021 2123 3336 2188 ἑκατοστοῦ,
3372 2125 3728 2194 εὑρίσκομεν
3777 2125 3845 2177 τὸ

2225 2213 2410 2284 μόριον
2441 2214 2617 2279 τοῦτο,
2648 2214 2676 2266 ὃ
2703 2214 2808 2267 τῶν
2835 2215 2938 2278 τξε¹
2963 2216 3056 2268 καί
3076 2215 3114 2267 δ’
3145 2216 3394 2286 ἀφαιρεῖν
3426 2215 3527 2267 δεῖ.
3560 2215 3685 2285 Τὴν
3719 2215 3843 2284 γὰρ

2222 2305 2442 2377 ἐαρινὴν
2480 2307 2770 2376 ἰσημερίαν
2797 2309 2862 2377 τῇ
2897 2314 2981 2360 κα⁹
3015 2307 3109 2360 τοῦ
3140 2307 3383 2378 Μαρτίου
3412 2307 3582 2377 φησὶν
3607 2310 3637 2359 ό
3679 2309 3841 2359 Πτο-

2221 2399 2441 2470 λεμαῖος
2474 2401 2531 2452 ἐν
2555 2403 2666 2463 τοῖς
2711 2403 2830 2452 κατ’
2855 2401 3017 2454 αὑτὸν
3057 2401 3266 2472 χρόνοις
3298 2401 3569 2469 γίνεσθαι.
3620 2400 3841 2470 Ἡμεῖς

2221 2489 2279 2543 δὲ
2315 2492 2420 2562 πρὸ
2451 2495 2550 2562 τῆς
2589 2499 2649 2544 ιε’
2676 2492 2770 2545 τοῦ
2809 2492 2974 2545 αὑτοῦ
3009 2492 3177 2564 μηνὸς
3216 2494 3274 2545 ἐν
3319 2494 3431 2556 τοῖς
3480 2491 3612 2544 καθ’
3663 2494 3837 2561 ἡμεῖς

2223 2582 2436 2653 χρόνοις
2478 2583 2681 2654 ταύτην
2731 2583 3100 2654 λαμϐάνομεν,
3137 2583 3244 2636 ἀπὸ
3276 2583 3375 2653 τῆς
3421 2583 3567 2635 κατά
3598 2583 3705 2653 τὴν
3734 2583 3834 2635 θε-

2224 2677 2378 2748 ρινὴν
2405 2676 2611 2747 τροπὴν
2644 2677 2928 2747 τηρήσεως
2974 2677 3179 2746 ταύτην
3221 2674 3392 2738 οὕτως
3424 2675 3834 2745 ἐπιλογιζόμε-

2223 2786 2322 2822 νοι.
2377 2770 2488 2822 Kal.
2537 2767 2720 2838 ἐπειδὴ
2775 2771 2804 2820 ό
2848 2767 3140 2831 Μωσαῖκὸς
3191 2768 3352 2838 νόμος
3403 2769 3473 2838 τῇ
3522 2766 3671 2836 μετὰ
3723 2768 3830 2836 τὴν

2224 2860 2442 2931 ἐαρινὴν
2485 2861 2772 2932 ἰσημερίαν
2819 2866 2866 2913 α’
2914 2860 3233 2930 πανσελήνῳ
3281 2858 3444 2921 εὐθὺς
3501 2860 3633 2921 τοὺς
3686 2860 3829 2911 ’ῐουι

2223 2952 2404 3014 δαίους
2435 2951 2608 3004 τελεῖν
2645 2952 2707 3004 τὸ
2740 2952 2932 3022 Πάσχα
2967 2950 3368 3022 προτρέπεται·
3401 2949 3525 3003 καθ’
3570 2948 3671 3012 οὓς
3720 2952 3825 3019 μὲν

2223 3043 2444 3113 χρόνους
2478 3043 2704 3114 συνέστη
2735 3042 2794 3095 τὸ
2821 3043 3112 3113 εἰρημένον
3155 3041 3419 3103 κανόνιον,
3447 3039 3551 3109 τῆς
3586 3042 3822 3111 ἐαρινῆς

543 3130 842 3200 plenilunia
865 3130 1048 3185 statim
1072 3129 1280 3184 Pascha
1325 3130 1600 3186 celebrare
1625 3129 1828 3186 Jud:eis
1851 3133 2116 3202 praecipit:

2229 3135 2517 3207 ἰσημερίας
2544 3139 2608 3206 τῇ
2645 3142 2726 3188 κα¹
2753 3133 3019 3204 Μαρτίου,
3051 3133 3085 3204 ἢ
3111 3134 3204 3186 καὶ
3241 3133 3347 3203 πρὸ
3379 3132 3550 3202 αὐτῆς
3580 3132 3818 3201 ἔγγιστα

543 3239 655 3294 quo
681 3233 923 3292 tempore
952 3237 1132 3276 canon
1161 3221 1445 3277 Paschalis
1481 3231 1836 3279 constructus
1868 3233 1971 3290 est,
1996 3240 2120 3287 cum

2224 3226 2586 3296 τελουμένης’
2626 3228 2681 3278 αἰ
2729 3226 2787 3278 ἐν
2832 3224 2911 3294 τῷ
2959 3225 3188 3294 κανονίῳ
3222 3222 3627 3294 παρακείμεναι
3674 3240 3815 3276 παν-

545 3317 755 3371 scilicet
776 3331 1003 3369 vernum
1041 3315 1433 3384 aequinoctium
1475 3316 1530 3370 in
1561 3333 1653 3370 xxi
1705 3326 1799 3371 aut
1831 3333 1903 3371 xx
1944 3317 2121 3372 Martii

546 3408 940 3478 propemodum
993 3409 1396 3472 conﬁceretur;
1445 3408 1867 3476 pleniluniorum
1903 3410 2020 3464 dies
2066 3411 2123 3464 iu

545 3513 755 3554 canone
784 3499 956 3553 notati
981 3507 1033 3552 et
1053 3497 1342 3552 Judaicum
1370 3497 1582 3554 Pascha
1604 3501 2121 3572 indicantes,prima

543 3592 763 3662 quidem
794 3599 924 3648 sunt
956 3591 1058 3646 rite
1087 3603 1210 3661 post
1233 3594 1621 3664 aequinoctium
1654 3595 1978 3665 plenilunia.
2003 3595 2124 3650 Non

543 3684 691 3736 enim
711 3684 949 3753 reperies
977 3698 1243 3738 canonem
1268 3685 1578 3754 transgredi
1599 3686 1956 3755 plenilunium
1981 3688 2126 3744 vice-

547 3773 699 3827 sima:
721 3775 908 3842 primae
935 3771 1134 3839 Martii,
1166 3775 1310 3843 quod
1341 3774 1559 3844 quidem
1589 3784 1721 3830 tunc
1750 3785 1866 3832 erat
1888 3779 2123 3847 primum

548 3871 674 3934 post
705 3865 1116 3933 aequinoctium,
1160 3864 1308 3918 aliud
1342 3873 1527 3920 autem
1566 3867 1742 3922 vicem
1768 3868 1888 3938 ejus
1920 3869 2127 3924 substi-~

549 3963 724 4010 tuere.
761 3954 916 4009 Nunc
935 3970 1064 4010 vero
1091 3970 1216 4010 cum
1240 3972 1469 4010 vernum
1495 3957 1884 4026 aequinoctium
1911 3973 2006 4012 sex
2030 3965 2126 4013 aut

549 4047 801 4118 pluribus
843 4047 1038 4104 diebus
1087 4057 1237 4104 retro
1276 4064 1626 4118 progressum
1669 4049 1854 4116 fuerit,
1897 4062 2124 4120 possent

549 4156 673 4195 esse
704 4141 807 4193 alia
839 4141 1012 4211 prima
1053 4141 1350 4210 plenilunia
1380 4150 1506 4195 ante
1535 4157 1626 4194 xxi
1654 4140 1853 4207 Martii,
1896 4143 1951 4198 in
1999 4145 2123 4214 qui—

547 4231 652 4287 bus
681 4230 853 4285 Judaei
887 4231 1105 4302 quidem
1138 4230 1350 4285 Pascha
1395 4232 1692 4296 celebrent,
1720 4248 1822 4288 nos
1853 4249 1982 4290 vero
2014 4237 2126 4306 ple-

546 4324 754 4379 nilunia
779 4323 1008 4378 canonis
1032 4334 1322 4393 sequentes
1352 4326 1622 4396 integrum
1655 4342 1899 4383 mensem
1932 4343 1963 4382 a
1997 4345 2125 4384 con-

545 4431 684 4487 gruo
717 4424 958 4487 tempore
988 4416 1382 4473 desciscamus.
1414 4416 1557 4473 Ante
1589 4433 1766 4474 annos
1791 4421 1935 4475 enim
1967 4421 2123 4492 quin-

2227 3313 2542 3386 σεληνιακαὶ
2582 3317 2806 3386 ἡμέραι,
2855 3317 2947 3368 καὶ
2982 3314 3043 3367 τὸ
3074 3315 3362 3368 Ἰουδαϊκὸν
3393 3315 3653 3386 δηλοῦσαι
3699 3316 3814 3370 Πά-

2227 3422 2358 3475 σχα,
2408 3406 2622 3477 πρῶταί
2669 3410 2805 3458 εἰσιν
2861 3406 3120 3476 ἀσφαλῶς
3175 3406 3313 3477 μετὰ
3360 3406 3459 3476 τὴν
3514 3407 3809 3478 ἰσημερίαν

2223 3497 2566 3567 πανσέληνοι.
2601 3497 2734 3550 Οὑδέ
2761 3497 2869 3567 γὰρ
2908 3497 3088 3569 εὕροις
3125 3498 3191 3551 ἂν
3235 3498 3295 3550 τὸ
3342 3497 3588 3551 κανόνιον
3623 3515 3809 3570 παρα-

2222 3588 2414 3658 τρέχον
2448 3588 2545 3657 μὲν
2578 3589 2676 3659 τὴν
2698 3589 2756 3641 ἐν
2785 3591 2850 3659 τῇ
2882 3595 2966 3641 κα¹
3000 3588 3092 3641 τοῦ
3117 3589 3380 3661 ,Μαρτίου
3429 3589 3770 3659 πανσέληνον
3792 3608 3806 3620 ·

2222 3677 2343 3746 ἥτις
2371 3683 2418 3729 α’
2443 3672 2512 3748 ἦν
2542 3677 2680 3747 μετά
2720 3677 2818 3748 τήν
2862 3678 3153 3749 ἰσημερίαν
3183 3679 3326 3743 τότε,
3359 3679 3472 3731 ἀντ’
3502 3680 3721 3748 ἐκείνης
3753 3681 3808 3732 δὲ

2223 3769 2416 3838 ἑτέραν
2444 3769 2542 3838 τὴν
2575 3771 2693 3838 μετ’
2723 3769 2938 3840 ἐκείνην
2967 3769 3201 3840 ἔκρινον.
3229 3769 3342 3822 Νῦν
3371 3770 3425 3823 δὲ
3455 3771 3553 3841 τῆς
3583 3772 3808 3841 ἐαρινῆς

2228 3861 2516 3932 ἰσημερίας
2554 3860 2612 3926 ἒξ
2651 3860 2907 3933 ἡμέραις,
2941 3861 2974 3931 ἢ
3008 3861 3102 3914 καί
3137 3861 3376 3914 πλείοσιν
3407 3863 3809 3933 όπισθοδρομη-

2225 3951 2417 4021 σάσης,
2443 3951 2672 4004 δύναιντ’
2695 3953 2762 4006 ἂν
2790 3952 2946 4006 ἄλλαι
2977 3953 3192 4024 πρῶται
3220 3952 3542 4024 πανσέληνοι
3577 3954 3682 4024 πρὸ
3707 3955 3810 4022 τῆς

2224 4049 2309 4096 κα¹
2330 4042 2424 4096 τοῦ
2457 4044 2703 4114 Μαρτίου
2742 4044 3006 4114 γίνεσθαι,
3042 4045 3164 4099 καθ’
3193 4044 3262 4108 ἃς
3304 4045 3411 4098 τῶν
3449 4045 3721 4099 Ἰουδαίων
3749 4045 3811 4100 τὸ

2224 4138 2416 4206 Πάσχα
2440 4137 2757 4202 τελούντων,
2783 4139 2944 4208 ἡμεῖς
2976 4140 3096 4201 ταῖς
3128 4140 3188 4191 ἐν
3233 4137 3312 4208 τῷ
3355 4138 3538 4191 κανόνι
3585 4138 3810 4192 ἀκολου-

2226 4227 2462 4292 θοῦντες,
2497 4226 2786 4298 ὁλόκληρον
2826 4231 2971 4300 μῆνα
3011 4227 3107 4280 τοῦ
3148 4229 3512 4300 προσήκοντος
3546 4227 3812 4297 ὑστεροῦ-

2228 4337 2327 4391 μεν
2366 4319 2580 4391 καιροῦ.
2621 4319 2736 4391 Πρὸ
2774 4319 2983 4390 χρόνων
3019 4318 3129 4390 γὰρ
3174 4319 3531 4389 πεντήκοντα,
3580 4318 3702 4382 νέος
3732 4319 3812 4374 ὢν

2226 4414 2306 4467 ἔτι
2330 4414 2426 4484 τὴν
2458 4413 2695 4484 ἡλικίαν,
2731 4413 2842 4483 ἐγὼ
2874 4413 2993 4484 μὲν,
3029 4413 3184 4484 παρά
3217 4431 3324 4466 τινι
3355 4411 3462 4465 τῶν
3511 4412 3808 4482 Θρᾳκικῶν

545 4509 830 4579 quaginta,
884 4522 1009 4562 cum
1059 4507 1240 4563 adhuc
1277 4517 1435 4564 aetate
1469 4510 1689 4580 juvenis
1741 4527 1940 4574 essem,
1977 4522 2031 4568 et
2063 4515 2118 4568 in

2227 4505 2433 4559 πόλεων
2467 4505 2778 4576 διατρίϐων,
2810 4505 2956 4576 Αἴνῳ
2988 4505 3317 4577 καλουμένῃ,
3353 4499 3490 4556 εἶδον
3527 4505 3652 4556 τότε
3677 4506 3808 4569 τοὺς

545 4602 780 4671 quadam
815 4600 1059 4655 Thracia:
1083 4602 1238 4667 urbe,
1262 4604 1348 4656 cui
1387 4618 1582 4658 nomen
1615 4603 1810 4668 1Enos,
1842 4605 2115 4675 degerem,

546 4695 654 4748 vidi
690 4696 792 4750 loci
823 4695 1120 4765 inquilinos
1150 4694 1368 4752 Iudaeos
1401 4698 1663 4753 vicesima
1695 4698 1875 4754 Martii
1908 4699 2119 4756 Pascha

548 4803 707 4841 suum
741 4787 980 4842 obivisse
1012 4806 1024 4842 :
1062 4804 1163 4843 nos
1191 4804 1322 4842 vero
1347 4796 1597 4844 nostrum
1633 4800 1882 4846 sanctum
1911 4791 2121 4850 Pascha

545 4880 808 4934 vicesima
840 4880 1002 4933 tertia
1039 4879 1243 4950 Aprilis
1277 4882 1697 4947 celebravimus,
1749 4885 1926 4939 secuti
1975 4885 2120 4941 diem

545 4970 828 5038 plenilunii
857 4972 1085 5025 canonis
1107 4974 1163 5025 in
1192 4987 1324 5025 xvut
1343 4973 1548 5043 Aprilis
1576 4980 1838 5029 notatam.
1860 4975 1971 5046 Ego
1999 4978 2122 5047 qui-

545 5061 668 5116 dem
699 5069 830 5116 tunc
859 5077 973 5115 rem
1006 5061 1308 5120 admiratus
1345 5080 1467 5119 sum
1495 5065 1674 5120 adhuc
1708 5067 1862 5124 rudis
1910 5070 2124 5125 mathe-

547 5155 871 5208 maticarum
903 5169 1106 5209 rerum.
1140 5156 1338 5212 Postea
1359 5171 1489 5211 vero
1510 5173 1708 5214 causas
1744 5160 1820 5215 rei
1851 5175 1918 5215 ex
1943 5169 2124 5216 astro-

545 5248 780 5302 nomicis
815 5246 1123 5316 disciplinis
1151 5248 1376 5304 edoctus
1414 5254 1631 5319 percepi
1665 5251 1771 5306 hoc
1801 5253 1905 5307 rite
1943 5259 2124 5310 conti-

546 5341 711 5410 gisse.
751 5339 827 5392 Ex
855 5338 942 5394 his
1001 5339 1166 5408 igitur
1195 5347 1434 5404 constat,
1485 5341 1698 5410 quoties
1726 5344 1972 5412 proxime
2025 5362 2124 5402 ex-

546 5439 728 5485 actum
759 5445 984 5484 vernum
1008 5431 1416 5499 aequinoctium,
1459 5432 1563 5486 hoc
1592 5441 1676 5488 est
1704 5451 1773 5488 xv
1804 5435 2001 5500 Martii,
2023 5455 2121 5494 us-

547 5538 653 5590 que
686 5521 752 5575 ad
782 5537 852 5575 xx
880 5521 1148 5590 ejusdem,
1177 5523 1446 5593 contingit
1477 5525 1836 5593 plenilunium
1862 5527 2000 5593 ﬁeri,
2022 5547 2123 5586 nos

549 5626 580 5668 a
612 5613 796 5683 regula
824 5613 1088 5668 deiicere:
1121 5615 1266 5684 quod
1295 5615 1359 5670 ad
1383 5617 1676 5684 plenilunia
1712 5619 1912 5690 Aprilis
1945 5629 2125 5679 trans-

627 5769 647 5798 '
677 5767 804 5823 Ilwc
838 5785 940 5823 non
972 5768 1121 5822 habet
1158 5769 1418 5841 Scaliger.

2224 4600 2402 4650 ἐκεῖσε
2440 4599 2539 4668 τὴν
2569 4599 2781 4668 οἴκησιν
2825 4596 3179 4668 ποιουμένους
3218 4595 3504 4658 Ἰουδαίους
3533 4598 3599 4666 τῇ
3637 4603 3685 4648 κ’
3710 4597 3806 4650 τοῦ

2223 4689 2469 4762 Μαρτίου
2508 4690 2568 4742 τὸ
2594 4691 2791 4742 οἰκεῖον
2841 4689 3034 4758 Πάσχα
3073 4689 3430 4751 τελέσαντας·
3475 4686 3537 4740 τὸ
3575 4687 3636 4740 δὲ
3680 4689 3805 4741 καθ’

2225 4783 2372 4853 ἡμᾶς
2399 4781 2554 4849 ἅγιον
2586 4780 2778 4850 Πάσχα
2811 4782 2972 4851 ἡμεῖς
2995 4782 3062 4850 τῇ
3098 4785 3146 4832 κ’
3169 4777 3264 4831 τοῦ
3310 4776 3582 4848 Ἀπριλίου
3625 4778 3807 4832 ἐτελέ-

2227 4893 2421 4945 σαμεν,
2453 4873 2919 4945 ἀκολουθήσαντες
2956 4875 3022 4944 τῇ
3071 4873 3129 4924 ἐν
3166 4871 3244 4940 τῷ
3271 4869 3497 4940 κανονίῳ
3537 4870 3635 4922 τοῦ
3671 4873 3803 4924 Ἰου-

2222 4969 2409 5023 δαϊκοῦ
2439 4968 2630 5037 Πάσχα
2674 4963 3149 5035 διαλαμϐανομένῃ
3187 4963 3589 5033 πανσεληνιακῇ
3623 4963 3804 5036 ἡμέρᾳ⁸

2235 5059 2511 5133 Ἀπριλίου
2543 5067 2632 5132 ιη’.
2662 5059 2774 5112 Καὶ
2806 5058 2928 5110 τότε
2959 5057 3056 5128 μὲν
3104 5053 3216 5122 ἐγὼ
3249 5057 3307 5108 ἐν
3339 5053 3563 5125 ἀπόροις
3600 5053 3802 5125 ἐθέμην

2220 5156 2283 5210 τὸ
2322 5157 2576 5226 πρᾶγμα,
2615 5155 2780 5223 μήπω
2833 5147 3227 5220 μαθηματικῶν
3271 5147 3548 5218 ἁψάμενος
3587 5146 3799 5214 λόγων·

2225 5247 2449 5318 ὕστερον
2475 5246 2551 5310 δὲ,
2587 5244 2686 5307 τὰς
2724 5242 2903 5305 αἰτίας
2937 5240 3045 5292 τῶν
3086 5239 3357 5325 τοιούτων.
3384 5239 3447 5290 ἐκ
3476 5237 3580 5306 τῆς
3610 5239 3792 5309 ἀστρο-

2225 5341 2455 5410 νομικῆς
2486 5336 2672 5409 μαθὼν
2704 5336 3035 5405 ἐπιστήμης,
3057 5332 3229 5396 ἔγνων
3253 5328 3525 5383 καὶτοῦτο
3553 5329 3693 5382 κατὰ
3715 5330 3801 5382 τὸν

2229 5433 2414 5486 εἰκότα
2437 5430 2594 5498 λόγον
2626 5426 2861 5497 συμϐάν.
2907 5423 3140 5494 Φανερὸν
3186 5422 3294 5491 ἄρα
3339 5419 3560 5487 γέγονεν
3589 5421 3656 5473 ἐκ
3685 5421 3804 5474 τού-

2229 5547 2358 5589 των,
2388 5528 2492 5591 ὅτι,
2512 5492 2756 5593 ’ὁπηνίκα
2780 5492 3168 5587 σύνεγγυςήτῆς
3207 5512 3468 5585 ἀκριϐοῦς
3497 5492 3818 5593 ἰσημερίαςξ

2230 5616 2508 5676 τουτέστιν
2535 5591 2646 5670 ἀπο
2670 5612 2773 5681 τῆς
2797 5608 2890 5667 τοῦ
2913 5606 3158 5679 Μαρτίου
3188 5611 3268 5672 ιε’,
3291 5604 3396 5669 ἕως
3423 5603 3525 5675 τῆς
3546 5608 3594 5653 κ’
3618 5591 3819 5681 αὐτοῖς
