4022 6398
510 391 651 450 1515
1547 395 1638 450 AD
1677 396 1947 453 EUSEBII
1983 399 2080 455 C111

2183 399 2390 457 NICON
2434 400 2802 458 APPENDIX.
3638 403 3789 459 1516

1140 508 1206 564 Ρ.
1354 511 1387 563 5
1567 509 1628 566 Ρ.
1704 511 1737 564 9
1916 511 1976 566 Ρ.
2057 514 2080 568 8

2270 513 2442 569 Ρ.7
2622 513 2795 569 Ρ.6
2972 511 3149 572 Ρ.5
3326 513 3494 567 Ρ.4

512 579 580 632 12
725 579 791 633 Μ.
901 580 970 636 50
1255 579 1286 631 7
1643 582 1666 632 1
1989 582 2026 636 2

2346 585 2381 638 5
2700 585 2736 638 4
3050 585 3085 638 5
3405 584 3437 637 6
3713 585 3791 640 15

1140 647 1212 704 M.
1323 649 1387 704 51
1562 651 1630 706 Α.
1707 652 1739 704 6
1916 652 1981 706 Α.
2059 651 2095 708 5
2273 654 2338 708 Α.
2416 653 2451 708 4
2626 655 2692 710 Α.
2769 654 2803 709 5
2979 652 3043 708 Α.
3118 654 3154 708 2
3329 655 3396 712 Α.
3470 654 3497 708 1

1162 742 1392 819 J._27
1581 743 1744 819 J._26
1924 746 2101 819 11.25
2296 747 2457 819 ιρι
2636 747 2800 819 1.25
2977 745 3151 803 F.29
3339 747 3494 805 λεδ

511 814 577 866 15
723 809 791 865 Μ.
908 811 975 866 19
1256 814 1290 866 5
1643 815 1677 868 4
1925 809 1935 819 ’
1999 819 2031 873 5
2350 818 2384 872 6
2706 817 2738 870 7
3059 819 3082 871 1
3406 820 3441 873 2
3703 819 3786 875 26

1142 881 1214 936 M.
1323 882 1395 937 24
1574 883 1643 938 Μ.
1686 886 1758 940 25
1914 886 1986 943 Μ.
2025 887 2098 942 22
2279 887 2350 942 Μ.
2380 889 2444 942 21
2497 971 2502 974 _
2621 888 2690 942 Μ.
2721 887 2793 944 20
2968 887 3040 943 Μ.
3074 888 3145 943 26
3322 889 3394 946 Μ.
3423 890 3492 944 25

1138 974 1197 1029 F.
1314 976 1383 1029 17
1574 975 1638 1032 Ρ.
1681 979 1749 1034 16
1922 979 1982 1035 Ρ.
2026 983 2094 1039 15
2275 980 2338 1035 Ρ.
2375 982 2440 1036 14
2620 979 2680 1036 Ρ.
2726 981 2796 1036 15
2969 981 3031 1036 Ρ.
3074 983 3142 1036 12
3321 986 3382 1038 ιε’.
3424 982 3485 1036 11

512 1044 578 1098 14
720 1045 784 1098 Α.
933 1045 963 1097 7
1245 1046 1271 1099 1
1631 1049 1669 1103 2
1985 1052 2020 1106 5

2342 1052 2376 1105 4
2694 1051 2728 1106 5
3045 1051 3080 1105 6
3396 1053 3428 1105 7
3747 1051 3784 1105 7

1141 1116 1206 1168 Α.
1318 1116 1386 1172 14
1565 1118 1630 1173 Α.
1670 1120 1738 1175 15
1914 1123 1982 1176 Α.
2023 1121 2080 1175 1i

2268 1122 2331 1176 A.
2377 1121 2436 1174 11
2620 1121 2685 1176 A.
2725 1120 2793 1174 10
2964 1122 3029 1176 Α.
3104 1121 3140 1176 9
3317 1122 3381 1176 Α.
3457 1122 3490 1178 8

1139 1207 1198 1264 Ρ.
1347 1210 1381 1263 5
1561 1208 1626 1266 Ρ.
1700 1211 1737 1265 2
1911 1212 1973 1267 Ρ.
2054 1214 2080 1267 1

2275 1213 2431 1269 Ι.51
2619 1211 2789 1267 Ρ.6
2969 1212 3488 1269 Ρ.5“Ρ.4

509 1277 576 1332 15
723 1277 793 1331 Μ.
899 1275 970 1331 27
1251 1279 1286 1332 4
1643 1282 1678 1335 5
1993 1283 2027 1337 6

2342 1282 2374 1337 7
2696 1281 2720 1334 1
3042 1283 3076 1337 2
3394 1283 3429 1339 5
3704 1283 3780 1340 18

1140 1348 1209 1403 M.
1312 1351 1374 1406 δι
1552 1349 1724 1406 111.50
1899 1351 2079 1436 {1.29

2254 1353 2326 1408 M.
2357 1353 2428 1407 28
2605 1353 2671 1409 Α.
2747 1353 2782 1406 5
2959 1354 3024 1406 Α.
3099 1353 3135 1408 2
3315 1355 3382 1408 Α.
3459 1355 3484 1410 1

1139 1441 1204 1498 F.
1313 1444 1385 1499 24
1554 1441 1615 1497 Ρ.
1655 1444 1727 1499 25
1901 1444 1962 1499 Ρ.
2004 1446 2077 1499 22
2249 1444 2310 1502 Ρ.
2351 1446 2416 1499 21
2599 1443 2660 1498 F.
2703 1443 2774 1497 20
2952 1444 3012 1501 F.
3064 1447 3131 1501 19
3320 1447 3382 1502 Ρ.
3418 1446 3489 1502 25

508 1508 576 1564 16
717 1509 782 1564 Α.
896 1512 962 1567 15
1244 1514 1278 1568 2
1631 1515 1666 1566 5
1951 1516 1986 1569 4

2315 1517 2350 1568 5
2670 1515 2704 1569 6
2988 1569 2992 1580 ,
3026 1517 3057 1570 7
3388 1519 3414 1571 1
3701 1517 3777 1575 29

1134 1581 1199 1636 Α.
1310 1583 1372 1638 21
1551 1583 1618 1638 Α.
1657 1584 1728 1639 20
1903 1585 1971 1641 Α.
2014 1586 2082 1641 19
2257 1587 2322 1640 Α.
2366 1586 2434 1640 18
2610 1586 2674 1641 Α.
2717 1586 2786 1640 17
2958 1587 3025 1642 A.
3067 1587 3134 1642 16
3312 1589 3379 1643 Α.
3419 1587 3489 1642 22

1138 1671 1203 1728 F.
1315 1673 1382 1728 10
1560 1673 1622 1728 F.
1699 1674 1732 1728 9
1910 1672 1970 1729 F.
2050 1676 2080 1730 8

2263 1676 2325 1732 F.
2405 1677 2436 1728 7
2615 1675 2676 1730 F.
2722 1674 2792 1728 15
2969 1673 3030 1729 Ρ.
3074 1676 3142 1730 12
3316 1678 3380 1733 Ρ.
3422 1679 3482 1734 11

507 1739 576 1794 17
717 1741 783 1798 Α.
889 1739 960 1797 25
1239 1743 1275 1798 4
1634 1745 1666 1799 5
1986 1745 2018 1800 6

2340 1748 2375 1801 7
2691 1746 2714 1799 1
3032 1749 3068 1801 2
3376 1747 3419 1806 ·5
3703 1750 3777 1804 10

1141 1812 1211 1868 A.
1356 1815 1386 1866 7
1563 1815 1629 1869 A.
1703 1813 1736 1868 6
1902 1815 1967 1869 Α.
2045 1815 2080 1870 5

2255 1816 2322 1871 Δ.
2396 1817 2431 1871 4
2609 1817 2675 1874 Α.
2719 1820 2787 1875 10
2961 1818 3027 1872 Α.
3103 1817 3138 1872 9
3311 1819 3379 1875 A.
3453 1821 3488 1876 8

1159 1904 1208 1960 J.
1319 1907 1388 1961 27
1573 1907 1635 1963 F.
1710 1907 1747 1962 2
1921 1907 1984 1962 F.
2063 1910 2080 1963 1

2290 1909 2338 1964 εἰ.
2382 1912 2444 1966 51
2625 1909 2675 1966 J.
2717 1913 2788 1968 50
2974 1911 3026 1967 J.
3073 1911 3143 1966 29
3327 1910 3376 1968 J.
3416 1912 3485 1967 28

506 1973 580 2030 18
720 1974 792 2030 Μ.
900 1974 973 2028 25
1254 1977 1285 2030 7
1644 1980 1666 2032 1
1993 1979 2027 2032 2

2335 1981 2369 2036 5
2687 1985 2722 2036 4
3039 1983 3074 2038 5
3384 1982 3417 2036 6
3696 1982 3776 2038 22

1141 2045 1213 2102 Μ.
1321 2046 1394 2102 24
1563 2047 1635 2102 Μ.
1677 2050 1746 2103 50
1917 2048 1988 2105 Μ.
2024 2049 2095 2104 29
2267 2050 2337 2106 Μ.
2374 2051 2444 2106 28
2618 2052 2688 2106 Μ.
2718 2052 2788 2106 27
2965 2051 3038 2106 Μ.
3069 2051 3140 2106 26
3306 2051 3377 2106 Μ.
3408 2051 3478 2106 25

1142 2141 1205 2197 Ρ.
1317 2143 1384 2196 17
1559 2140 1622 2196 F.
1667 2143 1734 2197 16
1912 2142 1974 2200 F.
2022 2144 2080 2199 15

2269 2144 2331 2200 Ρ.
2370 2147 2434 2200 21
2619 2145 2680 2200 Ρ.
2724 2147 2792 2201 15
2968 2144 3031 2200 Ρ.
3075 2146 3142 2202 19
3319 2144 3382 2200 F.
3426 2146 3490 2200 18

512 2207 584 2264 19
722 2209 788 2264 Δ.
891 2211 952 2265 11
1239 2212 1274 2266 5
1626 2213 1659 2267 6
1981 2214 2011 2266 7

2332 2217 2358 2270 1
2678 2216 2714 2270 2
3033 2217 3068 2271 5
3381 2218 3415 2272 4
3729 2209 3772 2266 2

1138 2283 1204 2335 Δ.
1315 2282 1382 2337 14
1559 2283 1626 2338 Α.
1668 2285 1736 2339 15
1897 2283 1964 2337 Α.
2008 2283 2076 2338 12
2259 2285 2324 2341 Α.
2367 2286 2435 2341 18
2612 2289 2676 2343 Α.
2713 2288 2780 2341 12
2958 2287 3024 2343 Α.
3062 2286 3131 2341 16
3305 2287 3370 2342 Δ.
3413 2287 3480 2341 15

509 2435 3767 2473 ~————-——————-—-———————-———-—_

1655 2595 2195 2688 ΜΕΘΟΔΟΣ
2269 2599 2613 2684 ΕΤΕΡΑ

653 2780 1052 2855 Ἃνεπίγραφος
1075 2781 1353 2855 φερομένη
1379 2781 1437 2835 ὲν
1469 2779 1686 2851 παλαιῷ
1713 2797 1820 2834 τινι
1850 2777 2062 2850 βιϐλίῳ,
2113 2777 2235 2849 ἥτις
2279 2779 2373 2832 καὶ
2403 2777 2496 2832 τοῦ
2529 2778 2696 2834 αὑτοῦ
2730 2775 2869 2835 εἶναι
2898 2779 3050 2838 δοκεῖ
3084 2781 3332 2837 Ἰσαάκου
3369 2783 3627 2856 μοναχοῦ..

973 3019 1638 3115 METHODUS
1708 3023 2217 3150 ALTERA,
2293 3027 2563 3120 SIVE
2653 3026 3298 3122 COMPUTUS

1709 3229 1936 3271 NULLIUS
1987 3231 2190 3272 TITULO
2239 3232 2549 3273 INSCRIPTUS

999 3365 1090 3421 Ita
1121 3373 1294 3421 tamen
1324 3375 1382 3420 ut
1409 3367 1644 3437 ejusdem
1691 3367 1874 3423 Isaaci
1904 3371 2145 3425 monachi
2173 3370 2413 3426 videatur
2444 3389 2577 3437 esse,
2607 3374 2697 3444 qui
2735 3375 2928 3443 prioris
2954 3383 3033 3430 est
3059 3384 3266 3432 auctor.

573 3597 734 3670 207
772 3594 909 3651 Cum
946 3603 1024 3660 tu,
1056 3596 1463 3651 monachorum
1503 3597 1974 3666 praestantissime,
2020 3607 2075 3654 et
2105 3612 2152 3667 Α

2115 3514 2186 3526 ﬂ

2261 3602 2623 3681 Ἐπειδήπερ,
2687 3601 2940 3673 μοναχῶν
2990 3601 3324 3673 τιμιώτατε,
3376 3604 3472 3656 καὶ
3515 3604 3763 3676 ἀδελφῶν

511 3689 744 3746 fratrum
772 3688 827 3742 in
856 3686 1076 3741 Christo
1106 3685 1239 3739 mihi
1269 3684 1641 3755 optatissime,
1689 3685 1831 3740 scire
1880 3684 1947 3740 de
1996 3701 2080 3740 me

2188 3711 2277 3763 μοι
2307 3693 2448 3748 κατὰ
2481 3692 2714 3764 Χριστὸν
2760 3693 3130 3759 ποθεινότατε,
3179 3693 3380 3747 εἰδέναι
3423 3694 3642 3765 μέθοδον
3688 3697 3759 3762 ι’,

503 3781 745 3837 volueris
773 3777 1092 3834 methodum
1125 3778 1384 3847 aliquam,
1413 3793 1521 3847 qua
1567 3776 1886 3847 investigari
1921 3776 2082 3834 facile

503 3874 681 3943 possit
709 3880 818 3925 tam
845 3867 1168 3924 lndictionis
1199 3869 1409 3939 cyclus,
1439 3883 1604 3938 quam
1639 3869 1773 3924 solis
1797 3875 1852 3924 et
1887 3869 2030 3923 lunae
2064 3889 2078 3925 :

504 3974 622 4021 tum
653 3964 817 4034 hujus
844 3971 1105 4034 praeterea
1139 3960 1556 4015 fundamentum
1595 3979 1608 4016 :
1651 3961 1779 4016 item
1804 3969 1939 4032 quot
1964 3962 2081 4017 hzec

503 4058 717 4112 dierum
765 4055 837 4110 sit
877 4068 1134 4109 crescens
1181 4067 1246 4106 ac
1293 4051 1666 4118 decrescens;
1707 4060 1950 4123 quotque
1992 4054 2080 4109 lu-

503 4155 626 4204 ceat
669 4148 834 4202 horas
889 4161 919 4198 a
959 4158 1188 4215 vespera
1252 4143 1532 4213 qualibet;
1600 4157 1814 4198 necnon
1864 4143 2078 4199 initium

504 4241 651 4297 sacri
693 4238 941 4310 jejunii;
1001 4236 1174 4307 legale
1227 4234 1475 4299 Pascha,
1549 4233 2076 4306 Christianumque,

503 4346 628 4388 cum
655 4330 848 4385 diebus
879 4327 1074 4399 jejunii
1114 4335 1427 4382 sanctorum
1452 4325 1842 4396 Apostolorum
1893 4346 1906 4382 :
1951 4328 2079 4381 huic

425 4434 440 4449 '
502 4439 605 4496 ego
629 4421 982 4494 postulationi
1007 4418 1357 4476 satisfaciens
1391 4428 1518 4482 tuae,
1552 4418 1876 4489 singillatim
1900 4419 2078 4488 expli-

503 4516 678 4580 cabo,
736 4511 1198 4586 quemadmodum
1277 4509 1557 4580 quodlibet
1620 4526 1684 4565 ex
1761 4510 1882 4564 istis
1939 4510 2079 4564 citra

501 4623 746 4664 errorem
801 4620 867 4660 ac
936 4605 1214 4675 negotium
1267 4603 1439 4656 ullum
1498 4601 1731 4656 inveniri
1777 4609 1962 4671 queat.
2010 4599 2078 4655 Et

499 4701 761 4772 quoniam
801 4697 942 4770 cycli
994 4695 1316 4751 lndictionis
1353 4694 1566 4747 initium
1627 4694 1790 4758 lunae,
1840 4709 1904 4748 ac
1945 4693 2078 4748 solis

501 4791 686 4864 cyclos
714 4787 987 4845 antecedit
1020 4804 1035 4854 ;
1067 4787 1137 4842 ab
1177 4786 1272 4842 illo
1319 4784 1639 4840 disnutandi
1678 4801 1892 4840 sumam
1916 4800 2078 4840 exor-

499 4886 671 4940 dium.

921 4995 1000 5049 De
1029 4992 1326 5048 Indictione
1355 4989 1683 5058 reperienda.

567 5089 608 5144 l.
628 5087 877 5153 lndictio,
898 5101 1020 5157 quae
1040 5092 1094 5138 et
1112 5084 1276 5138 Fusio
1308 5081 1642 5147 nominatur,
1669 5079 1883 5151 cyclum
1911 5093 2072 5136 suum

497 5183 720 5238 inchoat
748 5195 779 5233 a
807 5177 1037 5233 Kalend.
1077 5172 1435 5245 Septembris,
1470 5171 1618 5242 quod
1651 5180 1734 5226 est
1767 5171 1894 5224 anni
1921 5171 2075 5240 prin-

497 5275 724 5344 cnpium.
771 5271 920 5324 ldem
953 5282 1118 5338 porro
1151 5264 1339 5336 cyclus
1381 5264 1449 5318 ad
1490 5278 1663 5318 annos
1695 5278 1869 5332 usque
1910 5263 2075 5332 quin-

496 5366 672 5422 decim
719 5361 1012 5426 ascendit;
1070 5358 1303 5428 indeque
1360 5370 1564 5409 novum
1611 5355 1872 5424 deinceps
1921 5355 2072 5424 capit

495 5455 800 5512 exordium.
848 5450 1004 5506 Hunc
1048 5451 1216 5522 igitur
1255 5447 1586 5517 investigare
1629 5448 1674 5503 si
1709 5448 1865 5512 velis,
1915 5463 2072 5502 sume

495 5563 672 5602 annos
717 5547 786 5601 ab
827 5545 961 5601 orbe
998 5543 1219 5598 condito
1252 5560 1266 5596 :
1300 5543 1393 5612 qui
1436 5542 1541 5595 hoc
1590 5549 1833 5610 tempore
1875 5555 2070 5595 nume-

496 5650 688 5696 rantur
735 5638 895 5703 6885,
921 5637 989 5692 de
1021 5635 1222 5707 quibus
1263 5633 1550 5699 subtrahe,
1587 5633 1768 5704 quoad
1798 5633 1942 5702 licet,
1977 5634 2067 5688 in-

570 5794 616 5829 “
641 5793 798 5851 Deest
832 5793 1053 5858 ἐθέλεις.
1136 5791 1202 5823 η’
1237 5789 1276 5860 f.
1313 5789 1410 5861 τῆς
1444 5787 1568 5842 τῶν.

2182 3783 2250 3838 δι’
2299 3780 2366 3856 ἦς
2420 3801 2500 3838 σοι
2547 3785 2854 3856 βουλομένῳ
2898 3785 3094 3856 ῥᾳδίως
3129 3785 3480 3857 εὑρεθήσεται
3511 3788 3540 3840 ὅ
3569 3804 3630 3840 τε
3661 3788 3761 3841 κύ-

2183 3878 2310 3940 κλος
2340 3878 2441 3949 τῆς
2485 3877 2756 3940 Ἰνδίκτου,
2791 3879 2820 3930 ό
2849 3877 2947 3931 τοῦ
2993 3877 3167 3948 ἡλίου,
3210 3877 3344 3931 ἀλλὰ
3375 3878 3438 3950 δὴ
3477 3878 3570 3932 καὶ
3601 3881 3631 3931 ὁ
3657 3879 3759 3949 τῆς

2184 3969 2448 4040 σελήνης·
2483 3968 2562 4022 έτι
2595 3985 2654 4021 τε
2678 3970 2707 4021 ὁ
2745 3967 2949 4040 ταύτης
2993 3967 3272 4038 θεμέλιος·
3317 3970 3410 4022 καὶ
3440 3970 3578 4023 ὅσων
3615 3973 3756 4041 ἠμε-

2185 4060 2294 4130 ρῶν
2322 4060 2462 4132 αὕτη
2486 4062 2745 4130 τυγχάνει
2778 4060 3048 4131 αὐξομένη
3089 4077 3148 4113 τε
3182 4062 3276 4115 καὶ
3313 4062 3630 4133 μειουμένη,
3661 4064 3758 4116 καὶ

2180 4150 2355 4213 πόσας
2396 4149 2544 4221 ὥρας
2595 4149 2774 4219 φαίνει
2826 4151 2947 4204 καθ’
2993 4151 3232 4225 ἑκάστην
3290 4152 3563 4224 ἑσπέραν·
3619 4153 3759 4225 πρὸς

2179 4242 2390 4306 τούτοις
2423 4243 2458 4313 ἥ
2490 4259 2549 4294 τε
2587 4243 2895 4313 ἀπόκρεως,
2943 4243 3004 4296 τὺ
3035 4243 3258 4313 νομικὸν
3295 4244 3506 4313 Πάσχα,
3545 4245 3640 4298 καὶ
3693 4245 3759 4298 τὸ

2179 4335 2288 4387 τῶν
2338 4333 2676 4403 Χριστιανῶν
2733 4335 2886 4403 ἅγιον
2933 4334 3148 4405 Πάσχα,
3184 4335 3281 4388 σὺν
3342 4339 3466 4399 ταῖς
3520 4336 3758 4408 ἡμέραις

2182 4425 2259 4456 ’θ’
2304 4423 2413 4477 τῶν
2465 4424 2636 4493 ἁγίων
2659 4423 3009 4495 ⁸Ἀιποσετιόλων
3035 4425 3324 4495 νηστείαςο
3360 4424 3468 4478 ἰδοὺ
3509 4426 3610 4496 τὴν
3655 4426 3757 4497 σὴν

2180 4514 2470 4586 ἐκπληρῶν
2508 4515 2724 4586 αἴτησιν
2764 4515 3032 4582 ὑποδείξω
3067 4532 3148 4568 σοι
3195 4515 3336 4569 κατὰ
3385 4516 3571 4586 μέρος,
3605 4517 3758 4581 ὅπως

2178 4606 2409 4661 ἕκαστον
2459 4607 2661 4660 τούτων
2708 4608 3026 4672 ἀπταίστως
3061 4625 3139 4660 σοι
3169 4608 3262 4660 καὶ
3297 4609 3494 4680 ῥαδίως
3523 4610 3757 4681 εὑρεθή-

2181 4715 2353 4752 σεται.
2398 4699 2549 4752 Ἐπεὶ
2587 4699 2643 4752 δὲ
2678 4699 2784 4772 πρὸ
2819 4699 2928 4752 τῶν
2961 4699 3177 4753 κύκλων
3205 4700 3368 4770 ἡλίου.
3399 4701 3493 4754 καὶ
3527 4702 3758 4774 σελήνης

2178 4793 2206 4844 ὁ
2257 4793 2354 4862 τῆς
2405 4792 2658 4845 Ἰνδίκτου
2709 4792 2976 4864 λαμϐάνει
3021 4794 3122 4864 τὴν
3166 4793 3364 4865 ἀρχὴν,
3412 4794 3522 4847 ἀπὸ
3563 4796 3756 4850 τούτου

2179 4881 2335 4950 κάγὼ
2358 4882 2456 4954 τὴν
2488 4884 2662 4954 ἀρχὴν
2697 4885 3014 4954 ποιήσομαι.

2487 4996 2630 5063 Περὶ
2669 4995 2962 5062 εὑρέσεως
2987 4994 3097 5064 τῆς
3137 4995 3449 5051 Ἰνδίκτου.

2245 5089 2326 5140 Α’.
2380 5086 2444 5140 Ἦ
2479 5086 2759 5150 Ἰνδικτος,
2790 5088 2914 5157 ἥτις
2943 5087 3039 5140 καὶ
3083 5087 3373 5140 Ἰνδικτιὼν
3407 5089 3502 5140 καὶ
3536 5088 3756 5142 Ἐπινέ-

2180 5193 2344 5248 μησις
2384 5176 2622 5246 λέγεται,
2669 5177 2784 5247 ἔχει
2831 5180 3132 5250 ἀρχόμενον
3164 5178 3256 5232 τὸν
3303 5179 3504 5249 ἑαυτῆς
3553 5180 3754 5233 κύκλον

2173 5268 2284 5321 ἀπὸ
2318 5269 2417 5338 τῆς
2449 5267 2495 5320 α’
2526 5269 2619 5322 τοῦ
2650 5269 3046 5341 Σεπτεμϐρίου,
3081 5269 3250 5340 ἤγουν
3291 5270 3390 5340 τῆς
3419 5267 3513 5322 τοῦ
3559 5269 3754 5340 χρόνου

2176 5359 2382 5429 ἀρχῆς·
2442 5359 2589 5422 ὅστις
2639 5359 2734 5412 καὶ
2785 5360 3071 5430 ἀνέρχεται
3124 5361 3205 5423 εἰς
3263 5360 3486 5430 χρόνους
3536 5357 3616 5424 ιε’,
3660 5359 3755 5412 καὶ

2176 5450 2338 5504 πάλιν
2372 5449 2640 5520 λαμϐάνει
2685 5451 2878 5522 ἀρχὴν.
2927 5451 2990 5504 Ei
3022 5445 3115 5505 οὖν
3164 5450 3343 5522 βούλει
3374 5448 3560 5503 τοῦτον
3599 5448 3753 5520 εὑρί-

2177 5559 2350 5606 σκειν,
2400 5542 2593 5614 κράτει
2639 5543 2710 5596 τὰ
2739 5544 2846 5598 ἀπὸ
2892 5543 3122 5607 κτίσεως
3181 5545 3389 5615 κόσμου
3441 5543 3556 5612 ἐτη,
3594 5539 3758 5595 ἄτινά

2176 5635 2280 5686 εἰσι
2310 5631 2370 5686 τὸ
2406 5635 2578 5705 παρὸν
2609 5633 2828 5704 Some"
2865 5635 2958 5690 καὶ
3005 5633 3172 5704 ἄφελε
3210 5633 3319 5688 ἀπὸ
3365 5632 3588 5698 τούτων,
3620 5630 3755 5687 ὁσάπ
