4070 6406
291 367 391 423 Ωι51
402 369 434 421 7

1189 366 1415 424 ISAACI
1451 364 1757 425 MONACHI
1791 358 2170 420 COMPUTUS
2225 357 2665 417 ECCLESIAST.

3414 358 3554 414 l'5l8

289 502 383 547 κις
429 481 495 538 ἂν
537 483 788 556 δυνηθῇς,
823 485 914 538 τὸν
968 483 1063 538 τοῦ
1111 485 1312 541 κύκλου
1359 488 1459 559 τῆς
1521 485 1864 548 Ἰνδικτιῶνος

1971 478 2232 535 dictionis
2275 479 2518 550 cyclum,
2562 479 2678 534 sive
2713 491 2888 533 annos
2934 492 3007 532 xv
3058 494 3070 531 :
3120 474 3390 547 quidquid
3425 477 3556 531 reli—

289 574 546 648 ἀριθμὸν,
581 575 747 646 ήγουν
778 575 869 629 τὸν
913 583 972 629 ιε’
993 593 1006 606 ·
1040 579 1136 631 καὶ
1167 577 1237 632 τὰ
1284 578 1726 650 καταλειπόμενα
1768 577 1870 631 κὰ-

289 663 482 729 τωθεν,
512 663 545 734 ἢ
579 664 674 716 καὶ
707 663 900 734 μέχρις
925 664 1106 719 αὐτῶν
1137 665 1246 722 τῶν
1283 665 1367 731 ιε’,
1402 665 1550 722 ἔστιν
1591 669 1619 722 ὁ
1655 665 1872 721 ἐνιστά-

293 756 455 828 μένος
485 755 683 820 κύκλος
717 756 906 827 αὐτῆς.
1817 750 1857 757 ’“

879 885 882 890 ·
896 871 912 892 '
921 872 1274 945 Υπόᾶειγιμα.

360 981 486 1039 Οἷον
517 982 916 1057 ύποδείγματος
946 987 1106 1061 χάριν
1125 1006 1139 1020 ·
1190 990 1345 1044 Ἐπεὶ
1387 993 1457 1046 τὰ
1498 991 1608 1047 ἀπὸ
1639 993 1868 1057 κτίσεως

289 1077 499 1150 κόσμου
553 1079 709 1146 εἰσὶν,
762 1078 838 1143 ὡς
874 1078 1190 1152 δεδήλωται,
1235 1081 1329 1155 ἔτη
1379 1093 1586 1155 ,ςωπες
1611 1085 1864 1156 λέγομεν,

287 1171 374 1224 ὅτι
411 1171 889 1236 πεντεκαιδεκάκις
912 1173 982 1227 τὰ
1027 1180 1071 1228 ν’
1105 1176 1212 1245 ψν’,
1257 1177 1352 1230 καὶ
1386 1177 1868 1242 πεντεκαιδεκάκις

281 1260 362 1315 τὰ
385 1263 435 1333 η’
465 1267 572 1333 ρκ’,
622 1263 884 1334 γινόμενα
927 1266 1064 1336 ὁμοῦ
1099 1265 1265 1339 ,ςωοξ
1296 1267 1740 1340 Κατελείφθησαν
1773 1268 1868 1322 καὶ

291 1352 455 1425 μέχρι
478 1354 586 1408 τῶν
616 1363 804 1429 ,ςωπε’
846 1355 943 1428 ἔτη
969 1364 1028 1410 ιε’
1047 1375 1061 1389 ·
1099 1357 1135 1412 ἃ
1176 1359 1270 1412 καί
1299 1361 1436 1412 εἰσιν
1467 1361 1494 1413 ὁ
1518 1359 1866 1430 ἐνιστάμενος

286 1444 490 1508 κύκλος
515 1445 703 1516 αὐτῆς.
735 1447 873 1501 Ἀλλ’
891 1449 1012 1502 ἐπεὶ
1031 1445 1296 1522 δυσχερὴς
1312 1446 1449 1505 εἶναι
1475 1450 1622 1504 δοκεῖ
1643 1454 1754 1515 τοῖς
1788 1449 1865 1522 μὴ

285 1537 484 1594 εἰδόσιν
515 1539 774 1610 ἐντέχνως
809 1539 1067 1611 ψηφίξειν
1096 1543 1128 1612 ἡ
1157 1542 1380 1614 τοιαύτη
1407 1543 1647 1614 μέθοδος,
1675 1545 1863 1597 ἐπενο-

284 1629 394 1702 ήθη
418 1647 502 1694 τις
532 1627 664 1703 άλλη
700 1630 1028 1706 σαφεστέρα,
1064 1633 1159 1688 καὶ
1188 1636 1361 1707 ῥᾴστη
1392 1638 1503 1699 τοῖς
1528 1635 1702 1710 ταύτῃ
1720 1652 1864 1708 χρω-

291 1722 495 1793 μένοις,
528 1721 723 1793 ἔχουσα
741 1722 954 1788 οὕτως·

1970 587 2140 642 quum
2181 571 2288 626 erit
2327 569 2468 624 infra
2494 569 2748 626 eumdem
2780 585 3097 636 numerum,
3129 578 3226 624 aut
3253 571 3300 626 si
3337 570 3554 640 integer

1969 676 2235 718 numerus
2263 661 2382 733 ipse
2413 660 2671 717 residuus
2702 661 2796 728 sit,
2814 662 2918 717 erit
2939 676 3184 734 praesens
3216 660 3554 719 lndictionis

1971 753 2182 824 cyclus.

2591 863 2929 934 Exemplum.

2037 974 2284 1046 Exempli
2337 975 2512 1046 gratia
2578 993 2592 1030 :
2656 974 2928 1042 Quoniam
2984 975 3055 1032 ab
3125 976 3258 1032 orbe
3327 977 3549 1035 condito

1967 1075 2349 1134 numerantur,
2379 1076 2439 1122 ut
2478 1068 2592 1139 jam
2633 1069 2895 1132 diximus,
2945 1068 3074 1124 anni
3116 1069 3284 1135 6885,
3319 1071 3556 1140 quindeﬁ

1967 1160 2082 1215 cies
2137 1163 2533 1232 quinquaginta
2585 1159 2796 1216 faciunt
2845 1161 3000 1228 750;
3049 1163 3367 1232 quindecies
3419 1143 3555 1220 item

1967 1260 2094 1308 octo
2125 1253 2258 1307 dant
2293 1253 2434 1319 120;
2467 1253 2605 1308 ﬁunt
2637 1253 2765 1308 anni
2810 1255 2976 1310 simul
3026 1255 3186 1310 6870.
3237 1255 3445 1313 Desunt
3477 1257 3548 1312 ad

1967 1343 2326 1414 complendos
2375 1344 2519 1400 6885
2549 1346 2678 1400 anni
2723 1346 2813 1411 15,
2865 1347 2960 1416 qui
2995 1357 3080 1404 est
3117 1363 3359 1417 praesens
3400 1350 3548 1405 lndi-

1967 1437 2172 1493 ctionis
2213 1437 2422 1509 cyclus.
2453 1435 2657 1492 Verum
2699 1439 2828 1509 quia
2860 1454 3079 1495 morosa
3117 1453 3201 1496 est
3238 1441 3546 1498 calculandi

1963 1530 2190 1585 minime
2228 1531 2419 1600 peritis
2468 1531 2573 1586 ista
2614 1532 2926 1596 methodus,
2966 1535 3274 1604 excogitata
3319 1543 3402 1590 est
3438 1537 3546 1590 alia

1965 1623 2214 1692 quaedam
2245 1625 2506 1692 apertior,
2554 1633 2610 1678 et
2648 1624 2899 1694 expedita
2932 1639 3058 1679 cum
3106 1626 3298 1696 primis
3339 1627 3408 1684 iis
3449 1628 3544 1700 qui

1964 1716 2045 1770 uti
2075 1731 2138 1771 ea
2166 1717 2442 1771 voluerint
2469 1735 2484 1784 ;
2517 1731 2640 1787 quae
2665 1717 2746 1772 sic
2782 1717 2945 1773 habet
2986 1736 3000 1773 :

360 1815 648 1886 Κράτησον
676 1815 745 1868 τὰ
774 1815 929 1884 ὀλίγα
955 1815 1049 1889 ἔτη
1072 1834 1086 1849 ν
1121 1816 1278 1886 ὀλίγα
1305 1817 1363 1870 δέ
1395 1815 1628 1888 λέγομεν
1661 1816 1731 1872 τὰ
1761 1817 1863 1872 κά-

2035 1807 2236 1878 Accipe
2281 1808 2552 1864 minorem
2601 1825 2890 1865 numerum
2933 1825 3240 1876 annorum,
3287 1811 3543 1870 videlicet

285 1905 460 1960 τωθεν
482 1906 596 1961 ’τῶν
632 1923 691 1960 τε
730 1907 980 1978 χιλιάδων
1014 1911 1108 1963 καὶ
1157 1909 1557 1964 ἐκατοντάδων·
1586 1910 1755 1980 ἤγουν
1792 1909 1861 1963 τὰ

287 1997 355 2050 ἐκ
391 1997 629 2067 μονάδων
677 1998 770 2051 καὶ
802 1999 1062 2066 δεκάδων,
1097 1999 1132 2072 ἢ
1165 1999 1260 2054 καὶ
1299 1999 1358 2067 ἐξ
1390 1999 1716 2071 ἀμφοτέρων
1738 2016 1863 2053 συν-

288 2088 594 2158 ιστάμενα,
647 2088 806 2144 ἅτινά
856 2091 963 2143 είσι
1023 2091 1122 2162 τὴν
1177 2093 1418 2162 σήμερον
1474 2099 1577 2146 πε’,
1640 2092 1862 2155 Τούτοις

289 2178 528 2250 πρόσθες
551 2185 612 2244 ε’,
657 2179 750 2232 καὶ
800 2180 1038 2248 γίνονται
1069 2185 1139 2246 ιζ.
1172 2181 1374 2248 Ἀφελε
1402 2179 1512 2234 ἀπὸ
1541 2180 1748 2235 τούτων
1791 2180 1864 2234 τὰ

291 2273 388 2333 ιε’,
417 2269 604 2332 ὁσάκις
641 2269 894 2340 ἐγχωρεῖ,
942 2269 1142 2325 εἰπών’
1192 2270 1680 2336 Πεντεκαιδεκάκις
1708 2272 1778 2326 τὰ
1821 2278 1861 2325 ε’

288 2366 360 2413 οε¹
381 2377 394 2391 ο
425 2359 852 2432 κατελείφθησαν
880 2361 1041 2434 μέχρι
1061 2361 1170 2416 τῶν
1200 2365 1251 2430 ιι(
1278 2362 1373 2417 καὶ
1401 2369 1494 2417 ιε’·
1521 2363 1678 2418 ἅτινά
1703 2366 1860 2432 εἰσιν,

288 2453 368 2517 ὡς
399 2453 654 2525 ἀνωτέρω
685 2454 997 2526 δεδήλωται,
1050 2455 1078 2507 ὁ
1114 2455 1464 2526 ἐνιστάμενος
1515 2456 1713 2521 κύκλος
1760 2457 1863 2528 τῆς

295 2540 588 2600 Ἶνδίκτόυ·
624 2547 806 2600 ὅντινα
845 2546 940 2600 καὶ
976 2547 1228 2619 εὑρήσεις
1266 2547 1525 2617 ἀσφαλῶς
1557 2551 1676 2613 ταῖς
1707 2551 1860 2622 είρη-

293 2638 484 2710 μέναις
509 2637 789 2710 χρώμενος
811 2637 1040 2706 ἐφόδοις,
1068 2637 1304 2710 ὁποτέρᾳ
1337 2637 1522 2710 βούλῃ.

397 2771 538 2840 Περὶ
565 2769 677 2840 τῆς
703 2769 996 2839 εὑρέσεως
1023 2769 1130 2825 τοῦ
1162 2769 1394 2824 κύκλου
1421 2768 1528 2824 τοῦ
1554 2770 1754 2838 ἡλίου.

361 2888 435 2942 B'.
469 2887 532 2942 Ὀ
547 2888 604 2942 δέ
645 2904 708 2957 γε
734 2887 827 2942 τοῦ
857 2886 1005 2959 ἡλίου
1030 2885 1228 2950 κύκλος
1253 2884 1477 2956 ἄρχεται
1510 2885 1609 2956 μέν
1637 2883 1745 2938 ἀπὸ
1761 2883 1863 2954 τῆς

291 2987 338 3033 α’
361 2979 452 3033 τοῦ
499 2978 825 3052 Ὀκτωϐρίου
868 2978 1057 3049 μηνὸς,
1100 2977 1385 3050 ἀνέρχεται
1413 2978 1471 3032 δὲ
1507 2978 1613 3042 ἕως
1639 2977 1863 3049 χρόνους

1963 1914 2088 1956 eum
2130 1901 2224 1970 qui
2263 1899 2408 1954 infra
2443 1900 2782 1957 millenarios
2804 1909 2860 1956 et
2896 1903 3237 1959 ceutenarios
3260 1907 3539 1975 excurrit;

1962 1985 2067 2040 hoc
2091 1994 2174 2042 est
2205 1989 2300 2058 qui
2335 2003 2404 2043 ex
2442 1989 2747 2046 unitatibus
2779 1998 2833 2046 et
2859 1990 3175 2053 decadibus,
3213 1995 3299 2049 vel
3327 2010 3394 2050 ex
3419 2012 3540 2050 am-

1961 2075 2138 2131 bobus
2184 2084 2425 2142 constat,
2467 2078 2779 2148 cujusmodi
2819 2079 2981 2137 hodie
3013 2089 3097 2138 est
3125 2083 3214 2138 85.
3261 2083 3346 2138 Ad
3394 2085 3542 2140 hunc

1963 2168 2101 2223 adde
2141 2168 2176 2222 5
2215 2184 2228 2220 :
2279 2169 2414 2224 ﬁunt
2454 2169 2541 2226 90.
2575 2169 2810 2227 Detrahe
2854 2173 2941 2237 15,
2987 2175 3168 2245 quoad
3215 2184 3392 2247 potes,
3433 2177 3541 2231 hoc

1961 2259 2125 2316 modo
2177 2277 2191 2313 :
2239 2261 2558 2328 quindecies
2613 2256 2858 2334 quinque
2907 2265 3040 2320 dant
3091 2267 3179 2332 75,
3225 2247 3434 2323 restant
3474 2268 3542 2324 15

1962 2349 2030 2405 ad
2067 2352 2422 2423 complendos
2463 2352 2552 2408 90.
2601 2353 2702 2409 Hic
2729 2358 2833 2412 erit
2877 2357 3066 2428 cyclus
3099 2373 3347 2428 praesens
3390 2358 3540 2414 Indi-

1961 2443 2162 2499 ctionis
2204 2461 2218 2498 :
2253 2460 2415 2515 quem
2455 2453 2689 2518 utraque
2720 2450 2996 2520 methodo,
3033 2458 3199 2520 prout
3221 2451 3401 2507 visum
3433 2453 3540 2507 erit

1961 2542 2171 2602 exacte,
2208 2538 2472 2608 reperies.

2185 2761 2459 2828 Quomodo
2484 2761 2823 2818 inveniendus
2851 2763 2921 2817 sit
2951 2762 3080 2817 solis
3110 2759 3308 2832 cyclus.

2031 2877 2098 2934 ll.
2138 2878 2341 2950 Cyclus
2389 2877 2524 2934 solis
2575 2893 2605 2932 a
2633 2877 2890 2934 Kalendis
2934 2875 3189 2932 Octobris
3227 2874 3541 2942 inchoatur,

1966 2977 2021 3024 et
2073 2969 2141 3024 ad
2185 2985 2360 3024 annos
2399 2983 2573 3023 xxvm
2623 2968 2988 3038 progreditur,
3029 2965 3176 3021 unde
3217 2980 3412 3022 rursus
3440 2981 3541 3020 no-

289 3069 398 3142 κη’,
430 3070 524 3123 καὶ
569 3066 728 3133 αὖθις
769 3067 1034 3140 λαμϐάνει
1075 3069 1175 3141 τὴν
1207 3070 1401 3140 ἀρχήν.
1448 3069 1512 3122 Εί
1554 3064 1646 3122 οῦν
1690 3068 1864 3130 θέλεις

1965 3076 2092 3116 vum
2143 3061 2289 3130 capit
2344 3061 2589 3114 initium.
2635 3058 2792 3114 Hunc
2821 3075 2953 3129 ergo
2989 3058 3237 3129 reperire
3271 3058 3319 3113 si
3351 3058 3538 3112 volue-

293 3139 386 3216 καὶ
408 3160 592 3214 τοῦτον
617 3161 813 3231 εὑρεῖν,
843 3139 974 3213 λάϐε
1003 3158 1074 3213 τὰ
1109 3139 1217 3213 ἀπὸ
1248 3139 1481 3222 κτίσεως
1503 3158 1709 3228 κόσμου
1743 3157 1860 3228 ἐτη,

1975 3152 2296 3231 ris,accipe
2325 3167 2498 3206 annos
2539 3151 2608 3206 ab
2646 3151 2778 3206 orbe
2814 3150 3058 3214 condito,
3100 3158 3155 3206 et
3190 3165 3284 3206 eos
3334 3149 3543 3219 partire

293 3256 387 3309 καὶ
415 3254 636 3326 μέρισον
679 3252 817 3308 αὐτὰ
852 3252 1004 3323 παρὰ
1029 3252 1122 3305 τὸν
1148 3251 1380 3324 ἀριθμὸν
1403 3251 1513 3304 τῶν
1542 3249 1732 3304 τούτου
1761 3248 1863 3302 κύ·

291 3347 456 3412 κλων,
503 3347 670 3417 ἤγουν
711 3345 817 3398 τῶν
859 3350 980 3415 κη’·
1031 3343 1104 3397 τὰ
1147 3342 1584 3414 καταλειπόμενα
1620 3339 1865 3396 κάτωθεν

292 3440 400 3492 τῶν
463 3445 570 3510 κη’,
618 3437 653 3506 ἢ
710 3437 807 3490 καὶ
852 3437 957 3501 ἕως
1018 3433 1232 3502 αὐτῶν,
1290 3433 1435 3488 ἐστιν
1484 3433 1514 3486 ὁ
1560 3431 1656 3486 τοῦ
1711 3429 1863 3502 ήλίου

292 3529 508 3595 κύκλος.

907 3639 1258 3710 Υπόδειτμα.

394 3775 484 3812 ινα
538 3758 595 3812 δὲ
647 3754 926 3812 κάνταῦθα
974 3755 1308 3825 σαφέστερον
1353 3751 1382 3805 ὃ
1423 3751 1569 3821 λέγω
1611 3749 1860 3821 γένηται,

289 3844 552 3918 λαμϐάνω
585 3847 657 3904 τὰ
685 3848 951 3919 εἰρημένα
997 3845 1094 3917 ἐτη
1147 3845 1218 3898 τά
1246 3842 1465 3917 ιςωπεκ
1515 3843 1610 3896 καὶ
1659 3838 1864 3913 μερίζω

293 3941 468 3995 ταῦτα
511 3940 661 4012 παρὰ
690 3940 797 3993 τῶν
851 3944 936 4010 κη’
962 3935 1133 4000 οὕτως
1157 3952 1173 3968 ·
1221 3935 1672 3996 Ὀκτωεικοσάκις
1717 3932 1787 3987 τὰ
1819 3937 1864 3984 σ’

297 4041 386 4106 ,εχ’
409 4049 422 4062 ’
459 4031 880 4095 ὀκτωεικοσάκις
909 4030 976 4084 τὰ
1013 4036 1066 4100 μ’
1111 4035 1245 4101 ,αρκ’
1264 4043 1278 4057 ·
1324 4028 1419 4083 καὶ
1445 4025 1865 4088 ὀκτωεικοσάκις

294 4128 364 4182 τὰ
410 4133 450 4180 ε’
503 4131 623 4198 pp."
671 4124 931 4194 γινόμενα
975 4119 1110 4192 ὁμοῦ
1141 4118 1310 4192 ,ςωξκ
1359 4116 1704 4186 Κατελείφθη
1759 4115 1864 4177 ἕως

293 4215 402 4269 τῶν
439 4221 519 4270 πε¹
549 4213 644 4268 καὶ
680 4213 774 4284 ἐτη
813 4218 889 4266 κε’
911 4229 923 4241 -
961 4209 1122 4265 ἅτινά
1153 4210 1290 4263 είσιν
1321 4210 1350 4262 ὀ
1392 4206 1537 4262 κατὰ
1581 4206 1642 4259 τὺ
1691 4205 1863 4278 παρὸν

295 4305 413 4370 ἔτος
441 4304 786 4376 ἐνιστάμενος
815 4301 1013 4365 κύκλος
1039 4299 1136 4354 τοῦ
1163 4299 1318 4373 ἡλίου
1347 4297 1590 4362 εἰκοστὸς
1616 4295 1864 4368 πέμπτος

293 4396 596 4467 τυγχάνων.

1963 3258 2062 3313 per
2090 3230 2212 3306 '28,
2263 3242 2358 3312 qui
2419 3251 2505 3296 est
2555 3257 2818 3295 numerus
2871 3242 3150 3310 cyclorum
3233 3240 3539 3307 solarium;

1963 3333 2227 3404 quidquid
2255 3331 2528 3388 reliquum
2551 3332 2656 3388 erit
2678 3346 2788 3386 non
2817 3331 2996 3402 majus
3025 3346 3189 3402 quam
3211 3330 3303 3397 28,
3325 3331 3416 3385 hic
3435 3331 3542 3387 erit

1964 3427 2098 3482 solis
2125 3425 2334 3496 cyclus.

2499 3657 2504 3663 ~
2578 3619 2917 3689 Exemplum.

2033 3731 2106 3788 Ut
2147 3740 2330 3789 autem
2381 3733 2585 3789 clarius
2640 3734 2713 3788 sit
2761 3734 2909 3804 quod
2957 3732 3102 3798 dico,
3157 3749 3316 3790 sumo
3363 3749 3540 3790 annos

1961 3825 2172 3891 mundi,
2203 3840 2343 3896 quos
2368 3823 2504 3891 dixi,
2545 3823 2708 3890 6885,
2752 3840 2958 3895 eosque
2995 3825 3179 3880 divido
3213 3841 3311 3895 per
3331 3825 3401 3880 28
3435 3827 3540 3882 hoc

1963 3917 2128 3972 modo
2185 3935 2199 3972 :
2261 3915 2446 3972 Vicies
2506 3917 2678 3972 octies
2726 3915 2833 3972 200
2887 3915 3098 3970 faciunt
3144 3915 3326 3983 5600;
3369 3918 3540 3972 vicies

1963 4010 2136 4066 octies
2181 4010 2272 4075 40,
2324 4010 2458 4064 dant
2508 4007 2688 4077 M20;
2736 4009 2906 4065 vicies
2947 4010 3120 4064 octies
3160 4009 3194 4062 5
3234 4019 3363 4064 sunt
3412 4009 3537 4066 140.

1965 4100 2191 4156 Summa
2227 4101 2367 4157 6860
2389 4140 2406 4166 ,
2437 4101 2633 4172 reliqui
2669 4108 2798 4156 sunt
2845 4099 2914 4154 ad
2963 4101 3260 4170 expleudos
3292 4101 3364 4156 85
3398 4100 3534 4156 anni

1962 4195 2052 4262 25,
2087 4195 2182 4266 qui
2209 4201 2295 4251 est
2317 4194 2446 4250 anni
2475 4193 2762 4265 praesentis
2791 4192 2987 4248 solaris
3018 4193 3206 4250 cvclus
3233 4192 3323 4248 25.

377 4453 530 4542 ’ἐπεὶ
567 4486 722 4541 δὲ·ού
757 4484 914 4556 μόνον
945 4483 1058 4547 τοῖς
1094 4481 1219 4554 ἄρτι
1253 4477 1591 4551 μαθημάτων
1623 4473 1864 4546 ἁπτομέ-

2033 4453 2102 4518 Ει
2133 4461 2394 4532 quoniam
2440 4475 2552 4516 non
2600 4461 2775 4514 solum
2809 4459 3098 4530 tyronibus
3128 4458 3265 4514 artis
3305 4457 3538 4528 cujusli-

294 4599 427 4646 νοις,
457 4579 594 4634 ἀλλὰ
626 4579 721 4632 καὶ
747 4576 959 4640 πολλοῖς
984 4573 1090 4628 τῶν
1122 4569 1508 4642 ἐντελεστέρων
1531 4564 1866 4639 αἱρετώτερά

295 4677 400 4730 εἰσι
436 4673 506 4727 τὰ
556 4671 898 4741 σαφέστερα,
937 4667 1015 4731 ὡς
1059 4664 1468 4737 εὐληπτότερα·
1514 4657 1866 4726 ὑποδείξομεν

293 4761 572 4819 κάνταῦθα
603 4761 702 4833 τὴν
731 4757 1068 4829 σαφεστέραν
1095 4755 1212 4810 ὁδὸν
1242 4753 1468 4823 ἔχουσαν
1503 4748 1694 4811 οὕτως·
1739 4748 1868 4809 Τοῖς

293 4856 495 4925 ὀλίγοις
535 4853 734 4918 ἔτεσιν,
779 4849 938 4904 ἅτινά
973 4848 1112 4901 εἰσιν
1157 4844 1280 4917 ἄρτι
1322 4849 1426 4906 πε’,
1465 4838 1867 4913 προστιθέαμεν

294 4949 406 5004 κδό
437 4948 532 5002 καὶ
573 4945 813 5014 γίνονται
865 4940 973 5014 ρθ’·
1005 4939 1177 4993 ταῦτα
1225 4934 1515 5005 ύφείλομεν
1560 4929 1712 5001 παρὰ
1757 4927 1867 4982 τῶν

293 5050 380 5114 κη’
403 5082 420 5108 ,
471 5040 753 5109 λέγοντες·
791 5030 1269 5093 .Ὀκτωεικοσάκις
1327 5027 1398 5081 τὰ
1447 5031 1495 5094 γ’
1551 5022 1667 5114 7261'
1735 5038 1868 5114 κατ-

295 5109 620 5203 ελείφθησαν
673 5129 832 5200 μέχρι
880 5125 990 5180 τῶν
1038 5124 1115 5196 pO’
1163 5122 1258 5175 καὶ
1315 5125 1423 5174 κε’·
1456 5117 1532 5180 ὡς
1593 5109 1733 5169 εἶναι
1776 5111 1867 5166 τὸν

294 5225 642 5296 ἐνιστάμενον
669 5221 867 5276 κύκλον
899 5223 998 5285 κε’,
1025 5218 1102 5281 ὡς
1130 5211 1552 5287 προδεδήλωται.

295 5445 497 5510 Ὅπως
525 5442 622 5498 δεῖ
659 5397 965 5512 εύριοζκειις
1007 5433 1295 5512 ἑκάστοιλλ
1315 5427 1509 5499 μην-ὸς
1539 5424 1769 5512 ἡμέραν
1798 5422 1868 5476 ἐν

469 5501 614 5582 Ξτοίᾳ
653 5501 772 5566 τῶν
803 5507 847 5570 ζ’
888 5507 999 5578 τῆς
1038 5501 1364 5574 ἑϐδομάδος
1391 5501 1691 5569 τυγχάνει.

364 5691 438 5746 Γ’.
480 5689 698 5745 Κείσθω
725 5703 807 5739 σοι
835 5683 893 5738 δὲ
933 5682 1026 5736 καὶ
1052 5680 1209 5734 τοῦτο
1237 5679 1295 5730 ἐν
1334 5673 1553 5745 γνώσει,
1581 5670 1678 5734 ὡς,
1709 5668 1776 5738 ἢν
1803 5665 1870 5720 ἂν

295 5783 508 5859 ἡμέραν
543 5782 648 5838 τῶν
696 5777 790 5834 τοῦ
819 5777 941 5833 ὅλου
985 5771 1237 5830 ἐνιαυτοῦ
1291 5769 1358 5841 ιβ’
1406 5765 1592 5840 μηνῶν
1639 5760 1872 5833 ἐθελήσῃ

1967 4556 2079 4621 bet,
2113 4553 2210 4610 sed
2255 4567 2450 4608 eorum
2493 4553 2770 4624 plerisque
2822 4552 2916 4622 qui
2970 4551 3026 4604 in
3068 4566 3133 4606 ea
3182 4549 3541 4620 perfectiores

1968 4657 2116 4711 sunt,
2165 4646 2496 4716 iucundiora
2555 4645 2735 4701 solent
2775 4659 2899 4700 esse
2948 4658 3069 4712 quae
3118 4651 3248 4699 sunt
3282 4645 3538 4709 clariora,

1967 4742 2114 4813 quod
2147 4739 2370 4795 facilius
2401 4739 2687 4808 capiantur
2720 4756 2733 4792 :
2773 4751 2874 4792 nos
2919 4736 3314 4806 expeditiorem
3346 4751 3542 4806 quam-

1967 4835 2093 4889 dam
2135 4832 2282 4886 viam
2322 4830 2414 4886 hic
2461 4830 2792 4900 aperiemus.
2829 4844 2951 4898 quae
2983 4835 3068 4884 est
3097 4828 3390 4897 ejusmodi.
3441 4827 3543 4881 Mi-

1965 4922 2088 4978 nori
2128 4936 2397 4976 annorum
2445 4934 2698 4984 numero,
2746 4919 2842 4989 qui
2889 4927 2973 4973 est
3018 4917 3108 4980 85,
3155 4916 3410 4971 addimus
3447 4918 3539 4983 24,

1968 5012 2105 5066 ﬁunt
2134 5011 2234 5066 109
2267 5031 2280 5066 :
2315 5011 2427 5066 haec
2454 5025 2552 5080 per
2570 5009 2641 5062 28
2673 5007 2993 5070 dividimus,
3027 5007 3214 5075 itaque
3243 5007 3544 5060 ratiocina-

1968 5120 2090 5158 mur
2146 5121 2158 5156 :
2206 5103 2374 5158 vicies
2431 5102 2604 5156 octies
2643 5102 2677 5156 5
2727 5109 2856 5156 sunt
2906 5099 2994 5152 84.
3045 5098 3276 5153 Restant
3318 5098 3386 5151 ad
3438 5098 3542 5153 109

1969 5197 2348 5268 complendos,
2401 5196 2494 5262 25,
2539 5194 2634 5266 qui
2683 5202 2769 5250 est
2826 5194 3014 5264 cyclus
3051 5181 3297 5262 praesens
3342 5189 3436 5257 25,
3481 5197 3544 5245 ut

1964 5291 2078 5362 jam
2109 5287 2475 5344 ostendimus.

1970 5405 2136 5476 208
2163 5403 2283 5470 Qua
2319 5401 2527 5454 ratione
2565 5393 3044 5476 propositaguacis
3078 5391 3276 5476 mensis
3312 5388 3542 5476 alicujus

1971 5460 2203 5539 5‘35,"
2228 5460 2576 5542 cognoscatur
2630 5460 2788 5539 quam
2844 5460 2898 5519 iit
2962 5460 3301 5517 hebdomadis
3355 5460 3545 5528 feriam

2043 5547 2302 5599 incurrat.

2039 5659 2127 5712 Ill.
2164 5656 2392 5712 Noveris
2413 5665 2796 5725 quamcunque
2823 5649 2964 5704 diem
2998 5647 3056 5701 in
3084 5641 3374 5699 duodecim
3413 5638 3545 5694 anni

1973 5751 2256 5811 mensibus
2296 5755 2554 5806 accurate
2583 5746 2707 5818 quis
2741 5754 3074 5816 cognoscere
3102 5737 3254 5803 velit,
3298 5735 3355 5791 in
3383 5745 3548 5808 quam
