4070 6406
525 399 665 455 1319

1554 397 1644 453 ΑΙ)
1684 394 1957 455 EUSEBII
1997 396 2399 457 ειιιιυΝιροΝ
2445 397 2813 456 APPENDIX.
2879 445 2883 449 .

3658 399 3803 458 {520

523 515 881 573 hebdomadis
928 515 1121 572 feriam
1172 515 1399 580 incidat,
1444 516 1515 572 ad
1562 518 1668 573 hoc
1714 519 2102 574 extricandnm

2207 537 2290 585 τις
2326 520 2572 592 ἀκριϐῶς
2617 521 2818 575 εἰδέναι
2857 520 2917 574 ἐν
2947 518 3080 591 ποία
3120 518 3233 574 τῶν
3285 520 3328 584 ζ’
3361 520 3462 591 τῆς
3507 519 3802 593 ἑϐδομάδος

523 608 788 663 utendum
823 607 902 662 illi
942 623 1067 664 esse
1112 609 1270 681 cyclo
1314 610 1471 674 solis,
1505 618 1561 666 et
1597 614 2034 683 congruentibus
2060 617 2111 670 ei

522 702 771 763 bisextis,
830 717 1043 757 necnon
1088 703 1297 773 epactis
1347 704 1638 760 mensium.
1686 705 1985 762 Sciendum
2026 715 2113 763 est

500 788 692 861 'igitnr
725 790 1010 848 bisextiles
1044 794 1100 848 in
1144 810 1253 850 uno
1299 795 1456 865 cyclo
1504 797 1637 853 solis
1685 814 1809 854 esse
1854 805 2109 869 septem;

523 896 651 935 nam
690 891 884 952 quater
923 892 1149 954 septena
1178 884 1386 940 faciunt
1413 886 1504 940 28.
1538 885 1753 942 Etenim
1795 889 1852 943 in
1879 903 2025 943 anno
2058 906 2113 943 ιν

524 970 641 1026 dies
687 987 834 1028 unus
879 975 1160 1045 colligitur
1201 993 1214 1029 :
1250 991 1415 1046 porro
1451 978 1728 1032 mensium
1774 988 2004 1048 epactae,
2063 979 2111 1036 si

524 1063 720 1120 diebus
765 1074 1019 1121 constent
1066 1082 1220 1130 χχιι,
1276 1078 1404 1122 sunt
1453 1069 1536 1135 ὃς
1595 1068 1679 1123 sin
1741 1085 1849 1123 xxx
1898 1078 2112 1126 tantum

524 1157 783 1221 habeant,
814 1166 944 1212 sunt
964 1157 1021 1211 2.
1051 1156 1329 1228 Incipiunt
1358 1167 1544 1215 autem
1587 1161 1655 1216 ab
1678 1158 1930 1229 Octobri,
1966 1162 2114 1218 unde

523 1259 580 1304 et
636 1250 826 1320 cyclus
884 1251 1019 1306 solis
1072 1251 1389 1306 inchoatur.
1438 1251 1611 1322 Igitur
1661 1264 1887 1325 epactas
1946 1255 2115 1310 habet

525 1340 765 1396 October
791 1342 845 1406 5,
874 1340 1186 1397 November
1216 1343 1272 1409 2,
1310 1343 1614 1399 December
1635 1345 1691 1410 ὅ,
1723 1344 2019 1403 Januarius
2054 1349 2109 1410 3,

524 1432 759 1488 Martius
786 1434 841 1499 5,
872 1434 1075 1504 Aprilis
1105 1434 1163 1498 2,
1205 1435 1384 1492 Maius
1431 1437 1486 1501 '5,
1532 1435 1731 1492 Junius
1760 1437 1817 1501 2,
1849 1436 2027 1494 Julius
2055 1439 2110 1503 5,

523 1525 807 1596 Augustus
853 1526 981 1580 item
1030 1526 1085 1589 '5,
1126 1524 1447 1597 September
1486 1527 1542 1581 2.
1586 1527 1877 1598 Proposita
1928 1531 2115 1600 itaque

528 1617 777 1688 qualibet
826 1617 1033 1671 mensis
1085 1616 1210 1682 die,
1268 1633 1431 1687 quam
1482 1618 1731 1693 invenire
1781 1620 1960 1689 placet
2009 1621 2107 1693 (sit

523 1714 707 1764 autem
736 1708 969 1778 exempli
992 1709 1166 1779 gratia
1187 1725 1313 1763 nu
1344 1708 1526 1764 Martii
1550 1690 1676 1766 dies
1690 1710 1856 1780 hujus
1879 1690 2032 1777 anni,
2056 1715 2112 1769 in

525 1814 690 1870 quam
715 1798 1157 1855 Christianorum
1187 1800 1597 1855 sanctissimum
1620 1799 1830 1856 Pascha
1859 1803 2107 1875 incidet),

525 1889 595 1945 ad
628 1889 776 1944 hunc
797 1889 1019 1944 modum
1043 1888 1385 1944 invenietur:

2212 611 2440 683 ἡμερῶν
2491 610 2771 682 τυγχάνει,
2826 610 2909 684 τῷ
2956 608 3052 663 τοῦ
3100 608 3252 681 ἡλίου
3306 609 3493 682 κύκλῳ
3547 612 3642 666 καὶ
3686 616 3802 677 τοῖς

2214 704 2501 774 ἑπομένοις
2535 703 2686 776 αὑτῷ
2723 703 3008 775 βισέξτοις,
3041 704 3124 758 ἔτι
3159 701 3219 758 δὲ
3257 704 3352 757 καὶ
3382 707 3503 768 ταῖς
3534 705 3803 770 ὲπακταίς

2212 796 2323 849 τῶν
2360 795 2546 867 μηνῶν
2577 795 2712 868 πρὸς
2743 794 2843 867 τὴν
2873 796 3079 867 ταύτης
3126 795 3343 867 εὕρεσιν
3387 797 3672 867 χρήσεται.
3710 793 3803 847 Διὺ

2212 885 2506 956 γινώσκειν
2539 902 2597 938 σε
2632 886 2761 959 χρὴ,
2809 887 2887 951 ὡς
2933 886 3154 958 βίσεξτα
3188 889 3287 959 μὲν
3319 887 3363 919 ¹¹
3390 887 3482 942 τὸν
3503 885 3595 940 τοῦ
3645 886 3799 958 ἡλίου

2213 982 2413 1036 κύκλον
2460 983 2596 1035 εἰσὶν
2629 982 2671 1046 ζ’
2692 998 2708 1014 °
2753 982 3009 1054 τετράκις
3054 981 3164 1053 γάρ
3208 980 3280 1034 τά
3311 981 3355 1045 ζ’
3383 986 3503 1050 κη’*
3534 979 3678 1034 κατά
3713 996 3804 1032 τε·

2211 1070 2413 1142 τάρτου
2454 1069 2565 1142 γὰρ
2594 1069 2789 1142 χρόνου
2827 1071 3117 1141 συνάγεται
3149 1070 3239 1124 ἓν·
3281 1071 3338 1123 αἱ
3386 1069 3443 1122 δὲ
3476 1069 3584 1122 τῶν
3614 1068 3802 1140 μηνῶν

2213 1161 2451 1215 ὲπακταὶ
2489 1161 2599 1214 τῶν
2650 1160 2748 1232 μὲν
2784 1162 3019 1233 ἐχόντων
3068 1161 3174 1217 ἀνὰ
3222 1160 3302 1215 λα’
3331 1160 3546 1233 ἡμέρας
3591 1161 3700 1214 εἰσὶ
3726 1167 3798 1230 γ’,

2213 1254 2323 1308 τῶν
2368 1254 2425 1307 δὲ
2472 1253 2578 1308 ἀνά
2610 1252 2653 1308 λ’
2706 1252 2769 1324 β’.
2808 1255 3102 1327 Ἀρχονται
3139 1253 3270 1323 γοῦν
3304 1254 3414 1308 ἀπὸ
3454 1253 3549 1306 τοῦ
3594 1253 3800 1306 Ὀκτω-

2215 1345 2368 1416 ϐρίου
2411 1345 2602 1417 μηνὸς,
2630 1346 2725 1415 ἀφ’
2756 1341 2817 1401 οὗ
2861 1347 2955 1401 καὶ
3003 1347 3032 1399 ὁ
3075 1344 3170 1400 τοῦ
3215 1345 3366 1417 ἡλίου
3400 1343 3600 1408 κύκλος
3637 1344 3801 1415 ἄρχε-

2211 1456 2324 1492 ται.
2353 1439 2463 1493 Καί
2494 1441 2601 1492 εἰσι
2639 1439 2735 1493 τοῦ
2778 1439 3111 1511 Ὀκτωϐρίου
3146 1445 3217 1508 γ’,
3247 1438 3341 1491 τοῦ
3390 1436 3699 1508 Νοεμϐρίου
3731 1436 3796 1507 β’,

2212 1530 2307 1585 τοῦ
2337 1531 2675 1603 Δεκεμϐρίου
2704 1539 2775 1602 γ’,
2804 1530 2899 1586 τοῦ
2944 1532 3274 1604 Ἰανουαρίου
3304 1538 3374 1601 γ’,
3410 1528 3505 1583 τοῦ
3553 1529 3798 1601 Μαρτίου

2214 1630 2287 1693 γ’,
2314 1622 2409 1677 τοῦ
2457 1624 2735 1698 ’Δπριλίου
2768 1622 2833 1696 β’,
2863 1622 2956 1678 τοῦ
3002 1625 3180 1680 Μαΐου
3214 1630 3283 1694 γ’,
3317 1621 3411 1677 τοῦ
3469 1622 3683 1678 Ἰουνίου
3728 1621 3797 1692 β’,

2212 1714 2307 1769 τοῦ
2353 1714 2576 1769 Ἰουλίου
2612 1722 2683 1784 γ’,
2715 1715 2810 1769 καὶ
2840 1714 2934 1768 τοῦ
2978 1714 3289 1782 Αὐγούστου
3327 1721 3398 1783 γ’,
3434 1714 3529 1768 καὶ
3564 1713 3658 1767 τοῦ
3705 1714 3800 1766 Σε-

2213 1807 2517 1880 πτεμϐρίου
2536 1805 2601 1878 β’.
2620 1808 2684 1860 Et
2711 1804 2805 1861 οὑν
2844 1806 3020 1878 βούλει
3044 1806 3435 1878 όποιανδήποτε
3467 1805 3635 1878 μηνὸς
3661 1805 3800 1876 ἡμέ-

2141 1885 2191 1945 Β
2220 1916 2321 1969 ραν
2349 1899 2531 1970 εὑρεῖν
2584 1898 2807 1969 (κείσθω
2851 1899 2909 1952 δὲ
2957 1898 3116 1969 χάριν
3144 1898 3538 1968 ὑποδείγματος
3576 1898 3609 1969 ἡ
3656 1896 3799 1951 κατά

524 1986 587 2040 τδ
630 1984 981 2058 ἐνιστάμενον
1016 1984 1112 2039 νῦν
1141 1985 1261 2050 ἔτος
1302 1983 1384 2040 κθ¹
1415 1979 1510 2041 τοῦ
1532 1988 1799 2060 Μαρτίου
1831 1988 2018 2061 μηνὸς,
2051 1992 2111 2048 ὲν
2147 1986 2305 2068 ᾖκαὶ
2331 1995 2393 2049 τὸ
2431 1996 2584 2066 ἅγιον
2628 1994 2785 2068 ἡμῶν
2836 1994 2944 2049 τῶν
2987 1993 3327 2067 Χριστιανῶν
3369 1993 3561 2063 Πάσχα
3610 1991 3797 2064 ἔσται)

525 2079 882 2154 εὑρεθήσεται
913 2077 1106 2143 οὕτως’

592 2172 761 2228 Sume
792 2171 1060 2227 labentem
1089 2171 1224 2227 solis
1251 2172 1488 2244 cyclum,
1529 2174 1623 2245 qui
1649 2183 1735 2230 est
1753 2177 1846 2241 25,
1881 2192 2112 2249 ejusque

524 2265 812 2320 bisextiles
841 2262 874 2317 6
904 2281 919 2331 ;
951 2277 1078 2316 nam
1106 2273 1302 2333 quater
1343 2280 1442 2319 sex
1470 2265 1713 2321 elﬁciunt
1739 2268 1831 2323 24.
1870 2268 2110 2325 Summae

525 2355 773 2412 omnium
822 2356 886 2410 51
943 2355 1085 2412 adde
1130 2355 1404 2411 mensium
1442 2366 1686 2427 epactas,
1727 2375 1920 2431 nempe
1948 2358 2115 2417 Octo-

523 2447 663 2510 bris,
704 2446 1049 2514 Novembris,
1082 2446 1397 2502 Decembris
1440 2455 1494 2502 et
1523 2447 1776 2504 Januarii
1807 2469 1823 2518 ;
1857 2451 1977 2509 dies
2004 2469 2114 2508 un-

525 2540 727 2603 decim,
771 2538 909 2594 ﬁunt
941 2538 1035 2593 42.
1097 2538 1349 2609 Adjunge
1397 2538 1581 2594 Martii
1623 2541 1695 2596 29
1762 2543 1901 2611 dies,
1955 2545 2118 2614 cujus

526 2630 719 2687 feriam
743 2630 996 2701 inquiris,
1028 2630 1326 2686 coniiciunt
1362 2631 1449 2697 7i,
1481 2646 1602 2703 quae
1624 2648 1721 2703 per
1761 2634 1792 2687 7
1820 2634 2116 2690 hebdoma-

523 2727 613 2783 dis
661 2728 865 2798 partire
904 2727 1023 2783 dies
1064 2727 1121 2781 in
1173 2727 1319 2782 hunc
1366 2729 1590 2783 modum
1630 2744 1643 2779 :
1680 2727 1869 2784 Decies
1915 2727 1947 2781 7
1987 2734 2116 2784 sunt

525 2817 637 2888 70;
672 2825 846 2875 restat
874 2818 927 2881 Ι,
951 2832 1072 2889 quae
1095 2825 1180 2873 est
1212 2818 1577 2873 hebdomadis
1609 2818 1787 2887 prima
1819 2818 1973 2880 feria,
2002 2818 2117 2872 sive

524 2911 850 2975 Dominica,
897 2911 951 2965 in
995 2925 1160 2980 quam
1215 2909 1393 2964 Martii
1440 2909 1533 2972 29,
1584 2924 1748 2979 quam
1793 2911 2114 2980 quaerimus,

526 3003 744 3058 incidit.
775 3001 936 3068 Quod
973 3002 1017 3056 si
1051 3001 1108 3054 in
1162 3001 1268 3054 alia
1312 3002 1615 3071 quaestione
1655 3001 2105 3070 collectioneque,

526 3103 658 3181 post
704 3095 1034 3151 divisionem
1067 3108 1165 3165 per
1194 3094 1249 3159 7,
1279 3092 1408 3158 duo,
1436 3102 1620 3148 tresve
1664 3094 1802 3155 dies,
1836 3101 1931 3146 aut
1973 3107 2106 3161 qua-

2287 2181 2434 2236 Λάϐε
2487 2200 2577 2253 μοι
2626 2180 2719 2236 τὸν
2749 2181 3099 2252 ἐνιστάμενον
3148 2180 3348 2234 κύκλον
3393 2178 3486 2233 τοῦ
3525 2178 3679 2250 ἡλίου
3719 2177 3797 2232 κε’

2216 2270 2575 2341 τυγχάνοντα,
2604 2271 2700 2325 καὶ
2731 2269 2800 2324 τὰ
2842 2269 3035 2323 τούτου
3066 2268 3321 2339 τέταρτα,
3356 2267 3521 2338 ήγουν
3555 2265 3794 2336 βίσεξτα,

2219 2363 2377 2417 ἀτινά
2410 2365 2550 2417 εἰσιν
2580 2370 2654 2429 ς’.
2701 2362 2971 2434 Τετράκις
3004 2359 3114 2432 γὰρ
3156 2358 3208 2425 ς’
3239 2357 3337 2414 κδ’.
3384 2357 3606 2422 Τούτοις
3633 2357 3796 2426 γεγό⁶

2219 2472 2374 2508 νασιν
2397 2457 2440 2487 “
2472 2455 2553 2509 λα’
2586 2454 2823 2527 πρόσθες
2854 2454 2954 2517 τὰς
2981 2453 3090 2506 τῶν
3117 2451 3301 2524 μηνῶν
3333 2449 3600 2512 ἑπακτάς,
3630 2449 3796 2520 ἤγουν

2216 2544 2310 2600 τοῦ
2369 2546 2720 2616 Ὀκτωϐρίου,
2770 2541 3102 2615 Νοεμϐρίου,
3152 2541 3488 2613 Δεκεμϐρίου
3534 2539 3631 2594 καὶ
3695 2541 3798 2593 ’ῐαε

2215 2637 2469 2709 νουαρίου
2511 2637 2723 2709 ἡμέρας
2765 2643 2830 2689 ια’
2855 2654 2870 2670 ο
2906 2636 3015 2690 ίδοὺ
3058 2635 3167 2707 μβ⁹.
3200 2633 3437 2697 Ταύταις
3479 2630 3797 2697 ὲπισύναξον

2217 2730 2313 2783 καὶ
2347 2728 2445 2792 τάς
2473 2727 2567 2780 τοῦ
2604 2728 2852 2798 Μαρτίου
2887 2727 2969 2781 κθ’
2990 2744 3003 2755 °
3040 2724 3225 2796 ἐπειδὴ
3265 2723 3364 2796 τὴν
3394 2722 3476 2777 κθ’
3504 2720 3668 2777 αὑτοῦ
3696 2721 3795 2795 ζη-

2216 2822 2330 2883 τεῖς
2374 2819 2565 2890 μαθεῖν
2595 2822 2654 2873 ὲν
2690 2820 2819 2891 ποίᾳ
2845 2819 2947 2889 τῆς
2972 2817 3263 2890 ἑϐδομάδος
3289 2819 3472 2890 ἡμέρᾳ
3499 2819 3753 2888 τυγχάνει
3777 2831 3790 2845 ·

2218 2913 2313 2965 καὶ
2349 2910 2456 2963 ίδοὺ
2503 2911 2795 2979 γεγόνασιν
2837 2916 2937 2964 οα’.
2985 2908 3202 2972 Ταύτας
3235 2907 3452 2978 ὕφειλον
3484 2908 3710 2961 ἐπὶτῶν
3750 2904 3815 2971 ζ’

2214 3003 2313 3073 τῆς
2366 3001 2661 3073 ἑϐδομάδος
2706 3001 2957 3075 ἡμερῶν,
2998 3000 3199 3055 εἰπών’
3250 3001 3484 3064 Δεκάκις
3529 3000 3595 3054 τά
3629 2999 3674 3063 ζ’
3716 3007 3790 3053 ο’”

2216 3094 2545 3166 κατελείφθη
2576 3095 2669 3148 καὶ
2709 3094 2825 3166 μία,
2854 3095 2978 3166 ἥτις
3012 3094 3131 3147 ἐστὶ
3159 3092 3352 3165 πρώτη
3378 3093 3476 3165 τῆς
3503 3092 3795 3163 ἑϐδομάδος

524 3165 658 3249 tum:
685 3187 884 3255 reliqui
932 3186 1063 3249 sint,
1103 3200 1166 3239 ac
1198 3185 1455 3254 deinceps
1496 3200 1672 3254 usque
1708 3185 1775 3238 ad
1806 3185 1856 3247 7,
1886 3184 2106 3238 contin-

2213 3186 2399 3257 ἡμέρα
2447 3189 2481 3258 ἡ
2510 3165 2764 3257 Κυριακὴ
2812 3187 2846 3257 ἡ
2882 3165 3203 3257 ζητουμένη
3243 3179 3379 3237 οὖσα
3410 3183 3505 3236 τοῦ
3548 3183 3792 3253 Μαρτίου

526 3285 655 3348 gent
678 3278 941 3332 nimirum
966 3284 1176 3331 caetera
1206 3274 1564 3331 hebdomadis
1597 3290 1662 3331 ex
1693 3276 1888 3330 ordine
1935 3275 2104 3330 feriae.

526 3368 644 3426 Hoc
686 3370 732 3426 si
791 3369 847 3424 in
893 3368 1179 3424 mensibus
1229 3368 1490 3423 omnibus
1553 3367 1779 3431 feceris,
1836 3375 1950 3422 tam
2012 3370 2108 3438 qui

527 3461 786 3517 Martium
833 3462 1187 3523 antecedunt,
1238 3461 1533 3532 quam,qui
1586 3470 1932 3531 sequuntur;
1982 3476 2105 3517 cer-

526 3554 741 3611 tissime
810 3568 875 3608 ac
945 3555 1066 3609 sine
1120 3545 1327 3609 errore»
1375 3553 1681 3624 comperies
1730 3553 2110 3625 cujuscunque

526 3647 756 3702 libuerit
796 3647 906 3702 diei
958 3646 1151 3702 feriam
1198 3647 1255 3700 in
1298 3646 1571 3701 duodenis
1620 3646 1751 3700 anni
1800 3645 2104 3701 mensibus.

525 3738 703 3795 Porro
742 3737 1078 3794 Februarius
1119 3738 1258 3792 nihil
1301 3752 1535 3808 prorsus
1590 3738 1647 3792 in
1700 3745 2108 3794 menstruamtn

526 3841 843 3903 epactarum
871 3830 1161 3885 ratiocinia
1197 3829 1432 3884 confert.
1465 3828 1564 3885 Est
1589 3829 1737 3884 enim
1766 3828 2105 3895 deminutus,

527 3939 593 3980 ac
620 3924 815 3980 diebus
848 3929 1059 3977 tantum
1092 3927 1310 3976 constat
1337 3928 1464 3975 octo
1493 3927 1549 3975 et
1577 3921 1790 3991 viginti.
1821 3920 1890 3974 Et
1914 3936 2109 3990 quam-

526 4015 612 4069 vis
655 4014 712 4068 in
760 4027 906 4067 anno
957 4011 1200 4067 bisextili
1250 4026 1383 4065 xm
1444 4010 1665 4075 habeat,
1728 4025 1840 4066 uno
1897 4011 2108 4066 scilicet

526 4106 714 4162 addito
755 4105 888 4172 die;
948 4103 1040 4158 hic
1084 4094 1340 4158 videlicet
1400 4102 1491 4157 ille
1536 4102 1656 4158 dies
1692 4109 1797 4167 est,
1841 4104 1935 4172 qui
1983 4109 2108 4173 post

527 4213 704 4253 annos
733 4213 786 4252 tv
821 4197 878 4251 in
907 4198 1064 4268 cyclo
1094 4196 1230 4252 solis
1268 4195 1482 4249 accedit
1510 4209 1655 4250 anno
1681 4194 1945 4250 bisextili.
1978 4195 2108 4250 ldeo

525 4292 613 4347 bis
646 4291 925 4344 numerari
961 4304 1073 4343 non
1098 4288 1283 4344 debet.
1308 4286 1621 4353 Quinetiam
1654 4287 1711 4340 in
1739 4286 2107 4357 computanda

526 4382 659 4437 feria
706 4395 817 4435 non
867 4388 996 4436 ante
1042 4379 1293 4450 procedit
1332 4380 1389 4433 in
1442 4393 1736 4443 summam,
1782 4393 1947 4448 quam
2001 4377 2105 4433 Fe«

524 4472 783 4528 bruarius
833 4470 1082 4535 desierit,
1124 4470 1230 4525 hoc
1267 4476 1353 4524 est
1382 4468 1451 4524 ab
1495 4468 1719 4525 ineunte
1766 4467 1991 4533 Martio,
2041 4484 2107 4524 ac

523 4566 803 4635 deinceps.

2212 3278 2315 3331 xB'.
2349 3278 2413 3331 Εί
2442 3277 2499 3330 δὲ
2547 3276 2728 3348 συμϐῇ
2768 3277 2829 3330 ὲν
2863 3276 2998 3348 ἀλλῃ
3024 3276 3252 3348 τοιαύτῃ
3290 3276 3515 3346 ζητήσει
3549 3276 3645 3329 καὶ
3672 3277 3795 3328 ἐπι·

2211 3371 2501 3439 συναγωγῇ
2549 3368 2687 3440 μετά
2720 3368 2812 3421 τὸν
2852 3365 2897 3432 ζ’
2927 3367 3189 3438 ὑφειλμδν
3222 3366 3647 3439 καταλειφθῆναι
3677 3367 3792 3429 δύο,

2208 3460 2243 3534 ἡ
2269 3461 2419 3534 τρία,
2450 3462 2483 3533 ἢ
2515 3461 2584 3527 δ’,
2624 3461 2720 3516 καὶ
2762 3459 2999 3532 καθεξῆς
3032 3461 3194 3532 μέχρι
3222 3460 3330 3514 τῶν
3365 3461 3430 3526 ζ’,
3463 3460 3672 3514 ἔσονται
3699 3459 3795 3530 δηο

2208 3552 2381 3608 λονότι
2431 3554 2574 3608 κατά
2611 3553 2765 3629 τάξιν
2794 3555 2849 3607 at
2878 3553 3063 3607 λοιπαὶ
3094 3553 3193 3623 τῆς
3234 3552 3527 3624 ἑϐδομάδος
3563 3552 3790 3624 ἡμέραι.

2209 3646 2314 3700 Τὸν
2338 3646 2523 3716 ὅμοιον
2566 3642 2679 3699 οὖν·
2703 3645 2872 3700 ποιῶν
2898 3646 3103 3717 τρόπον
3135 3645 3230 3699 καὶ
3270 3647 3349 3708 είς
3386 3645 3513 3708 τοὺς
3541 3643 3649 3715 πρὸ
3693 3645 3792 3699 τοῦ

2208 3738 2456 3810 Μαρτίου
2500 3738 2696 3810 μῆνας,
2746 3739 2840 3792 καὶ
2882 3739 2965 3803 είς
3008 3740 3138 3803 τοὺς
3182 3741 3297 3809 μετ’
3329 3738 3491 3792 αὑτὸν
3519 3737 3790 3802 ἅπαντας,

2208 3828 2467 3899 ἀσφαλῶς
2494 3830 2589 3883 καὶ
2616 3827 2929 3892 ἀπταίστως
2971 3828 3227 3901 εὑρήσεις
3251 3828 3317 3899 ἢν
3356 3826 3422 3881 ἂν
3451 3827 3792 3899 ὲπιζητήσῃς

2209 3922 2422 3995 ἡμέραν
2469 3921 2581 3975 τῶν
2626 3919 2722 3974 τοῦ
2772 3920 2894 3973 ὅλου
2933 3918 3181 3974 ἐνιαυτοῦ
3231 3918 3437 3991 μηνῶν.
3499 3919 3561 3973 '0
3606 3917 3790 3990 μέντοι

2207 4012 2570 4086 Φεϐρουάριος
2595 4012 2655 4066 οὑ
2687 4012 3031 4084 συνεισφέρει
3056 4030 3108 4065 τι
3142 4012 3279 4075 ὅλως
3304 4013 3362 4065 ὲν
3405 4014 3527 4075 ταῖς
3567 4011 3791 4082 είρημέ-

2208 4108 2325 4169 ναῖς
2353 4105 2620 4169 ὲπακταῖς
2649 4105 2758 4158 τῶν
2794 4105 3000 4176 μηνῶν.
3039 4104 3449 4175 Ἦλαττωμένος
3480 4104 3591 4175 γάρ
3619 4105 3787 4168 ἐστιν,

2209 4205 2295 4269 κη’
2328 4199 2424 4252 καὶ
2455 4198 2621 4269 μόνας
2644 4197 2858 4271 ἡμέρας
2883 4197 3041 4270 ἔχων.
3081 4198 3146 4251 Εί
3174 4196 3232 4250 δὲ
3252 4198 3344 4251 καὶ
3369 4196 3612 4268 βισέξτου
3638 4196 3791 4260 δντος

2208 4289 2291 4342 κθ¹
2337 4289 2772 4361 προστιθεμένης
2817 4290 2966 4361 αὑτῷ
3018 4292 3146 4361 μιᾶς
3179 4289 3427 4362 ἡμέρας·
3486 4289 3602 4343 ἀλλ’
3648 4287 3788 4360 αὕτη

2209 4380 2357 4433 ἐστὶν
2392 4382 2425 4451 ή
2454 4380 2597 4434 κατά
2626 4379 2669 4433 δ’
2706 4379 2932 4451 χρόνους
2963 4380 3361 4452 προστιθεμένη
3396 4382 3454 4433 ὲν
3498 4379 3576 4450 τῷ
3605 4377 3790 4448 κύκλῳ

2209 4471 2302 4525 τοῦ
2334 4471 2512 4543 ἡλίου,
2551 4470 2792 4543 βισέξτου
2841 4472 3027 4536 ὄντος·
3067 4475 3163 4527 καὶ
3199 4472 3288 4526 διά
3319 4470 3474 4525 τοῦτο
3503 4472 3603 4525 οὑκ
3647 4470 3791 4525 ἐνδέ-

2211 4579 2364 4633 χεται
2412 4564 2791 4635 δισσευθῆναιο
2823 4565 2946 4635 ἥτις
2975 4565 3094 4619 οὑδὲ
3139 4565 3341 4635 ὀφείλει
3378 4563 3694 4633 εἰσάγεσθαι
3732 4566 3789 4615 ὲν

480 4718 483 4723 ν
521 4661 602 4733 τῷ
636 4662 681 4694 ¹⁸
712 4659 899 4731 πούτῳ
933 4656 1362 4729 ἡμεροευρεσίῳ,
1396 4656 1704 4728 ἀρξαμένου
1732 4655 1826 4710 τοῦ
1852 4656 2094 4727 βισέξτου
2130 4658 2347 4730 χρόνου,
2415 4660 2484 4731 ἢν
2532 4660 2607 4734 μὴ
2646 4659 2890 4735 παρέλθῃ
2934 4663 2964 4715 ὁ
3011 4661 3407 4736 Φεϐρουάριος,
3461 4661 3629 4731 ἡγουν
3692 4656 3788 4712 ἀπ’

520 4757 698 4830 ἀρχῆς
732 4754 827 4810 τοῦ
858 4755 1106 4827 Μαρτίου
1140 4754 1236 4807 καὶ
1262 4752 1592 4825 ἔμπροσθεν.

736 4874 809 4929 De
841 4875 1045 4929 ratione
1079 4874 1215 4945 cycli
1252 4872 1455 4927 lunaris
1486 4872 1863 4943 investigandi.

586 4986 678 5042 IV.
743 4987 943 5059 Cyclus
994 4988 1197 5042 lunata
1241 4984 1499 5041 Kalendis
1551 4984 1832 5042 Januariis
1880 4985 2097 5055 incipit,

519 5087 683 5148 atque
726 5079 798 5133 ad
846 5093 1021 5134 annos
1064 5094 1159 5133 xu
1208 5076 1510 5148 perductus
1552 5092 1757 5131 novum
1818 5076 1965 5146 capit
2005 5091 2101 5131 ex-

515 5172 756 5226 ordium.
790 5168 947 5225 Ilunc
967 5185 1100 5242 ergo
1114 5169 1357 5239 reperire
1377 5168 1425 5223 si
1448 5168 1554 5232 vis,
1580 5182 1850 5223 annorum
1879 5168 1949 5221 ab
1969 5166 2102 5220 orbe

516 5262 739 5318 condito
779 5274 1052 5317 summam
1101 5261 1308 5332 partire
1357 5276 1455 5332 per
1496 5274 1789 5315 numerum
1830 5258 1970 5330 cycli
2017 5257 2102 5312 lu-

515 5357 690 5420 naris,
730 5354 786 5409 id
836 5362 922 5410 est
969 5370 1087 5421 XIX,
1129 5355 1423 5423 reliquum,
1461 5352 1609 5423 quod
1661 5359 1747 5407 est
1788 5351 1933 5407 infra
1975 5368 2094 5416 XIX,

516 5455 611 5501 ant
647 5462 736 5501 χιχ
767 5444 894 5515 ipsi,
922 5450 1110 5518 cyclus
1148 5452 1234 5502 est
1262 5446 1441 5501 iniens
1468 5446 1629 5499 lunae.
1671 5443 1961 5510 Quaeratur
1991 5443 2097 5498 hoc

515 5552 658 5592 anno
682 5538 987 5593 68851una:
1009 5539 1216 5609 cyclus,
1244 5538 1350 5593 hoc
1389 5538 1551 5593 modo
1587 5535 2041 5591 ratiocinabimur
2073 5553 2087 5590 :

513 5620 712 5677 Novies
758 5639 823 5678 ac
864 5624 1049 5680 decies
1086 5626 1451 5697 multiplicata
1503 5625 1608 5681 500
1663 5625 1873 5680 faciunt
1923 5623 2085 5679 5700.

2132 4878 2178 4934 1)
2209 4873 2400 4937 Ὅπως
2444 4869 2540 4924 δεῖ
2579 4870 2886 4939 εὑρίσκειν
2925 4868 3036 4923 τὸν
3081 4869 3313 4923 κύκλον
3350 4867 3460 4936 τῆς
3491 4866 3784 4936 σελήνης.

2271 4987 2345 5038 Δν.
2398 4985 2456 5038 '0
2488 4984 2589 5055 τῆς
2625 4982 2856 5053 σελήνης
2894 4981 3093 5046 κύκλος
3120 4981 3345 5051 ἄρχεται
3385 4980 3484 5051 μὲν
3532 4981 3642 5034 ἀπὸ
3687 4982 3786 5052 τῆς

2202 5076 2427 5149 πρώτης
2456 5074 2548 5130 τοῦ
2590 5075 2919 5146 Ἰανουαρίου
2969 5075 3157 5145 μηνὸς,
3198 5074 3484 5145 ἀνέρχεται
3530 5072 3588 5127 δὲ
3622 5073 3783 5146 μέχρι

2202 5169 2410 5240 χρόνων
2440 5168 2526 5231 ιϐ’,
2577 5168 2671 5221 καὶ
2707 5167 2869 5220 πάλιν
2898 5166 3164 5238 λαμϐάνει
3201 5167 3398 5238 ἀρχήν.
3435 5167 3498 5219 Εἰ
3534 5161 3632 5220 οὖν
3661 5165 3785 5236 βού-

2202 5258 2284 5312 λει
2331 5259 2426 5312 καὶ
2467 5258 2654 5312 τοῦτον
2702 5261 2901 5332 εὑρεῖν,
2954 5256 3173 5327 ὑφειλον
3224 5257 3379 5329 παρὰ
3424 5258 3516 5312 τὸν
3549 5258 3783 5328 ἀριθμὸν

2203 5349 2365 5403 αὑτοῦ
2401 5349 2601 5404 κύκλου
2623 5351 2813 5420 αὐτῆς,
2843 5351 3008 5422 ἤγουν
3041 5350 3150 5403 τῶν
3185 5349 3271 5414 ιθ’,
3306 5349 3376 5403 τά
3421 5349 3529 5402 ἀπὸ
3551 5349 3780 5411 κτίσεως

2201 5441 2408 5513 κόσμου
2442 5441 2538 5513 ἐτη
2562 5458 2575 5471 ·
2604 5443 2701 5496 καὶ
2737 5441 2810 5495 τά
2842 5442 3270 5511 καταλειφθέντα
3300 5440 3371 5494 τά
3394 5439 3638 5495 κάτωθεν
3669 5438 3779 5491 τῶν

2200 5533 2288 5598 ιθ’,
2321 5533 2353 5605 ἢ
2389 5534 2482 5587 καὶ
2516 5535 2709 5605 μέχρις
2739 5533 2940 5599 αὑτῶν,
2970 5534 3206 5606 ὑπάρχει
3235 5535 3265 5588 ὁ
3300 5532 3651 5602 ἐνιστάμενος
3682 5530 3780 5583 κύ-

2196 5624 2324 5689 κλος
2358 5625 2459 5698 τῆς
2507 5626 2757 5699 σελήνης.
2794 5627 2976 5681 Ἔστω
3021 5625 3298 5700 δὴζητεῖν
3351 5626 3498 5697 ἡμᾶς
3542 5622 3687 5679 κατά
3715 5620 3780 5676 τὸ

587 5772 631 5805 ¹¹
664 5771 816 5828 Deest
846 5774 1006 5832 κατά.
1084 5778 1128 5810 ¹¹
1159 5776 1286 5834 Cor.
1316 5779 1620 5848 γεγονόσιν.
1694 5779 1739 5811 ⁸⁸
1764 5778 1847 5833 An
1878 5793 1974 5848 pro
2006 5778 2323 5851 κομπούτῳ.
