4070 6406
344 414 474 475 1321

344 537 518 606 παρὸν
547 541 732 607 ,ςωπέ
765 533 881 599 ἔτος
925 532 1015 587 τὸν
1047 527 1244 588 κύκλον
1279 529 1445 605 αύτῆς
1465 551 1478 564 ’

359 626 858 688 Ἐννεακαιδεκάκις
887 625 956 678 τὰ
991 631 1035 679 τ’
1068 625 1196 695 ,εψυ
1248 625 1717 689 ὲννεακαιδεκὰκις
1757 627 1827 679 τὰ
1870 626 1912 693 ξ’

348 722 518 784 ,αρμὀ
558 715 650 766 καὶ
677 713 1148 777 ὲννεακαιδεκάκις
1179 713 1248 766 τὰ
1278 713 1318 784 β’
1347 713 1426 783 λη’
1447 731 1460 743 ο
1500 716 1756 784 γινόμενα
1779 714 1912 784 ὁμοῦ

347 811 548 876 ,τωοηη
591 803 1034 874 Κατελείφθησαν
1066 798 1225 874 μέχρι
1261 804 1369 856 τῶν
1400 811 1482 856 πε’
1512 806 1606 857 καὶ
1639 804 1681 868 ζ’
1709 820 1722 834 ο
1759 803 1917 859 ἆτινά

348 896 482 946 εἰσιν
504 895 848 964 ἐνιστάμενος
873 894 973 964 τῆς
1006 893 1233 964 σελήνης
1252 892 1449 957 κύκλος
1478 893 1521 958 ζ’
1549 892 1642 947 ὢν.
1685 895 1794 948 Καὶ
1829 893 1917 947 διὰ

347 986 447 1055 τῆς
499 985 664 1055 ἄλλης
717 985 939 1056 μεθόδου
992 986 1245 1056 εὑρήσεις
1292 984 1480 1037 τοῦτον
1536 986 1913 1057 ἀπονωτέρως.

350 1078 475 1141 Τοῖς
539 1077 848 1148 εἰρημένοις
895 1076 1096 1145 ὀλίγοις
1149 1076 1357 1140 ἔτεσιν,
1412 1076 1578 1144 ἤγουν
1636 1079 1748 1140 τοῖς
1807 1084 1914 1141 πε’,

1538 405 1758 471 lSAACl
1800 413 2104 472 MONACHI
2143 409 2532 474 COMPUTUS.

1528 535 1620 588 xui.
1650 534 1880 606 λέγομεν
1901 553 1916 566 ·

2031 539 2152 594 ltem
2186 537 2434 608 sexagies
2461 535 2835 591 novemdecim
2882 536 3012 592 dant
3045 535 3325 606 1140;1)ἰε
3354 554 3580 595 novem-

3442 420 3581 482 1522

2022 631 2218 696 decim,
2251 631 2342 686 '58.
2380 629 2722 700 Colliguntur
2755 629 2882 683 anni
2910 629 3070 685 6878.
3107 631 3309 687 Desunt
3334 632 3401 686 ad
3432 649 3582 688 com-

2023 721 2250 790 plendos
2281 721 2371 784 85,
2415 720 2544 773 anni
2585 719 2636 787 7,
2680 720 2774 790 qui
2816 728 2901 775 est
2929 723 3212 788 praesentis
3260 723 3390 777 anni
3424 724 3584 776 luna-

2021 813 2100 869 ris
2145 813 2352 884 cyclus.
2406 810 2561 867 Licet
2606 812 2711 867 hoc
2747 821 2802 868 et
2845 814 2950 867 alia
2988 815 3242 870 methodo
3285 816 3586 885 periclitari

2022 903 2229 972 majore
2269 904 2610 973 compendio.
2656 903 2936 958 Annorum
2970 906 3166 959 minori
3202 922 3448 971 numero,
3481 907 3588 964 hoc

2022 1001 2108 1048 est
2158 995 2246 1058 85,
2292 994 2470 1064 adjice
2504 994 2594 1060 17,
2639 995 2777 1048 ﬁunt
2816 994 2940 1048 102.
2983 994 3058 1051 Ea
3087 997 3132 1052 si
3174 1012 3271 1066 per
3299 996 3366 1052 19
3396 997 3586 1053 distri-

2021 1083 2178 1149 buas,
2213 1084 2666 1156 relinquentur.7,
2697 1085 2882 1142 itidem
2923 1097 2983 1141 ut
3011 1089 3065 1141 in
3102 1089 3284 1157 priore
3308 1089 3585 1143 methodo.

351 1165 586 1238 πρόσθες
613 1168 706 1218 καὶ¹
737 1165 822 1231 ιζ’,
857 1167 950 1218 καὶ
978 1166 1214 1233 γίνονται
1247 1163 1347 1236 ρϐ’.
1388 1163 1571 1217 Ταῦτα
1639 1166 1688 1218 ει
1751 1166 1989 1236 ὑφείλεις
2027 1173 2178 1246 παρά
2218 1175 2310 1230 τὸν
2365 1175 2452 1241 ιθ’,
2498 1175 3021 1247 καταλειφθήσονται
3075 1177 3140 1242 ζ’.
3212 1178 3588 1248 ’Δναφαίνεται

351 1259 478 1326 γοῦν
511 1259 606 1312 καὶ
637 1257 809 1320 οὕτως
837 1257 882 1321 ζ’
909 1258 1209 1328 τυγχάνων.
1502 1330 1504 1333 Ι

437 1349 755 1420 Ἀπορήσειε
784 1349 828 1402 δ’
845 1350 908 1403 ἄν
923 1367 1008 1412 τις
1022 1349 1130 1402 τῶν
1156 1347 1292 1419 μετά
1319 1347 1560 1417 σκέψεως
1582 1351 1702 1412 ταῖς
1718 1349 1922 1422 παρού-

354 1454 474 1504 σαις
495 1441 731 1511 μεθόδοις
757 1440 1208 1510 ἐντυγχανόντων,
1223 1440 1339 1503 πῶς
1357 1442 1414 1492 ὲν
1429 1443 1493 1510 τῇ
1512 1441 1737 1512 δευτέρα
1751 1442 1922 1514 ταύτῃ

357 1533 562 1604 μεθόδῳ
587 1531 947 1602 προστίθεμεν
976 1533 1034 1584 ὲν
1059 1531 1155 1602 μὲν
1187 1531 1266 1601 τῷ
1287 1531 1384 1601 τῆς
1409 1531 1634 1584 ἰνδίκτου
1660 1532 1843 1604 κύκλῳ
1858 1540 1918 1598 ε’,

354 1626 413 1676 ὲν
452 1623 508 1675 δὲ
547 1622 624 1693 τῷ
650 1621 743 1674 τοῦ
773 1621 922 1692 ἡλίου
966 1621 1068 1684 κδ’,
1101 1621 1194 1674 καὶ
1221 1623 1280 1672 ὲν
1308 1621 1386 1691 τῷ
1417 1621 1515 1692 τῆς
1543 1621 1771 1691 σελήνης
1799 1621 1880 1686 κζ’
1903 1639 1918 1653 ·

354 1713 449 1767 καὶ
474 1716 521 1766 εἰ
549 1713 783 1781 ἀσφαλές
805 1714 952 1766 ἐστιν
987 1714 1073 1767 ἀεὶ⁸
1101 1711 1477 1785 προσχρῆσθαι
1505 1716 1624 1776 ταῖς
1647 1713 1922 1777 τοιαύταις

2113 1350 2390 1408 Dubitabit
2430 1354 2661 1411 forsitan
2701 1356 2898 1428 aliquis
2944 1358 3036 1429 qui
3078 1361 3240 1431 paulo
3279 1367 3590 1421 accuratius

2028 1442 2084 1497 in
2133 1443 2233 1500 has
2270 1445 2556 1502 methodos
2593 1449 2834 1502 animum
2874 1449 3186 1517 intenderit,
3234 1468 3333 1506 cur
3386 1454 3440 1508 in
3489 1457 3594 1512 hac

2025 1537 2350 1605 posteriore,
2415 1551 2538 1590 cum
2591 1538 2804 1608 cyclum
2860 1539 3176 1596 indietionis
3237 1543 3589 1613 inquirimus,

2028 1625 2300 1680 addantur
2327 1625 2393 1694 5;
2434 1625 2489 1679 in
2523 1627 2676 1696 cyclo
2702 1630 2833 1685 solis
2857 1629 2963 1698 24;
2994 1631 3049 1685 in
3080 1631 3254 1686 lunari
3280 1635 3349 1688 27
3381 1653 3396 1700 ;
3430 1645 3595 1706 atque

2029 1723 2212 1770 utrum
2263 1727 2526 1788 perpetuo
2580 1719 2887 1777 additiones
2951 1723 3069 1777 ista:
3126 1723 3390 1782 faciendas
3458 1729 3591 1782 sint.

355 1806 710 1878 προσθήκαις.
742 1806 885 1876 Πρὸς
917 1804 1009 1868 οὓς
1035 1804 1286 1875 ἐροῦμεν,
1316 1805 1392 1869 ὡς
1427 1806 1526 1858 οὑκ
1551 1806 1637 1858 ἀεὶ
1664 1799 1823 1859 αὗται
1859 1805 1924 1858 τὸ

2031 1805 2446 1877 Respondemus
2478 1825 2587 1864 non
2628 1826 2723 1866 eas
2764 1824 2980 1882 semper
3015 1814 3163 1870 tutas
3203 1831 3346 1883 esse,
3392 1817 3489 1872 sed
3524 1819 3594 1873 ad

359 1899 572 1971 βέϐαιον
598 1899 830 1968 ἔχουσιν,
875 1896 1010 1951 ἀλλὰ
1049 1897 1240 1968 μέχρις
1281 1897 1402 1950 ὅλου
1449 1895 1541 1949 τοῦ
1585 1895 1932 1966 ένενηκοστοῦ

2035 1913 2235 1953 annum
2275 1900 2655 1956 tantummodo
2695 1902 2799 1957 900
2840 1904 3132 1973 expletum,
3163 1916 3286 1976 post
3308 1923 3431 1962 eum
3465 1925 3595 1964 vero

356 1991 452 2045 ml.
485 1991 643 2061 μόνου
686 1990 835 2053 ἔτους
860 2004 871 2018 ⁸
907 1988 1044 2058 μετά
1088 1989 1145 2041 δὲ
1185 1989 1361 2051 τοῦτο,
1396 1987 1561 2060 ἄλλης
1610 1987 1927 2060 ἀρξαμένης

357 2084 879 2155 ἑκατονταετηρίδος,
917 2082 1072 2136 ἄλλαι
1101 2083 1194 2135 καὶ
1234 2081 1540 2154 προσθῆκαι
1572 2082 1929 2154 παραληφθή-

361 2195 578 2233 ιῖοντοιι⁹
638 2178 804 2249 1ήγουν
851 2178 908 2229 ἐν
975 2175 1072 2246 μὲν
1108 2175 1186 2245 τῷ
1229 2175 1328 2243 τῆς
1381 2175 1611 2229 ίνδίκτου
1659 2174 1842 2246 κύκλῳ
1894 2173 1927 2246 ἢ

357 2268 530 2334 οὐδὲν,
573 2268 607 2341 ἢ
643 2275 721 2334 ιε’,
761 2270 820 2321 ὲν
859 2266 914 2319 δὲ
948 2265 1026 2337 τῷ
1070 2265 1163 2318 τοῦ
1196 2264 1350 2336 ήλίου
1393 2265 1481 2329 ιϐ’,
1517 2267 1575 2319 ἐν
1618 2265 1675 2318 δὲ
1716 2264 1795 2336 τῷ
1834 2265 1932 2336 τῆς

361 2359 590 2430 σελήνης
616 2366 686 2428 γ’.
715 2358 898 2421 Οὕτως
924 2352 1016 2410 οὖν
1040 2355 1201 2409 πάλιν
1224 2356 1536 2420 ἀπταίστως
1562 2357 1595 2426 ή
1624 2355 1732 2409 τῶν
1759 2354 1934 2410 τοιού-

359 2461 467 2504 των
511 2451 842 2523 προϐήσεται
873 2448 1087 2502 κύκλων
1132 2447 1365 2519 εὕρεσις.
1399 2445 1651 2511 Πλείονος
1677 2443 1734 2500 δὲ
1770 2447 1934 2501 ἕνεκα

361 2542 612 2610 γνώσεως
637 2541 730 2595 καὶ
759 2540 849 2594 τὸν
872 2540 1075 2594 τούτων
1106 2539 1262 2610 λόγον
1293 2540 1630 2610 ἀποκαλύψω
1678 2556 1782 2601 σοι,
1813 2541 1934 2602 ταῖς

363 2635 575 2698 πολλοῖς
619 2634 749 2697 ἴσως
795 2634 868 2704 μὴ
914 2631 1332 2703 γινωσκόμενον.
1385 2633 1652 2702 Ἐκάστης
1681 2632 1798 2696 οἵας
1843 2631 1936 2703 δή-

364 2744 492 2780 ποτε
523 2725 904 2796 πληρουμένης
926 2723 1452 2796 ἑκατονταετηρίδος,
1497 2726 1619 2778 ὅσον
1665 2723 1731 2776 ἂν
1767 2721 1936 2795 εὖρῃς

365 2817 424 2871 έν
451 2816 528 2887 τῷ
558 2815 872 2886 τελευταίῳ,
908 2816 1074 2886 ἤγουν
1101 2815 1177 2885 τῷ
1237 2820 1278 2885 ρ’
1325 2812 1526 2885 ταύτης
1577 2813 1707 2875 ἔτει,
1748 2813 1840 2866 τόν
1877 2829 1937 2866 τε

365 2908 562 2961 κύκλον
610 2906 703 2960 τοῦ
751 2907 900 2978 ἡλίου
952 2907 1046 2960 καὶ
1091 2908 1190 2977 τῆς
1237 2902 1484 2976 σελήνης,
1522 2904 1616 2958 καὶ
1659 2905 1760 2974 τῆς
1809 2902 1938 2957 ἰνδίι-

366 3019 515 3066 κτου,
547 3001 716 3069 αὑτὴν
738 2999 937 3070 ταύτην
960 2998 1058 3070 τὴν
1090 2996 1319 3050 ἑκάστου
1348 2991 1620 3067 ποσότητα
1651 2994 1739 3064 ἔχε
1770 3009 1940 3065 προσι

365 3093 540 3165 θήκην
573 3096 653 3157 είς
679 3093 747 3146 τὰ
781 3092 936 3160 ὀλίγα
967 3090 1061 3162 ἔτη
1092 3091 1191 3160 τῆς
1219 3089 1525 3162 ἀρχομένης
1552 3086 1939 3156 ὲκατονταετηυ

368 3182 542 3255 ρίδος·
601 3183 696 3236 καὶ
757 3181 1012 3252 εὑρήσεις
1071 3178 1136 3232 δι’
1191 3176 1425 3246 ἑκάστης
1480 3174 1801 3247 προσθήκης
1850 3167 1941 3227 τδν

365 3279 560 3332 οἰκεῖον
613 3275 818 3348 ἑκάστῃ
881 3272 1110 3339 κύκλον,
1163 3265 1239 3336 ὡς
1295 3263 1550 3340 ἀνωτέρω
1606 3268 1898 3340 δεδήλωται
1936 3283 1950 3297 ’

2026 1991 2168 2046 alius
2200 2004 2462 2049 numerus
2504 1994 2787 2049 addendus
2821 1995 2949 2061 erit,
2989 1997 3136 2050 velut
3173 1999 3240 2053 ad
3283 2001 3596 2058 indictionis

2028 2083 2240 2154 cyclum
2268 2086 2354 2149 15,
2381 2086 2467 2140 vel
2502 2086 2556 2148 0,
2608 2085 2676 2140 ad
2721 2088 2954 2143 solarem
3008 2089 3096 2154 l2,
3134 2091 3202 2146 ad
3247 2092 3489 2148 lunarem
3537 2091 3592 2158 5.

2028 2187 2261 2242 quorum
2304 2189 2406 2244 ope
2457 2175 2596 2246 cycli
2642 2191 2833 2233 omnes
2891 2178 2983 2233 isti
3021 2180 3138 2234 sine
3169 2193 3356 2236 errore
3400 2197 3596 2254 prove-

2030 2263 2200 2318 nient.
2249 2260 2356 2318 Sed
2389 2263 2662 2319 uberioris
2701 2264 2965 2320 doctrinae
3004 2282 3169 2322 causa
3210 2269 3373 2340 hujus
3397 2272 3596 2332 rei,tibi

2031 2357 2299 2410 rationem
2359 2358 2676 2427 explicabo,
2727 2374 2890 2429 quam
2948 2376 3059 2415 non
3119 2363 3278 2418 multi
3343 2363 3596 2421 fortassis

2033 2447 2364 2518 intelligunt.
2415 2447 2676 2505 Vertente
2721 2451 2964 2521 quolibet
3033 2456 3388 2520 centenario,
3438 2459 3600 2527 quid-

2033 2539 2165 2610 quid
2199 2539 2255 2593 in
2286 2541 2586 2595 centesimo
2617 2555 2762 2594 anno
2789 2542 3056 2612 reliquum
3087 2552 3169 2599 est
3200 2545 3267 2600 de
3292 2547 3599 2603 ratiuncula

2035 2629 2190 2697 solis,
2233 2631 2376 2686 luna:
2421 2632 2505 2686 vel
2549 2631 2886 2697 indictionis,
2940 2634 3104 2703 hujus
3142 2652 3428 2690 numerum
3459 2639 3601 2694 adde

2035 2735 2252 2791 semper
2303 2721 2616 2776 excurrenti
2679 2737 2845 2792 supra
2898 2723 3174 2780 ineuntem
3225 2729 3602 2784 centenarium

2037 2812 2236 2866 minori
2272 2827 2537 2879 summas;
2588 2819 2648 2867 ut
2687 2828 2786 2884 per
2831 2803 3126 2884 cujuslibet
3181 2818 3396 2887 generis
3447 2819 3602 2889 adje-

2037 2903 2277 2958 ctionem
2320 2912 2711 2974 congruentem
2738 2905 2941 2962 habeas
2969 2908 3202 2977 cyclum,
3251 2917 3310 2962 ut
3350 2910 3602 2980 superius

2039 2992 2379 3048 ostendimus
2410 2993 2562 3047 :‘hoc
2587 3001 2673 3050 est
2701 2995 2938 3050 solarem
2967 2997 3153 3052 addito
3185 2998 3316 3055 solis
3343 3005 3561 3071 proprio
3585 3017 3603 3068 ;

2040 3084 2286 3139 lunarem
2319 3083 2506 3138 addito
2535 3084 2715 3139 lunari
2740 3104 2754 3152 ;
2789 3094 2843 3142 et
2867 3085 3298 3154 indictionalem,
3324 3105 3390 3145 ex
3419 3107 3484 3148 eo
3509 3093 3604 3162 qui

2041 3173 2360 3230 indictionis
2385 3175 2642 3244 proprius
2671 3184 2775 3231 est.

1992 3267 2161 3338 ήγουν
2211 3271 2280 3339 τῇ
2325 3267 2420 3321 τοῦ
2463 3266 2616 3339 ἡλίου
2651 3268 2745 3323 τὸν
2770 3267 2864 3322 τοῦ
2909 3270 3082 3342 ήλίου,
3120 3274 3186 3343 τῇ
3232 3269 3334 3342 τῆς
3381 3271 3609 3344 σελήνης

365 3365 457 3420 τὸν
479 3367 576 3438 τῆς
613 3366 862 3437 σελήνης,
904 3365 999 3418 καὶ
1035 3367 1100 3435 τῇ
1138 3363 1238 3432 τῆς
1293 3363 1524 3416 ίνδίκτου
1577 3356 1669 3414 τὸν
1713 3362 1812 3431 τῆς
1860 3357 2110 3412 ίνδίκτου.

405 3481 608 3546 Ὅπως
663 3477 759 3533 δεῖ
800 3477 1113 3547 εὑρίσκειν*
1155 3475 1263 3528 τὸν
1311 3466 1585 3544 θεμέλιον
1629 3468 1740 3540 τῆς
1797 3484 1900 3524 σε-
1963 3474 2008 3532 (ι

1037 3544 1277 3614 λήνηςυ

437 3661 517 3715 Ε’.
552 3656 654 3712 Τὸν
677 3657 735 3712 δέ
762 3675 826 3727 γε
853 3657 1097 3728 θεμέλιον
1127 3655 1226 3727 τῆς
1252 3648 1478 3724 σελήνης
1503 3649 1612 3704 ἴσθι
1639 3649 1939 3721 ἀρχόμενον

367 3752 478 3805 ἀπὺ
514 3750 612 3820 τῆς
647 3756 694 3802 α’
725 3749 819 3802 τοῦ
861 3746 1186 3817 Ἰανουαρίου
1207 3763 1222 3776 ·
1275 3744 1367 3813 ἀφ’
1395 3737 1456 3798 οὗ
1501 3741 1743 3813 δηλονότι
1790 3741 1884 3795 καὶ
1910 3741 1940 3792 ὁ

367 3845 572 3915 ταύτης
607 3843 808 3906 κύκλος
839 3841 936 3913 τὴν
984 3839 1159 3911 ἀρχὴν
1198 3834 1490 3907 λαμϐάνει.
1525 3834 1588 3886 Εἰ
1621 3827 1713 3885 οὖν
1761 3829 1937 3901 βούλει

370 3937 464 3990 καὶ
511 3934 698 3989 τοῦτον
747 3934 1050 4006 εὑρίσκειν,
1085 3924 1543 3989 ἑνδεκαπλασίαζε
1595 3924 1686 3977 τὸν
1728 3923 1940 3976 ἐνιστά-

373 4043 534 4098 μενον
581 4025 778 4080 κύκλον
825 4027 919 4078 καὶ
963 4023 1041 4094 τῷ
1092 4017 1199 4076 ἀπὸ
1245 4019 1340 4073 τοῦ
1396 4011 1938 4085 ένδεκαπλασιασμοῦ

370 4119 638 4188 γινομένῳ
660 4116 879 4188 ἀριθμῷ
908 4113 1186 4186 προστίθει
1208 4117 1256 4181 γ’
1276 4129 1290 4142 ο
1319 4111 1412 4163 καὶ
1433 4109 1524 4161 τὸν
1553 4105 1938 4177 συναγόμενον,

371 4211 421 4263 ει
452 4211 550 4280 μὲν
579 4207 824 4262 κάτωθέν
858 4208 974 4259 ἐστι
1005 4203 1115 4257 τῶν
1155 4203 1222 4266 λ’,
1246 4200 1409 4254 αὑτὸν
1451 4201 1656 4252 ἐκεῖνον
1684 4194 1823 4251 εἶναι
1851 4196 1936 4265 γί-

371 4316 547 4355 νωσκε
584 4299 676 4350 τὸν
716 4294 962 4366 θεμέλιον
983 4309 998 4324 ο
1033 4295 1082 4346 εἰ
1125 4292 1170 4345 δ’
1197 4287 1408 4361 ὑπερϐῇ
1429 4328 1444 4352 ,
1481 4288 1672 4350 ὁσάκις
1707 4286 1942 4356 ἐγχωρεῖ

369 4392 462 4445 τὸν
507 4390 550 4443 λ’
583 4390 786 4443 τούτων
816 4384 1064 4455 ἀφελὼν,
1113 4382 1176 4436 τὸ
1223 4379 1685 4449 καταλειπόμενόν
1730 4380 1876 4431 ἐστιν
1911 4377 1941 4428 ὁ

374 4481 640 4554 θεμέλιος.
682 4479 793 4542 Τὰς
829 4477 1009 4548 μέντοι
1045 4475 1215 4546 τρεῖς,
1245 4472 1313 4535 ἃς
1343 4470 1554 4541 ἔφημεν
1593 4467 1941 4541 προστιθέναι

369 4572 450 4644 τῷ
473 4572 566 4624 τοῦ
607 4563 1142 4635 ένδεκαπλασιασμοῦ
1175 4561 1419 4634 ἀριθμῷ,
1458 4558 1786 4632 προσθήσεις
1814 4556 1935 4612 καθ’

371 4658 598 4715 ἕκαστον
645 4657 885 4713 ἐνιαυτὸν
928 4653 1120 4727 μέχρις
1159 4652 1284 4706 ὅλου
1338 4649 1434 4704 τοῦ
1482 4655 1556 4714 ις’
1602 4647 1801 4702 κύκλου
1842 4649 1942 4718 τῆς

374 4751 602 4822 σελήνης
621 4768 634 4781 ·
667 4751 724 4804 ἐν
752 4749 806 4802 δέ
835 4761 898 4817 γε
926 4748 1037 4808 τοῖς
1059 4744 1264 4806 λοιποῖς
1281 4741 1450 4814 τρισὶ,
1477 4738 1554 4809 τῷ
1588 4739 1649 4801 ιζ’
1679 4736 1938 4806 δηλονότι,

2286 3469 2561 3538 Quomodo
2607 3471 2746 3528 lunae
2781 3472 2942 3529 radix
2970 3475 3352 3549 investiganda.

2109 3643 2174 3698 ν.
2197 3645 2488 3702 Sciendum
2517 3657 2604 3706 est
2632 3650 2874 3707 radicem
2904 3652 3048 3708 lunae
3075 3667 3105 3708 a
3135 3653 3391 3711 Kalendis
3413 3653 3612 3712 Janua.

2038 3736 2138 3794 riis
2154 3738 2450 3808 auspicari,
2473 3740 2881 3811 aquibusillius
2907 3744 3098 3815 cyclus
3127 3745 3338 3815 incipit.
3353 3744 3527 3812 Quam
3551 3756 3614 3802 nt

2039 3826 2320 3893 invenias,
2359 3829 2469 3886 duc
2499 3831 2774 3890 ineuntem
2811 3834 2954 3890 luna:
3002 3836 3212 3906 cyclum
3255 3837 3312 3891 in
3370 3854 3447 3902 χι,
3498 3840 3614 3893 col-

2038 3919 2235 3974 lectam
2262 3935 2532 3976 summam
2560 3936 2698 3994 auge
2717 3923 2752 3977 5
2783 3923 3019 3990 additis;
3069 3925 3331 3994 quidquid
3359 3928 3610 3993 exsistet,

2039 4009 2095 4064 id
2133 4011 2182 4065 si
2212 4011 2394 4066 minus
2433 4020 2518 4068 est
2541 4013 2631 4079 50,
2661 4013 2820 4068 radix
2851 4023 2936 4095 est
2978 4016 3121 4070 lunae
3159 4016 3245 4071 :si
3275 4018 3454 4087 majus
3493 4029 3612 4085 est,

2039 4099 2109 4155 de
2141 4115 2208 4156 eo
2235 4102 2418 4170 quoad
2449 4103 2636 4158 licebit
2662 4103 2890 4160 detrahe
2918 4104 3007 4172 50,
3027 4105 3311 4162 residuum
3344 4115 3430 4163 est
3460 4109 3614 4164 radix

2041 4192 2204 4248 lunas.
2242 4193 2418 4250 Porro
2448 4196 2753 4251 ternarium
2804 4195 2992 4262 illum,
3046 4213 3210 4266 quem
3253 4199 3616 4270 multiplicato

2038 4299 2139 4354 per
2171 4301 2227 4339 xl
2271 4300 2503 4341 numero
2541 4287 2850 4343 addendum
2891 4302 3014 4343 esse
3043 4287 3354 4354 docuimus,
3392 4289 3619 4360 adjicieo

2041 4389 2165 4430 mus
2207 4376 2263 4430 in
2289 4391 2436 4432 anno
2477 4378 2674 4447 quovis
2713 4393 2886 4446 usque
2922 4377 2990 4432 ad
3031 4386 3330 4433 vertentem
3372 4378 3440 4434 16
3474 4380 3618 4434 lunae

2043 4467 2298 4537 cyclum;
2342 4467 2397 4522 in
2448 4468 2677 4538 reliquis
2707 4468 2907 4532 tribus,
2941 4476 3001 4522 ut
3034 4467 3090 4524 in
3123 4469 3212 4533 17,
3249 4470 3338 4537 18,
3385 4471 3475 4534 19,
3518 4487 3619 4541 pro

2043 4557 2222 4613 tribus
2263 4557 2432 4614 addes
2459 4557 2515 4613 1.
2559 4557 2653 4625 Sic
2705 4559 2850 4614 enim
2896 4559 3106 4629 absque
3139 4575 3327 4616 errore
3371 4561 3616 4616 lunarem

2043 4647 2287 4703 radicem
2326 4649 2596 4704 invenies.
2627 4648 2794 4705 Potes
2831 4651 3164 4719 expeditiore
3186 4652 3443 4708 methodo
3469 4667 3618 4708 eam-

2043 4738 2168 4794 dem
2204 4739 2286 4794 sic
2321 4739 2666 4808 investigare.
2699 4741 2783 4795 Ad
2818 4756 3106 4795 numerum
3152 4742 3354 4798 radicis
3392 4757 3622 4798 curren-

372 4842 449 4914 τῷ
479 4849 570 4914 ιη’,
604 4841 699 4896 καὶ
728 4840 806 4911 τῷ
830 4839 914 4902 ιθ’,
941 4839 1063 4893 ἀν·ιῆ¹
1093 4834 1201 4888 τῶν
1238 4840 1288 4903 γ’
1335 4831 1667 4903 προσθήσεις
1694 4828 1736 4880 δ’
1758 4843 1772 4858 ο
1803 4826 1933 4881 οὖτα

2049 4828 2120 4881 tis
2151 4828 2290 4884 adde
2319 4845 2395 4883 ιι.
2415 4828 2471 4883 Si
2505 4845 2718 4885 summa
2742 4837 2961 4901 superet
2983 4846 3114 4894 xxx,
3137 4830 3370 4901 demptis
3399 4831 3617 4895 iisdem,

371 4933 480 5005 γάρ
513 4947 594 4988 σοι
616 4932 928 4994 ἀπταίστως
948 4932 981 5000 ή
1010 4927 1102 4981 τοῦ
1131 4924 1382 4997 θεμελίου
1406 4924 1576 4993 αὐτῆς
1605 4919 1933 4992 προϐήσεται

2050 4920 2321 4990 reliquum
2377 4923 2605 4977 sumito.
2663 4922 2721 4976 Si
2772 4921 2954 4976 minor
3003 4929 3088 4977 est
3135 4938 3416 4988 numerus,
3474 4922 3622 4978 hunc

371 5024 605 5095 εὕρεσις,
648 5022 758 5076 Καὶ
806 5019 976 5081 οὕτως
1009 5014 1368 5085 ἀπονωτέρως
1413 5012 1665 5082 εὑρήσεις
1712 5008 1804 5062 τὸν
1841 5008 1933 5078 τῆς

2049 5011 2231 5081 ipsum
2272 5028 2376 5084 pro
2406 5015 2593 5070 radice
2635 5015 2844 5085 capies.
2872 5015 3010 5072 Cum
3045 5024 3228 5071 autem
3262 5031 3394 5071 xxix
3427 5031 3625 5072 occur-

259 5131 261 5133 ‘
373 5114 601 5184 σελήνης
660 5110 929 5182 θεμέλιον.
1005 5105 1096 5177 Τῷ
1171 5103 1266 5158 τοῦ
1327 5101 1618 5163 ἐνεστῶτος
1686 5098 1933 5169 θεμελίου

2047 5103 2140 5166 rit,
2173 5103 2418 5160 addenda
2456 5115 2585 5160 sunt
2620 5121 2721 5162 xu.

371 5203 590 5275 ἀριθμῷ
619 5201 894 5274 προστίθει
914 5207 1000 5253 ια’.
1027 5199 1138 5251 Καὶ
1167 5198 1215 5249 εἰ
1244 5193 1342 5266 μὲν
1366 5191 1532 5246 πλείω
1560 5193 1667 5244 τῶν
1690 5190 1733 5242 λ’
1756 5189 1932 5260 ἀναϐῇ
1971 5193 2000 5244 ὁ
2032 5193 2284 5266 ἀριθμὸς,
2305 5198 2374 5251 τὰ
2401 5197 2445 5250 λ’
2503 5197 2754 5268 ἐμϐαλὼν
2779 5199 2844 5260 ιδ,
2895 5199 2964 5252 τὰ
2995 5197 3430 5268 καταλειπόμενα
3490 5196 3603 5269 κρά

369 5311 485 5350 τειο
523 5298 571 5349 εί
598 5296 655 5350 δὲ
683 5294 924 5351 κάτωθεν
953 5292 1142 5346 τούτου
1176 5290 1342 5352 ἐστὶν,
1376 5284 1538 5340 αὑτὸν
1584 5285 1789 5336 ἐκεῖνον
1816 5278 1956 5336 εἷναι
2018 5287 2251 5354 γίνωσκε
2320 5291 2413 5346 τὸν
2453 5291 2721 5362 θεμέλιον.
2763 5291 2851 5343 Ἐν
2879 5288 3060 5360 μέντοι
3095 5288 3173 5360 τῷ
3205 5291 3308 5354 κθ’,
3344 5289 3410 5343 ιϐ’
3452 5288 3532 5342 δεῖ
3566 5302 3625 5340 σε

374 5392 710 5465 προσθεῖναι.

371 5499 562 5571 Ὅπως
594 5502 898 5572 εὑρίσκειν
937 5501 1033 5556 δεῖ
1059 5482 1267 5636 Ξῗὶσων
1293 5493 1525 5566 ἡμερῶν
1565 5494 1738 5547 ἐστιν
1769 5493 1807 5562 ὴ
1835 5504 1944 5546 σε-

1151 5587 1249 5636 νη.

1151 5589 1249 5622 νἠ.

1065 5587 1105 5624 κ
1151 5589 1170 5622 ι
1235 5606 1249 5621 .

445 5673 534 5738 τῖ’.
559 5667 672 5732 Τὰς
691 5666 901 5738 ἡμέρας
930 5664 986 5716 δὲ
1011 5587 1246 5726 magna;
1269 5659 1573 5730 γεννήσεως
1603 5656 1774 5729 αὐτῆς
1807 5653 1948 5710 οὕτω

2299 5496 2574 5564 Quomodo
2609 5497 2830 5552 inveniri
2860 5494 3029 5565 possit
3061 5502 3191 5548 tetas
3215 5492 3376 5550 Iunce.

2124 5647 2212 5708 Vl.
2245 5647 2482 5708 Etatem
2511 5650 2655 5707 lunae
2699 5647 2764 5704 ad
2809 5647 2956 5705 hunc
2989 5645 3214 5704 modum
3247 5644 3626 5718 investigabis.

443 5825 485 5855 ι’
588 5821 852 5877 ἐκϐαλών.

683 5918 953 5978 Parnm.
989 5914 1105 5975 (in.
1127 5906 1306 5972 ΧιΧ.

3231 5890 3308 5955 ω
