4070 6406
486 320 628 380 1323
1547 321 1638 378 AD
1679 321 1949 379 EUSEBII
1981 320 2380 380 CHRONICON
2413 321 2780 380 APPENDIX.
3579 323 3719 379 εδει

478 441 681 512 Accipe
701 447 1010 498 currentem
1050 438 1199 496 illius
1228 438 1492 506 radicem,
1527 447 1581 495 et
1614 439 1770 497 initio
1800 439 1945 495 facto
1979 438 2020 494 al

2123 492 2124 498 η
2153 439 2368 511 μαθήσῃ
2388 457 2405 475 ο
2439 441 2646 514 Κράτει
2679 441 2769 494 τὸν
2801 440 3152 511 ἐνιστάμενον
3199 439 3402 510 ταύτης
3433 438 3713 510 θεμέλιονο

466 529 760 595 Januario,
812 530 879 586 de
913 528 1147 601 singulis
1191 527 1472 583 mensibus
1519 542 1693 594 sume,
1734 530 1782 584 si
1827 527 2020 598 quiden

2150 533 2244 584 καὶ
2287 532 2586 602 ἀρχόμενος
2611 532 2720 585 ἀπὸ
2770 531 2865 585 τοῦ
2920 531 3249 603 Ἰανουαρίου
3271 569 3286 595 ,
3333 529 3577 601 λάμϐανε
3624 531 3717 601 ἀφ’

479 621 675 678 diebus
693 636 823 676 xxxi
846 627 1120 684 constent,
1145 619 1168 673 1
1195 617 1299 690 1/2
1319 659 1332 683 ,
1362 618 1447 674 sin
1467 618 1744 674 tricenarii
1770 619 1900 685 sint,
1920 618 2046 690 1/2.

478 712 652 768 Porro
676 711 880 766 mensis
915 710 1086 774 illius,
1116 713 1172 764 in
1205 725 1314 781 quo
1341 713 1599 774 versaris,
1621 709 1740 766 dies
1771 710 1946 780 adjice
1979 710 2049 764 ab

478 805 599 874 ejus
620 802 879 858 Kalendis
918 802 987 858 ad
1038 803 1374 873 propositum
1419 801 1584 857 diem.
1629 801 1713 856 Ad
1759 801 2046 856 collectam

475 909 749 950 summam
796 893 1035 949 radicem
1088 893 1295 949 addito.
1354 891 1554 946 Totum
1609 892 1806 948 deinde
1843 891 2048 962 partire

477 1001 575 1058 per
600 985 670 1041 29
703 985 826 1057 1/2,
846 985 1150 1043 residuum.
1185 985 1299 1040 sive
1321 983 1391 1039 29
1427 984 1550 1056 1/2,
1576 999 1672 1040 seu
1704 984 1886 1040 minus
1922 983 2043 1038 fue-

475 1079 574 1142 rit,
617 1083 832 1133 atatem
884 1077 1104 1132 exhibet
1144 1076 1307 1130 luna.
1341 1073 1511 1144 Igitur
1565 1076 1612 1132 si
1672 1075 1741 1129 ab
1781 1074 2045 1131 Januario

473 1171 746 1225 calculum
783 1169 1001 1240 incipis,
1035 1176 1088 1224 et
1126 1169 1424 1224 bissextilis
1469 1168 1790 1233 intercedat,
1830 1168 2045 1238 sesqui-

471 1263 615 1318 diem
643 1278 710 1317 ex
735 1262 827 1316 illo
849 1268 1126 1332 sumptum
1152 1259 1378 1330 adjicies
1399 1275 1496 1330 per
1523 1274 1724 1314 annum
1746 1260 2039 1330 integrum,

472 1355 576 1412 hoc
605 1363 689 1412 est
717 1371 891 1424 usque
925 1353 994 1407 ad
1032 1354 1409 1422 insequentem
1449 1351 1786 1406 Ianuarium.
1811 1350 1870 1406 In
1895 1366 2042 1407 anno

460 1445 746 1503 communi
777 1445 1025 1501 eumdem
1065 1459 1240 1516 usque
1279 1443 1347 1498 ad
1390 1441 1675 1498 Februarii
1708 1443 1870 1498 linem
1893 1443 2038 1498 dun-

468 1545 620 1592 taxat
667 1551 939 1599 assumes,
985 1550 1162 1606 eoque
1209 1540 1490 1590 transacto
1543 1533 1734 1588 ambos
1792 1533 2036 1589 omitles.

466 1629 677 1699 Quippe
705 1627 975 1683 defectum
1006 1628 1172 1682 unius
1213 1627 1441 1682 alterius
1483 1625 1848 1681 redundantia
1881 1639 2038 1680 com-

2149 625 2380 678 ἑκάστου
2411 624 2598 696 μηνὸς,
2649 625 2758 678 ἀπὸ
2809 625 2908 696 μὲν
2948 624 3059 678 τῶν
3099 625 3330 695 ἐχόντων
3365 624 3445 676 λα’
3485 624 3715 696 ἡμέρας,

2147 722 2195 770 α’
2220 718 2311 771 καὶ
2333 716 2418 780 S",
2446 717 2554 769 ἀπὸ
2585 717 2643 770 δὲ
2663 717 2770 769 τῶν
2803 716 2870 776 λ’.
2902 716 2988 771 S".
3010 716 3115 770 Τοῦ
3152 716 3334 787 μέντοι
3365 716 3552 787 μηνὸς,
3587 717 3644 768 ὲν

2145 807 2244 879 τὴν
2276 805 2507 878 ζήτησιν
2534 809 2658 878 ποιῇ
2688 807 2796 860 τῶν
2825 805 3046 878 ἡμερῶν
3077 807 3178 877 τῆς
3209 806 3460 878 σελήνης,
3485 806 3718 872 εἰσάξεις

2145 899 2314 963 αὐτὰς
2333 898 2569 963 ὲκείνας,
2595 899 2725 962 ὅσας
2745 898 2876 969 ἔχει,
2899 897 3202 970 ἀρξάμενος
3227 897 3387 968 μέχρι
3407 898 3504 968 τῆς
3527 897 3716 968 ζητου-

2149 991 2314 1062 μένης
2347 990 2582 1062 ἡμέρας.
2621 991 2720 1054 Ἃς
2742 991 2924 1053 πάσας
2954 989 3196 1058 συνάψας
3234 989 3311 1060 τῷ
3341 989 3596 1060 θεμελίῳ,
3627 988 3716 1042 τὸν

2145 1081 2408 1151 γεγονότα
2473 1080 2705 1153 ἀριθμὸν
2757 1079 2922 1150 ὖφελε
2967 1080 3059 1132 ἑπὶ
3107 1081 3216 1134 τῶν
3264 1079 3346 1133 κθ¹
3384 1079 3470 1145 S",
3513 1081 3607 1133 καὶ
3648 1079 3717 1134 τὰ

2147 1171 2376 1242 μένοντα
2407 1169 2612 1224 τούτων
2635 1169 2901 1234 κάτωθεν,
2936 1169 2968 1241 ἢ
3000 1169 3094 1224 καὶ
3126 1171 3323 1242 μέχρις
3351 1171 3553 1237 αὐτῶν,
3579 1155 3716 1224 εἰσὶν

2141 1262 2325 1316 αίάπὸ
2340 1261 2440 1330 τῆς
2472 1263 2776 1334 γεννήσεως
2792 1262 2964 1333 αὐτῆς
2993 1262 3215 1334 ἡμέραι.
3253 1263 3576 1334 Ἀρχόμενος
3601 1260 3712 1330 οὖν,

2141 1348 2218 1412 ὡς
2243 1349 2480 1420 εἴρηται,
2513 1349 2621 1402 ἀπὸ
2647 1349 2740 1402 τοῦ
2781 1351 3128 1423 Ἰανουαρίου,
3157 1353 3204 1403 εί
3237 1352 3335 1422 μὲν
3365 1353 3442 1407 ἔνι
3469 1354 3497 1406 ὁ
3527 1353 3714 1425 χρόνος

2142 1438 2405 1510 βίσεξτος,
2442 1441 2631 1510 είσαγε
2661 1440 2758 1513 τὴν
2785 1442 2843 1508 ἐξ
2909 1437 3072 1496 αὑτοῦ
3107 1441 3522 1517 λαμϐανομένην
3572 1445 3700 1516 μίαν

2137 1534 2308 1606 ἥμισυ
2338 1533 2554 1606 ἡμέραν
2586 1533 2708 1588 καθ’
2735 1533 2856 1589 ὅλον
2886 1535 2976 1588 τὸν
3010 1536 3276 1598 ἐνιαυτὸν,
3305 1539 3470 1608 ήγουν
3522 1538 3713 1610 μέχρις

2139 1626 2206 1680 ἂν
2231 1625 2445 1698 φθάσῃς
2466 1627 2563 1698 τὴν
2595 1627 2766 1699 ἀρχὴν
2799 1626 2893 1680 τοῦ
2926 1629 3006 1691 είς
3035 1628 3096 1681 τὸ
3136 1629 3287 1682 ἐπιὸν
3322 1629 3441 1692 ἔτος
3480 1631 3713 1684 Ἰανουα⁹

465 1729 678 1794 pensat.
711 1719 980 1790 Deinceps
1003 1734 1134 1790 ergo
1165 1719 1235 1774 ab
1266 1719 1361 1774 illa
1387 1717 1795 1774 contributione
1816 1725 2020 1772 manent

2139 1715 2276 1788 ρίου·
2306 1719 2355 1770 εἰ
2391 1717 2436 1770 δ’
2477 1717 2577 1770 οὐκ
2599 1715 2712 1769 ἔστι
2737 1716 2995 1786 βίσεξτος,
3023 1718 3266 1789 λάμϐανε
3291 1718 3496 1790 ταύτην
3520 1719 3714 1792 μέχρις

465 1806 734 1868 immunes
758 1811 834 1865 illi
861 1809 971 1865 duo
999 1825 1220 1866 menses
1247 1825 1421 1880 usque
1444 1809 1511 1865 ad
1537 1824 1709 1865 annos
1737 1817 1848 1864 tres
1873 1809 2020 1863 abso-

2137 1787 2204 1862 ἀν
2225 1805 2487 1880 πληρώσῃ
2513 1809 2555 1840 ³⁵
2589 1809 2618 1861 ὁ
2653 1807 3015 1880 Φεϐρουάριος
3045 1787 3138 1862 καὶ
3165 1810 3344 1878 μόνον,
3378 1787 3471 1862 καί
3495 1787 3734 1878 μετά-τὸν

463 1905 629 1970 lutos,
654 1903 759 1960 hoc
781 1910 865 1959 est
896 1917 1070 1972 usque
1099 1903 1166 1958 ad
1197 1902 1536 1958 bissextilem
1556 1900 1808 1956 alterum.
1834 1899 2020 1966 Quam‘

2137 1896 2495 1968 πληρωθῆναι
2540 1896 2699 1949 αὐτὸν
2738 1896 3117 1967 καταλίμπανε
3156 1897 3518 1969 ἀμφοτέρους.
3555 1898 3711 1968 Λαμ-

461 1996 649 2051 ohrem
690 1993 1028 2050 transcensis
1065 1993 1209 2055 istis,
1252 1992 1332 2047 uti
1380 1991 1589 2046 dictum
1625 1996 1731 2053 est,
1765 1989 1957 2060 incipit
2000 2003 2020 2042 a

2139 1988 2291 2043 ϐάνει
2315 1988 2422 2058 γὰρ
2445 1987 2544 2057 τὴν
2573 1986 2666 2040 τοῦ
2709 1987 2827 2052 ἑνὸς
2864 1989 3182 2058 περισσείαν
3222 1991 3254 2059 ἡ
3293 1988 3520 2061 θατέρου
3551 1987 3710 2042 sart-

460 2085 677 2151 Martio,
715 2092 791 2153 et,
839 2093 897 2140 ut
935 2084 1395 2156 praeseripsimus,
1427 2082 1545 2138 dies
1590 2082 1714 2136 illos
1746 2082 1934 2150 accipe
1964 2079 2020 2135 ad

2142 2095 2318 2152 ρησις.
2349 2075 2658 2131 Κάντεῦθεν
2695 2077 2917 2148 μένουσι
2963 2079 3056 2131 καὶ
3089 2081 3136 2132 oi
3169 2079 3264 2133 δύο
3309 2081 3620 2144 ἀσυντελεὶς
3653 2082 3711 2133 ἑν

459 2193 586 2235 eum
612 2192 787 2248 usque
808 2177 900 2245 qui
925 2176 1274 2247 proponitur.

2138 2173 2204 2242 τῇ
2234 2167 2459 2240 τοιαύτῃ
2491 2171 2820 2240 συνεισφορᾷ
2860 2169 3020 2242 μέχρι
3060 2171 3505 2244 συμπληρώσεως
3533 2173 3712 2225 ἑνιαυ-

448 2267 568 2325 ’τῶν
593 2267 757 2340 τριῶν
775 2283 789 2299 ο
823 2268 989 2340 ἤγουν
1015 2266 1206 2339 μέχρις
1242 2266 1306 2320 ἂν
1329 2265 1554 2337 γένηται
1589 2264 1753 2319 πάλιν
1783 2265 1812 2318 ὁ
1841 2263 2032 2335 χρόνος
2069 2264 2330 2337 βίσεξτος.
2373 2263 2607 2326 Τούτους
2655 2259 2747 2318 οὖν
2771 2265 3138 2336 ὑπερϐαίνων,
3162 2267 3237 2330 ὡς
3267 2267 3501 2339 εἴρηται,
3539 2267 3709 2338 ἄρχου

457 2359 566 2414 ἀπὸ
610 2357 705 2413 τοῦ
773 2359 1048 2430 Μαρτίου,
1081 2357 1371 2430 λαμϐάνων
1413 2357 1512 2423 τάς
1571 2356 1960 2430 διαληφθείσας
2023 2359 2236 2432 ἡμέρας
2282 2357 2374 2411 τὸν
2421 2356 2711 2428 εἰρημένον
2760 2356 3000 2428 τρόπον,
3053 2356 3212 2430 ἄχρις
3253 2359 3318 2414 ἂν
3359 2359 3568 2430 φθάσῃς
3608 2357 3709 2428 τὴν

458 2453 796 2526 ζητουμένην
822 2453 1055 2526 ἡμέραν.

527 2546 704 2617 Atque
744 2557 804 2602 ut
834 2561 924 2603 res
959 2553 1076 2602 tota
1120 2547 1215 2602 ﬁat
1264 2546 1517 2617 exemplo
1559 2547 1744 2618 aliquo
1794 2547 2020 2611 clarior,

2203 2543 2322 2598 ’ῐνα
2347 2543 2404 2597 δὲ
2434 2542 2528 2597 καὶ
2563 2543 2631 2596 δι’
2667 2541 3061 2614 ὑποδείγματπ
3093 2545 3422 2616 σαφέστερον
3458 2547 3520 2600 τὸ
3552 2548 3708 2617 λεγό⁶

446 2649 734 2709 -qua-.ratur
765 2639 867 2695 hoc
900 2653 1066 2705 anno,
1090 2638 1185 2708 qui
1213 2645 1296 2694 est
1317 2638 1480 2708 6885,
1509 2647 1641 2712 quot
1661 2640 1872 2695 dierum
1901 2639 2020 2693 luna

2133 2653 2293 2709 μενον
2317 2635 2563 2707 γένηται,
2597 2633 2798 2688 κείσθω
2829 2633 3011 2706 ζητεῖν
3055 2637 3202 2705 ἡμᾶς
3235 2635 3374 2690 κατά
3403 2637 3463 2690 τὸ
3493 2640 3703 2693 ἐνιστά-

453 2731 528 2786 ιίι
547 2727 674 2785 Maii
702 2729 986 2788 vicesimo.
1024 2729 1268 2786 Primum
1311 2719 1550 2788 radicem
1596 2733 1766 2796 illius,
1801 2733 1904 2786 hoc
1944 2738 2020 2785 est

2132 2743 2291 2798 μενον
2313 2733 2502 2792 ,ςωπέ
2522 2726 2640 2789 ἔτος
2663 2726 2846 2780 πόσων
2863 2725 3086 2797 ἡμερῶν
3116 2729 3262 2780 ἑστιν
3288 2728 3316 2798 ἡ
3346 2729 3544 2800 σελήνη
3565 2731 3708 2784 κατά

454 2838 549 2886 xx,
599 2823 918 2879 sumimus:
969 2838 1034 2878 ac
1083 2823 1471 2894 praetermissis
1522 2822 1787 2879 Januario
1830 2831 1884 2879 et
1935 2821 2020 2894 Fc

2127 2821 2224 2892 τὴν
2253 2825 2301 2873 κ’
2333 2817 2426 2872 τοῦ
2459 2818 2657 2873 Μαΐου.
2703 2818 3048 2888 Κρατοῦντες
3074 2814 3166 2872 οὖν
3196 2818 3288 2872 τὸν
3329 2819 3575 2890 θεμέλιον
3607 2823 3705 2876 αύ-

453 2915 696 2981 bruario,
737 2921 799 2970 ut
839 2914 934 2986 qui
965 2914 1104 2970 nihil
1137 2916 1362 2972 omnino
1389 2916 1698 2982 conferant,
1730 2915 2020 2987 incipimus

2129 2909 2253 2979 τῆς,
2289 2915 2338 2962 κ’
2390 2907 2738 2979 ὑπάρχοντα,
2771 2907 3184 2980 παρατρέχομεν
3237 2908 3329 2960 τόν
3368 2926 3426 2961 τε
3472 2910 3704 2964 Ἰανουάο

446 3021 483 3060 a
508 3005 722 3072 Martio,
756 3007 825 3063 de
868 3021 978 3078 quo
1025 3006 1169 3062 diem
1222 3007 1250 3062 1
1277 3007 1400 3078 ,1/2
1456 3009 1822 3080 capimus,ex
1853 3006 2020 3078 Aprili

2135 3017 2247 3072 ριον
2285 2999 2380 3054 καὶ
2409 2999 2502 3054 τὸν
2531 2999 2912 3071 Φεϐρουάριον,
2937 3001 3013 3064 ὠς
3047 3001 3119 3071 μὴ
3152 3001 3374 3071 ἔχοντας
3398 3003 3705 3072 εἰσενέγκαι

452 3097 577 3169 1/2,
601 3099 694 3169 qui
729 3097 848 3153 dies
879 3112 1004 3152 cum
1039 3097 1189 3154 horis
1220 3099 1290 3153 ad
1317 3115 1387 3154 xx
1418 3099 1660 3155 radicem
1694 3097 1884 3160 additi,
1916 3111 2020 3151 una

2128 3109 2203 3145 τι.
2253 3090 2569 3162 Ἀρχόμενοι
2627 3089 2685 3142 δὲ
2735 3090 2844 3144 ἀπὸ
2900 3089 2991 3143 τοῦ
3045 3092 3293 3164 Μαρτίου
3355 3093 3704 3166 λαμϐάνομεν

450 3203 574 3243 cum
609 3205 680 3244 xx
727 3187 922 3244 diebus
955 3186 1103 3253 Maii,
1135 3188 1436 3244 conﬁciunt
1490 3189 1630 3245 duos
1669 3195 1724 3244 et
1780 3185 2020 3258 quadra-

2123 3175 2315 3235 τούτου
2372 3180 2497 3252 μίαν
2525 3181 2730 3250 ἥμισυ,
2785 3179 2998 3232 καὶτοῦ
3035 3181 3311 3251 Ἀπριλίου
3355 3183 3560 3254 ἥμισυ,
3606 3184 3697 3243 αἶ,

441 3280 619 3351 ginta.
653 3279 914 3336 Deductis
942 3295 1075 3352 ergo
1098 3297 1226 3336 xxix
1256 3281 1380 3354 1/2,
1401 3282 1788 3352 relinquuntur
1813 3295 1888 3335 xu
1912 3277 2020 3348 1/2

2128 3272 2268 3344 μετά
2288 3271 2394 3325 τῶν
2419 3278 2466 3324 κ’
2497 3270 2590 3324 τοῦ
2615 3270 2865 3342 θεμελίου
2892 3271 3338 3343 προστιθέμεναι,
3383 3275 3560 3328 καὶαι
3602 3274 3699 3329 τοῦ

447 3371 586 3428 dies.
618 3369 788 3442 Igitur
808 3371 1071 3426 vicesimo
1100 3370 1188 3427 die
1205 3370 1329 3427 Maii
1359 3379 1576 3428 aetatem
1604 3372 1750 3427 lunae
1777 3370 2017 3426 dicimus

2123 3365 2300 3418 Μαΐου
2329 3369 2400 3426 κ’,
2442 3363 2680 3432 γίνονται
2726 3363 2834 3434 μϐν.
2868 3363 3317 3435 Ἐκϐεϐλημένων
3347 3363 3440 3419 οὖν
3471 3368 3580 3420 τῶν
3616 3369 3700 3422 κθ¹

441 3477 570 3519 esse
597 3462 808 3518 dierum
846 3478 922 3518 xu
947 3461 1068 3534 1/2.

2123 3453 2189 3510 S”
2221 3453 2476 3526 ἡμερῶν,
2523 3453 2958 3525 κατελείφθησαν
2993 3456 3088 3508 καὶ
3130 3456 3195 3508 ιϐ’
3233 3455 3298 3511 S"
3332 3458 3556 3530 ἡμέραι,
3595 3461 3698 3513 Λέ-

443 3575 612 3630 γομεν
669 3553 761 3613 οὖν
801 3554 940 3614 εἶναι
985 3560 1086 3631 τὴν
1133 3557 1362 3631 σελήνην
1387 3557 1530 3613 κατά
1570 3557 1672 3632 τὴν
1725 3557 2023 3631 εἰρημένην
2050 3550 2096 3610 κ’
2127 3550 2222 3606 τοῦ
2255 3549 2430 3603 Μαΐου
2473 3548 2641 3620 μηνὸς
2675 3547 2742 3602 ιϐ’
2769 3549 2941 3620 ἣμισυ
2969 3549 3211 3622 ήμερῶν,

446 3687 588 3754 Quot
625 3684 784 3740 horas
814 3687 944 3741 (una
989 3685 1226 3768 singulis.
1257 3686 1497 3769 noctibus
1527 3687 1727 3752 luceat,
1755 3685 2014 3757 quomodo

1008 3764 1177 3825 p'osst't
1207 3764 1448 3810 inveniri.

513 3844 628 3902 VII.
661 3843 816 3901 Scire
859 3844 1090 3902 forsitan
1119 3845 1359 3916 cupienti
1385 3845 1484 3902 tibi
1513 3857 1649 3916 quot
1674 3844 1841 3901 horas
1879 3846 2010 3902 luna

443 3944 568 4008 post
594 3951 852 4006 vesperas
889 3935 1137 4007 singulas
1179 3951 1459 4001 crescens,
1497 3935 1893 3993 decrescensve
1925 3938 2008 3992 lu-

441 4034 585 4092 ceat,
619 4025 722 4082 hoc
743 4025 991 4097 impigre,
1020 4039 1124 4081 nec
1148 4009 1458 4097 importune
1490 4027 1586 4081 tibi
1613 4032 1764 4081 certa
1796 4027 2012 4083 ratione

439 4116 961 4174 demonstrabimus.
999 4115 1176 4184 Luna,
1204 4128 1494 4188 postquam
1529 4126 1656 4172 nata
1679 4129 1786 4184 est,
1811 4120 2012 4176 crescit

440 4210 509 4265 ad
553 4225 627 4266 xv
676 4208 830 4276 dies;
882 4222 949 4263 ac
990 4207 1216 4264 totidem
1257 4209 1383 4279 plus
1446 4209 1630 4266 minus
1672 4209 1836 4280 pleno
1877 4209 2012 4266 orbe

441 4303 603 4357 lucet.
637 4298 767 4357 Inde
809 4301 1072 4372 paulatim
1115 4300 1183 4356 ad
1224 4301 1566 4356 tricesimum
1601 4317 1774 4372 usque
1821 4301 2012 4358 decre-

437 4394 562 4458 scit,
594 4408 706 4464 quo
735 4393 824 4448 die
855 4395 1072 4463 penitus
1100 4393 1222 4448 luce
1250 4392 1464 4448 defecta
1491 4409 1688 4449 rursus
1725 4394 1878 4450 nasci
1909 4408 2008 4448 no-

2120 3683 2312 3747 Ὅπως
2342 3679 2437 3734 δεῖ
2462 3681 2943 3755 εξῠιπσκεινλκαὶΔ
2967 3682 3164 3755 πόσας
3196 3680 3350 3755 ὥρας
3383 3683 3421 3751 ἠ
3454 3684 3694 3755 σελήνη

2385 3753 2657 3820 φαίνεται
2683 3751 2810 3804 καθ’
2837 3749 3106 3820 ἑκάστην
3138 3749 3421 3820 ἑσπέραν.

2187 3841 2260 3896 Z'.
2307 3840 2565 3896 Ποθοῦντί
2631 3859 2712 3895 σοι
2785 3841 2830 3894 δ’
2898 3841 3028 3904 ἴσως
3097 3843 3294 3897 εἰδέναι
3345 3844 3438 3897 καὶ¹
3521 3845 3694 3909 πόσας

2115 3933 2266 4006 ὥρας
2303 3936 2337 4005 ή
2372 3934 2567 4005 σελήνη
2595 3934 2775 4002 φαίνει
2816 3933 2940 3988 καθ’
2981 3934 3219 4006 ἑκάστην
3268 3936 3505 4008 ἑσπέραν
3535 3938 3691 4004 αύξο-

2118 4027 2258 4098 μένη
2287 4043 2348 4079 τε
2374 4025 2467 4080 καὶ
2495 4026 2812 4097 μειουμένη,
2842 4027 2940 4080 οὐκ
2974 4027 3160 4098 ἀργῶς
3197 4029 3306 4082 οὐδ’
3334 4029 3576 4101 ἀκαίρως
3607 4048 3688 4084 σοι

2109 4117 2313 4170 καὶτὸν
2339 4117 2466 4189 περὶ
2489 4116 2680 4170 τούτου
2707 4117 2862 4185 λόγον
2896 4118 3221 4189 ἐκθήσομεν.
3241 4120 3304 4172 Ἡ
3326 4119 3522 4193 σελήνη
3552 4121 3690 4191 μετά

2106 4209 2169 4262 τὺ
2196 4208 2522 4280 γεννηθῆναι
2555 4207 2772 4275 αὐξάνει
2811 4208 2909 4280 μὲν
2944 4209 3104 4280 μέχρι
3131 4212 3231 4281 τῆς
3256 4209 3317 4264 ιε’
3346 4211 3555 4284 ἡμέρας
3574 4230 3587 4242 ο
3622 4209 3692 4285 ἦς

2107 4299 2369 4368 ἐντὸς-ἐπί
2387 4318 2445 4354 τε
2471 4299 2530 4354 τὸ
2547 4299 2707 4355 πλέον
2730 4300 2899 4354 καὶτὸ
2914 4300 3133 4354 ἔλαττον
3156 4302 3365 4368 γίνεται
3393 4305 3486 4356 καὶ
3511 4304 3690 4374 ήταύ-

2108 4409 2208 4460 της
2225 4391 2506 4462 ἀπόχυσις.
2527 4390 2658 4444 ’Λπὺ
2679 4389 2881 4462 ταύτης
2901 4391 2944 4444 δ’
2965 4391 3192 4463 ἄρχεται
3221 4393 3502 4463 μειοῦσθαι
3526 4395 3690 4466 μέχρι

434 4499 502 4539 va
543 4486 755 4556 incipit.
791 4483 962 4556 Igitur
1015 4483 1326 4556 quindecim
1391 4484 1501 4540 illis
1553 4484 1876 4540 incrementi
1919 4484 2003 4540 sui

2123 4482 2213 4553 τῆς
2245 4481 2309 4546 λ’,
2339 4481 2460 4535 καθ’
2490 4483 2554 4553 ἢν
2586 4481 2914 4534 ἐκλείπουσα
2943 4481 3184 4548 τελείως,
3222 4482 3500 4554 ἀρχομένη
3527 4485 3688 4539 πάλιν

435 4577 650 4641 diebus,
698 4575 802 4632 sub
840 4575 1076 4647 primam
1109 4589 1391 4646 vesperam
1444 4574 1722 4646 scrupulis
1767 4583 2009 4645 quatuor

437 4669 581 4722 lucet
640 4684 655 4722 :
714 4667 818 4722 sub
875 4666 1194 4730 secundam,
1252 4681 1385 4730 vm;
1437 4665 1544 4722 sub
1589 4665 1833 4730 tertiam,
1869 4681 2001 4721 xu:

435 4768 598 4832 atque
626 4760 702 4814 ita
730 4760 990 4830 deinceps
1013 4774 1190 4829 usque
1217 4757 1286 4814 ad
1320 4757 1465 4815 diem
1493 4774 1587 4825 xv,
1617 4757 1692 4813 ita
1723 4765 1783 4813 ut
1811 4757 2000 4830 singu-

435 4851 499 4904 la:
531 4858 722 4905 noctes
749 4866 802 4904 ιν
830 4848 1032 4904 addant
1061 4849 1342 4920 scrupula,
1373 4848 1687 4920 cuiusmodi
1726 4849 1782 4904 in
1807 4849 2000 4905 horam

431 4939 731 5009 quamlibet
755 4938 1097 5009 imputantur
1123 4955 1177 4993 ν.
1209 4939 1397 5009 Itaque
1422 4954 1548 4994 cum
1595 4939 1664 4995 ad
1705 4955 1776 4994 xv
1803 4955 2004 5010 vespe-

433 5046 548 5087 ram
580 5032 920 5102 pervenerit,
953 5039 1010 5085 ut
1053 5029 1211 5102 plena
1244 5031 1477 5097 dicatur,
1507 5031 1653 5102 quod
1687 5039 1820 5086 tunc
1868 5033 2003 5088 solis

430 5123 598 5178 radiis
644 5130 756 5178 tota
806 5123 1192 5186 collustretur,
1227 5123 1485 5193 scrupula
1527 5138 1594 5177 ιι
1628 5137 1694 5178 ea
1727 5129 1888 5178 nocte
1918 5122 2005 5177 lu-

429 5220 535 5278 cet,
572 5230 692 5286 qua:
744 5222 875 5269 sunt
910 5214 1058 5270 hora:
1103 5230 1203 5270 xu.
1259 5212 1395 5269 Nam
1437 5223 1633 5288 quater
1684 5214 1999 5285 quindecim

429 5312 558 5360 sunt
579 5320 668 5372 ιι,
715 5311 769 5360 et
805 5304 1099 5375 quinquies
1148 5304 1436 5360 duodecim
1468 5304 1655 5360 itidem
1691 5320 1782 5359 1.x.
1819 5305 2002 5371 Quare

429 5396 476 5451 si
538 5411 704 5455 nosse
753 5399 910 5468 cupis
957 5404 1090 5468 quot
1133 5397 1298 5453 horas
1334 5397 1566 5468 singulis
1595 5399 1852 5454 noctibus
1876 5413 1999 5452 cre-

426 5503 586 5547 secus
601 5490 727 5545 luna
753 5489 1092 5556 luceat,vide
1115 5498 1249 5563 quot
1276 5491 1394 5548 dies
1423 5498 1555 5549 aetas
1577 5491 1724 5548 illius
1758 5491 1994 5561 habeat;

501 5709 544 5743 "
570 5710 610 5780 Ι·
641 5705 926 5826 «inpedii-

2113 4577 2369 4642 γεννᾶται
2415 4574 2529 4628 νέα.
2586 4574 2674 4627 Ἐν
2713 4575 2832 4636 ταῖς
2859 4573 3182 4644 εἰρημέναις
3225 4570 3318 4627 οὖν
3347 4574 3407 4627 ιε’
3450 4576 3689 4646 ἡμέραις

2111 4667 2212 4737 τῆς
2239 4665 2518 4736 αὐξήσεως
2550 4665 2720 4735 αὐτῆς
2753 4664 2957 4735 λάμπει
2996 4666 3096 4737 τὴν
3125 4667 3223 4737 μὲν
3271 4665 3494 4738 πρώτην
3526 4667 3688 4720 ἑσπέ-

2115 4775 2214 4831 ραν
2245 4757 2417 4810 λεπτά
2443 4757 2508 4822 δ’,
2537 4755 2635 4828 τὴν
2667 4757 2722 4810 δὲ
2753 4757 3012 4829 δευτέραν
3044 4757 3116 4828 η’,
3141 4757 3240 4828 τὴν
3277 4757 3334 4811 δὲ
3363 4759 3555 4830 τρίτην
3580 4759 3651 4811 ιϐ’
3669 4777 3684 4790 ⁸

2111 4853 2205 4906 καὶ
2221 4851 2450 4923 καθεξῆς
2468 4852 2666 4924 ὁμοίως
2683 4851 2844 4922 μέχρι
2860 4851 2966 4904 τῶν
2992 4850 3071 4914 ιε’,
3087 4849 3530 4923 προστιθεμένων
3547 4852 3684 4922 αὓτῇ

2110 4943 2235 4998 καθ’
2285 4943 2523 5014 ἑκάστην
2552 4943 2792 5013 ἑσπέραν
2835 4941 3047 4994 λεπτῶν
3077 4942 3141 5006 δ’,
3182 4942 3218 4996 ἀ
3257 4942 3321 5014 δὴ
3349 4943 3524 4997 λεπτὰ
3573 4945 3690 4997 εἰσ-

2111 5036 2332 5104 ἄγονται
2365 5036 2424 5086 ὲν
2453 5035 2553 5105 μιᾷ
2582 5034 2784 5103 ἑκάστῃ
2807 5033 2926 5104 ὥρα
2953 5033 3016 5088 ε’.
3044 5033 3300 5086 Φθάσασα
3329 5033 3460 5102 γοῦν
3494 5033 3593 5104 τὴν
3623 5033 3686 5086 ιε’

2109 5125 2368 5196 ἑσπέραν,
2386 5125 2504 5194 ἥτις
2535 5124 2630 5175 καὶ
2662 5122 2992 5191 πανσέληνος
3019 5123 3282 5185 καλεῖται,
3303 5123 3391 5176 διὰ
3419 5125 3480 5177 τὸ
3507 5125 3689 5178 πᾶσαν

2111 5217 2240 5288 παρ’
2267 5217 2437 5287 αὐτῆς
2469 5213 2818 5284 φωτίζεσθαι,
2849 5214 3055 5285 λάμπει
3102 5216 3242 5270 κατά
3273 5215 3480 5288 ταύτην
3513 5216 3685 5269 λεπτὰ

2105 5307 2171 5374 ξ’,
2200 5308 2367 5379 ήγουν
2403 5306 2553 5376 ὧρας
2585 5305 2672 5360 ιϐ’.
2706 5306 2974 5376 Τετράκις
2997 5305 3104 5376 γὰρ
3149 5306 3218 5359 τὰ
3256 5306 3316 5358 ιε’
3346 5307 3388 5371 ξ’
3419 5308 3683 5376 γίνονται.

2104 5398 2200 5453 καὶ
2226 5397 2492 5462 πεντάκις
2512 5397 2580 5451 τὰ
2611 5397 2678 5451 ιϐ’
2708 5397 2871 5451 πάλιν
2891 5397 2955 5465 ξ’.
2980 5399 3043 5451 El
3068 5394 3160 5451 οὖν
3187 5397 3365 5467 βούλει
3392 5400 3685 5466 γινώσκειν

2103 5491 2276 5555 πόσας
2293 5489 2442 5562 ὥρας
2467 5491 2648 5561 φαίνει
2666 5489 2788 5544 καθ’
2811 5490 3046 5544 ἑκάστην
3064 5488 3301 5560 ἑσπέραν
3320 5489 3685 5560 αὐξανομένη,
