4022 6398
457 436 598 492 1327
1437 426 1524 481 AD
1562 424 1832 482 EUSEBII
1871 419 2267 478 CHRONICON
2307 419 2530 476 APPEN
2547 420 2679 476 DIX.
3550 420 3706 474 I328

456 550 742 606 duodecnn
787 545 1081 618 partimur,
1121 542 1336 615 quoties
1380 549 1464 600 est
1503 541 1536 596 4
1584 542 1710 612 ὅμ.
1761 539 2046 598 Totidem,

2154 538 2210 590 αὶ
2243 538 2434 609 ἀνήκει
2483 539 2666 601 αὐτοῖς
2710 537 2751 590 δ’
2796 538 2887 591 καὶ
2942 536 3219 608 δίμοιρον”
3265 537 3409 607 ἅπερ
3456 537 3592 591 είσὶν
3635 540 3700 590 αξ

456 644 593 698 ﬁunt
646 641 794 696 horae
836 645 1072 710 quatuor
1121 649 1420 691 conversa.
1479 630 1588 689 Sed
1631 630 1698 687 de
1754 631 1840 686 his
1895 631 2028 684 hac-

2153 630 2549 700 ιεταὸληθεῖσαι
2585 623 2724 702 ὧραι
2773 629 2838 694 δ’,
2886 631 3162 698 γεγονυῖαι
3209 628 3252 681 δ’
3288 630 3381 683 καὶ
3423 628 3702 700 δίμοιρον.

457 745 639 793 tenus.
2125 720 2236 774 Καὶ
2259 722 2388 792 περὶ
2421 722 2517 793 μὲν
2545 721 2749 775 τούτων
2771 722 2865 774 ἐπὶ
2887 719 3162 774 τοσοῦτον.

628 846 902 914 Quomodo
935 842 1299 899 inveniendum
1327 843 1396 897 sit
1425 841 1587 913 legale
1613 837 1842 895 Pascha.

2257 834 2456 900 Ὅπως
2491 833 2588 888 δεῖ
2607 836 2914 904 εὑρίσκειν
2943 834 3008 888 τὸ
3040 833 3290 902 νομικὸν
3317 833 3552 903 Πάσχα.

535 957 666 1012 VIII.
735 953 1207 1026 Carnisprivium,
1261 954 1436 1024 legale
1485 951 1736 1015 Pascha,
1777 958 2028 1006 sanctum

460 1050 668 1106 Pascha
709 1049 1172 1113 Christianorum,
1206 1046 1414 1116 jejunia
1448 1053 1762 1101 sanctorum
1805 1049 2027 1113 aposto-

460 1144 637 1197 lorum
675 1141 778 1195 hoc
821 1139 982 1195 modo
1014 1139 1272 1210 reperies.
1298 1137 1465 1191 Luna:
1497 1137 1768 1201 radicem,
1805 1134 1911 1188 hoc
1947 1143 2032 1189 est

461 1242 732 1304 epactam,
752 1249 872 1304 qua:
896 1233 950 1287 in
975 1247 1142 1287 cursu
1171 1237 1276 1296 est,
1301 1245 1394 1300 per
1416 1228 1671 1283 undecim
1693 1225 2026 1296 multiplica;

461 1341 688 1383 summae
707 1325 845 1380 adde
879 1339 976 1380 sex
1006 1324 1145 1386 dies,
1177 1323 1437 1377 nimirum
1467 1328 1740 1390 tres,qua:
1754 1335 1820 1373 ex
1841 1325 2030 1388 postea

461 1426 764 1475 memorato
829 1416 1304 1487 sesquiscrupuli,
1375 1431 1439 1470 ac
1498 1416 1700 1470 triente
1750 1413 2030 1477 conﬁunt,

463 1527 583 1582 qua:
615 1525 779 1581 supra
809 1511 927 1566 dies
955 1509 1026 1564 29
1059 1509 1161 1579 1/2
1193 1517 1532 1564 menstruum
1569 1507 1710 1561 lunae
1740 1506 2032 1561 circuitum

462 1603 664 1658 habere
705 1601 1237 1668 demonstravimus;
1275 1607 1388 1655 tres
1419 1601 1546 1654 item
1581 1599 1718 1654 alias
1761 1599 1826 1652 ad
1872 1598 2034 1668 quin-

2196 949 2280 1002 H'.
2297 947 2406 1019 Τὴν
2431 948 2488 1002 δέ
2512 965 2573 1016 γε
2603 949 2902 1020 Ἀπόκρεω,
2925 949 2986 1001 τὸ
3009 947 3233 1019 νομικὸν
3263 949 3473 1020 Πάσχα,
3495 947 3557 1001 τὸ
3587 946 3706 1001 τῶν

2127 1040 2469 1112 Χριστιανῶν
2495 1041 2649 1109 διγιον
2679 1041 2893 1110 Πάσχα,
2931 1041 3027 1094 καὶ
3057 1041 3156 1104 τὰς
3187 1041 3284 1112 τῆς
3310 1041 3558 1112 νηστείας
3589 1041 3707 1095 τῶν

2131 1132 2299 1200 ἁγίων
2335 1132 2646 1202 ἀποστόλων
2677 1132 2889 1204 ἡμέρας
2917 1133 3173 1204 εὑρήσεις
3199 1133 3369 1198 οὕτως
3391 1151 3404 1163 ·
3446 1133 3706 1188 Ἕνδεκα-

2130 1228 2394 1291 πλασίαζε
2429 1226 2521 1280 τὸν
2555 1225 2826 1280 ἐνεστῶτα
2869 1227 2964 1296 τῆς
3006 1226 3236 1298 σελήνης
3285 1226 3530 1296 θεμέλιον
3554 1244 3569 1258 ·
3604 1225 3708 1280 καὶ

2130 1320 2206 1391 τῷ
2236 1320 2481 1388 γεγονότι
2514 1317 2732 1391 ἀριθμῷ
2776 1317 3056 1390 προστίθει
3102 1319 3316 1390 ἡμέρας
3348 1317 3422 1383 ς’,
3455 1318 3553 1382 τὰς
3601 1319 3708 1388 μὲν

2130 1413 2181 1480 γ’
2206 1411 2303 1475 τὰς
2330 1411 2724 1481 συνισταμένας
2751 1411 2814 1464 ὲκ
2835 1409 2926 1462 τοῦ
2952 1410 3172 1463 ὄπισθεν
3196 1411 3482 1481 εἰρημένου
3502 1408 3710 1463 λεπτοῦ

2133 1503 2251 1566 ὲνδς
2277 1504 2369 1556 καὶ
2399 1503 2643 1574 ἡμίσεος,
2673 1503 2768 1556 καὶ
2800 1503 3004 1573 τρίτου,
3047 1503 3570 1574 ἀπερικατεπέκεινα
3592 1502 3711 1554 τῶν

2134 1593 2217 1648 κθ¹
2241 1593 2307 1647 S"
2330 1593 2554 1665 ἡμερῶν
2587 1593 2724 1663 έχων
2753 1592 3017 1646 δέδεικται
3037 1593 3066 1644 ὁ
3084 1593 3184 1663 τῆς
3206 1592 3434 1662 σελήνης
3457 1596 3714 1664 μηνιαῖος

463 1694 856 1764 quagenarium
915 1692 1241 1762 explendum
1296 1703 1607 1745 numerum.
1662 1687 1708 1741 A
1758 1703 1910 1752 xvn,
1969 1700 2034 1741 ac

2153 1685 2333 1748 ιύκλος
2355 1702 2368 1716 ·
2405 1683 2504 1748 τὰς
2539 1684 2596 1738 δὲ
2623 1684 2815 1754 ἐτέρας
2843 1685 2893 1753 γ’
2924 1687 3004 1750 είς
3037 1685 3419 1757 ἀναπλήρωσιν
3450 1684 3542 1738 τοῦ
3574 1703 3712 1739 πεν-

465 1786 723 1856 deinceps
760 1799 859 1854 pro
907 1783 1084 1840 tribus
1136 1782 1274 1837 adde
1323 1787 1594 1852 quatuor;
1651 1777 1798 1849 quod
1855 1776 2035 1846 major

2153 1776 2400 1851 εηκοστοῦ
2424 1777 2679 1850 ἀριθμοῦ.
2713 1778 2844 1830 Ἀπὸ
2859 1778 2915 1830 δὲ
2932 1778 3024 1831 τοῦ
3044 1776 3109 1841 ιζ’
3130 1779 3224 1831 καὶ⁵
3244 1777 3370 1848 ἑξῆς
3389 1779 3507 1830 ἀντὶ
3525 1777 3634 1830 τῶν
3656 1777 3718 1847 τ’

466 1877 683 1932 illorum
714 1875 908 1932 modus
933 1876 988 1930 in
1019 1875 1087 1930 iis
1114 1875 1367 1929 exsistat.
1418 1871 1528 1927 Has
1559 1871 1677 1927 dies
1707 1869 1972 1939 adiunges
2003 1882 2033 1922 a

2153 1871 2517 1943 προστίθενται
2545 1870 2614 1923 δ’·
2649 1869 2837 1941 ἐπειδὴ
2862 1869 3060 1923 πλείων
3086 1873 3118 1941 ή
3143 1871 3365 1924 ἐκείνων
3390 1871 3623 1942 ποσότης
3645 1872 3714 1923 ὲν

465 1971 642 2041 primo
662 1969 816 2040 cyclo
837 1969 903 2022 ad
926 1969 1194 2038 integrum
1219 1965 1490 2020 decimum
1511 1973 1744 2020 sextum.
1774 1963 1833 2018 In
1855 1963 2035 2019 tribus

2153 1963 2343 2026 τούτοις
2387 1963 2693 2031 συνάγεται.
2743 1962 2956 2025 Ταύτας
2992 1961 3048 2016 δὲ
3085 1962 3410 2035 προσθήσεις
3455 1963 3561 2016 ἀπὸ
3610 1963 3715 2018 τοῦ

466 2061 694 2131 reliquis
732 2076 829 2132 pro
853 2060 1030 2114 tribus
1059 2059 1226 2113 addes
1256 2066 1482 2128 septem.
1507 2054 1583 2110 De
1611 2070 1826 2110 summa
1858 2053 2033 2118 aufer,

2153 2054 2358 2125 πρώτου
2391 2054 2592 2106 κύκλου
2630 2053 2820 2125 μέχρις
2852 2054 2973 2107 ὅλου
3021 2054 3114 2108 τοῦ
3152 2054 3255 2119 ις’·
3291 2056 3349 2108 ὲν
3376 2055 3431 2108 δὲ
3460 2058 3573 2119 τοῖς
3601 2056 3720 2108 λοι-

466 2151 647 2224 quoad
682 2160 857 2224 potes,
889 2151 1135 2221 triginta.
1173 2148 1437 2212 Residuo,
1480 2146 1626 2219 quod
1654 2153 1738 2202 est
1769 2145 1912 2200 infra
1939 2145 2038 2199 tri-

2153 2149 2259 2208 mi;
2291 2146 2468 2216 τρισὶν
2496 2147 2615 2199 ἀντὶ
2638 2146 2745 2199 τῶν
2771 2147 2937 2218 τριῶν
2967 2147 3297 2219 προσθήσεις
3315 2148 3359 2212 ξ’
3383 2149 3444 2202 ⁸⁷.
3481 2151 3594 2203 Καὶ
3618 2150 3718 2205 τὸν

468 2245 641 2316 ginta,
683 2243 848 2297 ducto
878 2242 1035 2296 initio
1066 2241 1133 2296 ab
1174 2239 1403 2300 Martio,
1451 2237 1587 2293 adde
1617 2245 1750 2308 quot
1787 2236 1891 2292 erit
1943 2250 2029 2290 ne-

2153 2238 2502 2309 ςυναγόμενον
2533 2237 2694 2307 ὓςρελε
2728 2238 2878 2310 παρά
2909 2237 3000 2292 τὸν
3027 2239 3092 2306 λ’,
3118 2241 3307 2305 ὁσάκις
3350 2241 3609 2313 ἐγχωρεῖ·
3636 2241 3726 2296 τὰ.

469 2351 625 2390 cesse
648 2332 788 2398 dies,
829 2332 1003 2388 donec
1030 2331 1426 2402 quinquaginta
1460 2329 1758 2398 compleas.
1804 2325 1861 2381 Si
1896 2324 2040 2378 Mar-

2153 2329 2194 2382 se
2241 2329 2681 2400 καταλειπόμενα
2733 2330 2976 2385 κάτωθεν
3025 2330 3133 2386 τῶν
3163 2331 3210 2384 λ’
3257 2333 3503 2404 κρατῶν,
3538 2335 3721 2404 ἄρχου

469 2427 580 2481 tius
613 2440 721 2480 non
771 2423 1035 2491 sumciat,
1078 2423 1318 2493 reliquas
1355 2420 1472 2476 dies
1517 2435 1580 2474 ex
1613 2418 1784 2489 Aprili
1819 2417 2037 2482 suIIice;

2153 2420 2248 2473 in?)
2279 2419 2373 2473 τοῦ
2429 2422 2674 2492 Μαρτίου
2695 2463 2708 2487 ,
2755 2422 3058 2476 ἐπιϐάλλων
3093 2423 3273 2488 αὐτοῖς
3324 2424 3533 2495 ἡμέρας
3581 2427 3723 2490 ὅσας

468 2516 643 2571 donec
686 2528 988 2579 summam,
1021 2527 1184 2583 quam
1217 2510 1330 2565 dixi
1352 2551 1366 2572 ,
1401 2509 1795 2580 quinquaginta
1825 2506 2038 2562 dierum

2153 2510 2326 2581 Ξεήσῃ,
2363 2511 2450 2565 ἵνα
2512 2510 2691 2586 σώσῃς
2717 2513 2780 2566 ν’.
2831 2513 2939 2566 Καὶ
2985 2514 3085 2568 ούκ
3127 2515 3170 2547 ³⁸
3224 2515 3445 2586 ἀρκέσει
3486 2516 3647 2587 μόνος
3692 2520 3728 2571 ὁ

466 2606 692 2664 eﬂIcias.
739 2605 816 2660 Ea
854 2604 1166 2675 ubicunque
1219 2604 1473 2669 desierit;
1515 2610 1643 2672 puta
1685 2601 1740 2654 in
1772 2601 1915 2654 hanc
1948 2605 2042 2652 aut

2153 2603 2405 2673 Μάρτιος,
2435 2603 2678 2674 λάμϐανε
2714 2605 2811 2668 τὰς
2857 2606 3185 2678 λειπομένας
3219 2609 3298 2670 είς
3343 2609 3725 2679 ίκανοποίήσιν

465 2699 622 2754 illam
663 2697 864 2758 Martii,
898 2696 984 2750 vel
1028 2693 1234 2766 Aprilis
1278 2693 1446 2756 diem,
1484 2692 1538 2746 in
1572 2707 1692 2747 eam
1715 2689 2040 2752 Iudaicum,

2153 2693 2255 2747 τῶν
2291 2695 2596 2766 εἰρημένων
2623 2695 2665 2748 ν’
2698 2697 2806 2750 ἀπὸ
2843 2697 2936 2751 τοῦ
2987 2699 3284 2772 Ἀπριλίου.
3332 2699 3498 2753 Ἔνθα
3535 2702 3730 2755 τοίνυν

471 2790 643 2861 legale
677 2788 820 2846 scito
862 2786 1074 2843 Pascha
1104 2787 1416 2842 convenire.
1448 2783 1620 2857 Cujus
1648 2784 1838 2841 feriam
1869 2801 1936 2842 ex
1979 2798 2042 2841 ea

2153 2788 2423 2862 καταλήξῃ
2461 2791 2493 2861 ή
2534 2790 2756 2861 τοιαύτη
2797 2791 3015 2862 ἡμέρα,
3063 2793 3226 2863 ήγουν
3256 2794 3290 2864 ή
3335 2789 3726 2867 πενιτηκοσ-εειή⁹

464 2881 751 2948 methodo,
777 2895 941 2951 quam
989 2895 1154 2950 supra
1200 2879 1607 2950 proposuimus,
1640 2879 1730 2933 ubi
1779 2880 2039 2949 reperies,

2153 2886 2310 2957 ήγουν
2345 2883 2456 2938 εἴτε
2487 2884 2572 2948 εἰς
2600 2884 2698 2947 τὰς
2729 2884 2892 2949 τόσας
2921 2885 3014 2938 τοῦ
3064 2886 3330 2957 Μαρτίου,
3359 2887 3468 2939 εἴτε
3507 2888 3590 2950 εἰς
3619 2889 3726 2952 τὰς

471 2972 724 3044 proxime
770 2977 1030 3042 sequente
1075 2969 1354 3026 Dominica
1396 2969 1641 3040 ejusdem
1693 2969 2045 3026 hebdomada:

2153 2978 2306 3042 τόσας
2351 2977 2446 3030 τοῦ
2486 2977 2797 3051 Ἀπριλίου·
2850 2975 2971 3032 κατ’
3005 2976 3171 3050 αὐτὴν
3215 2977 3428 3051 εκείνην
3462 2973 3604 3034 εἶναι
3635 2979 3731 3049 τῖε

474 3067 693 3121 noveris
727 3073 974 3120 sanctum
1021 3061 1462 3118 Christianorum
1505 3061 1714 3118 Pascha
1755 3062 2040 3118 celebrari.

2153 3087 2322 3127 νωσκε
2356 3071 2417 3124 τὸ
2451 3070 2739 3125 Ἰουδαϊκὸν
2779 3071 2991 3142 Πάσχα,
3026 3073 3190 3143 ήγουν
3223 3072 3283 3125 τὸ
3315 3075 3556 3144 νομικόν.
3581 3074 3728 3127 Ἠν-

475 3157 592 3224 Qua
633 3173 693 3212 re
749 3163 1056 3227 comperta,
1115 3155 1221 3210 tria
1272 3155 1568 3225 quotannis
1609 3156 1814 3212 addens
1865 3165 2046 3226 quota:

2153 3180 2270 3217 τινα
2302 3163 2398 3217 καὶ
2450 3163 2719 3236 εὑρίσκων
2761 3165 2819 3217 ἐν
2871 3165 3002 3236 *ποίᾳ⁵
3046 3165 3144 3233 τῆς
3195 3164 3486 3234 ἑϐδομάδος
3533 3166 3730 3237 ἡμέρα

475 3249 705 3315 mensis,
756 3250 811 3303 in
846 3264 953 3320 qua
1002 3246 1214 3302 Pascha
1249 3247 1687 3318 deprehendisti,
1732 3246 2044 3316 Carnispri-

2153 3256 2404 3326 τυγχάνει
2431 3254 2519 3309 διὰ
2555 3257 2652 3326 τῆς
2682 3255 3171 3327 ἀναγεγραμμένης
3205 3257 3426 3328 μεθόδου
3459 3256 3554 3310 τοῦ
3583 3260 3730 3328 ήμε-

474 3341 625 3394 vium
656 3339 905 3394 habebis.
941 3336 1001 3392 Si
1039 3337 1111 3392 sit
1156 3353 1333 3393 annus
1376 3338 1696 3402 bissextilis,
1732 3351 1831 3406 pro
1872 3337 2050 3392 tribus

477 3430 616 3486 adde
668 3437 922 3500 quatuor.
966 3429 1140 3484 Porro
1189 3429 1235 3485 si
1282 3429 1420 3483 citra
1455 3444 1625 3482 xxvm
1669 3428 1810 3484 diem
1847 3428 2048 3494 Martii,

476 3517 917 3574 Christianorum
947 3531 1196 3574 sanctum
1226 3519 1438 3575 Pascha
1472 3518 1698 3583 incidat,
1729 3519 2051 3576 Ianuarium

477 3609 833 3681 Carnisprivii
865 3610 985 3666 dies
1021 3611 1310 3666 obtinebit.
1346 3609 1467 3664 ‘Sin
1516 3610 1658 3665 ultra
1703 3628 1874 3666 xxvm
1908 3611 2050 3668 diem

473 3709 760 3774 incurrat,
791 3706 1090 3761 Februario
1129 3705 1418 3776 contingit.
1451 3705 1510 3761 Si
1545 3705 1753 3761 Pascha
1785 3707 1841 3762 in
1872 3708 2050 3778 ipsum

478 3797 640 3852 cadat
681 3812 854 3851 xxvm
905 3796 1085 3864 diem;
1138 3795 1186 3851 si
1223 3796 1444 3865 quidem
1478 3796 1777 3852 bissextilis
1802 3813 1911 3852 non
1950 3800 2054 3853 erit

478 3901 682 3953 annus,
724 3885 975 3940 Januarii
1004 3901 1140 3940 xxx:
1184 3885 1271 3940 die
1313 3884 1748 3958 Carnisprivium
1790 3889 1914 3944 erit.
1954 3888 2053 3944 Et-

476 3979 625 4034 enim
671 3986 798 4034 octo
837 3986 890 4033 et
930 3978 1122 4049 viginti
1157 3993 1282 4034 cum
1330 3979 1504 4034 tribus
1548 3980 1757 4036 faciunt
1786 3999 1952 4036 unum
2001 3994 2054 4039 et

479 4071 725 4142 triginta.
751 4067 860 4146 Sin
901 4070 1202 4128 bissextilis
1239 4072 1424 4136 fuerit,
1461 4072 1718 4129 Kalendis
1742 4072 2054 4130 Februariis

481 4161 725 4228 incidet;
767 4176 891 4215 nam
935 4161 1126 4232 viginti
1165 4171 1291 4218 octo
1345 4179 1469 4218 cum
1531 4173 1770 4236 quatuor
1815 4164 1954 4221 duos
2000 4175 2054 4221 et

479 4251 703 4322 triginta
729 4251 1029 4306 conficiunt
1059 4271 1073 4308 :
1109 4253 1177 4311 de
1204 4255 1405 4325 quibus
1434 4256 1640 4311 relictis
1655 4255 1918 4312 Januario
1947 4274 2054 4312 uno

479 4352 535 4397 et
573 4343 819 4414 triginta,
857 4343 1102 4415 reliquus
1149 4355 1233 4401 est
1286 4363 1451 4412 unus,
1486 4347 1578 4417 qui
1610 4356 1694 4403 est
1735 4349 1910 4420 prima
1953 4347 2055 4405 Fe-

478 4436 686 4492 bruarii
719 4437 856 4491 dies.
887 4437 1034 4490 Idem
1065 4435 1233 4494 facies
1268 4449 1321 4494 et
1356 4439 1413 4493 in
1449 4440 1629 4494 Martii
1658 4456 1891 4504 xxix,ac
1920 4458 2051 4507 xxx,

481 4528 566 4581 vel
597 4541 749 4590 xxxi,
783 4531 840 4578 ut
864 4526 1178 4597 inyreliquis
1209 4528 1369 4582 annis
1399 4527 1568 4583 addas
1597 4529 1701 4583 tria
1740 4549 1752 4584 :
1783 4531 2050 4586 bissextili

479 4608 619 4681 sdlo,
653 4623 907 4684 quatuor,
947 4626 1061 4670 tum
1109 4616 1381 4684 deductis,
1435 4626 1496 4672 ut
1547 4618 1754 4673 dictum
1785 4628 1870 4675 est
1899 4637 2049 4686 xxxi,

481 4722 545 4760 ac
587 4705 848 4761 Januario
892 4707 1134 4772 tributis,
1167 4708 1309 4778 quod
1361 4710 1630 4780 reliquum
1674 4717 1779 4775 est,
1805 4713 2052 4784 assignes

480 4794 813 4862 Februario;
844 4812 1075 4866 quorum
1113 4799 1324 4853 dierum
1365 4799 1589 4856 ultimus
1622 4809 1707 4856 est
1734 4802 2052 4874 Carnispri-

480 4889 652 4941 vium.
697 4887 766 4941 At
807 4899 1122 4944 sanctorum
1149 4892 1521 4961 apostolorum
1557 4893 1770 4965 jejunio
1801 4897 2050 4952 attributi

482 4979 602 5036 dies
629 4981 702 5034 ita
733 4983 1094 5052 reperientur.

2153 3345 2462 3418 ροευρεσίου
2486 3385 2501 3409 ,
2536 3345 2634 3416 τὴν
2668 3345 2927 3400 ἐπιοῦσαν
2968 3345 3276 3417 ἔμπροσθεν
3322 3346 3592 3418 κυριακὴν
3619 3347 3728 3415 τῆς

2149 3437 2318 3507 αὐτῆς
2352 3437 2644 3509 ἑϐδομάδος
2683 3437 2791 3491 ῐσθι
2820 3438 3108 3509 τυγχάνειν
3134 3439 3196 3492 τὸ
3231 3439 3339 3492 τῶν
3375 3441 3729 3512 Χριστιανῶν

2151 3529 2305 3598 ἅγιον
2349 3531 2562 3600 Πάσχα.
2612 3530 2814 3583 Τούτου
2865 3530 2923 3584 δέ
2967 3548 3048 3584 σοι
3096 3532 3372 3604 γνωρίμου
3414 3533 3729 3601 γεγονότος,

2150 3615 2200 3684 γ’
2231 3615 2350 3668 κατ’
2398 3615 2517 3680 ἔτος
2547 3617 2860 3688 προστιθεὶς
2906 3620 2972 3689 τῇ
3021 3620 3193 3691 πόστῃ
3226 3620 3316 3674 τοῦ
3355 3621 3554 3691 μηνὸς,
3593 3621 3652 3672 ὲν
3691 3617 3731 3694 ᾗ

2151 3707 2348 3778 εὑρέθη
2371 3707 2431 3760 τὸ
2457 3708 2667 3779 Πάσχα,
2689 3707 2829 3771 ἕξεις
2853 3709 2950 3781 τὴν
2975 3709 3272 3781 Ἀπόκρεω.
3292 3711 3355 3764 Εἰ
3385 3711 3440 3764 δὲ
3467 3712 3734 3781 τυγχάνει

2149 3798 2179 3850 ό
2208 3797 2397 3870 χρόνος
2429 3798 2688 3869 βίσεξτος,
2719 3801 2839 3854 ἀντὶ
2890 3800 2999 3853 τῶν
3025 3808 3072 3868 γ’
3110 3801 3392 3874 προσθήσῃ
3418 3801 3481 3854 δ’.
3510 3803 3650 3854 Ἀλλ’
3669 3806 3728 3856 εί.

2156 3892 2253 3962 μὲν
2283 3892 2389 3945 ἀπὸ
2420 3892 2519 3962 τῆς
2548 3891 2634 3964 κη’
2664 3892 2758 3946 τοῦ
2794 3891 3041 3963 Μαρτίου
3075 3893 3169 3947 καὶ
3204 3893 3449 3947 κάτωθεν
3480 3893 3632 3965 τύχοι
3665 3895 3736 3948 τὸ

2155 3980 2266 4032 τῶν
2296 3983 2637 4054 Χριστιανῶν
2663 3982 2816 4052 ἀγιον
2847 3984 3060 4054 Πάσχα.
3097 3985 3238 4038 κατά
3275 3984 3367 4038 τὸν
3401 3985 3734 4057 Ἰανουάριον

2153 4073 2306 4126 ἔσται
2332 4075 2364 4144 ή
2412 4075 2753 4145 Ἀπόκρεως·
2789 4076 2837 4128 εί
2866 4074 2924 4127 δὲ
2973 4074 3082 4128 ἀπὸ
3109 4075 3210 4146 τῆς
3251 4077 3339 4148 κη’
3371 4077 3464 4131 καὶ
3494 4077 3734 4142 ἀνωθεν,

2153 4164 2296 4217 κατὰ
2339 4165 2430 4218 τὸν
2466 4166 2847 4240 Φεσρουάριον.
2885 4169 2973 4222 Ἐν
3014 4168 3151 4238 αὐτῇ
3195 4167 3377 4240 μέντοι
3409 4171 3474 4238 τῇ
3504 4169 3594 4239 κη’
3631 4169 3735 4222 τοῦ

2153 4256 2420 4328 Μαρτίου,
2453 4260 2500 4310 εἰ
2526 4259 2623 4328 μὲν
2639 4259 2738 4312 ούκ
2763 4259 2907 4312 ἐστιν
2939 4262 2966 4312 ό
2993 4261 3181 4331 χρόνος
3210 4258 3469 4329 βίσεξτος,
3510 4260 3593 4322 είς
3629 4259 3739 4331 τὴν

2153 4342 2235 4395 λα’
2264 4343 2415 4396 ἔσται
2454 4345 2548 4398 τοῦ
2589 4346 2914 4418 Ἰανουαρίου
2933 4365 2946 4378 ·
2979 4347 3064 4418 κη’
3087 4349 3194 4419 γὰρ
3229 4350 3321 4402 καὶ
3350 4349 3401 4417 γ’
3425 4348 3503 4402 λα’
3525 4366 3543 4382 ⁸
3580 4351 3630 4402 εί
3676 4351 3744 4404 δὲ

2154 4430 2233 4484 ἔνι
2264 4431 2535 4502 βίσεξτος,
2567 4436 2646 4496 είς
2684 4434 2781 4506 τὴν
2825 4435 2875 4488 α’
2915 4435 3006 4490 τοῦ
3070 4436 3436 4508 Φεϐρουαρίου
3459 4452 3470 4461 ·
3505 4435 3593 4508 κη’
3622 4437 3745 4508 γὰρ

2155 4525 2250 4578 καὶ
2279 4525 2320 4578 δ’
2366 4525 2480 4578 λό’·
2533 4528 2626 4596 ἀφ’
2656 4522 2731 4581 ὧν
2765 4529 2932 4593 ἐάσας
2968 4529 3048 4600 τῷ
3083 4530 3396 4599 Ἰανουαρίῳ
3437 4528 3539 4592 λα’,
3595 4547 3746 4582 κατ-

2157 4617 2377 4690 ελείφθη
2412 4619 2536 4690 μίαο
2579 4622 2673 4676 καὶ
2705 4621 2897 4676 ἕνιτοῦ
2939 4621 3303 4693 Φεϐρουαρίου
3339 4621 3406 4676 α’.
3442 4621 3544 4673 Τὸν
3572 4621 3750 4675 αὑτὸν

2159 4709 2215 4762 δὲ
2247 4711 2446 4781 τρόπον
2476 4713 2720 4783 ποιήσεις
2752 4712 2847 4766 καὶ
2877 4713 3019 4765 κατά
3051 4713 3148 4786 τὴν
3174 4711 3278 4777 κθ⁹,
3311 4711 3404 4764 καὶ
3431 4711 3495 4774 λ’,
3520 4711 3617 4765 καὶ
3653 4711 3748 4764 λα’

2158 4799 2253 4852 τοῦ
2302 4801 2571 4873 Μαρτίου,
2602 4802 2914 4874 προστιθεὶς
2953 4803 3056 4858 ἀνὰ
3099 4802 3299 4874 τριῶν’
3333 4803 3375 4855 δ’
3401 4802 3458 4856 δὲ
3486 4802 3632 4872 μόνῳ
3660 4803 3750 4873 τῷ

2162 4891 2390 4964 βισέξτῳ
2408 4911 2420 4923 ο
2445 4891 2563 4947 εἶτα
2604 4894 2871 4959 ὲκὸαλὼν,
2897 4895 2970 4957 ὡς
2997 4894 3232 4968 εἴρηται,
3264 4893 3346 4947 λα’
3375 4893 3466 4946 τοῦ
3504 4895 3754 4948 Ἰανουα-

2165 4991 2302 5066 pinu,
2329 4990 2428 5053 τάς
2466 4989 2939 5060 καταλειπομένας
2970 4980 3112 5042 δίδου
3151 4986 3227 5058 τῷ
3256 4985 3636 5057 Φεϐρουαρίῳ·
3668 4981 3753 5038 ὧν

479 5076 515 5145 ή
546 5074 824 5129 τελευταία
849 5078 994 5132 ἐστὶν
1027 5080 1060 5149 ή
1108 5078 1407 5150 Ἀπόκρεω.
1441 5079 1504 5132 Ἠ
1534 5079 1592 5133 δὲ
1633 5082 1740 5136 τῶν
1775 5087 1997 5160 ἡμερῶν
2052 5091 2286 5162 ποσότης
2340 5088 2440 5158 τῆς
2485 5087 2737 5158 νηστείας
2773 5085 2882 5139 τῶν
2919 5084 3090 5153 ἁγίων
3136 5082 3446 5138 ἀποστόλων
3487 5081 3629 5135 οὕτω
3663 5099 3754 5137 σοι

485 5167 621 5239 δήλη
649 5169 961 5239 γενήσεται.

482 5285 600 5350 Qua
631 5285 834 5340 ratione
865 5286 1058 5356 jejunii
1105 5298 1409 5344 sanctorum
1445 5293 1807 5351 apostolorum
1838 5296 1949 5351 dies
1979 5299 2060 5353 ίιι-

1042 5360 1204 5413 veniri
1251 5360 1490 5414 debeant.

553 5465 642 5522 IX.
679 5466 760 5522 Ab
802 5466 920 5536 ipso
953 5470 1305 5524 sanctissimo
1349 5471 1634 5529 Paschatis
1666 5474 1774 5539 die,
1824 5477 2058 5546 ipsemet

481 5558 730 5621 excluso,
762 5573 935 5627 usque
959 5558 1026 5612 ad
1057 5561 1275 5614 tertium
1305 5559 1427 5614 Maii
1455 5571 1587 5631 quot
1614 5564 1723 5617 sint
1758 5567 1875 5620 dies
1905 5582 2057 5621 com--

483 5657 650 5720 puta;
699 5649 898 5720 quibus
935 5651 1216 5718 collectis,
1265 5651 1381 5708 sive
1430 5653 1662 5723 Martio,
1706 5657 1821 5712 sive
1879 5658 2052 5729 Aprili

2167 5298 2357 5361 Ὅπως
2387 5296 2480 5349 δεῖ
2520 5296 2826 5362 εὑρίσκειν
2865 5293 2972 5359 τὰς
2997 5292 3223 5362 ἡμέρας
3262 5290 3374 5359 τῆς
3403 5287 3524 5343 τῶν
3559 5289 3756 5358 ἁγίων

2586 5367 2949 5419 ἀποστόλων
2971 5366 3279 5431 νηστείας.

2223 5477 2310 5531 -Θ⁹.
2344 5477 2578 5550 Εὖρισκε
2616 5477 2724 5531 ἀπὸ
2749 5477 2850 5547 τῆς
2875 5477 3088 5548 ἡμέρας
3120 5475 3214 5529 τοῦ
3251 5475 3406 5543 ἁγίου
3443 5473 3600 5544 ὴμῶν
3631 5472 3758 5527 Πά-

2167 5587 2270 5641 σχα
2297 5610 2311 5632 ,
2347 5571 2467 5642 δίχα
2510 5569 2743 5642 ταύτης,
2797 5569 2960 5622 πόσαι
3005 5568 3146 5620 εἰσιν
3195 5566 3402 5638 ἡμέραι
3435 5565 3598 5635 μέχρι
3649 5566 3758 5616 καὶ

2165 5663 2336 5733 αὐτῆς
2363 5663 2463 5733 τῆς
2489 5669 2536 5732 γ’
2561 5661 2652 5717 τοῦ
2682 5661 2857 5718 Μαΐου
2879 5679 2891 5691 ’
2926 5661 3019 5714 καὶ
3035 5659 3239 5723 ταύτας
3268 5656 3612 5726 συναγαγὼν,
3631 5657 3761 5709 εἴτε

558 5825 601 5856 ⁸*
630 5823 1140 5898 Postulat-superior
1175 5831 1311 5886 ratio
1342 5832 1381 5886 δ’
1419 5849 1519 5886 non
1563 5832 1627 5898 ζ’.
1674 5835 1751 5906 _“'
1785 5832 1908 5906 Lrg.
1941 5836 2031 5890 ml
2061 5837 2106 5891 εί
2133 5837 2249 5894 οὐκ.
