4070 6406
407 396 549 451 1529

1064 389 1122 445 S.
1165 389 1476 447 ANDREJE
1512 388 1899 447 CRETENSIS
1936 387 2025 444 DE
2061 385 2289 444 CYCLO
2320 380 2573 442 SOLARI
2601 379 2690 436 ET
2724 373 3006 434 LUNARI.

3518 377 3656 433 1559

402 519 483 580 εἰς
503 517 594 571 τὸν
619 513 883 588 Μάρτιον,
912 516 1022 570 εῐτε
1048 517 1129 580 εἰς
1152 515 1244 570 τὸν
1269 513 1546 588 Ἀπρίλιον
1567 515 1765 588 εὑρεθῇ
1790 515 1851 568 τὸ
1869 513 1985 569 Πά-

2093 513 2302 570 Pascha
2345 511 2656 582 contingat,
2689 507 2915 564 totidem
2961 505 3102 562 scito
3129 503 3248 561 dies
3274 518 3397 561 esse
3433 511 3652 561 sancto-

405 627 509 682 σχα
529 650 545 675 ,
579 609 850 674 τοσαύτας
881 605 1021 663 εἶναι
1049 608 1283 680 γίνωσκε
1317 610 1412 663 καὶ
1453 609 1552 674 τὰς
1591 610 1690 680 τῆς
1723 607 1977 682 νηστείας

403 701 514 754 τῶν
546 701 718 772 ἁγίων
751 701 1067 756 ἀποστόλων
1100 702 1333 773 ἡμέρας.

2081 622 2204 662 rum
2228 603 2596 677 apostolorum
2623 600 2833 672 jejunio
2861 597 3094 655 dicatos.

411 847 3627 878 MM

967 1012 1198 1099 ΤΟΥ
1232 1011 2104 1103 ΜΑΚΑΡΙΩΤΑΤΟΥ
2154 1008 2661 1100 ΑΝΔΡΕΟΥ
2721 1008 3167 1096 ΚΡΗΤΗΣ

1663 1192 1803 1250 ΤΟΥ
1834 1194 2388 1250 ῙΕΡΟΣΟΛΥΜΙΤΟΥ
2413 1194 2429 1264 |

414 1349 778 1417 ΠΕΘΟΔΟΣ,
817 1353 964 1409 ΠΩΣ
1000 1352 1120 1409 ΔΕῙ
1151 1355 1438 1410 ΕΥΡΕΙΝ
1475 1353 1617 1411 TON
1648 1353 2417 1480 ΚΥΊΙὲΛβΙέιῖἕᾶΑὲὁὶᾶΟΥ,
2455 1354 3048 1409 ΦΙΛΟΠΟΝΗΘΕΙΣΑ
3080 1351 3399 1410 ΑΚΡΙΒΩΣ
3430 1351 3658 1410 ΧΑΡΙΝ

901 1665 1323 1760 SANCTI
1396 1665 1918 1759 ANDREIE
1984 1667 3076 1763 HIEROSOLYMITA‘N
3095 1672 3176 1796 Ι,

1641 1856 1954 1916 EPISCOPI
1985 1857 2392 1928 CRETENSIS,

407 1999 749 2064 Methodus
791 1999 1220 2085 investigandi
1251 1999 1416 2085 cycli
1450 1999 1706 2079 solaris,
1741 2010 1806 2068 et
1857 2002 2412 2146 ltinggis,tnecnon
2445 2006 2788 2084 Paschatis,
2821 2005 2890 2070 in
2921 2007 3355 2072 studiosorum
3388 2009 3656 2088 gratiam

1864 2099 1899 2144 e
1927 2099 1959 2144 ε
2053 2099 2119 2144 ra
2147 2100 2205 2146 ε.

1864 2099 2205 2147 ειεοοτειο.

469 2320 680 2394 Κράτει
713 2321 781 2377 τὰ
813 2322 964 2378 κάτω
989 2322 1100 2378 τῶν
1123 2322 1468 2396 χιλιοντάδων
1493 2324 1588 2379 καὶ
1613 2325 1986 2382 ἑκατοντάδων

2168 2329 2336 2387 Sume
2363 2344 2540 2386 annos
2581 2327 2726 2383 infra
2761 2326 3096 2384 millenarios
3125 2331 3179 2382 et
3211 2327 3555 2382 centenarios
3588 2325 3656 2380 ab

396 2415 511 2468 τῶν
535 2415 645 2470 ἀπὸ
662 2416 892 2481 κτίσεως
912 2415 1118 2488 κόσμου
1138 2431 1152 2444 ·
1175 2415 1272 2470 καὶ
1303 2414 1599 2488 πρόσθεττε
1633 2417 1675 2449 ⁸⁸
1697 2419 1792 2472 καὶ
1821 2418 1983 2491 ἕτερα

404 2505 479 2559 κδ’
504 2521 520 2536 °
577 2505 672 2560 καὶ
728 2507 955 2579 ποίησον
998 2506 1272 2578 σταθμόν·
1329 2506 1426 2560 καὶ
1464 2507 1626 2578 ὕφελε
1683 2509 1822 2564 αὐτὰ
1881 2511 1986 2566 ὑπὸ

401 2597 510 2650 τῶν
548 2605 634 2670 κη’
664 2616 678 2630 ο
726 2599 820 2653 καὶ
866 2597 938 2652 τὰ
982 2598 1418 2670 ὲναπομείναντα
1464 2601 1524 2654 ιν
1569 2603 1636 2672 τῇ
1689 2602 1836 2674 χειρί
1889 2618 1985 2656 σου

402 2690 568 2756 αὐτός
611 2683 762 2747 ὲστίν
797 2694 827 2747 ό
875 2690 1076 2757 κύκλος
1118 2690 1215 2746 τοῦ
1253 2691 1431 2763 ἡλίου.
1471 2693 1584 2747 Καὶ
1624 2693 1797 2759 οὕτως
1841 2695 1984 2750 ποίει

405 2783 527 2837 κατ’
555 2782 699 2846 ἔτος.

699 2893 937 2966 Ὁμοίως
974 2895 1074 2950 καὶ
1103 2895 1236 2964 περὶ
1277 2896 1382 2965 τῆς
1411 2895 1702 2967 σελήνης.

475 3007 684 3080 Κράτει
715 3009 784 3065 τὰ
816 3009 957 3065 αὐτὰ
991 3009 1291 3082 κούντουρα
1341 3011 1451 3065 τῶν
1501 3013 1847 3084 χιλιοντάδων
1891 3013 1986 3070 xal

2087 2423 2224 2479 orbe
2277 2421 2551 2490 condito;
2594 2419 2773 2490 iisque
2801 2419 2940 2473 alios
2989 2418 3128 2474 adde
3159 2434 3308 2477 xxxv.
3347 2434 3414 2473 ex
3457 2419 3658 2489 quibus

2086 2512 2337 2568 confecta
2383 2526 2594 2567 summa
2627 2525 2726 2582 per
2758 2525 2926 2563 xxvm
2971 2509 3167 2574 divisa,
3201 2511 3348 2580 quod
3387 2510 3658 2566 relicuum

2086 2612 2194 2671 est,
2217 2604 2323 2661 erit
2349 2603 2538 2676 cyclus
2569 2602 2723 2660 solis.
2752 2599 2837 2666 lta:
2858 2601 3154 2673 quotannis
3186 2601 3374 2658 facies.

2345 2887 2549 2945 Eodem
2581 2886 2736 2943 modo
2764 2898 2813 2942 et
2839 2888 2892 2942 in
2924 2888 3052 2942 luna
3085 2887 3403 2957 proceditur.

2158 3003 2360 3076 Accipe
2423 3005 2676 3061 similiter
2716 3011 3071 3061 excurrentes
3110 3017 3276 3073 supra
3324 3001 3658 3056 millenarios

405 3101 792 3168 ἑκατοντάδων,
825 3102 937 3157 τῶν
964 3101 1073 3156 ἀπὸ
1103 3103 1336 3167 κτίσεως
1366 3104 1600 3174 κόσμου’
1635 3105 1870 3178 πρόσθες
1891 3109 1989 3161 καὶ

2093 3105 2144 3154 ει
2175 3098 2522 3155 centenarios
2568 3097 2636 3154 ab
2674 3097 2808 3153 orbe
2839 3097 3093 3153 condito:
3126 3095 3325 3166 quibus
3356 3092 3493 3148 adde
3521 3109 3656 3155 xvn,

404 3192 570 3267 ἕτερα
612 3191 712 3260 tt"
763 3194 856 3248 καὶ
896 3196 1122 3266 ποίησον
1166 3195 1307 3249 αὐτὰ
1355 3196 1629 3268 σταθμόνο
1678 3199 1774 3252 καὶ
1819 3197 1984 3268 ὖφελε

405 3283 513 3337 ὑπὸ
537 3284 648 3340 τῶν
682 3283 745 3338 ιθ¹
771 3302 785 3315 ⁸
817 3285 915 3340 καὶ
944 3286 1015 3340 τὰ
1045 3285 1499 3358 ὲναπολειφθὲντα
1528 3289 1586 3343 ὲν
1623 3290 1691 3360 τῇ
1725 3289 1866 3362 χειρί
1891 3307 1984 3346 σου

403 3373 568 3437 αὐτός
589 3375 738 3429 ἐστιν
760 3376 789 3429 ό
821 3373 1019 3438 κύκλος
1047 3376 1150 3447 τῆς
1174 3377 1424 3449 σελήνης.

415 3486 654 3558 Ὁμοίως
702 3487 805 3545 καὶ
840 3489 881 3559 ἠ
921 3487 1186 3613 tardam?
1229 3489 1634 3552 ἀναϐιϐάζεται
1680 3490 1812 3562 ἤτοι
1857 3496 1987 3549 κατ’

1155 3576 1278 3613 τοο.

1155 3576 1278 3626 τος.

2086 3202 2145 3248 et
2187 3193 2418 3248 collecta
2453 3207 2666 3250 summa
2707 3206 2804 3264 per
2858 3206 2953 3246 ιιι
2994 3190 3228 3262 partita,
3253 3186 3531 3244 residuum
3575 3195 3660 3242 est

2090 3281 2278 3357 Cyclus
2311 3287 2472 3341 lunae.

2090 3489 2295 3547 Eadem
2336 3491 2580 3548 methodo
2612 3501 2662 3548 et
2694 3509 2787 3564 per
2818 3509 2984 3576 annos
3015 3493 3247 3564 singulos
3274 3489 3494 3546 indictio
3530 3506 3658 3545 οοπα

2781 3573 2969 3618 surau.

2781 3579 2969 3635 surgit.

476 3667 683 3742 Κράτει
713 3670 784 3724 τὰ
804 3669 913 3725 ἀπὸ
940 3671 1171 3736 κτίσεως
1199 3672 1404 3744 κόσμου
1424 3689 1440 3704 ο
1477 3673 1695 3730 ἅπαντα
1719 3676 1952 3750 πρόσθες
1969 3719 1984 3744 ,

2164 3672 2374 3744 Collige
2422 3687 2596 3730 annos
2648 3673 2717 3730 ab
2773 3674 2906 3730 orbe
2974 3672 3229 3740 condito,
3285 3678 3341 3728 et
3390 3685 3660 3727 summam

405 3761 502 3814 xui.
535 3761 697 3830 ὖφελε
725 3761 864 3816 αὐτὰ
899 3763 1002 3818 ὑπὸ
1029 3763 1138 3817 τῶν
1179 3769 1269 3816 ιε’·
1305 3765 1495 3820 καὶτὰ
1533 3767 1988 3838 ὲναπολειφθέντα

2093 3765 2300 3837 partire
2329 3777 2426 3835 per
2455 3779 2526 3817 xv
2551 3782 2565 3819 :
2597 3763 2866 3836 reliquum
2891 3764 2996 3820 crit
3030 3763 3278 3820 indictio.

407 3851 465 3903 ὲν
495 3854 561 3923 τῇ
594 3853 736 3926 χειρί
761 3870 854 3906 σου
881 3851 1018 3926 αὕτη
1050 3854 1196 3908 ἐστὶν
1218 3855 1470 3920 ῐνδικτος.

479 3919 719 3997 Γέζοῴσιὶε
744 3945 802 3998 δὲ
848 3945 940 3999 καὶ
972 3919 1151 4012 τοῦτο,
1198 3948 1280 4002 ὅτι
1311 3949 1460 4020 ἥλιος
1493 3951 1718 4023 ἄρχεται
1756 3951 1864 4006 άπὸ
1888 3953 1990 4025 τῆς
2091 3919 2096 3922 Ι

407 4041 457 4087 α’
493 4035 588 4088 τοῦ
617 4037 991 4109 Ὀκτωμϐρίου
1034 4039 1202 4110 μηνός
1224 4056 1238 4071 ·
1266 4043 1300 4113 ἡ
1331 4041 1389 4095 δὲ
1415 4042 1612 4116 σελήνη
1645 4041 1754 4097 ἀπὸ
1796 4046 1897 4118 τῆς
1940 4059 1994 4100 a'

407 4126 502 4180 τού
542 4128 868 4200 Ἰανουαρίου
911 4131 1106 4201 μηνός·
1152 4132 1246 4186 καὶ
1295 4135 1330 4205 ἡ
1375 4133 1604 4200 ῐνδικτος
1648 4135 1756 4189 ἀπὸ
1793 4137 1895 4210 τῆς
1939 4139 1992 4196 α’

409 4221 502 4274 τοῦ
531 4222 903 4294 Σεπτεμϐρίου
931 4223 1117 4295 μηνός.

479 4313 576 4378 El;
605 4313 668 4366 τὸ
701 4315 879 4385 εὑρεῖν
919 4331 976 4367 σε
1010 4315 1069 4368 τὸ
1097 4317 1318 4389 νομικὸν
1346 4319 1556 4392 Πάσχα,
1589 4320 1861 4394 κράτησον
1895 4323 1989 4379 τοῦ

409 4405 837 4478 ὲπιζητουμένου
866 4407 1018 4472 ἔτους
1045 4408 1134 4464 τὸν
1163 4410 1362 4465 κύκλον
1389 4412 1489 4483 τῆς
1523 4414 1773 4487 σελήνης,
1798 4417 1992 4481 ὁπόσος

409 4497 549 4562 ἐστὶ,
583 4499 677 4552 καὶ
730 4499 1224 4556 ὲνδεκαπλασίασον
1266 4504 1464 4558 αὐτόν·
1514 4506 1749 4579 πρόσθες
1789 4508 1844 4562 δὲ
1899 4511 1993 4563 καὶ

411 4589 608 4660 ἑτέρας
651 4596 704 4654 ς’
739 4589 848 4643 τῶν
883 4591 982 4646 ἀπ’
1008 4591 1268 4646 αἰώνωνο
1315 4595 1492 4650 ἰστέον
1531 4596 1610 4660 δὲ,
1659 4597 1740 4650 ὅτι
1781 4598 1862 4662 είς
1901 4596 1992 4652 τὸν

415 4681 477 4744 ιζ’
505 4679 723 4745 κύκλον,
757 4683 848 4736 καὶ
891 4689 978 4755 ιη’,
1008 4683 1102 4737 καὶ
1147 4682 1210 4738 ιϐ’
1245 4687 1304 4738 οὐ
1345 4686 1646 4759 προστίθης
1674 4694 1727 4753 ς’
1753 4687 1862 4742 τῶν
1897 4689 1990 4742 ἀπ’

412 4773 644 4837 αἰώνων,
675 4775 812 4830 ἄλλα
847 4775 922 4841 ζ’·
958 4777 1017 4830 ἐν
1055 4777 1112 4831 δὲ
1143 4781 1255 4841 τοῖς
1291 4778 1472 4844 ἄλλοις
1515 4780 1658 4844 ὅλοις
1687 4780 1906 4846 κύκλοις
1938 4790 1991 4848 ς’

411 4867 507 4922 καὶ
552 4867 742 4938 μόνας,
782 4867 857 4932 ὼς
899 4867 1129 4940 ἔφημεν.
1173 4868 1290 4923 Εἶθ’
1335 4869 1511 4935 οὕτως
1550 4870 1813 4926 ἁνάλυσον
1853 4871 1992 4928 αὐτὰ

411 4961 500 5014 διὰ
525 4961 634 5014 τῶν
666 4960 708 5014 λ’
729 4977 743 4990 ·
773 4962 866 5014 καὶ
899 4961 970 5015 τά
997 4961 1240 5016 κάτωθεν
1267 4961 1376 5017 τῶν
1414 4963 1456 5016 λ’
1489 4963 1760 5036 κράτησαν
1778 4981 1793 4995 ο
1826 4963 1994 5038 ἀρξά-

2170 3953 2465 4009 Sciendum
2513 3959 2598 4008 est
2638 3958 2819 4007 autem
2864 3949 3032 4006 solem
3086 3946 3662 4020 incipereaKalendis

2090 4038 2348 4097 Octobris
2389 4056 2402 4092 :
2455 4039 2642 4094 lunam
2673 4056 2703 4094 a
2745 4038 2868 4094 Ral.
2907 4037 3206 4104 Januariis,
3249 4037 3598 4094 indictionem
3633 4051 3665 4090 a

2094 4133 2351 4192 Kalendis
2381 4132 2736 4206 Septembris.

2161 4311 2242 4369 Ad
2272 4313 2656 4370 inveniendum
2686 4314 2856 4386 legale
2910 4311 3141 4380 Pascha,
3187 4313 3370 4385 accipe
3418 4313 3664 4367 lunarem

2092 4407 2306 4478 cyclum
2356 4407 2484 4461 anni
2525 4407 2816 4477 propositi,
2845 4421 3078 4476 eumque
3116 4422 3209 4476 per
3239 4403 3489 4460 undecim
3523 4404 3664 4458 mul-

2095 4501 2303 4571 tiplica,
2356 4498 2424 4555 ad
2467 4515 2736 4555 summam
2783 4499 2960 4569 adjice
3007 4515 3136 4565 sex,
3186 4513 3309 4569 quae
3369 4515 3403 4552 α
3457 4497 3666 4552 saeculis

2105 4593 2400 4664 appellant.
2437 4591 2638 4648 Verum
2686 4593 2741 4646 in
2789 4593 2944 4665 cyclo
2990 4607 3124 4657 xvu,
3168 4598 3222 4646 et
3254 4605 3407 4654 xvm,
3457 4597 3513 4645 et
3549 4604 3666 4652 ιιι,

2093 4701 2206 4742 non
2245 4701 2361 4752 εει,
2408 4686 2504 4741 sed
2545 4692 2754 4756 septem
2801 4684 3048 4740 addenda
3087 4691 3254 4749 sunt;
3283 4685 3339 4736 in
3371 4681 3494 4737 aliis
3516 4696 3667 4744 vero.

2094 4797 2216 4837 sex.
2253 4778 2449 4836 Postea
2489 4781 2787 4836 .collectam
2829 4792 3097 4834 summam
3149 4775 3354 4847 partire
3398 4790 3495 4846 per
3537 4790 3668 4837 ιιι,

2097 4873 2249 4944 quod
2282 4873 2552 4944 reliquum
2585 4871 2712 4934 erit,
2745 4887 2774 4925 a
2801 4868 3068 4924 Kalendis
3100 4867 3310 4924 Martiis
3351 4875 3544 4939 putare
3586 4867 3670 4922 in-

2095 4965 2254 5035 cipe,
2295 4963 2471 5019 donec
2519 4963 2915 5034 quinquaginta
2957 4960 3076 5015 dies
3117 4959 3420 5029 expleveris
3455 4977 3470 5013 :
3506 4973 3667 5028 quem

415 5070 575 5124 μενος
600 5053 708 5108 ἀπὸ
729 5053 824 5107 τοῦ
852 5054 1095 5126 Μαρτίου
1121 5055 1309 5127 μηνὸς,
1335 5054 1558 5128 ἀρίθμει
1584 5057 1768 5111 ἐπάνω
1793 5056 1991 5122 αὐτῶν,

2098 5070 2386 5112 numerum
2438 5055 2486 5110 si
2531 5054 2675 5109 intra
2719 5051 2970 5105 Martium
3015 5050 3226 5105 ellieere
3279 5050 3480 5119 possis,
3533 5049 3672 5102 bene

413 5146 516 5210 ἕως
549 5147 670 5200 ὅτου
702 5144 973 5216 ἱκανώσῃς
997 5151 1041 5198 ν’
1079 5146 1292 5217 ἡμέρας
1315 5163 1329 5176 ·
1371 5145 1464 5199 καὶ
1497 5147 1545 5200 εί
1581 5146 1691 5218 μὲν,
1715 5145 1993 5200 ίκανωθῶ-

416 5257 501 5292 σιν
527 5240 584 5293 αἱ
615 5247 658 5291 ν’
686 5240 888 5312 ἡμέραι
913 5239 1064 5303 ἐντὸς
1099 5237 1207 5290 τῶν
1235 5239 1500 5309 Μαρτίου,
1527 5237 1716 5311 χάρις·
1755 5240 1804 5292 εἰ
1831 5238 1876 5291 δ’
1901 5237 1985 5303 οὒ,

414 5331 657 5404 λάμϐανε
683 5333 777 5388 καὶ
809 5333 916 5386 ἀπὸ
939 5331 1034 5386 τοῦ
1067 5331 1340 5404 Ἀπριλίου
1368 5329 1557 5402 μηνὸς,
1586 5331 1691 5396 ἕως
1722 5333 1843 5384 ὅτου
1872 5332 1992 5384 ίκα-

416 5424 594 5498 νώσῃς
635 5427 822 5490 αὐτάς.
868 5426 956 5480 Ἑν
1082 5425 1125 5479 δ’
1158 5425 1222 5480 ἂν
1261 5423 1446 5495 ἡμέρᾳ
1493 5422 1824 5477 ἱκανωθῶσιν
1857 5425 1913 5476 αἱ
1949 5430 1991 5477 ν’

395 5519 644 5590 ἡμέραι,
686 5521 744 5574 ὲν
783 5520 919 5591 αὐτῇ
959 5521 1025 5590 τῇ
1068 5516 1252 5590 ἡμέρᾳ
1283 5515 1424 5571 κατὰ
1471 5515 1532 5570 τὸ
1570 5515 1993 5590 ἐπιζητούμενον

415 5615 534 5680 ἔτος
563 5614 768 5685 γίνεται
799 5615 860 5668 τὺ
888 5614 1110 5686 νομικὸν
1140 5614 1348 5682 Πάσχα.

398 5756 408 5765 ’
465 5770 510 5804 ⁸⁹
536 5771 575 5842 f.
610 5771 841 5844 πρόσθες
861 5789 936 5827 τι.

2100 5147 2284 5203 habet.
2315 5145 2412 5202 Sin
2437 5146 2639 5211 minus,
2677 5158 2834 5199 sume
2857 5141 3135 5197 residuum
3164 5157 3195 5196 e
3220 5139 3412 5196 diebus
3445 5139 3667 5210 Aprilis,

2096 5240 2270 5296 donec
2293 5241 2711 5311 quinquagenos
2735 5235 3009 5292 absolvas.
3043 5232 3378 5302 Quocunque
3405 5231 3492 5286 die
3513 5231 3672 5301 quin-

2102 5336 2360 5407 quaginta
2406 5333 2659 5405 completi
2712 5331 2936 5391 fuerint.
2987 5329 3043 5386 in
3091 5343 3214 5386 eum
3245 5325 3456 5384 Pascha
3501 5325 3670 5396 legale

2101 5431 2227 5487 anni
2263 5430 2528 5501 propositi
2556 5428 2864 5486 conveniet.
