  <div class='ocr_page' id='page_1' title='image "/cluster/home/n/w/nwhite01/storage/ocr_20150623/19/nnc1.0037127454/687.png"; bbox 0 0 4070 6406; ppageno 0'>
   <div class='ocr_carea' id='block_1_1' title="bbox 437 370 568 424">
    <p class='ocr_par' dir='ltr' id='par_1_1' title="bbox 437 370 568 424">
     <span class='ocr_line' id='line_1_1' title="bbox 437 370 568 424; baseline 0.008 -1"><span class='ocrx_word' id='word_1_1' title='bbox 437 370 568 424; x_wconf 74' lang='lat'><strong>135!</strong></span> 
     </span>
    </p>
   </div>
   <div class='ocr_carea' id='block_1_2' title="bbox 1432 367 2671 430">
    <p class='ocr_par' dir='ltr' id='par_1_2' title="bbox 1432 367 2671 430">
     <span class='ocr_line' id='line_1_2' title="bbox 1432 367 2671 430; baseline 0.006 -8"><span class='ocrx_word' id='word_1_2' title='bbox 1432 367 1526 423; x_wconf 76' lang='lat' dir='ltr'><strong>AD</strong></span> <span class='ocrx_word' id='word_1_3' title='bbox 1567 367 1836 426; x_wconf 76' lang='lat' dir='ltr'><strong>EUSEBII</strong></span> <span class='ocrx_word' id='word_1_4' title='bbox 1876 370 2270 429; x_wconf 72' lang='lat' dir='ltr'><strong>CHHONICON</strong></span> <span class='ocrx_word' id='word_1_5' title='bbox 2309 371 2671 430; x_wconf 75' lang='lat' dir='ltr'><strong>APPENDII.</strong></span> 
     </span>
    </p>
   </div>
   <div class='ocr_carea' id='block_1_3' title="bbox 3540 367 3677 423">
    <p class='ocr_par' dir='ltr' id='par_1_3' title="bbox 3540 367 3677 423">
     <span class='ocr_line' id='line_1_3' title="bbox 3540 367 3677 423; baseline -0.015 -1"><span class='ocrx_word' id='word_1_6' title='bbox 3540 367 3677 423; x_wconf 70' lang='grc'><strong>1331</strong></span> 
     </span>
    </p>
   </div>
   <div class='ocr_carea' id='block_1_4' title="bbox 437 483 1996 562">
    <p class='ocr_par' dir='ltr' id='par_1_4' title="bbox 437 487 1996 562">
     <span class='ocr_line' id='line_1_4' title="bbox 437 487 1996 562; baseline 0.001 -18"><span class='ocrx_word' id='word_1_7' title='bbox 437 489 558 560; x_wconf 82' lang='lat' dir='ltr'><strong>Qua</strong></span> <span class='ocrx_word' id='word_1_8' title='bbox 591 491 800 546; x_wconf 76' lang='lat' dir='ltr'><strong>ratione</strong></span> <span class='ocrx_word' id='word_1_9' title='bbox 828 489 963 561; x_wconf 81' lang='lat' dir='ltr'><strong>feria</strong></span> <span class='ocrx_word' id='word_1_10' title='bbox 1003 489 1196 562; x_wconf 73' lang='lat' dir='ltr'><strong>legalis</strong></span> <span class='ocrx_word' id='word_1_11' title='bbox 1237 487 1522 544; x_wconf 75' lang='lat' dir='ltr'><strong>Paschatis</strong></span> <span class='ocrx_word' id='word_1_12' title='bbox 1567 487 1872 561; x_wconf 78' lang='lat' dir='ltr'><strong>indaganda</strong></span> <span class='ocrx_word' id='word_1_13' title='bbox 1909 491 1996 545; x_wconf 81' lang='lat' dir='ltr'><strong>sit.</strong></span> 
     </span>
    </p>
   </div>
   <div class='ocr_carea' id='block_1_5' title="bbox 2097 483 3680 562">
    <p class='ocr_par' dir='ltr' id='par_1_5' title="bbox 2107 483 3680 562">
     <span class='ocr_line' id='line_1_5' title="bbox 2107 483 3680 562; baseline -0.004 -16"><span class='ocrx_word' id='word_1_14' title='bbox 2107 495 2211 559; x_wconf 74' lang='grc' dir='ltr'><strong>Εἰς</strong></span> <span class='ocrx_word' id='word_1_15' title='bbox 2243 492 2310 546; x_wconf 82' lang='grc' dir='ltr'>τὸ</span> <span class='ocrx_word' id='word_1_16' title='bbox 2351 491 2550 561; x_wconf 76' lang='grc' dir='ltr'><strong>εὑρεῖν</strong></span> <span class='ocrx_word' id='word_1_17' title='bbox 2588 507 2662 547; x_wconf 81' lang='grc' dir='ltr'><strong>σε</strong></span> <span class='ocrx_word' id='word_1_18' title='bbox 2699 491 2772 545; x_wconf 74' lang='grc' dir='ltr'>ἐν</span> <span class='ocrx_word' id='word_1_19' title='bbox 2808 491 2948 562; x_wconf 74' lang='grc' dir='ltr'>ποίᾳ</span> <span class='ocrx_word' id='word_1_20' title='bbox 2979 487 3167 558; x_wconf 73' lang='grc' dir='ltr'><strong>ἡμέρᾳ</strong></span> <span class='ocrx_word' id='word_1_21' title='bbox 3208 486 3288 555; x_wconf 75' lang='grc' dir='ltr'><strong>ἦν</strong></span> <span class='ocrx_word' id='word_1_22' title='bbox 3320 483 3386 539; x_wconf 78' lang='grc' dir='ltr'>τὸ</span> <span class='ocrx_word' id='word_1_23' title='bbox 3432 485 3680 552; x_wconf 69' lang='grc' dir='ltr'><strong>νομικὸν</strong></span> 
     </span>
    </p>
   </div>
   <div class='ocr_carea' id='block_1_6' title="bbox 504 639 2000 712">
    <p class='ocr_par' dir='ltr' id='par_1_6' title="bbox 504 639 2000 712">
     <span class='ocr_line' id='line_1_6' title="bbox 504 639 2000 712; baseline 0.002 -18"><span class='ocrx_word' id='word_1_24' title='bbox 504 639 704 711; x_wconf 85' lang='lat' dir='ltr'><strong>Accipe</strong></span> <span class='ocrx_word' id='word_1_25' title='bbox 732 640 964 696; x_wconf 89' lang='lat' dir='ltr'><strong>solarem</strong></span> <span class='ocrx_word' id='word_1_26' title='bbox 995 641 1230 712; x_wconf 77' lang='lat' dir='ltr'><strong>cyelum,</strong></span> <span class='ocrx_word' id='word_1_27' title='bbox 1263 649 1316 697; x_wconf 92' lang='lat' dir='ltr'><strong>et</strong></span> <span class='ocrx_word' id='word_1_28' title='bbox 1338 641 1652 698; x_wconf 81' lang='lat' dir='ltr'><strong>bissextiles</strong></span> <span class='ocrx_word' id='word_1_29' title='bbox 1675 643 1791 698; x_wconf 89' lang='lat' dir='ltr'><strong>dies</strong></span> <span class='ocrx_word' id='word_1_30' title='bbox 1827 659 2000 698; x_wconf 77' lang='lat' dir='ltr'><strong>anno—</strong></span> 
     </span>
    </p>
   </div>
   <div class='ocr_carea' id='block_1_7' title="bbox 436 733 1996 804">
    <p class='ocr_par' dir='ltr' id='par_1_7' title="bbox 436 733 1996 804">
     <span class='ocr_line' id='line_1_7' title="bbox 436 733 1996 804; baseline 0.001 -18"><span class='ocrx_word' id='word_1_31' title='bbox 436 746 557 786; x_wconf 85' lang='lat' dir='ltr'><strong>rum</strong></span> <span class='ocrx_word' id='word_1_32' title='bbox 609 733 940 802; x_wconf 91' lang='lat' dir='ltr'><strong>elapsorum.</strong></span> <span class='ocrx_word' id='word_1_33' title='bbox 988 734 1136 787; x_wconf 85' lang='lat' dir='ltr'><strong>Adde</strong></span> <span class='ocrx_word' id='word_1_34' title='bbox 1188 733 1306 789; x_wconf 87' lang='lat' dir='ltr'><strong>dies</strong></span> <span class='ocrx_word' id='word_1_35' title='bbox 1344 736 1550 790; x_wconf 89' lang='lat' dir='ltr'><strong>mensis</strong></span> <span class='ocrx_word' id='word_1_36' title='bbox 1599 735 1652 790; x_wconf 91' lang='lat' dir='ltr'><strong>in</strong></span> <span class='ocrx_word' id='word_1_37' title='bbox 1699 751 1860 804; x_wconf 85' lang='lat' dir='ltr'><strong>quem</strong></span> <span class='ocrx_word' id='word_1_38' title='bbox 1890 734 1996 788; x_wconf 90' lang='lat' dir='ltr'><strong>Pa-</strong></span> 
     </span>
    </p>
   </div>
   <div class='ocr_carea' id='block_1_8' title="bbox 437 823 1999 897">
    <p class='ocr_par' dir='ltr' id='par_1_8' title="bbox 437 823 1999 897">
     <span class='ocr_line' id='line_1_8' title="bbox 437 823 1999 897; baseline 0.001 -19"><span class='ocrx_word' id='word_1_39' title='bbox 437 825 569 878; x_wconf 86' lang='lat' dir='ltr'><strong>scha</strong></span> <span class='ocrx_word' id='word_1_40' title='bbox 624 823 795 895; x_wconf 84' lang='lat' dir='ltr'><strong>legale</strong></span> <span class='ocrx_word' id='word_1_41' title='bbox 839 824 1049 890; x_wconf 91' lang='lat' dir='ltr'><strong>incidit,</strong></span> <span class='ocrx_word' id='word_1_42' title='bbox 1090 825 1158 879; x_wconf 88' lang='lat' dir='ltr'><strong>ad</strong></span> <span class='ocrx_word' id='word_1_43' title='bbox 1207 826 1384 895; x_wconf 91' lang='lat' dir='ltr'><strong>ipsum</strong></span> <span class='ocrx_word' id='word_1_44' title='bbox 1443 842 1618 897; x_wconf 87' lang='lat' dir='ltr'><strong>usque</strong></span> <span class='ocrx_word' id='word_1_45' title='bbox 1664 825 1892 882; x_wconf 88' lang='lat' dir='ltr'><strong>Pascha.-</strong></span> <span class='ocrx_word' id='word_1_46' title='bbox 1939 825 1999 881; x_wconf 90' lang='lat' dir='ltr'><strong>Si</strong></span> 
     </span>
    </p>
   </div>
   <div class='ocr_carea' id='block_1_9' title="bbox 439 915 2002 988">
    <p class='ocr_par' dir='ltr' id='par_1_9' title="bbox 439 915 2002 988">
     <span class='ocr_line' id='line_1_9' title="bbox 439 915 2002 988; baseline 0.001 -19"><span class='ocrx_word' id='word_1_47' title='bbox 439 915 631 970; x_wconf 80' lang='lat' dir='ltr'><strong>Martio</strong></span> <span class='ocrx_word' id='word_1_48' title='bbox 676 931 863 972; x_wconf 88' lang='lat' dir='ltr'><strong>mense</strong></span> <span class='ocrx_word' id='word_1_49' title='bbox 915 917 1083 987; x_wconf 86' lang='lat' dir='ltr'><strong>legale</strong></span> <span class='ocrx_word' id='word_1_50' title='bbox 1127 915 1336 972; x_wconf 85' lang='lat' dir='ltr'><strong>Pascha</strong></span> <span class='ocrx_word' id='word_1_51' title='bbox 1385 921 1686 988; x_wconf 78' lang='lat' dir='ltr'><strong>conlingat,</strong></span> <span class='ocrx_word' id='word_1_52' title='bbox 1739 917 1805 972; x_wconf 90' lang='lat' dir='ltr'><strong>ad</strong></span> <span class='ocrx_word' id='word_1_53' title='bbox 1850 931 2002 972; x_wconf 82' lang='lat' dir='ltr'><strong>sum-</strong></span> 
     </span>
    </p>
   </div>
   <div class='ocr_carea' id='block_1_10' title="bbox 439 1007 1996 1081">
    <p class='ocr_par' dir='ltr' id='par_1_10' title="bbox 439 1007 1996 1081">
     <span class='ocr_line' id='line_1_10' title="bbox 439 1007 1996 1081; baseline 0.001 -19"><span class='ocrx_word' id='word_1_54' title='bbox 439 1023 581 1062; x_wconf 94' lang='lat' dir='ltr'><strong>mam</strong></span> <span class='ocrx_word' id='word_1_55' title='bbox 616 1007 788 1078; x_wconf 87' lang='lat' dir='ltr'><strong>adjice</strong></span> <span class='ocrx_word' id='word_1_56' title='bbox 823 1009 1097 1073; x_wconf 90' lang='lat' dir='ltr'><strong>undecim,</strong></span> <span class='ocrx_word' id='word_1_57' title='bbox 1130 1020 1351 1081; x_wconf 88' lang='lat' dir='ltr'><strong>propter</strong></span> <span class='ocrx_word' id='word_1_58' title='bbox 1399 1025 1615 1066; x_wconf 89' lang='lat' dir='ltr'><strong>menses</strong></span> <span class='ocrx_word' id='word_1_59' title='bbox 1646 1017 1900 1080; x_wconf 82' lang='lat' dir='ltr'><strong>quatuor,</strong></span> <span class='ocrx_word' id='word_1_60' title='bbox 1926 1009 1996 1064; x_wconf 89' lang='lat' dir='ltr'><strong>ab</strong></span> 
     </span>
    </p>
   </div>
   <div class='ocr_carea' id='block_1_11' title="bbox 437 1097 1998 1166">
    <p class='ocr_par' dir='ltr' id='par_1_11' title="bbox 437 1097 1998 1166">
     <span class='ocr_line' id='line_1_11' title="bbox 437 1097 1998 1166; baseline -0.003 -14"><span class='ocrx_word' id='word_1_61' title='bbox 437 1097 658 1153; x_wconf 83' lang='lat' dir='ltr'><strong>Octobri</strong></span> <span class='ocrx_word' id='word_1_62' title='bbox 743 1099 950 1154; x_wconf 78' lang='lat' dir='ltr'><strong>scilicet</strong></span> <span class='ocrx_word' id='word_1_63' title='bbox 1027 1101 1094 1154; x_wconf 89' lang='lat' dir='ltr'><strong>ad</strong></span> <span class='ocrx_word' id='word_1_64' title='bbox 1172 1097 1488 1153; x_wconf 89' lang='lat' dir='ltr'><strong>Januarium</strong></span> <span class='ocrx_word' id='word_1_65' title='bbox 1558 1118 1572 1154; x_wconf 89' lang='lat'><strong>:</strong></span> <span class='ocrx_word' id='word_1_66' title='bbox 1634 1099 1706 1152; x_wconf 91' lang='lat' dir='ltr'><strong>ita</strong></span> <span class='ocrx_word' id='word_1_67' title='bbox 1769 1107 1826 1152; x_wconf 84' lang='lat' dir='ltr'><strong>ut</strong></span> <span class='ocrx_word' id='word_1_68' title='bbox 1899 1112 1998 1166; x_wconf 85' lang='lat' dir='ltr'><strong>pro</strong></span> 
     </span>
    </p>
   </div>
   <div class='ocr_carea' id='block_1_12' title="bbox 435 1188 2000 1260">
    <p class='ocr_par' dir='ltr' id='par_1_12' title="bbox 435 1188 2000 1260">
     <span class='ocr_line' id='line_1_12' title="bbox 435 1188 2000 1260; baseline -0.002 -16"><span class='ocrx_word' id='word_1_69' title='bbox 435 1204 502 1244; x_wconf 92' lang='lat' dir='ltr'><strong>eo</strong></span> <span class='ocrx_word' id='word_1_70' title='bbox 539 1204 726 1245; x_wconf 90' lang='lat' dir='ltr'><strong>mense</strong></span> <span class='ocrx_word' id='word_1_71' title='bbox 764 1190 854 1260; x_wconf 88' lang='lat' dir='ltr'><strong>qui</strong></span> <span class='ocrx_word' id='word_1_72' title='bbox 909 1206 1014 1244; x_wconf 78' lang='lat' dir='ltr'><strong>xxx</strong></span> <span class='ocrx_word' id='word_1_73' title='bbox 1054 1190 1172 1245; x_wconf 90' lang='lat' dir='ltr'><strong>dies</strong></span> <span class='ocrx_word' id='word_1_74' title='bbox 1218 1190 1397 1245; x_wconf 82' lang='lat' dir='ltr'><strong>habet.</strong></span> <span class='ocrx_word' id='word_1_75' title='bbox 1450 1188 1556 1244; x_wconf 91' lang='lat' dir='ltr'><strong>duo</strong></span> <span class='ocrx_word' id='word_1_76' title='bbox 1603 1189 1788 1258; x_wconf 90' lang='lat' dir='ltr'><strong>capias</strong></span> <span class='ocrx_word' id='word_1_77' title='bbox 1833 1202 1847 1239; x_wconf 90' lang='lat'><strong>:</strong></span> <span class='ocrx_word' id='word_1_78' title='bbox 1901 1201 2000 1256; x_wconf 87' lang='lat' dir='ltr'><strong>pro</strong></span> 
     </span>
    </p>
   </div>
   <div class='ocr_carea' id='block_1_13' title="bbox 435 1278 1999 1350">
    <p class='ocr_par' dir='ltr' id='par_1_13' title="bbox 435 1278 1999 1350">
     <span class='ocr_line' id='line_1_13' title="bbox 435 1278 1999 1350; baseline -0.004 -14"><span class='ocrx_word' id='word_1_79' title='bbox 435 1295 502 1336; x_wconf 90' lang='lat' dir='ltr'><strong>eo</strong></span> <span class='ocrx_word' id='word_1_80' title='bbox 553 1294 704 1345; x_wconf 89' lang='lat' dir='ltr'><strong>vero,</strong></span> <span class='ocrx_word' id='word_1_81' title='bbox 747 1279 840 1350; x_wconf 89' lang='lat' dir='ltr'><strong>qui</strong></span> <span class='ocrx_word' id='word_1_82' title='bbox 893 1295 1018 1334; x_wconf 78' lang='lat' dir='ltr'><strong>xxxi</strong></span> <span class='ocrx_word' id='word_1_83' title='bbox 1074 1287 1320 1344; x_wconf 85' lang='lat' dir='ltr'><strong>constat,</strong></span> <span class='ocrx_word' id='word_1_84' title='bbox 1361 1280 1501 1344; x_wconf 51' lang='lat' dir='ltr'><strong>,tria.</strong></span> <span class='ocrx_word' id='word_1_85' title='bbox 1541 1278 1697 1345; x_wconf 86' lang='lat' dir='ltr'><strong>Quod</strong></span> <span class='ocrx_word' id='word_1_86' title='bbox 1745 1279 1789 1334; x_wconf 89' lang='lat' dir='ltr'><strong>si</strong></span> <span class='ocrx_word' id='word_1_87' title='bbox 1840 1278 1999 1348; x_wconf 84' lang='lat' dir='ltr'><strong>Apri-</strong></span> 
     </span>
    </p>
   </div>
   <div class='ocr_carea' id='block_1_14' title="bbox 435 1369 2002 1441">
    <p class='ocr_par' dir='ltr' id='par_1_14' title="bbox 435 1369 2002 1441">
     <span class='ocr_line' id='line_1_14' title="bbox 435 1369 2002 1441; baseline 0 -16"><span class='ocrx_word' id='word_1_88' title='bbox 435 1372 540 1425; x_wconf 89' lang='lat' dir='ltr'><strong>lem</strong></span> <span class='ocrx_word' id='word_1_89' title='bbox 603 1371 660 1425; x_wconf 91' lang='lat' dir='ltr'><strong>in</strong></span> <span class='ocrx_word' id='word_1_90' title='bbox 725 1386 966 1427; x_wconf 89' lang='lat' dir='ltr'><strong>mensem</strong></span> <span class='ocrx_word' id='word_1_91' title='bbox 1021 1371 1190 1441; x_wconf 78' lang='lat' dir='ltr'><strong>legale</strong></span> <span class='ocrx_word' id='word_1_92' title='bbox 1251 1370 1460 1425; x_wconf 86' lang='lat' dir='ltr'><strong>Pascha</strong></span> <span class='ocrx_word' id='word_1_93' title='bbox 1507 1378 1797 1440; x_wconf 88' lang='lat' dir='ltr'><strong>competat,</strong></span> <span class='ocrx_word' id='word_1_94' title='bbox 1862 1369 2002 1425; x_wconf 87' lang='lat' dir='ltr'><strong>adde</strong></span> 
     </span>
    </p>
   </div>
   <div class='ocr_carea' id='block_1_15' title="bbox 436 1459 2000 1532">
    <p class='ocr_par' dir='ltr' id='par_1_15' title="bbox 436 1459 2000 1532">
     <span class='ocr_line' id='line_1_15' title="bbox 436 1459 2000 1532; baseline 0.001 -19"><span class='ocrx_word' id='word_1_95' title='bbox 436 1468 659 1532; x_wconf 86' lang='lat' dir='ltr'><strong>propter</strong></span> <span class='ocrx_word' id='word_1_96' title='bbox 714 1459 966 1515; x_wconf 82' lang='lat' dir='ltr'><strong>Martium</strong></span> <span class='ocrx_word' id='word_1_97' title='bbox 1013 1461 1139 1514; x_wconf 87' lang='lat' dir='ltr'><strong>tria.</strong></span> <span class='ocrx_word' id='word_1_98' title='bbox 1198 1460 1536 1531; x_wconf 86' lang='lat' dir='ltr'><strong>Colligentur</strong></span> <span class='ocrx_word' id='word_1_99' title='bbox 1605 1475 1718 1515; x_wconf 79' lang='lat' dir='ltr'><strong>xw.</strong></span> <span class='ocrx_word' id='word_1_100' title='bbox 1789 1459 2000 1526; x_wconf 89' lang='lat' dir='ltr'><strong>Quibus</strong></span> 
     </span>
    </p>
   </div>
   <div class='ocr_carea' id='block_1_16' title="bbox 435 1551 2002 1621">
    <p class='ocr_par' dir='ltr' id='par_1_16' title="bbox 435 1551 2002 1621">
     <span class='ocr_line' id='line_1_16' title="bbox 435 1551 2002 1621; baseline -0.001 -15"><span class='ocrx_word' id='word_1_101' title='bbox 435 1553 690 1608; x_wconf 89' lang='lat' dir='ltr'><strong>omnibus</strong></span> <span class='ocrx_word' id='word_1_102' title='bbox 732 1553 785 1606; x_wconf 91' lang='lat' dir='ltr'><strong>in</strong></span> <span class='ocrx_word' id='word_1_103' title='bbox 833 1566 995 1606; x_wconf 89' lang='lat' dir='ltr'><strong>unam</strong></span> <span class='ocrx_word' id='word_1_104' title='bbox 1043 1567 1310 1607; x_wconf 86' lang='lat' dir='ltr'><strong>summam</strong></span> <span class='ocrx_word' id='word_1_105' title='bbox 1347 1551 1606 1613; x_wconf 88' lang='lat' dir='ltr'><strong>redactis,</strong></span> <span class='ocrx_word' id='word_1_106' title='bbox 1643 1566 1763 1606; x_wconf 88' lang='lat' dir='ltr'><strong>eam</strong></span> <span class='ocrx_word' id='word_1_107' title='bbox 1799 1552 2002 1621; x_wconf 86' lang='lat' dir='ltr'><strong>partire</strong></span> 
     </span>
    </p>
   </div>
   <div class='ocr_carea' id='block_1_17' title="bbox 437 1642 2001 1714">
    <p class='ocr_par' dir='ltr' id='par_1_17' title="bbox 437 1642 2001 1714">
     <span class='ocr_line' id='line_1_17' title="bbox 437 1642 2001 1714; baseline -0.001 -16"><span class='ocrx_word' id='word_1_108' title='bbox 437 1659 534 1713; x_wconf 91' lang='lat' dir='ltr'><strong>per</strong></span> <span class='ocrx_word' id='word_1_109' title='bbox 594 1651 797 1714; x_wconf 86' lang='lat' dir='ltr'><strong>septem</strong></span> <span class='ocrx_word' id='word_1_110' title='bbox 835 1661 851 1710; x_wconf 90' lang='lat'><strong>;</strong></span> <span class='ocrx_word' id='word_1_111' title='bbox 903 1643 1181 1698; x_wconf 87' lang='lat' dir='ltr'><strong>residuum</strong></span> <span class='ocrx_word' id='word_1_112' title='bbox 1223 1643 1372 1697; x_wconf 87' lang='lat' dir='ltr'><strong>dabit</strong></span> <span class='ocrx_word' id='word_1_113' title='bbox 1429 1643 1619 1697; x_wconf 81' lang='lat' dir='ltr'><strong>feriam</strong></span> <span class='ocrx_word' id='word_1_114' title='bbox 1667 1643 1857 1713; x_wconf 81' lang='lat' dir='ltr'><strong>legalis</strong></span> <span class='ocrx_word' id='word_1_115' title='bbox 1897 1642 2001 1696; x_wconf 89' lang='lat' dir='ltr'><strong>Pa-</strong></span> 
     </span>
    </p>
   </div>
   <div class='ocr_carea' id='block_1_18' title="bbox 437 1732 2001 1806">
    <p class='ocr_par' dir='ltr' id='par_1_18' title="bbox 437 1732 2001 1806">
     <span class='ocr_line' id='line_1_18' title="bbox 437 1732 2001 1806; baseline -0.002 -15"><span class='ocrx_word' id='word_1_116' title='bbox 437 1735 663 1791; x_wconf 84' lang='lat' dir='ltr'><strong>scbatis.</strong></span> <span class='ocrx_word' id='word_1_117' title='bbox 719 1734 837 1801; x_wconf 79' lang='lat' dir='ltr'><strong>Qua</strong></span> <span class='ocrx_word' id='word_1_118' title='bbox 895 1747 1105 1804; x_wconf 85' lang='lat' dir='ltr'><strong>reperta</strong></span> <span class='ocrx_word' id='word_1_119' title='bbox 1155 1734 1481 1806; x_wconf 84' lang='lat' dir='ltr'><strong>progredere</strong></span> <span class='ocrx_word' id='word_1_120' title='bbox 1550 1750 1725 1803; x_wconf 85' lang='lat' dir='ltr'><strong>usque</strong></span> <span class='ocrx_word' id='word_1_121' title='bbox 1780 1733 1846 1786; x_wconf 91' lang='lat' dir='ltr'><strong>ad</strong></span> <span class='ocrx_word' id='word_1_122' title='bbox 1907 1732 2001 1788; x_wconf 82' lang='lat' dir='ltr'><strong>Do-</strong></span> 
     </span>
    </p>
   </div>
   <div class='ocr_carea' id='block_1_19' title="bbox 2772 559 3006 614">
    <p class='ocr_par' dir='ltr' id='par_1_19' title="bbox 2772 559 3006 614">
     <span class='ocr_line' id='line_1_19' title="bbox 2772 559 3006 614; baseline -0.013 0"><span class='ocrx_word' id='word_1_123' title='bbox 2772 559 3006 614; x_wconf 79' lang='grc' dir='ltr'>Πάσγα.</span> 
     </span>
    </p>
   </div>
   <div class='ocr_carea' id='block_1_20' title="bbox 2177 579 3674 727">
    <p class='ocr_par' dir='ltr' id='par_1_20' title="bbox 2177 579 3674 727">
     <span class='ocr_line' id='line_1_20' title="bbox 2772 579 3006 614; baseline -0.013 0"><span class='ocrx_word' id='word_1_124' title='bbox 2772 579 2906 614; x_wconf 80' lang='grc' dir='ltr'><strong>ιιασ</strong></span> <span class='ocrx_word' id='word_1_125' title='bbox 2949 579 3006 612; x_wconf 88' lang='grc' dir='ltr'>α.</span> 
     </span>
     <span class='ocr_line' id='line_1_21' title="bbox 2177 579 3674 727; baseline -0.005 -19"><span class='ocrx_word' id='word_1_126' title='bbox 2177 654 2468 727; x_wconf 82' lang='grc' dir='ltr'>Κράτησον</span> <span class='ocrx_word' id='word_1_127' title='bbox 2497 653 2588 707; x_wconf 74' lang='grc' dir='ltr'>τὸν</span> <span class='ocrx_word' id='word_1_128' title='bbox 2621 652 2817 707; x_wconf 79' lang='grc' dir='ltr'>κύκλον</span> <span class='ocrx_word' id='word_1_129' title='bbox 2852 579 2946 706; x_wconf 49' lang='lat' dir='ltr'><strong>cog</strong></span> <span class='ocrx_word' id='word_1_130' title='bbox 2977 651 3149 723; x_wconf 75' lang='grc' dir='ltr'>ἡλίου,</span> <span class='ocrx_word' id='word_1_131' title='bbox 3213 651 3307 704; x_wconf 74' lang='grc' dir='ltr'>καὶ</span> <span class='ocrx_word' id='word_1_132' title='bbox 3337 650 3404 704; x_wconf 87' lang='grc' dir='ltr'>τὰ</span> <span class='ocrx_word' id='word_1_133' title='bbox 3441 647 3674 720; x_wconf 79' lang='grc' dir='ltr'>βίσεξτα.</span> 
     </span>
    </p>
   </div>
   <div class='ocr_carea' id='block_1_21' title="bbox 2105 736 3675 818">
    <p class='ocr_par' dir='ltr' id='par_1_21' title="bbox 2105 736 3675 818">
     <span class='ocr_line' id='line_1_22' title="bbox 2105 736 3675 818; baseline -0.006 -16"><span class='ocrx_word' id='word_1_134' title='bbox 2105 749 2279 802; x_wconf 83' lang='grc' dir='ltr'>ὁπόσα</span> <span class='ocrx_word' id='word_1_135' title='bbox 2312 747 2439 802; x_wconf 87' lang='grc' dir='ltr'>είσί.</span> <span class='ocrx_word' id='word_1_136' title='bbox 2481 745 2726 818; x_wconf 84' lang='grc' dir='ltr'><strong>Πρόσθες</strong></span> <span class='ocrx_word' id='word_1_137' title='bbox 2758 745 2932 798; x_wconf 79' lang='grc' dir='ltr'>δὲκαὶ</span> <span class='ocrx_word' id='word_1_138' title='bbox 2960 743 3059 806; x_wconf 83' lang='grc' dir='ltr'>τὰς</span> <span class='ocrx_word' id='word_1_139' title='bbox 3095 743 3307 814; x_wconf 80' lang='grc' dir='ltr'>ἡμέρας</span> <span class='ocrx_word' id='word_1_140' title='bbox 3330 742 3421 795; x_wconf 79' lang='grc' dir='ltr'><strong>τοῦ</strong></span> <span class='ocrx_word' id='word_1_141' title='bbox 3453 736 3675 811; x_wconf 81' lang='grc' dir='ltr'><strong>νομικοῦ</strong></span> 
     </span>
    </p>
   </div>
   <div class='ocr_carea' id='block_1_22' title="bbox 2101 830 3674 908">
    <p class='ocr_par' dir='ltr' id='par_1_22' title="bbox 2101 830 3674 908">
     <span class='ocr_line' id='line_1_23' title="bbox 2101 830 3674 908; baseline -0.006 -16"><span class='ocrx_word' id='word_1_142' title='bbox 2101 838 2315 908; x_wconf 84' lang='grc' dir='ltr'><strong>Πάσχα,</strong></span> <span class='ocrx_word' id='word_1_143' title='bbox 2349 837 2463 890; x_wconf 85' lang='grc' dir='ltr'><strong>οἴου</strong></span> <span class='ocrx_word' id='word_1_144' title='bbox 2506 835 2671 908; x_wconf 86' lang='grc' dir='ltr'>μηνὸς</span> <span class='ocrx_word' id='word_1_145' title='bbox 2707 830 2795 906; x_wconf 84' lang='grc' dir='ltr'>ἦν,</span> <span class='ocrx_word' id='word_1_146' title='bbox 2833 835 2927 888; x_wconf 72' lang='grc' dir='ltr'><strong>καὶ</strong></span> <span class='ocrx_word' id='word_1_147' title='bbox 2956 834 3148 888; x_wconf 83' lang='grc' dir='ltr'>ὁπόσαι</span> <span class='ocrx_word' id='word_1_148' title='bbox 3186 835 3311 885; x_wconf 78' lang='grc' dir='ltr'>εισι.</span> <span class='ocrx_word' id='word_1_149' title='bbox 3343 833 3452 886; x_wconf 77' lang='grc' dir='ltr'>Καὶ</span> <span class='ocrx_word' id='word_1_150' title='bbox 3487 833 3534 884; x_wconf 87' lang='grc' dir='ltr'><strong>εί</strong></span> <span class='ocrx_word' id='word_1_151' title='bbox 3576 831 3674 901; x_wconf 85' lang='grc' dir='ltr'><strong>μὲν</strong></span> 
     </span>
    </p>
   </div>
   <div class='ocr_carea' id='block_1_23' title="bbox 2063 923 3674 1000">
    <p class='ocr_par' dir='ltr' id='par_1_23' title="bbox 2063 923 3674 1000">
     <span class='ocr_line' id='line_1_24' title="bbox 2063 923 3674 1000; baseline -0.007 -13"><span class='ocrx_word' id='word_1_152' title='bbox 2063 985 2066 987; x_wconf 84' lang='grc'><strong>,</strong></span> <span class='ocrx_word' id='word_1_153' title='bbox 2102 930 2217 983; x_wconf 76' lang='grc' dir='ltr'>ἐστι</span> <span class='ocrx_word' id='word_1_154' title='bbox 2249 930 2308 983; x_wconf 87' lang='grc' dir='ltr'><strong>τὸ</strong></span> <span class='ocrx_word' id='word_1_155' title='bbox 2339 929 2562 1000; x_wconf 77' lang='grc' dir='ltr'>νομικὸν</span> <span class='ocrx_word' id='word_1_156' title='bbox 2585 928 2774 997; x_wconf 87' lang='grc' dir='ltr'>Πάσχα</span> <span class='ocrx_word' id='word_1_157' title='bbox 2805 927 2886 990; x_wconf 81' lang='grc' dir='ltr'><strong>είς</strong></span> <span class='ocrx_word' id='word_1_158' title='bbox 2909 925 2998 980; x_wconf 81' lang='grc' dir='ltr'><strong>τὸν</strong></span> <span class='ocrx_word' id='word_1_159' title='bbox 3037 927 3277 998; x_wconf 87' lang='grc' dir='ltr'><strong>Μάρτιον</strong></span> <span class='ocrx_word' id='word_1_160' title='bbox 3307 925 3470 996; x_wconf 79' lang='grc' dir='ltr'>μῆνα,</span> <span class='ocrx_word' id='word_1_161' title='bbox 3507 923 3674 995; x_wconf 85' lang='grc' dir='ltr'>πρόσ-</span> 
     </span>
    </p>
   </div>
   <div class='ocr_carea' id='block_1_24' title="bbox 2104 1013 3672 1093">
    <p class='ocr_par' dir='ltr' id='par_1_24' title="bbox 2104 1013 3672 1093">
     <span class='ocr_line' id='line_1_25' title="bbox 2104 1013 3672 1093; baseline -0.006 -16"><span class='ocrx_word' id='word_1_162' title='bbox 2104 1021 2195 1087; x_wconf 91' lang='grc' dir='ltr'><strong>θες</strong></span> <span class='ocrx_word' id='word_1_163' title='bbox 2221 1023 2314 1077; x_wconf 76' lang='grc' dir='ltr'>καὶ</span> <span class='ocrx_word' id='word_1_164' title='bbox 2361 1029 2429 1076; x_wconf 94' lang='grc' dir='ltr'>ια’</span> <span class='ocrx_word' id='word_1_165' title='bbox 2457 1021 2595 1093; x_wconf 81' lang='grc' dir='ltr'>ὑπὲρ</span> <span class='ocrx_word' id='word_1_166' title='bbox 2625 1020 2731 1074; x_wconf 86' lang='grc' dir='ltr'>τῶν</span> <span class='ocrx_word' id='word_1_167' title='bbox 2767 1019 2984 1090; x_wconf 82' lang='grc' dir='ltr'><strong>μηνῶν·</strong></span> <span class='ocrx_word' id='word_1_168' title='bbox 3024 1017 3219 1081; x_wconf 80' lang='grc' dir='ltr'>οἵτινές</span> <span class='ocrx_word' id='word_1_169' title='bbox 3251 1019 3387 1070; x_wconf 74' lang='grc' dir='ltr'>εἰσιν</span> <span class='ocrx_word' id='word_1_170' title='bbox 3430 1015 3538 1069; x_wconf 77' lang='grc' dir='ltr'>ἀπὸ</span> <span class='ocrx_word' id='word_1_171' title='bbox 3578 1013 3672 1067; x_wconf 82' lang='grc' dir='ltr'><strong>τοῦ</strong></span> 
     </span>
    </p>
   </div>
   <div class='ocr_carea' id='block_1_25' title="bbox 2115 1107 3668 1188">
    <p class='ocr_par' dir='ltr' id='par_1_25' title="bbox 2115 1107 3668 1188">
     <span class='ocr_line' id='line_1_26' title="bbox 2115 1107 3668 1188; baseline -0.007 -18"><span class='ocrx_word' id='word_1_172' title='bbox 2115 1115 2486 1188; x_wconf 80' lang='grc' dir='ltr'>Ὀκτωμὸρίου</span> <span class='ocrx_word' id='word_1_173' title='bbox 2520 1113 2686 1186; x_wconf 84' lang='grc' dir='ltr'>μηνὸς</span> <span class='ocrx_word' id='word_1_174' title='bbox 2715 1114 2838 1183; x_wconf 78' lang='grc' dir='ltr'>ἄχρι</span> <span class='ocrx_word' id='word_1_175' title='bbox 2875 1111 2968 1165; x_wconf 78' lang='grc' dir='ltr'><strong>τοῦ</strong></span> <span class='ocrx_word' id='word_1_176' title='bbox 3003 1110 3329 1181; x_wconf 85' lang='grc' dir='ltr'>Ἰανουαρίου</span> <span class='ocrx_word' id='word_1_177' title='bbox 3361 1110 3455 1162; x_wconf 73' lang='grc' dir='ltr'>καὶ</span> <span class='ocrx_word' id='word_1_178' title='bbox 3476 1107 3668 1161; x_wconf 76' lang='grc' dir='ltr'><strong>αὐτοῦ’</strong></span> 
     </span>
    </p>
   </div>
   <div class='ocr_carea' id='block_1_26' title="bbox 2101 1197 3674 1275">
    <p class='ocr_par' dir='ltr' id='par_1_26' title="bbox 2101 1197 3674 1275">
     <span class='ocr_line' id='line_1_27' title="bbox 2101 1197 3674 1275; baseline -0.006 -18"><span class='ocrx_word' id='word_1_179' title='bbox 2101 1204 2208 1257; x_wconf 80' lang='grc' dir='ltr'>ἀπὸ</span> <span class='ocrx_word' id='word_1_180' title='bbox 2239 1205 2335 1275; x_wconf 84' lang='grc' dir='ltr'><strong>μὲν</strong></span> <span class='ocrx_word' id='word_1_181' title='bbox 2371 1203 2464 1257; x_wconf 78' lang='grc' dir='ltr'><strong>τού</strong></span> <span class='ocrx_word' id='word_1_182' title='bbox 2502 1202 2669 1274; x_wconf 78' lang='grc' dir='ltr'>μηνὸς</span> <span class='ocrx_word' id='word_1_183' title='bbox 2701 1200 2797 1254; x_wconf 85' lang='grc' dir='ltr'>τοῦ</span> <span class='ocrx_word' id='word_1_184' title='bbox 2837 1200 3050 1270; x_wconf 75' lang='grc' dir='ltr'>ἔχοντος</span> <span class='ocrx_word' id='word_1_185' title='bbox 3079 1200 3289 1270; x_wconf 78' lang='grc' dir='ltr'>ἡμέρας</span> <span class='ocrx_word' id='word_1_186' title='bbox 3309 1198 3352 1250; x_wconf 85' lang='grc' dir='ltr'>λ’</span> <span class='ocrx_word' id='word_1_187' title='bbox 3379 1197 3674 1267; x_wconf 74' lang='grc' dir='ltr'><strong>λαμϐάνεις</strong></span> 
     </span>
    </p>
   </div>
   <div class='ocr_carea' id='block_1_27' title="bbox 2102 1287 3672 1365">
    <p class='ocr_par' dir='ltr' id='par_1_27' title="bbox 2102 1287 3672 1365">
     <span class='ocr_line' id='line_1_28' title="bbox 2102 1287 3672 1365; baseline -0.004 -19"><span class='ocrx_word' id='word_1_188' title='bbox 2102 1294 2312 1365; x_wconf 80' lang='grc' dir='ltr'><strong>ἡμέρας</strong></span> <span class='ocrx_word' id='word_1_189' title='bbox 2343 1293 2436 1349; x_wconf 86' lang='grc' dir='ltr'>δύο</span> <span class='ocrx_word' id='word_1_190' title='bbox 2455 1310 2470 1324; x_wconf 78' lang='grc' dir='ltr'><strong>ο</strong></span> <span class='ocrx_word' id='word_1_191' title='bbox 2519 1292 2627 1347; x_wconf 81' lang='grc' dir='ltr'>άπὸ</span> <span class='ocrx_word' id='word_1_192' title='bbox 2651 1292 2708 1346; x_wconf 83' lang='grc' dir='ltr'><strong>δὲ</strong></span> <span class='ocrx_word' id='word_1_193' title='bbox 2743 1289 2836 1344; x_wconf 82' lang='grc' dir='ltr'><strong>τοῦ</strong></span> <span class='ocrx_word' id='word_1_194' title='bbox 2863 1290 3076 1360; x_wconf 74' lang='grc' dir='ltr'>ἔχοντος</span> <span class='ocrx_word' id='word_1_195' title='bbox 3105 1290 3183 1343; x_wconf 83' lang='grc' dir='ltr'>λα’</span> <span class='ocrx_word' id='word_1_196' title='bbox 3212 1289 3422 1361; x_wconf 83' lang='grc' dir='ltr'><strong>ἡμέρας</strong></span> <span class='ocrx_word' id='word_1_197' title='bbox 3458 1287 3672 1358; x_wconf 73' lang='grc' dir='ltr'>λαμϐά-</span> 
     </span>
    </p>
   </div>
   <div class='ocr_carea' id='block_1_28' title="bbox 2101 1379 3673 1453">
    <p class='ocr_par' dir='ltr' id='par_1_28' title="bbox 2101 1379 3673 1453">
     <span class='ocr_line' id='line_1_29' title="bbox 2101 1379 3673 1453; baseline -0.004 -16"><span class='ocrx_word' id='word_1_198' title='bbox 2101 1401 2212 1447; x_wconf 87' lang='grc' dir='ltr'>νεις</span> <span class='ocrx_word' id='word_1_199' title='bbox 2245 1390 2292 1453; x_wconf 81' lang='grc' dir='ltr'><strong>γ’</strong></span> <span class='ocrx_word' id='word_1_200' title='bbox 2319 1401 2332 1414; x_wconf 87' lang='grc'><strong>·</strong></span> <span class='ocrx_word' id='word_1_201' title='bbox 2384 1386 2433 1437; x_wconf 77' lang='grc' dir='ltr'><strong>εἰ</strong></span> <span class='ocrx_word' id='word_1_202' title='bbox 2475 1384 2518 1436; x_wconf 77' lang='grc' dir='ltr'><strong>δ’</strong></span> <span class='ocrx_word' id='word_1_203' title='bbox 2567 1383 2716 1436; x_wconf 76' lang='grc' dir='ltr'>ἐστὶν</span> <span class='ocrx_word' id='word_1_204' title='bbox 2763 1383 2842 1444; x_wconf 81' lang='grc' dir='ltr'><strong>εἰς</strong></span> <span class='ocrx_word' id='word_1_205' title='bbox 2887 1380 2980 1433; x_wconf 85' lang='grc' dir='ltr'><strong>τὸν</strong></span> <span class='ocrx_word' id='word_1_206' title='bbox 3031 1381 3304 1452; x_wconf 84' lang='grc' dir='ltr'>Ἀπρίλιον</span> <span class='ocrx_word' id='word_1_207' title='bbox 3351 1379 3410 1432; x_wconf 81' lang='grc' dir='ltr'><strong>τὸ</strong></span> <span class='ocrx_word' id='word_1_208' title='bbox 3455 1379 3673 1449; x_wconf 70' lang='grc' dir='ltr'>νομικὸν</span> 
     </span>
    </p>
   </div>
   <div class='ocr_carea' id='block_1_29' title="bbox 2103 1473 3669 1548">
    <p class='ocr_par' dir='ltr' id='par_1_29' title="bbox 2103 1473 3669 1548">
     <span class='ocr_line' id='line_1_30' title="bbox 2103 1473 3669 1548; baseline -0.003 -19"><span class='ocrx_word' id='word_1_209' title='bbox 2103 1477 2316 1546; x_wconf 84' lang='grc' dir='ltr'>Πάσχα,</span> <span class='ocrx_word' id='word_1_210' title='bbox 2365 1476 2600 1546; x_wconf 82' lang='grc' dir='ltr'><strong>πρόσθες</strong></span> <span class='ocrx_word' id='word_1_211' title='bbox 2639 1476 2733 1529; x_wconf 78' lang='grc' dir='ltr'>καὶ</span> <span class='ocrx_word' id='word_1_212' title='bbox 2775 1476 2916 1548; x_wconf 83' lang='grc' dir='ltr'>ὑπὲρ</span> <span class='ocrx_word' id='word_1_213' title='bbox 2949 1475 3040 1529; x_wconf 81' lang='grc' dir='ltr'><strong>τοῦ</strong></span> <span class='ocrx_word' id='word_1_214' title='bbox 3083 1474 3325 1544; x_wconf 83' lang='grc' dir='ltr'><strong>Μαρτίου</strong></span> <span class='ocrx_word' id='word_1_215' title='bbox 3355 1473 3562 1545; x_wconf 79' lang='grc' dir='ltr'>ἡμέρας</span> <span class='ocrx_word' id='word_1_216' title='bbox 3600 1479 3669 1540; x_wconf 88' lang='grc' dir='ltr'><strong>γ’.</strong></span> 
     </span>
    </p>
   </div>
   <div class='ocr_carea' id='block_1_30' title="bbox 2102 1565 3673 1636">
    <p class='ocr_par' dir='ltr' id='par_1_30' title="bbox 2102 1565 3673 1636">
     <span class='ocr_line' id='line_1_31' title="bbox 2102 1565 3673 1636; baseline -0.002 -15"><span class='ocrx_word' id='word_1_217' title='bbox 2102 1569 2213 1621; x_wconf 76' lang='grc' dir='ltr'><strong>Καὶ</strong></span> <span class='ocrx_word' id='word_1_218' title='bbox 2247 1569 2356 1621; x_wconf 76' lang='grc' dir='ltr'><strong>ἰδοὺ</strong></span> <span class='ocrx_word' id='word_1_219' title='bbox 2383 1569 2620 1636; x_wconf 85' lang='grc' dir='ltr'>γίνονται</span> <span class='ocrx_word' id='word_1_220' title='bbox 2654 1567 2732 1620; x_wconf 83' lang='grc' dir='ltr'><strong>ιδ’.</strong></span> <span class='ocrx_word' id='word_1_221' title='bbox 2753 1567 2862 1620; x_wconf 80' lang='grc' dir='ltr'><strong>Καὶ</strong></span> <span class='ocrx_word' id='word_1_222' title='bbox 2887 1567 3058 1630; x_wconf 80' lang='grc' dir='ltr'>οὕτως</span> <span class='ocrx_word' id='word_1_223' title='bbox 3080 1565 3286 1628; x_wconf 84' lang='grc' dir='ltr'>ὲνώσας</span> <span class='ocrx_word' id='word_1_224' title='bbox 3315 1566 3510 1627; x_wconf 85' lang='grc' dir='ltr'>πάντα,</span> <span class='ocrx_word' id='word_1_225' title='bbox 3541 1565 3673 1618; x_wconf 82' lang='grc' dir='ltr'><strong>ἀνά-</strong></span> 
     </span>
    </p>
   </div>
   <div class='ocr_carea' id='block_1_31' title="bbox 2101 1655 3676 1722">
    <p class='ocr_par' dir='ltr' id='par_1_31' title="bbox 2101 1655 3676 1722">
     <span class='ocr_line' id='line_1_32' title="bbox 2101 1655 3676 1722; baseline -0.002 -10"><span class='ocrx_word' id='word_1_226' title='bbox 2101 1659 2259 1713; x_wconf 87' lang='grc' dir='ltr'>λυσον</span> <span class='ocrx_word' id='word_1_227' title='bbox 2298 1658 2387 1714; x_wconf 77' lang='grc' dir='ltr'><strong>διὰ</strong></span> <span class='ocrx_word' id='word_1_228' title='bbox 2438 1659 2547 1712; x_wconf 88' lang='grc' dir='ltr'><strong>τῶν</strong></span> <span class='ocrx_word' id='word_1_229' title='bbox 2579 1657 2656 1722; x_wconf 82' lang='grc' dir='ltr'><strong>ἰ,ὀ</strong></span> <span class='ocrx_word' id='word_1_230' title='bbox 2689 1660 2782 1712; x_wconf 79' lang='grc' dir='ltr'>καὶ</span> <span class='ocrx_word' id='word_1_231' title='bbox 2832 1660 2934 1714; x_wconf 84' lang='grc' dir='ltr'>ὅσα</span> <span class='ocrx_word' id='word_1_232' title='bbox 2963 1657 3206 1712; x_wconf 84' lang='grc' dir='ltr'><strong>κάτωθεν</strong></span> <span class='ocrx_word' id='word_1_233' title='bbox 3233 1657 3340 1711; x_wconf 91' lang='grc' dir='ltr'>τῶν</span> <span class='ocrx_word' id='word_1_234' title='bbox 3371 1655 3413 1722; x_wconf 72' lang='grc' dir='ltr'><strong>ζ’</strong></span> <span class='ocrx_word' id='word_1_235' title='bbox 3467 1657 3676 1710; x_wconf 74' lang='grc' dir='ltr'>ἐναπο-</span> 
     </span>
    </p>
   </div>
   <div class='ocr_carea' id='block_1_32' title="bbox 2106 1748 3671 1822">
    <p class='ocr_par' dir='ltr' id='par_1_32' title="bbox 2106 1748 3671 1822">
     <span class='ocr_line' id='line_1_33' title="bbox 2106 1748 3671 1822; baseline -0.003 -18"><span class='ocrx_word' id='word_1_236' title='bbox 2106 1752 2370 1822; x_wconf 88' lang='grc' dir='ltr'>μείνουσι,</span> <span class='ocrx_word' id='word_1_237' title='bbox 2414 1751 2634 1822; x_wconf 77' lang='grc' dir='ltr'>δηλοῦσι</span> <span class='ocrx_word' id='word_1_238' title='bbox 2672 1751 2774 1822; x_wconf 81' lang='grc' dir='ltr'><strong>τὴν</strong></span> <span class='ocrx_word' id='word_1_239' title='bbox 2813 1751 3026 1822; x_wconf 74' lang='grc' dir='ltr'><strong>ἡμέραν</strong></span> <span class='ocrx_word' id='word_1_240' title='bbox 3073 1749 3164 1803; x_wconf 71' lang='grc' dir='ltr'><strong>τοῦ</strong></span> <span class='ocrx_word' id='word_1_241' title='bbox 3194 1748 3417 1820; x_wconf 84' lang='grc' dir='ltr'><strong>νομικοῦ</strong></span> <span class='ocrx_word' id='word_1_242' title='bbox 3460 1748 3671 1818; x_wconf 87' lang='grc' dir='ltr'>Πάσχα.</span> 
     </span>
    </p>
   </div>
   <div class='ocr_carea' id='block_1_33' title="bbox 434 1823 1996 1916">
    <p class='ocr_par' dir='ltr' id='par_1_33' title="bbox 434 1823 1996 1896">
     <span class='ocr_line' id='line_1_34' title="bbox 434 1823 1996 1896; baseline -0.001 -16"><span class='ocrx_word' id='word_1_243' title='bbox 434 1826 730 1891; x_wconf 86' lang='lat' dir='ltr'><strong>minicam,</strong></span> <span class='ocrx_word' id='word_1_244' title='bbox 793 1826 1248 1896; x_wconf 89' lang='lat' dir='ltr'><strong>quemadmodum</strong></span> <span class='ocrx_word' id='word_1_245' title='bbox 1310 1826 1574 1882; x_wconf 86' lang='lat' dir='ltr'><strong>didicisti.</strong></span> <span class='ocrx_word' id='word_1_246' title='bbox 1644 1823 1720 1880; x_wconf 88' lang='lat' dir='ltr'><strong>Ita</strong></span> <span class='ocrx_word' id='word_1_247' title='bbox 1790 1824 1996 1881; x_wconf 84' lang='lat' dir='ltr'><strong>Pascha</strong></span> 
     </span>
    </p>
   </div>
   <div class='ocr_carea' id='block_1_34' title="bbox 2097 1823 3670 1916">
    <p class='ocr_par' dir='ltr' id='par_1_34' title="bbox 2114 1841 3670 1916">
     <span class='ocr_line' id='line_1_35' title="bbox 2114 1841 3670 1916; baseline 0.004 -20"><span class='ocrx_word' id='word_1_248' title='bbox 2114 1843 2282 1897; x_wconf 80' lang='grc' dir='ltr'>Ἐπὰν</span> <span class='ocrx_word' id='word_1_249' title='bbox 2309 1843 2366 1896; x_wconf 81' lang='grc' dir='ltr'><strong>δὲ</strong></span> <span class='ocrx_word' id='word_1_250' title='bbox 2397 1841 2562 1916; x_wconf 78' lang='grc' dir='ltr'>εὕρῃς</span> <span class='ocrx_word' id='word_1_251' title='bbox 2600 1843 2788 1914; x_wconf 80' lang='grc' dir='ltr'>αὐτὴν,</span> <span class='ocrx_word' id='word_1_252' title='bbox 2820 1843 3008 1898; x_wconf 82' lang='grc' dir='ltr'>ἄνελθε</span> <span class='ocrx_word' id='word_1_253' title='bbox 3053 1843 3212 1913; x_wconf 82' lang='grc' dir='ltr'>ἄχρις</span> <span class='ocrx_word' id='word_1_254' title='bbox 3240 1843 3338 1912; x_wconf 84' lang='grc' dir='ltr'>τῆς</span> <span class='ocrx_word' id='word_1_255' title='bbox 3366 1841 3670 1912; x_wconf 83' lang='grc' dir='ltr'>Κυριακῆς.</span> 
     </span>
    </p>
   </div>
   <div class='ocr_carea' id='block_1_35' title="bbox 435 1917 1103 1974">
    <p class='ocr_par' dir='ltr' id='par_1_35' title="bbox 435 1917 1103 1974">
     <span class='ocr_line' id='line_1_36' title="bbox 435 1917 1103 1974; baseline 0 -2"><span class='ocrx_word' id='word_1_256' title='bbox 435 1917 804 1974; x_wconf 88' lang='lat' dir='ltr'><strong>Christianum</strong></span> <span class='ocrx_word' id='word_1_257' title='bbox 838 1918 1103 1974; x_wconf 82' lang='lat' dir='ltr'><strong>invenies.</strong></span> 
     </span>
    </p>
   </div>
   <div class='ocr_carea' id='block_1_36' title="bbox 590 2117 1834 2174">
    <p class='ocr_par' dir='ltr' id='par_1_36' title="bbox 590 2117 1834 2174">
     <span class='ocr_line' id='line_1_37' title="bbox 590 2117 1834 2174; baseline -0.001 -1"><span class='ocrx_word' id='word_1_258' title='bbox 590 2117 866 2174; x_wconf 75' lang='lat' dir='ltr'><strong>Methodus</strong></span> <span class='ocrx_word' id='word_1_259' title='bbox 894 2119 1185 2174; x_wconf 77' lang='lat' dir='ltr'><strong>Christiani</strong></span> <span class='ocrx_word' id='word_1_260' title='bbox 1213 2118 1491 2174; x_wconf 70' lang='lat' dir='ltr'><strong>Paschatis</strong></span> <span class='ocrx_word' id='word_1_261' title='bbox 1524 2120 1834 2174; x_wconf 79' lang='lat' dir='ltr'><strong>inveniendi.</strong></span> 
     </span>
    </p>
   </div>
   <div class='ocr_carea' id='block_1_37' title="bbox 508 2209 2001 2282">
    <p class='ocr_par' dir='ltr' id='par_1_37' title="bbox 508 2209 2001 2282">
     <span class='ocr_line' id='line_1_38' title="bbox 508 2209 2001 2282; baseline 0.001 -18"><span class='ocrx_word' id='word_1_262' title='bbox 508 2209 673 2265; x_wconf 90' lang='lat' dir='ltr'><strong>Sume</strong></span> <span class='ocrx_word' id='word_1_263' title='bbox 719 2212 928 2282; x_wconf 88' lang='lat' dir='ltr'><strong>cyclum</strong></span> <span class='ocrx_word' id='word_1_264' title='bbox 978 2212 1111 2266; x_wconf 90' lang='lat' dir='ltr'><strong>solis</strong></span> <span class='ocrx_word' id='word_1_265' title='bbox 1151 2211 1277 2265; x_wconf 89' lang='lat' dir='ltr'><strong>anni</strong></span> <span class='ocrx_word' id='word_1_266' title='bbox 1320 2211 1584 2282; x_wconf 90' lang='lat' dir='ltr'><strong>pr0positi</strong></span> <span class='ocrx_word' id='word_1_267' title='bbox 1617 2228 1631 2264; x_wconf 89' lang='lat'><strong>:</strong></span> <span class='ocrx_word' id='word_1_268' title='bbox 1667 2211 1794 2266; x_wconf 89' lang='lat' dir='ltr'><strong>huic</strong></span> <span class='ocrx_word' id='word_1_269' title='bbox 1825 2210 2001 2279; x_wconf 87' lang='lat' dir='ltr'><strong>adjice</strong></span> 
     </span>
    </p>
   </div>
   <div class='ocr_carea' id='block_1_38' title="bbox 434 2300 2000 2372">
    <p class='ocr_par' dir='ltr' id='par_1_38' title="bbox 434 2300 2000 2372">
     <span class='ocr_line' id='line_1_39' title="bbox 434 2300 2000 2372; baseline 0 -16"><span class='ocrx_word' id='word_1_270' title='bbox 434 2300 746 2356; x_wconf 71' lang='lat' dir='ltr'><strong>bissextiles</strong></span> <span class='ocrx_word' id='word_1_271' title='bbox 769 2303 1104 2372; x_wconf 62' lang='lat' dir='ltr'><strong>pra‘teritas;</strong></span> <span class='ocrx_word' id='word_1_272' title='bbox 1138 2303 1219 2357; x_wconf 84' lang='lat' dir='ltr'><strong>sic</strong></span> <span class='ocrx_word' id='word_1_273' title='bbox 1245 2311 1304 2356; x_wconf 86' lang='lat' dir='ltr'><strong>ut</strong></span> <span class='ocrx_word' id='word_1_274' title='bbox 1331 2303 1476 2356; x_wconf 85' lang='lat' dir='ltr'><strong>diem</strong></span> <span class='ocrx_word' id='word_1_275' title='bbox 1512 2319 1678 2356; x_wconf 91' lang='lat' dir='ltr'><strong>unum</strong></span> <span class='ocrx_word' id='word_1_276' title='bbox 1713 2319 1814 2372; x_wconf 93' lang='lat' dir='ltr'><strong>pro</strong></span> <span class='ocrx_word' id='word_1_277' title='bbox 1838 2303 2000 2357; x_wconf 89' lang='lat' dir='ltr'><strong>annis</strong></span> 
     </span>
    </p>
   </div>
   <div class='ocr_carea' id='block_1_39' title="bbox 435 2390 2001 2462">
    <p class='ocr_par' dir='ltr' id='par_1_39' title="bbox 435 2390 2001 2462">
     <span class='ocr_line' id='line_1_40' title="bbox 435 2390 2001 2462; baseline 0.002 -19"><span class='ocrx_word' id='word_1_278' title='bbox 435 2400 670 2460; x_wconf 85' lang='lat' dir='ltr'><strong>quatuor</strong></span> <span class='ocrx_word' id='word_1_279' title='bbox 730 2391 996 2461; x_wconf 84' lang='lat' dir='ltr'><strong>accipias.</strong></span> <span class='ocrx_word' id='word_1_280' title='bbox 1057 2390 1196 2444; x_wconf 81' lang='lat' dir='ltr'><strong>Tum</strong></span> <span class='ocrx_word' id='word_1_281' title='bbox 1247 2392 1294 2447; x_wconf 89' lang='lat' dir='ltr'><strong>si</strong></span> <span class='ocrx_word' id='word_1_282' title='bbox 1349 2390 1542 2448; x_wconf 83' lang='lat' dir='ltr'><strong>Martio</strong></span> <span class='ocrx_word' id='word_1_283' title='bbox 1589 2407 1778 2448; x_wconf 87' lang='lat' dir='ltr'><strong>mense</strong></span> <span class='ocrx_word' id='word_1_284' title='bbox 1829 2392 2001 2462; x_wconf 80' lang='lat' dir='ltr'><strong>legale</strong></span> 
     </span>
    </p>
   </div>
   <div class='ocr_carea' id='block_1_40' title="bbox 432 2480 1999 2554">
    <p class='ocr_par' dir='ltr' id='par_1_40' title="bbox 432 2480 1999 2554">
     <span class='ocr_line' id='line_1_41' title="bbox 432 2480 1999 2554; baseline 0.001 -18"><span class='ocrx_word' id='word_1_285' title='bbox 432 2480 642 2538; x_wconf 83' lang='lat' dir='ltr'><strong>Pascha</strong></span> <span class='ocrx_word' id='word_1_286' title='bbox 675 2484 976 2553; x_wconf 82' lang='lat' dir='ltr'><strong>contingat,</strong></span> <span class='ocrx_word' id='word_1_287' title='bbox 1011 2482 1150 2538; x_wconf 88' lang='lat' dir='ltr'><strong>adde</strong></span> <span class='ocrx_word' id='word_1_288' title='bbox 1187 2491 1408 2554; x_wconf 89' lang='lat' dir='ltr'><strong>epactas</strong></span> <span class='ocrx_word' id='word_1_289' title='bbox 1437 2483 1557 2553; x_wconf 91' lang='lat' dir='ltr'><strong>ejus</strong></span> <span class='ocrx_word' id='word_1_290' title='bbox 1595 2486 1854 2554; x_wconf 90' lang='lat' dir='ltr'><strong>quinque.</strong></span> <span class='ocrx_word' id='word_1_291' title='bbox 1901 2482 1999 2538; x_wconf 88' lang='lat' dir='ltr'><strong>Sin</strong></span> 
     </span>
    </p>
   </div>
   <div class='ocr_carea' id='block_1_41' title="bbox 433 2574 2001 2645">
    <p class='ocr_par' dir='ltr' id='par_1_41' title="bbox 433 2574 2001 2645">
     <span class='ocr_line' id='line_1_42' title="bbox 433 2574 2001 2645; baseline 0.002 -16"><span class='ocrx_word' id='word_1_292' title='bbox 433 2574 594 2629; x_wconf 87' lang='lat' dir='ltr'><strong>cadat</strong></span> <span class='ocrx_word' id='word_1_293' title='bbox 633 2575 688 2630; x_wconf 91' lang='lat' dir='ltr'><strong>in</strong></span> <span class='ocrx_word' id='word_1_294' title='bbox 721 2575 986 2644; x_wconf 83' lang='lat' dir='ltr'><strong>Aprilem,</strong></span> <span class='ocrx_word' id='word_1_295' title='bbox 1025 2576 1144 2645; x_wconf 88' lang='lat' dir='ltr'><strong>ejus</strong></span> <span class='ocrx_word' id='word_1_296' title='bbox 1189 2585 1437 2645; x_wconf 87' lang='lat' dir='ltr'><strong>epactau</strong></span> <span class='ocrx_word' id='word_1_297' title='bbox 1495 2591 1511 2630; x_wconf 90' lang='grc' dir='ltr'><strong>ι</strong></span> <span class='ocrx_word' id='word_1_298' title='bbox 1561 2576 1756 2644; x_wconf 85' lang='lat' dir='ltr'><strong>adjice.</strong></span> <span class='ocrx_word' id='word_1_299' title='bbox 1799 2575 2001 2632; x_wconf 81' lang='lat' dir='ltr'><strong>Conie-</strong></span> 
     </span>
    </p>
   </div>
   <div class='ocr_carea' id='block_1_42' title="bbox 433 2669 1997 2741">
    <p class='ocr_par' dir='ltr' id='par_1_42' title="bbox 433 2669 1997 2741">
     <span class='ocr_line' id='line_1_43' title="bbox 433 2669 1997 2741; baseline 0 -19"><span class='ocrx_word' id='word_1_300' title='bbox 433 2677 578 2722; x_wconf 89' lang='lat' dir='ltr'><strong>ctam</strong></span> <span class='ocrx_word' id='word_1_301' title='bbox 627 2685 895 2724; x_wconf 86' lang='lat' dir='ltr'><strong>summam</strong></span> <span class='ocrx_word' id='word_1_302' title='bbox 933 2669 1116 2725; x_wconf 85' lang='lat' dir='ltr'><strong>divide</strong></span> <span class='ocrx_word' id='word_1_303' title='bbox 1154 2687 1250 2741; x_wconf 90' lang='lat' dir='ltr'><strong>per</strong></span> <span class='ocrx_word' id='word_1_304' title='bbox 1296 2671 1348 2735; x_wconf 84' lang='lat'><strong>7,</strong></span> <span class='ocrx_word' id='word_1_305' title='bbox 1380 2670 1524 2740; x_wconf 87' lang='lat' dir='ltr'><strong>quod</strong></span> <span class='ocrx_word' id='word_1_306' title='bbox 1580 2671 1852 2739; x_wconf 89' lang='lat' dir='ltr'><strong>reliquum</strong></span> <span class='ocrx_word' id='word_1_307' title='bbox 1891 2674 1997 2734; x_wconf 86' lang='lat' dir='ltr'><strong>est,</strong></span> 
     </span>
    </p>
   </div>
   <div class='ocr_carea' id='block_1_43' title="bbox 434 2760 2000 2830">
    <p class='ocr_par' dir='ltr' id='par_1_43' title="bbox 434 2760 2000 2830">
     <span class='ocr_line' id='line_1_44' title="bbox 434 2760 2000 2830; baseline -0.003 -14"><span class='ocrx_word' id='word_1_308' title='bbox 434 2760 693 2818; x_wconf 81' lang='lat' dir='ltr'><strong>Kalendis</strong></span> <span class='ocrx_word' id='word_1_309' title='bbox 749 2763 954 2818; x_wconf 88' lang='lat' dir='ltr'><strong>mensis</strong></span> <span class='ocrx_word' id='word_1_310' title='bbox 998 2763 1146 2816; x_wconf 89' lang='lat' dir='ltr'><strong>illius</strong></span> <span class='ocrx_word' id='word_1_311' title='bbox 1204 2760 1396 2816; x_wconf 76' lang='lat' dir='ltr'><strong>feriam</strong></span> <span class='ocrx_word' id='word_1_312' title='bbox 1455 2761 1695 2826; x_wconf 77' lang='lat' dir='ltr'><strong>exhibet,</strong></span> <span class='ocrx_word' id='word_1_313' title='bbox 1741 2760 1797 2814; x_wconf 89' lang='lat' dir='ltr'><strong>in</strong></span> <span class='ocrx_word' id='word_1_314' title='bbox 1836 2774 2000 2830; x_wconf 89' lang='lat' dir='ltr'><strong>quem</strong></span> 
     </span>
    </p>
   </div>
   <div class='ocr_carea' id='block_1_44' title="bbox 435 2853 1994 2924">
    <p class='ocr_par' dir='ltr' id='par_1_44' title="bbox 435 2853 1994 2924">
     <span class='ocr_line' id='line_1_45' title="bbox 435 2853 1994 2924; baseline -0.001 -17"><span class='ocrx_word' id='word_1_315' title='bbox 435 2855 604 2920; x_wconf 75' lang='lat' dir='ltr'><strong>legale</strong></span> <span class='ocrx_word' id='word_1_316' title='bbox 641 2853 851 2910; x_wconf 87' lang='lat' dir='ltr'><strong>Pascha</strong></span> <span class='ocrx_word' id='word_1_317' title='bbox 885 2855 1165 2924; x_wconf 83' lang='lat' dir='ltr'><strong>competit.</strong></span> <span class='ocrx_word' id='word_1_318' title='bbox 1213 2853 1483 2922; x_wconf 87' lang='lat' dir='ltr'><strong>Deinceps</strong></span> <span class='ocrx_word' id='word_1_319' title='bbox 1515 2869 1646 2924; x_wconf 87' lang='lat' dir='ltr'><strong>ergo</strong></span> <span class='ocrx_word' id='word_1_320' title='bbox 1680 2853 1994 2908; x_wconf 86' lang='lat' dir='ltr'><strong>numerabis</strong></span> 
     </span>
    </p>
   </div>
   <div class='ocr_carea' id='block_1_45' title="bbox 432 2941 1998 3014">
    <p class='ocr_par' dir='ltr' id='par_1_45' title="bbox 432 2941 1998 3014">
     <span class='ocr_line' id='line_1_46' title="bbox 432 2941 1998 3014; baseline -0.004 -13"><span class='ocrx_word' id='word_1_321' title='bbox 432 2958 465 3001; x_wconf 71' lang='grc' dir='ltr'><strong>ι</strong></span> <span class='ocrx_word' id='word_1_322' title='bbox 494 2942 749 2998; x_wconf 82' lang='lat' dir='ltr'><strong>Kalendis</strong></span> <span class='ocrx_word' id='word_1_323' title='bbox 769 2944 924 3014; x_wconf 90' lang='lat' dir='ltr'><strong>ipsis,</strong></span> <span class='ocrx_word' id='word_1_324' title='bbox 955 2951 1016 2998; x_wconf 90' lang='lat' dir='ltr'><strong>ut</strong></span> <span class='ocrx_word' id='word_1_325' title='bbox 1046 2943 1291 2998; x_wconf 83' lang='lat' dir='ltr'><strong>invenias</strong></span> <span class='ocrx_word' id='word_1_326' title='bbox 1315 2957 1476 3012; x_wconf 90' lang='lat' dir='ltr'><strong>quam</strong></span> <span class='ocrx_word' id='word_1_327' title='bbox 1510 2942 1564 2996; x_wconf 91' lang='lat' dir='ltr'><strong>in</strong></span> <span class='ocrx_word' id='word_1_328' title='bbox 1591 2941 1783 2997; x_wconf 81' lang='lat' dir='ltr'><strong>feriam</strong></span> <span class='ocrx_word' id='word_1_329' title='bbox 1813 2943 1998 2997; x_wconf 86' lang='lat' dir='ltr'><strong>incur-</strong></span> 
     </span>
    </p>
   </div>
   <div class='ocr_carea' id='block_1_46' title="bbox 432 3032 1998 3106">
    <p class='ocr_par' dir='ltr' id='par_1_46' title="bbox 432 3032 1998 3106">
     <span class='ocr_line' id='line_1_47' title="bbox 432 3032 1998 3106; baseline 0.001 -18"><span class='ocrx_word' id='word_1_330' title='bbox 432 3043 519 3088; x_wconf 89' lang='lat' dir='ltr'><strong>rat</strong></span> <span class='ocrx_word' id='word_1_331' title='bbox 547 3035 710 3106; x_wconf 85' lang='lat' dir='ltr'><strong>legale</strong></span> <span class='ocrx_word' id='word_1_332' title='bbox 743 3033 974 3090; x_wconf 85' lang='lat' dir='ltr'><strong>Pascha.</strong></span> <span class='ocrx_word' id='word_1_333' title='bbox 1007 3032 1062 3087; x_wconf 88' lang='lat' dir='ltr'><strong>ld</strong></span> <span class='ocrx_word' id='word_1_334' title='bbox 1099 3035 1190 3090; x_wconf 90' lang='lat' dir='ltr'><strong>ubi</strong></span> <span class='ocrx_word' id='word_1_335' title='bbox 1217 3035 1328 3090; x_wconf 90' lang='lat' dir='ltr'><strong>eris</strong></span> <span class='ocrx_word' id='word_1_336' title='bbox 1357 3043 1664 3098; x_wconf 87' lang='lat' dir='ltr'><strong>assecutus,</strong></span> <span class='ocrx_word' id='word_1_337' title='bbox 1701 3034 1746 3088; x_wconf 93' lang='lat' dir='ltr'><strong>si</strong></span> <span class='ocrx_word' id='word_1_338' title='bbox 1778 3033 1998 3104; x_wconf 89' lang='lat' dir='ltr'><strong>quidem</strong></span> 
     </span>
    </p>
   </div>
   <div class='ocr_carea' id='block_1_47' title="bbox 433 3124 1996 3196">
    <p class='ocr_par' dir='ltr' id='par_1_47' title="bbox 433 3124 1996 3196">
     <span class='ocr_line' id='line_1_48' title="bbox 433 3124 1996 3196; baseline -0.001 -17"><span class='ocrx_word' id='word_1_339' title='bbox 433 3124 715 3182; x_wconf 87' lang='lat' dir='ltr'><strong>Dominica</strong></span> <span class='ocrx_word' id='word_1_340' title='bbox 759 3127 852 3191; x_wconf 90' lang='lat' dir='ltr'><strong>sit,</strong></span> <span class='ocrx_word' id='word_1_341' title='bbox 902 3127 1231 3196; x_wconf 87' lang='lat' dir='ltr'><strong>progredere</strong></span> <span class='ocrx_word' id='word_1_342' title='bbox 1277 3141 1450 3194; x_wconf 88' lang='lat' dir='ltr'><strong>usque</strong></span> <span class='ocrx_word' id='word_1_343' title='bbox 1491 3125 1558 3181; x_wconf 90' lang='lat' dir='ltr'><strong>ad</strong></span> <span class='ocrx_word' id='word_1_344' title='bbox 1617 3125 1996 3196; x_wconf 89' lang='lat' dir='ltr'><strong>insequentem</strong></span> 
     </span>
    </p>
   </div>
   <div class='ocr_carea' id='block_1_48' title="bbox 434 3215 1999 3294">
    <p class='ocr_par' dir='ltr' id='par_1_48' title="bbox 434 3215 1999 3294">
     <span class='ocr_line' id='line_1_49' title="bbox 434 3215 1999 3294; baseline -0.003 -22"><span class='ocrx_word' id='word_1_345' title='bbox 434 3221 662 3274; x_wconf 82' lang='lat' dir='ltr'><strong>alteram</strong></span> <span class='ocrx_word' id='word_1_346' title='bbox 708 3217 1068 3274; x_wconf 86' lang='lat' dir='ltr'><strong>Dominicam.</strong></span> <span class='ocrx_word' id='word_1_347' title='bbox 1116 3216 1174 3273; x_wconf 86' lang='lat' dir='ltr'><strong>In</strong></span> <span class='ocrx_word' id='word_1_348' title='bbox 1241 3233 1305 3272; x_wconf 86' lang='lat' dir='ltr'><strong>ea</strong></span> <span class='ocrx_word' id='word_1_349' title='bbox 1357 3216 1733 3272; x_wconf 87' lang='lat' dir='ltr'><strong>Christianum</strong></span> <span class='ocrx_word' id='word_1_350' title='bbox 1786 3215 1999 3294; x_wconf 81' lang='lat' dir='ltr'><strong>accidet</strong></span> 
     </span>
    </p>
   </div>
   <div class='ocr_carea' id='block_1_49' title="bbox 431 3310 2000 3378">
    <p class='ocr_par' dir='ltr' id='par_1_49' title="bbox 431 3310 2000 3378">
     <span class='ocr_line' id='line_1_50' title="bbox 431 3310 2000 3378; baseline -0.003 -11"><span class='ocrx_word' id='word_1_351' title='bbox 431 3310 642 3367; x_wconf 87' lang='lat' dir='ltr'><strong>Pascha</strong></span> <span class='ocrx_word' id='word_1_352' title='bbox 716 3310 772 3366; x_wconf 90' lang='lat' dir='ltr'><strong>Si</strong></span> <span class='ocrx_word' id='word_1_353' title='bbox 826 3311 960 3367; x_wconf 78' lang='lat' dir='ltr'><strong>feria</strong></span> <span class='ocrx_word' id='word_1_354' title='bbox 1013 3328 1052 3367; x_wconf 88' lang='grc' dir='ltr'><strong>ιι</strong></span> <span class='ocrx_word' id='word_1_355' title='bbox 1098 3313 1211 3378; x_wconf 90' lang='lat' dir='ltr'><strong>sit,</strong></span> <span class='ocrx_word' id='word_1_356' title='bbox 1262 3327 1372 3366; x_wconf 89' lang='lat' dir='ltr'><strong>non</strong></span> <span class='ocrx_word' id='word_1_357' title='bbox 1419 3312 1601 3367; x_wconf 88' lang='lat' dir='ltr'><strong>minus</strong></span> <span class='ocrx_word' id='word_1_358' title='bbox 1642 3312 1748 3368; x_wconf 89' lang='lat' dir='ltr'><strong>erit</strong></span> <span class='ocrx_word' id='word_1_359' title='bbox 1788 3310 2000 3366; x_wconf 86' lang='lat' dir='ltr'><strong>Pascha</strong></span> 
     </span>
    </p>
   </div>
   <div class='ocr_carea' id='block_1_50' title="bbox 433 3399 1998 3472">
    <p class='ocr_par' dir='ltr' id='par_1_50' title="bbox 433 3399 1998 3472">
     <span class='ocr_line' id='line_1_51' title="bbox 433 3399 1998 3472; baseline 0 -17"><span class='ocrx_word' id='word_1_360' title='bbox 433 3403 679 3472; x_wconf 78' lang='lat' dir='ltr'><strong>proxima</strong></span> <span class='ocrx_word' id='word_1_361' title='bbox 709 3399 1011 3466; x_wconf 79' lang='lat' dir='ltr'><strong>Dominiea,</strong></span> <span class='ocrx_word' id='word_1_362' title='bbox 1053 3411 1219 3472; x_wconf 88' lang='lat' dir='ltr'><strong>atque</strong></span> <span class='ocrx_word' id='word_1_363' title='bbox 1253 3401 1328 3456; x_wconf 88' lang='lat' dir='ltr'><strong>ita</strong></span> <span class='ocrx_word' id='word_1_364' title='bbox 1362 3416 1526 3470; x_wconf 91' lang='lat' dir='ltr'><strong>porro</strong></span> <span class='ocrx_word' id='word_1_365' title='bbox 1552 3417 1725 3471; x_wconf 91' lang='lat' dir='ltr'><strong>usque</strong></span> <span class='ocrx_word' id='word_1_366' title='bbox 1755 3400 1824 3455; x_wconf 83' lang='lat' dir='ltr'><strong>ad</strong></span> <span class='ocrx_word' id='word_1_367' title='bbox 1857 3399 1998 3455; x_wconf 90' lang='lat' dir='ltr'><strong>Sab-</strong></span> 
     </span>
    </p>
   </div>
   <div class='ocr_carea' id='block_1_51' title="bbox 432 3489 1996 3550">
    <p class='ocr_par' dir='ltr' id='par_1_51' title="bbox 432 3489 1996 3550">
     <span class='ocr_line' id='line_1_52' title="bbox 432 3489 1996 3550; baseline -0.003 -2"><span class='ocrx_word' id='word_1_368' title='bbox 432 3495 639 3548; x_wconf 82' lang='lat' dir='ltr'><strong>batum.</strong></span> <span class='ocrx_word' id='word_1_369' title='bbox 669 3493 880 3550; x_wconf 83' lang='lat' dir='ltr'><strong>Etenim</strong></span> <span class='ocrx_word' id='word_1_370' title='bbox 909 3495 964 3548; x_wconf 91' lang='lat' dir='ltr'><strong>in</strong></span> <span class='ocrx_word' id='word_1_371' title='bbox 989 3493 1234 3549; x_wconf 88' lang='lat' dir='ltr'><strong>eamdem</strong></span> <span class='ocrx_word' id='word_1_372' title='bbox 1265 3491 1660 3547; x_wconf 88' lang='lat' dir='ltr'><strong>hebdomadem</strong></span> <span class='ocrx_word' id='word_1_373' title='bbox 1691 3491 1854 3546; x_wconf 90' lang='lat' dir='ltr'><strong>ambo</strong></span> <span class='ocrx_word' id='word_1_374' title='bbox 1890 3489 1996 3544; x_wconf 84' lang='lat' dir='ltr'><strong>Pa-</strong></span> 
     </span>
    </p>
   </div>
   <div class='ocr_carea' id='block_1_52' title="bbox 433 3582 1853 3648">
    <p class='ocr_par' dir='ltr' id='par_1_52' title="bbox 433 3582 1853 3648">
     <span class='ocr_line' id='line_1_53' title="bbox 433 3582 1853 3648; baseline -0.004 -7"><span class='ocrx_word' id='word_1_375' title='bbox 433 3585 625 3641; x_wconf 84' lang='lat' dir='ltr'><strong>schata</strong></span> <span class='ocrx_word' id='word_1_376' title='bbox 663 3594 1022 3648; x_wconf 89' lang='lat' dir='ltr'><strong>concurrunt,</strong></span> <span class='ocrx_word' id='word_1_377' title='bbox 1060 3599 1168 3640; x_wconf 92' lang='lat' dir='ltr'><strong>non</strong></span> <span class='ocrx_word' id='word_1_378' title='bbox 1195 3592 1378 3638; x_wconf 90' lang='lat' dir='ltr'><strong>tamen</strong></span> <span class='ocrx_word' id='word_1_379' title='bbox 1406 3587 1656 3639; x_wconf 90' lang='lat' dir='ltr'><strong>eumdem</strong></span> <span class='ocrx_word' id='word_1_380' title='bbox 1687 3582 1853 3638; x_wconf 91' lang='lat' dir='ltr'><strong>diem.</strong></span> 
     </span>
    </p>
   </div>
   <div class='ocr_carea' id='block_1_53' title="bbox 503 3674 1999 3744">
    <p class='ocr_par' dir='ltr' id='par_1_53' title="bbox 503 3674 1999 3744">
     <span class='ocr_line' id='line_1_54' title="bbox 503 3674 1999 3744; baseline -0.003 -11"><span class='ocrx_word' id='word_1_381' title='bbox 503 3677 612 3733; x_wconf 87' lang='lat' dir='ltr'><strong>Sed</strong></span> <span class='ocrx_word' id='word_1_382' title='bbox 660 3678 793 3732; x_wconf 89' lang='lat' dir='ltr'><strong>illud</strong></span> <span class='ocrx_word' id='word_1_383' title='bbox 840 3676 1121 3734; x_wconf 88' lang='lat' dir='ltr'><strong>sciendum</strong></span> <span class='ocrx_word' id='word_1_384' title='bbox 1158 3685 1263 3740; x_wconf 86' lang='lat' dir='ltr'><strong>est,</strong></span> <span class='ocrx_word' id='word_1_385' title='bbox 1305 3674 1762 3744; x_wconf 88' lang='lat' dir='ltr'><strong>quemadmodum</strong></span> <span class='ocrx_word' id='word_1_386' title='bbox 1795 3681 1999 3743; x_wconf 69' lang='lat' dir='ltr'><strong>epactze</strong></span> 
     </span>
    </p>
   </div>
   <div class='ocr_carea' id='block_1_54' title="bbox 432 3765 1995 3825">
    <p class='ocr_par' dir='ltr' id='par_1_54' title="bbox 432 3765 1995 3825">
     <span class='ocr_line' id='line_1_55' title="bbox 432 3765 1995 3825; baseline -0.003 -3"><span class='ocrx_word' id='word_1_387' title='bbox 432 3776 726 3825; x_wconf 62' lang='lat' dir='ltr'><strong>menstrua:</strong></span> <span class='ocrx_word' id='word_1_388' title='bbox 771 3768 1029 3822; x_wconf 78' lang='lat' dir='ltr'><strong>conﬂant.</strong></span> <span class='ocrx_word' id='word_1_389' title='bbox 1077 3766 1267 3822; x_wconf 85' lang='lat' dir='ltr'><strong>Annus</strong></span> <span class='ocrx_word' id='word_1_390' title='bbox 1297 3765 1491 3820; x_wconf 89' lang='lat' dir='ltr'><strong>diebus</strong></span> <span class='ocrx_word' id='word_1_391' title='bbox 1531 3771 1747 3820; x_wconf 87' lang='lat' dir='ltr'><strong>constat</strong></span> <span class='ocrx_word' id='word_1_392' title='bbox 1773 3779 1995 3820; x_wconf 79' lang='lat' dir='ltr'><strong>cccuv.</strong></span> 
     </span>
    </p>
   </div>
   <div class='ocr_carea' id='block_1_55' title="bbox 429 3855 1998 3932">
    <p class='ocr_par' dir='ltr' id='par_1_55' title="bbox 429 3855 1998 3932">
     <span class='ocr_line' id='line_1_56' title="bbox 429 3855 1998 3932; baseline -0.004 -13"><span class='ocrx_word' id='word_1_393' title='bbox 429 3861 539 3927; x_wconf 64' lang='lat' dir='ltr'><strong>Eae,</strong></span> <span class='ocrx_word' id='word_1_394' title='bbox 575 3877 672 3932; x_wconf 91' lang='lat' dir='ltr'><strong>per</strong></span> <span class='ocrx_word' id='word_1_395' title='bbox 708 3877 785 3914; x_wconf 86' lang='lat' dir='ltr'><strong>vu</strong></span> <span class='ocrx_word' id='word_1_396' title='bbox 825 3860 1034 3924; x_wconf 72' lang='lat' dir='ltr'><strong>divisae,</strong></span> <span class='ocrx_word' id='word_1_397' title='bbox 1070 3875 1232 3914; x_wconf 87' lang='lat' dir='ltr'><strong>unam</strong></span> <span class='ocrx_word' id='word_1_398' title='bbox 1277 3858 1420 3912; x_wconf 90' lang='lat' dir='ltr'><strong>diem</strong></span> <span class='ocrx_word' id='word_1_399' title='bbox 1461 3857 1798 3927; x_wconf 89' lang='lat' dir='ltr'><strong>relinquunt.</strong></span> <span class='ocrx_word' id='word_1_400' title='bbox 1844 3855 1998 3912; x_wconf 81' lang='lat' dir='ltr'><strong>Hanc</strong></span> 
     </span>
    </p>
   </div>
   <div class='ocr_carea' id='block_1_56' title="bbox 429 3951 1996 4027">
    <p class='ocr_par' dir='ltr' id='par_1_56' title="bbox 429 3951 1996 4027">
     <span class='ocr_line' id='line_1_57' title="bbox 429 3951 1996 4027; baseline -0.002 -15"><span class='ocrx_word' id='word_1_401' title='bbox 429 3959 597 4027; x_wconf 83' lang='lat' dir='ltr'><strong>igitur</strong></span> <span class='ocrx_word' id='word_1_402' title='bbox 643 3955 848 4023; x_wconf 90' lang='lat' dir='ltr'><strong>addito,</strong></span> <span class='ocrx_word' id='word_1_403' title='bbox 897 3970 1108 4010; x_wconf 88' lang='lat' dir='ltr'><strong>necnon</strong></span> <span class='ocrx_word' id='word_1_404' title='bbox 1149 3970 1218 4009; x_wconf 82' lang='lat' dir='ltr'><strong>ex</strong></span> <span class='ocrx_word' id='word_1_405' title='bbox 1264 3953 1487 4009; x_wconf 88' lang='lat' dir='ltr'><strong>Octobri</strong></span> <span class='ocrx_word' id='word_1_406' title='bbox 1525 3959 1668 4016; x_wconf 78' lang='lat' dir='ltr'><strong>tres,</strong></span> <span class='ocrx_word' id='word_1_407' title='bbox 1724 3951 1861 4008; x_wconf 81' lang='lat' dir='ltr'><strong>ﬁunt</strong></span> <span class='ocrx_word' id='word_1_408' title='bbox 1920 3968 1996 4009; x_wconf 83' lang='lat' dir='ltr'><strong>tv.</strong></span> 
     </span>
    </p>
   </div>
   <div class='ocr_carea' id='block_1_57' title="bbox 432 4043 1998 4117">
    <p class='ocr_par' dir='ltr' id='par_1_57' title="bbox 432 4043 1998 4117">
     <span class='ocr_line' id='line_1_58' title="bbox 432 4043 1998 4117; baseline -0.001 -15"><span class='ocrx_word' id='word_1_409' title='bbox 432 4049 544 4105; x_wconf 84' lang='lat' dir='ltr'><strong>llas</strong></span> <span class='ocrx_word' id='word_1_410' title='bbox 587 4048 874 4103; x_wconf 82' lang='lat' dir='ltr'><strong>Novembri</strong></span> <span class='ocrx_word' id='word_1_411' title='bbox 903 4047 1095 4117; x_wconf 84' lang='lat' dir='ltr'><strong>adjice.</strong></span> <span class='ocrx_word' id='word_1_412' title='bbox 1132 4046 1360 4102; x_wconf 85' lang='lat' dir='ltr'><strong>Easdem</strong></span> <span class='ocrx_word' id='word_1_413' title='bbox 1391 4060 1584 4101; x_wconf 89' lang='lat' dir='ltr'><strong>rursus</strong></span> <span class='ocrx_word' id='word_1_414' title='bbox 1611 4061 1747 4115; x_wconf 89' lang='lat' dir='ltr'><strong>auge</strong></span> <span class='ocrx_word' id='word_1_415' title='bbox 1784 4043 1998 4100; x_wconf 88' lang='lat' dir='ltr'><strong>duabus</strong></span> 
     </span>
    </p>
   </div>
   <div class='ocr_carea' id='block_1_58' title="bbox 428 4135 1994 4207">
    <p class='ocr_par' dir='ltr' id='par_1_58' title="bbox 428 4135 1994 4207">
     <span class='ocr_line' id='line_1_59' title="bbox 428 4135 1994 4207; baseline -0.002 -16"><span class='ocrx_word' id='word_1_416' title='bbox 428 4155 459 4191; x_wconf 83' lang='lat' dir='ltr'><strong>e</strong></span> <span class='ocrx_word' id='word_1_417' title='bbox 505 4137 797 4194; x_wconf 86' lang='lat' dir='ltr'><strong>Novembri</strong></span> <span class='ocrx_word' id='word_1_418' title='bbox 851 4139 1050 4207; x_wconf 88' lang='lat' dir='ltr'><strong>captis,</strong></span> <span class='ocrx_word' id='word_1_419' title='bbox 1126 4136 1256 4191; x_wconf 85' lang='lat' dir='ltr'><strong>ﬁent</strong></span> <span class='ocrx_word' id='word_1_420' title='bbox 1303 4151 1358 4190; x_wconf 78' lang='grc' dir='ltr'><strong>νι</strong></span> <span class='ocrx_word' id='word_1_421' title='bbox 1403 4144 1608 4206; x_wconf 57' lang='lat' dir='ltr'><strong>epactas</strong></span> <span class='ocrx_word' id='word_1_422' title='bbox 1660 4135 1994 4192; x_wconf 86' lang='lat' dir='ltr'><strong>Decembris.</strong></span> 
     </span>
    </p>
   </div>
   <div class='ocr_carea' id='block_1_59' title="bbox 427 4226 1994 4296">
    <p class='ocr_par' dir='ltr' id='par_1_59' title="bbox 427 4226 1994 4296">
     <span class='ocr_line' id='line_1_60' title="bbox 427 4226 1994 4296; baseline -0.001 -14"><span class='ocrx_word' id='word_1_423' title='bbox 427 4229 641 4296; x_wconf 80' lang='lat' dir='ltr'><strong>Quibus</strong></span> <span class='ocrx_word' id='word_1_424' title='bbox 679 4228 941 4284; x_wconf 87' lang='lat' dir='ltr'><strong>accedant</strong></span> <span class='ocrx_word' id='word_1_425' title='bbox 973 4234 1134 4283; x_wconf 90' lang='lat' dir='ltr'><strong>trese</strong></span> <span class='ocrx_word' id='word_1_426' title='bbox 1157 4226 1464 4291; x_wconf 90' lang='lat' dir='ltr'><strong>Decembri,</strong></span> <span class='ocrx_word' id='word_1_427' title='bbox 1495 4236 1547 4281; x_wconf 88' lang='lat' dir='ltr'><strong>et</strong></span> <span class='ocrx_word' id='word_1_428' title='bbox 1581 4241 1645 4281; x_wconf 83' lang='lat' dir='ltr'><strong>ex</strong></span> <span class='ocrx_word' id='word_1_429' title='bbox 1679 4241 1888 4281; x_wconf 90' lang='lat' dir='ltr'><strong>summa</strong></span> <span class='ocrx_word' id='word_1_430' title='bbox 1920 4243 1994 4291; x_wconf 79' lang='lat' dir='ltr'><strong>ix,</strong></span> 
     </span>
    </p>
   </div>
   <div class='ocr_carea' id='block_1_60' title="bbox 428 4315 1996 4390">
    <p class='ocr_par' dir='ltr' id='par_1_60' title="bbox 428 4315 1996 4390">
     <span class='ocr_line' id='line_1_61' title="bbox 428 4315 1996 4390; baseline -0.002 -16"><span class='ocrx_word' id='word_1_431' title='bbox 428 4319 605 4390; x_wconf 86' lang='lat' dir='ltr'><strong>abjiee</strong></span> <span class='ocrx_word' id='word_1_432' title='bbox 635 4337 733 4382; x_wconf 87' lang='lat' dir='ltr'><strong>vn,</strong></span> <span class='ocrx_word' id='word_1_433' title='bbox 774 4327 981 4374; x_wconf 88' lang='lat' dir='ltr'><strong>restant</strong></span> <span class='ocrx_word' id='word_1_434' title='bbox 1010 4319 1141 4382; x_wconf 90' lang='lat' dir='ltr'><strong>duo,</strong></span> <span class='ocrx_word' id='word_1_435' title='bbox 1176 4328 1381 4389; x_wconf 76' lang='lat' dir='ltr'><strong>epacta:</strong></span> <span class='ocrx_word' id='word_1_436' title='bbox 1409 4315 1675 4372; x_wconf 88' lang='lat' dir='ltr'><strong>Januarii.</strong></span> <span class='ocrx_word' id='word_1_437' title='bbox 1709 4317 1862 4372; x_wconf 84' lang='lat' dir='ltr'><strong>Adde</strong></span> <span class='ocrx_word' id='word_1_438' title='bbox 1891 4317 1996 4371; x_wconf 86' lang='lat' dir='ltr'><strong>tria</strong></span> 
     </span>
    </p>
   </div>
   <div class='ocr_carea' id='block_1_61' title="bbox 427 4407 1995 4479">
    <p class='ocr_par' dir='ltr' id='par_1_61' title="bbox 427 4407 1995 4479">
     <span class='ocr_line' id='line_1_62' title="bbox 427 4407 1995 4479; baseline -0.001 -14"><span class='ocrx_word' id='word_1_439' title='bbox 427 4412 498 4465; x_wconf 89' lang='lat' dir='ltr'><strong>ob</strong></span> <span class='ocrx_word' id='word_1_440' title='bbox 539 4409 881 4472; x_wconf 68' lang='lat' dir='ltr'><strong>Ianuarium.</strong></span> <span class='ocrx_word' id='word_1_441' title='bbox 928 4410 1194 4465; x_wconf 81' lang='lat' dir='ltr'><strong>exsislent</strong></span> <span class='ocrx_word' id='word_1_442' title='bbox 1237 4426 1270 4464; x_wconf 94' lang='lat' dir='ltr'><strong>v</strong></span> <span class='ocrx_word' id='word_1_443' title='bbox 1300 4416 1503 4477; x_wconf 74' lang='lat' dir='ltr'><strong>epacta:</strong></span> <span class='ocrx_word' id='word_1_444' title='bbox 1531 4407 1833 4472; x_wconf 82' lang='lat' dir='ltr'><strong>Februarii,</strong></span> <span class='ocrx_word' id='word_1_445' title='bbox 1873 4424 1995 4479; x_wconf 60' lang='lat' dir='ltr'><strong>quae</strong></span> 
     </span>
    </p>
   </div>
   <div class='ocr_carea' id='block_1_62' title="bbox 424 4499 1994 4572">
    <p class='ocr_par' dir='ltr' id='par_1_62' title="bbox 424 4499 1994 4572">
     <span class='ocr_line' id='line_1_63' title="bbox 424 4499 1994 4572; baseline 0.001 -16"><span class='ocrx_word' id='word_1_446' title='bbox 424 4511 479 4557; x_wconf 68' lang='lat' dir='ltr'><strong>et</strong></span> <span class='ocrx_word' id='word_1_447' title='bbox 507 4503 700 4557; x_wconf 76' lang='lat' dir='ltr'><strong>Martio</strong></span> <span class='ocrx_word' id='word_1_448' title='bbox 744 4511 1073 4572; x_wconf 86' lang='lat' dir='ltr'><strong>congruunt.</strong></span> <span class='ocrx_word' id='word_1_449' title='bbox 1120 4499 1238 4556; x_wconf 82' lang='lat' dir='ltr'><strong>Jam</strong></span> <span class='ocrx_word' id='word_1_450' title='bbox 1279 4500 1347 4555; x_wconf 87' lang='lat' dir='ltr'><strong>ad</strong></span> <span class='ocrx_word' id='word_1_451' title='bbox 1381 4517 1414 4556; x_wconf 81' lang='grc' dir='ltr'><strong>ν</strong></span> <span class='ocrx_word' id='word_1_452' title='bbox 1455 4502 1588 4556; x_wconf 82' lang='lat' dir='ltr'><strong>istas</strong></span> <span class='ocrx_word' id='word_1_453' title='bbox 1631 4501 1809 4556; x_wconf 76' lang='lat' dir='ltr'><strong>Martii</strong></span> <span class='ocrx_word' id='word_1_454' title='bbox 1857 4501 1994 4557; x_wconf 88' lang='lat' dir='ltr'><strong>adde</strong></span> 
     </span>
    </p>
   </div>
   <div class='ocr_carea' id='block_1_63' title="bbox 427 4591 1994 4662">
    <p class='ocr_par' dir='ltr' id='par_1_63' title="bbox 427 4591 1994 4662">
     <span class='ocr_line' id='line_1_64' title="bbox 427 4591 1994 4662; baseline -0.001 -17"><span class='ocrx_word' id='word_1_455' title='bbox 427 4602 560 4647; x_wconf 87' lang='lat' dir='ltr'><strong>tres.</strong></span> <span class='ocrx_word' id='word_1_456' title='bbox 583 4591 924 4662; x_wconf 84' lang='lat' dir='ltr'><strong>Colliguntur</strong></span> <span class='ocrx_word' id='word_1_457' title='bbox 950 4608 1069 4654; x_wconf 85' lang='lat' dir='ltr'><strong>vm,</strong></span> <span class='ocrx_word' id='word_1_458' title='bbox 1103 4607 1133 4646; x_wconf 90' lang='lat' dir='ltr'><strong>e</strong></span> <span class='ocrx_word' id='word_1_459' title='bbox 1167 4593 1367 4661; x_wconf 87' lang='lat' dir='ltr'><strong>quibus</strong></span> <span class='ocrx_word' id='word_1_460' title='bbox 1409 4592 1668 4646; x_wconf 86' lang='lat' dir='ltr'><strong>detractis</strong></span> <span class='ocrx_word' id='word_1_461' title='bbox 1694 4607 1793 4654; x_wconf 83' lang='lat' dir='ltr'><strong>vn,</strong></span> <span class='ocrx_word' id='word_1_462' title='bbox 1829 4591 1994 4645; x_wconf 87' lang='lat' dir='ltr'><strong>relin-</strong></span> 
     </span>
    </p>
   </div>
   <div class='ocr_carea' id='block_1_64' title="bbox 429 4681 1992 4752">
    <p class='ocr_par' dir='ltr' id='par_1_64' title="bbox 429 4681 1992 4752">
     <span class='ocr_line' id='line_1_65' title="bbox 429 4681 1992 4752; baseline -0.001 -18"><span class='ocrx_word' id='word_1_463' title='bbox 429 4682 618 4750; x_wconf 88' lang='lat' dir='ltr'><strong>quitur</strong></span> <span class='ocrx_word' id='word_1_464' title='bbox 664 4697 679 4735; x_wconf 91' lang='grc' dir='ltr'><strong>ι</strong></span> <span class='ocrx_word' id='word_1_465' title='bbox 728 4681 932 4751; x_wconf 80' lang='lat' dir='ltr'><strong>Aprilis</strong></span> <span class='ocrx_word' id='word_1_466' title='bbox 977 4691 1184 4751; x_wconf 89' lang='lat' dir='ltr'><strong>epacta.</strong></span> <span class='ocrx_word' id='word_1_467' title='bbox 1235 4682 1318 4736; x_wconf 87' lang='lat' dir='ltr'><strong>0b</strong></span> <span class='ocrx_word' id='word_1_468' title='bbox 1369 4682 1609 4752; x_wconf 87' lang='lat' dir='ltr'><strong>Aprilem</strong></span> <span class='ocrx_word' id='word_1_469' title='bbox 1666 4681 1803 4737; x_wconf 88' lang='lat' dir='ltr'><strong>adde</strong></span> <span class='ocrx_word' id='word_1_470' title='bbox 1839 4681 1992 4746; x_wconf 92' lang='lat' dir='ltr'><strong>duo,</strong></span> 
     </span>
    </p>
   </div>
   <div class='ocr_carea' id='block_1_65' title="bbox 431 4773 1991 4844">
    <p class='ocr_par' dir='ltr' id='par_1_65' title="bbox 431 4773 1991 4844">
     <span class='ocr_line' id='line_1_66' title="bbox 431 4773 1991 4844; baseline 0.001 -18"><span class='ocrx_word' id='word_1_471' title='bbox 431 4775 558 4828; x_wconf 85' lang='lat' dir='ltr'><strong>lient</strong></span> <span class='ocrx_word' id='word_1_472' title='bbox 583 4773 707 4835; x_wconf 91' lang='lat' dir='ltr'><strong>tria,</strong></span> <span class='ocrx_word' id='word_1_473' title='bbox 733 4782 939 4842; x_wconf 69' lang='lat' dir='ltr'><strong>epacta:</strong></span> <span class='ocrx_word' id='word_1_474' title='bbox 975 4773 1100 4827; x_wconf 87' lang='lat' dir='ltr'><strong>Maii</strong></span> <span class='ocrx_word' id='word_1_475' title='bbox 1137 4791 1151 4828; x_wconf 91' lang='lat'><strong>:</strong></span> <span class='ocrx_word' id='word_1_476' title='bbox 1194 4775 1285 4844; x_wconf 88' lang='lat' dir='ltr'><strong>qui</strong></span> <span class='ocrx_word' id='word_1_477' title='bbox 1315 4775 1516 4829; x_wconf 87' lang='lat' dir='ltr'><strong>additis</strong></span> <span class='ocrx_word' id='word_1_478' title='bbox 1546 4774 1743 4836; x_wconf 91' lang='lat' dir='ltr'><strong>tribus,</strong></span> <span class='ocrx_word' id='word_1_479' title='bbox 1771 4781 1991 4843; x_wconf 90' lang='lat' dir='ltr'><strong>epactas</strong></span> 
     </span>
    </p>
   </div>
   <div class='ocr_carea' id='block_1_66' title="bbox 425 4862 1992 4935">
    <p class='ocr_par' dir='ltr' id='par_1_66' title="bbox 425 4862 1992 4935">
     <span class='ocr_line' id='line_1_67' title="bbox 425 4862 1992 4935; baseline 0.001 -17"><span class='ocrx_word' id='word_1_480' title='bbox 425 4862 556 4918; x_wconf 76' lang='lat' dir='ltr'><strong>facit</strong></span> <span class='ocrx_word' id='word_1_481' title='bbox 578 4863 724 4918; x_wconf 81' lang='lat' dir='ltr'><strong>Junii</strong></span> <span class='ocrx_word' id='word_1_482' title='bbox 767 4879 842 4918; x_wconf 84' lang='lat' dir='ltr'><strong>vl.</strong></span> <span class='ocrx_word' id='word_1_483' title='bbox 871 4864 1098 4920; x_wconf 86' lang='lat' dir='ltr'><strong>Accedit</strong></span> <span class='ocrx_word' id='word_1_484' title='bbox 1130 4865 1354 4920; x_wconf 89' lang='lat' dir='ltr'><strong>biduum</strong></span> <span class='ocrx_word' id='word_1_485' title='bbox 1385 4875 1606 4935; x_wconf 85' lang='lat' dir='ltr'><strong>propter</strong></span> <span class='ocrx_word' id='word_1_486' title='bbox 1643 4865 1890 4928; x_wconf 88' lang='lat' dir='ltr'><strong>Junium,</strong></span> <span class='ocrx_word' id='word_1_487' title='bbox 1937 4875 1992 4920; x_wconf 90' lang='lat' dir='ltr'><strong>et</strong></span> 
     </span>
    </p>
   </div>
   <div class='ocr_carea' id='block_1_67' title="bbox 422 4954 1988 5026">
    <p class='ocr_par' dir='ltr' id='par_1_67' title="bbox 422 4954 1988 5026">
     <span class='ocr_line' id='line_1_68' title="bbox 422 4954 1988 5026; baseline 0.001 -18"><span class='ocrx_word' id='word_1_488' title='bbox 422 4971 488 5009; x_wconf 82' lang='lat' dir='ltr'><strong>ex</strong></span> <span class='ocrx_word' id='word_1_489' title='bbox 544 4970 758 5012; x_wconf 89' lang='lat' dir='ltr'><strong>summa</strong></span> <span class='ocrx_word' id='word_1_490' title='bbox 801 4973 893 5010; x_wconf 88' lang='lat' dir='ltr'><strong>vm</strong></span> <span class='ocrx_word' id='word_1_491' title='bbox 937 4956 1172 5026; x_wconf 90' lang='lat' dir='ltr'><strong>demptis</strong></span> <span class='ocrx_word' id='word_1_492' title='bbox 1207 4973 1304 5020; x_wconf 83' lang='lat' dir='ltr'><strong>vn,</strong></span> <span class='ocrx_word' id='word_1_493' title='bbox 1336 4965 1507 5011; x_wconf 90' lang='lat' dir='ltr'><strong>restat</strong></span> <span class='ocrx_word' id='word_1_494' title='bbox 1549 4973 1565 5010; x_wconf 93' lang='grc' dir='ltr'><strong>ι</strong></span> <span class='ocrx_word' id='word_1_495' title='bbox 1599 4954 1727 5010; x_wconf 82' lang='lat' dir='ltr'><strong>Julii</strong></span> <span class='ocrx_word' id='word_1_496' title='bbox 1775 4964 1988 5026; x_wconf 91' lang='lat' dir='ltr'><strong>epacta.</strong></span> 
     </span>
    </p>
   </div>
   <div class='ocr_carea' id='block_1_68' title="bbox 425 5045 1994 5118">
    <p class='ocr_par' dir='ltr' id='par_1_68' title="bbox 425 5045 1994 5118">
     <span class='ocr_line' id='line_1_69' title="bbox 425 5045 1994 5118; baseline 0.002 -20"><span class='ocrx_word' id='word_1_497' title='bbox 425 5045 562 5100; x_wconf 87' lang='lat' dir='ltr'><strong>Tum</strong></span> <span class='ocrx_word' id='word_1_498' title='bbox 623 5055 846 5117; x_wconf 90' lang='lat' dir='ltr'><strong>propter</strong></span> <span class='ocrx_word' id='word_1_499' title='bbox 903 5047 1105 5102; x_wconf 84' lang='lat' dir='ltr'><strong>Julium</strong></span> <span class='ocrx_word' id='word_1_500' title='bbox 1175 5047 1454 5116; x_wconf 89' lang='lat' dir='ltr'><strong>adjunctis</strong></span> <span class='ocrx_word' id='word_1_501' title='bbox 1506 5048 1724 5109; x_wconf 85' lang='lat' dir='ltr'><strong>tribus.</strong></span> <span class='ocrx_word' id='word_1_502' title='bbox 1787 5057 1994 5118; x_wconf 55' lang='lat' dir='ltr'><strong>epactas</strong></span> 
     </span>
    </p>
   </div>
   <div class='ocr_carea' id='block_1_69' title="bbox 423 5137 1994 5210">
    <p class='ocr_par' dir='ltr' id='par_1_69' title="bbox 423 5137 1994 5210">
     <span class='ocr_line' id='line_1_70' title="bbox 423 5137 1994 5210; baseline 0.003 -18"><span class='ocrx_word' id='word_1_503' title='bbox 423 5137 561 5193; x_wconf 82' lang='lat' dir='ltr'><strong>ﬂunt</strong></span> <span class='ocrx_word' id='word_1_504' title='bbox 585 5139 811 5210; x_wconf 89' lang='lat' dir='ltr'><strong>Augusti</strong></span> <span class='ocrx_word' id='word_1_505' title='bbox 845 5157 916 5194; x_wconf 80' lang='lat' dir='ltr'><strong>iv.</strong></span> <span class='ocrx_word' id='word_1_506' title='bbox 949 5140 1228 5210; x_wconf 90' lang='lat' dir='ltr'><strong>Augustus</strong></span> <span class='ocrx_word' id='word_1_507' title='bbox 1255 5141 1443 5208; x_wconf 85' lang='lat' dir='ltr'><strong>adjicit</strong></span> <span class='ocrx_word' id='word_1_508' title='bbox 1469 5141 1592 5203; x_wconf 87' lang='lat' dir='ltr'><strong>tria,</strong></span> <span class='ocrx_word' id='word_1_509' title='bbox 1627 5157 1800 5210; x_wconf 87' lang='lat' dir='ltr'><strong>eoque</strong></span> <span class='ocrx_word' id='word_1_510' title='bbox 1833 5139 1994 5196; x_wconf 84' lang='lat' dir='ltr'><strong>modo</strong></span> 
     </span>
    </p>
   </div>
   <div class='ocr_carea' id='block_1_70' title="bbox 421 5232 1993 5303">
    <p class='ocr_par' dir='ltr' id='par_1_70' title="bbox 421 5232 1993 5303">
     <span class='ocr_line' id='line_1_71' title="bbox 421 5232 1993 5303; baseline 0.003 -20"><span class='ocrx_word' id='word_1_511' title='bbox 421 5246 497 5284; x_wconf 83' lang='lat' dir='ltr'><strong>vn</strong></span> <span class='ocrx_word' id='word_1_512' title='bbox 519 5241 861 5301; x_wconf 88' lang='lat' dir='ltr'><strong>consurgunt</strong></span> <span class='ocrx_word' id='word_1_513' title='bbox 883 5241 1086 5302; x_wconf 71' lang='lat' dir='ltr'><strong>epactaa</strong></span> <span class='ocrx_word' id='word_1_514' title='bbox 1115 5232 1470 5303; x_wconf 73' lang='lat' dir='ltr'><strong>Septembris.</strong></span> <span class='ocrx_word' id='word_1_515' title='bbox 1506 5232 1661 5288; x_wconf 82' lang='lat' dir='ltr'><strong>Hune</strong></span> <span class='ocrx_word' id='word_1_516' title='bbox 1691 5234 1746 5288; x_wconf 94' lang='lat' dir='ltr'><strong>in</strong></span> <span class='ocrx_word' id='word_1_517' title='bbox 1773 5235 1993 5288; x_wconf 89' lang='lat' dir='ltr'><strong>modum</strong></span> 
     </span>
    </p>
   </div>
   <div class='ocr_carea' id='block_1_71' title="bbox 421 5321 1996 5395">
    <p class='ocr_par' dir='ltr' id='par_1_71' title="bbox 421 5321 1996 5395">
     <span class='ocr_line' id='line_1_72' title="bbox 421 5321 1996 5395; baseline 0.004 -22"><span class='ocrx_word' id='word_1_518' title='bbox 421 5321 726 5390; x_wconf 83' lang='lat' dir='ltr'><strong>explicatur</strong></span> <span class='ocrx_word' id='word_1_519' title='bbox 768 5332 1083 5392; x_wconf 88' lang='lat' dir='ltr'><strong>epactarum</strong></span> <span class='ocrx_word' id='word_1_520' title='bbox 1125 5323 1484 5395; x_wconf 85' lang='lat' dir='ltr'><strong>propagatio;</strong></span> <span class='ocrx_word' id='word_1_521' title='bbox 1517 5339 1638 5395; x_wconf 72' lang='lat' dir='ltr'><strong>quae</strong></span> <span class='ocrx_word' id='word_1_522' title='bbox 1670 5324 1996 5395; x_wconf 91' lang='lat' dir='ltr'><strong>compendio</strong></span> 
     </span>
    </p>
   </div>
   <div class='ocr_carea' id='block_1_72' title="bbox 420 5411 871 5484">
    <p class='ocr_par' dir='ltr' id='par_1_72' title="bbox 420 5411 871 5484">
     <span class='ocr_line' id='line_1_73' title="bbox 420 5411 871 5484; baseline 0.002 -19"><span class='ocrx_word' id='word_1_523' title='bbox 420 5411 496 5465; x_wconf 85' lang='lat' dir='ltr'><strong>ita</strong></span> <span class='ocrx_word' id='word_1_524' title='bbox 527 5414 871 5484; x_wconf 87' lang='lat' dir='ltr'><strong>proponitur.</strong></span> 
     </span>
    </p>
   </div>
   <div class='ocr_carea' id='block_1_73' title="bbox 2101 1931 3674 2008">
    <p class='ocr_par' dir='ltr' id='par_1_73' title="bbox 2101 1931 3674 2008">
     <span class='ocr_line' id='line_1_74' title="bbox 2101 1931 3674 2008; baseline -0.001 -20"><span class='ocrx_word' id='word_1_525' title='bbox 2101 1935 2244 1990; x_wconf 76' lang='grc' dir='ltr'>καθὰ</span> <span class='ocrx_word' id='word_1_526' title='bbox 2290 1935 2593 2008; x_wconf 78' lang='grc' dir='ltr'>ἐδιδάχθης,</span> <span class='ocrx_word' id='word_1_527' title='bbox 2645 1937 2741 1990; x_wconf 80' lang='grc' dir='ltr'>καὶ</span> <span class='ocrx_word' id='word_1_528' title='bbox 2786 1937 3039 2008; x_wconf 80' lang='grc' dir='ltr'>εὑρήσεις</span> <span class='ocrx_word' id='word_1_529' title='bbox 3077 1935 3140 1988; x_wconf 84' lang='grc' dir='ltr'><strong>τὸ</strong></span> <span class='ocrx_word' id='word_1_530' title='bbox 3187 1933 3296 1988; x_wconf 87' lang='grc' dir='ltr'>τῶν</span> <span class='ocrx_word' id='word_1_531' title='bbox 3335 1931 3674 2006; x_wconf 82' lang='grc' dir='ltr'><strong>Χριστιανῶν</strong></span> 
     </span>
    </p>
   </div>
   <div class='ocr_carea' id='block_1_74' title="bbox 2099 2027 2316 2097">
    <p class='ocr_par' dir='ltr' id='par_1_74' title="bbox 2099 2027 2316 2097">
     <span class='ocr_line' id='line_1_75' title="bbox 2099 2027 2316 2097; baseline 0 -17"><span class='ocrx_word' id='word_1_532' title='bbox 2099 2027 2292 2097; x_wconf 87' lang='grc' dir='ltr'>Πάσχα</span> <span class='ocrx_word' id='word_1_533' title='bbox 2303 2066 2316 2080; x_wconf 95' lang='grc'><strong>.</strong></span> 
     </span>
    </p>
   </div>
   <div class='ocr_carea' id='block_1_75' title="bbox 2276 2115 3497 2186">
    <p class='ocr_par' dir='ltr' id='par_1_75' title="bbox 2276 2115 3497 2186">
     <span class='ocr_line' id='line_1_76' title="bbox 2276 2115 3497 2186; baseline -0.002 -13"><span class='ocrx_word' id='word_1_534' title='bbox 2276 2121 2382 2184; x_wconf 83' lang='grc' dir='ltr'>Είς</span> <span class='ocrx_word' id='word_1_535' title='bbox 2425 2119 2493 2172; x_wconf 84' lang='grc' dir='ltr'>τὸ</span> <span class='ocrx_word' id='word_1_536' title='bbox 2531 2118 2730 2186; x_wconf 81' lang='grc' dir='ltr'><strong>εὑρεῖν</strong></span> <span class='ocrx_word' id='word_1_537' title='bbox 2769 2117 2834 2171; x_wconf 85' lang='grc' dir='ltr'>τὸ</span> <span class='ocrx_word' id='word_1_538' title='bbox 2871 2115 3229 2186; x_wconf 76' lang='grc' dir='ltr'><strong>Χριστιανὸν</strong></span> <span class='ocrx_word' id='word_1_539' title='bbox 3263 2115 3497 2185; x_wconf 84' lang='grc' dir='ltr'>Πάσχα.</span> 
     </span>
    </p>
   </div>
   <div class='ocr_carea' id='block_1_76' title="bbox 2169 2204 3671 2283">
    <p class='ocr_par' dir='ltr' id='par_1_76' title="bbox 2169 2204 3671 2283">
     <span class='ocr_line' id='line_1_77' title="bbox 2169 2204 3671 2283; baseline -0.003 -19"><span class='ocrx_word' id='word_1_540' title='bbox 2169 2211 2458 2283; x_wconf 83' lang='grc' dir='ltr'>Κράτησον</span> <span class='ocrx_word' id='word_1_541' title='bbox 2484 2211 2575 2265; x_wconf 79' lang='grc' dir='ltr'><strong>τοῦ</strong></span> <span class='ocrx_word' id='word_1_542' title='bbox 2605 2211 3032 2282; x_wconf 75' lang='grc' dir='ltr'>ὲπιζητουμένου</span> <span class='ocrx_word' id='word_1_543' title='bbox 3063 2209 3216 2273; x_wconf 82' lang='grc' dir='ltr'><strong>ἔτους</strong></span> <span class='ocrx_word' id='word_1_544' title='bbox 3241 2207 3332 2262; x_wconf 74' lang='grc' dir='ltr'>τὸν</span> <span class='ocrx_word' id='word_1_545' title='bbox 3363 2207 3558 2262; x_wconf 80' lang='grc' dir='ltr'><strong>κύκλον</strong></span> <span class='ocrx_word' id='word_1_546' title='bbox 3579 2204 3671 2260; x_wconf 81' lang='grc' dir='ltr'><strong>τοῦ</strong></span> 
     </span>
    </p>
   </div>
   <div class='ocr_carea' id='block_1_77' title="bbox 2099 2301 3667 2376">
    <p class='ocr_par' dir='ltr' id='par_1_77' title="bbox 2099 2301 3667 2376">
     <span class='ocr_line' id='line_1_78' title="bbox 2099 2301 3667 2376; baseline -0.002 -20"><span class='ocrx_word' id='word_1_547' title='bbox 2099 2304 2251 2376; x_wconf 74' lang='grc' dir='ltr'>ἡλίου</span> <span class='ocrx_word' id='word_1_548' title='bbox 2273 2321 2289 2337; x_wconf 75' lang='grc' dir='ltr'><strong>ο</strong></span> <span class='ocrx_word' id='word_1_549' title='bbox 2324 2303 2560 2374; x_wconf 80' lang='grc' dir='ltr'>πρόσθες</span> <span class='ocrx_word' id='word_1_550' title='bbox 2589 2303 2646 2357; x_wconf 88' lang='grc' dir='ltr'><strong>δὲ</strong></span> <span class='ocrx_word' id='word_1_551' title='bbox 2671 2304 2766 2357; x_wconf 73' lang='grc' dir='ltr'><strong>καὶ</strong></span> <span class='ocrx_word' id='word_1_552' title='bbox 2795 2303 2865 2359; x_wconf 68' lang='grc' dir='ltr'><strong>τὰ</strong></span> <span class='ocrx_word' id='word_1_553' title='bbox 2892 2302 3228 2375; x_wconf 82' lang='grc' dir='ltr'>παρελθόντα</span> <span class='ocrx_word' id='word_1_554' title='bbox 3250 2301 3494 2372; x_wconf 84' lang='grc' dir='ltr'>βισεξτα·</span> <span class='ocrx_word' id='word_1_555' title='bbox 3517 2317 3667 2354; x_wconf 75' lang='grc' dir='ltr'>τουτο</span> 
     </span>
    </p>
   </div>
   <div class='ocr_carea' id='block_1_78' title="bbox 2100 2392 3673 2469">
    <p class='ocr_par' dir='ltr' id='par_1_78' title="bbox 2100 2392 3673 2469">
     <span class='ocr_line' id='line_1_79' title="bbox 2100 2392 3673 2469; baseline -0.004 -18"><span class='ocrx_word' id='word_1_556' title='bbox 2100 2401 2216 2452; x_wconf 75' lang='grc' dir='ltr'><strong>ἐστι</strong></span> <span class='ocrx_word' id='word_1_557' title='bbox 2255 2397 2394 2451; x_wconf 86' lang='grc' dir='ltr'>κατὰ</span> <span class='ocrx_word' id='word_1_558' title='bbox 2434 2398 2474 2450; x_wconf 83' lang='grc' dir='ltr'><strong>δ’</strong></span> <span class='ocrx_word' id='word_1_559' title='bbox 2514 2398 2745 2460; x_wconf 76' lang='grc' dir='ltr'>κύκλους</span> <span class='ocrx_word' id='word_1_560' title='bbox 2777 2397 2990 2469; x_wconf 83' lang='grc' dir='ltr'><strong>ἡμέραν</strong></span> <span class='ocrx_word' id='word_1_561' title='bbox 3032 2403 3100 2450; x_wconf 88' lang='grc' dir='ltr'>α’.</span> <span class='ocrx_word' id='word_1_562' title='bbox 3124 2392 3240 2449; x_wconf 81' lang='grc' dir='ltr'><strong>Εἶθ’</strong></span> <span class='ocrx_word' id='word_1_563' title='bbox 3267 2394 3458 2456; x_wconf 80' lang='grc' dir='ltr'>οὕτως,</span> <span class='ocrx_word' id='word_1_564' title='bbox 3491 2395 3540 2446; x_wconf 84' lang='grc' dir='ltr'><strong>εἰ</strong></span> <span class='ocrx_word' id='word_1_565' title='bbox 3575 2393 3673 2462; x_wconf 86' lang='grc' dir='ltr'><strong>μέν</strong></span> 
     </span>
    </p>
   </div>
   <div class='ocr_carea' id='block_1_79' title="bbox 2099 2485 3673 2559">
    <p class='ocr_par' dir='ltr' id='par_1_79' title="bbox 2099 2485 3673 2559">
     <span class='ocr_line' id='line_1_80' title="bbox 2099 2485 3673 2559; baseline -0.004 -18"><span class='ocrx_word' id='word_1_566' title='bbox 2099 2489 2218 2541; x_wconf 77' lang='grc' dir='ltr'><strong>ἐστι</strong></span> <span class='ocrx_word' id='word_1_567' title='bbox 2240 2489 2302 2541; x_wconf 87' lang='grc' dir='ltr'><strong>τὸ</strong></span> <span class='ocrx_word' id='word_1_568' title='bbox 2321 2487 2541 2559; x_wconf 79' lang='grc' dir='ltr'><strong>νομικὸν</strong></span> <span class='ocrx_word' id='word_1_569' title='bbox 2574 2489 2765 2558; x_wconf 87' lang='grc' dir='ltr'>Πάσχα</span> <span class='ocrx_word' id='word_1_570' title='bbox 2801 2490 2882 2552; x_wconf 82' lang='grc' dir='ltr'><strong>είς</strong></span> <span class='ocrx_word' id='word_1_571' title='bbox 2910 2487 3003 2541; x_wconf 83' lang='grc' dir='ltr'><strong>τὸν</strong></span> <span class='ocrx_word' id='word_1_572' title='bbox 3033 2487 3278 2557; x_wconf 84' lang='grc' dir='ltr'><strong>Μάρτιον</strong></span> <span class='ocrx_word' id='word_1_573' title='bbox 3310 2486 3474 2557; x_wconf 77' lang='grc' dir='ltr'>μῆνα,</span> <span class='ocrx_word' id='word_1_574' title='bbox 3503 2485 3673 2555; x_wconf 84' lang='grc' dir='ltr'>πρόσ-</span> 
     </span>
    </p>
   </div>
   <div class='ocr_carea' id='block_1_80' title="bbox 2099 2575 3671 2647">
    <p class='ocr_par' dir='ltr' id='par_1_80' title="bbox 2099 2575 3671 2647">
     <span class='ocr_line' id='line_1_81' title="bbox 2099 2575 3671 2647; baseline -0.004 -14"><span class='ocrx_word' id='word_1_575' title='bbox 2099 2579 2191 2645; x_wconf 90' lang='grc' dir='ltr'><strong>θες</strong></span> <span class='ocrx_word' id='word_1_576' title='bbox 2222 2581 2319 2645; x_wconf 83' lang='grc' dir='ltr'>τὰς</span> <span class='ocrx_word' id='word_1_577' title='bbox 2353 2581 2596 2646; x_wconf 78' lang='grc' dir='ltr'>ὲπακτὰς</span> <span class='ocrx_word' id='word_1_578' title='bbox 2628 2580 2791 2634; x_wconf 82' lang='grc' dir='ltr'>αὐτοῦ</span> <span class='ocrx_word' id='word_1_579' title='bbox 2816 2587 2890 2633; x_wconf 85' lang='grc' dir='ltr'><strong>ε’·</strong></span> <span class='ocrx_word' id='word_1_580' title='bbox 2918 2582 2965 2634; x_wconf 78' lang='grc' dir='ltr'><strong>ει</strong></span> <span class='ocrx_word' id='word_1_581' title='bbox 2997 2579 3055 2633; x_wconf 86' lang='grc' dir='ltr'><strong>δέ</strong></span> <span class='ocrx_word' id='word_1_582' title='bbox 3087 2582 3232 2632; x_wconf 72' lang='grc' dir='ltr'>ἐστιν</span> <span class='ocrx_word' id='word_1_583' title='bbox 3260 2579 3340 2642; x_wconf 83' lang='grc' dir='ltr'><strong>είς</strong></span> <span class='ocrx_word' id='word_1_584' title='bbox 3372 2577 3462 2630; x_wconf 85' lang='grc' dir='ltr'><strong>τὸν</strong></span> <span class='ocrx_word' id='word_1_585' title='bbox 3496 2575 3671 2647; x_wconf 86' lang='grc' dir='ltr'>Ἀπρί-</span> 
     </span>
    </p>
   </div>
   <div class='ocr_carea' id='block_1_81' title="bbox 2099 2665 3672 2744">
    <p class='ocr_par' dir='ltr' id='par_1_81' title="bbox 2099 2665 3672 2744">
     <span class='ocr_line' id='line_1_82' title="bbox 2099 2665 3672 2744; baseline -0.004 -19"><span class='ocrx_word' id='word_1_586' title='bbox 2099 2672 2233 2736; x_wconf 86' lang='grc' dir='ltr'>λιον,</span> <span class='ocrx_word' id='word_1_587' title='bbox 2285 2673 2519 2744; x_wconf 85' lang='grc' dir='ltr'>πρόσθες</span> <span class='ocrx_word' id='word_1_588' title='bbox 2566 2678 2614 2725; x_wconf 84' lang='grc' dir='ltr'><strong>α’</strong></span> <span class='ocrx_word' id='word_1_589' title='bbox 2662 2671 2759 2742; x_wconf 77' lang='grc' dir='ltr'>τὴν</span> <span class='ocrx_word' id='word_1_590' title='bbox 2815 2669 2979 2724; x_wconf 83' lang='grc' dir='ltr'>αὐτοῦ</span> <span class='ocrx_word' id='word_1_591' title='bbox 3031 2669 3296 2738; x_wconf 74' lang='grc' dir='ltr'>ὲπακτήν.</span> <span class='ocrx_word' id='word_1_592' title='bbox 3337 2665 3572 2729; x_wconf 80' lang='grc' dir='ltr'>Ένώσας</span> <span class='ocrx_word' id='word_1_593' title='bbox 3615 2665 3672 2718; x_wconf 72' lang='grc' dir='ltr'><strong>δὲ</strong></span> 
     </span>
    </p>
   </div>
   <div class='ocr_carea' id='block_1_82' title="bbox 2101 2757 3670 2827">
    <p class='ocr_par' dir='ltr' id='par_1_82' title="bbox 2101 2757 3670 2827">
     <span class='ocr_line' id='line_1_83' title="bbox 2101 2757 3670 2827; baseline -0.004 -10"><span class='ocrx_word' id='word_1_594' title='bbox 2101 2765 2301 2827; x_wconf 90' lang='grc' dir='ltr'>πάντα,</span> <span class='ocrx_word' id='word_1_595' title='bbox 2337 2763 2602 2818; x_wconf 88' lang='grc' dir='ltr'><strong>ἀνάλυσον</strong></span> <span class='ocrx_word' id='word_1_596' title='bbox 2637 2763 2724 2817; x_wconf 85' lang='grc' dir='ltr'><strong>διὰ</strong></span> <span class='ocrx_word' id='word_1_597' title='bbox 2756 2761 2863 2815; x_wconf 91' lang='grc' dir='ltr'>τῶν</span> <span class='ocrx_word' id='word_1_598' title='bbox 2897 2760 2941 2824; x_wconf 82' lang='grc' dir='ltr'><strong>ζ’</strong></span> <span class='ocrx_word' id='word_1_599' title='bbox 2961 2777 2975 2791; x_wconf 91' lang='grc'><strong>·</strong></span> <span class='ocrx_word' id='word_1_600' title='bbox 3009 2761 3104 2814; x_wconf 76' lang='grc' dir='ltr'>καὶ</span> <span class='ocrx_word' id='word_1_601' title='bbox 3145 2760 3214 2813; x_wconf 81' lang='grc' dir='ltr'>τά</span> <span class='ocrx_word' id='word_1_602' title='bbox 3239 2760 3482 2812; x_wconf 85' lang='grc' dir='ltr'>κάτωθεν</span> <span class='ocrx_word' id='word_1_603' title='bbox 3505 2759 3611 2811; x_wconf 86' lang='grc' dir='ltr'><strong>τῶν</strong></span> <span class='ocrx_word' id='word_1_604' title='bbox 3627 2757 3670 2820; x_wconf 78' lang='grc' dir='ltr'><strong>ζ’</strong></span> 
     </span>
    </p>
   </div>
   <div class='ocr_carea' id='block_1_83' title="bbox 2099 2843 3671 2926">
    <p class='ocr_par' dir='ltr' id='par_1_83' title="bbox 2099 2843 3671 2926">
     <span class='ocr_line' id='line_1_84' title="bbox 2099 2843 3671 2926; baseline -0.003 -19"><span class='ocrx_word' id='word_1_605' title='bbox 2099 2854 2316 2926; x_wconf 74' lang='grc' dir='ltr'>δηλοῦσι</span> <span class='ocrx_word' id='word_1_606' title='bbox 2348 2855 2444 2924; x_wconf 84' lang='grc' dir='ltr'><strong>τὴν</strong></span> <span class='ocrx_word' id='word_1_607' title='bbox 2491 2853 2818 2924; x_wconf 82' lang='grc' dir='ltr'>άρχιμηνίαν</span> <span class='ocrx_word' id='word_1_608' title='bbox 2847 2851 2939 2904; x_wconf 82' lang='grc' dir='ltr'><strong>τού</strong></span> <span class='ocrx_word' id='word_1_609' title='bbox 2990 2851 3176 2922; x_wconf 80' lang='grc' dir='ltr'>μηνὸς,</span> <span class='ocrx_word' id='word_1_610' title='bbox 3206 2851 3262 2901; x_wconf 76' lang='grc' dir='ltr'>ἐν</span> <span class='ocrx_word' id='word_1_611' title='bbox 3306 2843 3351 2916; x_wconf 82' lang='grc' dir='ltr'>ᾧ</span> <span class='ocrx_word' id='word_1_612' title='bbox 3383 2850 3588 2918; x_wconf 85' lang='grc' dir='ltr'>γίνεται</span> <span class='ocrx_word' id='word_1_613' title='bbox 3612 2845 3671 2901; x_wconf 78' lang='grc' dir='ltr'>τὸ</span> 
     </span>
    </p>
   </div>
   <div class='ocr_carea' id='block_1_84' title="bbox 2099 2940 3671 3016">
    <p class='ocr_par' dir='ltr' id='par_1_84' title="bbox 2099 2940 3671 3016">
     <span class='ocr_line' id='line_1_85' title="bbox 2099 2940 3671 3016; baseline -0.003 -18"><span class='ocrx_word' id='word_1_614' title='bbox 2099 2945 2322 3016; x_wconf 82' lang='grc' dir='ltr'>νομικὸν</span> <span class='ocrx_word' id='word_1_615' title='bbox 2349 2946 2562 3015; x_wconf 80' lang='grc' dir='ltr'>Πάσχα.</span> <span class='ocrx_word' id='word_1_616' title='bbox 2589 2942 2702 2997; x_wconf 74' lang='grc' dir='ltr'><strong>Εἶθ’</strong></span> <span class='ocrx_word' id='word_1_617' title='bbox 2730 2943 2901 3007; x_wconf 75' lang='grc' dir='ltr'>οὕτως</span> <span class='ocrx_word' id='word_1_618' title='bbox 2933 2942 3236 3014; x_wconf 84' lang='grc' dir='ltr'>ἁρίθμησον</span> <span class='ocrx_word' id='word_1_619' title='bbox 3262 2942 3355 2994; x_wconf 76' lang='grc' dir='ltr'><strong>ἀπ’</strong></span> <span class='ocrx_word' id='word_1_620' title='bbox 3377 2942 3545 3010; x_wconf 77' lang='grc' dir='ltr'>αὐτῆς</span> <span class='ocrx_word' id='word_1_621' title='bbox 3574 2940 3671 3009; x_wconf 87' lang='grc' dir='ltr'>τῆς</span> 
     </span>
    </p>
   </div>
   <div class='ocr_carea' id='block_1_85' title="bbox 2098 3031 3672 3110">
    <p class='ocr_par' dir='ltr' id='par_1_85' title="bbox 2098 3031 3672 3110">
     <span class='ocr_line' id='line_1_86' title="bbox 2098 3031 3672 3110; baseline -0.004 -18"><span class='ocrx_word' id='word_1_622' title='bbox 2098 3036 2444 3110; x_wconf 82' lang='grc' dir='ltr'>ἀρχιμηνίας,</span> <span class='ocrx_word' id='word_1_623' title='bbox 2490 3038 2637 3102; x_wconf 85' lang='grc' dir='ltr'>ὅπως</span> <span class='ocrx_word' id='word_1_624' title='bbox 2681 3035 2846 3110; x_wconf 77' lang='grc' dir='ltr'>εὕρῃς</span> <span class='ocrx_word' id='word_1_625' title='bbox 2890 3037 2948 3088; x_wconf 80' lang='grc' dir='ltr'>ἐν</span> <span class='ocrx_word' id='word_1_626' title='bbox 2985 3034 3114 3108; x_wconf 82' lang='grc' dir='ltr'>ποίᾳ</span> <span class='ocrx_word' id='word_1_627' title='bbox 3150 3035 3332 3106; x_wconf 71' lang='grc' dir='ltr'><strong>ἡμέρᾳ</strong></span> <span class='ocrx_word' id='word_1_628' title='bbox 3367 3035 3574 3102; x_wconf 88' lang='grc' dir='ltr'>γίνεται</span> <span class='ocrx_word' id='word_1_629' title='bbox 3610 3031 3672 3085; x_wconf 83' lang='grc' dir='ltr'><strong>τὸ</strong></span> 
     </span>
    </p>
   </div>
   <div class='ocr_carea' id='block_1_86' title="bbox 2098 3124 3673 3197">
    <p class='ocr_par' dir='ltr' id='par_1_86' title="bbox 2098 3124 3673 3197">
     <span class='ocr_line' id='line_1_87' title="bbox 2098 3124 3673 3197; baseline -0.004 -16"><span class='ocrx_word' id='word_1_630' title='bbox 2098 3128 2316 3197; x_wconf 85' lang='grc' dir='ltr'><strong>νομικὸν</strong></span> <span class='ocrx_word' id='word_1_631' title='bbox 2358 3128 2566 3197; x_wconf 81' lang='grc' dir='ltr'>Πάσχα.</span> <span class='ocrx_word' id='word_1_632' title='bbox 2607 3127 2772 3180; x_wconf 78' lang='grc' dir='ltr'>Ἐπὰν</span> <span class='ocrx_word' id='word_1_633' title='bbox 2813 3126 2867 3179; x_wconf 82' lang='grc' dir='ltr'><strong>δὲ</strong></span> <span class='ocrx_word' id='word_1_634' title='bbox 2893 3125 3057 3197; x_wconf 82' lang='grc' dir='ltr'>εὕρῃς</span> <span class='ocrx_word' id='word_1_635' title='bbox 3095 3125 3280 3195; x_wconf 79' lang='grc' dir='ltr'>αὐτὴν,</span> <span class='ocrx_word' id='word_1_636' title='bbox 3326 3126 3376 3178; x_wconf 80' lang='grc' dir='ltr'><strong>εί</strong></span> <span class='ocrx_word' id='word_1_637' title='bbox 3425 3124 3523 3194; x_wconf 86' lang='grc' dir='ltr'><strong>μὲν</strong></span> <span class='ocrx_word' id='word_1_638' title='bbox 3560 3124 3673 3177; x_wconf 79' lang='grc' dir='ltr'><strong>Κυ-</strong></span> 
     </span>
    </p>
   </div>
   <div class='ocr_carea' id='block_1_87' title="bbox 2108 3216 3667 3290">
    <p class='ocr_par' dir='ltr' id='par_1_87' title="bbox 2108 3216 3667 3290">
     <span class='ocr_line' id='line_1_88' title="bbox 2108 3216 3667 3290; baseline -0.003 -18"><span class='ocrx_word' id='word_1_639' title='bbox 2108 3220 2266 3290; x_wconf 83' lang='grc' dir='ltr'>ριακὴ</span> <span class='ocrx_word' id='word_1_640' title='bbox 2313 3219 2422 3289; x_wconf 81' lang='grc' dir='ltr'>εἴη.</span> <span class='ocrx_word' id='word_1_641' title='bbox 2452 3219 2638 3274; x_wconf 83' lang='grc' dir='ltr'>ἄνελθε</span> <span class='ocrx_word' id='word_1_642' title='bbox 2683 3221 2761 3282; x_wconf 80' lang='grc' dir='ltr'><strong>εἰς</strong></span> <span class='ocrx_word' id='word_1_643' title='bbox 2805 3219 2902 3289; x_wconf 80' lang='grc' dir='ltr'><strong>τὴν</strong></span> <span class='ocrx_word' id='word_1_644' title='bbox 2947 3217 3322 3290; x_wconf 79' lang='grc' dir='ltr'><strong>ἐπερχομένην</strong></span> <span class='ocrx_word' id='word_1_645' title='bbox 3351 3216 3667 3287; x_wconf 83' lang='grc' dir='ltr'><strong>Κυριακὴν”</strong></span> 
     </span>
    </p>
   </div>
   <div class='ocr_carea' id='block_1_88' title="bbox 2101 3307 3672 3382">
    <p class='ocr_par' dir='ltr' id='par_1_88' title="bbox 2101 3307 3672 3382">
     <span class='ocr_line' id='line_1_89' title="bbox 2101 3307 3672 3382; baseline -0.001 -18"><span class='ocrx_word' id='word_1_646' title='bbox 2101 3313 2322 3364; x_wconf 77' lang='grc' dir='ltr'>κάκεῖσε</span> <span class='ocrx_word' id='word_1_647' title='bbox 2370 3307 2437 3382; x_wconf 82' lang='grc' dir='ltr'>ἦν</span> <span class='ocrx_word' id='word_1_648' title='bbox 2474 3311 2535 3364; x_wconf 78' lang='grc' dir='ltr'><strong>τὸ</strong></span> <span class='ocrx_word' id='word_1_649' title='bbox 2596 3311 2935 3382; x_wconf 81' lang='grc' dir='ltr'><strong>Χριστιανῶν</strong></span> <span class='ocrx_word' id='word_1_650' title='bbox 2989 3312 3214 3381; x_wconf 83' lang='grc' dir='ltr'>Πάσχα·</span> <span class='ocrx_word' id='word_1_651' title='bbox 3262 3312 3311 3362; x_wconf 80' lang='grc' dir='ltr'><strong>εί</strong></span> <span class='ocrx_word' id='word_1_652' title='bbox 3351 3309 3407 3362; x_wconf 87' lang='grc' dir='ltr'><strong>δὲ</strong></span> <span class='ocrx_word' id='word_1_653' title='bbox 3445 3307 3672 3378; x_wconf 81' lang='grc' dir='ltr'>δευτέρα</span> 
     </span>
    </p>
   </div>
   <div class='ocr_carea' id='block_1_89' title="bbox 2097 3398 3671 3474">
    <p class='ocr_par' dir='ltr' id='par_1_89' title="bbox 2097 3398 3671 3474">
     <span class='ocr_line' id='line_1_90' title="bbox 2097 3398 3671 3474; baseline -0.003 -18"><span class='ocrx_word' id='word_1_654' title='bbox 2097 3405 2265 3466; x_wconf 75' lang='grc' dir='ltr'>ἐστὶν,</span> <span class='ocrx_word' id='word_1_655' title='bbox 2293 3402 2554 3465; x_wconf 79' lang='grc' dir='ltr'><strong>ὡσαύτως</strong></span> <span class='ocrx_word' id='word_1_656' title='bbox 2583 3405 2649 3474; x_wconf 79' lang='grc' dir='ltr'>τῇ</span> <span class='ocrx_word' id='word_1_657' title='bbox 2685 3403 2954 3473; x_wconf 75' lang='grc' dir='ltr'><strong>ἐρχομένῃ</strong></span> <span class='ocrx_word' id='word_1_658' title='bbox 3000 3403 3274 3472; x_wconf 74' lang='grc' dir='ltr'>κυριακῇ,</span> <span class='ocrx_word' id='word_1_659' title='bbox 3305 3399 3400 3453; x_wconf 76' lang='grc' dir='ltr'><strong>καὶ</strong></span> <span class='ocrx_word' id='word_1_660' title='bbox 3438 3398 3671 3468; x_wconf 82' lang='grc' dir='ltr'>καθεξῆς</span> 
     </span>
    </p>
   </div>
   <div class='ocr_carea' id='block_1_90' title="bbox 2097 3489 3670 3566">
    <p class='ocr_par' dir='ltr' id='par_1_90' title="bbox 2097 3489 3670 3566">
     <span class='ocr_line' id='line_1_91' title="bbox 2097 3489 3670 3566; baseline -0.005 -16"><span class='ocrx_word' id='word_1_661' title='bbox 2097 3497 2226 3566; x_wconf 85' lang='grc' dir='ltr'>άχρι</span> <span class='ocrx_word' id='word_1_662' title='bbox 2257 3494 2351 3548; x_wconf 78' lang='grc' dir='ltr'><strong>τοῦ</strong></span> <span class='ocrx_word' id='word_1_663' title='bbox 2402 3493 2702 3548; x_wconf 75' lang='grc' dir='ltr'>σαϐϐάτου·</span> <span class='ocrx_word' id='word_1_664' title='bbox 2752 3495 2810 3547; x_wconf 86' lang='grc' dir='ltr'><strong>ὲν</strong></span> <span class='ocrx_word' id='word_1_665' title='bbox 2849 3493 2958 3564; x_wconf 82' lang='grc' dir='ltr'><strong>γάρ</strong></span> <span class='ocrx_word' id='word_1_666' title='bbox 3002 3495 3099 3563; x_wconf 79' lang='grc' dir='ltr'><strong>μιᾷ</strong></span> <span class='ocrx_word' id='word_1_667' title='bbox 3142 3491 3393 3561; x_wconf 80' lang='grc' dir='ltr'><strong>ὲὸδομάδι</strong></span> <span class='ocrx_word' id='word_1_668' title='bbox 3429 3489 3670 3560; x_wconf 82' lang='grc' dir='ltr'>γίνονται</span> 
     </span>
    </p>
   </div>
   <div class='ocr_carea' id='block_1_91' title="bbox 2097 3583 3426 3658">
    <p class='ocr_par' dir='ltr' id='par_1_91' title="bbox 2097 3583 3426 3658">
     <span class='ocr_line' id='line_1_92' title="bbox 2097 3583 3426 3658; baseline -0.005 -16"><span class='ocrx_word' id='word_1_669' title='bbox 2097 3589 2263 3658; x_wconf 83' lang='grc' dir='ltr'><strong>ἄμφω</strong></span> <span class='ocrx_word' id='word_1_670' title='bbox 2295 3586 2364 3640; x_wconf 85' lang='grc' dir='ltr'>τὰ</span> <span class='ocrx_word' id='word_1_671' title='bbox 2393 3587 2602 3658; x_wconf 91' lang='grc' dir='ltr'>Πάσχα,</span> <span class='ocrx_word' id='word_1_672' title='bbox 2638 3587 2696 3638; x_wconf 83' lang='grc' dir='ltr'>ὲν</span> <span class='ocrx_word' id='word_1_673' title='bbox 2738 3587 2838 3657; x_wconf 80' lang='grc' dir='ltr'><strong>μιᾷ</strong></span> <span class='ocrx_word' id='word_1_674' title='bbox 2864 3585 2920 3637; x_wconf 84' lang='grc' dir='ltr'><strong>δὲ</strong></span> <span class='ocrx_word' id='word_1_675' title='bbox 2946 3585 3128 3657; x_wconf 78' lang='grc' dir='ltr'><strong>ἡμέρᾳ</strong></span> <span class='ocrx_word' id='word_1_676' title='bbox 3155 3583 3426 3652; x_wconf 82' lang='grc' dir='ltr'>οὐδαμῶς.</span> 
     </span>
    </p>
   </div>
   <div class='ocr_carea' id='block_1_92' title="bbox 2169 3671 3666 3745">
    <p class='ocr_par' dir='ltr' id='par_1_92' title="bbox 2169 3671 3666 3745">
     <span class='ocr_line' id='line_1_93' title="bbox 2169 3671 3666 3745; baseline -0.005 -15"><span class='ocrx_word' id='word_1_677' title='bbox 2169 3680 2261 3730; x_wconf 87' lang='grc' dir='ltr'>Δεῖ</span> <span class='ocrx_word' id='word_1_678' title='bbox 2286 3676 2575 3745; x_wconf 81' lang='grc' dir='ltr'><strong>γινώσκειν</strong></span> <span class='ocrx_word' id='word_1_679' title='bbox 2607 3675 2725 3740; x_wconf 88' lang='grc' dir='ltr'>πῶς</span> <span class='ocrx_word' id='word_1_680' title='bbox 2769 3677 3010 3744; x_wconf 83' lang='grc' dir='ltr'>γίνονται</span> <span class='ocrx_word' id='word_1_681' title='bbox 3042 3675 3098 3727; x_wconf 81' lang='grc' dir='ltr'>αἱ</span> <span class='ocrx_word' id='word_1_682' title='bbox 3135 3673 3368 3726; x_wconf 73' lang='grc' dir='ltr'>ἐπακταὶ</span> <span class='ocrx_word' id='word_1_683' title='bbox 3408 3671 3516 3725; x_wconf 87' lang='grc' dir='ltr'>τῶν</span> <span class='ocrx_word' id='word_1_684' title='bbox 3561 3688 3666 3740; x_wconf 84' lang='grc' dir='ltr'><strong>μη-</strong></span> 
     </span>
    </p>
   </div>
   <div class='ocr_carea' id='block_1_93' title="bbox 2096 3763 3670 3839">
    <p class='ocr_par' dir='ltr' id='par_1_93' title="bbox 2096 3763 3670 3839">
     <span class='ocr_line' id='line_1_94' title="bbox 2096 3763 3670 3839; baseline -0.004 -17"><span class='ocrx_word' id='word_1_685' title='bbox 2096 3769 2222 3822; x_wconf 91' lang='grc' dir='ltr'><strong>νῶν.</strong></span> <span class='ocrx_word' id='word_1_686' title='bbox 2269 3769 2328 3822; x_wconf 88' lang='grc' dir='ltr'><strong>⁰Ο</strong></span> <span class='ocrx_word' id='word_1_687' title='bbox 2357 3769 2599 3833; x_wconf 76' lang='grc' dir='ltr'>ἐνιαυτὸς</span> <span class='ocrx_word' id='word_1_688' title='bbox 2624 3769 2734 3838; x_wconf 78' lang='grc' dir='ltr'>ἔχει</span> <span class='ocrx_word' id='word_1_689' title='bbox 2768 3768 2978 3839; x_wconf 81' lang='grc' dir='ltr'>ἡμέρας</span> <span class='ocrx_word' id='word_1_690' title='bbox 3007 3767 3129 3832; x_wconf 83' lang='grc' dir='ltr'>τξε¹.</span> <span class='ocrx_word' id='word_1_691' title='bbox 3156 3765 3370 3828; x_wconf 89' lang='grc' dir='ltr'>Ταύτας</span> <span class='ocrx_word' id='word_1_692' title='bbox 3398 3763 3670 3826; x_wconf 77' lang='grc' dir='ltr'>ἀναλύσας</span> 
     </span>
    </p>
   </div>
   <div class='ocr_carea' id='block_1_94' title="bbox 2095 3854 3670 3933">
    <p class='ocr_par' dir='ltr' id='par_1_94' title="bbox 2095 3854 3670 3933">
     <span class='ocr_line' id='line_1_95' title="bbox 2095 3854 3670 3933; baseline -0.006 -17"><span class='ocrx_word' id='word_1_693' title='bbox 2095 3862 2184 3916; x_wconf 79' lang='grc' dir='ltr'><strong>διὰ</strong></span> <span class='ocrx_word' id='word_1_694' title='bbox 2207 3861 2316 3916; x_wconf 89' lang='grc' dir='ltr'>τῶν</span> <span class='ocrx_word' id='word_1_695' title='bbox 2349 3863 2412 3927; x_wconf 79' lang='grc' dir='ltr'><strong>ζ’.</strong></span> <span class='ocrx_word' id='word_1_696' title='bbox 2444 3861 2706 3932; x_wconf 84' lang='grc' dir='ltr'>ἀπομένει</span> <span class='ocrx_word' id='word_1_697' title='bbox 2737 3862 2854 3933; x_wconf 85' lang='grc' dir='ltr'>μία.</span> <span class='ocrx_word' id='word_1_698' title='bbox 2899 3861 3118 3932; x_wconf 84' lang='grc' dir='ltr'>Ταύτην</span> <span class='ocrx_word' id='word_1_699' title='bbox 3148 3860 3262 3931; x_wconf 53' lang='grc' dir='ltr'>,τὴν</span> <span class='ocrx_word' id='word_1_700' title='bbox 3293 3859 3418 3930; x_wconf 90' lang='grc' dir='ltr'>μίαν</span> <span class='ocrx_word' id='word_1_701' title='bbox 3452 3854 3670 3928; x_wconf 81' lang='grc' dir='ltr'>προστί-</span> 
     </span>
    </p>
   </div>
   <div class='ocr_carea' id='block_1_95' title="bbox 2097 3947 3667 4025">
    <p class='ocr_par' dir='ltr' id='par_1_95' title="bbox 2097 3947 3667 4025">
     <span class='ocr_line' id='line_1_96' title="bbox 2097 3947 3667 4025; baseline -0.006 -17"><span class='ocrx_word' id='word_1_702' title='bbox 2097 3955 2242 4025; x_wconf 88' lang='grc' dir='ltr'>θητι,</span> <span class='ocrx_word' id='word_1_703' title='bbox 2275 3955 2368 4008; x_wconf 72' lang='grc' dir='ltr'>καὶ</span> <span class='ocrx_word' id='word_1_704' title='bbox 2399 3954 2508 4010; x_wconf 83' lang='grc' dir='ltr'>ἀπὸ</span> <span class='ocrx_word' id='word_1_705' title='bbox 2544 3954 2638 4008; x_wconf 84' lang='grc' dir='ltr'>τοῦ</span> <span class='ocrx_word' id='word_1_706' title='bbox 2681 3953 3054 4024; x_wconf 80' lang='grc' dir='ltr'>Ὀκτωμόρίου</span> <span class='ocrx_word' id='word_1_707' title='bbox 3085 3959 3165 4020; x_wconf 85' lang='grc' dir='ltr'><strong>γ’·</strong></span> <span class='ocrx_word' id='word_1_708' title='bbox 3197 3952 3292 4004; x_wconf 78' lang='grc' dir='ltr'>καὶ</span> <span class='ocrx_word' id='word_1_709' title='bbox 3328 3949 3566 4019; x_wconf 85' lang='grc' dir='ltr'>γίνονται</span> <span class='ocrx_word' id='word_1_710' title='bbox 3602 3947 3667 4002; x_wconf 85' lang='grc' dir='ltr'><strong>δ’.</strong></span> 
     </span>
    </p>
   </div>
   <div class='ocr_carea' id='block_1_96' title="bbox 2097 4039 3672 4118">
    <p class='ocr_par' dir='ltr' id='par_1_96' title="bbox 2097 4039 3672 4118">
     <span class='ocr_line' id='line_1_97' title="bbox 2097 4039 3672 4118; baseline -0.003 -19"><span class='ocrx_word' id='word_1_711' title='bbox 2097 4047 2312 4111; x_wconf 88' lang='grc' dir='ltr'>Ταύτας</span> <span class='ocrx_word' id='word_1_712' title='bbox 2370 4047 2603 4118; x_wconf 86' lang='grc' dir='ltr'>πρόσθες</span> <span class='ocrx_word' id='word_1_713' title='bbox 2645 4047 2721 4116; x_wconf 85' lang='grc' dir='ltr'>τῷ</span> <span class='ocrx_word' id='word_1_714' title='bbox 2771 4044 3081 4117; x_wconf 75' lang='grc' dir='ltr'>Νοεμϐρίῳ.</span> <span class='ocrx_word' id='word_1_715' title='bbox 3129 4043 3334 4115; x_wconf 83' lang='grc' dir='ltr'>Κράτει</span> <span class='ocrx_word' id='word_1_716' title='bbox 3377 4041 3538 4096; x_wconf 81' lang='grc' dir='ltr'>πάλιν</span> <span class='ocrx_word' id='word_1_717' title='bbox 3571 4039 3672 4103; x_wconf 71' lang='grc' dir='ltr'>τὰς</span> 
     </span>
    </p>
   </div>
   <div class='ocr_carea' id='block_1_97' title="bbox 2095 4134 3670 4211">
    <p class='ocr_par' dir='ltr' id='par_1_97' title="bbox 2095 4134 3670 4211">
     <span class='ocr_line' id='line_1_98' title="bbox 2095 4134 3670 4211; baseline -0.005 -18"><span class='ocrx_word' id='word_1_718' title='bbox 2095 4139 2158 4203; x_wconf 83' lang='grc' dir='ltr'><strong>δ’,</strong></span> <span class='ocrx_word' id='word_1_719' title='bbox 2191 4139 2424 4211; x_wconf 78' lang='grc' dir='ltr'>πρόσθες</span> <span class='ocrx_word' id='word_1_720' title='bbox 2451 4141 2545 4193; x_wconf 84' lang='grc' dir='ltr'>καὶ</span> <span class='ocrx_word' id='word_1_721' title='bbox 2589 4138 2698 4192; x_wconf 75' lang='grc' dir='ltr'>ἀπὸ</span> <span class='ocrx_word' id='word_1_722' title='bbox 2731 4137 2826 4191; x_wconf 78' lang='grc' dir='ltr'><strong>τοῦ</strong></span> <span class='ocrx_word' id='word_1_723' title='bbox 2868 4137 3170 4208; x_wconf 75' lang='grc' dir='ltr'>Νοεμϐρίου</span> <span class='ocrx_word' id='word_1_724' title='bbox 3202 4135 3266 4205; x_wconf 59' lang='lat' dir='ltr'><strong>ﬁ&quot;</strong></span> <span class='ocrx_word' id='word_1_725' title='bbox 3303 4134 3395 4188; x_wconf 80' lang='grc' dir='ltr'><strong>καὶ</strong></span> <span class='ocrx_word' id='word_1_726' title='bbox 3429 4135 3670 4202; x_wconf 82' lang='grc' dir='ltr'>γίνονται</span> 
     </span>
    </p>
   </div>
   <div class='ocr_carea' id='block_1_98' title="bbox 2099 4225 3671 4300">
    <p class='ocr_par' dir='ltr' id='par_1_98' title="bbox 2099 4225 3671 4300">
     <span class='ocr_line' id='line_1_99' title="bbox 2099 4225 3671 4300; baseline -0.003 -19"><span class='ocrx_word' id='word_1_727' title='bbox 2099 4237 2150 4294; x_wconf 80' lang='grc' dir='ltr'>ς’</span> <span class='ocrx_word' id='word_1_728' title='bbox 2197 4232 2275 4293; x_wconf 80' lang='grc' dir='ltr'>εἰς</span> <span class='ocrx_word' id='word_1_729' title='bbox 2304 4230 2393 4282; x_wconf 85' lang='grc' dir='ltr'><strong>τὸν</strong></span> <span class='ocrx_word' id='word_1_730' title='bbox 2436 4232 2788 4300; x_wconf 74' lang='grc' dir='ltr'>Δεκέμϐριον.</span> <span class='ocrx_word' id='word_1_731' title='bbox 2834 4228 2999 4282; x_wconf 85' lang='grc' dir='ltr'>Πάλιν</span> <span class='ocrx_word' id='word_1_732' title='bbox 3039 4227 3311 4298; x_wconf 83' lang='grc' dir='ltr'>κράτησον</span> <span class='ocrx_word' id='word_1_733' title='bbox 3352 4225 3451 4288; x_wconf 75' lang='grc' dir='ltr'><strong>τάς</strong></span> <span class='ocrx_word' id='word_1_734' title='bbox 3499 4225 3671 4288; x_wconf 84' lang='grc' dir='ltr'>αύτὰς</span> 
     </span>
    </p>
   </div>
   <div class='ocr_carea' id='block_1_99' title="bbox 2099 4317 3673 4393">
    <p class='ocr_par' dir='ltr' id='par_1_99' title="bbox 2099 4317 3673 4393">
     <span class='ocr_line' id='line_1_100' title="bbox 2099 4317 3673 4393; baseline -0.012 -16"><span class='ocrx_word' id='word_1_735' title='bbox 2099 4330 2174 4388; x_wconf 80' lang='grc' dir='ltr'>ς’,</span> <span class='ocrx_word' id='word_1_736' title='bbox 2202 4321 2295 4375; x_wconf 74' lang='grc' dir='ltr'>καὶ</span> <span class='ocrx_word' id='word_1_737' title='bbox 2329 4321 2562 4393; x_wconf 89' lang='grc' dir='ltr'>πρόσθες</span> <span class='ocrx_word' id='word_1_738' title='bbox 2587 4322 2678 4374; x_wconf 75' lang='grc' dir='ltr'><strong>καὶ</strong></span> <span class='ocrx_word' id='word_1_739' title='bbox 2711 4320 2934 4374; x_wconf 74' lang='grc' dir='ltr'>ἀπὸτοῦ</span> <span class='ocrx_word' id='word_1_740' title='bbox 2963 4319 3293 4390; x_wconf 79' lang='grc' dir='ltr'>Δεκεμδρίου</span> <span class='ocrx_word' id='word_1_741' title='bbox 3325 4325 3373 4387; x_wconf 86' lang='grc' dir='ltr'><strong>γ’</strong></span> <span class='ocrx_word' id='word_1_742' title='bbox 3398 4333 3411 4346; x_wconf 90' lang='grc'><strong>·</strong></span> <span class='ocrx_word' id='word_1_743' title='bbox 3455 4317 3548 4370; x_wconf 77' lang='grc' dir='ltr'>καὶ</span> <span class='ocrx_word' id='word_1_744' title='bbox 3584 4318 3673 4385; x_wconf 78' lang='grc' dir='ltr'>γι..</span> 
     </span>
    </p>
   </div>
   <div class='ocr_carea' id='block_1_100' title="bbox 2095 4408 3673 4486">
    <p class='ocr_par' dir='ltr' id='par_1_100' title="bbox 2095 4408 3673 4486">
     <span class='ocr_line' id='line_1_101' title="bbox 2095 4408 3673 4486; baseline -0.004 -19"><span class='ocrx_word' id='word_1_745' title='bbox 2095 4431 2277 4467; x_wconf 88' lang='grc' dir='ltr'>νονται</span> <span class='ocrx_word' id='word_1_746' title='bbox 2312 4413 2376 4467; x_wconf 87' lang='grc' dir='ltr'>θ’.</span> <span class='ocrx_word' id='word_1_747' title='bbox 2414 4412 2738 4486; x_wconf 76' lang='grc' dir='ltr'>Ἀπόρριψον</span> <span class='ocrx_word' id='word_1_748' title='bbox 2763 4414 2860 4476; x_wconf 87' lang='grc' dir='ltr'>τὰς</span> <span class='ocrx_word' id='word_1_749' title='bbox 2891 4413 2934 4477; x_wconf 86' lang='grc' dir='ltr'><strong>ζ’</strong></span> <span class='ocrx_word' id='word_1_750' title='bbox 2955 4431 2968 4444; x_wconf 89' lang='grc'><strong>·</strong></span> <span class='ocrx_word' id='word_1_751' title='bbox 3005 4413 3098 4465; x_wconf 81' lang='grc' dir='ltr'>καὶ</span> <span class='ocrx_word' id='word_1_752' title='bbox 3124 4411 3455 4482; x_wconf 86' lang='grc' dir='ltr'><strong>ἀπομένουσι</strong></span> <span class='ocrx_word' id='word_1_753' title='bbox 3477 4408 3568 4464; x_wconf 81' lang='grc' dir='ltr'><strong>δύο</strong></span> <span class='ocrx_word' id='word_1_754' title='bbox 3592 4412 3673 4473; x_wconf 83' lang='grc' dir='ltr'>εἰς</span> 
     </span>
    </p>
   </div>
   <div class='ocr_carea' id='block_1_101' title="bbox 2025 4503 3673 4590">
    <p class='ocr_par' dir='ltr' id='par_1_101' title="bbox 2025 4503 3673 4590">
     <span class='ocr_line' id='line_1_102' title="bbox 2025 4503 3673 4590; baseline -0.004 -30"><span class='ocrx_word' id='word_1_755' title='bbox 2025 4533 2071 4590; x_wconf 78' lang='lat' dir='ltr'><strong>D</strong></span> <span class='ocrx_word' id='word_1_756' title='bbox 2096 4506 2189 4560; x_wconf 83' lang='grc' dir='ltr'><strong>τὸν</strong></span> <span class='ocrx_word' id='word_1_757' title='bbox 2230 4507 2574 4578; x_wconf 83' lang='grc' dir='ltr'>Ἰανουάριον.</span> <span class='ocrx_word' id='word_1_758' title='bbox 2627 4507 2868 4578; x_wconf 89' lang='grc' dir='ltr'>Πρόσθες</span> <span class='ocrx_word' id='word_1_759' title='bbox 2910 4505 3003 4559; x_wconf 72' lang='grc' dir='ltr'>καὶ</span> <span class='ocrx_word' id='word_1_760' title='bbox 3041 4511 3089 4571; x_wconf 87' lang='grc' dir='ltr'><strong>γ’</strong></span> <span class='ocrx_word' id='word_1_761' title='bbox 3135 4505 3244 4559; x_wconf 80' lang='grc' dir='ltr'><strong>ἀπὸ</strong></span> <span class='ocrx_word' id='word_1_762' title='bbox 3288 4503 3382 4557; x_wconf 80' lang='grc' dir='ltr'><strong>τοῦ</strong></span> <span class='ocrx_word' id='word_1_763' title='bbox 3435 4503 3673 4556; x_wconf 89' lang='grc' dir='ltr'>Ἰανουα-</span> 
     </span>
    </p>
   </div>
   <div class='ocr_carea' id='block_1_102' title="bbox 2107 4594 3673 4670">
    <p class='ocr_par' dir='ltr' id='par_1_102' title="bbox 2107 4594 3673 4670">
     <span class='ocr_line' id='line_1_103' title="bbox 2107 4594 3673 4670; baseline -0.004 -19"><span class='ocrx_word' id='word_1_764' title='bbox 2107 4599 2244 4670; x_wconf 89' lang='grc' dir='ltr'>ρίου,</span> <span class='ocrx_word' id='word_1_765' title='bbox 2279 4599 2372 4652; x_wconf 75' lang='grc' dir='ltr'>καὶ</span> <span class='ocrx_word' id='word_1_766' title='bbox 2412 4599 2650 4667; x_wconf 88' lang='grc' dir='ltr'>γίνονται</span> <span class='ocrx_word' id='word_1_767' title='bbox 2679 4605 2719 4650; x_wconf 84' lang='grc' dir='ltr'>ε’</span> <span class='ocrx_word' id='word_1_768' title='bbox 2749 4597 2950 4660; x_wconf 68' lang='grc' dir='ltr'>είςιτὸν</span> <span class='ocrx_word' id='word_1_769' title='bbox 2975 4596 3356 4668; x_wconf 75' lang='grc' dir='ltr'>Φεϐρουάριον.</span> <span class='ocrx_word' id='word_1_770' title='bbox 3389 4597 3454 4648; x_wconf 79' lang='lat' dir='ltr'><strong>At</strong></span> <span class='ocrx_word' id='word_1_771' title='bbox 3487 4594 3533 4648; x_wconf 83' lang='grc' dir='ltr'><strong>δ’</strong></span> <span class='ocrx_word' id='word_1_772' title='bbox 3573 4594 3673 4647; x_wconf 82' lang='grc' dir='ltr'><strong>αύ-</strong></span> 
     </span>
    </p>
   </div>
   <div class='ocr_carea' id='block_1_103' title="bbox 2098 4683 3674 4756">
    <p class='ocr_par' dir='ltr' id='par_1_103' title="bbox 2098 4683 3674 4756">
     <span class='ocr_line' id='line_1_104' title="bbox 2098 4683 3674 4756; baseline -0.001 -20"><span class='ocrx_word' id='word_1_773' title='bbox 2098 4684 2186 4738; x_wconf 88' lang='grc' dir='ltr'><strong>ταί</strong></span> <span class='ocrx_word' id='word_1_774' title='bbox 2219 4687 2325 4738; x_wconf 83' lang='grc' dir='ltr'><strong>εἱσι</strong></span> <span class='ocrx_word' id='word_1_775' title='bbox 2367 4686 2462 4738; x_wconf 79' lang='grc' dir='ltr'>καὶ</span> <span class='ocrx_word' id='word_1_776' title='bbox 2507 4688 2587 4749; x_wconf 87' lang='grc' dir='ltr'><strong>είς</strong></span> <span class='ocrx_word' id='word_1_777' title='bbox 2621 4686 2710 4740; x_wconf 82' lang='grc' dir='ltr'>τὸν</span> <span class='ocrx_word' id='word_1_778' title='bbox 2753 4686 3016 4756; x_wconf 88' lang='grc' dir='ltr'>Μάρτιον.</span> <span class='ocrx_word' id='word_1_779' title='bbox 3053 4685 3223 4738; x_wconf 87' lang='grc' dir='ltr'>Πάλιν</span> <span class='ocrx_word' id='word_1_780' title='bbox 3269 4685 3538 4756; x_wconf 84' lang='grc' dir='ltr'>κράτησον</span> <span class='ocrx_word' id='word_1_781' title='bbox 3573 4683 3674 4746; x_wconf 84' lang='grc' dir='ltr'>τὰς</span> 
     </span>
    </p>
   </div>
   <div class='ocr_carea' id='block_1_104' title="bbox 2097 4772 3672 4850">
    <p class='ocr_par' dir='ltr' id='par_1_104' title="bbox 2097 4772 3672 4850">
     <span class='ocr_line' id='line_1_105' title="bbox 2097 4772 3672 4850; baseline -0.004 -20"><span class='ocrx_word' id='word_1_782' title='bbox 2097 4776 2280 4839; x_wconf 80' lang='grc' dir='ltr'>πέντε,</span> <span class='ocrx_word' id='word_1_783' title='bbox 2314 4778 2406 4831; x_wconf 79' lang='grc' dir='ltr'><strong>καὶ</strong></span> <span class='ocrx_word' id='word_1_784' title='bbox 2435 4777 2668 4850; x_wconf 87' lang='grc' dir='ltr'>πρόσθες</span> <span class='ocrx_word' id='word_1_785' title='bbox 2695 4777 2789 4830; x_wconf 76' lang='grc' dir='ltr'><strong>καὶ</strong></span> <span class='ocrx_word' id='word_1_786' title='bbox 2824 4777 2932 4830; x_wconf 85' lang='grc' dir='ltr'>ἀπὸ</span> <span class='ocrx_word' id='word_1_787' title='bbox 2967 4777 3060 4830; x_wconf 83' lang='grc' dir='ltr'><strong>τοῦ</strong></span> <span class='ocrx_word' id='word_1_788' title='bbox 3086 4776 3330 4848; x_wconf 82' lang='grc' dir='ltr'>Μαρτίου</span> <span class='ocrx_word' id='word_1_789' title='bbox 3360 4781 3429 4844; x_wconf 52' lang='grc' dir='ltr'><strong>γη</strong></span> <span class='ocrx_word' id='word_1_790' title='bbox 3455 4774 3547 4828; x_wconf 77' lang='grc' dir='ltr'>καὶ</span> <span class='ocrx_word' id='word_1_791' title='bbox 3583 4772 3672 4842; x_wconf 86' lang='grc' dir='ltr'><strong>γί-</strong></span> 
     </span>
    </p>
   </div>
   <div class='ocr_carea' id='block_1_105' title="bbox 2096 4867 3672 4941">
    <p class='ocr_par' dir='ltr' id='par_1_105' title="bbox 2096 4867 3672 4941">
     <span class='ocr_line' id='line_1_106' title="bbox 2096 4867 3672 4941; baseline -0.002 -21"><span class='ocrx_word' id='word_1_792' title='bbox 2096 4885 2275 4922; x_wconf 86' lang='grc' dir='ltr'>νονται</span> <span class='ocrx_word' id='word_1_793' title='bbox 2317 4876 2391 4939; x_wconf 87' lang='grc' dir='ltr'>η’.</span> <span class='ocrx_word' id='word_1_794' title='bbox 2433 4869 2758 4941; x_wconf 73' lang='grc' dir='ltr'>Ἀπόρριψον</span> <span class='ocrx_word' id='word_1_795' title='bbox 2802 4870 2900 4933; x_wconf 86' lang='grc' dir='ltr'>τὰς</span> <span class='ocrx_word' id='word_1_796' title='bbox 2934 4871 2998 4934; x_wconf 72' lang='grc' dir='ltr'>ς’,</span> <span class='ocrx_word' id='word_1_797' title='bbox 3025 4869 3346 4940; x_wconf 84' lang='grc' dir='ltr'><strong>ὲναπομένει</strong></span> <span class='ocrx_word' id='word_1_798' title='bbox 3395 4867 3489 4921; x_wconf 74' lang='grc' dir='ltr'><strong>καὶ</strong></span> <span class='ocrx_word' id='word_1_799' title='bbox 3519 4871 3568 4918; x_wconf 90' lang='grc' dir='ltr'><strong>α’</strong></span> <span class='ocrx_word' id='word_1_800' title='bbox 3591 4867 3672 4929; x_wconf 79' lang='grc' dir='ltr'><strong>είς</strong></span> 
     </span>
    </p>
   </div>
   <div class='ocr_carea' id='block_1_106' title="bbox 2097 4955 3672 5032">
    <p class='ocr_par' dir='ltr' id='par_1_106' title="bbox 2097 4955 3672 5032">
     <span class='ocr_line' id='line_1_107' title="bbox 2097 4955 3672 5032; baseline -0.004 -18"><span class='ocrx_word' id='word_1_801' title='bbox 2097 4959 2187 5014; x_wconf 83' lang='grc' dir='ltr'>τὺν</span> <span class='ocrx_word' id='word_1_802' title='bbox 2214 4961 2505 5032; x_wconf 85' lang='grc' dir='ltr'>Ἀπρίλιον.</span> <span class='ocrx_word' id='word_1_803' title='bbox 2530 4962 2819 5032; x_wconf 79' lang='grc' dir='ltr'>Κράτησον</span> <span class='ocrx_word' id='word_1_804' title='bbox 2837 4959 2996 5013; x_wconf 86' lang='grc' dir='ltr'>πάλιν</span> <span class='ocrx_word' id='word_1_805' title='bbox 3020 4961 3189 5031; x_wconf 80' lang='grc' dir='ltr'>αὐτὴν</span> <span class='ocrx_word' id='word_1_806' title='bbox 3210 4958 3307 5030; x_wconf 79' lang='grc' dir='ltr'>τὴν</span> <span class='ocrx_word' id='word_1_807' title='bbox 3329 4965 3377 5011; x_wconf 88' lang='grc' dir='ltr'>α’</span> <span class='ocrx_word' id='word_1_808' title='bbox 3397 4975 3410 4987; x_wconf 94' lang='grc'><strong>·</strong></span> <span class='ocrx_word' id='word_1_809' title='bbox 3439 4955 3672 5028; x_wconf 85' lang='grc' dir='ltr'>πρόσθες</span> 
     </span>
    </p>
   </div>
   <div class='ocr_carea' id='block_1_107' title="bbox 2099 5047 3672 5125">
    <p class='ocr_par' dir='ltr' id='par_1_107' title="bbox 2099 5047 3672 5125">
     <span class='ocr_line' id='line_1_108' title="bbox 2099 5047 3672 5125; baseline -0.004 -19"><span class='ocrx_word' id='word_1_810' title='bbox 2099 5053 2194 5106; x_wconf 73' lang='grc' dir='ltr'><strong>καὶ</strong></span> <span class='ocrx_word' id='word_1_811' title='bbox 2235 5052 2327 5106; x_wconf 89' lang='grc' dir='ltr'>δύο</span> <span class='ocrx_word' id='word_1_812' title='bbox 2369 5053 2478 5106; x_wconf 83' lang='grc' dir='ltr'>ἀπὸ</span> <span class='ocrx_word' id='word_1_813' title='bbox 2509 5053 2603 5106; x_wconf 78' lang='grc' dir='ltr'><strong>τοῦ</strong></span> <span class='ocrx_word' id='word_1_814' title='bbox 2637 5054 2933 5125; x_wconf 79' lang='grc' dir='ltr'>Ἀπριλίου,</span> <span class='ocrx_word' id='word_1_815' title='bbox 2967 5054 3060 5106; x_wconf 74' lang='grc' dir='ltr'><strong>καὶ</strong></span> <span class='ocrx_word' id='word_1_816' title='bbox 3103 5053 3340 5116; x_wconf 87' lang='grc' dir='ltr'>γίνονται</span> <span class='ocrx_word' id='word_1_817' title='bbox 3375 5056 3423 5118; x_wconf 79' lang='grc' dir='ltr'><strong>γ’</strong></span> <span class='ocrx_word' id='word_1_818' title='bbox 3465 5051 3546 5112; x_wconf 83' lang='grc' dir='ltr'><strong>είς</strong></span> <span class='ocrx_word' id='word_1_819' title='bbox 3580 5047 3672 5102; x_wconf 83' lang='grc' dir='ltr'>τὸν</span> 
     </span>
    </p>
   </div>
   <div class='ocr_carea' id='block_1_108' title="bbox 2094 5139 3673 5218">
    <p class='ocr_par' dir='ltr' id='par_1_108' title="bbox 2094 5139 3673 5218">
     <span class='ocr_line' id='line_1_109' title="bbox 2094 5139 3673 5218; baseline -0.004 -20"><span class='ocrx_word' id='word_1_820' title='bbox 2094 5145 2289 5198; x_wconf 84' lang='grc' dir='ltr'><strong>Μάῖον.</strong></span> <span class='ocrx_word' id='word_1_821' title='bbox 2325 5145 2493 5198; x_wconf 92' lang='grc' dir='ltr'>Πάλιν</span> <span class='ocrx_word' id='word_1_822' title='bbox 2528 5146 2800 5218; x_wconf 84' lang='grc' dir='ltr'>κράτησον</span> <span class='ocrx_word' id='word_1_823' title='bbox 2834 5145 3000 5208; x_wconf 78' lang='grc' dir='ltr'>αὐτὰς</span> <span class='ocrx_word' id='word_1_824' title='bbox 3033 5145 3131 5208; x_wconf 81' lang='grc' dir='ltr'><strong>τὰς</strong></span> <span class='ocrx_word' id='word_1_825' title='bbox 3173 5150 3221 5211; x_wconf 84' lang='grc' dir='ltr'><strong>γ’</strong></span> <span class='ocrx_word' id='word_1_826' title='bbox 3246 5162 3258 5174; x_wconf 75' lang='grc' dir='ltr'><strong><em>ο</em></strong></span> <span class='ocrx_word' id='word_1_827' title='bbox 3311 5141 3545 5212; x_wconf 87' lang='grc' dir='ltr'>πρόσθες</span> <span class='ocrx_word' id='word_1_828' title='bbox 3577 5139 3673 5192; x_wconf 79' lang='grc' dir='ltr'><strong>καὶ</strong></span> 
     </span>
    </p>
   </div>
   <div class='ocr_carea' id='block_1_109' title="bbox 2095 5231 3668 5306">
    <p class='ocr_par' dir='ltr' id='par_1_109' title="bbox 2095 5231 3668 5306">
     <span class='ocr_line' id='line_1_110' title="bbox 2095 5231 3668 5306; baseline -0.003 -18"><span class='ocrx_word' id='word_1_829' title='bbox 2095 5235 2204 5288; x_wconf 83' lang='grc' dir='ltr'>ἀπὸ</span> <span class='ocrx_word' id='word_1_830' title='bbox 2246 5235 2340 5290; x_wconf 82' lang='grc' dir='ltr'>τοῦ</span> <span class='ocrx_word' id='word_1_831' title='bbox 2375 5238 2551 5290; x_wconf 73' lang='grc' dir='ltr'>Μαΐου</span> <span class='ocrx_word' id='word_1_832' title='bbox 2583 5245 2652 5306; x_wconf 84' lang='grc' dir='ltr'><strong>γ’,</strong></span> <span class='ocrx_word' id='word_1_833' title='bbox 2694 5237 2788 5291; x_wconf 74' lang='grc' dir='ltr'>καὶ</span> <span class='ocrx_word' id='word_1_834' title='bbox 2817 5237 3057 5306; x_wconf 88' lang='grc' dir='ltr'>γίνονται</span> <span class='ocrx_word' id='word_1_835' title='bbox 3100 5242 3154 5300; x_wconf 85' lang='grc' dir='ltr'>ς’</span> <span class='ocrx_word' id='word_1_836' title='bbox 3181 5236 3260 5298; x_wconf 79' lang='grc' dir='ltr'>εἰς</span> <span class='ocrx_word' id='word_1_837' title='bbox 3299 5235 3388 5287; x_wconf 72' lang='grc' dir='ltr'>τὸν</span> <span class='ocrx_word' id='word_1_838' title='bbox 3431 5231 3668 5286; x_wconf 82' lang='grc' dir='ltr'>Ἰούνιον.</span> 
     </span>
    </p>
   </div>
   <div class='ocr_carea' id='block_1_110' title="bbox 2095 5319 3670 5399">
    <p class='ocr_par' dir='ltr' id='par_1_110' title="bbox 2095 5319 3670 5399">
     <span class='ocr_line' id='line_1_111' title="bbox 2095 5319 3670 5399; baseline -0.003 -20"><span class='ocrx_word' id='word_1_839' title='bbox 2095 5327 2263 5381; x_wconf 90' lang='grc' dir='ltr'>Πάλιν</span> <span class='ocrx_word' id='word_1_840' title='bbox 2294 5328 2568 5399; x_wconf 85' lang='grc' dir='ltr'>κράτησον</span> <span class='ocrx_word' id='word_1_841' title='bbox 2599 5329 2766 5392; x_wconf 73' lang='grc' dir='ltr'>αὐτὰς</span> <span class='ocrx_word' id='word_1_842' title='bbox 2813 5329 2910 5391; x_wconf 79' lang='grc' dir='ltr'>τὰς</span> <span class='ocrx_word' id='word_1_843' title='bbox 2940 5335 3010 5393; x_wconf 81' lang='grc' dir='ltr'>ς’.</span> <span class='ocrx_word' id='word_1_844' title='bbox 3043 5330 3138 5381; x_wconf 61' lang='grc' dir='ltr'><strong>καὶ⁸</strong></span> <span class='ocrx_word' id='word_1_845' title='bbox 3169 5326 3404 5397; x_wconf 80' lang='grc' dir='ltr'>πρόσθες</span> <span class='ocrx_word' id='word_1_846' title='bbox 3437 5323 3544 5378; x_wconf 76' lang='grc' dir='ltr'><strong>ἀπὸ</strong></span> <span class='ocrx_word' id='word_1_847' title='bbox 3575 5319 3670 5375; x_wconf 80' lang='grc' dir='ltr'><strong>τοῦ</strong></span> 
     </span>
    </p>
   </div>
   <div class='ocr_carea' id='block_1_111' title="bbox 2106 5416 3672 5492">
    <p class='ocr_par' dir='ltr' id='par_1_111' title="bbox 2106 5416 3672 5492">
     <span class='ocr_line' id='line_1_112' title="bbox 2106 5416 3672 5492; baseline -0.003 -22"><span class='ocrx_word' id='word_1_848' title='bbox 2106 5418 2324 5472; x_wconf 68' lang='grc' dir='ltr'>Ἰουνίου</span> <span class='ocrx_word' id='word_1_849' title='bbox 2360 5419 2424 5489; x_wconf 83' lang='grc' dir='ltr'><strong>β’,</strong></span> <span class='ocrx_word' id='word_1_850' title='bbox 2462 5420 2701 5488; x_wconf 82' lang='grc' dir='ltr'>γίνονται</span> <span class='ocrx_word' id='word_1_851' title='bbox 2737 5427 2807 5488; x_wconf 86' lang='grc' dir='ltr'>η’.</span> <span class='ocrx_word' id='word_1_852' title='bbox 2855 5420 3179 5492; x_wconf 79' lang='grc' dir='ltr'>Ἀπόρῤιψον</span> <span class='ocrx_word' id='word_1_853' title='bbox 3202 5419 3300 5481; x_wconf 79' lang='grc' dir='ltr'>τὰς</span> <span class='ocrx_word' id='word_1_854' title='bbox 3317 5416 3381 5482; x_wconf 78' lang='grc' dir='ltr'><strong>ζ’,</strong></span> <span class='ocrx_word' id='word_1_855' title='bbox 3408 5417 3672 5484; x_wconf 85' lang='grc' dir='ltr'><strong>άπομένει</strong></span> 
     </span>
    </p>
   </div>
   <div class='ocr_carea' id='block_1_112' title="bbox 422 5505 3673 5587">
    <p class='ocr_par' dir='ltr' id='par_1_112' title="bbox 422 5505 3673 5587">
     <span class='ocr_line' id='line_1_113' title="bbox 422 5505 3673 5587; baseline 0.001 -30"><span class='ocrx_word' id='word_1_856' title='bbox 422 5511 471 5557; x_wconf 89' lang='grc' dir='ltr'><strong>α’</strong></span> <span class='ocrx_word' id='word_1_857' title='bbox 508 5505 590 5568; x_wconf 82' lang='grc' dir='ltr'>εις</span> <span class='ocrx_word' id='word_1_858' title='bbox 623 5505 716 5558; x_wconf 78' lang='grc' dir='ltr'><strong>τὸν</strong></span> <span class='ocrx_word' id='word_1_859' title='bbox 751 5505 989 5559; x_wconf 87' lang='grc' dir='ltr'>Ἰούλιον.</span> <span class='ocrx_word' id='word_1_860' title='bbox 1020 5506 1189 5561; x_wconf 87' lang='grc' dir='ltr'>Πάλιν</span> <span class='ocrx_word' id='word_1_861' title='bbox 1221 5507 1496 5578; x_wconf 79' lang='grc' dir='ltr'>κράτησον</span> <span class='ocrx_word' id='word_1_862' title='bbox 1524 5507 1623 5580; x_wconf 84' lang='grc' dir='ltr'>τὴν</span> <span class='ocrx_word' id='word_1_863' title='bbox 1645 5515 1693 5562; x_wconf 85' lang='grc' dir='ltr'>α’</span> <span class='ocrx_word' id='word_1_864' title='bbox 1713 5527 1727 5539; x_wconf 87' lang='grc'><strong>·</strong></span> <span class='ocrx_word' id='word_1_865' title='bbox 1760 5509 1993 5580; x_wconf 87' lang='grc' dir='ltr'>πρόσθες</span> <span class='ocrx_word' id='word_1_866' title='bbox 2025 5509 2121 5562; x_wconf 74' lang='grc' dir='ltr'><strong>καὶ</strong></span> <span class='ocrx_word' id='word_1_867' title='bbox 2150 5511 2256 5565; x_wconf 83' lang='grc' dir='ltr'><strong>ἀπὸ</strong></span> <span class='ocrx_word' id='word_1_868' title='bbox 2277 5512 2369 5565; x_wconf 82' lang='grc' dir='ltr'><strong>τοῦ</strong></span> <span class='ocrx_word' id='word_1_869' title='bbox 2408 5513 2624 5568; x_wconf 86' lang='grc' dir='ltr'>Ἰουλίου</span> <span class='ocrx_word' id='word_1_870' title='bbox 2655 5519 2822 5587; x_wconf 82' lang='grc' dir='ltr'>τρεῖς,</span> <span class='ocrx_word' id='word_1_871' title='bbox 2854 5515 3090 5583; x_wconf 87' lang='grc' dir='ltr'>γίνονται</span> <span class='ocrx_word' id='word_1_872' title='bbox 3135 5514 3178 5567; x_wconf 83' lang='grc' dir='ltr'><strong>δ’</strong></span> <span class='ocrx_word' id='word_1_873' title='bbox 3209 5514 3287 5576; x_wconf 84' lang='grc' dir='ltr'>εἰς</span> <span class='ocrx_word' id='word_1_874' title='bbox 3329 5511 3417 5565; x_wconf 82' lang='grc' dir='ltr'><strong>τὸν</strong></span> <span class='ocrx_word' id='word_1_875' title='bbox 3472 5509 3673 5577; x_wconf 77' lang='grc' dir='ltr'><strong>Αὔγου-</strong></span> 
     </span>
    </p>
   </div>
   <div class='ocr_carea' id='block_1_113' title="bbox 423 5599 3673 5682">
    <p class='ocr_par' dir='ltr' id='par_1_113' title="bbox 423 5599 3673 5682">
     <span class='ocr_line' id='line_1_114' title="bbox 423 5599 3673 5682; baseline 0.003 -32"><span class='ocrx_word' id='word_1_876' title='bbox 423 5614 564 5652; x_wconf 91' lang='grc' dir='ltr'>στον.</span> <span class='ocrx_word' id='word_1_877' title='bbox 611 5599 778 5654; x_wconf 87' lang='grc' dir='ltr'>Πάλιν</span> <span class='ocrx_word' id='word_1_878' title='bbox 816 5602 1089 5673; x_wconf 84' lang='grc' dir='ltr'>κράτησον</span> <span class='ocrx_word' id='word_1_879' title='bbox 1129 5604 1298 5668; x_wconf 85' lang='grc' dir='ltr'>αύτὰς</span> <span class='ocrx_word' id='word_1_880' title='bbox 1341 5603 1441 5669; x_wconf 78' lang='grc' dir='ltr'><strong>τὰς</strong></span> <span class='ocrx_word' id='word_1_881' title='bbox 1485 5605 1563 5658; x_wconf 79' lang='grc' dir='ltr'><strong>δ”</strong></span> <span class='ocrx_word' id='word_1_882' title='bbox 1611 5605 1846 5678; x_wconf 83' lang='grc' dir='ltr'>πρόσθες</span> <span class='ocrx_word' id='word_1_883' title='bbox 1888 5607 1996 5660; x_wconf 85' lang='grc' dir='ltr'>ἀπὸ</span> <span class='ocrx_word' id='word_1_884' title='bbox 2022 5607 2117 5661; x_wconf 76' lang='grc' dir='ltr'>τοῦ</span> <span class='ocrx_word' id='word_1_885' title='bbox 2150 5610 2458 5679; x_wconf 79' lang='grc' dir='ltr'>Αὐγούστου</span> <span class='ocrx_word' id='word_1_886' title='bbox 2501 5619 2570 5681; x_wconf 81' lang='grc' dir='ltr'>γ’,</span> <span class='ocrx_word' id='word_1_887' title='bbox 2633 5616 2728 5667; x_wconf 77' lang='grc' dir='ltr'><strong>καὶ</strong></span> <span class='ocrx_word' id='word_1_888' title='bbox 2773 5614 3011 5682; x_wconf 79' lang='grc' dir='ltr'>γίνονται</span> <span class='ocrx_word' id='word_1_889' title='bbox 3069 5611 3113 5675; x_wconf 81' lang='grc' dir='ltr'><strong>ζ’</strong></span> <span class='ocrx_word' id='word_1_890' title='bbox 3149 5613 3231 5674; x_wconf 86' lang='grc' dir='ltr'>εἰς</span> <span class='ocrx_word' id='word_1_891' title='bbox 3272 5608 3364 5662; x_wconf 82' lang='grc' dir='ltr'><strong>τὸν</strong></span> <span class='ocrx_word' id='word_1_892' title='bbox 3421 5606 3673 5675; x_wconf 76' lang='grc' dir='ltr'><strong>Σεπτέμο</strong></span> 
     </span>
    </p>
   </div>
   <div class='ocr_carea' id='block_1_114' title="bbox 420 5686 3672 5855">
    <p class='ocr_par' dir='ltr' id='par_1_114' title="bbox 420 5686 3672 5855">
     <span class='ocr_line' id='line_1_115' title="bbox 420 5686 3672 5855; baseline 0.003 -114"><span class='ocrx_word' id='word_1_893' title='bbox 420 5686 592 5855; x_wconf 59' lang='grc' dir='ltr'>ϐριῗ.</span> <span class='ocrx_word' id='word_1_894' title='bbox 634 5693 746 5746; x_wconf 71' lang='grc' dir='ltr'>Καὶ</span> <span class='ocrx_word' id='word_1_895' title='bbox 778 5693 952 5748; x_wconf 81' lang='grc' dir='ltr'>ταῦτα</span> <span class='ocrx_word' id='word_1_896' title='bbox 994 5696 1092 5766; x_wconf 75' lang='grc' dir='ltr'><strong>μὲν</strong></span> <span class='ocrx_word' id='word_1_897' title='bbox 1130 5697 1395 5769; x_wconf 69' lang='grc' dir='ltr'>ἐντέχνως</span> <span class='ocrx_word' id='word_1_898' title='bbox 1441 5699 1812 5773; x_wconf 85' lang='grc' dir='ltr'>κατέστρωται</span> <span class='ocrx_word' id='word_1_899' title='bbox 1849 5704 1978 5774; x_wconf 74' lang='grc' dir='ltr'>περὶ</span> <span class='ocrx_word' id='word_1_900' title='bbox 2016 5704 2262 5759; x_wconf 82' lang='grc' dir='ltr'>πάντων·</span> <span class='ocrx_word' id='word_1_901' title='bbox 2292 5706 2431 5761; x_wconf 78' lang='grc' dir='ltr'>ἔστω</span> <span class='ocrx_word' id='word_1_902' title='bbox 2454 5708 2609 5763; x_wconf 78' lang='grc' dir='ltr'><strong>σοιδὲ</strong></span> <span class='ocrx_word' id='word_1_903' title='bbox 2637 5707 2807 5762; x_wconf 78' lang='grc' dir='ltr'>ταῦτα</span> <span class='ocrx_word' id='word_1_904' title='bbox 2865 5709 2933 5763; x_wconf 81' lang='grc' dir='ltr'>τὰ</span> <span class='ocrx_word' id='word_1_905' title='bbox 2979 5706 3284 5780; x_wconf 79' lang='grc' dir='ltr'>δηλωθέντα</span> <span class='ocrx_word' id='word_1_906' title='bbox 3334 5703 3408 5768; x_wconf 83' lang='grc' dir='ltr'>ὡς</span> <span class='ocrx_word' id='word_1_907' title='bbox 3459 5704 3516 5756; x_wconf 77' lang='grc' dir='ltr'><strong>ὲν</strong></span> <span class='ocrx_word' id='word_1_908' title='bbox 3551 5703 3672 5754; x_wconf 69' lang='lat' dir='ltr'><strong>sm-</strong></span> 
     </span>
     <span class='ocr_line' id='line_1_116' title="bbox 421 5797 581 5853; baseline 0.006 -19"><span class='ocrx_word' id='word_1_909' title='bbox 421 5797 525 5853; x_wconf 86' lang='grc' dir='ltr'><strong>τομ</strong></span> <span class='ocrx_word' id='word_1_910' title='bbox 567 5821 581 5835; x_wconf 98' lang='grc'><strong>.</strong></span> 
     </span>
    </p>
   </div>
   <div class='ocr_carea' id='block_1_115' title="bbox 421 5797 581 5853">
    <p class='ocr_par' dir='ltr' id='par_1_115' title="bbox 421 5797 581 5853">
     <span class='ocr_line' id='line_1_117' title="bbox 421 5797 581 5853; baseline 0.006 -19"><span class='ocrx_word' id='word_1_911' title='bbox 421 5797 581 5853; x_wconf 76' lang='grc' dir='ltr'><strong>τομῃ.</strong></span> 
     </span>
    </p>
   </div>
  </div>
