4022 6398
380 374 525 432 ιτπ
1265 373 1451 431 ΔΕΤῙῙ
1482 373 1573 429 DE
1602 373 1968 457 SIGNIFICA'I

2027 372 2262 432 )NIBUS
2298 373 2739 434 STELLARUM.
3477 368 3615 437 i533

728 486 796 540 Αί
823 484 1073 540 ἐπακταί
1096 482 1358 540 ἐκάστου
1380 485 1595 556 μηνός.
1971 490 2023 547 Α

1971 490 2023 547 Α
2443 486 2662 556 Εραειω
2692 502 2949 543 mensium
2976 485 3228 542 omnium.

376 617 498 688 Μὴν
542 616 909 687 Ὀκτώμδριος
1041 624 1091 671 α’
1231 618 1355 688 Μὴν
1391 619 1446 671 Ἀ
1455 618 1666 690 πρίλιος
1896 627 1945 674 α’

2048 621 2281 679 October
2726 639 2740 677 ι
2920 623 3135 695 Aprilis
3198 617 3205 625 ’
3592 642 3610 681 ι

375 706 500 777 Μὴν
538 707 840 777 Νοέμὸριος
1049 707 1091 762 δ’
1234 708 1357 779 Μὴν
1389 710 1563 773 Μάῐος
1896 718 1944 780 γ’

2046 716 2346 772 November
2692 733 2745 771 iv
2929 716 3101 772 Maius
3548 730 3608 772 ιιι

375 797 497 866 Μὴν
528 797 857 868 Δεκέμόριος
1045 804 1086 851 s'
1229 797 1351 870 Μὴν
1389 799 1607 863 Ἰούνιος
1890 807 1943 866 ς’

2044 808 2340 865 December
2712 826 2745 863 v
2922 808 3119 865 Junius
3554 826 3608 865 vi

376 889 501 959 Μὴν
544 888 863 959 Ἰανουάριος
1041 890 1086 960 β’
1229 892 1353 961 Μὴν
1389 891 1607 955 ’ῐούλιος
1894 898 1944 944 α’

2042 898 2336 955 Ianuarius
2707 913 2745 952 ιι
2921 898 3101 953 Julius
3589 918 3604 957 ι

377 981 503 1050 Μὴν
531 980 893 1052 Φεϐρουάριος
1044 987 1086 1034 ε’
1229 983 1353 1051 Μὴν
1380 980 1690 1051 Αὔγουστος
1898 983 1943 1036 δ’

2043 989 2375 1046 Februarius
2715 1006 2749 1043 v
2921 989 3202 1057 Augustus
3554 1008 3608 1045 Iv

376 1071 497 1143 Μὴν
528 1073 769 1143 Μάρτιος
1034 1070 1084 1127 ἐ’
1226 1073 1349 1146 Μὴν
1387 1074 1757 1147 Σεπτέμόριος
1897 1076 1941 1140 ζ’

2043 1081 2268 1137 Martius
2714 1098 2748 1136 v
2927 1079 3244 1151 September
3530 1097 3605 1137 vu

446 1187 508 1239 Εί
561 1185 722 1258 βούλῃ
778 1187 957 1258 εὑρεῖν
993 1204 1052 1241 σε
1098 1194 1159 1241 τὸ
1209 1188 1454 1260 θεμέλιον
1498 1189 1590 1243 τοῦ
1621 1190 1939 1261 φεγγαρίου,

2119 1192 2173 1247 Si
2233 1193 2375 1249 luna:
2425 1192 2838 1251 fundamentum
2880 1193 3187 1263 cujusmodi
3236 1201 3338 1261 snt,
3381 1194 3602 1258 oblitus.

373 1277 534 1329 ὁπότε
584 1277 718 1348 λήθη
762 1278 1003 1347 γίνεται·
1049 1282 1321 1351 κράτησον
1366 1280 1462 1335 τοῦ
1514 1281 1939 1353 ὲπιζητουμένου

2044 1287 2371 1357 investigare
2398 1286 2571 1342 velis:
2607 1286 2792 1355 accipe
2822 1287 3065 1341 lunarem
3104 1285 3316 1357 cyclum
3350 1286 3477 1341 anni
3510 1303 3606 1342 cu-

373 1367 527 1431 έτους
552 1368 642 1421 τὸν
675 1369 870 1424 κύκλον
890 1371 991 1440 τῆς
1018 1372 1246 1444 σελήνης
1268 1373 1463 1437 ὁπόσος
1495 1374 1588 1427 καὶ
1614 1370 1681 1445 ἦν
1700 1390 1713 1402 ·
1748 1373 1838 1427 καὶ
1863 1375 1942 1428 έν-

2041 1378 2286 1448 juslibet,
2318 1393 2554 1448 eumque
2584 1393 2680 1448 per
2715 1377 2971 1433 undecim
3000 1378 3299 1449 multiplica
3330 1394 3346 1433 :
3380 1393 3604 1433 summa

371 1456 800 1513 δεκαπλασίασον
850 1462 1009 1516 αὐτόν
1036 1478 1050 1492 ·
1108 1464 1202 1516 καὶ
1255 1463 1489 1535 πρόσθες
1536 1465 1722 1519 ἐπάνω
1774 1465 1938 1519 αὑτοῦ

2039 1470 2178 1525 adde
2206 1471 2334 1524 tria.
2369 1469 2644 1540 Quidquid
2673 1470 2778 1525 erit
2806 1470 3093 1525 collectum
3128 1485 3223 1541 per
3244 1485 3352 1525 xxx
3380 1469 3559 1525 divide
3583 1488 3598 1525 :

370 1547 529 1620 ἕτερα
566 1557 634 1618 γ’.
684 1549 793 1607 Εἶθ’
819 1554 990 1618 οὕτως
1019 1555 1284 1609 ἀνάλυσον
1310 1556 1449 1610 αὐτὰ
1478 1556 1567 1611 διὰ
1600 1558 1709 1611 τῶν
1737 1558 1780 1611 λ’
1800 1576 1814 1591 ·
1844 1558 1939 1613 καὶ

2038 1560 2317 1615 residuum
2369 1559 2415 1615 si
2466 1559 2538 1615 sit
2575 1556 2718 1613 infra
2758 1573 2889 1626 xxx,
2912 1559 3198 1630 quaesitum
3227 1558 3368 1613 luna:
3405 1556 3604 1613 funda-

367 1636 438 1690 τὰ
477 1641 719 1696 κάτωθεν
759 1644 865 1699 τῶν
898 1645 942 1699 λ’
973 1644 1191 1718 δηλοῦσι
1220 1647 1282 1700 τὸ
1317 1647 1563 1718 θεμέλιον
1594 1648 1689 1702 τοῦ
1734 1666 1939 1719 φεγγα-

973 1644 1191 1718 δηλοῦσι
1220 1647 1282 1700 τὸ
1317 1647 1563 1718 θεμέλιον
1594 1648 1689 1702 τοῦ
1734 1666 1939 1719 φεγγα-
2037 1659 2279 1707 mentum
2305 1649 2540 1706 exhibet.

372 1729 490 1801 ρίου

380 1879 700 1899 m

1834 2204 2143 2260 ΔΣΤΕΡΩΝ

1174 2349 1270 2403 Ἐκ
1302 2348 1394 2403 τοῦ
1429 2348 1612 2422 τρίτου
1642 2349 1931 2420 τμήματος
1960 2348 2167 2402 ’Δετίου
2194 2347 2649 2419 Ἀμιδηνοῦ,κεφ.
2689 2347 2814 2421 ρξδη
2904 2362 2917 2375 ⁸

876 2596 1027 2688 DE
1101 2595 2299 2690 SIGNIFICATIONIBUS
2367 2536 3070 2686 STELLARUM

1199 2786 1284 2844 Ea:
1311 2787 1558 2844 Sermone
1587 2786 1687 2843 111
1718 2787 2014 2845 Tetrabibli
2034 2788 2175 2845 Aetii
2198 2786 2462 2855 Amideni,
2486 2800 2637 2857 caput
2672 2788 2795 2843 164.

1626 2933 1924 3004 interprete
1950 2930 2237 2991 Comario.

444 3148 661 3221 Ἐπειδὴ
677 3148 731 3202 δὲ
748 3150 840 3204 καὶ
861 3152 908 3203 οξ
931 3153 1052 3205 κατ’
1067 3152 1292 3225 οὐρανὸν
1308 3153 1536 3228 ἀστέρες
1551 3156 1929 3223 ἀνατέλλοντες
1961 3168 2002 3221 Β

2101 3150 2553 3222 Quandoquidem
2608 3149 2771 3206 etiam
2836 3150 3007 3206 stellze
3065 3150 3120 3206 in
3178 3151 3320 3206 coelo
3357 3151 3599 3211 oriente;

365 3238 505 3291 κατά
522 3240 647 3301 τοὺς
677 3241 1040 3311 τεταγμένους
1066 3243 1249 3306 αὐτοῖς
1271 3244 1379 3296 ὑπὸ
1402 3244 1497 3297 τοῦ
1527 3245 1661 3299 Θεοῦ
1685 3249 1928 3318 καιροὺς,

2028 3245 2187 3316 juxta
2216 3250 2460 3312 tempora
2514 3256 2545 3295 a
2603 3240 2715 3296 Deo
2762 3240 2899 3311 ipsis
2930 3241 3208 3305 ordinata,
3259 3248 3313 3297 et
3342 3242 3597 3299 similiter

361 3333 457 3384 καὶ
489 3331 736 3396 δύνοντες
778 3333 980 3404 ὁμοίως
1020 3334 1111 3387 τὸν
1140 3335 1277 3406 ἀέρα
1323 3335 1645 3400 ἀλλοιοῦσιν,
1686 3338 1761 3402 ὡς
1795 3355 1932 3403 συμ-

2034 3334 2349 3393 occidentes
2371 3348 2496 3389 aera
2535 3340 2773 3396 mutant,
2812 3341 2874 3387 ut
2897 3333 3179 3404 contingat
3204 3349 3271 3388 ex
3305 3333 3408 3389 hoc
3432 3336 3596 3390 etiam

359 3420 565 3475 ϐαίνειν
592 3424 654 3475 ὲκ
682 3422 870 3475 τούτου
910 3423 1004 3477 καὶ
1037 3425 1270 3495 ἀνέμους
1306 3426 1491 3480 ἄλλοτε
1536 3428 1709 3492 ἄλλως
1742 3434 1927 3483 πνεῖνσ

2032 3432 2231 3481 ventos
2258 3424 2397 3479 alias
2425 3423 2583 3479 aliter
2621 3422 2854 3493 spirare,
2901 3424 3275 3479 necessarium
3328 3423 3457 3479 duxi
3511 3425 3599 3480 hic

360 3512 657 3581 ἀναγκαῖον
686 3512 911 3583 ἐνόμισα
944 3514 1178 3567 ἐνταῦθα
1213 3514 1449 3584 δηλῶσαι
1483 3519 1725 3588 καιροὺς,
1766 3519 1824 3571 ὲν
1851 3514 1933 3583 οἷς

2031 3524 2276 3587 tempora
2306 3515 2571 3579 indicare,
2600 3514 2654 3569 in
2687 3514 2885 3585 quibus
2908 3530 3117 3579 earum,
3153 3530 3273 3586 quae
3300 3516 3478 3587 palam
3509 3531 3598 3572 ae-

360 3605 558 3669 αὐτῶν,
600 3605 785 3675 σαφῶς
826 3606 1178 3660 ἀλλοιούντων
1215 3607 1307 3661 τὸν
1355 3609 1511 3679 ἀέρα,
1553 3610 1807 3665 ἀνατολαὶ
1838 3611 1933 3671 καὶ

2030 3623 2144 3664 rem
2168 3607 2423 3671 alteram,
2446 3614 2600 3662 ortus
2634 3612 2690 3661 et
2728 3621 2959 3662 occasus
2984 3606 3137 3661 fiunt.
3164 3606 3298 3661 Nam
3338 3622 3597 3663 sanorum

356 3694 538 3758 δύσεις
585 3695 840 3763 γίνονται.
873 3697 984 3750 Καὶ
1038 3697 1149 3768 γὰρ
1193 3697 1300 3751 τῶν
1337 3699 1689 3766 ὑγιαινόντων
1719 3700 1787 3753 τὰ
1824 3699 1931 3753 σώ-

2031 3713 2287 3769 corpora,
2330 3704 2385 3753 et
2434 3697 2605 3752 multo
2648 3697 2822 3769 magis
2865 3705 3213 3770 aegrotorum,
3244 3698 3402 3769 juxta
3453 3698 3597 3754 aeris

363 3801 526 3854 ματα,
560 3786 653 3839 καὶ
682 3786 865 3857 πολλῷ
899 3788 1097 3858 μᾶλλον
1134 3789 1241 3841 τῶν
1280 3789 1599 3855 νοσούντων,
1631 3791 1931 3846 ἀλλοιοῦται

1009 3789 1097 3842 λον
1134 3789 1241 3841 τῶν
1280 3789 1599 3855 νοσούντων,
1631 3791 1931 3846 ἀλλοιοῦται
2032 3795 2238 3845 statum
2274 3788 2596 3844 alterantur.

360 3877 496 3948 πρὸς
524 3878 623 3949 τὴν
649 3878 743 3931 τοῦ
770 3880 929 3950 ἀέρος
954 3881 1301 3935 κατάστασιν.

429 3969 576 4038 Μηνὶ
608 3969 850 4041 Δύστρῳ,
900 3972 928 4025 ὅ
985 3975 1100 4025 ἐστι
1142 3972 1371 4044 Μαρτίῳ
1419 3972 1505 4037 ιθ¹,
1557 3973 1586 4026 ό
1644 3971 1932 4045 λεγόμενος

2103 3969 2288 4026 Mense
2324 3968 2545 4041 Dystro,
2582 3968 2676 4039 qui
2705 3967 2939 4025 Martius
2958 3976 3063 4034 est,
3090 3968 3276 4040 Equus
3299 3983 3459 4026 mane
3487 3970 3590 4025 ori-

363 4059 558 4121 Ἵππος
584 4060 880 4114 ἀνατέλλει.

2031 4067 2123 4115 tur
2147 4059 2357 4114 decima
2382 4074 2525 4113 nona
2561 4057 2671 4113 die.
2986 4090 2990 4097 ι

429 4148 576 4218 Μηνὶ
607 4148 684 4219 τῷ
718 4150 866 4220 αὐτῷ
902 4156 987 4219 κγ’
1019 4153 1276 4225 ἰσημερία
1305 4154 1492 4226 ὲαρινή
1512 4170 1525 4185 ·
1557 4155 1651 4208 καί
1688 4155 1805 4209 ἐστι
1836 4172 1933 4227 με-

2101 4149 2287 4207 Mense
2333 4150 2545 4217 eodem,
2600 4150 2689 4205 die
2733 4165 2890 4214 χχιιι,
2929 4149 3319 4220 aequinoctium
3369 4166 3598 4207 vernum

360 4239 520 4312 γίστη
545 4241 755 4312 ταραχὴ
785 4240 879 4294 τοῦ
907 4243 1085 4314 ἀέρος.

2086 4251 2137 4306 ιι,
2170 4250 2224 4297 et
2242 4241 2478 4296 maxima
2501 4241 2646 4297 aeris
2673 4241 2933 4299 turbatio.

431 4331 579 4402 Μηνὶ
627 4330 893 4402 Ξανθικῷ,
937 4333 1216 4388 τουτέστιν
1256 4334 1516 4407 Ἀπριλίῳ
1554 4341 1625 4400 α’,
1668 4334 1933 4408 Πληῖάδες

2103 4331 2285 4387 Mense
2301 4329 2596 4397 Xantbico,
2621 4331 2716 4402 qui
2738 4337 2824 4386 est
2841 4330 3257 4402 Aprilis,prima
3277 4328 3367 4387 die
3378 4329 3600 4388 ineunte

360 4418 647 4489 ἀκρόνυχοι
681 4421 979 4488 φαίνονται.

2033 4432 2191 4477 nocte
2218 4423 2263 4454 ²⁰
2294 4420 2541 4477 Pleiades
2566 4429 2847 4492 apparent.

428 4508 575 4579 Μηνὶ
596 4509 674 4579 τῷ
703 4509 851 4580 αὐτῷ
882 4511 944 4564 ιϐ’
969 4512 1233 4583 Πληῖἀδες
1262 4513 1503 4587 ἑσπέριοι
1526 4514 1879 4586 κρύπτονται.
1957 4500 2002 4559 C

2103 4512 2288 4568 Mense
2328 4512 2542 4575 eodem,
2586 4512 2674 4567 die
2706 4527 2822 4579 xix,
2873 4509 3122 4567 Pleiades
3164 4514 3375 4584 vesperi
3410 4513 3597 4569 occul-

429 4601 685 4672 Μηνὶτῷ
727 4602 875 4673 αὑτῷ
905 4610 989 4657 κα¹
1032 4605 1295 4674 Πληῖάδες
1337 4606 1453 4675 ἃμα
1502 4604 1653 4676 ὴλίου
1696 4606 1924 4679 ἀνατολῇ
2034 4613 2237 4659 tantur.

358 4691 696 4748 ἔπιτέλλουσι
716 4712 729 4727 υ
760 4696 851 4750 καί
883 4698 996 4749 ἐστι
1033 4696 1262 4768 μεγίστη
1289 4699 1323 4768 ὴ
1367 4697 1495 4769 περὶ
1526 4698 1618 4751 τὸν
1662 4700 1802 4771 ἀέρα
1833 4716 1928 4753 τα-

2102 4696 2287 4754 Mense
2314 4697 2525 4763 eodem,
2555 4714 2668 4764 ιιι,
2686 4697 2932 4754 Pleiades
2953 4710 3077 4750 cum
3106 4696 3240 4751 solis
3266 4703 3393 4751 ortu
3422 4698 3600 4752 oriun-

358 4787 519 4857 ραχήσ

2022 4796 2160 4849 .tur:
2198 4800 2253 4845 et
2282 4796 2368 4845 est
2391 4789 2631 4844 maxima
2656 4789 2805 4844 circa
2839 4802 3021 4843 aerem
3054 4785 3313 4840 turbatio.

426 4878 573 4949 Μηνὶ
595 4876 674 4949 τῷ
702 4876 849 4949 αὐτῷ
872 4877 953 4942 κζ’
987 4878 1176 4950 Ὠρίων
1202 4880 1452 4951 ἑσπέριος
1473 4880 1791 4952 κρύπτεται.

2102 4879 2287 4935 Mense
2310 4879 2523 4943 eodem,
2552 4896 2724 4944 xxv",
2753 4878 2921 4933 Orion
2955 4877 3168 4947 vesperi
3201 4876 3526 4932 occultatur.

424 4972 572 5042 Μηνὶ
621 4971 969 5042 Ἀρτεμισίῳ,
1020 4972 1048 5024 ὃ
1090 4972 1204 5025 ἐστι
1242 4974 1405 5043 Μαΐῳ
1450 4979 1521 5036 α’,
1571 4974 1759 5038 Ὑάδες
1809 4974 1926 5045 ἅμα

2102 4969 2285 5026 Mense
2304 4968 2621 5037 Artemisio,
2652 4971 2754 5025 hoc
2775 4979 2859 5026 est
2888 4969 3049 5033 Maio,
3075 4968 3251 5038 prima
3275 4966 3363 5023 die
3382 4966 3595 5037 Hyadrs

356 5058 508 5131 ἡλίου
540 5061 772 5132 ἀνατολῇ
805 5061 1161 5115 ἐπιτέλλουσι.

2031 5076 2157 5118 cum
2192 5064 2323 5119 solis
2348 5074 2469 5118 ortu
2494 5062 2765 5117 oriuntur.

426 5152 572 5221 Μηνὶ
592 5151 669 5222 τῷ
690 5151 839 5221 αὐτῷ
868 5151 931 5215 δ’,
966 5151 1119 5223 Λύρα
1137 5151 1391 5224 ἑσπέριος
1413 5152 1701 5217 ἐπιτέλλει,
1729 5154 1822 5206 καὶ
1841 5153 1930 5208 ἀλ-

2105 5150 2289 5207 Meuse
2315 5152 2526 5215 eodem,
2564 5168 2617 5206 iv
2648 5151 2759 5216 die,
2780 5148 2919 5222 Lyra
2951 5148 3162 5219 vesperi
3196 5148 3392 5215 oritur,
3425 5155 3482 5203 et
3504 5163 3598 5203 aer

356 5239 591 5293 λοιοῦται
614 5241 720 5313 ἀὴρ
755 5242 971 5305 ἱκανῶς.

2034 5244 2265 5299 multum
2299 5244 2580 5299 alteratur.

426 5332 573 5403 Μηνὶ
602 5332 679 5403 τῷ
716 5331 863 5404 αὐτῷ
890 5340 943 5398 ς’
975 5332 1073 5398 Αἲξ
1113 5335 1222 5404 ἑῴα
1267 5330 1571 5402 ἐπιτέλλει,
1597 5336 1690 5388 καὶ
1721 5334 1926 5405 σφόδρα

2102 5332 2287 5389 Mense
2305 5333 2517 5398 eodem,
2544 5350 2620 5400 vi,
2644 5334 2815 5404 Capra
2839 5346 2999 5388 mane
3018 5331 3214 5395 oritur,
3236 5339 3281 5385 el
3298 5328 3453 5384 valde
3473 5329 3599 5384 alte-

355 5423 658 5478 ἀλλοιοῦται
682 5426 709 5478 ό
734 5424 843 5497 ἀὴρ
876 5424 982 5496 πρὸ
1023 5427 1151 5496 μιᾶς
1180 5426 1212 5496 ἢ
1241 5426 1354 5479 δύο.

738 5424 843 5497 ἀὴρ
876 5424 982 5496 πρὸ
1023 5427 1151 5496 μιᾶς
1180 5426 1212 5496 ἢ
1241 5426 1354 5479 δύο.
2030 5433 2186 5481 ratur
2218 5440 2326 5480 aer.

425 5515 571 5586 Μηνὶ
595 5515 756 5586 Μαΐῳ
782 5515 825 5580 ζ’
851 5516 1113 5586 Πληῖάδες
1132 5517 1264 5588 ἑῷαι
1293 5517 1594 5586 φαίνονται,
1634 5517 1728 5571 καὶ
1763 5516 1925 5590 ἄρχεο

2103 5514 2228 5573 Maii
2257 5532 2331 5572 vn
2352 5514 2597 5574 Pleiades
2625 5531 2783 5573 mane
2810 5523 3091 5589 apparent.
3114 5521 3168 5569 et
3190 5526 3285 5568 aer
3304 5508 3483 5568 sedari
3510 5511 3598 5565 in-

360 5618 445 5657 sat
474 5605 504 5658 ό
528 5604 635 5676 ἀὴρ
668 5604 1044 5660 καθίστασθαι.

591 5622 635 5676 ιρ
668 5604 1044 5660 καθίστασθαι.
2025 5606 2179 5678 cipit.

431 5759 475 5791 ⁸⁸
502 5756 792 5814 Carnarius
831 5760 984 5827 male,
1016 5762 1336 5831 intempesta
1379 5770 1556 5819 nocte.
