4070 6406
437 333 590 393 ’1335
1501 331 1592 386 AD
1631 328 1906 388 EUSEBII
1941 325 2336 384 CHRONICON
2375 327 2758 389 APPENDIX.‘
3527 323 3696 384 1536

519 447 647 503 Maii
678 463 789 513 ιιι,
829 448 1043 522 Hyades
1093 465 1255 506 mane
1305 460 1588 522 apparent,
1636 460 1691 506 et
1726 466 1820 506 aer
1868 449 2027 504 valde
2052 448 2100 505 Α

2091 482 2100 504 ι
2194 451 2339 520 Μηνὶ
2365 452 2525 522 Μαΐῳ
2551 452 2615 505 ιθ⁹
2648 452 2836 515 Ὑάδες
2858 438 2988 521 ἑῷαι
3023 447 3323 520 φαίνονται,
3350 447 3442 501 καὶ
3463 445 3698 500 ἀλλοιοῦ-

449 540 713 598 alteratur
737 541 930 610 pridie,
960 549 1053 596 aut
1084 543 1284 598 nudius
1309 544 1502 598 tertius
1536 543 1656 612 eius
1679 543 1809 599 diei.

1698 543 1809 599 Iiei.
2124 559 2213 596 ται
2244 543 2382 596 πάνυ
2411 545 2439 595 6
2472 542 2578 614 ἀὴρ
2604 543 2710 613 πρὸ
2738 541 2918 612 μιᾶςῆ
2941 540 3034 594 δύο
3061 537 3305 611 ἡμερῶν.

524 632 646 686 Maii
693 648 820 686 xxiv
852 632 1027 703 Capra
1060 635 1274 705 vesperi
1327 635 1680 699 occultatur;
1709 642 1765 690 et
1814 633 2018 690 nudius

2191 636 2336 706 Μηνὶ
2373 636 2452 706 τῷ
2493 636 2641 706 αύτῷ
2675 635 2749 688 κδ’
2779 633 2879 698 Αἲξ
2915 635 3167 706 ἑσπέριος
3221 631 3519 704 κρύπτεται
3543 646 3557 660 ⁸
3600 627 3698 686 καὶ

452 721 647 777 tertius
672 722 792 791 ejus
824 721 931 777 diei
963 738 1058 778 aer
1087 731 1359 779 movetur.

2124 729 2352 782 κινεῖται
2381 728 2409 778 6
2435 727 2542 797 ἀὴρ
2573 725 2679 797 πρὸ
2706 725 2798 778 δύο
2821 724 3059 795 ἡμερῶν.

521 813 722 869 Mensis
749 813 899 868 Junii
940 815 1204 879 secunda,
1233 816 1427 886 Aquila
1456 816 1667 888 vesperi
1697 816 1895 873 oritur.

1860 833 1895 872 Γ.
2193 818 2339 888 Μηνὶ
2377 816 2578 888 Ἰουνίῳ
2609 816 2650 886 β’
2693 815 2874 878 Ἀετὸς
2900 815 3152 886 ἑσπέριος
3182 812 3467 866 ἐπιτέλλει.

520 899 724 955 Mensis
752 900 994 970 ejusdem
1021 918 1076 956 vi
1114 903 1380 959 Arcturus
1409 921 1569 960 mane
1607 906 1828 962 occidit.

1827 952 1828 956 η
2195 909 2342 979 Μηνὶ
2485 907 2633 978 αὐτῷ
2664 913 2717 971 ς’
2763 905 3084 978 Ἀρκτοῦρος
3112 904 3244 972 ἑῷος
3269 903 3434 956 δύνει.

519 989 722 1046 Mensis
749 993 994 1070 ejusdem
1024 1010 1081 1048 Ix
1116 995 1342 1066 Delphin
1372 1011 1600 1066 vespere
1627 998 1822 1051 oritur.

2194 1000 2341 1070 Μηνὶ
2369 998 2446 1069 τῷ
2477 997 2625 1069 αύτῷ
2661 997 2705 1050 θ’
2729 996 2924 1064 Δελφὶς
2953 994 3202 1066 ἑσπέριος
3230 994 3515 1049 ἐπιτέλλει.

521 1081 792 1138 Vicesima
821 1069 1013 1154 quinta
1048 1086 1216 1141 Orion
1253 1104 1412 1143 mane
1459 1089 1592 1142 oriri
1636 1089 1848 1159 incipit.
1883 1090 2024 1151 Sunt

2194 1069 2340 1160 Μηνὶ
2368 1088 2445 1158 τῷ
2499 1087 2646 1156 αύτῷ
2678 1091 2757 1140 κε’
2805 1086 2996 1158 Ὠρίων
3046 1083 3179 1154 ἐῷος
3218 1084 3442 1155 ἄρχεται
3483 1082 3696 1137 ἐπιτέλ-

451 1163 632 1228 auter'n
667 1175 906 1230 solstitia
951 1177 1161 1245 aestiva,
1188 1186 1244 1234 et
1283 1195 1377 1234 aer
1412 1181 1590 1236 tribus
1635 1181 1828 1236 diebus
1863 1190 2020 1238 antea

2123 1181 2256 1235 λειν.
2288 1181 2408 1232 Εἰσὶ
2439 1181 2496 1233 δὲ
2519 1180 2717 1251 τροπαὶ
2741 1177 2948 1249 θεριναί
2967 1193 2982 1207 ο
3028 1178 3123 1230 καὶ
3157 1175 3461 1230 ἀλλοιοῦται
3491 1175 3697 1248 σφόδρα

447 1265 604 1322 valde
629 1267 914 1322 alteratur.

2123 1275 2152 1326 6
2180 1271 2287 1342 ἀὴρ
2313 1272 2417 1344 πρὸ
2447 1271 2612 1342 τριῶν
2642 1274 2674 1342 ὴ
2686 1270 2885 1342 μερῶν.

521 1359 724 1415 Mensis
756 1360 886 1415 Julii
915 1363 1077 1418 tertio
1104 1361 1272 1419 Orion
1297 1372 1445 1422 totus
1477 1367 1674 1428 oritur.

2195 1363 2342 1432 Μηνὶ
2387 1362 2588 1432 Ἰουλίῳ
2615 1369 2661 1430 γ’
2703 1361 2893 1434 Ὠρίων
2922 1361 3043 1426 ὅλος
3073 1360 3359 1415 ἐπιτέλλει.

450 1457 455 1464 ·
525 1448 748 1505 Decima
777 1459 972 1521 quarta
1005 1453 1249 1525 Procyon
1282 1471 1440 1512 mane
1463 1457 1660 1514 oritur.

2190 1453 2337 1525 Μηνὶ
2368 1453 2445 1524 τῷ
2475 1453 2622 1524 αὐτῷ
2655 1453 2714 1505 ιδ’
2739 1453 3000 1525 Προκύων
3024 1453 3157 1525 ἑῷος
3189 1453 3477 1509 ἐπιτέλλει.

522 1539 743 1596 Decima
792 1558 935 1597 nona
977 1542 1142 1600 Canis
1197 1562 1358 1602 mane
1407 1549 1621 1611 oritur;
1671 1558 1725 1604 et
1757 1551 2026 1620 contingit

2195 1547 2342 1618 Μηνὶ
2368 1545 2446 1616 τῷ
2478 1545 2624 1617 αύτῷ
2657 1545 2720 1598 ιθ·
2749 1545 2910 1604 Κύων
2943 1545 3076 1617 ἑῷος
3096 1546 3360 1600 ἐπιτέλλει
3378 1563 3392 1576 ⁸
3430 1547 3523 1601 καὶ
3551 1547 3699 1615 γίνε-

449 1635 687 1688 maxima
734 1637 877 1691 aeris
925 1637 1202 1705 turbatio;
1263 1638 1560 1710 aliquando
1596 1641 1759 1698 etiam
1815 1645 2020 1701 nudius

2124 1653 2214 1690 ται
2260 1637 2491 1707 μεγίστη
2522 1635 2614 1690 τοῦ
2639 1637 2799 1708 ἀέρος
2852 1635 3084 1708 ταραχὴ,
3117 1636 3289 1690 ἐνίοτε
3327 1638 3420 1690 καὶ
3461 1635 3566 1707 πρὸ
3603 1636 3699 1689 δύο

452 1729 646 1782 tertius
671 1727 792 1796 ejus
821 1727 950 1784 diei.
2049 1787 2059 1800 ε

765 1743 792 1783 s
821 1727 950 1784 diei.
2049 1787 2096 1800 _
2123 1728 2365 1800 ἡμερῶν.

525 1787 800 1874 Vicesima
831 1820 1023 1889 quinta
1051 1819 1251 1891 Aquila
1296 1836 1456 1879 mane
1492 1823 1726 1892 occidit;
1773 1835 2024 1882 movetur
2049 1787 2099 1848 Β

2094 1798 2099 1840 ί
2145 1787 2341 1892 ’,Μηνὶ
2367 1818 2442 1891 τῷ
2461 1819 2608 1892 αὐτῷ
2637 1827 2714 1874 κε’
2750 1819 2930 1884 Ἀετὸς
2959 1820 3092 1892 ἑῷος
3118 1819 3263 1874 δύνει
3281 1834 3297 1848 ³
3326 1823 3549 1873 κινεῖται
3586 1819 3641 1872 δὲ
3670 1821 3701 1883 ὁ

454 1918 634 1966 autem
667 1925 762 1966 aer
792 1921 916 1967 ante
953 1912 1218 1966 triduum.

2127 1910 2234 1982 ἀὴρ
2274 1911 2380 1982 πρὸ
2409 1910 2574 1981 τριῶν
2599 1911 2842 1982 ἡμερῶν.

527 2000 732 2058 Mensis
760 2003 990 2073 Augusti
1029 2019 1098 2056 xv
1133 2002 1273 2074 Lyra
1305 2020 1465 2060 mane
1488 2007 1708 2062 occidit.

1680 2015 1708 2062 ι,
2198 2001 2662 2071 ΜηνὶοΑύγούστῳ
2699 2009 2759 2054 ιε’
2789 2001 2941 2074 Λύρα
2957 2002 3101 2075 -ἐῷος
3121 2003 3287 2057 δύνει.

529 2093 748 2150 Decima
785 2110 929 2150 nona
977 2095 1209 2164 Delphin
1244 2112 1406 2152 mane
1437 2099 1682 2168 occidit;
1713 2107 1768 2155 et
1797 2109 1881 2158 est
1908 2117 2030 2157 mu-

2196 2094 2342 2164 Μηνὶ
2371 2093 2451 2163 τῷ
2493 2093 2641 2163 αὐτῷ
2694 2093 2758 2147 ιϐ’
2798 2094 2995 2163 Δελφὶς
3050 2094 3182 2165 ἑῷος
3229 2095 3405 2150 δύνειο
3443 2096 3534 2149 καὶ
3584 2096 3701 2150 ἔστι

457 2186 592 2238 tatio
619 2185 826 2242 aestatis
849 2187 915 2241 ad
943 2186 1318 2256 frigiditatem.

2126 2185 2303 2257 τροπὴ
2337 2185 2430 2238 τοῦ
2464 2185 2656 2256 θέρους
2681 2187 2775 2239 ἐπὶ
2808 2187 2868 2240 τὸ
2889 2187 3093 2258 ψυχρόν
3115 2189 3181 2242 ²¹.

528 2279 800 2336 Vieesima
851 2289 1042 2336 octava
1089 2280 1460 2337 Vindemiator
1507 2299 1669 2340 mane
1727 2287 1926 2354 oritur,
1974 2298 2029 2346 et

2199 2278 2346 2348 Μηνὶ
2377 2277 2456 2348 τῷ
2485 2278 2633 2350 αὐτῷ
2677 2286 2763 2350 κη’
2798 2280 3190 2352 Προτρυγητὴς
3233 2279 3366 2352 ἑῷος
3413 2281 3699 2347 ἐπιτέλλει,

458 2371 636 2425 malus
663 2369 827 2428 Navis
861 2373 1063 2428 occidit
1094 2391 1107 2428 :
1141 2382 1194 2428 et
1223 2380 1309 2428 est
1331 2372 1456 2430 ﬁnis
1488 2377 1698 2433 dierum
1724 2389 1848 2452 post
1869 2399 2031 2438 exor-

2131 2372 2225 2426 καὶ
2254 2373 2284 2426 6
2319 2371 2486 2436 Ἰστὺς
2517 2372 2682 2426 δύνει.
2716 2373 2871 2426 Ἐστι
2907 2373 3030 2426 τότε
3050 2373 3201 2436 τέλος
3235 2373 3372 2445 μετὰ
3397 2373 3495 2446 τὴν
3522 2377 3703 2428 ἐπιτο-

457 2467 572 2514 tum
600 2459 764 2516 Canis
795 2460 1002 2516 dierum
1035 2479 1125 2517 XL.

2130 2463 2226 2535 λὴν
2250 2463 2344 2517 τοῦ
2376 2463 2554 2527 Κυνὸς
2585 2464 2804 2536 ἡμερῶν
2841 2468 2930 2536 pf.”

527 2549 736 2607 Mensis
767 2549 1103 2624 Septembris
1129 2558 1360 2627 septima
1387 2559 1567 2630 Capra
1596 2561 1808 2630 vesperi
1833 2563 2027 2618 oritur.

1934 2579 2027 2618 ,ur.
2199 2556 2347 2627 Μηνὶ
2379 2556 2735 2627 Σεπτεμϐρίῳ
2770 2556 2814 2620 ζ’
2848 2556 2946 2621 Αἲξ
2979 2557 3233 2629 ἑσπέριος
3258 2557 3541 2612 ἐπιτέλλει.

530 2641 754 2699 Decima
787 2646 1018 2716 septima
1056 2645 1324 2708 Arcturus
1362 2652 1558 2720 oritur,
1588 2659 1643 2708 et
1671 2654 1867 2709 alterat
1905 2671 2032 2712 vero

2200 2648 2348 2718 Μηνὶ
2388 2646 2465 2717 τῷ
2513 2648 2662 2718 αὐτῷ
2708 2646 2839 2712 ιζ”²
2881 2647 3206 2721 Ἀρκτοῦρος
3249 2650 3549 2704 ἐπιτέλλει·
3609 2651 3704 2704 καὶ

461 2737 711 2795 sequenti
733 2735 840 2790 die.

2131 2737 2334 2792 ἀλλοιοῖ
2358 2742 2424 2810 τῇ
2454 2738 2582 2810 ἑξῆς
2607 2739 2792 2812 ἡμέρᾳ
2816 2741 2880 2794 ³³.

534 2825 754 2882 Decima
786 2843 931 2884 nona
967 2828 1131 2901 Spiea
1180 2848 1342 2890 mane
1383 2835 1580 2901 oritur,
1631 2837 1895 2892 alteratur
1938 2853 2033 2894 aer

2200 2830 2347 2902 Μηνὶ
2372 2829 2448 2901 τῷ
2472 2829 2619 2900 αὐτῷ
2658 2830 2718 2882 ιϐ’
2751 2831 2962 2901 Στάχυς
2995 2829 3128 2902 ἑῷος
3148 2831 3415 2886 ἐπιτέλλει
3434 2849 3448 2862 ·
3473 2831 3707 2886 ἀλλοιοῦ-

461 2918 676 2974 duobus
709 2921 902 2977 diebus
935 2931 1115 2978 antea.

2129 2938 2220 2976 ται
2246 2922 2304 2975 δὲ
2328 2925 2356 2976 ὁ
2383 2923 2489 2994 ἀὴρ
2523 2923 2628 2994 πρὸ
2649 2924 2742 2977 δύο
2767 2923 3007 2995 ἡμερῶν.

533 3011 804 3066 Vicesima
825 3013 1014 3086 quinta
1037 3015 1425 3085 aequinoctium
1450 3017 1509 3072 ﬁt
1525 3018 1926 3082 autumnale,et
1948 3025 2032 3074 est

2201 3014 2349 3085 Μηνὶ
2385 3013 2462 3084 τῷ
2483 3011 2632 3080 αὐτῷ
2663 3019 2741 3066 κε’
2768 3013 3025 3084 ίσημερία
3053 3011 3417 3084 φθινοπωρινή
3440 3030 3454 3043 ο
3484 3012 3577 3066 καὶ
3623 3013 3706 3080 γί-

460 3103 699 3157 maxima
730 3105 875 3160 aeris
910 3107 1151 3162 turbatio
1191 3107 1367 3164 tribus
1393 3117 1553 3164 antea
1581 3109 1776 3165 diebus
1810 3129 1824 3164 :
1859 3125 2067 3182 quarei

2099 3128 2103 3186 ί
2135 3120 2281 3157 νεται
2300 3104 2527 3174 μεγίστη
2539 3103 2750 3176 ταραχὴ
2765 3103 2858 3156 τοῦ
2875 3103 3037 3175 ἀέρος
3063 3103 3168 3174 πρὸ
3189 3103 3353 3174 τριῶν
3371 3106 3475 3174 ήμε
3485 3103 3608 3174 ρῶν·
3625 3103 3706 3156 διὸ

459 3201 546 3246 est
585 3194 887 3250 cavendum
929 3213 996 3252 ne
1035 3214 1230 3254 venam
1280 3213 1564 3263 secemus,
1613 3215 1790 3270 neque
1832 3216 2034 3272 purge-

2135 3197 2649 3269 παραφυλάττεσθαι
2675 3197 2780 3268 χρὴ
2814 3197 2946 3268 μηδὲ
2963 3196 3332 3266 φλεϐοτομεῖν,
3355 3195 3488 3266 μηδέ
3514 3193 3704 3247 καθαί-

461 3300 620 3348 mus,
652 3301 829 3356 neque
870 3287 1006 3342 alias
1041 3304 1244 3359 corpus
1279 3289 1585 3355 vehementi
1619 3297 1784 3344 motu
1815 3305 2035 3346 movea-

2140 3308 2272 3363 ρειν,
2312 3291 2433 3360 μηδ’
2473 3289 2646 3353 ἄλλως
2673 3289 2735 3341 τὸ
2762 3289 2918 3359 σῶμα
2944 3290 3111 3341 κινεῖν
3133 3287 3335 3358 σφοδρᾷ
3366 3289 3575 3360 κινήσει
3601 3287 3705 3341 ἀπὸ

463 3390 587 3430 mus
614 3391 643 3428 a
680 3375 892 3432 decima
939 3379 1131 3448 quinta
1169 3379 1506 3451 Septembris
1533 3398 1710 3454 usque
1742 3384 1809 3439 ad
1839 3383 2038 3440 vicesi-

1440 3383 1506 3438 ris
1533 3398 1710 3454 usque
1742 3384 1809 3439 ad
1839 3383 2038 3440 vicesi-
2139 3391 2200 3440 ιε’
2229 3382 2322 3437 τοῦ
2349 3381 2727 3454 Σεπτεμϐρίου
2755 3381 2917 3452 μέχρι
2947 3380 3047 3435 κδ’.

463 3481 608 3521 mam
638 3479 885 3539 quartam
917 3471 1160 3539 ejusdem
1185 3473 1411 3532 mensis.

536 3556 732 3613 Mensis
757 3557 1008 3616 Octobris
1035 3570 1187 3616 sexta
1221 3560 1437 3617 Corona
1461 3578 1621 3620 mane
1649 3565 1843 3631 oritur,
1871 3573 1926 3622 et
1950 3573 2036 3623 est

2204 3563 2353 3634 Μηνὶ
2391 3559 2708 3632 Ὀκτωϐρίῳ
2736 3565 2790 3625 ς’
2821 3558 3092 3628 Στέφανος
3129 3555 3262 3628 ἑῷος
3294 3556 3592 3612 ἐπιτέλλει·
3615 3558 3707 3614 καί

459 3649 757 3706 vehemens
789 3651 932 3708 aeris
961 3656 1208 3709 mutatio.

2137 3655 2252 3708 ἑστι
2282 3652 2488 3724 σφοδρά
2518 3651 2787 3723 μεταϐολὴ
2814 3651 2911 3704 τοῦ
2945 3651 3124 3720 ἀέρος.

534 3740 777 3811 Septima
811 3743 968 3800 Haedi
993 3748 1206 3816 vesperi
1230 3748 1504 3806 oriuntur.

2205 3747 2352 3817 Μηνὶ
2375 3745 2453 3814 τῷ
2482 3743 2631 3814 αὐτῷ
2659 3742 2702 3807 ζ’
2741 3745 2957 3814 Ἔριφοι
2985 3741 3230 3812 ἑσπέριοι
3257 3739 3609 3794 ἑπιτέλλουσι.

537 3833 758 3888 Decima
817 3837 1046 3905 septima
1092 3837 1309 3909 Hyades
1357 3855 1583 3912 vespere
1637 3843 1939 3898 oriuntur:
1983 3850 2037 3899 et

2208 3838 2355 3907 Μηνὶ
2375 3835 2452 3906 τῷ
2478 3835 2625 3905 αὐτῷ
2655 3833 2720 3898 ιζ’
2754 3834 2942 3896 Ὑάδες
2959 3831 3200 3902 ἑσπέριοι
3220 3831 3556 3885 ἑπιτέλλουσι
3574 3848 3588 3861 ’
3617 3831 3709 3884 καὶ

463 3938 660 3994 magna
687 3926 742 3979 lit
771 3928 913 3982 aeris
942 3929 1204 3984 turbatio.

2140 3929 2297 4000 ἱκανὴ
2320 3926 2534 4000 ταραχὴ
2556 3923 2649 3979 τοῦ
2679 3925 2840 4005 ἀέρος
2863 3925 3089 3994 γίνεται.

538 4014 814 4072 Vicesima
843 4020 1024 4085 tertia,
1055 4036 1164 4076 una
1192 4038 1316 4077 cum
1348 4024 1482 4080 solis
1521 4035 1644 4080 ortu
1667 4024 1914 4082 Pleiades
1938 4041 2036 4081 oe-

2207 4023 2353 4092 Μηνὶ
2377 4021 2456 4090 τῷ
2479 4016 2628 4088 αὐτῷ
2649 4024 2732 4085 κγ’
2755 4016 2870 4088 ἅμα
2897 4016 3046 4087 ἡλίου
3073 4015 3304 4085 ἀνατολῇ
3329 4014 3596 4083 Πληῖἀδες
3622 4011 3714 4067 δύο

464 4109 659 4165 eidunt
692 4129 706 4166 :
737 4119 791 4166 et
821 4113 1089 4184 contingit
1120 4115 1294 4186 pridie
1325 4117 1565 4171 maxima
1601 4120 1744 4173 aeris
1771 4118 2033 4174 turbatio.

2138 4131 2285 4167 νουσι
2306 4131 2320 4144 ·
2353 4112 2446 4166 καί
2479 4113 2595 4164 ἐστι
2625 4111 2853 4183 μεγίστη
2879 4107 3091 4181 ταραχὴ
3122 4106 3214 4161 τοῦ
3251 4107 3411 4179 ἀέρος
3438 4105 3544 4177 πρὸ
3585 4107 3714 4176 μιῶ

2137 4206 2372 4278 ἡμέρας·

539 4290 740 4348 Mensis
764 4291 1091 4352 Novembris
1121 4303 1272 4352 sexta
1292 4295 1543 4354 Pleiades
1562 4313 1724 4355 mane
1747 4298 2035 4368 occidunt;

2208 4299 2357 4370 Μηνὶ
2385 4293 2678 4368 Νοεμϐρίῳ
2703 4301 2756 4359 ς’
2785 4291 3049 4362 Πληῖάδες
3075 4289 3206 4361 ἑῷαι
3237 4289 3450 4342 δύνουσι
3469 4305 3482 4317 ·
3510 4285 3601 4340 καὶ
3621 4285 3718 4358 ἀρ-

463 4393 518 4443 οι
547 4384 739 4452 incipit
769 4402 863 4441 aer
885 4387 1089 4442 sedari.

2074 4465 2088 4466 γ
2139 4411 2294 4466 χεται
2325 4387 2686 4445 καθίστασθαι
2723 4388 2750 4439 6
2789 4387 2914 4458 ἀήρ.

536 4474 834 4532 Undecima
859 4477 999 4548 Lyra
1027 4495 1187 4535 mane
1218 4484 1412 4536 oritur.
2069 4465 2114 4520 Β

2069 4465 2114 4520 D
2144 4465 2148 4466 ⁷
2210 4485 2360 4554 Μηνὶ
2390 4482 2468 4553 τῷ
2495 4479 2643 4550 αὐτῷ
2676 4477 2743 4531 ια’
2787 4477 2833 4508 ’δ
2861 4475 3013 4545 Λύρα
3035 4472 3167 4543 ἑῷος
3193 4471 3482 4526 ἐπιτέλλει.

535 4565 808 4623 Vicesima
843 4571 1038 4640 prima,
1081 4571 1297 4644 Hyades
1345 4589 1507 4630 mane
1547 4575 1844 4644 occidunt;
1873 4582 1928 4631 et
1952 4591 2042 4632 se-

2215 4578 2362 4648 Μηνὶ
2387 4575 2463 4646 τῷ
2507 4573 2656 4644 αύτῷ
2691 4577 2777 4624 καί
2816 4569 3004 4631 Ὑάδες
3050 4565 3180 4636 ἑῷαι
3227 4565 3475 4619 δύνουσι·
3505 4563 3597 4617 καὶ
3623 4579 3720 4615 τα-

463 4660 652 4731 quenti
683 4661 772 4716 die
800 4663 1040 4718 turbatio
1064 4665 1121 4718 ﬁt
1153 4667 1304 4721 circa
1337 4682 1542 4723 aerem.

2146 4670 2285 4743 ραχὴ
2315 4669 2442 4741 περὶ
2470 4667 2562 4720 τὸν
2589 4667 2726 4737 ἀέρα
2753 4664 2960 4732 γίνεται
2979 4663 3045 4732 τῇ
3075 4660 3223 4728 ἑξῆς.

539 4750 809 4807 Vicesima
861 4757 1091 4825 septima
1119 4755 1284 4813 Orion
1339 4759 1538 4827 oritur,
1585 4769 1640 4815 et
1675 4759 1894 4815 Corona
1943 4774 2036 4815 oc-

2215 4763 2361 4835 Μηνὶ
2392 4760 2470 4833 τῷ
2503 4758 2650 4829 αὐτῷ
2681 4757 2760 4822 κζ’
2811 4757 3003 4828 Ὠρίων
3045 4751 3335 4818 ἐπιτέλλει,
3373 4749 3468 4804 καὶ
3511 4748 3719 4817 Στέφα-

462 4843 616 4897 cidit.

2143 4873 2232 4919 νος
2265 4855 2429 4908 δύνει.

536 4933 740 4992 Mensis
759 4935 1074 4996 Decembris
1103 4941 1300 5010 prima,
1327 4942 1482 4997 canis
1502 4958 1662 4998 mane
1683 4941 1906 4998 occidit.
1933 4941 2043 4997 Ob-
2101 5001 2112 5012 _

2214 4946 2362 5017 Μηνὶ
2394 4942 2712 5014 Δεκεμῦρίῳ
2749 4947 2797 4994 α’
2825 4939 2988 4995 Κύων
3032 4937 3166 5009 ἑῷος
3203 4936 3367 4990 δύνει.
3416 4935 3721 5006 Τετήρηται

463 5033 740 5079 servatum
769 5034 854 5082 est
889 5035 1072 5084 autem
1103 5046 1133 5084 a
1166 5033 1374 5094 multis,
1414 5033 1557 5101 quod
1592 5034 1636 5087 si
1671 5041 2041 5103 tempestuosa

2143 5039 2200 5092 δὲ
2249 5041 2364 5100 τοῖς
2419 5035 2652 5098 πολλοῖς,
2692 5034 2787 5097 ὼς,
2842 5033 2895 5085 εί
2935 5049 2998 5101 γε
3047 5029 3295 5101 χειμάσει
3338 5029 3395 5079 ἑν
3447 5025 3619 5098 ταύτῃ
3653 5027 3717 5096 τῇ

465 5117 630 5172 fuerit
671 5119 786 5174 haec
814 5121 952 5186 dies,
981 5131 1297 5192 perseverat
1333 5126 1654 5194 plerumque
1699 5126 1945 5180 turbatio
1975 5127 2041 5182 ad

2146 5126 2349 5199 ἡμέρᾳ,
2377 5123 2627 5195 ἐπιμένει
2651 5121 2728 5184 ὡς
2758 5119 2960 5174 ἐπίπαν
2981 5122 3014 5190 ἡ
3054 5117 3265 5189 ταραχὴ
3303 5116 3398 5169 τοῦ
3432 5115 3592 5186 ἀέρος
3622 5133 3721 5185 με-

464 5209 583 5265 dies
620 5227 826 5266 xxxvii.
863 5212 920 5267 Si
948 5230 1080 5269 vero
1115 5231 1309 5272 serena
1339 5215 1523 5282 fuerit,
1562 5232 1658 5286 per
1690 5223 1772 5271 tot
1801 5217 1918 5273 dies
1955 5233 2042 5273 se-

2146 5237 2236 5291 χρι
2265 5217 2491 5290 ἡμερῶν
2530 5216 2628 5281 λζ’.
2665 5215 2728 5266 Et
2759 5213 2815 5266 δέ
2847 5211 3100 5275 εὐδιάσει,
3132 5208 3194 5261 τὸ
3223 5207 3353 5260 αὐτὸ
3381 5207 3717 5278 σημαίνει¹⁸.

464 5304 752 5359 renitatem
785 5304 902 5361 fore
941 5307 1231 5378 signiﬁcat.

535 5393 780 5459 Decima,
814 5396 972 5471 Heedi
1013 5415 1172 5456 mane
1202 5400 1482 5457 occidunt.

2209 5401 2359 5472 Μηνὶ
2387 5398 2464 5468 τῷ
2501 5396 2650 5466 αὐτῷ
2680 5401 2713 5448 ι’
2753 5394 2969 5464 Ἔριφοι
3009 5391 3132 5461 ἑῷοι
3167 5388 3402 5442 δύνουσι.

535 5470 1080 5560 υηᾱθοίιηθίοερτο
1122 5507 1283 5550 inane
1337 5495 1561 5559 occidit,
1613 5500 1668 5549 et
1705 5491 2045 5565 perturbatio

2214 5470 2362 5563 Μηνὶ
2393 5489 2473 5560 τῷ
2528 5487 2675 5557 αύτῷ
2724 5493 2789 5539 ια’
2819 5486 2865 5518 ⁸⁸
2911 5483 3010 5548 Αἲξ
3044 5481 3154 5554 ἑῷα
3198 5479 3374 5534 δύνει⁸
3409 5473 3620 5547 ταραχὴ
3667 5470 3723 5525 δὲ

467 5580 610 5637 aeris
645 5579 702 5634 ﬁt
731 5582 1016 5651 postridie.

2144 5583 2352 5654 γίνεται
2382 5578 2520 5653 μετά
2554 5578 2681 5650 μίαν
2714 5576 2946 5648 ἡμέραν.

532 5736 576 5776 υ
604 5734 677 5792 al.
709 5734 918 5809 ψύχειν.
997 5741 1044 5772 ¹¹
1069 5739 1142 5796 al.
1172 5742 1252 5797 ιδ’.
1340 5743 1383 5777 ³³
1413 5742 1485 5798 al.
1520 5740 1667 5796 ἄλλοι
1695 5740 1752 5796 δὲ
1780 5743 1845 5815 τῇ
1871 5738 1998 5812 ἑξῆς
2019 5737 2139 5813 ἡμέη

1901 5737 2223 5813 ξῆςὴμέρᾳ.
2300 5736 2344 5770 ⁸³
2373 5734 2447 5792 al.
2489 5739 2574 5803 ιγ’.
2603 5797 2614 5806 ⁸
2651 5731 2696 5764 ’⁸
2723 5729 2796 5786 al.
2833 5726 3141 5800 συμϐαίνει.
3213 5725 3258 5759 ’⁸
3293 5723 3368 5780 t-l.
3401 5727 3505 5779 aed.
