4022 6398
267 416 400 467 15ὃῖ

336 527 482 598 Μηνὶ
509 527 586 599 τῷ
623 529 770 601 αύτῳ
799 537 882 599 κγ’
917 531 961 562 ³⁷
986 533 1186 604 τροπαὶ
1215 535 1540 606 χειμεριναι.

337 621 486 690 Μηνὶ
527 622 840 695 Ἰανουαρίῳ
867 623 908 678 δ’
942 623 1137 691 Δελφὶς
1172 623 1461 679 ἐπιτέλλει.

337 712 483 784 Μηνὶ
513 711 592 785 τῷ
634 713 784 785 αὐτῷ
817 721 857 767 ε’
884 715 929 746 ³⁸
956 717 984 767 ὁ
1027 715 1208 778 Ἀετὸς
1247 717 1501 787 ἑσπέριος
1540 714 1718 769 δύνει·
1756 735 1849 772 τα-

271 804 410 877 ραχὴ
435 804 491 858 δὲ
514 805 721 878 σφοδρὰ
753 805 962 874 γίνεται
991 805 1127 876 μετὰ
1148 807 1241 859 δύο
1265 807 1502 878 ἡμέρας.

338 894 483 964 Μηνὶ
518 892 595 966 τῷ
624 893 772 966 αὐτῷ
819 901 895 950 κε’
925 897 953 949 ὁ
979 895 1229 968 λαμπρὸς
1263 895 1436 967 ἀστὴρ
1462 899 1519 950 ὲν
1544 895 1623 968 τῷ
1658 897 1845 951 Λέοντι

265 984 412 1037 δύνει
433 999 446 1012 ⁸
476 988 616 1038 κινεί
638 1003 696 1038 τε
730 986 834 1054 πρὸ
859 986 1026 1057 τριῶν
1059 987 1282 1058 ἡμερῶν
1303 988 1394 1041 τὸν
1424 987 1583 1060 ἀέρα.

256 1124 260 1128 .
339 1074 484 1144 Μηνὶ
507 1073 584 1144 τῷ
615 1073 763 1145 αὐτῷ
791 1081 876 1146 κη’
899 1076 1093 1146 Δελφὶς
1127 1077 1380 1146 ἑσπέριος
1411 1077 1577 1133 δύνει.

337 1165 485 1235 Μηνὶ
516 1165 594 1236 τῷ
627 1165 776 1236 αὐτῷ
804 1166 883 1220 κθ¹
916 1166 1068 1238 Λύρα.
1099 1169 1351 1240 ἑσπέριος
1373 1168 1541 1225 δύνει.

336 1255 484 1325 Μηνὶ
514 1256 860 1330 Φεϐρουαρίῳ
893 1263 945 1321 ς’
974 1259 1016 1288 ³³
1048 1257 1297 1328 Ζέφυρος
1311 1259 1454 1310 πνεῖ.

337 1345 484 1414 Μηνὶ
501 1344 578 1416 τῷ
607 1344 754 1415 αὐτῷ
783 1345 866 1398 κ6’
892 1349 920 1402 ὁ
947 1347 1114 1412 Ἰστὸς
1132 1347 1276 1402 δύνει
1310 1349 1585 1420 ἑσπέριος,
1613 1367 1704 1404 και
1731 1349 1847 1403 ἐστι

267 1437 478 1507 ταραχὴ
502 1436 597 1490 τοῦ
621 1438 802 1509 ἀέρος.
1443 1459 1447 1466 ·

338 1529 484 1598 Μηνὶ
508 1528 586 1600 τῷ
607 1530 755 1602 αὐτῷ
783 1538 862 1584 κε’
910 1532 1234 1604 Ἀρκτοῦρος
1256 1531 1543 1585 ἐπιτέλλει.

338 1621 485 1691 Μηνὶ
498 1619 576 1692 τῷ
587 1621 734 1692 αὐτῷ
748 1629 840 1688 κς¹
856 1622 1124 1694 χελιδόνες
1138 1624 1412 1688 πέτονται,
1434 1626 1528 1681 καὶ
1540 1625 1840 1696 φαίνονται.

342 1776 384 1806 ⁸⁷
419 1774 598 1830 ιιικδθ.
674 1777 721 1810 ³⁸
755 1777 828 1832 αι.
863 1783 945 1832 ιε’.
1047 1779 1091 1810 ²⁹
1121 1775 1197 1833 al.
1235 1775 1320 1842 ιζ’.

1139 414 1602 514 DISSERTATIQ
1639 415 1728 470 DE
1763 412 1950 472 ORTU
1991 413 2078 468 ET
2117 411 2390 470 OCCASU
2432 411 2758 469 SIDERUM.

3389 413 3528 469 1558

1869 538 1918 596 Α
2019 531 2292 588 Vicesima
2313 530 2472 587 tertia
2503 530 2800 588 solstitium
2824 536 2909 586 est
2937 528 3248 585 hibernum.

2020 622 2225 678 Mensis
2257 621 2502 678 Januarii
2538 631 2734 692 quarta
2763 620 2993 692 Delphin
3017 621 3213 676 oritur.

2021 713 2246 779 Quinta,
2275 713 2475 783 Aquila
2500 712 2714 782 vesperi
2744 711 2978 777 occidit;
3002 718 3057 766 et
3083 712 3140 764 tit
3171 709 3408 766 turbatio
3436 722 3528 764 ve-

1859 847 1862 852 .
1949 805 2178 860 hemens
2207 815 2331 876 post
2363 805 2503 860 duos
2534 804 2674 859 dies.

2021 896 2241 965 Quinta,
2271 897 2502 953 illustris
2532 899 2689 954 stella
2728 897 2786 951 in
2824 894 3006 951 Leone
3051 893 3287 962 occidit;
3319 902 3526 948 movet-

1948 1007 2054 1062 que
2083 997 2208 1046 ante
2239 991 2482 1045 triduum
2513 1006 2718 1046 aerem.

2020 1080 2293 1137 Vicesima
2319 1088 2513 1136 octava
2549 1081 2778 1151 Delphin
2813 1079 3027 1150 vesperi
3061 1080 3281 1135 occidit.

2018 1171 2289 1228 Vicesima
2316 1187 2481 1239 nona,
2518 1172 2660 1244 Lyra
2683 1173 2894 1242 vesperi
2923 1171 3143 1226 occidit.

2020 1262 2228 1319 Mensis
2256 1262 2541 1318 Februarii
2575 1271 2731 1320 sexta
2767 1263 3041 1320 Favonius
3066 1264 3262 1334 spirat.

2019 1352 2294 1426 Vicesima
2332 1355 2593 1422 secunda,
2640 1357 2820 1412 malus
2846 1355 3012 1412 Navis
3046 1355 3262 1426 vesperi
3300 1355 3524 1423 occidit,

1950 1454 2005 1501 et
2033 1454 2116 1499 est
2150 1420 2396 1500 turbatio
2421 1420 2812 1516 aeris-magna.

2021 1534 2293 1591 Vicesima
2324 1539 2538 1606 quinta,
2570 1537 2842 1594 Arcturus
2877 1538 3092 1608 vesperi
3114 1538 3308 1594 oritur.

2020 1625 2296 1684 Vicesima
2331 1638 2508 1695 sexta,
2545 1630 2867 1688 hirundines
2900 1632 3086 1688 volant
3149 1640 3204 1689 et
3242 1642 3522 1702 apparent.

641 2042 842 2166 DE
941 2043 1372 2172 ORTU
1447 2045 1650 2170 ET
1752 2045 2362 2176 OCCASU
2441 2047 3143 2176 SIDERUM

1503 2259 2299 2351 DISSERTATIO
3233 2269 3242 2279 ’

273 2411 341 2469 In
361 2430 463 2468 tua
477 2413 642 2468 multa
660 2413 996 2470 elucidautur
1010 2431 1125 2486 qua:
1141 2415 1205 2469 ab
1223 2415 1524 2469 auctoribus
1549 2431 1712 2484 supra
1733 2413 1888 2468 editis
1904 2413 2121 2468 obscure
2140 2413 2370 2484 allegata
2385 2428 2528 2480 sunt,
2552 2414 2632 2468 vel
2652 2415 2988 2486 corriguntur
3005 2431 3122 2487 qum
3136 2433 3348 2472 errones
3363 2415 3527 2472 dicta.

1151 2533 1319 2596 (Dion.
1346 2536 1602 2596 Psnvxns,
1637 2535 1704 2585 De
1725 2531 1946 2586 doctrina
1968 2538 2255 2597 temporum,
2291 2538 2326 2583 t.
2354 2531 2440 2593 Ill,
2467 2545 2518 2595 p.
2538 2529 2641 2592 59.)

858 2728 1262 2782 ΠΡΟΘΕΩΡΙΑ.

1887 2743 1932 2800 Β
1961 2731 2138 2788 tinere
2182 2736 2399 2801 putant.
2448 2729 2510 2784 in
2557 2727 2752 2782 horum
2792 2743 2957 2800 grege
2999 2704 3158 2784 facile
3190 2729 3395 2800 primas
3428 2729 3532 2785 hac

343 2819 418 2874 De
452 2828 574 2874 ortu
615 2820 854 2876 siderum
899 2830 954 2876 et
1001 2837 1201 2876 occasu
1253 2822 1456 2878 selecta
1495 2824 1742 2894 quaedam
1782 2842 1851 2882 ex
1949 2830 2108 2878 aetate
2141 2821 2234 2876 ille
2272 2821 2512 2890 scriptor
2554 2821 2788 2885 obtinet,
2822 2821 2912 2890 qui
2954 2819 3230 2877 Plinianas
3280 2823 3349 2876 ad
3395 2820 3534 2877 Soli-

271 2912 494 2981 optimis
541 2919 597 2967 et
644 2912 884 2981 antiquis
938 2914 1256 2969 auctoribus
1307 2917 1555 2985 exempla
1609 2917 1853 2986 profere-

270 3019 429 3069 mus,
468 3003 522 3056 in
569 3002 770 3072 quibus
821 3009 1040 3057 ortuum
1087 3013 1142 3058 et
1190 3019 1484 3060 occasuum
1536 3007 1851 3062 varietatem

269 3109 486 3150 omnem
519 3095 891 3166 experiemur;
926 3103 986 3149 ut
1031 3095 1098 3149 ad
1151 3105 1470 3150 caeterorum
1505 3097 1598 3168 qui
1647 3100 1854 3167 passim

272 3187 520 3245 incidunt
552 3204 709 3242 usum
747 3198 800 3243 et
833 3186 1213 3241 tractationem
1253 3202 1555 3257 paucorum
1586 3187 1849 3244 observa-

272 3277 347 3330 tio
382 3277 741 3332 similitudine
788 3277 906 3348 ipsa
953 3278 1242 3348 pertineat.
1296 3275 1402 3332 Sed
1435 3278 1538 3332 tria
1581 3286 1710 3334 sunt
1745 3279 1852 3334 im-

273 3367 484 3440 primis,
513 3383 633 3437 qure
660 3367 727 3421 ad
752 3376 904 3423 ortus
933 3378 987 3424 et
1016 3385 1251 3426 occasus
1274 3370 1514 3440 speciem
1538 3371 1593 3424 in
1614 3372 1854 3440 scripto-

273 3474 393 3512 rum
432 3458 589 3513 libris
636 3459 932 3513 eruendam
981 3467 1169 3514 notata
1218 3477 1343 3517 esse
1386 3462 1649 3519 doctrinae
1693 3463 1856 3535 hujus

272 3549 511 3605 artifices
530 3550 741 3620 jubent.
763 3550 1003 3610 Primum
1023 3561 1108 3607 est
1130 3561 1366 3622 tempus,
1392 3555 1538 3624 quod
1563 3555 1633 3610 ab
1663 3564 1855 3610 aucto-

273 3659 332 3697 re
361 3642 483 3713 ipso
524 3643 597 3699 sit
629 3659 974 3714 expressum,
1003 3651 1098 3700 aut
1126 3660 1194 3700 ex
1226 3645 1347 3714 ejus
1391 3646 1641 3703 oratione
1677 3647 1858 3719 colligi

274 3737 479 3805 possit;
519 3734 818 3790 secundum
872 3744 958 3791 est
1001 3737 1157 3791 locus
1201 3737 1335 3793 solis
1373 3737 1451 3791 illi
1503 3737 1732 3808 tempori
1771 3754 1860 3794 re-

274 3827 585 3896 spondens;
647 3828 871 3883 tertium
926 3837 1010 3884 est
1068 3829 1319 3901 signiferi
1367 3830 1519 3886 orbis
1566 3831 1855 3901 particula,

275 3918 393 3972 sive
424 3919 646 3988 gradus,
679 3935 914 3990 quocum
955 3921 1111 3975 stella
1151 3922 1330 3976 oritur
1376 3929 1471 3976 aut
1510 3922 1716 3978 occidit
1746 3943 1760 3978 :
1790 3939 1858 3979 ex

275 4025 388 4081 quo
424 4009 641 4065 demum
692 4022 904 4082 tempus
954 4013 1211 4068 idoneum
1267 4015 1325 4068 in
1373 4030 1519 4070 anno
1563 4029 1628 4068 ae
1671 4031 1858 4070 mense

273 4103 549 4173 capiatur.
583 4103 660 4156 Ex
689 4103 756 4165 iis
789 4106 1025 4173 primum
1069 4105 1175 4159 nisi
1215 4120 1248 4158 a
1291 4105 1562 4176 scriptore
1613 4105 1856 4161 declare-
1884 4088 1926 4146 ο

273 4201 388 4256 tur,
417 4193 586 4248 certis
631 4194 967 4264 conjecturis
1006 4210 1070 4249 ac
1101 4195 1536 4253 circumstantiis
1579 4197 1858 4253 aestiman-

275 4288 408 4342 dum
443 4302 588 4353 esse,
618 4297 769 4342 recte
810 4286 974 4341 iidem
1017 4287 1096 4341 illi
1144 4289 1346 4344 eruditi
1388 4289 1640 4345 homines
1669 4291 1860 4344 admo-

277 4389 430 4436 nent.
487 4381 540 4434 In
571 4381 789 4436 duobus
820 4379 1164 4450 explicandis
1208 4383 1358 4437 soleo
1408 4398 1518 4437 non
1571 4383 1858 4438 scientiam

279 4471 498 4538 quidem
532 4469 586 4523 in
617 4469 916 4539 plerisque,
941 4469 1033 4539 qui
1071 4480 1196 4524 ante
1228 4487 1328 4526 nos
1367 4471 1474 4526 ista
1505 4472 1858 4527 commentati

281 4572 428 4626 Sunt,
461 4562 556 4617 sed
608 4562 961 4617 attentionem
1010 4561 1078 4615 ad
1137 4563 1190 4617 id
1241 4563 1388 4633 quod
1437 4563 1774 4625 scribebant,
1805 4570 1861 4618 et

279 4653 400 4722 ejus
450 4653 594 4722 quod
646 4653 861 4722 egregie
911 4661 1132 4714 norant,
1188 4653 1623 4708 recordationem
1675 4653 1861 4723 requi-

279 4760 420 4800 rere.
470 4743 604 4799 Nam
653 4745 708 4798 in
760 4751 970 4799 tantam
1023 4744 1420 4801 absurditatem
1470 4745 1859 4802 nonnullorum

278 4836 498 4891 devenit
541 4834 740 4897 oratio,
771 4844 830 4889 ut
872 4850 1050 4904 neque
1087 4850 1212 4889 cum
1256 4835 1562 4906 pervagatis
1604 4843 1860 4890 astrono-

278 4927 400 4980 miae
437 4925 762 4996 principiis,
806 4941 984 4996 neque
1017 4941 1143 4981 cum
1170 4927 1458 4981 oculorum
1499 4940 1563 4982 ac
1599 4941 1860 4982 sensuum

278 5017 637 5088 experientia,
660 5032 838 5087 neque
865 5033 1050 5073 secum
1079 5026 1354 5089 postremo
1381 5018 1498 5088 ipsa
1528 5019 1858 5074 consentiat.

351 5109 483 5175 Quae
520 5123 609 5162 res
639 5116 699 5161 ut
731 5124 840 5162 non
877 5109 1035 5179 ipsis,
1064 5109 1157 5180 qui
1196 5110 1302 5164 ista
1348 5108 1641 5179 scripsere,
1681 5108 1861 5168 fraudi

280 5201 444 5257 fuerit
477 5201 704 5256 eruditis
734 5200 1071 5262 hominibus,
1107 5207 1162 5257 et
1203 5202 1398 5255 barum
1441 5201 1860 5271 disciptinarum

280 5293 510 5349 scientia
558 5294 824 5364 praeditis,
855 5304 911 5347 at
940 5295 1063 5348 aliis
1109 5309 1220 5348 non
1268 5293 1619 5349 mediocriter
1659 5293 1858 5356 obfuit,

280 5385 365 5439 vel
397 5384 578 5438 minus
613 5400 774 5452 quam
807 5385 882 5438 illi
915 5385 1089 5448 fuere,
1123 5386 1300 5440 doctis
1321 5425 1336 5450 ,
1373 5386 1457 5440 vel
1501 5400 1728 5456 prorsus
1759 5385 1860 5438 im-

277 5475 502 5545 peritis,
551 5476 645 5544 qui
690 5475 950 5545 impetum
1001 5477 1068 5531 ad
1115 5477 1462 5532 scribendum
1494 5477 1613 5532 sine
1650 5483 1770 5530 arte
1797 5490 1861 5530 ac

274 5567 486 5636 judicio
509 5567 800 5622 conferunt
821 5607 834 5630 ,
865 5575 919 5622 et
947 5584 1067 5635 qua:
1093 5568 1234 5638 apud
1265 5571 1402 5623 alios
1432 5577 1711 5639 utcunque
1737 5585 1865 5638 per-

280 5667 514 5712 tractata
545 5661 794 5731 legerint,
831 5675 1065 5730 quorum
1098 5661 1262 5715 rudes
1295 5661 1399 5730 ipsi
1440 5668 1590 5719 sunt.
1622 5678 1707 5726 ea,
1739 5669 1864 5716 utut

283 5767 342 5806 se
375 5751 596 5817 habent,
627 5751 682 5806 in
739 5755 1228 5807 commentationes
1273 5768 1403 5807 suas
1450 5752 1860 5820 transfundere,

284 5842 352 5901 ad
386 5858 655 5899 summam
687 5844 792 5903 sibi
819 5843 1081 5902 doctrinae
1126 5842 1324 5900 famam
1371 5859 1433 5900 ac
1466 5845 1691 5916 gloriam
1735 5859 1862 5919 per-

1953 2929 2083 2968 num
2121 2913 2552 2969 exercitationes
2585 2927 2763 2983 nuper
2791 2912 2984 2968 edidit.
3018 2913 3092 2967 lbi
3133 2913 3278 2968 enim
3309 2914 3377 2969 de
3407 2923 3532 2969 ortu

1951 3013 2006 3059 et
2033 3018 2236 3058 occasu
2265 3002 2506 3059 siderum
2538 3016 2662 3055 cum
2699 3003 2978 3071 universe,
3009 3011 3123 3057 tum
3159 3011 3442 3058 certorum
3479 3013 3526 3060 et

1955 3094 2276 3166 insignium,
2310 3102 2420 3148 tam
2479 3095 2650 3147 multa
2704 3094 2944 3163 scripsit,
2990 3102 3048 3148 ut
3106 3095 3301 3148 harum
3350 3111 3534 3150 rerum

1954 3187 2387 3243 scientissimum
2438 3201 2498 3241 se
2535 3201 2660 3241 esse
2687 3188 2866 3264 “vulgo
2919 3178 3236 3256 persuaderi
3270 3187 3533 3254 voluerit;

1954 3285 2066 3332 tam
2099 3285 2279 3334 autem
2314 3277 2458 3332 fmde
2486 3277 2541 3331 in
2569 3278 2827 3333 omnibus
2857 3277 3100 3342 offendit,
3129 3287 3188 3333 ut
3219 3295 3329 3334 non
3355 3287 3538 3334 tanto-

1954 3381 2085 3437 pere
2140 3365 2440 3430 inscitiam,
2489 3375 2756 3435 quantum
2812 3381 2876 3422 os
2925 3366 3166 3422 hominis
3216 3368 3426 3434 mirari,
3472 3384 3538 3424 ac

1957 3459 2228 3529 castigare
2271 3458 2438 3513 etiam
2481 3459 2622 3513 velle
2675 3458 2901 3525 subeat;
2947 3460 3040 3530 qui
3089 3476 3318 3530 quarum
3353 3477 3535 3516 rerum

1958 3552 2204 3608 funditus
2235 3558 2382 3607 esset
2417 3565 2635 3622 expers,
2666 3550 2735 3607 de
2766 3551 2834 3608 iis
2864 3553 3216 3622 praescribere
3245 3568 3307 3608 ac
3339 3553 3540 3610 docere

1958 3644 2119 3709 alios,
2147 3644 2266 3698 sine
2288 3643 2401 3697 ullo
2427 3641 2660 3714 pudore,
2681 3645 2992 3698 tentaverit.
3021 3642 3096 3698 De
3120 3645 3278 3713 cujus
3306 3644 3540 3714 scripto.-

1957 3741 2036 3795 ris
2069 3739 2270 3795 erratis
2298 3738 2461 3808 paulo
2503 3746 2626 3808 post
2667 3738 2903 3792 dicetur.
2928 3737 3084 3792 Nunc
3119 3739 3209 3793 illa
3251 3750 3541 3809 praeverta-

1958 3846 2104 3894 mus,
2135 3830 2190 3883 in
2220 3830 2420 3900 quibus
2445 3845 2638 3899 parum
2673 3829 2834 3884 nobis
2878 3835 3116 3885 attentos
3147 3845 3270 3886 esse
3305 3832 3543 3886 nonnul-

1959 3923 2044 3978 los
2078 3921 2326 3977 eruditos
2358 3920 2866 3976 animadvertimus.

2029 4011 2115 4067 Ad
2145 4013 2311 4068 situm
2344 4009 2480 4068 solis
2511 4014 2564 4066 in
2599 4012 2846 4077 zodiaco,
2871 4020 2924 4067 et
2947 4012 3002 4066 in
3028 4011 3217 4068 eodem
3249 4013 3540 4069 orientium

1961 4105 2249 4162 stellarum
2294 4111 2350 4160 et
2391 4103 2769 4159 occidentium
2810 4104 3064 4174 regiones
3110 4104 3540 4176 investigandas,

1960 4197 2201 4270 primum
2219 4198 2466 4252 omnium
2503 4197 2781 4252 observari
2810 4199 3024 4262 volunt,
3052 4200 3254 4268 quibus
3270 4202 3542 4256 mensium

1960 4291 2158 4348 diebus
2187 4291 2270 4346 sol
2302 4292 2612 4362 ingressum
2649 4291 2704 4344 in
2737 4289 3178 4347 dodecatcmoria
3217 4293 3429 4362 singula
3462 4292 3543 4346 fa-

1961 4389 2110 4437 ceret
2139 4381 2206 4437 iis
2233 4381 2599 4450 temporibus,
2631 4381 2831 4450 quibus
2861 4386 3071 4436 veteres
3098 4381 3174 4436 illi
3208 4381 3542 4448 ﬂoruerunt;

1961 4472 2128 4543 idque
2161 4488 2228 4526 ex
2261 4471 2587 4537 Columella,
2620 4471 2816 4536 Plinio,
2853 4469 3068 4535 Ovidio,
3101 4488 3164 4527 ac
3197 4474 3406 4529 caeteris
3432 4459 3546 4527 col?

1963 4566 2079 4636 ligi.
2127 4563 2267 4621 Tum
2319 4563 2650 4632 quibuscum
2687 4563 2896 4617 zodiaci
2932 4564 3194 4634 gradibus
3231 4573 3387 4620 ortus
3424 4565 3546 4618 illa—

1962 4671 2084 4710 rum
2144 4669 2491 4724 occasusque
2546 4663 2950 4723 congruerent,
3001 4656 3289 4726 diligenter
3346 4657 3544 4711 notari.

1962 4747 2103 4805 Hinc
2143 4747 2291 4801 enim
2339 4746 2501 4801 facile
2541 4747 2767 4816 conjici,
2802 4763 2943 4816 quos
2997 4747 3051 4801 in
3084 4747 3204 4803 dies
3233 4748 3546 4804 conferendi

1961 4839 2039 4893 illi
2057 4840 2209 4903 sint;
2238 4854 2387 4902 cum,
2415 4838 2619 4908 quibus
2647 4839 2730 4894 sol
2758 4839 2824 4892 ad
2853 4839 3284 4910 unumquodque
3333 4841 3546 4911 signum

1963 4935 2274 5005 perveniret
2329 4935 2534 4990 sarculo
2592 4934 2720 4997 illo,
2776 4936 3215 5005 cognoverimus.
3270 4934 3438 4990 Recte
3495 4934 3547 4989 id

1963 5025 2183 5096 quidem
2229 5025 2516 5081 hactenus.
2549 5021 2754 5079 Verum
2801 5024 2857 5077 in
2903 5025 3023 5079 loco
3058 5025 3192 5080 solis
3235 5023 3548 5079 definiendo

1963 5133 2157 5188 parum
2195 5117 2356 5172 iidem
2395 5123 2710 5172 accuratam
2751 5116 3017 5170 rationem
3049 5125 3252 5174 tenent.
3289 5116 3423 5172 Nam
3465 5117 3550 5171 in-

1964 5221 2188 5276 gressus
2229 5205 2284 5260 in
2333 5204 2776 5261 dodecatcmoria
2805 5221 2914 5258 non
2946 5219 3011 5259 ex
3047 5206 3123 5260 rei
3171 5204 3417 5266 veritate,
3449 5203 3547 5257 sed

1965 5312 2030 5350 ex
2060 5295 2197 5350 falsa
2221 5293 2582 5364 quorumdam
2615 5301 2860 5349 veterum
2887 5293 3247 5363 persuasione
3276 5300 3542 5348 statuunt.

1964 5389 2056 5443 Sic
2097 5389 2151 5442 in
2180 5388 2420 5442 Arietem
2446 5386 2575 5440 Julii
2603 5385 2840 5441 Caesaris
2869 5397 3112 5455 tempore
3143 5385 3311 5439 solem
3345 5400 3411 5436 xv
3439 5382 3549 5436 Ka-

1970 5478 2158 5535 lendas
2185 5479 2342 5549 Apr.,
2367 5479 2470 5532 hoc
2498 5487 2583 5533 est
2611 5477 2789 5531 Martii
2829 5493 2960 5531 xvm
3005 5477 3284 5532 introiisse
3310 5475 3500 5528 dicunt
3529 5493 3544 5539 ;

1971 5568 2284 5623 iuTaurum
2317 5583 2447 5623 vero
2470 5568 2674 5638 Aprilis
2700 5582 2867 5634 xvtu;
2900 5568 2954 5621 in
2976 5565 3254 5631 Geminos,
3282 5563 3405 5618 Maii
3431 5579 3548 5618 xxx.

1971 5660 2127 5725 Quod
2163 5667 2223 5713 ut
2252 5674 2349 5724 per
2383 5673 2505 5715 sese
2556 5658 2754 5713 falsum
2789 5665 2908 5721 est,
2941 5657 3020 5711 sic
3063 5671 3130 5711 eo
3177 5658 3355 5726 posito
3403 5655 3550 5710 side-

1968 5769 2089 5807 rum
2125 5759 2279 5807 ortus
2308 5766 2648 5820 occasusque
2685 5765 2988 5820 perperam,
3021 5757 3074 5803 et
3115 5749 3308 5804 alienis
3353 5746 3547 5802 diebus

1970 5846 2166 5917 illigari
2199 5859 2428 5902 necesse
2458 5850 2564 5900 est.
2597 5840 2667 5898 [τι
2694 5843 2838 5898 enim
2873 5842 2958 5900 sui
2988 5841 3040 5896 ia
3066 5839 3327 5905 Taurum,
3359 5855 3546 5896 exem-
