4022 6398
521 429 657 486 ίῗδἹ

1530 431 1620 485 AD
1655 430 1932 486 EUSEllll
1973 432 2370 490 CHRONICON
2397 433 2757 490 APPENDIX.

3643 434 3672 489 ί
3681 433 3803 491 εἰιο

514 547 585 616 ί·Ιὶ
620 562 812 610 causa,
845 544 1078 601 subierit
1112 559 1244 598 vaII
1277 543 1364 598 die
1396 545 1598 615 Aprilis
1621 585 1635 609 ,
1676 543 1947 616 Vergiliae,
1979 562 2093 616 qua

2205 547 2476 618 ρουμένου
2499 563 2512 577 ·
2549 546 2582 617 ἢ
2616 547 2724 601 ἀπό
2755 562 2898 610 τινος
2923 545 3032 598 τῶν
3054 544 3544 600 συνανατελλόντων
3575 547 3804 619 βορειο-

516 641 568 690 in
615 636 786 708 gradu
831 636 997 689 Tauri
1037 651 1205 689 xxvut
1249 637 1574 690 matutinum
1614 645 1793 691 ortum
1829 652 2102 709 apparen-

516 737 622 783 ten
671 728 940 782 faciebant
985 742 1128 780 anno
1173 727 1352 796 primo
1392 724 1634 790 Juliano,
1673 729 1750 782 uti
1796 743 1964 798 supra
2004 727 2102 784 de-

517 829 879 876 monstratum
911 827 1015 881 est,
1039 826 1172 871 orta:
1197 819 1398 873 fuerint
1421 819 1544 872 Maii
1575 835 1660 885 xv,
1695 820 1779 874 vel
1817 836 1948 883 xvu,
1974 835 2101 874 eum

513 927 697 966 tamen
733 927 865 965 xxiii
914 911 967 964 id
1002 909 1284 966 acciderit.
1319 910 1393 964 Ita
1427 911 1620 966 diebus
1653 926 1750 965 VIII
1791 912 2011 965 circiter
2046 911 2101 965 in

519 1020 583 1059 ea
614 1005 979 1074 descriptione
1006 1010 1283 1074 peccatur.
1314 1002 1717 1071 Ejusdeniniodi
1753 1011 1948 1056 caetera
1973 1007 2102 1057 sunt

513 1098 806 1151 orientium
849 1098 1134 1150 intervalla
1185 1097 1426 1151 siderum
1462 1113 1474 1148 :
1515 1096 1566 1148 in
1610 1097 1812 1165 quibus
1859 1111 2102 1165 pronun-

514 1189 716 1242 tiandis
755 1191 822 1242 iis
850 1189 917 1243 de
950 1190 1136 1243 causis
1168 1204 1324 1242 error
1358 1188 1675 1248 intervenit.
1720 1187 1812 1257 qui
1857 1185 2101 1256 profecto

512 1281 875 1350 castigatione
919 1296 1057 1350 opus
1105 1281 1286 1334 habet.
1329 1279 1694 1342 Quamobrem
1726 1279 1792 1331 de
1825 1277 1927 1330 hac
1962 1277 2104 1330 anti-

512 1388 747 1443 quorum
788 1373 1148 1440 quorumdam
1183 1371 1460 1439 opinione,
1495 1378 1549 1422 ct
1583 1385 1888 1422 annuorum
1921 1368 2102 1423 cardi-

514 1480 644 1518 num
680 1462 1042 1516 inteversione
1087 1462 1195 1514 dici
1243 1461 1346 1514 hoc
1392 1461 1513 1514 loco
1549 1475 1772 1515 necesse
1807 1469 1912 1523 est,
1942 1468 2001 1512 ut
2034 1460 2102 1514 iis

514 1554 836 1608 auctoribus
888 1552 1251 1614 illustrandis,
1300 1567 1438 1622 quos
1493 1553 1546 1605 in
1607 1552 1747 1606 hanc
1801 1553 2100 1607 editionem

513 1646 873 1713 conjecimus,
908 1642 1138 1698 Gemino
1173 1644 1498 1714 prtcsertim,
1538 1641 1869 1714 Hipparcho,
1920 1641 2097 1697 Ptole.

513 1752 669 1801 niteo,
702 1736 858 1790 Tatio
892 1751 1060 1806 opera
1096 1735 1199 1788 ista
1232 1735 1456 1789 serviat.

1145 1847 1376 1904 CAPUT
1418 1848 1457 1901 l.

514 1939 593 1997 De
631 1942 1014 2012 a'quinoctiqlis
1058 1950 1107 1995 et
1159 1941 1367 2012 zodiaci
1411 1940 1700 2012 partitione
1727 1956 1760 1992 a
1802 1937 2091 2003 Clialdwis,

866 2011 1133 2082 .Egyptiis
1158 2029 1219 2064 ac
1244 2010 1442 2065 ercis
1471 2011 1740 2064 instituta.

587 2102 703 2158 Duo
725 2113 853 2159 sunt
879 2105 1092 2169 circuli,
1130 2103 1196 2156 ad
1221 2119 1360 2172 quos
1383 2103 1660 2157 stellarum
1707 2103 1847 2158 situs
1882 2108 1937 2156 et
1964 2116 2099 2156 con-

514 2196 795 2249 versiones
842 2196 1150 2264 exiguntur,
1206 2196 1602 2265 a:quiuocti:ilis
1665 2204 1717 2249 et
1783 2193 2092 2248 zodiacus:

513 2302 578 2340 ex
624 2303 856 2355 quorum
902 2287 1192 2356 partitione
1244 2287 1526 2356 longitudo
1565 2287 1873 2349 stellarum,
1909 2301 1974 2338 ex
2013 2283 2099 2338 di-

517 2361 1006 2433 stantia'latitudo
1047 2380 1302 2434 sumitur.
1369 2379 1449 2433 Ac
1508 2379 1761 2433 videntur
1817 2378 1971 2448 prius
2028 2376 2095 2431 ad

513 2472 949 2541 aequinoctialem
1018 2480 1250 2542 utroque
1316 2473 1480 2526 modo
1535 2475 1706 2527 stella:
1767 2480 2096 2542 comparatae

515 2579 678 2633 quam
735 2562 803 2616 ad
860 2563 1166 2626 zodiacum,
1220 2579 1327 2617 non
1385 2565 1560 2618 solum
1612 2567 1665 2617 in
1717 2563 1944 2624 Graecia,
2000 2561 2095 2617 sed

516 2657 677 2712 etiam
712 2655 854 2726 apud
891 2654 1174 2726 Egyptios
1206 2663 1260 2710 et
1285 2655 1602 2722 Chaldaeos;
1639 2656 1839 2726 quibus
1883 2655 1963 2709 vel
2011 2655 2095 2707 in-

515 2755 676 2802 venta
723 2748 805 2801 vel
849 2747 1164 2817 diligentius
1205 2749 1420 2802 exculta
1464 2756 1868 2817 propagataque
1900 2746 1953 2800 in
1990 2761 2098 2800 ca:-

515 2846 662 2892 teros
691 2840 1022 2892 astronomia
1057 2838 1315 2894 creditur.
1343 2839 1413 2894 De
1440 2837 1646 2894 Graecis
1676 2839 1951 2893 memoriae
1977 2853 2098 2907 pro-

514 2930 688 2984 ditum
721 2937 824 2992 est,
859 2931 1092 3000 primum
1146 2932 1389 3006 omnium
1440 2930 1905 2984 Anaximandrum
1950 2928 2095 2984 Mile-

515 3019 658 3073 sium
711 3019 1086 3088 obliquitatem
1142 3018 1388 3091 signiferi
1446 3019 1873 3090 deprehendisse
1911 3017 2097 3090 Olym-

516 3109 674 3179 piade
709 3108 1162 3179 quinquagesima
1209 3118 1420 3164 octava.
1457 3109 1585 3165 Post
1619 3113 1783 3174 hunc,
1817 3111 2096 3167 Cleostra-

513 3207 629 3252 tuni
662 3197 958 3254 Tcnedium
997 3202 1150 3268 signa
1196 3201 1247 3254 in
1285 3203 1416 3257 orbe
1452 3204 1545 3255 illo
1579 3204 1868 3272 reperisse,
1901 3211 1954 3256 et
1983 3202 2094 3273 pri-

515 3303 602 3342 ma
634 3289 832 3345 Arietis
879 3305 941 3343 ac
976 3289 1278 3360 Sagittarii,
1329 3301 1384 3344 ut
1409 3293 1600 3346 scribit
1638 3292 1847 3348 Plinius
1893 3293 1988 3347 lib.
2023 3291 2090 3358 ll,

515 3396 637 3450 cap.
675 3379 804 3435 VIII.
830 3382 997 3436 Addit
1029 3382 1270 3454 Hyginus
1304 3384 1400 3438 lih.
1443 3383 1485 3438 ll
1516 3384 1592 3439 De
1617 3387 1943 3439 astronomia
1971 3403 2092 3455 poe-

525 3471 642 3536 ὤεα,
675 3487 797 3541 cap.
829 3471 896 3526 de
931 3471 1228 3536 llenioclio,
1262 3475 1426 3529 etiam
1477 3456 1679 3531 [foedos
1726 3477 1794 3530 ab
1842 3476 1935 3530 illo
1983 3477 2094 3547 pri-

516 3579 662 3617 IIIIIIII
694 3571 912 3618 notatos
944 3566 997 3617 in
1025 3566 1186 3621 coelo.

587 3654 742 3724 Apud
781 3654 1065 3711 Chaldaeos
1101 3665 1281 3712 autem
1338 3656 1733 3729 Egyptiosque
1779 3659 1918 3713 ratio
1967 3675 2093 3730 par-

515 3745 683 3799 tiendi
711 3762 832 3816 qua:
859 3746 1042 3809 fuerit,
1075 3747 1319 3801 declarat
1342 3749 1543 3804 Sextus
1570 3748 1876 3819 Empiricus
1901 3751 1994 3804 lib.
2027 3751 2088 3805 V.

513 3833 649 3890 Nam
685 3837 807 3892 illos
839 3839 912 3891 ait
943 3839 1208 3908 insignem
1245 3840 1480 3908 aliquam
1515 3842 1725 3895 stellam
1769 3841 1823 3894 in
1867 3842 2093 3895 zodiaco

512 3931 850 4001 designasse,
877 3932 1035 3997 cujus
1064 3949 1131 3985 ex
1164 3935 1546 3998 conversione,
1574 3942 1627 3986 et
1654 3934 2091 3987 ἀποκαταςτάσει

513 4022 580 4075 ad
618 4024 868 4076 eumdem
920 4024 1120 4085 locum,
1157 4024 1402 4078 caelestis
1440 4025 1704 4078 circui'us
1748 4025 2090 4078 intervallum

510 4111 873 4178 definierunt;
911 4115 1044 4165 Ἕνα
1083 4113 1203 4167 τινὰ
1229 4114 1336 4166 τῶν
1369 4117 1426 4167 ἐν
1454 4114 1531 4186 τῷ
1567 4115 1814 4185 ζωδιακῷ
1845 4116 2092 4187 λαμπρὸν

512 4201 715 4273 ἀστέρα
739 4206 1224 4276 παρατηρήσαντες
1256 4205 1611 4258 ἀνατέλλοντα
1644 4207 1692 4258 oi
1728 4206 1916 4271 πάλαι,
1949 4219 2090 4272 cte.;

516 4293 606 4346 ubi
631 4303 683 4347 et
711 4295 930 4372 modum
952 4296 1184 4364 explicat
1204 4312 1312 4366 quo
1332 4297 1589 4352 zodiacus
1614 4297 1896 4351 duodecim
1923 4299 2094 4353 trihu-

512 4393 604 4440 tus
637 4389 687 4440 in
720 4395 920 4456 partes,
952 4403 1014 4440 ac
1049 4396 1156 4440 tam
1197 4389 1368 4458 ipsius
1401 4405 1563 4458 quam
1617 4391 1954 4460 singulorum
2002 4408 2090 4446 se-

508 4485 854 4547 gnientorum
879 4487 1142 4548 tempora,
1163 4479 1260 4531 hoc.
1280 4489 1362 4533 est
1380 4481 1666 4552 ἀναφοραί,
1693 4482 1805 4536 sive
1825 4485 2095 4536 ascensio-

2201 639 2380 710 τέρων
2431 639 2464 710 ἢ
2517 638 2871 710 νοτιωτέρων.
2935 657 2954 688 «
2993 638 3066 691 Ex
3121 636 3222 692 hac
3267 639 3588 694 ascensione
3643 640 3802 693 duo-

2204 730 2434 786 decima:
2492 731 2703 802 partis,
2759 731 3008 785 ultimum
3069 732 3356 786 terminum
3417 729 3800 797 designabant

2203 822 2361 877 stella
2388 823 2646 892 quapiam
2680 821 2905 891 insigni,
2934 837 3054 891 quae
3083 823 3133 874 in
3165 836 3230 875 eo
3263 822 3381 892 ipso
3410 822 3650 876 termino
3679 824 3799 877 sita

2200 921 2354 976 erat;
2385 913 2465 966 vel
2493 912 2560 966 ab
2586 913 2692 965 alia
2732 912 3120 977 borealiorum,
3151 913 3630 978 australiorumve,
3664 930 3800 984 qua

2202 1003 2364 1058 simul
2393 1013 2642 1057 exortum
2675 1003 2936 1058 facerent.
2975 1023 2992 1055 ι

2273 1091 2444 1163 igitur
2470 1109 2535 1147 ex
2571 1093 2768 1147 diurna
2816 1096 3174 1150 conversione
3210 1095 3378 1153 stellae
3409 1097 3533 1150 caeli
3573 1097 3800 1150 circui-

2202 1192 2318 1237 tum
2363 1185 2647 1238 dimensus
2678 1200 2800 1239 esse
2831 1188 3020 1250 refert,
3050 1194 3211 1256 atque
3245 1186 3346 1240 hoc
3377 1187 3617 1256 spatium
3652 1185 3805 1240 duo-

2199 1276 2374 1331 decim
2422 1277 2660 1347 aequales
2716 1277 2770 1330 in
2829 1285 3009 1346 partes
3061 1277 3427 1334 distribuisse.
3483 1277 3674 1344 Quare
3725 1294 3804 1333 ex

2201 1369 2637 1432 ascensionibus,
2667 1377 2721 1423 et
2751 1386 2871 1439 quae
2901 1377 3147 1438 tempora
3177 1378 3369 1424 vocant
3405 1369 3672 1436 artiﬁces,
3707 1379 3801 1422 at-

2201 1475 2309 1528 que
2340 1462 2392 1514 in
2425 1461 2792 1530 mquinoctiali
2827 1462 3058 1523 circulo,
3092 1476 3198 1514 non
3246 1460 3301 1514 in
3347 1461 3572 1528 obliquo
3604 1468 3664 1514 et
3703 1475 3804 1514 zo-

2200 1553 2380 1617 diaco,
2408 1553 2976 1607 dodecatemoriorum
3023 1553 3390 1623 longitudines
3430 1553 3591 1608 initio
3640 1568 3805 1607 com-

2203 1652 2500 1714 putarunt;
2533 1645 2748 1699 tametsi
2783 1653 3188 1713 segmentorum
3224 1646 3426 1701 limites
3454 1646 3638 1700 stellis
3674 1648 3805 1716 qui-

2201 1738 2460 1804 busdam,
2491 1739 2638 1791 velut
2664 1736 3006 1801 cardinibus,
3031 1737 3449 1808 distinguerent.
3478 1738 3597 1794 Hoc
3628 1740 3806 1793 modo

2203 1837 2479 1898 segmenta
2521 1828 2812 1882 duodecim
2846 1829 2899 1882 in
2945 1830 3171 1884 zodiaeo
3203 1830 3423 1884 fuerunt
3457 1831 3803 1902 inaqualia;

2198 1921 2250 1974 in
2275 1919 2640 1990 aequinoctiali
2674 1930 2851 1974 autem
2903 1922 3170 1990 aequalia,
3229 1931 3420 1976 contra
3470 1938 3538 1976 ac
3595 1933 3804 1993 postea

2198 2010 2402 2065 factum
2439 2021 2539 2065 est.
2573 2011 2707 2064 Nam
2753 2011 2915 2067 hodie
2959 2011 3397 2067 dodecatemoria
3449 2014 3506 2068 in
3557 2015 3804 2069 zodiaco

2196 2103 2407 2157 circulo
2440 2110 2570 2157 sunt
2611 2104 2862 2174 aequalia,
2895 2114 3002 2157 tam
3040 2106 3092 2158 in
3118 2113 3290 2168 recto,
3325 2120 3490 2174 quam
3543 2105 3600 2159 in
3657 2108 3805 2160 obli-

2197 2210 2305 2264 quo
2335 2195 2458 2249 cmli
2490 2195 2703 2264 positu;
2737 2195 2790 2248 in
2821 2195 3212 2264 aequinoctiali,
3246 2205 3466 2266 propter
3497 2199 3802 2253 ascensio-

2197 2303 2326 2341 num
2355 2286 2749 2348 diversitatem,
2782 2288 3074 2356 utrobique
3124 2297 3254 2342 sunt
3303 2287 3541 2357 majora,
3572 2291 3666 2342 vel
3699 2293 3800 2343 mi-

2197 2394 2354 2433 nora.
2382 2377 2709 2448 Quanquam
2735 2377 2897 2433 Picus
2923 2379 3336 2433 Mirandulanus
3366 2379 3459 2433 lib.
3493 2379 3558 2432 Vl
3586 2379 3801 2435 Contra

2197 2468 2385 2521 astrol.
2427 2482 2549 2537 cap.
2581 2466 2663 2531 \I,
2697 2466 2983 2522 Chaldteos
3015 2469 3090 2521 ait
3123 2468 3296 2538 signis
3333 2483 3460 2523 usos
3492 2485 3608 2522 non
3646 2485 3796 2532 esse.

2196 2559 2291 2614 sed
2337 2559 2688 2630 imaginibus.
2742 2558 2847 2615 Sed
2894 2559 3256 2616 nihilominus
3295 2561 3653 2629 inazqualitas
3707 2563 3798 2615 illa

2196 2653 2532 2706 constiterit.
2573 2650 2854 2722 Siquidem
2909 2653 3207 2722 imagines,
3255 2653 3371 2709 sive
3410 2653 3594 2706 octavi
3641 2655 3799 2708 orbis

2198 2752 2476 2813 segmenta
2511 2745 2676 2798 certis
2703 2745 2963 2799 distincta
2994 2745 3269 2800 sideribus
3312 2745 3606 2814 inatqualia
3640 2757 3795 2806 sunt.

2196 2843 2256 2887 ut
2283 2835 2390 2887 alia
2427 2833 2928 2890 dodecatemorium
2963 2853 3122 2890 suum
3171 2852 3277 2890 non
3320 2837 3606 2907 impleant,
3644 2840 3798 2892 velut

2195 2925 2443 2989 Cancer;
2489 2925 2755 2980 excedant
2785 2928 2910 2990 alia,
2944 2937 2998 2981 et
3040 2930 3095 2981 in
3141 2929 3319 2982 vicina
3359 2928 3704 2990 redundent,
3737 2939 3798 2985 ut

2200 3014 2326 3081 Leo,
2359 3018 2592 3072 testibus
2623 3017 2932 3089 Hipparcho
2975 3031 3028 3075 et
3067 3019 3316 3077 Gemino.
3349 3019 3455 3076 Sed
3499 3038 3582 3076 ea:
3623 3022 3796 3076 Chai-

2196 3109 2435 3163 daeorum
2474 3117 2528 3164 et
2578 3109 2960 3182 Egyptiorum
3007 3113 3272 3183 imagines
3303 3128 3330 3166 a
3361 3113 3602 3183 vulgatis
3648 3112 3798 3168 Cra:-

2197 3215 2408 3264 corum,
2440 3211 2493 3256 et
2523 3202 2792 3272 hodieque
2825 3205 3132 3274 pervagatis
3171 3204 3401 3260 diversae
3442 3204 3701 3270 fuerunt,
3736 3216 3792 3260 ut

2200 3291 2441 3347 Achilles
2475 3293 2666 3348 Tatius
2691 3296 2742 3347 in
2772 3297 2921 3349 calce
2950 3294 3376 3367 Prolegomeuon
3403 3307 3672 3351 testatur.

2274 3379 2398 3434 llaec
2448 3381 2589 3452 apud
2625 3383 2907 3438 Chaldaeos
2947 3393 3001 3439 et
3051 3383 3338 3455 :Egyptios
3384 3385 3603 3441 zodiaci
3662 3397 3796 3440 nata

2198 3471 2396 3526 divisio
2426 3475 2626 3537 serius,
2665 3475 2742 3528 uti
2775 3474 2980 3529 dictum
3006 3483 3110 3540 est,
3139 3478 3376 3546 pervasit
3402 3477 3456 3530 in
3488 3475 3795 3533 Graeciam.

2196 3559 2381 3631 Neque
2411 3578 2538 3616 vero
2571 3580 2695 3617 cum
2736 3564 2988 3618 duodena
3022 3565 3125 3619 ista
3156 3565 3452 3635 partitione
3482 3567 3684 3622 statim
3715 3569 3798 3620 al-

2196 3657 2312 3705 tera
2358 3653 2660 3720 processit,
2716 3670 2838 3722 qua:
2888 3665 3166 3724 segmenta
3221 3655 3436 3725 singula
3485 3659 3689 3712 tribuit
3741 3663 3797 3713 in

2197 3749 2382 3811 partes
2414 3742 2658 3811 triginta.
2709 3744 2787 3797 Ac
2835 3745 3070 3798 diversa:
3112 3744 3404 3798 admodum
3455 3746 3605 3816 apud
3652 3751 3801 3801 anti-

2195 3849 2356 3902 quos,
2393 3835 2626 3889 maxime
2680 3835 2922 3900 Grtccos,
2975 3836 3270 3892 divisiones
3323 3839 3594 3892 instT'uta:
3637 3853 3796 3896 sunt.

2197 3923 2239 3978 E
2266 3926 2468 3995 quibus
2501 3927 2856 3982 celeberrima
2882 3927 2981 3982 fuit
3011 3943 3096 3991 ea,
3125 3945 3245 3999 qua:
3274 3931 3516 3984 circulos
3551 3933 3604 3985 in
3639 3948 3804 3987 seu.

2195 4033 2362 4087 genas
2407 4027 2591 4088 partes
2651 4019 2934 4073 distribuit
2989 4039 3002 4075 :
3055 4021 3216 4090 cujus
3281 4022 3531 4075 meminit
3584 4023 3803 4077 Strabo

2195 4109 2290 4162 lib.
2339 4107 2404 4174 ll,
2446 4109 2537 4163 ubi
2589 4112 3028 4180 aequinoctialem
3085 4112 3139 4165 in
3197 4113 3423 4166 totidem
3474 4112 3714 4176 dividit.
3749 4125 3804 4170 et

2193 4199 2433 4255 Achilles
2476 4198 2664 4255 Tatius
2712 4202 2764 4254 in
2793 4199 3096 4272 Prolegom.
3126 4220 3246 4275 cap.
3285 4203 3483 4272 XXVI;
3534 4204 3804 4278 Hyginus

2193 4291 2287 4346 lib.
2356 4290 2806 4361 [[Astronomiw
2884 4304 3022 4362 poet.
3098 4311 3220 4365 cap.
3289 4296 3356 4350 de
3453 4297 3807 4366 figuratione

2194 4384 2531 4438 circulorum
2589 4387 2816 4455 sphmrae
2869 4408 2880 4442 :
2936 4405 2954 4436 ‹
2990 4385 3047 4440 III
3113 4389 3339 4455 triginta
3392 4395 3616 4456 partes,
3685 4393 3802 4454 ait,

2196 4477 2630 4546 unumquodque
2675 4478 3112 4548 lieniisphmrium
3156 4478 3433 4543 dividitur,
3469 4481 3547 4532 ita
3581 4481 3673 4535 uti
3721 4483 3806 4536 di-

512 4585 611 4624 nes
645 4571 958 4625 constitutae
990 4580 1135 4625 sunt.
1174 4571 1328 4637 Quod
1358 4588 1422 4625 ex
1455 4588 1520 4626 eo
1549 4581 1769 4628 auctore
1801 4574 2092 4644 descripsit
2125 4587 2168 4642 ι)
2193 4570 2408 4624 mensio
2453 4569 2758 4639 signiﬁcari
2809 4573 3060 4624 videatur
3091 4572 3146 4625 in
3181 4578 3295 4624 tota
3338 4571 3554 4640 sphaera
3590 4588 3704 4642 per
3735 4591 3801 4628 ιι

512 4660 824 4716 Macrobius
871 4662 965 4716 lib.
1009 4661 1048 4723 Ι,
1086 4663 1140 4716 in
1184 4662 1366 4717 Somn.
1401 4661 1541 4731 Scip.
1579 4664 1754 4734 Caput
1789 4664 1935 4720 illius
1957 4673 2084 4720 est:

512 4753 810 4815 Chaldaeis,
865 4754 957 4823 qui
1016 4764 1142 4808 ante
1170 4754 1473 4808 duodenam
1508 4756 1850 4824 partitionem
1883 4765 2089 4826 septem

514 4843 566 4896 in
593 4845 732 4897 cmlo
751 4861 939 4913 sparsa
963 4846 1136 4898 sidera
1161 4853 1430 4907 notarent,
1455 4847 1723 4914 placuisse
1746 4856 1932 4918 postea
1949 4849 2088 4902 duo-

511 4937 685 4990 decim
706 4938 758 4990 in
780 4945 962 5007 partes
980 4944 1150 4990 totum
1170 4936 1432 4991 dividere.
1453 4938 1622 5010 igitur
1641 4939 1976 5008 splendidam
1997 4939 2090 4992 ali-

508 5041 670 5096 quam
687 5028 896 5081 stellam
911 5043 1005 5084 eos
1018 5029 1528 5097 observasse,cujus
1542 5030 1608 5083 ab
1623 5038 1742 5084 ortu
1759 5032 1823 5084 ad
1837 5029 2087 5085 eumdem

511 5125 690 5172 ortum
719 5118 1130 5173 conversionem
1168 5120 1232 5174 ad
1275 5120 1614 5191 clepsydram
1659 5120 1891 5174 dimensi
1937 5128 2081 5175 sunt.

510 5210 786 5274 Quantum
811 5225 966 5280 aquae
991 5212 1044 5264 in
1072 5212 1375 5282 subjectum
1401 5227 1498 5264 vas
1522 5212 1762 5265 stillatim
1789 5211 2086 5276 deciderat,

509 5301 673 5368 hujus
705 5301 922 5354 unciam
953 5300 1017 5355 ad
1053 5302 1376 5356 metiendam
1409 5301 1746 5356 duodecimae
1780 5304 1951 5372 partis
1979 5305 2090 5357 cir-

509 5395 616 5447 culi
646 5395 920 5466 ἀναφοράν
951 5404 1331 5463 sumpserunt;
1368 5410 1600 5465 eamque
1643 5405 1852 5464 partem
1887 5395 2087 5450 illustri

510 5485 692 5554 aliqua
736 5486 891 5540 stella
927 5489 1313 5550 terminarunt,
1345 5503 1464 5557 qua:
1508 5495 1601 5540 aut
1637 5487 1689 5540 in
1723 5502 1788 5541 eo
1826 5486 1943 5555 ipso
1975 5487 2086 5540 cir-

513 5577 618 5630 culi
653 5577 770 5629 loco
803 5576 1139 5647 deprehensa
1181 5580 1272 5642 sit,
1307 5587 1400 5632 aut
1439 5579 1578 5632 idem
1615 5587 1827 5649 tempus
1857 5579 2087 5634 habebat

510 5665 720 5719 oriendi
742 5685 756 5721 :
787 5667 881 5720 Ἐκ
903 5669 1107 5737 ταύτης
1127 5670 1226 5738 τῆς
1250 5669 1529 5738 ἀνανρορᾶς
1555 5669 1652 5730 (ait
1682 5667 1925 5736 Sextus),
1945 5670 2086 5740 φημὶ

510 5753 565 5806 δι
614 5755 708 5808 τοῦ
754 5756 1248 5830 δωδεκατημορίου,
1300 5760 1358 5811 τὸ
1402 5759 1702 5812 τελευταῖον
1756 5759 1926 5830 πέρας
1959 5761 2086 5828 ἐστι·

515 5846 763 5912 μειοῦντο
797 5847 902 5901 ἀπὸ
919 5851 1147 5921 ἀστέρος
1166 5852 1307 5914 ma;
1325 5850 1618 5920 ἐπιφανοῦς
1642 5852 1760 5904 κατ’
1792 5851 1920 5905 αὐτό
1952 5850 2084 5904 θεω-

2191 4670 2381 4732 partes
2435 4661 2597 4716 facta.
2648 4680 2666 4712 ι
2725 4661 2840 4715 lloc
2889 4661 3053 4716 modo
3099 4662 3258 4731 signo
3312 4661 3540 4715 cuilibet
3598 4674 3804 4731 partes

2187 4753 2452 4823 quinque,
2501 4754 2755 4823 partibus
2798 4754 3032 4823 singulis
3075 4769 3169 4808 sex
3199 4752 3401 4823 gradus
3433 4766 3799 4823 competunt.

2188 4841 2367 4898 Aliter
2395 4842 2724 4898 Posidonius
2754 4845 2899 4912 apud
2931 4843 3276 4898 Cleomedem
3321 4844 3414 4898 lib.
3448 4841 3490 4907 l,
3522 4861 3657 4916 cap.
3705 4847 3799 4910 lx,

2189 4935 2517 5005 signiferum
2544 4944 2715 4990 totum
2750 4937 2803 4990 in
2831 4953 2998 4990 XLVIII
3035 4944 3219 5006 partes
3257 4936 3574 5001 dividebat,
3612 4939 3802 4994 dode-

2188 5030 2524 5084 catemorion
2593 5029 2850 5099 quodque
2923 5029 3322 5099 quadrifariam
3391 5044 3618 5085 secans.
3689 5033 3800 5086 Atii

2189 5135 2356 5191 porro
2399 5119 2840 5173 dodecatemorio
2890 5120 3086 5189 quovis
3142 5121 3196 5174 in
3243 5121 3539 5174 duodecim
3595 5134 3799 5192 partes

2189 5208 2328 5262 alias
2352 5207 2552 5269 diviso,
2586 5216 2759 5261 totum
2792 5209 3078 5263 zodiacum
3111 5210 3164 5264 in
3195 5226 3352 5264 cuiv
3379 5211 3574 5278 partiti
3607 5227 3754 5268 sunt
3779 5255 3794 5277 .

2189 5308 2250 5353 ut
2292 5298 2490 5353 Sextus
2516 5298 2824 5369 Empiricus
2853 5299 3013 5354 docet
3045 5301 3202 5355 initio
3229 5302 3353 5354 libri
3382 5299 3448 5358 V.

2259 5391 2502 5446 Tandem
2535 5407 2602 5445 eo
2629 5407 2916 5462 progressa
2951 5409 3039 5448 res
3065 5402 3169 5456 est,
3196 5405 3253 5446 III
3286 5402 3398 5446 tam
3421 5395 3793 5464 aequinoctia:

2190 5483 2277 5546 lis,
2307 5499 2468 5553 quam
2502 5483 2727 5553 signifer
2759 5483 3003 5537 circulus
3033 5485 3088 5537 in
3123 5483 3417 5538 duodecim
3457 5495 3681 5554 partes.
3718 5503 3793 5541 me

2189 5574 2242 5628 in
2287 5576 2509 5642 triginta
2554 5575 2862 5628 minutatim
2905 5584 3245 5640 secarentur,
3274 5583 3334 5629 ut
3365 5576 3421 5628 in
3451 5585 3574 5631 tato
3606 5580 3792 5631 circ-no

2191 5665 2242 5718 lo
2292 5679 2458 5718 cccu
2493 5676 2791 5719 numeratae
2827 5665 2971 5728 sint;
3003 5664 3348 5720 duodecimis
3397 5683 3629 5738 quoque
3666 5686 3790 5739 par-

2190 5758 2332 5814 tibus
2360 5760 2647 5828 utriusque
2672 5757 2863 5813 circuli
2899 5758 3118 5812 nomina
3153 5757 3220 5811 de
3252 5759 3489 5814 stellatis
3524 5761 3790 5834 imagi'..i-

2190 5851 2291 5905 bus
2341 5851 2510 5904 indita
2547 5857 2674 5905 sunt
2709 5869 2718 5902 :
2756 5865 2875 5920 qua:
2914 5856 3027 5902 tum
3067 5849 3320 5904 videlicet
3357 5851 3414 5905 in
3455 5850 3572 5906 illis
3604 5852 3788 5910 conti-
