4022 6398
249 387 384 445 13d!

1077 381 1535 439 DISSERTATIO
1574 381 1660 436 DE
1699 379 1885 436 ORTU
1928 380 2016 437 ET
2049 381 2320 443 OGCASU
2360 382 2684 443 SIDERUM.

3367 379 3506 437 13ιῖ

249 502 541 566 nebantur,
583 498 798 554 tametsi
846 505 1053 569 postea.
1089 499 1304 570 longius
1357 501 1437 564 εἰς
1480 497 1551 553 τὰ
1587 497 1826 568 ἑπόμενα
1857 500 1897 555 Α
1931 498 2106 566 polos,
2141 509 2196 556 et
2245 480 2584 557 tricesimum
2626 514 2898 571 quemque
2922 499 3146 572 gradum
3178 503 3501 562 transeunt;

251 592 693 665 progressionem
726 589 976 646 fecerint.
1009 591 1085 646 Ac
1113 592 1388 662 principio
1417 593 1657 662 quidem,
1685 607 1822 646 non-

248 686 381 742 dum
410 684 561 739 orbis
595 681 840 738 stelliferi
869 683 1228 738 conversione
1259 684 1500 754 cognita,
1524 683 1827 753 simplicior

248 784 371 831 erat
418 775 768 830 astronomia
823 774 983 827 ratio.
1036 774 1193 830 Unus
1249 775 1392 828 enim
1447 774 1825 827 tantummodo

249 881 375 918 cum
430 865 796 935 aquinoctiali
847 865 1106 920 zodiacus
1167 865 1470 920 habebatur
1512 866 1568 920 in
1630 874 1824 921 octavo

247 959 411 1022 calo,
446 957 591 1028 quod
626 966 681 1014 et
719 959 990 1014 sideribus
1039 959 1414 1029 distinguitur.
1445 958 1502 1013 ld
1537 957 1679 1014 enim
1719 959 1826 1030 pri-

247 1067 420 1115 mttm,
465 1051 612 1120 quod
666 1060 885 1113 vocant,
933 1051 1132 1106 mobile
1185 1050 1328 1122 apud
1388 1051 1643 1120 antiquos
1698 1051 1819 1107 fuit.

249 1140 380 1196 Post
427 1141 772 1212 Hipparchus
820 1143 1025 1196 moveri
1072 1142 1126 1196 in
1179 1143 1570 1210 consequentia
1620 1142 1820 1197 calum

248 1232 384 1287 illud
409 1233 823 1298 animadvertit;
862 1233 1021 1303 idque
1043 1233 1368 1288 Ptolemaus
1393 1231 1590 1288 deinde
1617 1233 1822 1288 certius

249 1327 592 1396 approbavit.
624 1325 826 1380 Exinde
854 1340 984 1395 ergo
1011 1324 1206 1394 duplex
1236 1325 1491 1380 zodiacus
1515 1325 1584 1378 ab
1606 1323 1822 1378 artiﬁci-

248 1419 352 1473 bus
382 1418 640 1488 distingui
667 1425 880 1487 captus
911 1427 996 1473 est
1018 1436 1031 1472 :
1053 1434 1281 1488 quorum
1313 1419 1446 1473 alter
1475 1433 1582 1472 uno
1611 1417 1822 1487 simpli-

247 1511 407 1579 cique
455 1519 604 1564 motu
639 1511 876 1579 praedita
921 1509 1145 1579 sphaera
1189 1509 1426 1564 tributus
1470 1515 1572 1573 est,
1610 1509 1665 1561 in
1710 1521 1820 1577 quo

245 1601 382 1656 nulli
425 1600 696 1655 asterismi
731 1608 889 1666 sunt;
938 1601 1168 1671 ejusque
1219 1601 1489 1655 sectiones
1526 1597 1717 1652 iisdem
1762 1597 1819 1652 in

246 1691 812 1746 dodecatemoriorum
845 1692 1065 1762 punctis
1103 1707 1226 1745 cttm
1281 1691 1644 1761 aequinoctiali
1695 1703 1820 1759 per-

246 1789 412 1854 petuo
446 1781 612 1848 ﬁunt;
644 1784 782 1836 alter
813 1783 862 1837 ei
890 1783 1208 1852 suppositus
1257 1782 1312 1835 in
1357 1781 1488 1834 orbe
1533 1780 1815 1843 stellifero,

1927 592 2012 645 vel
2067 597 2124 646 in
2183 594 2446 660 zodiaco,
2516 596 2672 650 initio
2739 593 2925 649 itidem
2992 591 3063 647 ab
3121 592 3506 648 intersectione

1927 699 2097 739 verna
2153 696 2406 758 sumpto,
2487 703 2552 742 ac
2612 701 2709 758 per
2757 687 2913 758 polos
2973 685 3214 745 zodiaci.
3275 685 3506 754 ejusque

1926 775 2267 830 tricesimum
2345 792 2617 847 quemque
2687 776 2914 847 gradum
2989 773 3296 829 absolutum
3379 787 3504 843 per-

1925 867 2108 922 ductis
2145 868 2368 924 circulis
2414 869 2689 924 maximis.
2729 867 2981 922 Latitudo
3026 880 3243 936 quoque
3292 863 3375 916 vel
3415 869 3502 918 est

1927 959 2098 1014 stella
2150 960 2220 1014 ab
2272 959 2643 1030 aequinoctiali
2703 959 2996 1020 distantia;
3054 971 3217 1028 quam
3280 955 3502 1010 metitur

1925 1063 2090 1104 arcus
2143 1050 2340 1114 colori,
2390 1051 2504 1106 sive
2552 1051 2774 1105 maximi
2823 1049 3011 1104 circuli
3055 1063 3086 1101 a
3132 1048 3257 1118 polo
3308 1045 3496 1100 mundi

1923 1157 2026 1211 per
2058 1153 2310 1196 centrum
2343 1143 2514 1198 stella:
2537 1144 2603 1197 ad
2631 1141 3061 1212 aquinoctialem
3087 1139 3335 1210 producti
3362 1139 3497 1194 stel-

1924 1233 2032 1286 lam
2071 1233 2214 1286 inter
2268 1241 2322 1288 et
2365 1233 2798 1303 aquiuoctialem
2851 1230 3198 1300 interjectus;
3231 1229 3314 1282 vel
3356 1226 3500 1296 ejus-

1922 1324 2046 1380 dem
2109 1325 2280 1380 stella
2328 1332 2413 1380 est
2457 1341 2487 1379 a
2541 1325 2768 1380 zodiaco
2813 1323 3108 1387 distantia;
3163 1321 3278 1376 sive
3333 1333 3496 1374 arcus

1922 1415 2146 1468 maximi
2178 1415 2374 1468 circuli
2410 1429 2507 1485 per
2529 1414 2684 1484 polos
2721 1411 2929 1468 zodiaci
2965 1410 3319 1473 transeuntis,
3353 1408 3496 1461 inter

1923 1507 2136 1562 stellam
2171 1506 2492 1575 interjectus
2516 1513 2570 1560 et
2600 1504 2904 1560 zodiacum.
2948 1500 3193 1571 Utroque
3230 1497 3389 1552 modo
3421 1497 3496 1550 la-

1922 1597 2214 1652 titudinem
2248 1599 2550 1667 prasertim
2581 1596 2858 1651 deliniisse
2891 1605 3100 1649 veteres
3131 1607 3366 1667 sequens
3396 1607 3491 1645 ca-

1925 1699 2024 1761 put
2052 1691 2325 1744 ostendet.
2357 1688 2492 1743 Nam
2539 1689 2605 1744 dc
2656 1687 2990 1758 longitudine
3035 1686 3215 1740 minus
3253 1690 3489 1747 constat,

1921 1779 2118 1850 ecquid
2153 1794 2218 1834 ea
2245 1778 2546 1834 secundum
2576 1777 2855 1832 zodiacum
2883 1776 2952 1830 ab
2981 1775 3089 1830 illis
3112 1783 3269 1844 capta
3297 1774 3487 1838 fuerit;

245 1873 408 1942 cujus
445 1871 892 1928 intersectionum
937 1884 1136 1943 puncta
1184 1873 1287 1925 alia
1331 1879 1494 1941 atque
1538 1871 1643 1924 alia
1683 1877 1813 1925 sunt
1846 1846 1890 1900 Β
1919 1846 2045 1926 cum
2079 1873 2134 1926 in
2163 1870 2527 1942 aquinoctiali
2557 1871 2766 1925 circulo
2798 1875 3166 1938 computatam
3197 1865 3390 1932 fuisse,
3421 1880 3492 1920 ex

242 1965 326 2025 sl;
361 1963 429 2017 τὰ
466 1965 872 2036 προηγούμενα,
909 1981 970 2019 ac
995 1962 1180 2029 ζώδια,
1206 1965 1319 2019 sive
1362 1963 1656 2022 asterismi.
1680 1977 1814 2031 pau-

245 2055 398 2109 latim
432 2057 511 2120 εἰς
548 2058 616 2111 τὰ
655 2058 898 2129 ἑπόμενα
943 2060 1214 2120 nituntur,
1258 2065 1421 2125 atque
1462 2069 1492 2108 a
1539 2053 1814 2125 cognomi-

243 2147 408 2202 nibus
431 2148 532 2203 sibi
562 2149 1014 2204 dodecatemoriis
1053 2150 1266 2219 longius
1294 2148 1616 2204 abscedunt.

316 2237 446 2294 Post
477 2240 590 2294 hac
631 2255 804 2296 novus
846 2241 899 2294 in
937 2242 1241 2295 caelestium
1275 2241 1488 2295 orbium
1521 2246 1813 2312 systemate

243 2340 425 2387 motus
479 2334 732 2388 iuventus
778 2341 882 2398 est,
947 2333 1249 2388 secundum
1301 2349 1462 2403 quem
1529 2333 1807 2396 zodiacus,

242 2424 359 2479 sive
401 2423 654 2495 ecliptica
691 2424 950 2494 majorem
989 2425 1321 2479 minoremve
1349 2424 1509 2477 habet
1543 2424 1610 2477 ab
1632 2438 1811 2492 aqua-

241 2522 360 2570 tore
396 2515 712 2570 distantiam
759 2523 812 2568 et
855 2515 1230 2583 obliquitatem
1269 2533 1282 2568 :
1318 2529 1384 2568 ex
1421 2528 1529 2583 quo
1561 2513 1810 2567 stellatus

240 2608 394 2662 orbis
425 2607 496 2662 ab
529 2615 717 2662 austro
747 2608 802 2660 in
839 2607 1236 2676 septentriones
1279 2606 1542 2673 torqueri,
1575 2612 1628 2658 et
1661 2619 1690 2655 a
1723 2618 1810 2657 se-

241 2699 648 2770 ptentrionibus
679 2700 744 2752 ad
772 2709 1017 2752 austrum
1047 2697 1248 2752 rellecti
1275 2695 1516 2750 creditus
1536 2703 1639 2750 est.
1671 2693 1808 2748 Hinc

240 2790 407 2861 igitur
472 2792 665 2845 tertius
727 2790 946 2844 additus
1023 2798 1107 2844 est
1173 2788 1432 2842 zodiacus
1515 2785 1810 2855 interjecta

240 2881 485 2949 sphara,
518 2880 675 2949 cujus
707 2880 923 2950 propria
967 2887 1052 2933 est
1095 2879 1186 2932 illa
1223 2879 1460 2940 libratio,
1489 2879 1582 2948 qui
1617 2877 1685 2931 ab
1710 2893 1806 2930 zo-

239 2972 396 3026 diaco
431 2971 589 3040 primi
633 2971 850 3026 mobilis
898 2971 1178 3041 paululum
1225 2970 1460 3024 declinat
1491 2969 1560 3023 ad
1598 2968 1807 3038 aquilo-

237 3078 362 3117 nem
426 3071 519 3117 aut
565 3063 882 3125 meridiem,
929 3077 994 3116 ac
1051 3061 1153 3116 sibi
1207 3062 1451 3130 proxime
1500 3061 1804 3129 subjectum

236 3157 427 3211 eadem
459 3155 752 3226 agitatione
785 3161 1129 3223 contorquet.
1176 3153 1280 3208 Sed
1317 3170 1383 3207 eo
1416 3153 1802 3222 pratermisso,

237 3247 497 3318 quoniam
544 3248 749 3301 veteris
785 3246 1051 3300 duntaxat
1091 3245 1442 3300 astronomia
1478 3245 1617 3298 ratio
1651 3243 1738 3297 hic
1777 3259 1807 3297 a

237 3340 398 3394 nobis
451 3338 690 3399 ducitur.
726 3337 931 3408 duplici
987 3338 1214 3392 zodiaco
1259 3336 1501 3391 contenti
1549 3337 1804 3392 erimus:

235 3447 474 3502 quorum
503 3433 641 3486 alter
667 3431 827 3501 primi
861 3432 985 3486 eali
1012 3430 1305 3501 peculiaris
1339 3432 1584 3484 eamdem
1620 3443 1810 3498 perpe-

237 3533 332 3578 tuo
387 3522 805 3578 declinationem
888 3523 958 3577 ab
1024 3530 1332 3592 aquatore,
1395 3527 1448 3575 et
1502 3520 1557 3574 in
1619 3520 1806 3574 eodem

238 3627 442 3689 puncto
486 3617 786 3672 sectionem
834 3614 1081 3678 obtinet;
1129 3614 1265 3666 alter
1299 3612 1561 3666 continuo
1591 3611 1644 3664 in
1678 3626 1810 3664 con-

237 3708 520 3776 sequentia
571 3721 864 3777 progressu
915 3705 1160 3758 stellatas
1209 3702 1471 3773 imagines
1508 3699 1704 3763 defert,
1745 3713 1809 3753 ac

236 3809 348 3855 tam
390 3801 663 3855 sectiones
707 3814 832 3854 cum
879 3805 1156 3867 aquatore
1195 3796 1320 3851 aliis
1368 3803 1532 3866 atque
1581 3793 1704 3848 aliis
1751 3793 1809 3848 in

238 3894 454 3963 punctis
485 3894 635 3956 l'acit,
665 3906 828 3962 quam
859 3889 1300 3945 dodecatemoria
1336 3889 1452 3958 ipsa
1485 3894 1805 3945 commutat,

237 3985 504 4039 Czcterum
533 3999 657 4038 cum
694 3982 760 4038 de
804 3981 1028 4037 zodiaco
1079 3982 1309 4050 ejusque
1340 3977 1654 4049 segmentis,
1687 3991 1808 4046 qua

237 4077 395 4145 signa
428 4075 708 4136 dicuntur,
737 4073 984 4128 absolute
1011 4073 1305 4142 loquimur,
1337 4072 1573 4140 priorem
1607 4069 1808 4124 intelli-

237 4170 416 4240 gimus
446 4175 896 4236 constantemque
922 4166 1142 4220 mobilis
1182 4164 1366 4235 primi,
1389 4164 1474 4218 vel
1502 4164 1552 4218 ei
1582 4177 1810 4231 respou-

235 4261 452 4315 dentem
483 4259 537 4313 in
568 4268 758 4312 octava
798 4259 1006 4327 sphara
1060 4259 1362 4312 zodiacum.
1407 4256 1520 4312 Hoc
1559 4259 1704 4312 enim
1749 4258 1806 4311 in

236 4354 336 4406 ista
371 4353 520 4408 omni
549 4352 801 4406 doctrina
838 4352 968 4406 sciri
1021 4355 1275 4406 convenit
1327 4351 1592 4422 quidquid
1626 4352 1679 4404 in
1713 4367 1806 4420 su-

236 4446 541 4516 perioribus
596 4444 825 4515 spharis
893 4444 1225 4498 circulorum
1292 4451 1805 4514 segmentorumque

1922 1964 2236 2036 Hipparcho
2262 1965 2512 2035 sequenti
2541 1967 2714 2034 capite
2745 1963 3054 2033 colligatur.

1987 2056 2120 2112 Post
2165 2055 2517 2112 Ptolemaum
2562 2054 2930 2126 longitudines
2973 2052 3255 2107 stellarum
3292 2064 3489 2106 secun-

1918 2147 2048 2202 dum
2087 2149 2370 2202 zodiacum
2408 2155 2611 2218 putata
2657 2154 2784 2200 sunt
2817 2165 2830 2200 :
2867 2159 3096 2215 quarum
3135 2143 3489 2198 ascensiones

1917 2248 2082 2294 recta
2112 2239 2312 2308 prioris
2345 2239 2560 2310 generis
2586 2237 2950 2308 longitudines
2977 2237 3265 2292 habentur.
3291 2234 3366 2290 ita
3396 2250 3489 2289 zo-

1917 2334 2109 2388 diacus
2144 2333 2198 2386 in
2240 2341 2424 2403 partes
2464 2331 2750 2386 duodecim
2791 2331 3048 2401 aequales,
3089 2329 3488 2401 aequinoctialis

1917 2426 1971 2480 in
2025 2425 2250 2479 totidem
2305 2425 2600 2494 inaquales
2653 2423 2862 2478 divisus
2910 2431 3014 2477 est.
3059 2420 3312 2476 Latitudo
3356 2435 3488 2475 vero

1916 2517 2176 2572 distantia
2218 2517 2386 2572 stella
2438 2523 2522 2570 est
2563 2515 2630 2568 ab
2678 2513 2921 2579 zodiaco,
2951 2514 3064 2568 sive
3101 2513 3372 2583 ecliptica.
3403 2510 3488 2568 Ab

1915 2607 2284 2678 aquinoctiali
2323 2623 2453 2661 vero
2487 2606 2770 2670 distantia,
2799 2620 2908 2659 non
2947 2603 3209 2670 latitudo,
3259 2602 3354 2659 sed
3391 2602 3488 2658 de.

1913 2701 2139 2756 clinatio
2167 2700 2330 2770 vulgo
2361 2699 2694 2754 nominatur.

2529 2807 2756 2864 CAPUT
2795 2807 2858 2864 11.

1914 2904 1991 2959 De
2009 2901 2334 2974 longitudine
2361 2919 2422 2954 ac
2449 2901 2728 2974 latitudine
2744 2901 3044 2974 stellarum,
3064 2906 3289 2952 ueterum
3309 2905 3486 2950 astro-

1984 2971 2263 3030 nom'orum
2317 2974 2577 3026 sententia
2638 2971 2960 3033 declaratur,
3002 2979 3277 3037 utramque
3327 2981 3484 3036 penes

1983 3044 2405 3116 tequinoctt'alem
2452 3041 2707 3096 circulum
2738 3040 3125 3095 consideratam
3159 3039 3342 3107 fuisse.

1984 3157 2142 3226 Quod
2171 3156 2238 3212 de
2266 3158 2548 3213 stellarum
2597 3155 2935 3226 longitudine
2991 3155 3167 3222 capite
3214 3151 3486 3223 superiori

1911 3251 2170 3317 diximus,
2201 3266 2319 3304 eam
2367 3249 2508 3320 apud
2541 3257 2754 3304 veteres
2792 3248 3093 3304 secundum
3121 3246 3481 3317 aquinoctia-

1911 3344 2017 3398 lem
2043 3342 2238 3410 accipi,
2263 3341 2315 3396 id
2345 3357 2410 3396 ex
2435 3339 2747 3410 Hipparcho
2771 3341 3272 3396 demonstrabimus
3301 3337 3483 3392 allatis

1909 3435 2116 3503 aliquot
2140 3433 2441 3503 exemplis:
2472 3447 2538 3486 ex
2575 3431 2775 3501 quibus
2810 3431 2989 3500 priora
3023 3431 3113 3484 illa
3153 3430 3374 3484 veniant
3423 3429 3482 3484 in

1909 3525 2147 3580 medium
2182 3535 2440 3594 quatuor,
2467 3535 2590 3593 qua
2618 3523 2671 3576 in
2704 3523 2841 3576 lihro
2881 3523 2922 3586 l,
2953 3537 3182 3577 numero
3216 3520 3265 3575 Σ
3295 3522 3484 3591 legun-

1908 3625 2016 3680 tur,
2051 3616 2140 3670 ubi
2172 3623 2336 3685 caput
2369 3613 2516 3669 Ursa
2564 3613 2791 3683 majoris
2846 3613 3115 3682 imprimis
3155 3612 3319 3666 situm
3359 3626 3482 3667 esse

1907 3708 2036 3762 dicit
2064 3710 2117 3762 in
2150 3706 2348 3761 Leonis
2375 3706 2537 3775 paulo
2568 3705 2752 3759 minus
2781 3711 2934 3774 parte
2967 3704 3148 3766 tertia,
3176 3701 3480 3757 secundum

1906 3800 2342 3872 aquidistantem
2387 3797 2753 3868 aequinoctiali
2799 3796 3088 3850 circulum.
3153 3795 3245 3850 Est
3293 3801 3474 3849 autem

1907 3892 2269 3964 caput‘Ursa
2323 3892 2597 3948 borealior
2653 3889 3088 3944 antecedentium
3141 3887 3372 3942 duarum
3423 3886 3480 3941 in

1906 3984 2187 4049 laterculo,
2220 3999 2286 4038 ex
2311 3991 2556 4038 veterum
2596 3981 2897 4042 sententia,
2927 3979 3020 4050 qui
3056 3979 3234 4033 nullas
3285 3985 3484 4048 prater

1907 4085 2114 4146 septem
2146 4075 2247 4146 τῆς
2289 4073 2552 4145 ’Δμάξης,
2584 4074 2639 4127 in
2670 4071 2884 4127 Helices
2930 4071 3219 4126 asterismo
3241 4070 3481 4125 colloca-

1907 4177 2057 4224 runt.
2089 4169 2221 4224 ltem
2254 4179 2587 4240 postremam
2637 4168 2693 4222 in
2745 4167 2918 4221 cauda
2963 4164 3228 4219 Draconis
3278 4177 3478 4218 secun-

1907 4263 2037 4318 dum
2070 4264 2386 4332 parallelum
2419 4261 2688 4316 circulum
2715 4275 2838 4315 esse
2865 4259 2919 4311 in
2948 4266 3102 4328 parte
3133 4255 3332 4309 Leonis
3371 4263 3481 4308 ter-

1905 4357 2000 4410 tia.
2052 4353 2115 4410 Ὀ
2163 4356 2262 4426 μὲν
2311 4355 2419 4426 γὰρ
2464 4357 2522 4408 ὲν
2563 4355 2706 4424 ἄκρᾳ
2733 4355 2800 4424 τῇ
2845 4351 2980 4422 οὐρᾷ
3036 4348 3130 4403 τοῦ
3182 4348 3482 4419 Δράκοντος

1906 4446 2113 4516 ἐπέχει,
2149 4446 2224 4510 ὡς
2275 4446 2415 4499 κατὰ
2460 4444 2800 4515 παράλληλον
2843 4442 3076 4506 κύκλον,
3119 4439 3214 4494 τοῦ
3255 4439 3482 4502 Λέοντος

235 4539 472 4593 methodi
509 4553 675 4592 causa
723 4536 966 4607 ﬁngitur,
997 4535 1231 4605 idipsum
1273 4538 1574 4606 eodemque
1619 4537 1798 4600 modo,

1912 4539 2105 4611 μοίρας
2155 4544 2239 4607 γ’·
2289 4536 2317 4590 ὁ
2363 4537 2420 4590 δὲ
2468 4535 2756 4608 εἰρημένος
2809 4533 2984 4604 ἀστὴρ
3030 4534 3088 4586 ὲν
3133 4530 3212 4602 τῷ
3252 4528 3480 4600 πλινθίῳ

235 4629 302 4683 ad
360 4627 650 4683 inferiores
704 4635 758 4682 et
807 4627 1086 4695 subjectos
1135 4627 1564 4686 accommodari;
1628 4634 1682 4680 et
1737 4626 1804 4680 ad

234 4721 412 4791 ipsum
449 4719 586 4773 adeo
639 4726 797 4773 terra
845 4717 1066 4788 globum
1116 4716 1382 4787 quosdam
1428 4717 1709 4787 applicari,
1747 4717 1803 4770 in

233 4827 341 4882 quo
377 4827 510 4867 suus
551 4809 738 4864 itidem
778 4808 1178 4878 aquinoctialis
1218 4807 1501 4863 informari
1547 4809 1707 4873 solet,
1738 4823 1803 4862 ac

232 4903 413 4958 cateri
446 4901 711 4972 paralleli.

303 4990 399 5047 His
447 4990 865 5052 animadversis,
893 5003 1017 5044 cum
1069 4988 1353 5044 stellarum
1403 4988 1545 5044 situs
1590 4989 1674 5042 vel
1715 4988 1802 5042 di-

231 5090 380 5138 recte
424 5083 509 5138 vel
559 5083 912 5138 transversim
965 5081 1304 5137 considerari
1345 5089 1529 5151 queat,
1569 5081 1671 5134 hoc
1716 5087 1802 5135 est

232 5177 534 5234 secundum
572 5175 993 5245 longitudinem,
1025 5189 1090 5228 ac
1143 5174 1480 5228 latitudinem
1518 5192 1532 5228 :
1567 5188 1800 5243 quarum

229 5271 378 5340 prior
403 5269 472 5322 ab
502 5269 884 5322 intersectione
916 5282 1082 5322 verna
1111 5268 1340 5331 zodiaci,
1364 5275 1419 5322 et
1446 5267 1802 5337 aquinoctia-

229 5363 297 5417 lis
333 5360 558 5430 incipit;
591 5361 862 5430 posterior
892 5360 1047 5430 polos
1077 5375 1271 5414 versus
1300 5358 1476 5413 media
1512 5359 1580 5413 ab
1623 5359 1798 5427 spha-

225 5469 288 5507 ra
318 5451 556 5510 sumitur
587 5470 600 5505 :
636 5462 926 5521 utrumque
971 5452 1263 5521 dupliciter
1301 5451 1558 5506 astimari
1596 5457 1795 5522 potest.

223 5543 360 5597 Nam
401 5543 684 5612 longitudo
720 5543 806 5596 vel
853 5544 907 5596 in
957 5542 1325 5612 aquinoctiali
1371 5550 1671 5612 spectatur,
1703 5542 1796 5611 qui

225 5635 514 5691 duodecim
542 5634 800 5688 tribuitur
827 5635 880 5688 in
909 5644 1110 5703 partes,
1138 5633 1293 5688 initio
1317 5635 1386 5688 ab
1416 5650 1581 5688 verna
1622 5634 1793 5688 inter-

227 5725 464 5783 sectione
520 5723 687 5790 facto,
724 5725 1132 5795 designatisque
1182 5726 1237 5779 in
1282 5741 1348 5780 eo
1393 5725 1642 5795 partit-us
1700 5739 1794 5794 per

228 5828 490 5870 maximos
521 5813 780 5878 circulos,
813 5814 928 5870 sive
965 5811 1184 5871 coluro's
1218 5830 1335 5878 sex,
1364 5815 1454 5884 qui
1485 5830 1579 5883 per
1607 5814 1790 5870 mundi

1909 4631 2096 4701 ἐπέχει
2127 4629 2221 4684 τοῦ
2261 4628 2487 4690 Λέοντος
2533 4627 2712 4697 μικρῷ
2749 4626 2973 4679 ἔλασσον
3005 4623 3112 4677 τῶν
3155 4629 3204 4692 γ’
3248 4621 3474 4693 μοιρῶν.

1913 4722 2213 4789 Utrumque
2249 4718 2448 4773 falsum
2483 4727 2588 4778 est,
2627 4718 2672 4772 si
2716 4717 2769 4770 in
2803 4717 3027 4770 zodiaeo
3057 4722 3332 4783 spectetur
3363 4713 3480 4764 illa-

1907 4827 2025 4864 rum
2061 4809 2341 4865 stellarum
2375 4808 2534 4862 situs.
2581 4805 2715 4860 Nam
2747 4806 2918 4876 prior,
2964 4820 3086 4874 qua
3120 4801 3270 4856 Ursa
3315 4809 3479 4871 caput

1907 4901 2150 4970 antiquis
2177 4908 2316 4963 erat,
2343 4897 2640 4970 Hipparchi
2665 4907 2908 4966 tempore
2935 4897 2988 4950 iu
3013 4895 3208 4950 Cancri
3237 4893 3303 4948 15
3325 4901 3477 4964 parte

1906 4998 2276 5062 versabatur;
2317 5004 2589 5065 postrema
2635 4991 2824 5047 cauda
2882 4989 3146 5043 Draconis
3190 4988 3244 5042 in
3279 4986 3474 5041 Cancri

1907 5089 2004 5154 10,
2053 5090 2158 5144 ὅδ’.
2195 5088 2462 5142 Ascensio
2494 5091 2640 5140 recta
2676 5083 2877 5155 prioris
2915 5083 3019 5136 fuit
3063 5081 3188 5143 529.,
3218 5081 3299 5135 32'
3332 5094 3476 5133 anno

1899 5179 2025 5237 Per.
2065 5180 2174 5236 Jul.
2233 5179 2412 5244 £550;
2458 5177 2781 5248 posterioris
2833 5175 3024 5246 paucis
3056 5173 3216 5227 anuis
3245 5179 3430 5241 postea
3457 5210 3472 5235 ,

1903 5275 2004 5329 fuit
2035 5273 2159 5336 125,
2199 5271 2301 5341 57'.
2339 5251 2804 5338 Divisa-utraque
2858 5282 2956 5337 per
2987 5265 3056 5319 30
3078 5305 3094 5328 ,
3141 5264 3385 5318 conﬁunt
3418 5262 3471 5315 in

1901 5365 2095 5436 priori,
2139 5363 2292 5434 signa
2324 5364 2379 5425 4,
2409 5361 2466 5425 2,
2496 5363 2610 5424 52';
2642 5361 2697 5414 in
2728 5357 3039 5429 posteriori,
3072 5355 3136 5418 4,
3177 5355 3230 5420 ’5,
3256 5353 3358 5408 57'.
3395 5351 3472 5408 Ita

1899 5474 2086 5513 verum
2123 5464 2206 5512 est
2236 5455 2379 5526 quod
2411 5456 2488 5508 ait
2516 5453 2858 5523 Hipparchus
2886 5450 2952 5504 de
2993 5450 3274 5502 ambarum
3310 5446 3466 5509 locis,

1900 5552 1945 5606 si
1978 5552 2032 5605 in
2062 5549 2428 5619 aquinoctiali
2452 5548 2659 5602 circulo
2679 5545 2978 5601 secundum
3010 5542 3359 5596 ascensiones
3384 5555 3472 5595 re-

1896 5651 2015 5697 ctas
2041 5682 2056 5702 ,
2095 5641 2214 5704 vel,
2247 5639 2392 5710 quod
2427 5640 2570 5693 idem
2600 5647 2705 5700 est,
2751 5638 2804 5692 in
2837 5651 2904 5691 eo
2933 5633 3190 5706 parallelo
3220 5631 3472 5688 conside-

1903 5741 2129 5796 rentur,
2169 5746 2328 5800 quem
2361 5730 2530 5785 stella
2557 5728 2755 5781 diurno
2784 5735 2933 5781 motu
2965 5724 3260 5779 detineant.

1981 5824 2193 5876 ttursus
2225 5819 2412 5875 eodem
2453 5819 2572 5873 loco
2623 5816 2813 5872 scribit
2856 5813 3217 5886 Hipparchus.
3253 5823 3466 5865 austra-
