4022 6398
552 389 691 446 15ἳῖ

1571 387 1663 444 AD
1705 388 1972 445 EUSEBII
2007 385 2404 444 CIIHONICON
2443 385 2806 442 APPENDIX.

3665 389 3824 458 ru

548 511 734 561 liorem
774 505 1189 561 succedentium
1223 504 1453 560 duarum
1499 507 1556 560 in
1591 505 1849 560 laterculo
1878 505 2126 560 obtinere
2158 509 2198 563 Α
2227 498 2627 563 describendis,
2661 500 2729 555 ab
2763 499 2830 555 iis
2861 499 3116 568 cmpisse,
3141 499 3232 569 qui
3277 499 3546 554 borealem
3605 501 3824 556 habent

547 598 942 666 propemodum
985 604 1193 666 partem
1237 595 1438 650 Leonis
1497 595 1810 651 vicesimam
1855 597 2124 666 quintam.

547 688 710 758 Atqui
745 689 898 742 locus
921 688 1040 756 ejus
1069 687 1124 742 in
1163 686 1388 742 zodiaco
1422 688 1524 741 fuit
1552 687 1846 758 Hipparchi
1889 695 2130 756 tempore

549 781 605 834 in
644 779 842 834 Leonis
881 779 916 829 0
939 819 954 844 ,
985 779 1089 833 μ’.
1134 777 1277 848 Ergo
1326 794 1393 832 ex
1428 780 1751 834 ascensione
1803 787 1951 834 recta
1985 781 2128 834 situs

549 869 654 924 iste
686 869 1084 939 compntandus
1115 878 1237 936 est;
1267 885 1432 940 quam
1461 871 1675 940 reperio
1704 870 1970 941 graduum
2005 872 2126 936 145,

548 954 652 1010 32'.
679 953 774 1010 His
806 971 902 1025 per
932 957 1156 1026 triginta
1185 957 1398 1021 divisis,
1429 960 1564 1012 liunt
1592 960 1746 1030 signa
1777 959 1842 1024 4,
1877 960 1978 1025 25,
2022 961 2126 1023 52',

550 1045 655 1098 hoc
681 1053 766 1099 est
799 1043 998 1100 Leonis
1023 1047 1185 1115 paulo
1216 1048 1336 1116 plus
1365 1047 1539 1118 gradu
1576 1049 1842 1105 vicesimo
1891 1049 2085 1120 quinto
2109 1093 2124 1118 ,

551 1137 607 1191 in
633 1137 1027 1205 aequinoctiali,
1060 1139 1145 1194 vel
1173 1137 1563 1210 aequidistante
1592 1141 1642 1196 ei
1673 1141 1901 1196 circulo.

622 1229 825 1284 Ibidem
855 1237 1098 1286 extrema
1146 1231 1336 1286 cauda:
1367 1230 1584 1288 Helices
1615 1234 1877 1288 statuitur
1903 1235 1958 1289 in
1989 1234 2128 1291 Clie-

549 1321 751 1386 Iarum,
775 1337 873 1376 seu
902 1320 1080 1377 Libra:
1105 1331 1301 1393 quarta
1334 1334 1508 1394 parte.
1560 1324 1736 1382 Locus
1760 1335 1878 1382 erat
1909 1327 1964 1383 in
1996 1327 2130 1384 Leo-

551 1415 640 1471 nis
665 1415 777 1480 27,
827 1415 927 1468 ιον.
989 1414 1260 1472 Ascensio
1319 1426 1467 1472 recta
1524 1419 1804 1490 signorum
1864 1420 1920 1486 6,
1950 1422 2005 1486 4,
2043 1423 2124 1486 ι’.

551 1507 712 1578 plane
741 1515 801 1561 ut
837 1506 1180 1577 Hipparchus
1211 1509 1406 1574 voluit,
1441 1512 1496 1565 in
1531 1510 1710 1567 Libra:
1731 1514 1787 1567 4.
1821 1514 1934 1568 Non
1960 1516 2128 1586 igitur

551 1598 619 1652 ad
650 1597 931 1653 zodiacum
956 1636 973 1663 ,
1004 1599 1100 1654 sed
1135 1599 1202 1653 ad
1227 1602 1571 1670 parallelum,
1596 1606 2120 1677 mquinoctialemve,

551 1689 832 1744 stellarum
858 1689 975 1743 loca
1005 1689 1383 1760 designantur.

621 1779 860 1834 Numero
910 1777 999 1832 XII
1055 1778 1401 1853 Hipparchus
1450 1785 1527 1838 ait
1576 1795 1909 1855 postremam
1938 1791 2126 1846 caudae

551 1870 779 1927 minoris
811 1871 964 1929 Ursa:
986 1880 1146 1930 sitam
1183 1888 1305 1930 esse
1337 1876 1392 1928 in
1442 1875 1614 1946 gradu
1646 1877 1887 1935 Piscium
1922 1882 2008 1940 I8.
2053 1881 2112 1938 Si

551 1962 762 2017 zodiaci
797 1965 937 2018 ratio
970 1965 1268 2032 habeatur,
1305 1974 1426 2020 erat
1459 1966 1761 2038 Hipparchi
1795 1979 2041 2042 tempore
2067 1975 2124 2029 in

552 2055 724 2124 gradu
777 2054 944 2110 Tauri
991 2057 1081 2112 29.
1132 2059 1397 2113 Ascensio
1441 2071 1588 2114 recta
1621 2061 1896 2128 546.16’,
1925 2066 2126 2134 quibus

553 2165 651 2220 per
683 2149 752 2204 50
778 2149 992 2213 divisis,
1024 2150 1395 2205 conﬁciuntur
1431 2152 1586 2222 signa
1622 2155 1710 2217 11,
1747 2155 1832 2220 16,
1862 2157 1978 2222 16’,
2021 2159 2125 2214 hoc

551 2245 637 2294 est
657 2237 859 2308 gradus
885 2236 1123 2292 Piscium
1160 2239 1223 2294 l6
1243 2278 1260 2301 ,
1309 2240 1388 2294 16¹
1411 2280 1427 2308 ,
1459 2243 1758 2298 secundum
1809 2248 2123 2313 parallelum

551 2330 839 2385 circulum.
865 2328 984 2384 Jam
1019 2330 1166 2401 quod
1203 2330 1343 2386 idem
1383 2334 1584 2389 asserit
1632 2351 1786 2390 num.
1817 2336 1933 2392 XIV
1963 2348 2126 2410 caput

554 2420 708 2477 Ursae
736 2424 963 2478 minoris
987 2465 1002 2489 ,
1041 2425 1154 2479 sive
1185 2425 1539 2481 borealioreni
1590 2429 2029 2486 antecedentium
2068 2433 2123 2488 in

550 2512 816 2569 laterculo
845 2515 1097 2585 plaustri,
1139 2516 1300 2570 sitam
1332 2532 1456 2573 esse
1502 2518 1554 2572 in
1587 2530 1829 2575 extremo
1876 2519 2121 2594 Sc'orpii,

552 2603 608 2658 id
633 2619 756 2658 cum
791 2604 1000 2660 zodiaci
1037 2606 1158 2660 loco
1203 2621 1311 2662 non
1364 2611 1658 2664 convenit:
1719 2612 1810 2680 qui
1861 2612 2126 2684 fuitHip-

550 2697 739 2768 parclii
774 2704 1015 2767 tempore
1045 2699 1101 2752 in
1131 2698 1304 2768 gradu
1337 2700 1536 2755 Cancri
1586 2702 1671 2766 15,
1711 2703 1827 2769 15¹,
1873 2704 1969 2760 sed
1999 2719 2122 2759 cum

550 2790 874 2845 ascensione
917 2800 1062 2845 recta
1091 2829 1107 2854 ,
1139 2806 1260 2860 qua:
1306 2791 1408 2846 fuit
1442 2793 1724 2864 signorum
1757 2794 1812 2858 8,
1847 2796 1900 2859 1,
1923 2797 2031 2862 26',
2065 2805 2125 2851 ut

548 2881 653 2936 hac
675 2881 888 2936 ratione
916 2880 971 2935 in
996 2881 1271 2952 Sagittarii
1310 2885 1327 2938 I
1359 2885 1642 2939 censenda
1677 2885 1860 2942 fuerit.

620 2971 749 3027 Item
786 2972 840 3025 in
869 2973 974 3026 tlne
1005 2973 1128 3027 libri
1155 2973 1194 3031 Ι.
1247 2989 1400 3027 num.
1437 2973 1652 3039 XXVII,
1683 2977 1874 3032 scribit
1905 2985 2125 3035 antece-

548 3064 742 3120 dentes
771 3064 825 3117 in
855 3063 1021 3134 Hydri
1050 3065 1229 3136 capite
1263 3066 1509 3121 obtinere
1547 3078 1754 3138 partem
1786 3068 1986 3127 Cancri
2013 3087 2127 3125 ani-
2153 3129 2159 3136 _

2232 607 2262 645 a
2297 592 2524 644 zodiaco
2550 590 2864 646 distantiam
2892 628 2908 655 ,
2943 591 3049 644 hoc
3081 601 3166 645 est
3201 591 3558 656 latitudinem,
3590 601 3711 645 tum
3747 592 3823 648 de

2233 684 2569 739 australibus
2593 685 2773 754 egisse
2799 701 2813 737 :
2848 683 2994 754 quod
3015 692 3069 737 et
3095 681 3437 753 Ilipparchus
3459 685 3575 754 ipse
3606 692 3697 740 ten
3711 686 3818 740 ait.

2301 771 2609 840 Quinetiam
2652 772 2950 835 Geminus,
2986 774 3078 844 qui
3109 774 3388 845 octoginta
3427 776 3653 832 circiter
3683 785 3820 846 post

2231 863 2601 936 Hipparchum
2654 865 2814 922 annis
2842 864 3044 932 ﬂoruit,
3071 881 3178 921 non
3231 867 3465 922 obscure
3497 867 3818 938 signiﬁcat,

2228 967 2388 1012 aetate
2416 971 2514 1014 sua
2556 965 2664 1011 tam
2686 955 3050 1028 longitudines
3084 957 3386 1023 stellarum,
3423 973 3588 1029 quam
3623 959 3820 1014 latitu-

2227 1048 2409 1116 dines,
2431 1048 2496 1103 ad
2523 1048 2804 1102 zodiacum
2839 1047 3277 1104 accommodatas
3319 1063 3461 1105 esse.
3490 1049 3626 1104 Nam
3649 1051 3817 1105 initio

2231 1140 2354 1195 libri
2387 1141 2586 1196 asserit
2613 1140 2895 1195 zodiacum
2926 1141 2980 1194 in
3015 1148 3200 1211 partes
3222 1140 3508 1196 duodecim
3537 1144 3816 1214 aequales,

2227 1245 2348 1300 qua:
2371 1239 2496 1284 sunt
2516 1229 2960 1300 signa,distribui
2993 1248 3006 1284 :
3031 1244 3138 1301 qua
3167 1231 3380 1287 ratione
3395 1231 3820 1291 dividinecesse

2227 1329 2312 1376 est
2337 1322 2778 1392 aequinoctialem
2814 1321 2867 1376 in
2899 1329 3083 1393 partes
3109 1323 3428 1394 inaequales.
3456 1323 3636 1394 Atque
3661 1326 3815 1380 idem

2229 1410 2585 1465 nihilominus
2661 1411 3044 1480 parallelorum
3118 1411 3450 1467 circulorum
3517 1415 3814 1477 meminit,

2227 1519 2366 1574 quos
2416 1503 2832 1574 aequidistantes
2887 1505 2958 1559 ab
2999 1504 3369 1574 aequinoctiali
3415 1506 3572 1560 stella
3607 1505 3818 1560 diurno

2227 1595 2458 1651 circuitu
2493 1595 2766 1667 designat.
2815 1594 3084 1662 Quocirca
3110 1596 3407 1652 verisimile
3433 1606 3518 1652 est
3544 1599 3815 1669 antiquos

2227 1697 2459 1758 utroque
2496 1689 2658 1743 modo
2694 1689 2973 1745 stellarum
3038 1689 3404 1757 longitudines
3447 1705 3512 1745 ac
3548 1691 3803 1745 latitudi-

2227 1795 2326 1836 nes
2351 1788 2604 1851 putasse;
2656 1796 2757 1852 pro
2785 1795 2853 1836 eo
2885 1789 3048 1851 atque
3091 1784 3158 1835 ad
3201 1781 3510 1837 institutam
3542 1801 3817 1853 πραγμα-

2225 1872 2375 1927 τείαν
2404 1871 2704 1944 expediret.
2739 1871 2854 1927 Nisi
2910 1875 3058 1928 enim
3100 1872 3449 1929 latitudinem
3483 1873 3706 1928 illarum
3743 1876 3818 1930 ab

2225 1965 2452 2018 zodiaco
2485 1963 2760 2024 interdum
2792 1963 3170 2019 adhibuissent
3193 2006 3209 2029 ,
3256 1980 3362 2020 non
3399 1965 3818 2036 distinguerent

2224 2058 2474 2113 boreales
2497 2072 2686 2112 earum
2722 2057 2864 2112 situs
2891 2057 2959 2111 ab
2995 2056 3332 2111 australibus
3367 2057 3677 2110 secundum
3708 2073 3816 2111 zo-

2224 2150 2438 2204 diacum
2460 2189 2475 2213 ,
2536 2148 2632 2203 sed
2670 2147 3103 2218 mquinoctialem
3132 2149 3443 2202 duntaxat:
3483 2163 3511 2201 a
3545 2164 3662 2219 quo
3691 2151 3818 2205 solo

2225 2240 2542 2296 latitudines
2569 2238 2884 2295 earumdem
2927 2247 3256 2310 repeterent.
3287 2237 3426 2294 Hinc
3464 2237 3668 2294 falsum
3689 2257 3817 2296 esse

2225 2339 2463 2393 constat,
2488 2329 2632 2400 quod
2683 2328 2956 2399 Josephus
2987 2329 3232 2401 Scaliger
3257 2329 3437 2400 capite
3463 2331 3649 2400 primo
3685 2327 3815 2386 libri

2226 2424 2303 2479 De
2326 2424 2542 2492 anticip.
2583 2424 2774 2492 (cc/uin.
2819 2421 3082 2486 aﬂirmat,
3143 2430 3272 2478 ante
3301 2422 3656 2479 Ptolemaeum
3691 2425 3817 2478 nul-

2225 2516 2331 2570 lam
2361 2516 2522 2570 aliam
2553 2515 2832 2569 stellarum
2867 2513 3262 2584 longitudinem
3314 2515 3400 2570 vel
3459 2516 3816 2571 latitudinem

2226 2608 2279 2662 in
2305 2624 2408 2663 usu
2441 2606 2644 2671 fuisse,
2677 2622 2843 2678 quam
2873 2621 2995 2676 quae
3027 2621 3195 2676 penes
3220 2607 3667 2677 aequinoctialem
3717 2624 3814 2663 su-

2224 2702 2430 2768 mitur;
2486 2700 2722 2771 primum
2783 2708 2962 2753 autem
3005 2697 3354 2754 Ptolemazum
3406 2700 3472 2754 ad
3524 2701 3815 2755 zodiacum

2226 2803 2511 2862 utramque
2539 2791 2906 2846 transtulisse.
2947 2791 3114 2862 Atqui
3144 2789 3427 2854 Geminus,
3452 2790 3551 2861 qui
3600 2793 3813 2846 ducen-

2225 2886 2295 2938 tis
2325 2884 2559 2954 amplius
2581 2883 2741 2939 annis
2770 2882 3124 2937 Ptolemaeum
3149 2884 3451 2954 praeessit,
3486 2890 3600 2936 tam
3638 2883 3816 2952 longi-

2225 2977 2446 3033 tudines
2473 2977 2782 3040 stellarum,
2806 2991 2971 3046 quam
3003 2975 3323 3030 latitudines
3368 2975 3424 3029 in
3454 2975 3688 3029 zodiaco
3713 2976 3812 3030 de-

2226 3071 2460 3140 scriptas
2487 3085 2610 3125 esse
2631 3069 2830 3125 saeculo
2857 3082 2992 3131 suo,
3044 3068 3367 3138 planissime
3415 3067 3666 3122 declarat
3691 3107 3708 3132 ,
3755 3075 3812 3122 ut

550 3155 694 3226 plius
731 3155 818 3220 I0,
846 3155 988 3226 quod
1033 3157 1248 3226 egregie
1296 3158 1608 3214 ascensioni
1641 3168 1802 3215 rectae
1826 3163 2081 3232 congruit
2107 3184 2120 3217 :
2152 3185 2198 3246 ε
2228 3162 2391 3231 paulo
2417 3169 2544 3217 ante
2585 3161 3102 3215 demonstravimus.
3140 3158 3512 3229 Hipparchum
3542 3170 3731 3213 autem
3759 3170 3810 3214 et

548 3261 713 3316 quam
763 3247 979 3302 invenio
1030 3245 1326 3316 Hipparchi
1359 3255 1603 3318 tempore
1635 3251 1914 3320 signorum
1954 3253 2007 3317 5,
2034 3256 2121 3321 10,

550 3337 651 3392 η’.
693 3334 770 3390 Ita
810 3337 1017 3397 stellas.
1043 3353 1164 3406 quae
1195 3344 1325 3391 sunt
1352 3338 1406 3391 in
1435 3338 1634 3407 Cephei
1667 3341 1864 3410 capite,
1890 3343 2124 3399 collocat

549 3432 692 3487 idem
727 3436 782 3484 ln
812 3431 982 3502 gradu
1017 3431 1252 3500 amplius
1283 3430 1368 3485 I0.
1408 3430 1472 3484 Et
1499 3447 1600 3487 nos
1631 3437 2008 3490 ascensionem
2035 3452 2124 3490 rc-

549 3532 692 3577 etam
745 3523 1002 3579 australis
1050 3521 1509 3592 deprehendimus
1556 3523 1835 3592 signorum
1879 3526 1979 3591 10,
2034 3529 2121 3591 10,

549 3617 653 3672 ιδ’.
691 3617 912 3670 Stellam
937 3615 1181 3685 ejusdem
1219 3615 1516 3679 asterismi,
1547 3631 1669 3686 qua:
1703 3616 1756 3670 in
1790 3619 2016 3674 sinistro
2039 3628 2126 3676 est

551 3707 781 3762 humero
805 3746 820 3770 ,
879 3708 965 3761 vel
1003 3707 1228 3760 brachio
1251 3745 1266 3769 ,
1303 3707 1468 3762 refert
1501 3705 1843 3777 Hipparchus
1892 3710 2122 3778 positam

549 3815 674 3856 esse
699 3799 753 3853 in
787 3798 954 3868 gradu
985 3798 1056 3853 25
1088 3799 1335 3868 Aquarii.
1371 3799 1636 3856 Ascensio
1668 3807 1816 3854 recta
1847 3803 2121 3872 congruit,

549 3905 672 3962 qua:
707 3899 792 3944 est
817 3890 1097 3960 signorum
1132 3889 1220 3953 10,
1257 3890 1350 3954 26,
1373 3891 1479 3946 26'.
1505 3895 1574 3945 At
1605 3893 1660 3946 in
1691 3893 1918 3947 zodiaco
1974 3895 2125 3948 locus

549 3992 668 4038 erat
706 3981 762 4036 in
806 3981 1006 4036 Arietis
1047 3981 1100 4045 3,
1129 3981 1232 4036 48'.
1282 3981 1361 4035 Ad
1399 3982 1513 4037 haec
1572 3984 1628 4036 in
1679 3984 1904 4039 sinistra
1957 4002 2154 4047 manu,

552 4073 734 4128 Bootae
762 4071 1171 4128 antecedentem
1202 4073 1414 4126 stellam
1438 4073 1580 4126 locat
1608 4073 1808 4128 ibidem
1844 4075 1898 4128 in
1933 4075 2126 4130 Chela-

552 4180 674 4218 rum
712 4172 864 4234 parte
887 4163 1124 4232 amplius
1159 4165 1244 4218 15.
1269 4164 1536 4219 Ascensio
1558 4171 1707 4219 recta
1737 4172 1822 4220 est
1844 4166 2122 4236 signorum

551 4253 608 4316 6,
639 4253 698 4306 11
725 4293 740 4320 ,
792 4251 907 4318 47’;
939 4251 1092 4306 locus
1125 4251 1181 4305 in
1210 4251 1466 4313 zodiaco,
1516 4252 1572 4304 in
1625 4250 1824 4308 Leonis
1879 4252 1985 4315 28,
2017 4253 2122 4307 58'.

551 4345 820 4400 Praaterea
849 4344 945 4400 lib.
980 4343 1023 4396 ll
1070 4343 1230 4398 docet
1280 4342 1626 4414 Hipparchus
1669 4344 2124 4399 australissimam

553 4438 610 4490 in
664 4437 889 4492 sinistro
944 4435 1080 4506 pede
1118 4434 1300 4491 Bootae
1342 4437 1591 4491 obtinere
1639 4445 1847 4505 partem
1875 4433 2052 4490 Libra
2084 4436 2120 4490 I.

2230 3253 2513 3308 Eudoxum
2546 3253 2780 3323 idipsum
2811 3267 3106 3322 usurpasse
3150 3266 3542 3320 nonnunquam
3565 3291 3581 3313 ,
3618 3251 3810 3321 impri-

2231 3345 2335 3401 mis
2362 3344 2508 3416 quod
2549 3343 2861 3399 latitudines
2896 3343 3111 3406 attinet,
3135 3341 3325 3398 eodem
3355 3343 3696 3411 conjectura:
3722 3358 3808 3412 ge-

2230 3453 2360 3492 nere
2392 3438 2518 3492 licet
2555 3437 2795 3508 assequi.
2844 3435 2992 3490 Nihil
3041 3441 3124 3490 est
3171 3434 3316 3489 enim
3364 3432 3514 3486 aliud
3559 3418 3810 3489 boreales

2230 3528 2436 3593 stellas,
2465 3528 2801 3582 australesve
2833 3527 2964 3591 dici,
2983 3540 3103 3596 quae
3124 3539 3154 3578 a
3190 3523 3412 3581 zodiaco
3436 3539 3632 3579 versus
3656 3525 3813 3593 aqui-

2229 3620 2407 3675 lonem
2438 3627 2530 3674 aut
2560 3619 2840 3674 meri-diem
2867 3617 3152 3682 recedunt,
3183 3631 3345 3686 quam
3371 3615 3438 3669 ab
3470 3616 3666 3671 eodem
3716 3631 3813 3670 zo-

2231 3711 2389 3766 diaco
2421 3710 2763 3764 latitudinem
2797 3709 2999 3764 habere
3027 3709 3306 3763 borealem
3331 3706 3721 3762 australemve.
3746 3707 3815 3760 At

2230 3803 2384 3872 prius
2409 3801 2480 3854 ab
2513 3799 2738 3856 Eudoxo
2794 3799 3117 3868 caeterisque
3143 3838 3158 3862 ,
3190 3797 3333 3867 quod
3371 3796 3485 3866 jam
3532 3798 3810 3859 diximus,

2232 3898 2556 3960 usurpatum
2581 3906 2704 3946 esse
2737 3889 2928 3960 liquet.
2961 3888 3129 3959 Igitur
3155 3898 3211 3943 et
3237 3890 3340 3942 hoc
3369 3902 3587 3958 quoque
3639 3904 3813 3957 genus

2231 3981 2544 4036 latitudinis
2587 3988 2948 4051 agnoverunt,
2973 3979 3120 4050 quod
3148 3979 3218 4034 ab
3265 3977 3495 4032 zodiaco
3549 3980 3811 4034 sumitur.

2230 4072 2472 4137 Nullum,
2495 4073 2643 4142 quod
2681 4071 3368 4140 meminerim,exemplum
3400 4070 3468 4124 ab
3496 4068 3815 4140 Hipparcho

2232 4171 2566 4220 memoratur
2586 4178 2652 4218 ex
2687 4163 2935 4227 Eudoxo,
2961 4162 3020 4217 in
3045 4178 3158 4232 quo
3187 4163 3326 4217 situs
3360 4163 3533 4216 stellae
3558 4163 3818 4216 nomina-

2231 4258 2328 4309 tim
2352 4255 2730 4325 exprimaturj;
2763 4270 2890 4310 nam
2920 4253 3066 4324 quod
3099 4252 3297 4319 librol,
3327 4268 3480 4307 num.
3500 4252 3619 4318 XII,
3649 4263 3819 4323 caput

2235 4343 2388 4400 Ursae
2414 4343 2641 4413 majoris
2679 4360 2747 4400 ex
2795 4343 3008 4397 Eudoxi
3042 4343 3318 4399 sententia
3349 4343 3625 4397 collocare
3658 4344 3816 4397 vide-

2233 4445 2322 4490 tur
2352 4438 2406 4490 iu
2432 4445 2584 4506 parte
2615 4435 2816 4492 Leonis
2842 4435 3189 4500 duodecima,
3216 4437 3374 4491 aliter
3407 4451 3530 4491 sese
3577 4451 3673 4490 res
3721 4437 3819 4489 ha-

554 4527 730 4596 Hujus
781 4528 1032 4584 ascensio
1079 4536 1227 4582 recta
1288 4527 1517 4583 miriﬁce
1577 4527 1946 4583 observationi
1995 4543 2126 4582 con-
2161 4545 2202 4599 ι)
2233 4527 2340 4583 bet.
2364 4525 2592 4582 Utenim
2620 4528 2828 4598 integer
2850 4529 3113 4599 sitjlocus,
3135 4545 3244 4584 non
3264 4530 3442 4599 ipsum
3466 4539 3633 4598 caput
3658 4527 3817 4584 Ursa:

553 4620 734 4690 gruit;
775 4633 899 4672 nam
928 4626 1020 4690 est
1049 4619 1329 4689 signorum
1360 4619 1415 4683 6,
1443 4621 1494 4684 I,
1524 4619 1630 4673 27'.
1656 4621 1724 4673 At
1756 4623 1907 4675 locus
1943 4619 1998 4674 in
2035 4637 2127 4673 zo-

553 4687 710 4765 diaco
739 4687 1032 4778 Hipparchi
1061 4687 1304 4778 tempore
1331 4709 1386 4762 in
1423 4707 1666 4779 Virginis
1698 4708 1785 4769 I9,
1812 4709 1916 4764 ὅδ’.

625 4800 786 4855 Plura
803 4801 887 4855 his
908 4799 1106 4855 addere.
1125 4808 1438 4869 poteramus
1453 4801 1700 4870 exempla
1719 4819 1731 4854 :
1749 4799 1844 4855 sed
1864 4800 1977 4854 haec
1991 4799 2127 4869 ipsa,

555 4909 678 4962 quae
708 4892 1021 4962 selegimus,
1057 4893 1192 4947 satis
1227 4893 1279 4945 id
1328 4891 1473 4962 quod
1520 4892 1773 4946 volumus
1815 4892 2129 4958 ostendunt,

557 4986 835 5040 stellarum
874 4983 1265 5054 longitudinem
1293 4983 1362 5038 ab
1394 4983 1705 5055 Hipparcho
1737 4983 1901 5038 statui
1935 4999 2132 5040 secun-

555 5078 684 5130 dum
717 5085 895 5129 rectas
922 5075 1274 5130 ascensiones
1305 5075 1358 5129 in
1389 5075 1781 5145 aequinoctiali,
1810 5076 1926 5131 sive
1950 5077 2132 5148 paral-

557 5169 662 5223 lelo
684 5168 910 5230 circulo,
933 5182 1063 5231 non,
1090 5175 1150 5219 ut
1177 5166 1334 5220 hodie
1362 5169 1439 5233 lit,
1458 5169 1512 5223 in
1531 5169 1775 5222 zodiaco.

630 5257 773 5312 Idem
820 5267 1014 5312 auctor
1060 5259 1486 5313 declinationum
1523 5259 1593 5313 ab
1620 5260 1987 5336 aequinoctiali
2019 5260 2129 5314 cir-

555 5352 681 5405 culo
706 5366 946 5420 persaepe
976 5351 1220 5406 meminit
1253 5369 1266 5404 :
1310 5364 1581 5420 nusquam
1609 5358 1789 5405 autem
1826 5351 2132 5406 latitudinis

562 5443 631 5497 ab
661 5441 907 5496 zodiaco.
943 5440 1186 5496 Tametsi
1215 5457 1321 5496 non
1348 5443 1540 5497 dubito
1583 5441 1748 5512 hujus
1792 5444 1956 5496 etiam
2001 5441 2132 5512 Ilip-

561 5535 822 5605 parchum
863 5535 1130 5590 rationem
1184 5534 1477 5602 habuisse;
1535 5545 1823 5606 postquam
1863 5536 2130 5589 circulum

561 5629 726 5683 istum
759 5629 997 5683 artiﬁces
1029 5628 1084 5682 in
1111 5629 1250 5683 caelo
1278 5629 1462 5705 metati
1489 5637 1639 5692 sunt,
1665 5637 1719 5684 et
1747 5629 1868 5700 ejus
1897 5629 2132 5699 obliqui-

567 5719 736 5772 latem
769 5719 1288 5775 animadverterunt.
1318 5717 1460 5774 Sane
1490 5719 1833 5790 Hipparchus
1858 5720 2130 5785 observat,

565 5808 872 5881 Eudoxum,
907 5820 960 5868 et
986 5810 1213 5868 Aratum
1244 5812 1388 5868 illius
1427 5812 1693 5883 exemplo,
1729 5813 1782 5867 in
1831 5810 2132 5868 asterismis

2235 4619 2472 4674 conferri
2505 4618 2641 4673 dicit
2668 4620 2737 4674 ab
2776 4619 2998 4674 Eudoxo
3049 4621 3105 4674 in
3156 4628 3366 4690 partem
3422 4619 3818 4673 duodecimam

2232 4709 2455 4775 Leonis,
2493 4711 2587 4767 sed
2617 4727 2737 4767 eam
2770 4714 3004 4777 stellam,
3029 4729 3152 4782 qum
3179 4712 3482 4768 secundum
3522 4711 3816 4766 Eudoxum

2236 4799 2387 4856 Ursae
2419 4810 2582 4872 caput
2605 4810 2743 4868 erat,
2774 4803 3120 4874 Hipparchus
3149 4803 3264 4875 ipse
3307 4818 3376 4858 ex
3418 4803 3692 4858 sententia
3717 4819 3815 4857 sua

2231 4893 2285 4948 in
2318 4910 2384 4949 eo
2415 4893 2585 4965 gradu
2618 4895 2887 4950 collocare
2916 4895 3160 4950 videtur:
3188 4893 3296 4964 ἡδὲ
3317 4892 3455 4947 κατὰ
3476 4892 3565 4945 τὸν
3583 4892 3817 4959 Εὔδοξον

2233 4986 2464 5057 κεφαλή,
2499 5007 2520 5039 ι
2575 5001 2738 5056 quam
2780 5002 2908 5042 vero
2940 4986 3150 5042 stellam
3181 4984 3440 5040 Eudoxus
3471 4992 3641 5054 caput
3664 4982 3818 5039 Ursa:

2231 5078 2539 5133 constituit.
2579 5097 2598 5129 ι
2633 5076 2847 5132 Etenim
2874 5076 3029 5131 Ursae
3047 5083 3212 5145 caput
3239 5075 3528 5145 utriusque
3558 5074 3697 5128 alibi
3719 5074 3818 5127 Eu-

2231 5170 2459 5230 doxum,
2489 5177 2544 5224 et
2589 5169 2930 5238 antiquiores
2968 5183 3158 5224 omnes
3195 5169 3475 5232 statuisse,
3510 5183 3684 5238 quam
3725 5167 3814 5221 ubi

2233 5261 2397 5316 hodie
2425 5263 2666 5331 ponitur,
2695 5260 3038 5331 Hipparchus
3059 5261 3357 5324 existimat,
3380 5261 3648 5315 nimirum
3672 5269 3816 5314 utro-

2234 5351 2398 5422 bique
2436 5352 2794 5407 borealiorem
2828 5354 3060 5406 duarum
3105 5351 3160 5406 in
3205 5351 3467 5405 laterculo
3497 5350 3814 5421 preceden-

2235 5447 2370 5499 tium
2393 5452 2558 5514 caput
2606 5444 2945 5513 appellasse;
2985 5445 3054 5498 de
3090 5459 3200 5513 quo
3246 5443 3410 5513 paulo
3442 5449 3570 5512 post
3599 5450 3813 5512 agetur.

2231 5534 2386 5590 Adde
2406 5533 2648 5588 nondum
2682 5531 2853 5587 videri
2885 5531 3097 5586 Eudoxi
3149 5532 3350 5587 saeculo
3389 5530 3706 5585 institutam
3742 5529 3820 5585 si-

2235 5641 2466 5696 gnorum
2502 5625 2556 5678 in
2589 5633 2775 5694 partes
2809 5623 3030 5700 triginta
3058 5623 3378 5679 divisionem
3406 5663 3421 5688 ,
3470 5623 3560 5677 vel
3622 5620 3821 5676 circuli

2235 5718 2400 5774 totius
2427 5717 2480 5771 in
2515 5716 2641 5772 560.

2304 5809 2383 5865 Ac
2412 5824 2480 5866 ne
2506 5809 2594 5866 illc
2612 5807 2829 5879 quidem
2854 5806 3102 5866 sincerus
3132 5817 3213 5864 est
3243 5808 3430 5876 locus;
3462 5807 3559 5863 scd
3583 5809 3637 5864 ei
3667 5818 3822 5863 men-
