4022 6398
272 406 412 464 1545

1063 395 1519 456 DISSERTATIO
1555 394 1644 452 DE
1681 391 1867 449 ORTU
1902 390 1990 447 ET
2030 387 2300 447 OCCASU
2342 387 2670 446 SIDEHUM.

3381 389 3402 442 1
3416 388 3522 444 2546

268 521 400 576 dum
452 520 674 582 subest,
728 523 789 570 ut
842 514 1066 569 omnino
1119 513 1402 582 scripserit
1458 506 1838 579 Hipparchus:
1871 509 1918 566 Α
1947 500 2158 558 fuisse:
2198 503 2344 572 quod
2393 500 2678 572 praefracte
2725 503 2886 566 negat
2915 471 3199 568 Scaliger,
3256 499 3416 568 cujus
3465 505 3520 553 et

279 615 346 666 Ἰἰ
378 612 434 666 δὲ
453 611 595 666 κατὰ
622 610 714 662 τὸν
746 605 972 672 Εὔδοξον
991 605 1201 676 κεφαλὴ
1217 606 1314 674 τῆς
1338 601 1578 675 μεγάλης
1602 602 1842 672 Ἄρκτον

269 704 412 758 κατὰ
457 704 519 756 τὸ
565 699 1032 772 δωδεκατημόριον
1078 697 1172 751 τοῦ
1216 697 1462 759 Λέοντος.
1499 694 1635 749 Cum
1673 700 1839 758 esset,

269 796 424 850 τὸιὸ¹
479 796 602 866 μόρ.
661 792 869 865 putavit
924 791 1211 860 legendum
1271 787 1336 842 t6'
1385 805 1530 859 μοιρ.
1589 787 1845 856 Adeoque

271 889 372 957 τὴν
413 885 478 940 ιϐ’
519 903 692 957 μοιρ.,
725 873 881 954 Quasi
913 883 968 937 in
998 881 1316 936 duodecima
1350 887 1502 950 parte
1527 887 1842 948 poneretur,

271 976 510 1031 maxime
531 991 655 1029 cum
692 974 936 1044 proxime
964 981 1086 1026 ante
1107 1011 1122 1036 ,
1164 970 1383 1040 Ἰχθύων
1415 987 1562 1041 μοιρ.
1603 968 1673 1022 t6'
1705 968 1839 1024 seri-

273 1077 423 1137 ptum
463 1073 627 1121 esset.
663 1066 861 1122 Verum
893 1061 1242 1133 Hipparchus
1285 1062 1410 1131 plus
1453 1061 1619 1116 semel
1659 1059 1847 1114 docuit

273 1160 330 1214 in
362 1157 521 1212 tertia
550 1155 750 1212 Leonis
775 1163 950 1226 parte,
999 1170 1106 1209 non
1160 1152 1482 1208 duodecima
1533 1153 1694 1206 situm
1725 1168 1848 1206 esse

275 1254 440 1316 caput
463 1245 613 1301 Ursa:
638 1245 884 1316 majoris.
916 1243 1101 1314 Neque
1135 1258 1164 1297 a
1197 1243 1378 1312 seipso
1400 1283 1416 1306 ,
1464 1251 1628 1312 atque
1671 1243 1740 1296 ab
1769 1243 1848 1298 rei

274 1339 501 1393 veritate
533 1344 817 1407 tantopere
867 1337 1200 1391 dissensisse
1243 1337 1346 1390 hoc
1393 1335 1513 1390 loco
1542 1335 1847 1392 credendus

273 1439 379 1492 est,
409 1437 469 1484 ut
507 1428 562 1482 in
594 1428 917 1483 duodecima
953 1435 1108 1498 parte
1141 1435 1425 1482 Statueret.

346 1520 713 1590 Hipparchum
751 1535 899 1583 vero,
940 1535 1047 1574 non
1086 1519 1138 1573 in
1174 1519 1292 1574 solo
1323 1518 1690 1587 aequinoctiali
1718 1519 1851 1574 stel-

275 1609 453 1664 larum
495 1608 883 1678 longitudines,
916 1609 1012 1664 sed
1039 1609 1202 1662 etiam
1231 1609 1287 1662 in
1337 1607 1560 1662 zodiaco
1602 1608 1706 1662 alia
1760 1624 1850 1662 ra-

276 1702 422 1757 tione
447 1717 659 1772 usuque
687 1700 1109 1770 contemplatum
1139 1715 1281 1766 esse,
1305 1715 1371 1754 ex
1408 1699 1549 1755 libro
1592 1702 1712 1769 ejus
1766 1715 1854 1756 se-

278 1794 458 1849 eundo
513 1808 576 1847 ac
623 1793 785 1847 tertio
836 1791 1055 1862 probari
1110 1799 1322 1860 potest;
1364 1791 1458 1844 ubi
1515 1790 1583 1846 de
1625 1807 1854 1844 συνανα-

276 1886 456 1951 τολαϊς
485 1895 540 1940 et
570 1883 998 1954 συγκαταδύσεσι
1034 1885 1274 1939 siderum
1332 1883 1639 1953 disputans,
1667 1893 1850 1954 aperte

281 1980 565 2034 zodiacum
613 1977 667 2032 in
713 1976 997 2032 duodecim
1053 1985 1233 2046 partes
1284 1979 1557 2048 aequales,
1608 1977 1852 2046 singulas

283 2085 470 2124 earum
508 2071 563 2122 in
598 2068 817 2139 triginta
871 2067 1182 2132 distribuit,
1227 2084 1455 2140 eamque
1505 2068 1854 2138 partitionem

283 2163 352 2217 ab
379 2163 550 2218 initiis
572 2162 852 2232 signorum
879 2158 1180 2230 procedere
1199 2169 1310 2215 tam
1341 2176 1405 2216 ex
1441 2176 1562 2223 sua,
1593 2175 1754 2230 quam
1787 2175 1855 2215 ex

283 2261 524 2308 veterum
579 2249 846 2308 sententia
902 2249 1164 2305 declarat.
1221 2250 1386 2321 Atqui
1423 2251 1468 2306 si
1513 2251 1569 2304 in
1614 2251 1857 2320 aequino-

284 2345 434 2398 ctiali
461 2344 580 2398 solo
608 2343 976 2412 longitudines
1004 2342 1306 2396 observatas
1337 2340 1589 2405 fuissent,
1620 2357 1728 2395 non
1768 2356 1856 2396 es-

286 2445 368 2490 set
405 2437 459 2490 in
493 2443 678 2505 partes
713 2433 950 2504 aequales
982 2439 1166 2488 sectus
1209 2432 1499 2499 zodiacus;
1535 2447 1712 2502 neque
1741 2433 1860 2488 sin-

285 2527 408 2595 gula
430 2525 864 2580 dodecatemoria
896 2522 1124 2578 tricenis
1141 2530 1459 2577 constarent
1493 2523 1761 2592 partibus.

357 2617 476 2684 Quo
503 2618 664 2672 etiam
696 2625 1018 2686 argumento
1063 2615 1130 2671 de
1169 2613 1375 2669 Eudoxi
1409 2616 1681 2670 sententia
1723 2629 1858 2669 con-

282 2710 550 2778 jecturam
574 2722 766 2778 capere
812 2714 996 2777 pos5et
1029 2707 1229 2776 aliquis
1255 2746 1274 2771 ,
1320 2705 1615 2760 duodecim
1665 2706 1735 2761 ab
1762 2695 1860 2761 iilo

287 2801 443 2870 signa
473 2797 528 2850 in
564 2797 808 2859 zodiaco,
842 2804 902 2850 ut
927 2797 994 2852 de
1027 2795 1395 2866 aequinoctiali
1429 2805 1659 2857 taceam,
1683 2797 1860 2851 collo-

287 2898 408 2944 cata
472 2889 869 2957 distributaque
926 2902 1068 2942 esse.
1126 2886 1336 2940 Etenim
1384 2884 1728 2956 Hipparchus
1790 2888 1860 2942 li-

287 2982 386 3038 bro
419 2980 459 3044 I,
494 2996 645 3034 num.
677 2977 794 3043 Xll,
824 2987 1152 3049 postremam
1205 2977 1393 3032 caudze
1444 2978 1674 3034 minoris
1708 2978 1862 3035 Ursae

288 3074 364 3127 ait
395 3073 448 3127 in
472 3070 711 3126 Piscium
742 3077 933 3124 octava
979 3068 1188 3123 decima
1241 3077 1392 3138 parte
1433 3069 1666 3139 positam
1715 3084 1857 3124 esse.

288 3164 358 3217 At
398 3162 697 3219 secundum
733 3161 1037 3216 institutam
1069 3160 1136 3215 ab
1167 3159 1394 3215 Eudoxo
1425 3159 1746 3216 divisionem
1772 3176 1863 3216 zo-

289 3253 452 3318 diaci,
484 3253 538 3307 in
569 3253 729 3308 tertio
761 3251 932 3322 gradu
960 3251 1161 3306 Arietis
1185 3271 1197 3306 :
1217 3251 1306 3315 Ὦς
1327 3251 1383 3305 δὲ
1412 3251 1640 3316 Εὔδοξος
1663 3253 1861 3324 διαιρεί

288 3346 380 3400 τὸν
417 3344 680 3411 ζωδιακὸν
706 3343 922 3408 κύκλον,
949 3342 1090 3396 κατὰ
1104 3342 1201 3414 τὴν
1229 3350 1276 3412 γ’
1311 3343 1419 3414 μοι.
1439 3343 1532 3397 τοῦ
1561 3344 1752 3416 Κριοῦ.
1783 3344 1860 3398 Ita

287 3437 434 3492 enim
464 3433 844 3506 castigandum
875 3449 996 3489 esse
1024 3434 1204 3488 locum
1249 3435 1412 3489 istum
1458 3435 1638 3506 capite
1687 3435 1726 3488 V
1773 3451 1864 3492 se-

289 3526 478 3598 quenti
543 3525 1030 3580 detuonstrabitur.
1089 3521 1292 3579 Verum
1351 3525 1397 3579 si
1455 3525 1522 3580 ad
1575 3527 1861 3581 zodiacum

287 3633 414 3673 eum
437 3656 454 3682 ,
489 3616 581 3686 qui
613 3615 832 3686 proprie
861 3621 1088 3669 vocatur
1107 3652 1121 3676 ,
1145 3614 1389 3668 calculus
1421 3614 1524 3668 iste
1552 3614 1820 3670 referatur
1842 3655 1862 3681 ,

292 3723 402 3762 non
431 3714 627 3762 octavo
661 3705 874 3760 decimo
904 3702 1073 3774 gradu
1090 3702 1352 3768 Piscium,
1388 3703 1484 3758 sed
1516 3701 1684 3758 Tauri
1712 3704 1861 3760 vice-

292 3799 436 3853 simo
473 3811 618 3850 nono
648 3795 803 3850 stella
835 3794 940 3850 ista
969 3793 1314 3860 versabatur,
1350 3799 1411 3846 ut
1457 3808 1626 3863 supra
1672 3793 1866 3848 docui-

293 3904 437 3944 mus.
489 3887 726 3943 Necesse
777 3892 864 3940 est
923 3899 1053 3954 ergo
1105 3885 1390 3939 zodiacum
1437 3884 1707 3941 circulum
1762 3899 1864 3955 pro

291 3976 660 4049 aequinoctiali
692 3976 761 4030 ab
791 3973 1098 4046 Hipparcho
1148 3975 1358 4046 accipi;
1399 3991 1526 4031 nam
1577 3978 1645 4033 ad
1693 3979 1863 4048 aequi-

294 4069 584 4126 noctialem
611 4109 627 4134 ,
679 4067 1064 4138 parallelumve
1094 4067 1462 4137 aequinoctiali
1497 4069 1764 4125 circulum
1796 4071 1866 4126 si-

292 4171 382 4216 tus
411 4161 500 4214 ille
537 4158 706 4214 stellae
736 4159 1006 4229 congruit.
1040 4157 1312 4224 Quocirca
1362 4161 1536 4216 mirus
1569 4163 1674 4218 iste
1706 4163 1864 4219 locus

292 4261 378 4307 est
430 4249 746 4320 Hipparchi,
793 4249 1059 4319 siquidem
1117 4251 1550 4320 aequinoctialem
1590 4267 1716 4307 cum
1771 4269 1866 4307 zo-

293 4343 454 4396 diaco
522 4340 832 4411 promiscue
883 4353 1178 4408 usurpasse
1245 4348 1518 4396 monstrat
1583 4343 1860 4414 antiquos.

293 4432 509 4487 Etenim
538 4438 658 4486 uter
687 4447 719 4485 e
749 4429 964 4485 duobus
995 4429 1116 4486 istis
1148 4431 1372 4486 circulis
1403 4433 1456 4486 in
1480 4444 1662 4502 partes
1680 4450 1864 4507 requa-

1942 595 2045 647 alia
2064 595 2220 664 longe
2234 593 2552 663 capitaliora
2581 593 2634 646 in
2659 593 2798 649 libro
2827 591 2902 646 De
2917 592 3294 660 anticipatione
3318 595 3518 665 quin.

1944 683 2108 752 paulo
2127 693 2247 751 post
2265 682 2627 736 excutiemus.

2015 773 2171 827 Hauc
2239 771 2536 844 Hipparchi
2607 772 3090 827 hallucinationem
3153 773 3517 838 asterismos,

1945 865 2059 920 sive
2077 865 2289 921 stellata
2305 863 2473 928 ζῴδια
2489 880 2612 918 cum
2631 865 3086 918 dodecatemoriis
3105 866 3522 934 cognominibus

1945 957 2254 1026 promiscue
2310 956 2578 1026 capientis
2636 957 2728 1010 alii
2784 956 3040 1031 similiter
3107 969 3519 1026 expresserunt.

1949 1047 2150 1102 Scribit
2183 1048 2330 1103 enim
2355 1049 2507 1102 Arati
2536 1048 2863 1104 scholiastes
2889 1047 2958 1102 ad
2988 1048 3080 1102 illa
3113 1049 3272 1102 verba
3304 1089 3320 1113 ,

1947 1159 2124 1226 Κρατὶ
2152 1159 2221 1211 δὲ
2243 1163 2296 1212 οἱ
2311 1160 2549 1228 Δίδυμοι
2569 1176 2583 1191 ·
2606 1158 2814 1228 μέοισῃ
2840 1158 2892 1210 δ’
2915 1159 3035 1212 ὑπὸ
3052 1159 3350 1226 Καρκίνος
3368 1157 3519 1211 ἐστι·

1947 1231 2143 1283 Ποσσὶ
2171 1229 2222 1282 δ’
2238 1230 2338 1282 ὑπ’
2364 1229 2747 1299 ἀμφοτέροισι
2769 1229 2933 1283 Λέων
2954 1230 3070 1283 ὑπὸ
3095 1229 3251 1282 καλὰ
3272 1245 3520 1298 φαεινει·

1949 1343 2003 1397 in
2026 1343 2225 1412 quibus
2253 1341 2409 1397 Ursae
2437 1343 2630 1412 majori
2661 1343 2889 1398 subesse
2921 1342 3056 1396 dicit
3081 1342 3340 1398 Geminos
3376 1343 3524 1396 illius

1949 1433 2111 1502 capiti
2143 1432 2554 1502 respondentes,
2584 1433 2759 1487 ventri
2789 1431 3060 1486 Cancrum
3085 1472 3101 1497 ,
3133 1432 3360 1503 pedibus
3388 1431 3527 1487 Leo-

1951 1539 2094 1578 nem.
2125 1523 2206 1578 Ad
2251 1525 2362 1578 haec
2397 1523 2643 1578 scholion
2675 1523 2929 1578 observat
2972 1525 3239 1593 quosdam
3298 1526 3523 1577 Aratum

1953 1613 2368 1684 reprehendere,
2390 1615 2534 1684 quod
2568 1613 2740 1680 Ursae,
2775 1630 2896 1684 quae
2923 1615 3122 1684 gradus
3147 1631 3255 1668 non
3291 1616 3524 1684 amplius

1954 1705 2177 1774 triginta
2209 1705 2525 1774 porrigitur,
2558 1704 2811 1759 subteudi
2845 1703 3138 1774 nonaginta
3169 1705 3394 1774 gradus.
3422 1711 3525 1758 hoc

1953 1804 2038 1850 est
2069 1795 2170 1850 tria
2210 1795 2648 1850 dodecatemoria
2678 1796 2945 1865 significet
2981 1815 2994 1850 :
3034 1813 3197 1866 quam
3253 1798 3321 1851 ad
3372 1797 3527 1864 obje-

1953 1888 2188 1941 ctionem
2224 1902 2488 1956 nugarum
2515 1887 2701 1942 nescio
2725 1887 2853 1956 quid
2878 1888 3168 1956 expromit.
3200 1887 3346 1940 Nihil
3379 1888 3524 1942 enim

1950 1973 2101 2038 dicit,
2130 1973 2276 2043 quod
2315 1973 2582 2028 indictum
2613 1991 2723 2029 non
2760 1976 2956 2030 melius
2991 1975 3083 2029 sit.
3125 1973 3231 2030 Sed
3261 1976 3526 2030 nimirum

1951 2065 2054 2120 hoc
2089 2064 2221 2118 illud
2252 2077 2354 2130 est,
2381 2065 2526 2135 quod
2568 2066 2777 2132 monui,
2809 2074 3033 2136 putasse
3058 2067 3150 2137 qui
3182 2067 3263 2122 sic
3295 2067 3527 2136 objicie-

1953 2157 2084 2212 bant
2118 2157 2346 2211 Aratum
2390 2159 2769 2224 Geminorum,
2825 2159 3024 2213 Cancri
3050 2171 3104 2215 et
3135 2160 3334 2214 Leonis
3365 2175 3527 2214 voca-

1955 2247 2097 2302 bulis
2131 2248 2465 2304 intellexisse
2497 2249 2959 2311 dodecatemoria,
2995 2265 3120 2302 cum
3172 2251 3240 2304 de
3296 2251 3526 2304 stellatis

1956 2339 2145 2407 figuris
2186 2339 2461 2409 loquatur.
2499 2337 2634 2392 Nam
2667 2340 2772 2393 hoc
2803 2341 3105 2410 posteriore
3142 2355 3306 2395 sensu
3340 2356 3526 2396 verum

1955 2439 2040 2486 est
2071 2434 2216 2501 quod
2261 2432 2464 2486 Aratus
2515 2433 2741 2493 docuit.
2796 2433 2876 2486 nti
2910 2444 3098 2488 contra
3155 2432 3526 2504 Hipparchum

1955 2523 2316 2578 ostendimus.
2375 2522 2510 2588 Quis
2575 2540 2683 2578 non
2749 2525 2978 2579 miretur
3033 2525 3171 2579 adeo
3223 2527 3526 2580 obeazcatos

1957 2612 2130 2669 fuisse
2155 2615 2368 2685 priscos
2391 2615 2512 2669 illos
2535 2622 2587 2668 et
2605 2615 2844 2684 insignes
2864 2626 3228 2678 astronomos,
3257 2627 3308 2671 ct
3335 2633 3525 2672 eorum

1957 2704 2253 2774 principem
2285 2704 2675 2776 Hipparchum,
2708 2714 2767 2760 ut
2820 2706 2924 2762 ista
2959 2724 3066 2762 non
3101 2711 3386 2764 viderint?
3420 2711 3528 2765 Sed

1957 2798 2162 2851 erroris
2191 2812 2379 2852 ansam
2407 2813 2474 2852 ex
2513 2813 2578 2853 eo
2606 2807 2890 2868 ceperunt,
2924 2800 3067 2868 quod
3104 2801 3348 2872 ipsorum
3389 2808 3531 2856 teni-

1959 2903 2091 2958 pore
2119 2889 2344 2944 stellam
2393 2890 2675 2960 signorum
2722 2889 2924 2961 effigies
2981 2892 3226 2961 ejusdem
3289 2894 3530 2950 nominis

1960 2977 2398 3034 dodecatemoria
2441 2981 2716 3036 tenebant.
2759 2982 2886 3037 Ideo
2920 2983 3130 3037 lubrica
3155 2989 3287 3036 tunc
3309 2991 3450 3047 erat,
3476 2993 3532 3039 et

1961 3079 2268 3140 opportuna
2301 3071 2476 3126 fraudi
2512 3080 2698 3126 mutua
2728 3074 3118 3129 vocabulorum
3165 3075 3482 3131 communio
3512 3095 3526 3130 :

1889 3189 1932 3248 α
1964 3162 2110 3232 quod
2142 3162 2304 3218 hodie
2337 3165 2520 3219 minus
2561 3164 2778 3228 accidit,
2807 3175 3028 3236 propter
3069 3168 3294 3236 sphera:
3325 3175 3533 3222 octavae

1963 3262 2019 3310 et
2054 3255 2461 3310 asterismorum
2495 3255 2550 3310 in
2585 3271 2649 3310 ea
2679 3259 3005 3328 προήγησιν.
3044 3257 3161 3324 Qua
3193 3258 3394 3315 factum
3423 3270 3529 3324 est,

1961 3353 2022 3401 ut
2048 3346 2306 3417 pleraque
2354 3346 2520 3410 ζώδια
2574 3357 2729 3403 extra
2773 3363 2875 3404 sua
2907 3348 3346 3405 dodecatemoria
3399 3367 3532 3407 cou-

1961 3435 2182 3492 sistant.

2567 3551 2796 3609 CAPUT
2836 3551 2926 3608 Ill.

1963 3639 2178 3696 Eudoxi
2199 3643 2480 3716 sententia,
2513 3657 2698 3716 contra
2733 3655 2888 3715 atque
2922 3643 3258 3714 Hipparchus
3301 3648 3530 3716 putavit.

2031 3713 2290 3780 exposita.
2327 3713 2579 3781 Eiusdem
2604 3713 2894 3782 Hipparchi
2925 3733 3075 3770 error
3105 3713 3533 3772 dodecatemoria

2033 3785 2485 3907 cﬁm‘as‘tcrismis
2535 3784 2926 3854 confundentis.
2970 3787 3170 3841 Aratus
3219 3796 3269 3841 et
3317 3786 3534 3844 Servius

2033 3867 2054 3906 ι
2100 3867 2162 3907 tu
2188 3869 2252 3907 ra
2277 3869 2318 3907 ι.

2033 3867 2318 3908 ιιικοιταιι.

2035 3967 2380 4040 Hipparchus
2407 3969 2564 4026 initio
2594 3969 2721 4026 libri
2749 3968 2796 4025 ll
2829 3977 3024 4024 auctor
3057 3977 3164 4035 est,
3193 3970 3536 4042 antiquiores
3581 3957 3584 3964 ’

1966 4059 2406 4128 mathematicos,
2447 4068 2544 4115 aut
2571 4074 2764 4115 omnes
2806 4067 2900 4113 aut
2951 4060 3258 4130 plerosque,
3285 4061 3534 4117 cardines

1965 4153 2162 4207 solaris
2218 4151 2488 4207 circuitus
2555 4149 2764 4206 zodiaci
2823 4150 3104 4218 signorum
3169 4149 3342 4206 initiis
3387 4153 3536 4206 attri-

1965 4241 2194 4299 buisse:
2229 4241 2393 4313 idque
2419 4241 2649 4296 Aratum
2675 4241 2733 4295 in
2767 4255 2932 4310 opere
2961 4255 3062 4295 suo
3104 4249 3374 4298 secutum.
3425 4241 3538 4295 Καὶ

1966 4334 2072 4390 ὑπὸ
2107 4335 2218 4389 τῶν
2241 4333 2484 4406 ἀρχαίων
2520 4333 2577 4390 δὲ
2620 4331 3016 4404 μαθηματικῶν
3060 4333 3278 4388 πάντων
3326 4333 3534 4404 σχεδὸν.

1965 4424 2000 4496 ἢ
2050 4423 2161 4477 τῶν
2205 4422 2503 4487 πλείστων,
2565 4421 2753 4475 τοῦτον
2795 4421 2886 4474 τὸν
2939 4421 3138 4490 τρόπον
3197 4423 3225 4475 ὁ
3273 4419 3536 4486 ζωδιακὸς

295 4523 375 4577 les
403 4521 698 4584 dividatur,
731 4521 961 4575 alterum
984 4527 1201 4588 oportet
1231 4521 1574 4589 inaequaliter
1593 4537 1717 4578 esse
1741 4540 1861 4593 par-
1893 4523 1938 4579 D
1965 4515 2163 4578 κύκλος
2190 4513 2431 4587 διῄρητο.
2466 4532 2484 4565 ι
2511 4515 2690 4584 Atque
2724 4514 2826 4568 hac
2857 4515 3070 4569 ratione
3107 4515 3390 4570 zodiacum
3423 4517 3534 4570 cir—

297 4613 478 4666 titum.
516 4610 651 4666 Cum
681 4625 812 4681 ergo
846 4611 1283 4664 demonstratum
1334 4612 1407 4666 sit
1441 4611 1512 4667 ab
1556 4611 1865 4683 Hipparcho

291 4703 352 4758 in
407 4702 501 4756 illa
551 4708 745 4755 contra
796 4699 1081 4754 Eudoxum
1131 4699 1537 4769 disputatione,
1595 4703 1865 4758 circulum

293 4793 724 4865 aequinoctialem
755 4792 810 4845 iu
840 4807 917 4846 xu
955 4792 1112 4862 signa
1162 4791 1458 4856 distribui,
1510 4792 1576 4846 ad
1633 4808 1868 4864 eumque

294 4885 578 4942 stellarum
607 4881 799 4937 referri
845 4881 1247 4951 longitudines,
1299 4881 1589 4950 inaequalia
1621 4897 1744 4937 esse
1773 4898 1868 4937 zo-

295 4977 436 5030 diaci
462 4983 741 5045 segmenta
771 4987 993 5028 necesse
1013 4979 1132 5039 est;
1164 4987 1285 5042 quae
1320 4973 1537 5043 proprie
1561 4973 1728 5038 ζώδια
1762 4991 1866 5028 ηο-

294 5067 594 5118 minantur.
641 5061 838 5117 Verum
861 5070 970 5115 tam
998 5061 1395 5131 aequinoctialis
1426 5061 1866 5117 dodecatemoria

295 5155 462 5220 ζώδια
499 5161 767 5209 vocantur
803 5154 862 5208 in
886 5155 1036 5208 calce
1061 5153 1185 5206 libri
1215 5153 1373 5222 primi
1407 5153 1477 5207 ab
1507 5152 1820 5223 Hipparcho
1846 5193 1862 5216 .

294 5261 458 5317 quam
492 5247 732 5301 circulus
767 5245 908 5299 idem
957 5244 1048 5299 ille
1094 5243 1374 5299 zodiacus.
1418 5241 1789 5300 Nihilominus
1815 5252 1870 5299 et

295 5339 364 5403 is,
401 5353 560 5408 quem
581 5339 799 5408 prpprie
818 5335 1103 5391 zodiacum
1123 5335 1483 5406 appellamus,
1511 5335 1715 5406 quique
1737 5338 1870 5392 stel-

294 5433 403 5486 lata
434 5430 587 5500 signa
613 5429 868 5491 sustinet,
895 5425 1176 5497 aequaliter
1204 5426 1260 5480 in
1307 5424 1603 5481 duodecim
1659 5425 1824 5490 ζώδια
1851 5465 1866 5491 ,

293 5530 587 5593 partesque
619 5534 786 5574 cccu
831 5519 900 5573 ab
956 5516 1145 5573 eodem
1177 5515 1490 5588 Hipparcho
1520 5517 1660 5573 libro
1717 5517 1759 5572 ll
1814 5525 1868 5573 et

291 5613 362 5669 ιιι
392 5611 672 5667 tribuitur.
707 5609 864 5666 Unde
894 5623 1082 5664 verum
1123 5617 1208 5664 est
1231 5649 1247 5672 ,
1291 5608 1437 5678 quod
1472 5624 1639 5678 supra
1671 5608 1867 5664 docui-

292 5719 439 5772 mus,
469 5703 672 5773 duplici
707 5702 918 5755 ratione
953 5715 1016 5754 ac
1061 5697 1277 5753 duobus
1320 5699 1376 5753 in
1425 5699 1647 5753 circulis
1678 5700 1868 5769 signo-

276 5812 416 5872 ,μω
455 5797 801 5868 partitionem
847 5794 915 5850 ab
946 5791 1185 5866 antiquis
1216 5791 1519 5870 artificibus
1553 5791 1866 5850 institutam

1452 5982 1459 5990 ι

1967 4607 2152 4661 culum
2187 4605 2553 4661 mathematici
2593 4604 2984 4674 propemodum
3032 4619 3222 4660 omnes
3283 4613 3378 4660 aut
3423 4607 3540 4676 ple-

1967 4697 2126 4766 rique
2157 4697 2343 4767 partiti
2369 4705 2517 4753 suut.
2557 4715 2576 4749 ι
2610 4696 2841 4751 Constat
2865 4704 3046 4751 tamen
3075 4695 3349 4752 interdum
3383 4698 3534 4762 alibi,

1965 4803 2129 4858 quam
2163 4789 2218 4844 in
2250 4789 2528 4860 signorum
2579 4787 2886 4858 principiis,
2913 4789 3240 4859 :equinoctia
3273 4799 3328 4845 et
3352 4790 3542 4845 solsti-

1968 4880 2045 4934 tia
2077 4879 2334 4935 collocari
2367 4879 2644 4950 quondam
2681 4879 2841 4934 solita
2879 4878 3085 4946 fuisse,
3114 4895 3292 4950 neque
3323 4881 3375 4934 id
3406 4897 3540 4934 con~

1969 4979 2198 5027 stanter.
2230 4970 2366 5026 Nam
2399 4972 2492 5026 alii
2536 4971 2590 5025 in
2624 4971 2892 5041 principia
2926 4971 3020 5042 (ait
3052 4971 3295 5026 Achilles
3347 4970 3540 5026 Tatius

1967 5077 2090 5132 cap.
2125 5058 2338 5133 XXIV),
2365 5063 2458 5116 alii
2489 5063 2544 5116 in
2575 5071 2799 5118 octavas
2829 5070 3034 5132 partes,
3063 5063 3154 5117 alii
3191 5063 3247 5118 in
3279 5062 3541 5119 duodeci-

1969 5168 2109 5218 mas,
2137 5155 2228 5208 alii
2252 5154 2308 5208 in
2332 5154 2555 5223 quintas
2593 5153 2836 5211 decimas
2861 5195 2877 5222 ,
2916 5154 3021 5209 hoc
3050 5162 3136 5210 est
3167 5155 3347 5210 media
3379 5155 3437 5210 in
3465 5157 3543 5212 si-

1970 5242 2076 5314 gnia
2105 5243 2483 5301 conferebant.

2042 5335 2325 5391 Eudoxum
2359 5337 2803 5392 mathematicum
2836 5336 3127 5408 insignem,
3167 5334 3262 5406 qui
3308 5334 3542 5392 Metonis

1969 5434 2128 5482 aetate
2159 5427 2330 5490 vixit,
2374 5427 2629 5482 cardines
2674 5428 2826 5498 ipsos
2877 5427 2932 5480 in
2976 5427 3170 5480 mediis
3223 5427 3396 5498 signis
3450 5443 3543 5498 po-

1971 5517 2152 5573 suisse
2203 5528 2461 5574 accurate
2506 5519 2702 5585 probat
2753 5517 3096 5589 Hipparchus
3142 5517 3237 5574 lib.
3299 5517 3344 5572 ll
3390 5519 3540 5590 (pag.

1971 5607 2120 5680 120),
2147 5608 2326 5665 allatis
2352 5608 2642 5678 ipsiusmet
2687 5606 2897 5662 Eudoxi
2927 5607 3110 5662 verbis
3137 5627 3150 5662 :
3179 5623 3302 5677 quae
3335 5609 3383 5664 si
3416 5613 3544 5677 quis

1969 5701 2275 5772 expendere
2321 5701 2609 5756 nobiscum
2640 5700 2808 5766 velit,
2847 5697 2994 5753 haud
3032 5698 3194 5754 facile
3231 5699 3544 5770 Hipparcho

1971 5793 2038 5852 de
2065 5790 2275 5850 Eudoxi
2296 5792 2551 5864 opinione
2584 5791 2678 5848 illa
2712 5791 3039 5848 consentiet.
3067 5790 3202 5865 Nam
3227 5791 3386 5855 longe
3415 5791 3542 5851 alia.
