4022 6398
460 345 598 404 «επ

401 473 404 478 ‘
457 479 623 534 quam
658 462 1248 534 putavitIIipparchus,
1278 464 1647 536 mihiquidem
1673 466 1726 518 in
1758 465 1866 520 illis
1895 465 2029 520 locis
2062 474 2103 528 Α

459 557 598 611 velle
621 554 882 611 Eudoxus
910 557 1144 614 videtur.

531 646 705 702 Verba
754 647 1003 703 Eudoxi:
1037 650 1298 722 Δεύτερος
1348 649 1406 703 δέ
1466 652 1582 703 ἐστι
1616 649 1844 712 κύκλος,
1887 650 1946 702 ὲν
1989 640 2034 715 ᾧ

461 737 670 810 θεριναὶ
727 741 926 810 τροπαὶ
985 739 1242 809 γίνονται.
1296 742 1450 794 Ἐστι
1505 741 1562 794 δὲ
1623 743 1680 794 ὲν
1737 741 1911 810 τούτῳ
1967 742 2036 794 τὰ

465 830 604 901 μέσα
628 829 722 882 τοῦ
755 831 1050 902 Καρκίνου.
1093 850 1110 882 ι
1151 830 1437 886 Secundus
1471 847 1601 886 vero
1636 833 1880 885 circulus
1908 840 1992 885 est
2017 870 2032 894 ,

461 921 515 976 in
545 937 652 991 quo
677 929 762 975 est
797 925 1091 976 solstitium
1123 924 1392 976 aestivum.
1448 922 1504 976 In
1546 939 1612 978 eo
1645 939 1808 992 porro
1834 922 2032 976 Caueti

460 1012 635 1065 media
665 1022 813 1066 sunt.
856 1031 873 1064 ι
917 1014 1072 1075 Item,
1100 1014 1292 1084 Τρίτος
1323 1013 1378 1066 δέ
1411 1015 1524 1066 ἐστι
1558 1013 1777 1076 κύκλος,
1811 1015 1867 1065 ἐν
1897 1005 1941 1080 ᾧ
1978 1013 2035 1064 αἱ

462 1100 742 1172 ισημερίαι
777 1101 1035 1168 γίνονται.
1078 1103 1233 1154 Ἔστι
1293 1101 1350 1154 δὲ
1400 1103 1457 1154 ὲν
1507 1101 1680 1171 τούτῳ
1721 1101 1788 1153 τά
1838 1117 1895 1152 τε
1942 1098 2036 1153 τοῦ

459 1190 632 1262 Κριοῦ
663 1193 804 1263 μέσα
825 1194 916 1245 καὶ
941 1193 1007 1245 τὰ
1035 1192 1144 1246 τῶν
1177 1193 1388 1263 Χηλῶν.
1421 1193 1691 1263 Τέταρτος
1718 1192 1795 1253 δὲ,
1826 1194 1881 1244 ὲν
1905 1185 1947 1258 ᾧ
1981 1194 2036 1244 αἱ

459 1285 764 1357 χειμεριναὶ
808 1288 1006 1356 τροπαὶ
1052 1285 1311 1354 γίνονται.
1359 1287 1513 1338 Ἐστι
1560 1285 1617 1337 δὲ
1659 1288 1715 1338 ὲν
1750 1284 1924 1352 τούτῳ
1968 1285 2038 1338 τὰ

462 1373 604 1445 μέσα
635 1374 729 1427 τοῦ
765 1377 1065 1447 Λίγόκερω.
1136 1396 1150 1423 ι
1191 1375 1408 1430 Tertius
1433 1391 1561 1430 vero
1593 1377 1833 1430 circulus
1854 1384 1958 1436 est,
1983 1379 2036 1428 in

459 1482 570 1536 quo
615 1467 751 1520 fiunt
813 1468 1177 1536 aequinoctia;
1227 1467 1281 1520 in
1333 1482 1400 1521 eo
1447 1469 1622 1522 media
1669 1475 1796 1521 sunt
1836 1466 2038 1522 Arietis

459 1566 513 1612 et
541 1557 852 1613 Chelarum.
887 1559 1128 1624 Quartus
1159 1566 1360 1620 autem,
1392 1559 1446 1611 in
1479 1575 1588 1627 quo
1623 1558 1921 1613 solstitium
1953 1565 2038 1610 est

462 1649 771 1704 hibernum.
803 1649 859 1704 In
893 1666 957 1704 eo
985 1666 1111 1703 vero
1134 1657 1264 1703 sunt
1292 1649 1468 1703 media
1497 1647 1809 1718 Capriconi.
1852 1669 1870 1700 ι
1901 1647 2039 1701 Rur-

461 1756 557 1796 StIS
579 1742 814 1812 idipsum
844 1751 898 1796 et
935 1743 1044 1795 alio
1078 1741 1283 1795 Eudoxi
1327 1741 1642 1794 testimonio
1666 1739 2034 1794 demonstrari

1485 347 1576 401 AD
1614 345 1878 402 EUSEBII
1911 342 2305 402 CHRONICON
2335 342 2696 401 APPENDIX.

3597 345 3626 396 l
3639 342 3761 398 διε

2139 482 2157 514 ι
2201 463 2339 516 Sunt
2377 471 2554 519 autem
2597 465 2649 517 in
2692 466 2810 533 ipso
2847 463 3023 518 media
3060 464 3381 532 Capricorni
3412 504 3428 526 ,
3464 471 3520 518 et
3561 463 3760 532 pedes

2138 554 2400 623 Aquarii,
2434 564 2487 608 et
2536 556 2708 608 cauda
2755 554 2908 616 Ceti;
2962 564 3014 608 et
3046 552 3219 607 Fluvii
3262 555 3459 608 tlexus.
3501 573 3520 604 ι
3561 553 3749 605 Addit

2136 644 2421 716 Leporem,
2447 655 2502 700 et
2535 646 2700 700 Canis
2731 645 2918 715 pedes,
2950 653 3002 698 et
3031 654 3252 705 cetera,
3284 645 3464 699 donec
3503 659 3616 714 per
3641 642 3744 696 Sa-

2138 738 2412 807 gittariutn
2457 739 2524 791 ad
2573 738 2761 792 eadem
2811 737 3128 806 Capricorni
3183 735 3358 788 media
3407 737 3748 805 perveniat.

2137 830 2430 900 Propterea
2491 829 2633 882 libro
2669 829 2856 882 eodem
2887 868 2901 892 ,
2958 843 3111 883 num.
3149 825 3314 892 XXII,
3343 841 3405 880 ac
3433 826 3747 896 deinceps,

2137 919 2483 990 Hipparchus
2536 921 2777 988 tropicos
2852 920 2992 974 duos
3042 929 3099 975 et
3162 919 3614 989 aequinoctialem
3673 935 3747 972 ex

2139 1011 2350 1066 Eudoxi
2387 1015 2655 1068 sententia
2711 1012 3005 1074 describit,
3049 1026 3112 1064 ac
3143 1012 3395 1065 caelestes
3449 1010 3748 1077 imagines

2139 1111 2408 1165 recenset,
2447 1118 2544 1174 per
2582 1119 2722 1174 quas
2755 1103 2829 1155 illi
2875 1110 3178 1156 transeunt.
3233 1099 3392 1156 Velut
3437 1102 3746 1170 tr0picum

2138 1195 2389 1249 aestivum
2423 1211 2517 1265 per
2541 1194 2738 1248 Cancri
2765 1208 2829 1247 ac
2857 1191 3057 1247 Leonis
3085 1194 3259 1248 media
3292 1193 3473 1262 trajici
3493 1233 3510 1255 ,
3547 1193 3745 1262 tequi-

2138 1288 2425 1342 noctialem
2458 1301 2552 1355 per
2583 1285 2783 1339 Arietis
2816 1284 2992 1338 media
3014 1324 3028 1346 ,
3076 1283 3475 1352 Chelarumque
3509 1293 3743 1352 partem

2138 1379 2356 1433 asserit.
2392 1376 2465 1430 Ex
2494 1377 2699 1446 quibus
2746 1377 3096 1446 perspicuum
3125 1383 3208 1428 est
3237 1372 3531 1427 Eudoxum
3579 1387 3744 1427 aste-

2138 1470 2336 1523 rismos
2392 1468 2732 1523 intellexisse
2784 1482 2848 1521 ac
2902 1465 3102 1534 figuras
3139 1465 3414 1519 cmlestes.
3450 1462 3528 1518 Ut
3576 1465 3739 1518 enim

2138 1575 2261 1613 cum
2288 1560 2557 1628 tropicum
2595 1559 2846 1612 aestivum
2883 1558 2958 1610 ait
2989 1573 3085 1626 per
3108 1555 3340 1610 Leonem
3368 1556 3612 1608 medium
3645 1571 3741 1608 se-

2137 1649 2376 1705 cundum
2411 1650 2804 1720 longitudinem
2857 1651 3128 1713 transire,
3188 1663 3390 1717 perque
3431 1649 3742 1702 constella-

2139 1744 2316 1797 tiones
2338 1753 2599 1806 caeteras;
2644 1741 2882 1810 itemque
2913 1742 3180 1809 tropicum
3211 1741 3456 1795 aastivum
3485 1756 3588 1809 per
3628 1740 3738 1796 Sa-

460 1836 537 1889 ait
562 1810 844 1903 apertius;
883 1835 937 1889 in
990 1851 1101 1905 quo
1154 1835 1221 1889 de
1265 1834 1484 1889 Coluris
1533 1848 1698 1902 agens
1723 1872 1737 1896 ,
1803 1833 2033 1885 alterum
2069 1810 2110 1868 Β
2138 1835 2438 1904 gittarium,
2462 1832 2678 1896 Cetum,
2706 1831 2978 1894 Fluvium,
3011 1844 3113 1887 etc.
3145 1851 3156 1886 :
3197 1847 3303 1886 non
3335 1832 3735 1888 dodecatemo-

461 1926 656 1978 srribit
689 1925 975 1979 continere
1002 1925 1064 1977 τὸ
1097 1925 1260 1994 μέσον
1287 1922 1378 1974 τοῦ
1413 1921 1708 1992 Καρκίνου,
1746 1938 1765 1970 ι
1798 1920 2034 1974 medium

459 2015 680 2076 Cancri,
707 2024 761 2068 et
784 2015 844 2068 τὸ
877 2015 1039 2086 μέσον
1073 2015 1167 2067 τοῦ
1225 2014 1538 2082 Λίγέκερω,
1575 2032 1592 2063 ι
1653 2011 1886 2066 meditim
1934 2011 2038 2065 Ca-

463 2107 736 2177 pricorni,
767 2125 785 2158 ι
819 2106 1050 2160 alterum
1083 2120 1232 2168 vero,
1267 2103 1558 2157 Chelarum
1591 2109 1648 2157 et
1673 2103 1874 2156 Arietis
1935 2118 2041 2157 Ine-

459 2199 570 2252 dia.
605 2197 730 2252 Ilaec
753 2199 912 2250 unica
939 2203 1065 2251 sunt
1105 2196 1172 2251 de
1225 2195 1450 2252 Eudoxo
1475 2193 1827 2263 Ilipparcheze
1857 2194 2040 2263 suspi-

459 2290 636 2344 cionis
665 2295 984 2359 argumenta
1015 2327 1030 2352 ,
1096 2303 1217 2358 quae
1261 2303 1368 2340 non
1406 2286 1564 2340 valde
1621 2285 1752 2338 mihi
1810 2300 2039 2354 persua-

458 2379 624 2443 dent;
662 2380 772 2434 imo
800 2379 1139 2434 contrarium
1193 2379 1376 2448 potius
1405 2376 1472 2431 iis
1493 2392 1558 2430 ex
1589 2375 1748 2439 locis,
1783 2384 1945 2446 atque
1971 2390 2038 2429 ex

458 2469 694 2542 Ipsomet
723 2471 1032 2543 Hipparcho
1066 2471 1300 2540 probare
1327 2484 1488 2539 posse
1519 2468 1730 2523 videor.

534 2563 624 2616 Sic
650 2563 811 2633 igitur
842 2564 1099 2616 existimo
1129 2581 1142 2616 :
1178 2577 1288 2615 non
1319 2560 1388 2614 de
1415 2559 1588 2628 signis
1616 2557 1772 2629 ipsis,
1801 2557 1916 2613 sive
1939 2557 2037 2612 do-

460 2653 844 2711 decatemoriis
893 2657 946 2708 in
1005 2655 1264 2720 zodiaco,
1318 2655 1400 2708 vel
1449 2653 1821 2723 aequinoctiali
1874 2653 2037 2722 primi

459 2747 588 2801 caeli
620 2746 912 2816 descriptis
942 2746 1052 2799 illic
1081 2745 1363 2798 Eudoxum
1389 2759 1582 2812 agere;
1625 2743 1722 2798 scd
1755 2743 1820 2797 de
1855 2745 2039 2798 stella-

459 2839 534 2894 tis
564 2839 890 2908 imaginibus
933 2847 986 2892 et
1011 2837 1314 2892 asterismis
1341 2855 1354 2890 :
1385 2851 1522 2908 quos
1547 2835 1762 2890 tametsi
1786 2836 1838 2888 in
1858 2835 2036 2904 primo

460 2930 649 2985 mobili
695 2936 828 2984 atas
875 2928 1082 2984 Eudoxi
1111 2929 1439 2982 collocavit:
1483 2927 1629 2997 quod
1684 2937 1796 2981 tum
1852 2927 2036 2980 nullus

461 3019 756 3090 peculiaris
789 3018 1037 3074 stelliferi
1071 3018 1196 3072 cceli
1223 3018 1374 3072 orbis
1410 3025 1592 3072 motus
1628 3017 1696 3070 ab
1730 3015 2034 3070 artificibus

459 3118 683 3164 natatus
731 3119 910 3176 esset;
947 3118 1006 3162 ut
1053 3123 1083 3161 a
1115 3123 1372 3178 supremo
1400 3108 1534 3160 orbe
1565 3106 2033 3176 distingui-mere-

459 3210 642 3264 retur,
674 3210 733 3254 ut
761 3216 826 3255 ex
859 3200 1152 3255 Aristotele
1171 3209 1388 3255 constat
1419 3199 1515 3253 lib.
1545 3197 1589 3251 Il
1621 3197 1700 3252 De
1731 3198 1882 3260 caelo,
1911 3213 2034 3267 cap.

460 3289 577 3347 XII.
610 3290 813 3347 Tamen
837 3307 963 3346 cum
993 3291 1240 3361 ejusdem
1273 3291 1462 3361 prima:
1492 3291 1718 3360 splmrze
1749 3290 2040 3345 dodecate-

461 3384 654 3438 nioriis
702 3383 924 3436 minime
975 3381 1126 3451 paria
1155 3381 1334 3436 facere
1372 3379 1770 3445 credebantur,
1802 3379 1898 3435 sed
1926 3379 2040 3434 dis-

462 3477 633 3529 tincta
689 3483 847 3529 erant
896 3473 1128 3527 invicem
1157 3512 1172 3538 ,
1223 3482 1279 3526 ut
1315 3473 1456 3526 alius
1493 3479 1640 3526 esset
1694 3471 1892 3536 Aries,
1934 3471 2038 3525 hoc

460 3576 547 3624 cst
569 3567 748 3638 imago
777 3567 921 3637 picta
954 3565 1131 3621 stellis
1196 3563 1436 3629 Arietis;
1474 3562 1622 3618 aliud
1653 3563 1891 3634 signum,
1925 3562 2041 3618 sive

461 3666 803 3730 segmentum
835 3659 1080 3723 Arietis;
1114 3667 1209 3710 aut
1255 3655 1586 3712 duodecima
1622 3672 1773 3727 pars,
1806 3672 1916 3710 non
1949 3671 2042 3711 so-

462 3751 574 3805 lum
603 3748 832 3814 zodiaci,
857 3748 954 3804 sed
987 3750 1159 3802 multo
1179 3748 1351 3818 magis
1372 3748 1780 3818 aequinoctialis
1802 3749 1994 3803 circuli
2024 3764 2038 3814 ;

463 3842 520 3896 in
549 3856 659 3912 quo
685 3841 856 3910 prius,
880 3855 1042 3910 quam
1079 3841 1133 3894 in
1166 3839 1280 3905 illo,
1313 3839 1604 3894 duodecim
1631 3839 1788 3910 signa
1835 3842 2044 3895 consti-

461 3938 579 3986 tuta
605 3939 752 3986 sunt.
775 3930 892 3996 Qua
920 3930 988 3984 de
1017 3943 1076 3984 re
1123 3930 1288 4001 paulo
1317 3940 1439 4000 post
1464 3939 1677 4000 agetur.
1711 3928 1890 3985 Doceo
1927 3932 2041 4002 pri-

461 4038 612 4078 mum
644 4022 925 4076 Eudoxum
960 4022 1069 4076 illis
1099 4022 1360 4076 omnibus
1400 4023 1456 4075 in
1489 4023 1625 4076 locis
1649 4061 1663 4086 ,
1711 4037 1832 4091 quae
1863 4024 2040 4076 media

461 4121 621 4170 vocat
653 4113 871 4178 Arietis,
900 4111 1119 4176 Cancri,
1151 4110 1332 4166 Librae
1364 4120 1420 4167 et
1447 4112 1804 4182 Capricorni,
1858 4113 2042 4169 stella-

464 4216 642 4261 tarum
672 4207 968 4277 imaginum
1001 4213 1055 4260 et
1081 4205 1500 4261 asterismorum
1535 4203 1711 4258 media
1734 4205 2039 4260 nominare.

462 4298 580 4354 Hoc
609 4315 737 4355 vero
767 4315 874 4354 non
910 4299 1152 4364 aliunde,
1189 4315 1353 4370 quam
1415 4313 1484 4354 ex
1541 4298 1788 4370 ipsismet
1818 4296 2043 4351 Eudoxo

462 4403 516 4445 et
549 4390 861 4461 Hipparcho
902 4389 1294 4445 declarabitur.

2063 3152 2105 3210 C

2138 1929 2217 1980 ria
2247 1926 2436 1981 circuli
2467 1927 2652 1987 ullius,
2679 1924 2772 1981 sed
2807 1926 3053 1980 stellatus
3082 1923 3285 1995 effigies
3314 1925 3567 1995 designat
3595 1945 3607 1980 :
3657 1928 3734 1980 ita

2135 2033 2260 2071 cum
2298 2034 2393 2088 per
2431 2017 2734 2081 Cancrum,
2760 2017 3176 2087 Capricornum,
3209 2020 3444 2072 Arietem
3485 2025 3543 2070 et
3573 2018 3730 2073 Che-

2137 2109 2218 2164 las
2249 2109 2469 2164 eosdem
2513 2125 2696 2164 meare
2727 2108 2966 2164 circulos
3014 2108 3186 2171 dicit,
3219 2125 3328 2163 non
3377 2111 3534 2178 signa
3571 2112 3717 2179 ipsa,

2137 2205 2252 2256 sive
2282 2201 2721 2256 dodecateinoria
2747 2241 2761 2263 ,
2813 2202 2909 2256 sed
2957 2203 3278 2255 asterismos
3308 2202 3582 2272 intelligit.
3618 2201 3731 2255 Sed

2137 2308 2352 2347 omnem
2395 2293 2898 2361 tergiversationem
2963 2293 3250 2347 submovet
3291 2291 3551 2347 Eudoxus
3586 2293 3727 2363 ipse,

2136 2385 2264 2438 dum
2282 2384 2371 2437 illa
2391 2383 2504 2453 ipsa
2532 2399 2628 2454 per
2645 2399 2765 2454 qua:
2798 2385 3032 2438 transire
3063 2383 3299 2438 circulos
3317 2385 3411 2446 ait,
3430 2384 3610 2455 ἄστρα
3629 2401 3730 2438 no.

2137 2474 2328 2536 minat,
2351 2488 2472 2542 quae
2499 2473 2633 2526 nihil
2657 2473 2802 2526 aliud
2827 2489 2989 2541 quam
3013 2473 3332 2526 asterismos
3357 2480 3412 2525 et
3446 2475 3724 2543 imagines

2137 2569 2716 2639 signiticant.Achilles
2735 2569 2925 2623 Tatius
2947 2570 3000 2622 in
3028 2566 3412 2632 Plimioment's,
3432 2583 3553 2637 cap.
3584 2567 3726 2633 XIV,

2137 2661 2332 2730 ἄστρον
2359 2661 2414 2714 δὲ
2432 2661 2494 2713 τὸ
2511 2663 2574 2714 ὲκ
2595 2661 2804 2714 πολλῶν
2825 2661 3069 2732 ἀστέρων
3104 2659 3375 2729 σύστημα,
3415 2677 3434 2712 ι
3470 2669 3721 2732 system:

2136 2753 2371 2822 plurium
2403 2753 2708 2819 stellarum,
2748 2773 2766 2805 ι
2799 2762 3006 2807 astrum
3047 2765 3170 2806 esse
3204 2752 3338 2803 vult.
3373 2749 3545 2820 quue
3574 2751 3728 2805 Arati

2136 2846 2451 2899 testimonio
2473 2846 2778 2898 confirmat.
2809 2847 2878 2896 At
2901 2843 3177 2908 Eudoxus,
3203 2844 3513 2914 Hipparcho
3544 2851 3708 2905 teste,

2135 2937 2202 2990 de
2231 2936 2436 2990 coluris
2470 2937 2718 3004 loquens,
2756 2936 2912 2988 Ἔστι
2967 2935 3044 2998 δὲ,
3098 2937 3193 2999 ait,
3232 2938 3289 2988 ἐν
3312 2935 3518 2997 τούτοις
3552 2934 3730 3005 ἄστρα

2135 3029 2296 3082 τάδε·
2339 3034 2387 3080 α’
2414 3029 2443 3081 ὁ
2475 3028 2640 3090 πόλος.
2675 3030 2703 3079 ὁ
2749 3027 2835 3079 ἀεὶ
2885 3026 3116 3097 φανερὸς
3167 3027 3260 3079 τοῦ
3315 3026 3518 3095 κόσμου
3549 3039 3566 3054 ·
3607 3020 3730 3078 εἶτα

2137 3121 2198 3174 τὸ
2240 3120 2401 3190 μέσον
2450 3119 2548 3191 τῆς
2575 3120 2640 3171 'A
2651 3135 2810 3190 ρκτου
2854 3119 2994 3172 κατὰ
3023 3118 3226 3181 πλάτος
3245 3135 3256 3148 ·
3277 3119 3371 3171 καὶ
3396 3116 3493 3170 τοῦ
3513 3116 3730 3187 Καρκίο

2140 3227 2232 3266 νου
2259 3210 2322 3264 τὸ
2365 3210 2548 3280 μέσον.
2587 3229 2604 3259 ι
2651 3209 2792 3261 Sunt
2821 3217 2999 3262 autem
3034 3209 3088 3261 in
3130 3209 3196 3262 iis
3229 3209 3342 3262 hzec
3381 3217 3529 3261 astra
3561 3225 3577 3262 :
3615 3208 3728 3277 pri-

2148 3319 2297 3358 mum
2332 3317 2546 3372 semper
2579 3316 2850 3370 apparens
2891 3301 3048 3369 polus
3091 3301 3302 3354 mundi.
3355 3297 3563 3354 Deinde
3613 3315 3729 3353 me-

2140 3393 2290 3448 dium
2331 3392 2484 3448 Ursa:
2513 3393 2568 3446 in
2611 3391 3040 3463 longitudinem;
3073 3400 3126 3447 et
3151 3391 3346 3447 Cancri
3396 3393 3661 3454 medium,
3704 3409 3726 3444 ι

2141 3499 2204 3539 ac
2224 3483 2456 3539 subinde
2476 3482 2705 3536 caudam
2743 3465 2875 3536 notii
2908 3482 3107 3546 Piscis,
3137 3493 3190 3537 et
3241 3483 3480 3537 medium
3532 3482 3726 3552 Capri-

2141 3577 2291 3631 corni
2321 3573 2528 3643 adjicit.
2557 3571 2684 3627 Haec
2709 3572 2775 3628 de
2805 3573 2996 3626 coluro
3020 3573 3409 3628 solstitiorum.
3446 3570 3519 3626 De
3549 3572 3727 3625 altero

2141 3667 2370 3735 loquens
2399 3663 2613 3726 scribit,
2650 3664 2703 3716 in
2735 3676 2802 3717 eo
2834 3662 3104 3716 contineri
3156 3662 3299 3716 inter
3342 3661 3479 3714 alios
3527 3660 3712 3713 asteri-

2142 3773 2311 3822 sinos,
2349 3757 2421 3811 τὰ
2457 3755 2596 3827 μέσα
2641 3755 2751 3808 τῶν
2791 3754 2990 3826 Χηλῶν
3038 3753 3180 3809 κατὰ
3218 3753 3436 3816 πλάτος,
3485 3753 3579 3805 καὶ
3629 3749 3727 3805 τοῦ

2141 3847 2314 3920 Κριοῦ
2347 3849 2416 3902 τὰ
2438 3848 2583 3901 νῶτα
2621 3848 2764 3901 κατὰ
2789 3846 3023 3909 πλάτος’
3064 3864 3082 3897 t
3121 3845 3296 3900 media
3329 3844 3623 3898 Chelarum
3669 3844 3725 3897 in

2144 3943 2336 4006 latum,
2367 3948 2421 3994 et
2449 3941 2654 3994 Arietis
2676 3947 2826 4009 terga
2855 3939 3041 3994 itidem
3075 3938 3128 3992 in
3163 3938 3356 3990 latum.
3397 3955 3416 3988 ι
3445 3934 3586 4002 Quid
3616 3936 3726 3989 dici

2142 4033 2346 4088 clarius
2376 4040 2584 4102 potest,
2639 4038 2699 4084 ut
2747 4040 3004 4101 appareat
3032 4028 3316 4082 Eudoxum
3338 4067 3352 4089 ,
3388 4044 3511 4082 cum
3546 4028 3727 4081 media

2141 4118 2430 4174 Chelarum
2454 4159 2468 4182 ,
2509 4117 2710 4171 Arietis
2731 4155 2746 4180 ,
2787 4132 2851 4169 ac
2883 4126 3208 4170 cteterorum
3243 4113 3498 4182 appellat,
3531 4113 3727 4180 imagi-

2143 4227 2240 4266 nes
2299 4212 2445 4280 ipsas
2499 4209 2841 4280 exprimere?
2889 4208 3021 4261 Nam
3077 4207 3146 4260 τὰ
3190 4205 3354 4269 νῶτα,
3384 4221 3404 4255 t
3446 4212 3596 4272 terga
3623 4245 3637 4264 ,
3675 4213 3727 4257 et

2144 4300 2396 4364 latitudo,
2436 4319 2455 4352 ι
2483 4299 2706 4354 nonnisi
2735 4300 2802 4354 de
2824 4297 3012 4368 figuris
3043 4296 3300 4366 usurpari
3329 4302 3578 4363 possunt.
3618 4292 3728 4344 sle-

2144 4393 2233 4447 dia
2263 4394 2464 4464 quippe
2501 4392 2783 4462 signorum
2801 4392 2915 4446 sive
2932 4387 3635 4455 dodecatemoriorum,per
3670 4401 3730 4440 se

535 4482 742 4537 Etenim
759 4483 848 4536 illa
872 4481 1079 4536 Eudoxi
1119 4483 1304 4548 verba,
1324 4497 1388 4538 ex
1407 4482 1607 4553 quibus
1627 4488 2038 4552 argumentatus

2142 4485 2503 4556 ἀναστέριστα
2530 4491 2690 4550 sunt;
2718 4498 2892 4553 neque
2931 4499 2950 4533 t
2989 4488 3140 4550 terga
3167 4499 3184 4530 ι
3208 4479 3463 4532 dicuntur
3496 4477 3721 4543 habere,

463 4583 546 4628 est
576 4573 938 4644 Hipparchus,
973 4573 1163 4629 eadem
1213 4575 1338 4629 aliis
1369 4575 1422 4628 in
1462 4575 1630 4639 locis,
1671 4573 1764 4629 sed
1798 4575 2042 4644 pleniora

465 4668 815 4737 perscripsit;
839 4681 962 4720 cum
994 4667 1060 4720 de
1099 4666 1374 4735 parallelis
1400 4667 1470 4721 ab
1495 4665 1722 4720 Eudoxo
1743 4666 2038 4737 descriptis

465 4757 690 4812 circulis
721 4773 1026 4813 sermonem
1052 4757 1310 4811 instituit.
1337 4757 1496 4811 Velut
1525 4757 1664 4810 libro
1691 4756 1732 4819 I,
1769 4773 1919 4811 num.
1951 4755 2040 4821 III,

467 4848 534 4902 de
565 4849 777 4919 tropico
805 4848 1016 4902 circulo
1049 4868 1062 4902 :
1109 4849 1267 4900 Ἐστι
1295 4848 1352 4902 δὲ
1384 4850 1441 4902 ὲν
1478 4848 1656 4919 τούτῳ
1680 4848 1748 4902 τὰ
1778 4850 1920 4919 μέσα
1947 4848 2041 4903 τοῦ

465 4938 739 5009 Καρκίνου
759 4980 774 5004 ,
814 4938 907 4990 καὶ
933 4937 1001 4990 τὰ
1037 4937 1125 4990 διὰ
1157 4937 1250 4991 τοῦ
1292 4935 1544 5007 σώματος
1575 4937 1715 4991 κατὰ
1741 4941 1914 5009 μῆκος
1947 4939 2041 4992 τοῦ

465 5031 714 5095 Λέοντος,
743 5040 849 5086 etc.
875 5049 894 5081 ι
921 5028 1060 5084 Sunt
1081 5039 1262 5083 autem
1296 5031 1348 5082 in
1385 5031 1478 5084 illo
1512 5029 1712 5085 Cancri
1743 5033 1922 5086 media
1942 5071 1956 5096 ,
1989 5037 2043 5085 et

467 5141 588 5197 quae
637 5141 734 5196 per
788 5138 990 5193 corpus
1030 5121 1230 5176 Leonis
1279 5123 1581 5177 secundum
1647 5125 2041 5193 longitudinem

468 5223 772 5272 transeunt.
832 5233 850 5266 ι
901 5213 1135 5281 Subjicit
1169 5214 1366 5283 anguis
1427 5211 1701 5284 Ophiuchi
1736 5215 2042 5277 cervicem;

466 5312 711 5365 dextram
730 5325 949 5362 manum
968 5307 1271 5376 Ingeniculi
1299 5325 1312 5374 ;
1346 5315 1400 5361 et
1425 5308 1529 5360 alia
1549 5307 1751 5370 sidera,
1783 5321 1904 5377 qua:
1932 5307 2043 5360 cir—

467 5403 626 5455 culus
643 5402 746 5454 iste
765 5401 1029 5470 pervadit.
1045 5396 1179 5451 Εἶτα
1202 5399 1504 5469 συμπίπτει
1537 5399 1675 5471 πρὸς
1693 5399 1761 5451 τὰ
1781 5399 1921 5469 μέσα
1948 5396 2042 5451 τοῦ

467 5491 762 5562 Καρκίνου.
800 5509 818 5540 ι
853 5489 1077 5543 Demutn
1100 5489 1154 5542 in
1178 5491 1365 5542 eadem
1389 5489 1582 5542 Cancri
1603 5489 1777 5541 inedia
1808 5488 2042 5542 revolvi-

468 5588 578 5632 tur.
608 5598 626 5629 ι
650 5578 724 5632 De
751 5579 978 5632 hiberno
999 5593 1215 5648 quoque
1232 5578 1697 5646 ιι-ορὶοο,Ἐστιδὲ
1719 5581 1776 5631 ἐν
1803 5577 1953 5648 αὐτῷ
1977 5579 2044 5630 τὰ

466 5671 612 5740 μέσα
635 5671 729 5724 τοῦ
749 5673 1050 5744 Αίγόκερω,
1079 5674 1175 5727 καὶ
1201 5675 1245 5726 οἱ
1270 5673 1428 5736 πόδες
1457 5673 1549 5727 τοῦ
1593 5673 1880 5746 Ὑδροχόου
1901 5713 1916 5735 ,
1951 5675 2045 5726 καὶ

469 5761 562 5814 τοῦ
591 5764 802 5833 Κήτους
820 5766 853 5834 ἡ
881 5765 1038 5837 οὐρὰ,
1070 5767 1163 5819 καὶ
1197 5765 1289 5818 τοῦ
1327 5766 1578 5838 Ποταμοῦ
1615 5768 1647 5837 ή
1673 5767 1903 5837 καμπὴ,
1927 5772 2040 5821 etc.

2146 4592 2324 4646 neque
2357 4577 2736 4641 latitudinem;
2772 4573 2867 4629 sed
2891 4573 3005 4628 sola
3038 4570 3373 4642 longitudine
3407 4576 3726 4623 censentur.

2215 4665 2356 4734 Quid
2386 4667 2531 4737 quod
2560 4666 2903 4738 Hipparchus
2933 4666 3048 4735 ipse
3072 4664 3167 4718 lib.
3195 4662 3234 4727 I,
3279 4677 3429 4717 num.
3475 4659 3568 4720 III,
3621 4659 3732 4713 Eu-

2143 4759 2269 4815 doxi
2299 4760 2613 4814 testimonia
2649 4760 2943 4820 citaturus,
2977 4764 3128 4810 astra
3153 4755 3244 4808 illa
3274 4763 3448 4816 vocat,
3484 4759 3539 4806 et
3569 4750 3732 4805 ἀστέ-

2149 4865 2268 4918 ρας,
2294 4864 2418 4901 cum
2451 4848 2678 4901 Aratum
2726 4849 2802 4902 ait
2837 4844 3046 4900 Eudoxi
3098 4843 3402 4898 imitatione
3444 4841 3512 4894 τὰ
3554 4842 3731 4912 ἄστρα

2146 4941 2227 4992 sic
2259 4939 2612 5003 distribuere,
2646 4944 2706 4990 ut
2734 4951 2765 4990 a
2797 4935 3200 4991 borealioribus
3229 4933 3499 5003 inciperet
3520 4933 3545 4985 τ
3569 4931 3729 4985 Mox:

2145 5030 2281 5102 Περῖ¹
2323 5030 2379 5082 δὲ
2423 5029 2533 5082 τῶν
2583 5029 2829 5100 ἀστέρων
2871 5026 2980 5080 τῶν
3009 5026 3101 5079 ἐπὶ
3132 5026 3225 5078 τοῦ
3257 5023 3469 5097 θερινοῦ
3495 5025 3590 5077 καὶ
3620 5041 3733 5093 χει-

2149 5122 2363 5194 μερινοῦ
2386 5120 2644 5194 τροπικοῦ
2671 5120 3004 5192 φερομένων,
3042 5119 3122 5172 ἔτι
3167 5117 3223 5170 δὲ
3261 5117 3354 5170 τοῦ
3388 5116 3731 5186 ίσημερινοῦ,

2144 5219 2173 5270 ὁ
2213 5217 2308 5286 μὲν
2340 5213 2566 5279 Εὔδοξός
2598 5229 2762 5283 φησιν
2805 5214 2898 5266 ἐπὶ
2937 5211 3030 5265 τοῦ
3076 5209 3289 5282 θερινοῦ
3333 5209 3538 5271 οὕτως·
3578 5211 3736 5264 Ἔστι

2143 5308 2201 5360 δὲ
2219 5310 2275 5360 ὲν
2297 5305 2472 5376 τούτῳ
2487 5304 2558 5357 τὰ
2590 5303 2727 5374 μέσα
2751 5302 2845 5356 τοῦ
2875 5302 3175 5372 Καρκίνου.
3211 5320 3231 5351 ι
3267 5299 3341 5354 De
3369 5300 3546 5354 stellis
3579 5313 3734 5354 vero.

2146 5415 2266 5470 quae
2291 5399 2344 5451 in
2379 5399 2570 5452 aestivo
2602 5396 2816 5465 tr0pico
2857 5395 3132 5456 feruntur,
3181 5408 3393 5448 necnon
3428 5393 3481 5445 in
3514 5393 3734 5446 circulo

2147 5489 2534 5560 aequinoctiali,
2561 5487 2822 5542 Eudoxus
2865 5487 3085 5556 quidem
3116 5486 3184 5540 de
3210 5486 3403 5538 aestivo
3434 5485 3507 5537 ita
3554 5486 3742 5553 loqui-

2148 5571 2277 5634 tn'r:
2317 5578 2455 5633 Sunt
2499 5587 2678 5632 autem
2717 5579 2770 5632 in
2821 5579 2925 5632 hoc
2971 5577 3150 5632 media
3197 5576 3416 5632 Cancri.
3449 5595 3468 5628 ι
3525 5576 3738 5629 Eodem

2148 5686 2344 5742 genere
2373 5673 2644 5726 sermonis
2685 5672 2860 5725 utitur
2890 5671 2944 5724 in
2977 5671 3208 5725 hiberno
3236 5669 3450 5740 tropico
3475 5677 3528 5724 et
3561 5670 3742 5738 aequi-

2153 5764 2400 5818 noctiali.
2427 5763 2662 5819 Proinde
2693 5764 2990 5820 asterimos
3015 5770 3068 5820 et
3096 5763 3344 5820 stellstas
3372 5761 3602 5826 formas,
3625 5776 3741 5815 non
