4022 6398
248 341 279 395 1
291 342 402 398 549

1080 343 1542 401 DISSERTATIO
1583 345 1670 398 DE
1706 342 1894 400 ORTU
1928 344 2014 398 ET
2053 343 2323 400 OCCASU
2365 344 2666 402 SIDERUM

3387 345 3529 400 1550

244 433 420 528 signa
437 457 859 515 duodecimasve
887 459 1100 516 todiat-i
1125 472 1332 533 partes,
1375 477 1469 520 aut
1503 465 1853 534 aequinoctia.
1881 469 1926 524 Α
1954 478 2099 534 gere,
2135 465 2329 518 nedqu
2367 465 2610 520 dividere
2654 472 2828 534 potest
2857 479 2871 514 :
2905 464 2952 518 si
2982 463 3035 516 in
3077 463 3326 528 zotliaco,
3373 471 3432 517 ut
3460 465 3528 518 de

244 551 322 606 iis
354 549 614 606 Eudoxus
653 551 880 615 indicat,
914 569 1147 623 quarutn
1179 557 1357 610 media
1386 557 1454 611 iis
1499 557 1631 625 ipsis
1662 557 1838 611 secari

243 642 479 698 circulis
506 642 693 698 refert.
729 643 883 699 Adde
921 647 1183 714 optimum
1231 647 1440 702 Eudoxi
1479 649 1832 718 interpretem

241 735 502 797 Aratum,
528 737 618 805 qui
651 744 704 791 et
727 736 904 806 ipsum
937 739 993 792 in
1019 741 1278 808 omnibus
1325 751 1548 796 secutus
1577 749 1692 809 est;
1729 743 1834 806 vel,

243 835 315 881 ut
349 826 696 898 Hipparchus
732 829 883 899 loqui
932 832 1088 896 solet,
1137 833 1561 905 παρεγράψατω
1602 850 1703 889 nec
1737 835 1838 887 ali-

245 929 360 984 ter,
393 937 458 974 ae
491 937 590 974 nos
621 923 873 986 iacimus,
907 933 1143 977 mentem
1171 926 1318 980 illius
1349 928 1577 997 accepit.
1610 926 1745 980 Nam
1770 925 1838 982 de

248 1015 468 1084 tropico
491 1015 682 1069 scribit
717 1014 896 1083 ipsum
921 1014 1161 1069 Leonem
1200 1021 1303 1071 sub
1333 1025 1572 1087 pectore,
1601 1033 1667 1072 ac
1700 1034 1837 1072 ven-

247 1113 339 1159 tre
391 1119 618 1171 secare;
647 1105 923 1160 Cancrum
964 1123 1096 1160 vero
1125 1115 1295 1162 totum
1329 1109 1581 1164 bifariam
1616 1112 1832 1182 partiri.

971 1222 1158 1290 αὐτὰρ
1193 1227 1225 1277 ό
1255 1224 1482 1290 κύκλος

252 1289 497 1365 μὲν
517 1287 891 1365 ύπὸστῇθος.
915 1294 1011 1365 καὶ
1027 1287 1473 1365 γασζέραμέχρὶ
1494 1297 1644 1363 πρὸς
1665 1296 1831 1365 αὶδὼ,

252 1357 458 1434 ζέμνξι
492 1360 597 1412 τὸν
618 1360 699 1434 ⁵δὲ
728 1357 1045 1434 διηνεκέωρ
1069 1357 1355 1430 ὐπέιλερΰε
1375 1357 1626 1434 ’Ξελεῗού

243 1426 705 1504 ῌςιρξιίνωςίῇχι
726 1426 994 1499 μάλιστα
1019 1426 1487 1502 διχαιόμένόνί’κε
1508 1438 1740 1504 νοήσῃς

259 1499 494 1566 Ὀρθὸν,
526 1499 928 1571 ἵν”ὀρθαλμοὶ
951 1499 1179 1557 κύκλου
1207 1499 1523 1576 ἑκάτερθεν
1557 1499 1723 1567 (orsis.

244 1609 384 1677 Quae
417 1613 498 1667 sic
529 1614 690 1668 vertit
722 1614 962 1673 Avienus
1005 1633 1019 1670 :

965 1740 1021 1783 at
1058 1732 1286 1785 circulus
1311 1732 1418 1784 ima
1443 1732 1663 1786 calentis

245 1791 500 1869 factura,
523 1813 712 1869 perque
741 1799 915 1863 alvum
949 1803 1135 1868 procul
1159 1805 1212 1855 in
1237 1814 1506 1869 postrema
1533 1801 1719 1857 Leonis

246 1862 532 1940 Succedit.
554 1862 707 1923 Se'cs'.
736 1879 820 1922 ast
846 1862 986 1925 alius
1008 1887 1101 1940 per
1131 1862 1332 1926 viscera
1355 1873 1555 1939 plana:

250 1934 322 2010 {Et
351 1937 522 2010 medio
543 1943 724 2010 subter
756 1957 885 1993 cava
919 1934 1150 2010 tegmina
1182 1934 1373 1996 dividit
1414 1944 1614 2007 orbem,

242 2003 476 2062 Lumina
505 2009 774 2064 recludens
805 2003 1118 2066 altrinsecus
1150 2014 1323 2066 orbita
1353 2029 1535 2082 porro.

320 2120 395 2177 De
419 2122 646 2178 hiberno
675 2139 891 2197 quoque
921 2127 1134 2196 tropico
1157 2127 1370 2191 scribit,
1395 2143 1518 2182 eum
1542 2127 1834 2198 Capricor-

243 2229 382 2268 num
426 2216 664 2270 medium
702 2217 971 2284 dividere,
1006 2227 1170 2290 atque
1211 2221 1440 2290 Aquarii
1467 2219 1652 2290 pedes,
1700 2235 1836 2276 cau-

243 2306 373 2362 dam
403 2307 521 2364 Ceti
543 2327 557 2365 :

317 2419 519 2493 Dividit
547 2420 810 2492 imbriferi
839 2438 1027 2491 corpus
1062 2422 1293 2477 medium
1333 2421 1668 2493 Capricorni.

318 2489 553 2562 Ida’ique
569 2489 720 2560 pedes
747 2489 1310 2565 pueri,'postremaque
1337 2489 1543 2559 caudw,
1580 2505 1689 2550 etc.
1712 2533 1730 2560 ,

245 2614 307 2658 ut
335 2605 498 2660 vertit
543 2605 804 2662 Avienus.
859 2606 961 2662 Hic
1013 2623 1144 2663 vero
1197 2608 1338 2662 citra
1393 2608 1832 2664 controversiam

241 2697 457 2753 Cancer
486 2705 540 2754 et
570 2699 940 2769 Capricornus
967 2716 1076 2754 non
1103 2701 1284 2770 signa,
1315 2700 1431 2756 sive
1453 2701 1838 2769 dodecatemo-

241 2790 350 2853 ria,
380 2789 471 2844 sed
505 2789 770 2859 imagines
810 2796 960 2843 sunt.
995 2788 1129 2842 Nam
1160 2798 1214 2845 et
1252 2789 1479 2860 χέλειον,
1521 2794 1635 2846 sive
1678 2800 1832 2854 testa,

241 2894 356 2935 non
399 2881 555 2935 aliter
607 2881 1013 2935 accommodari
1064 2881 1278 2936 Cancro
1328 2891 1552 2952 potest;
1603 2893 1659 2938 et
1707 2897 1834 2937 cum

239 2969 543 3040 Aquarium
595 2971 820 3040 perinde
859 2972 928 3026 ab
972 2972 1206 3028 hiberno
1257 2976 1475 3046 tropico
1523 2979 1723 3043 secari,
1769 2994 1834 3033 ac

239 3061 638 3132 Capricornum
665 3071 896 3127 asserat,
939 3079 1046 3118 non
1092 3074 1273 3134 potest
1327 3066 1395 3120 ad
1443 3068 1832 3125 dodecatemo-

241 3153 388 3206 rium
423 3153 639 3209 referri.
675 3153 887 3224 Quippe
925 3157 1169 3225 tropicus
1211 3157 1457 3215 circulus
1490 3161 1715 3230 Aquarii
1748 3164 1810 3217 si-

239 3259 410 3314 gnum
439 3261 616 3316 neque
645 3245 860 3309 dividit,
887 3263 986 3302 nec
1020 3250 1238 3318 attingit
1261 3253 1502 3306 omnino.
1524 3253 1631 3308 Sed
1653 3272 1829 3326 neque

242 3336 336 3390 illa
364 3337 501 3406 ipsa,
531 3353 652 3407 qua:
677 3340 1019 3409 contingunt,
1045 3340 1198 3410 signa
1228 3343 1421 3396 circuli
1459 3344 1548 3398 isti
1580 3348 1830 3414 partiun-

239 3435 332 3483 tur
355 3429 630 3484 bifariam.
661 3428 752 3483 Sic
783 3430 852 3486 de
877 3431 1246 3501 aequinoctiali
1275 3433 1477 3490 Aratus
1507 3436 1647 3491 idem
1684 3457 1696 3492 :

238 3537 412 3611 Σῆμα
431 3538 580 3611 δέοι
606 3543 786 3607 Κριός
805 3557 818 3572 ·
845 3532 1102 3609 ’Ταύροιό
1128 3559 1191 3595 τε
1223 3543 1485 3611 γούνατα
1512 3543 1718 3600 κεῖται.

239 3609 420 3677 Κριὸς
443 3610 561 3681 μὲν
593 3612 745 3665 κατὰ
773 3611 974 3681 μῆκος
1000 3609 1376 3681 ἐληλαμένος
1422 3613 1520 3667 διὰ
1561 3616 1824 3669 κύκλουο

247 3681 470 3747 Ταύρου
502 3680 571 3734 δὲ
596 3680 866 3736 σκελέων
893 3681 1054 3750 ὅσση
1084 3680 1490 3752 περιφαίνεται
1519 3684 1731 3750 ὅκλαξ.

243 3783 461 3862 Signum
488 3799 662 3862 autem
691 3788 942 3862 eiAries,
974 3790 1238 3862 Taurique
1262 3809 1433 3862 genua
1459 3794 1567 3847 sita
1596 3803 1757 3860 sunt;

243 3856 623 3934 {fies‘quidem
653 3861 707 3912 in
739 3860 951 3930 longum
976 3856 1168 3916 ductus
1199 3856 1290 3931 per
1324 3864 1639 3934 cingulum;

247 3925 556 3984 Tutu-ivero
577 3945 794 3983 crurum
813 3925 1016 4002 quanta
1046 3925 1266 4002 apparet
1295 3925 1532 4003 inﬂe'xio.

321 4039 388 4095 Ut
433 4057 605 4111 genua
648 4041 816 4098 Tauri
851 4045 918 4099 ad
961 4047 1307 4101 asterismum
1359 4047 1480 4117 ejus
1513 4049 1825 4119 pertinent,

245 4129 324 4185 sic
364 4131 567 4186 Arietis
614 4148 819 4203 corpus
862 4135 936 4188 ab
965 4137 1337 4205 aequinoctiali
1382 4139 1592 4194 circulo
1630 4155 1828 4195 secun-

245 4220 370 4276 dum
415 4225 814 4296 longitudinem
863 4226 1102 4282 divisum
1153 4230 1222 4283 ad
1268 4231 1560 4301 imaginem
1600 4233 1825 4298 Arietis,

244 4329 350 4369 non
374 4317 438 4369 ad
470 4318 994 4386 dodecatemorinm,
1023 4338 1252 4380 necesse
1275 4333 1356 4380 est
1375 4327 1564 4383 referri
1593 4347 1605 4384 :
1629 4345 1825 4398 quem-

245 4411 531 4465 admodum
561 4411 906 4481 Hipparchus
939 4416 1057 4484 ipse
1077 4415 1239 4470 docet
1270 4417 1364 4472 lib.
1397 4416 1438 4482 l,
1465 4435 1615 4474 num.
1653 4418 1820 4486 XXV,

1948 557 2172 625 tropieis
2214 566 2444 620 taceam,
2495 567 2642 612 certe
2673 557 3074 627 aequinoctialis
3118 557 3379 621 Arietem,
3417 572 3526 609 non

1946 650 2246 702 secundum
2298 650 2713 718 longitudinem,
2758 646 2901 702 κατὰ
2957 649 3130 718 μῆκος
3198 645 3529 717 ἐληλαμένον

1945 740 2368 810 partietur,sed
2418 749 2818 804 transversum,
2878 751 2931 795 et
2985 737 3129 792 κατὰ
3176 740 3396 801 πλάτος.
3444 736 3530 789 Si-

1943 833 2164 903 quidem
2215 835 2492 888 sectiones
2541 834 2944 903 azqninoetialis
2973 838 3027 886 et
3075 829 3282 884 zodiaci
3314 830 3382 882 ab
3419 827 3530 881 Eu-

1943 923 2106 990 doxo,
2151 932 2209 977 ut
2256 933 2412 994 putat
2455 923 2822 995 Hipparchus,
2877 920 3073 977 mediis
3119 921 3176 974 in
3215 919 3393 990 ’signis
3441 919 3528 971 lo-

1940 1015 2155 1062 cantur.

2011 1100 2130 1154 Non
2156 1101 2414 1162 absimili,
2451 1108 2509 1155 ut
2545 1100 2800 1172 equidem
2845 1115 2990 1164 reor,
3032 1097 3324 1170 ὁμωνυμίᾳ
3369 1095 3530 1150 indu-

1940 1203 2062 1248 ctus
2089 1192 2430 1263 Hipparchus
2453 1191 2760 1256 Eudoxum,
2796 1194 3024 1245 Aratum
3054 1199 3107 1246 et
3135 1191 3374 1243 Attalum
3411 1197 3527 1242 tra-

1941 1287 2097 1340 duxit
2134 1301 2284 1340 num.
2313 1284 2359 1338 Χ
2390 1286 2516 1339 libri
2543 1285 2727 1355 primi,
2762 1283 2907 1354 quod
2936 1283 3039 1337 sub
3067 1283 3248 1352 capite
3299 1280 3527 1349 majoris

1942 1376 2094 1432 Ursa:
2119 1376 2377 1432 Geminos
2411 1385 2680 1438 statuunt,
2705 1377 2808 1431 sub
2841 1375 2979 1430 Ursa
2996 1375 3194 1435 media,
3230 1371 3526 1437 Cancrum;

1940 1470 2044 1525 sub
2087 1468 2486 1539 posterioribus
2519 1468 2772 1537 pedibus,
2813 1466 3072 1521 Leonem.
3121 1462 3227 1518 Ubi
3275 1461 3343 1516 de
3383 1468 3530 1515 aste-

1939 1561 2126 1615 rismis
2177 1561 2298 1615 sine
2347 1560 2514 1614 dubio
2565 1559 2901 1628 loquuntur:
2947 1572 3071 1610 nam
3114 1555 3269 1608 Arati
3308 1567 3524 1614 versus,

1937 1668 2077 1722 quos
2107 1655 2240 1706 citat
2274 1651 2638 1723 Hipparchus,
2663 1665 2773 1704 non
2807 1651 2969 1704 aliter
3012 1648 3240 1718 intelligi
3271 1655 3524 1722 possunt.

1939 1745 2008 1797 At
2036 1742 2384 1814 Hipparchus
2419 1741 2472 1795 id
2513 1758 2580 1796 ex
2608 1757 2673 1796 eo
2701 1740 2921 1806 refellit,
2968 1737 3113 1809 quod
3156 1743 3324 1806 caput
3371 1733 3528 1789 Ursae

1862 1831 1904 1885 Β
1935 1835 2006 1890 sit
2035 1835 2088 1888 in
2119 1833 2318 1889 Leonis
2352 1841 2504 1904 parte
2538 1833 2720 1895 tertia,
2749 1832 3006 1885 nimirum
3043 1830 3099 1884 in
3130 1829 3524 1884 dodecatemo-

1937 1929 2020 1983 rio
2045 1926 2264 1992 Leonis,
2299 1924 2447 1998 quod
2469 1926 2523 1979 in
2547 1922 2922 1994 aequinoctiali
2965 1921 3049 1976 vel
3080 1920 3523 1990 parallelorepo-

1938 2020 2038 2072 nit.
2063 2017 2176 2073 Hoc
2204 2033 2330 2072 vero
2359 2015 2777 2086 argumentandi
2818 2029 2994 2084 genus
3033 1999 3271 2066 alienum
3313 2019 3420 2075 est,
3470 2019 3524 2064 et

1939 2112 1992 2166 in
2016 2111 2304 2182 ὁμωνυμίᾳ
2332 2110 2694 2165 coulliclatur.
2728 2107 2834 2163 Sed
2858 2108 2925 2162 de
2958 2106 3061 2159 hoe
3084 2104 3380 2175 Hipparchi
3403 2105 3524 2159 loco

1939 2204 2190 2274 pluribus
2214 2211 2406 2273 agetur
2444 2201 2625 2272 capite
2659 2201 2820 2256 tertio
2850 2199 2974 2252 libri
3015 2198 3182 2252 tertii.

2005 2294 2087 2348 Ad
2109 2295 2630 2350 evtremumsimilis
2653 2293 2980 2363 ambiguitas
3007 2291 3191 2345 fucum
3225 2288 3412 2345 Servio
3446 2287 3522 2342 fe-

1937 2386 2012 2440 cit
2047 2385 2099 2440 in
2122 2385 2541 2441 Commentariis
2562 2385 2664 2439 adi
2693 2383 2953 2453 Georgia,
2980 2384 3070 2438 ubi
3101 2384 3213 2438 haec
3233 2398 3521 2450 enarratis,

2001 2477 2122 2545 Qua
2152 2478 2296 2532 locus
2327 2477 2608 2548 Erigonem
2639 2479 2795 2542 inter,
2838 2475 3130 2545 Chelasque
3158 2485 3446 2547 sequentes,

1937 2570 2185 2642 quaedam
2229 2549 2474 2634 adnotat,
2521 2585 2642 2640 quae
2695 2570 2784 2623 hic
2834 2567 3041 2623 referre
3085 2568 3281 2624 melius
3334 2566 3521 2621 fuerit.

1943 2682 1962 2715 ι
1991 2663 2253 2734 Αεεγριίἰ,
2285 2663 2479 2732 inquit,
2509 2662 2796 2717 duodecim
2839 2676 2962 2716 esse
3009 2667 3270 2715 asserunt
3313 2660 3467 2729 signa
3502 2679 3517 2716 :

1909 2752 2173 2808 Chaldaei
2208 2768 2334 2808 vero
2367 2752 2640 2807 undecim.
2697 2749 2834 2807 Nam
2871 2749 3159 2820 Scorpium
3211 2757 3266 2804 et
3302 2748 3522 2804 Libram

1938 2860 2106 2900 unum
2131 2846 2346 2915 signum
2371 2844 2663 2913 accipiunt.
2688 2841 2868 2897 Chelas
2885 2843 3028 2897 enim
3060 2840 3272 2912 Scorpii
3299 2841 3518 2896 Libram

1937 2938 2166 2994 faciunt.
2203 2937 2366 2992 Iidem
2401 2936 2640 2992 Chaldaei
2674 2936 2862 2990 volunt
2893 2935 3132 3004 aequales
3164 2951 3287 2990 esse
3337 2943 3522 3004 partes

1935 3032 1992 3088 in
2019 3031 2276 3086 omnibus
2304 3030 2477 3100 signis
2505 3049 2517 3083 :
2549 3029 2644 3084 sed
2663 3044 2761 3100 pro
2787 3029 3050 3098 qualitate
3086 3027 3196 3091 sui,
3247 3029 3396 3082 aliud
3439 3029 3519 3082 si-

1811 3193 1826 3203 .
1855 3166 1898 3225 ο
1934 3140 2101 3195 gnum
2132 3141 2226 3188 xx,
2276 3123 2423 3178 aliud
2457 3137 2523 3176 xx.
2559 3121 2758 3176 habere
2791 3140 2804 3175 :
2834 3136 2960 3175 cum
2987 3120 3228 3192 Egyptii
3280 3122 3518 3176 tricenas

1931 3233 2055 3272 esse
2085 3223 2268 3287 partes
2302 3215 2356 3269 in
2386 3215 2638 3268 onmibtts
2659 3213 2844 3268 velint.
2874 3211 3031 3266 Modo
3059 3229 3188 3284 ergo
3216 3214 3518 3268 secundum

1930 3311 2221 3366 Chaldzeos
2277 3308 2500 3362 locutus
2535 3315 2638 3371 est,
2687 3305 2878 3360 dicens
2924 3321 3086 3376 posse
3133 3321 3256 3359 eum
3319 3305 3520 3361 habere

1933 3403 2113 3456 locum
2150 3401 2293 3454 inter
2328 3396 2617 3468 Scorpium
2651 3405 2707 3452 et
2735 3395 3034 3463 Virginem.
3068 3415 3086 3447 ι
3136 3394 3302 3466 Signa
3336 3395 3518 3467 dupli-

1930 3492 2065 3545 citer
2112 3495 2473 3558 usurpentur.
2523 3487 2635 3540 Aut
2688 3487 2836 3541 enim
2885 3485 3322 3540 dodecatemoria
3388 3494 3518 3542 sunt

1930 3581 2330 3653 aequinoctialis
2375 3581 2457 3634 vel
2487 3577 2720 3641 zodiaci,
2759 3585 2854 3631 aut
2877 3577 3175 3641 asterismi,
3201 3593 3322 3646 qua:
3354 3580 3516 3650 ἠστε-

1934 3676 2164 3750 ρισμένα
2195 3673 2363 3739 ζώδια
2388 3680 2550 3729 vocat
2593 3671 2959 3742 Hipparchus.
3007 3670 3217 3748 Horum
3264 3674 3516 3742 quaedam

1931 3768 2371 3825 dodecatemorio
2397 3781 2500 3822 suo
2551 3766 2785 3828 minora,
2819 3765 3066 3834 quaedam
3103 3765 3312 3834 majora
3361 3777 3514 3832 sunt,

1929 3870 1985 3917 et
2007 3861 2062 3916 in
2093 3860 2270 3916 vicina
2301 3859 2631 3922 redundant,
2658 3864 2717 3910 ut
2743 3871 2905 3924 supra
2932 3856 3192 3911 diximus.
3239 3854 3363 3910 Haec
3389 3872 3512 3912 cum

1931 3953 2155 4024 legisset
2187 3951 2390 4005 alicubi
2423 3949 2836 4020 grammaticus,
2890 3947 3173 4018 signorum
3203 3962 3401 4017 genera
3424 3948 3515 4002 illa

1929 4048 2040 4103 duo
2071 4046 2432 4122 permiscuit,
2446 4052 2502 4099 et
2528 4058 2642 4098 rem
2677 4058 2904 4114 prorsus
2937 4041 3232 4097 absurdam
3271 4050 3326 4104 et
3355 4041 3513 4096 inex-

1877 4157 1887 4165 ·
1929 4138 2237 4192 trieabilem
2287 4136 2494 4198 docuit,
2532 4135 2688 4204 signa
2730 4135 2914 4188 omnia
2959 4133 3262 4202 aequalibus
3301 4133 3514 4186 descri-

1928 4237 2019 4301 pta
2047 4245 2169 4285 esse
2191 4228 2458 4300 partibus,
2479 4235 2532 4282 et
2555 4234 2731 4280 tamen
2750 4225 2896 4280 aliud
2922 4225 3170 4286 tricenis,
3195 4224 3343 4277 aliud
3375 4239 3512 4294 qua-

1930 4322 2190 4392 dragenis
2225 4341 2242 4372 ι
2272 4335 2370 4391 pro
2396 4319 2661 4390 qualitate
2686 4318 2768 4373 sui
2797 4337 2816 4369 ι
2838 4324 3113 4371 constare.
3141 4315 3330 4370 l‘riore
3348 4317 3511 4369 modo

1929 4416 2085 4486 signa
2137 4421 2266 4468 sunt
2319 4410 2796 4473 dodecatemoria;
2843 4408 3168 4478 posteriore.
3210 4406 3507 4468 asterismi,

245 4501 334 4555 ubi
363 4503 514 4557 Arati
559 4512 613 4556 et
635 4503 843 4558 Eudoxi
888 4506 956 4559 de
1008 4508 1382 4564 cardinalibus
1422 4511 1556 4566 iisce
1614 4510 1826 4576 ζωδίοις
1857 4516 1904 4575 D
1929 4521 2160 4577 quorum
2188 4506 2278 4559 alii
2308 4505 2623 4575 pauciores,
2658 4501 2750 4556 alii
2782 4501 2966 4571 plures
2995 4511 3264 4568 occupant
3301 4507 3504 4568 partes.

245 4595 456 4652 decreta
491 4598 706 4666 probat,
738 4609 964 4668 excepto
988 4601 1130 4669 quod
1167 4601 1234 4656 de
1263 4604 1666 4658 Arietedietum
1701 4616 1817 4661 est:

245 4689 332 4759 qui
373 4698 520 4744 totus
577 4692 944 4760 :equinoctiali
1000 4694 1210 4748 circulo
1261 4695 1534 4750 borealior
1579 4706 1685 4752 est.
1751 4698 1822 4753 At

245 4779 508 4836 Cancrum
526 4794 580 4838 et
597 4781 830 4838 Leonem
861 4769 1068 4840 medios
1103 4786 1280 4855 trajici
1305 4787 1372 4841 ab
1391 4789 1582 4844 aestivo
1606 4791 1820 4860 tropico

243 4882 386 4929 recte
418 4876 540 4930 illos
566 4876 771 4931 sentire
799 4879 1020 4932 asserit.
1078 4877 1214 4932 Vide
1249 4879 1457 4948 reliqua
1492 4880 1640 4935 illius
1688 4883 1816 4948 loci,

247 4964 541 5036 inquibus,
567 4970 718 5041 quod
757 4971 910 5024 valde
951 4971 1153 5024 mirum
1194 4979 1298 5036 est,
1351 4973 1700 5042 apertissime
1738 4973 1816 5028 si-

247 5060 460 5127 gniﬁcat
480 5076 510 5114 a
536 5076 595 5117 se
616 5061 826 5116 Eudoxi
854 5062 1121 5132 Aratique
1151 5062 1298 5117 dicta
1335 5063 1404 5118 ad
1441 5065 1687 5121 stellatas
1737 5064 1819 5120 ef-

247 5152 391 5220 ligies
419 5155 700 5223 applicari.

310 5245 549 5316 Denique
579 5249 693 5303 sive
727 5249 781 5303 in
815 5247 1196 5319 aequinoctiali
1229 5251 1344 5302 sive
1379 5246 1433 5301 in
1471 5246 1701 5302 zodiaco
1750 5249 1822 5304 si-

247 5351 339 5407 gna
369 5340 612 5392 caelestia
643 5341 990 5395 constituerit
1028 5337 1323 5402 Eudoxus,
1356 5339 1423 5393 de
1467 5355 1573 5408 qua
1622 5356 1681 5393 re
1726 5355 1820 5394 ca-

247 5433 345 5502 pite
368 5432 636 5502 superiori
666 5431 874 5486 dictum
905 5440 993 5487 est
1027 5448 1042 5484 :
1071 5446 1249 5501 neque
1283 5431 1337 5484 in
1378 5433 1554 5501 ipsius
1604 5430 1817 5486 Eudoxi

248 5527 414 5582 allatis
443 5525 512 5579 ab
540 5524 851 5594 Hipparcho
885 5526 1066 5589 verbis
1093 5565 1108 5587 ,
1160 5540 1336 5592 neque
1379 5524 1522 5594 apud
1568 5526 1815 5592 Aratum,

246 5618 412 5682 Aries,
456 5618 688 5682 Cancer,
729 5617 931 5682 Chelai,
975 5617 1371 5688 Capricornus,
1433 5617 1501 5670 de
1537 5617 1709 5686 signis
1753 5633 1817 5671 ac

249 5710 692 5767 dodecatemoriis
725 5710 987 5781 explicari
1022 5717 1249 5779 queunt.
1284 5706 1417 5761 Nam
1460 5708 1506 5764 si
1553 5709 1608 5762 in
1644 5710 1815 5778 aequi-

250 5789 456 5862 noctiali
489 5804 866 5876 designentur,
911 5811 1106 5862 neuter
1135 5802 1468 5872 tropicorum
1501 5817 1564 5857 ea
1597 5803 1813 5859 contin-

1928 4600 2020 4654 Sic
2047 4597 2320 4654 asterismi
2341 4596 2553 4666 Scorpii
2583 4609 2712 4663 pars
2733 4604 2816 4648 est
2837 4592 3132 4646 Chelarum
3153 4594 3504 4650 asterismus.

1923 4699 1984 4746 ut
2026 4691 2130 4745 hac
2164 4689 2376 4744 ratione
2411 4689 2665 4743 undecim
2721 4684 3098 4740 tantummodo
3135 4683 3247 4737 sint
3289 4684 3499 4754 ἠστεριο

1923 4783 2096 4855 σμένα
2113 4782 2297 4847 ζώδια,
2316 4798 2409 4837 seu
2435 4783 2618 4852 ﬁgurae
2638 4780 2865 4835 stellata:
2881 4777 3025 4847 apud
3046 4776 3348 4832 Chaldaeos.
3368 4773 3504 4828 Nam

1919 4876 2184 4948 Egyptii,
2223 4875 2316 4946 qui
2348 4889 2449 4944 pro
2492 4873 2676 4928 Chelis
2728 4869 2949 4926 Libram
3004 4875 3330 4939 posuerunt,
3377 4867 3508 4936 legi-

1921 4972 2114 5024 timum
2155 4984 2443 5023 numerum
2491 4966 2812 5021 obtinebant
2851 4983 2864 5018 :
2906 4964 3060 5033 signa
3102 4961 3324 5031 quidem
3370 4963 3504 5014 utri-

1921 5079 2028 5134 que
2058 5062 2346 5118 duodecim
2381 5059 2768 5114 adbibuerunt.
2799 5055 3066 5110 Ceterum
3097 5053 3335 5123 Virginis
3365 5061 3503 5106 85h"

1919 5159 2124 5212 rismus
2153 5156 2283 5209 olim
2314 5153 2514 5208 Leonis
2542 5160 2597 5208 et
2629 5151 2805 5206 Libra:
2831 5159 3037 5219 partes,
3075 5157 3270 5216 prazter
3293 5145 3498 5226 justam

1919 5253 2248 5318 portionem,
2289 5246 2612 5314 occupabat.
2659 5242 2804 5297 inter
2848 5242 2991 5294 hanc
3035 5253 3164 5294 vero
3210 5245 3264 5291 et
3303 5235 3502 5290 Chelas

1921 5340 2153 5410 Scorpii,
2183 5355 2305 5410 quae
2329 5339 2383 5392 in
2410 5337 2587 5391 Librae
2628 5332 3070 5390 dodecatemorio
3115 5327 3498 5389 versabantur,

1918 5450 2150 5490 vacuum
2181 5440 2266 5488 est
2298 5430 2666 5494 intervallum,
2692 5425 2840 5496 quod
2868 5425 2934 5478 ad
2961 5423 3102 5477 idem
3125 5420 3304 5475 Libra:
3333 5417 3499 5470 dede.-

1918 5527 2253 5581 catemorion
2296 5521 2601 5594 pertinebat
2631 5538 2644 5576 :
2678 5534 2789 5589 quo
2840 5519 2895 5570 in
2925 5515 3102 5586 spatio
3143 5512 3328 5567 sedem
3358 5508 3500 5564 indi-

1917 5620 2026 5689 geti
2073 5618 2323 5688 Augusto
2368 5613 2609 5668 destinat
2655 5609 2938 5679 Virgilius.
3000 5605 3072 5660 Ea
3128 5619 3282 5658 mens
3326 5608 3500 5672 poetae

1916 5711 2040 5775 fuit,
2072 5725 2236 5780 quam
2288 5721 2398 5762 non
2444 5703 2755 5774 assequitur
2796 5700 3042 5755 Servius.
3084 5698 3153 5752 At
3198 5695 3499 5749 Martianus

1915 5801 2138 5874 Capella
2164 5799 2304 5857 libro
2322 5797 2459 5866 Vili,
2503 5810 2625 5868 cap.
2659 5794 2728 5852 de
2779 5794 2904 5850 ﬁxis
2938 5791 3132 5864 signis,
3175 5799 3324 5846 recte
3369 5785 3498 5850 hoc,
