4022 6398
509 412 639 470 {3'51

1508 409 1598 463 A‘D
1639 407 1907 465 EUSEBII
1947 406 2345 462 CIIRONICON
2385 407 2744 464 APPENDIX.

3626 400 3794 458 assa

507 525 650 598 quod
678 524 984 589 docuimus,
1034 524 1268 595 explicat
1313 523 1399 579 his
1445 525 1627 580 verbis
1661 543 1672 577 :
1721 542 1740 574 ε
1783 523 1905 577 llzec
1961 522 2079 577 dis-
2107 527 2154 582 Α
2181 539 2310 578 num
2345 541 2502 580 suum
2531 541 2653 582 esse
2677 525 3004 580 translatum
3039 522 3263 594 perinde
3281 536 3471 576 omnes
3486 522 3790 576 sentiunt.

507 615 686 671 cernit
748 613 1172 684 zodiacuszqui
1228 612 1447 683 quidem
1492 612 1728 681 aequales
1782 609 2074 664 duodecim

510 709 787 778 signorum
827 705 1059 778 integrat
1107 706 1408 776 portiones.
1459 703 1566 758 Sed
1610 703 1862 758 undecim
1913 701 2076 755 habet

511 802 686 870 signa.
721 799 981 870 Scorpius
1003 799 1148 853 enim
1199 806 1310 852 tam
1348 812 1506 852 suum
1553 796 1790 866 spatium
1841 800 2077 866 occupat

510 904 756 960 corpore,
789 903 953 960 quam
987 887 1170 944 Chelis
1199 895 1431 956 occupat
1465 885 1658 940 Librae.

1113 999 1344 1056 CAPUT
1380 995 1472 1055 IV.

508 1114 587 1168 De
613 1125 838 1169 veterum
863 1115 1099 1179 opinione
1135 1130 1288 1181 super
1324 1113 1513 1166 annuis
1563 1111 1690 1166 solis
1735 1109 2068 1170 cardinibus,

575 1197 624 1238 et
655 1203 757 1256 qua
781 1187 982 1256 ratione
1013 1186 1137 1256 alibi
1163 1201 1319 1253 quam
1345 1184 1507 1256 initiis
1537 1185 1806 1256 signorum
1831 1181 2078 1256 collocati

579 1250 794 1325 fuerint.
826 1254 1119 1309 Columeila
1147 1250 1382 1308 notatur.
1432 1250 1694 1308 Sat/tinea:
1737 1250 1936 1320 periodi
1988 1251 2078 1302 iu-

575 1328 738 1396 signis
765 1327 978 1394 epocha.

576 1441 842 1507 Quoniam
867 1438 1059 1493 mediis
1087 1439 1142 1492 in
1173 1437 1343 1506 signis
1375 1436 1442 1491 ab
1475 1435 1700 1490 Eudoxo
1749 1434 2080 1489 constitutos

506 1549 628 1589 csse
655 1533 905 1588 cardines
945 1543 1311 1600 nequaquam,
1355 1539 1413 1583 ut
1448 1528 1656 1599 putavit
1701 1525 2070 1597 Hipparchus,

505 1644 570 1681 ex
609 1627 753 1680 illius
785 1625 965 1679 verbis
1004 1624 1312 1686 coniicitur,
1355 1622 1698 1691 inquiramus
1740 1619 1902 1673 modo
1951 1633 2080 1689 qua-

507 1734 631 1772 nam
662 1718 717 1771 in
751 1725 903 1788 parte
929 1715 1204 1781 defixerit;
1235 1723 1348 1768 tum
1380 1729 1502 1784 qua:
1525 1713 1664 1766 ratio
1697 1713 1766 1767 ab
1797 1711 1905 1765 illis
1946 1712 2080 1764 inita

507 1811 599 1872 sit,
632 1808 723 1879 qui
753 1808 902 1871 alibi,
942 1821 1105 1877 quam
1154 1805 1209 1860 in
1248 1804 1420 1860 initiis
1467 1804 1772 1874 signorum,
1825 1801 2077 1857 cardines

509 1900 631 1954 illos
658 1914 780 1953 esse
809 1897 1110 1951 sciverunt.

577 1987 838 2043 Geminus
869 1988 1046 2056 capite
1078 1983 1214 2048 XVI,
1248 1991 1444 2055 quarto
1472 1983 1580 2047 die,
1606 1997 1768 2052 quam
1801 1981 1856 2035 in
1885 1981 2080 2050 Capri-

506 2095 732 2134 cornum
757 2079 838 2133 sol
866 2084 951 2133 est
981 2079 1280 2147 ingressus,
1331 2075 1624 2131 solstitium
1669 2073 1958 2128 hibernum
2013 2087 2079 2127 ex

507 2169 738 2225 Eudoxo
767 2169 880 2223 ﬁeri
907 2167 1097 2222 scribit
1127 2208 1142 2231 ,
1190 2180 1417 2220 vernum
1448 2172 1631 2218 autem
1669 2163 2080 2232 tequinOctium,

506 2266 663 2313 sexto
693 2255 780 2310 die
809 2255 900 2308 τοῦ
934 2254 1198 2325 Κριῶνος.
1231 2251 1374 2308 Idem
1415 2263 1603 2306 auctor
1633 2267 1700 2308 ex
1733 2251 2081 2306 Euctemonis

506 2347 775 2404 sententia
829 2345 1122 2400 solstitium
1150 2344 1433 2398 hibernum
1470 2343 1647 2412 primo
1691 2341 1780 2396 die
1816 2340 2082 2396 committi

503 2439 708 2497 refert:
741 2451 953 2492 necnon
982 2435 1294 2491 autumnale
1326 2435 1732 2504 aequinoctium.
1762 2433 1839 2486 Ex
1856 2432 2082 2503 Calippo

505 2531 1034 2600 veroquatuoripsos
1052 2527 1301 2582 cardines
1317 2526 1638 2580 nominatim
1671 2525 1949 2595 signorum
1979 2525 2084 2578 ini-

505 2621 598 2676 tiis
613 2619 901 2674 contineri.
921 2617 1117 2672 Verum
1134 2617 1432 2672 Columella
1450 2616 1543 2670 lib.
1563 2614 1654 2679 ιχ,
1675 2630 1794 2685 cap.
1814 2613 1955 2676 XIV,
1975 2614 2085 2669 Me-

504 2721 688 2766 tonem
718 2719 772 2766 et
797 2709 1100 2776 Eudoxum,
1119 2723 1183 2762 ac
1203 2715 1412 2763 veteres
1431 2716 1778 2762 astronomos
1794 2707 1988 2761 scribit
2027 2707 2082 2760 in

504 2802 713 2858 octavis
731 2803 975 2872 partibus
995 2801 1272 2870 signorum
1289 2799 1521 2854 solstitia
1540 2808 1592 2852 ct
1624 2799 1949 2868 aequinoctia
1985 2812 2084 2868 po-

505 2894 708 2961 suisse;
738 2892 1124 2963 Hipparchum,
1146 2899 1352 2945 mutata
1371 2892 1598 2954 ratione,
1613 2890 1668 2943 in
1685 2889 1962 2960 signorum
1978 2889 2084 2942 ini-

505 2986 581 3038 tia
605 2984 924 3039 contulisse.
951 3000 970 3036 ι
1000 2981 1109 3037 Nec
1146 2997 1231 3036 me
1261 2981 1417 3046 fallit,
1445 2979 1964 3051 inquit,°Hipparchi
1983 2995 2083 3048 _ra-

503 3077 603 3140 tio,
633 3090 752 3146 quae
781 3075 937 3130 docet
953 3074 1185 3129 solstitia
1202 3080 1257 3128 et
1279 3073 1602 3143 aequinoctia
1618 3087 1725 3126 non
1740 3072 1969 3135 octavis,
1988 3070 2083 3126 sed

505 3167 698 3237 primis
723 3167 1000 3236 signorum
1025 3163 1271 3256 partibus
1287 3163 1501 3256 confici.
1519 3161 1790 3256 Vilerumin
1807 3163 1910 3216 hac
1939 3163 2082 3218 ruris
2108 3199 2150 3256 ο

504 3258 795 3328 disciplina
817 3271 1015 3327 sequor
1029 3271 1174 3311 nunc
1210 3253 1417 3310 Eudoxi
1446 3263 1500 3310 et
1531 3254 1784 3319 Metonis,
1824 3254 2080 3323 antiquo-

504 3365 737 3419 rumque
755 3348 927 3405 fastus
945 3349 1342 3419 astrologorum
1361 3387 1375 3413 ,
1390 3347 1483 3417 qui
1509 3355 1638 3402 sunt
1663 3347 1829 3416 aptati
1847 3347 2080 3416 publicis

506 3440 792 3496 sacriﬁciis
809 3481 825 3506 ,
845 3440 971 3511 quia
990 3449 1044 3496 et
1065 3440 1247 3494 notior
1267 3447 1353 3494 est
1373 3439 1477 3494 ista
1495 3444 1651 3494 vetus
1670 3437 1930 3510 agricolis
1947 3452 2082 3491 con-

504 3539 661 3602 cepta
691 3532 893 3602 opinio.
913 3529 1021 3586 Nec
1039 3540 1215 3585 tamen
1232 3528 1527 3600 Hipparchi
1541 3527 1815 3584 subtilitas
1833 3527 2083 3598 pinguio-

505 3623 682 3686 ribus,
701 3631 762 3675 ut
791 3623 964 3688 aiunt,
991 3621 1318 3677 rusticorum
1349 3620 1548 3675 litteris
1573 3621 1881 3675 necessaria
1913 3627 2016 3674 est.
2057 3637 2076 3670 ι

506 3709 876 3782 Hipparchum
915 3725 1043 3766 ecce
1076 3709 1206 3765 facit
1236 3717 1513 3764 auctorem
1529 3709 1648 3778 ejus
1669 3709 2084 3777 instituti,quod

505 3797 790 3870 principiis
811 3798 1089 3868 signorum
1107 3796 1361 3853 cardines
1375 3797 1780 3865 accommodat,
1798 3813 1920 3852 cum
1939 3807 2085 3854 vete—

508 3903 598 3944 :cs
608 3889 816 3944 octavis
841 3890 1086 3959 partibus
1112 3889 1462 3945 ascriberent.
1478 3889 1537 3944 In
1562 3905 1671 3960 quo
1686 3889 1883 3960 partim
1899 3891 1966 3945 ab
1979 3889 2087 3945 Ge-

507 3980 677 4044 mino,
695 3981 892 4050 partim
920 3981 987 4035 ab
1009 3981 1318 4052 Hipparcho
1335 3982 1453 4051 ipso
1464 3982 1694 4038 dissidet
1714 4000 1729 4049 ;
1756 3998 1880 4037 nam
1901 3982 2086 4037 Gemi-

506 4086 614 4126 nus
630 4073 966 4141 nusquamin
984 4079 1174 4125 octava
1207 4072 1529 4141 cujusquam
1555 4072 1694 4142 signi
1716 4081 1866 4142 parte
1881 4073 2087 4126 consti-

508 4169 658 4215 tutos
684 4177 808 4217 esse
833 4161 1086 4217 cardines
1115 4163 1190 4216 ait
1216 4180 1230 4228 ;
1265 4161 1611 4232 Hipparchus
1647 4173 1853 4228 autem,
1905 4175 1965 4216 ut
1995 4181 2090 4219 su-

507 4253 708 4322 periori
729 4253 908 4324 capite
934 4253 1192 4318 vidimus,
1241 4255 1311 4309 ab
1332 4254 1522 4322 Arato,
1581 4262 1636 4310 et
1686 4257 1932 4326 antiquis
1975 4255 2086 4312 fere

509 4347 766 4402 omnibus
813 4347 1212 4402 mathematicis
1262 4349 1316 4401 in
1370 4347 1650 4418 signorum
1700 4348 1855 4403 initia
1919 4350 2088 4404 colla-

508 4445 595 4493 tos
628 4452 752 4492 esse
779 4437 982 4492 docuit.
1014 4437 1132 4492 Non
1162 4438 1353 4493 dubito
1395 4439 1526 4509 quin
1569 4439 1862 4510 Hipparchi
1906 4442 2088 4510 potior

2177 617 2332 685 Quod
2369 617 2827 688 quemadmodum
2887 618 2956 671 ab
2989 617 3058 670 iis
3098 617 3407 670 institutum
3457 612 3676 676 fuerit,
3727 620 3789 663 et

2175 725 2283 780 qua
2323 711 2532 764 ratione
2561 712 2700 764 inter
2729 724 2788 764 se
2813 707 3100 762 conciliari
3141 706 3474 775 scriptorum
3512 703 3609 757 illa
3657 702 3789 756 dis-

2177 801 2313 857 sidia
2347 803 2577 872 possint,
2611 801 2870 871 deinceps
2898 799 3228 869 aperiemus.

2250 891 2478 948 Duobus
2505 893 2728 947 omnino
2762 891 2940 945 modis
2977 889 3092 944 lieri
3135 889 3374 942 arbitror
3402 887 3691 957 potuisse,
3721 894 3788 940 ut

2178 984 2248 1038 ab
2293 984 2534 1052 antiquis
2578 982 2982 1038 mathematicis
3031 980 3359 1050 aequinoctia
3419 987 3475 1034 et
3520 979 3788 1032 solstitia

2179 1076 2340 1140 alibi,
2379 1091 2540 1145 quam
2575 1076 2627 1129 in
2659 1077 2792 1145 ipsis
2825 1075 3111 1146 signorum
3144 1073 3408 1134 exordiis,
3453 1071 3788 1125 constituta

2180 1167 2403 1224 fuerint.
2436 1168 2568 1221 Nam
2603 1177 2697 1222 aut
2730 1169 2930 1237 reipsa,
2965 1174 3020 1220 et
3063 1181 3130 1220 ex
3171 1172 3288 1218 arte
3317 1163 3657 1233 judicioque
3707 1164 3788 1214 ita

2180 1259 2604 1330 pronuntiarunt
2633 1277 2646 1312 :
2679 1269 2772 1312 aut
2800 1273 2926 1312 cum
2957 1257 3024 1311 de
3038 1256 3315 1312 exactiore
3337 1255 3635 1308 cardinum
3666 1260 3790 1308 situ

2180 1349 2337 1402 aliter
2357 1348 2733 1403 existimarent
2757 1389 2771 1414 ,
2806 1347 3131 1418 populorum
3165 1344 3355 1399 usibus
3404 1359 3468 1398 ac
3502 1345 3791 1398 sensibus

2181 1437 2410 1491 alterum
2440 1436 2571 1489 illud
2598 1437 2779 1490 minus
2806 1443 3128 1489 accuratum
3154 1433 3438 1488 cardinum
3469 1447 3661 1504 genus
3693 1434 3789 1486 in-

2180 1525 2482 1579 dulserunt.
2523 1523 2647 1578 Uta
2686 1525 2867 1594 priore
2922 1523 3126 1586 ordiar,
3170 1521 3460 1591 repetenda
3496 1522 3598 1575 illa
3639 1531 3789 1576 sunt

2182 1617 2467 1687 imprimis,
2513 1631 2635 1686 qua:
2692 1615 2760 1670 de
2807 1614 3076 1670 Chaldeis
3116 1623 3170 1668 et
3218 1611 3488 1684 Egyptiis
3525 1613 3786 1666 tradidi-

2182 1725 2305 1764 mus
2331 1709 2507 1778 capite
2532 1709 2707 1777 primo
2729 1696 3010 1776 {quanam
3039 1705 3292 1760 videlicet
3327 1705 3546 1759 ratione
3577 1705 3789 1774 signo-

2185 1816 2303 1855 rum
2335 1801 2641 1855 cmlcstium
2679 1800 3030 1869 partitionem
3079 1798 3443 1852 instituerint.
3477 1795 3785 1866 Insignem

2179 1891 2323 1945 enim
2353 1891 2661 1959 quampiam
2692 1897 2952 1944 notarunt
2977 1889 3031 1942 in
3063 1890 3204 1942 coelo
3242 1889 3477 1952 stellam,
3517 1903 3550 1940 a
3603 1889 3785 1957 cujus

2180 1985 2484 2039 emersione
2506 1984 2738 2054 primum
2769 1982 3270 2037 dodecatemorium
3305 1983 3358 2036 in
3380 1981 3786 2051 aequinoctiali

2181 2075 2389 2129 circulo
2417 2075 2794 2145 designarunt.
2828 2073 2947 2139 Quo
2973 2073 3130 2128 initio
3145 2073 3468 2139 constituto,
3487 2071 3780 2140 deinceps

2181 2167 2369 2221 circuli
2395 2167 2563 2221 totius
2595 2165 2986 2236 anaphoricum
3012 2172 3224 2233 tempus
3249 2163 3506 2217 horarum
3527 2172 3785 2233 quatuor

2181 2270 2234 2313 et
2257 2258 2471 2330 viginti,
2503 2257 2786 2313 duodecim
2823 2257 2876 2312 in
2913 2265 3096 2328 partes
3120 2273 3187 2311 ex
3215 2271 3370 2326 aequo
3405 2256 3736 2310 diviserunt
3763 2276 3780 2310 :

2181 2361 2412 2415 quarum
2436 2346 2677 2416 singulas
2711 2347 2834 2402 aliis
2858 2346 3044 2400 itidem
3075 2345 3249 2401 stellis
3282 2347 3395 2400 sive
3429 2345 3485 2398 in
3509 2346 3781 2408 zodiaca,

2182 2439 2297 2492 sive
2322 2445 2476 2492 extra
2509 2439 2684 2508 ipsum
2717 2438 2934 2508 positis,
2968 2447 3023 2491 et
3048 2438 3239 2494 iisdem
3261 2440 3556 2492 momentis
3587 2441 3782 2492 orien-

2183 2530 2351 2594 tibus,
2377 2531 2522 2584 velut
2550 2530 2722 2598 signis
2790 2545 2855 2583 ac
2888 2530 3154 2586 limitibus
3202 2531 3649 2600 descripserunt.
3699 2530 3780 2582 Ita

2183 2624 2381 2694 quippe
2409 2622 2606 2678 Sextus
2633 2622 2940 2693 Empiricus
2969 2623 3148 2688 docet,
3178 2623 3338 2693 primi
3371 2623 3780 2676 dodecatemo—

2181 2715 2250 2770 rii
2296 2714 2579 2785 designato
2634 2715 2925 2785 principio,
2972 2723 3167 2769 caetera
3219 2714 3475 2783 aequabili
3523 2714 3780 2782 partium

2182 2807 2578 2876 aequinoctialis
2638 2807 2906 2863 divisione
2949 2823 3071 2863 esse
3121 2816 3427 2862 numerata.
3483 2806 3781 2872 Quamob-

2184 2911 2300 2951 rem
2358 2896 2450 2966 qui
2497 2896 2640 2950 bona
2671 2895 2775 2950 fide
2822 2911 2886 2950 ac
2913 2897 3056 2951 serio
3073 2895 3327 2951 cardines
3366 2897 3422 2949 in
3454 2895 3661 2950 mediis
3689 2898 3778 2950 εἶ-

2186 2986 2328 3057 gnis,
2367 2987 2452 3042 vel
2486 2988 2718 3050 Octavis,
2748 2988 2980 3056 aliisque
3018 2988 3268 3056 partibus
3305 2989 3575 3045 tixerunt.
3627 2988 3780 3041 veri-

2183 3075 2361 3130 simile
2385 3082 2469 3130 est
2488 3091 2584 3132 eos
2615 3076 2832 3130 initium
2873 3076 3038 3144 primi
3076 3075 3508 3130 dodecatemorii
3543 3090 3658 3129 non
3704 3078 3780 3130 ab

2185 3162 2300 3233 ipsa
2326 3165 2723 3235 aequinoctialis
2773 3172 2827 3219 et
2856 3164 3064 3220 zodiaci
3095 3157 3487 3221 intErsectione
3516 3167 3774 3236 cepisse;

2183 3259 2281 3312 sed
2313 3257 2593 3326 aliquanto
2619 3265 2745 3312 ante
2777 3256 2954 3328 spatio
2995 3275 3009 3310 :
3043 3256 3190 3328 quod
3217 3257 3273 3311 in
3302 3258 3534 3327 reliquis
3573 3259 3775 3313 deinde

2182 3356 2458 3403 servatum
2493 3356 2596 3403 est.
2627 3346 2767 3401 Cum
2811 3357 2991 3401 autem
3019 3346 3089 3401 ab
3139 3346 3340 3415 insigni
3384 3347 3577 3416 aliqua
3613 3348 3775 3401 stella

2180 3456 2362 3496 vernae
2393 3440 2730 3510 tempestatis
2765 3439 2978 3493 initium
3014 3439 3283 3508 auspicati
3332 3439 3465 3502 sint,
3500 3441 3584 3492 uti
3627 3438 3775 3492 dixi-

2183 3546 2326 3597 mus,
2356 3531 2590 3600 eligatur
2611 3529 2769 3583 stella
2807 3528 2919 3591 illa,
2951 3542 3074 3596 quae
3111 3526 3167 3580 in
3205 3525 3551 3594 praecedente
3594 3539 3773 3579 cornu

2183 3631 2266 3674 est
2293 3619 2512 3673 Arietis.
2546 3616 2620 3670 Ea
2641 3633 2706 3671 ex
2741 3615 3155 3670 accuratissima
3181 3611 3458 3683 Tychonis
3503 3612 3774 3664 observa-

2185 3713 2333 3766 tione
2361 3725 2505 3764 anno
2530 3709 2735 3764 Christi
2777 3721 2880 3762 unc
2926 3708 3033 3760 sita
3081 3715 3200 3760 erat
3247 3706 3302 3757 in
3343 3703 3517 3774 gradu
3563 3704 3776 3757 Arietis

2181 3803 2273 3870 27,
2300 3803 2404 3866 36',
2459 3801 2617 3872 cujus
2643 3800 2873 3855 latitudo
2916 3797 3182 3871 graduum
3219 3805 3302 3850 est
3333 3796 3383 3858 7,
3410 3795 3773 3860 8'.Quoniam

2190 3911 2320 3950 vero
2357 3895 2606 3950 stellatus
2649 3893 2800 3948 orbis
2851 3892 2909 3946 in
2962 3887 3352 3960 consequentia
3402 3897 3678 3947 movetur,
3721 3894 3777 3938 et

2186 3987 2349 4041 annis
2376 3986 2597 4040 circiter
2618 3984 2833 4039 duobus
2855 3991 2910 4038 et
2944 3981 3284 4053 septuaginta
3321 3977 3556 4049 gradum
3585 3976 3781 4032 absolc

2185 4081 2263 4135 vit
2318 4093 2508 4141 unum,
2568 4075 2694 4131 inde
2747 4077 2995 4146 sequitur
3037 4082 3162 4128 ante
3209 4073 3418 4142 aliquot
3472 4071 3679 4124 saecula
3718 4070 3776 4122 in

2187 4171 2366 4241 ipsum
2415 4183 2597 4223 verna:
2641 4167 2899 4222 sectionis
2952 4175 3209 4234 punctum
3259 4159 3521 4214 incidisse
3550 4161 3778 4214 stellam

2187 4264 2368 4325 istam,
2412 4275 2475 4314 ac
2505 4275 2696 4314 rursus
2739 4257 3140 4327 antiquioribus
3184 4253 3403 4308 saeculis
3443 4251 3580 4304 illud
3619 4261 3781 4305 ante-

2187 4354 2421 4408 venisse.
2467 4349 2667 4405 Verum
2691 4365 2800 4403 non
2825 4357 2935 4402 tam
2965 4346 3071 4400 loci
3102 4347 3297 4415 ipsius,
3329 4345 3419 4413 qui
3461 4344 3514 4396 in
3539 4343 3781 4398 zodiaco

2189 4447 2357 4502 stella:
2378 4443 2654 4513 competit,
2684 4442 2888 4512 quique
2919 4438 3224 4493 latitudinis
3257 4437 3473 4490 circulo
3517 4435 3784 4505 designa-

510 4528 613 4582 bac
639 4527 692 4582 in
721 4544 800 4592 re,
830 4545 991 4599 quam
1013 4528 1325 4585 Columella;
1347 4529 1418 4584 sit
1441 4530 1607 4596 ﬁdes;
1648 4539 1706 4585 ut
1731 4531 1822 4600 qui
1855 4540 2007 4586 tanto
2029 4541 2084 4587 et
2113 4542 2161 4601 D
2188 4548 2297 4601 tur,
2322 4551 2485 4606 quam
2518 4533 2860 4589 ascensionis
2884 4532 3029 4587 illius
3069 4531 3306 4598 obliqua:
3342 4527 3596 4582 ducenda
3636 4531 3785 4583 ratio

509 4619 802 4690 antiquior,
843 4629 898 4674 et
946 4620 1139 4674 barum
1194 4636 1377 4676 rerum
1430 4621 1823 4691 intelligentior
1857 4664 1873 4690 ,
1917 4632 1972 4678 et
2024 4626 2076 4677 in

509 4717 947 4764 astronomorum
1008 4719 1251 4766 veterum
1300 4713 1534 4769 lectione
1589 4712 1859 4779 detritior,
1914 4731 2079 4786 quam

507 4801 828 4866 Columella,
859 4801 1042 4856 fuerit.
1075 4801 1139 4856 Et
1169 4811 1350 4858 tamen
1370 4804 1533 4873 hujus
1559 4806 1885 4860 auctoritate
1910 4808 2081 4875 pleri-

506 4905 615 4959 que
655 4905 844 4945 omnes
879 4890 1225 4946 adducuntur
1252 4891 1434 4956 hodie,
1467 4903 1524 4948 ut
1548 4895 1944 4964 antiquissimis
1981 4912 2080 4952 sa:-

509 4981 646 5036 culis
693 4982 1006 5037 existiment
1042 4984 1252 5039 octavis
1300 4985 1546 5054 partibus
1589 4986 1868 5056 signorum
1909 4987 2112 5059 arqui-'

507 5075 689 5129 noctia
710 5083 763 5130 et
780 5077 1013 5130 solstitia
1031 5079 1100 5132 ab
1117 5081 1444 5133 astronomia
1457 5079 1701 5133 mandari
1719 5079 1899 5134 solita.
1923 5079 2078 5145 Quod

507 5181 619 5236 pra:
645 5167 856 5221 caeteris
885 5167 1044 5222 enixe
1071 5175 1254 5222 tuetur
1291 5165 1536 5238 Scaliger
1577 5186 1592 5223 :
1630 5171 1738 5223 imo
1768 5170 1989 5224 unicum
2027 5171 2079 5224 id

507 5257 598 5311 ille
623 5255 1031 5310 fundamentum
1067 5257 1116 5312 ei
1152 5257 1414 5311 doctrinae
1453 5258 1745 5321 substruit,
1804 5274 1968 5328 quam
2013 5259 2081 5315 de

506 5346 819 5401 Graecorum
842 5355 1267 5418 cazterorumque
1288 5349 1610 5420 populorum
1647 5351 1806 5406 annis
1836 5351 2081 5421 explica-

505 5441 603 5493 vit.
637 5441 741 5496 Sed
783 5457 959 5512 neque
1013 5442 1257 5497 funditus
1289 5444 1596 5512 negaverim
1626 5443 1815 5510 fuisse,
1839 5445 2075 5514 quiante

507 5531 872 5601 Hipparchum
905 5535 1156 5589 cardines
1185 5536 1312 5599 alio,
1345 5552 1504 5606 quam
1538 5537 1592 5590 in
1622 5538 1902 5606 signorum
1923 5538 2079 5592 initia

505 5625 838 5679 contulerint
875 5645 888 5680 :
921 5627 1063 5696 quod
1127 5627 1412 5691 Geminus,
1459 5629 1788 5693 Columella,
1837 5630 2078 5686 Achilles

506 5714 719 5778 Tatius,
741 5718 940 5787 aliique
983 5718 1336 5784 conﬁrmant;
1376 5728 1432 5774 et
1467 5735 1497 5774 a
1528 5710 1675 5774 Julio
1705 5720 1952 5786 (lassare,
2007 5737 2076 5776 ex

505 5811 780 5861 communi
811 5807 998 5876 utique
1046 5824 1108 5864 ac
1140 5820 1355 5884 recepta
1393 5813 1685 5882 sententia,
1723 5813 1864 5868 idem
1896 5813 1951 5867 in
1987 5828 2083 5869 an-

2187 4639 2292 4692 est,
2329 4639 2388 4682 ut
2415 4643 2576 4697 quam
2612 4628 2667 4681 in
2699 4636 2908 4696 partem
2931 4621 3362 4680 dodecatemorii
3377 4620 3786 4690 aequinoctium

2181 4720 2498 4786 incurrerit,
2523 4718 2794 4773 aestimare
2827 4716 3122 4786 possimus.

2251 4811 2533 4866 Scribebat
2562 4806 2628 4861 ad
2654 4821 2742 4860 me
2757 4803 3085 4860 Godefridus
3113 4801 3472 4865 Vendelinus,
3489 4801 3576 4855 vir
3600 4809 3786 4857 astro-

2181 4904 2378 4956 nomia:
2403 4897 2728 4968 cumprimis
2766 4896 2998 4966 peritus,
3033 4895 3181 4949 circa
3201 4908 3406 4946 annum
3441 4901 3574 4946 ante
3616 4893 3784 4958 Chri-

2182 4993 2252 5047 sti
2287 4993 2450 5046 aerani
2500 4989 2660 5053 1263,
2696 4989 2790 5058 qui
2837 4995 2922 5042 est
2947 4986 3159 5057 periodi
3207 4985 3338 5039 Julii
3381 4985 3547 5047 5450,
3606 4987 3787 5041 videri

2181 5093 2395 5152 tempus
2451 5081 2583 5136 illud
2634 5080 2825 5145 fuisse,
2879 5095 2990 5148 quo
3031 5079 3285 5134 ascensio
3335 5080 3530 5148 primae
3572 5079 3786 5135 Arietis

2182 5177 2350 5234 stellae
2382 5174 2695 5245 quindecim
2716 5172 2977 5243 gradibus
3003 5170 3361 5225 antecedebat
3381 5171 3787 5240 aequinoctium

2181 5282 2429 5322 vernum.
2468 5264 2594 5331 Quo
2633 5264 2798 5319 etiam
2846 5272 3093 5332 tetnporc
3134 5262 3435 5318 Neomenia
3485 5261 3700 5327 Τὶιυιιι,
3732 5274 3786 5318 et

2181 5367 2335 5413 ortus
2381 5356 2665 5418 caniculae,
2718 5362 2774 5410 et
2820 5355 3144 5418 solstitium,
3195 5368 3261 5408 ac
3313 5354 3675 5408 novilunium
3731 5357 3784 5409 in

2181 5447 2430 5503 eumdem
2456 5447 2600 5501 diem
2656 5444 2989 5509 inciderunt,
3038 5444 3132 5514 qui
3177 5453 3298 5498 erat
3336 5441 3468 5497 Julii
3528 5446 3785 5514 quintus,

2183 5541 2347 5610 idque
2375 5540 2430 5593 in
2461 5537 2862 5607 Heliopolitano
2905 5542 3090 5590 tractu
3122 5555 3134 5588 :
3168 5534 3317 5604 quod
3349 5535 3417 5588 ad
3449 5537 3788 5591 memoriam

2182 5629 2522 5699 posteritatis
2552 5628 2764 5697 insigne
2793 5625 3009 5680 initium
3038 5625 3192 5681 dedit
3227 5625 3510 5681 Sothiacae
3528 5628 3789 5696 periodo.

2183 5722 2341 5792 cujus
2371 5721 2615 5777 meminit
2641 5719 2890 5774 Clemens
2919 5717 3329 5786 Alexandrinus
3375 5718 3584 5774 Slrom.
3619 5720 3667 5782 I,
3699 5722 3789 5774 ubi

2186 5812 2444 5870 trecentis
2466 5809 3104 5882 quadragintaquinque
3139 5812 3304 5866 annis
3338 5819 3466 5881 post
3498 5811 3794 5884 migratio-
