4022 6398
283 356 420 412 1555

1093 355 1556 412 DISSERTATIO
1593 356 1683 411 DE
1721 353 1909 414 ORTU
1949 355 2037 413 ET
2077 357 2347 416 OCCASU
2393 356 2722 415 SIDERUM.
2783 387 2788 390 -

3375 360 3398 412 Ι
3409 353 3516 415 εει

280 487 405 526 nem
439 470 803 530 lsraelitarnm
831 487 898 527 ex
923 471 1178 544 zEgypto,
1226 474 1509 544 periodum
1548 475 1690 529 hanc
1730 490 1844 530 (ξω-
1871 484 1918 540 Λ
1944 476 2194 533 cardines
2221 478 2274 531 in
2292 477 2537 533 eamdem
2554 476 3120 534 dodecatemoriorum
3144 491 3368 532 suorum
3387 492 3516 547 par-

281 560 428 630 pisse
479 562 690 616 scribit.
727 563 804 616 Ita
840 562 894 616 in
927 563 1138 620 Graeco.
1181 564 1252 619 At
1281 565 1552 636 interpres
1586 567 1848 636 quadrin-

279 659 472 719 gentos
513 654 714 722 posuit.
742 653 846 708 Per
873 653 1012 708 idem
1065 665 1280 725 tempus
1324 666 1440 711 erat
1479 659 1651 727 prima
1694 661 1849 713 stella

279 744 486 800 Arietis
516 746 570 799 in
609 746 779 814 gradu
814 745 1052 801 Piscium
1091 748 1179 810 17,
1229 749 1329 812 12’,
1382 760 1436 804 et
1473 750 1850 820 a'quinoctiale

279 842 540 905 punctum
577 839 934 894 antecedebat
959 839 1218 908 gradibus
1247 841 1330 904 12,
1350 843 1452 905 κὶὃν,
1483 843 1586 897 hoc
1611 853 1692 899 est
1711 851 1850 898 tem-

281 926 509 995 poribus
552 930 1023 986 ascensionalibus
1051 933 1381 999 quindecim.
1425 934 1566 990 Sane
1599 935 1703 989 isto
1732 936 1850 1004 ipso

281 1033 426 1071 anno
455 1006 681 1087 primam
710 1019 911 1076 Arietis
940 1039 1003 1077 ex
1035 1024 1290 1079 methodo
1322 1033 1510 1080 nostra
1539 1027 1848 1097 deprehen-

280 1111 462 1166 dimus
491 1112 544 1164 in
581 1109 818 1167 Piscium
845 1115 932 1178 Π,
972 1115 1052 1170 50'
1087 1135 1100 1170 ε
1132 1118 1382 1172 ascensio
1411 1126 1556 1173 recta
1586 1120 1848 1189 graduum

279 1201 418 1264 546;
446 1202 663 1270 obliqua
695 1220 822 1258 vero
848 1203 1102 1275 Memphi,
1150 1215 1244 1260 aut
1268 1206 1553 1278 Heliopoli,
1583 1211 1849 1279 graduum

279 1291 416 1355 5-15,
459 1292 524 1353 ϐ’,
577 1294 648 1346 ita
700 1303 758 1348 ut
811 1296 1119 1364 quindecim
1158 1299 1418 1368 gradibus
1464 1302 1847 1371 a3quinoctium

280 1385 579 1438 antecedat.
605 1384 952 1440 Novilunium
985 1404 1171 1442 verum
1202 1390 1256 1444 in
1283 1373 1476 1446 eodem
1503 1402 1682 1447 tractu
1710 1409 1853 1448 com-

288 1474 519 1528 missum
558 1476 788 1531 estJulii
825 1495 896 1540 IV,
925 1479 1056 1532 hora
1082 1480 1166 1544 12,
1198 1481 1302 1540 46’.
1344 1498 1467 1538 cum
1504 1485 1657 1540 locus
1688 1501 1849 1540 verus

240 1574 245 1580 ’
279 1565 416 1620 solis
441 1574 589 1622 esset
623 1569 676 1622 in
727 1568 1078 1626 Geminorum
1121 1573 1210 1638 29,
1254 1574 1355 1629 19’.
1394 1575 1572 1642 Quare
1603 1580 1849 1646 sequenti

283 1655 390 1734 die,
429 1657 561 1712 hora
589 1659 778 1728 quinta
814 1663 1076 1716 matutina
1126 1663 1180 1717 in
1216 1665 1336 1735 ipso
1374 1665 1568 1722 Cancri
1615 1671 1849 1724 solstitio

279 1745 404 1801 fuit.
433 1746 486 1800 In
534 1749 727 1803 eodem
771 1751 970 1806 Cancri
1015 1754 1184 1824 gradu
1231 1757 1406 1826 primo
1443 1760 1761 1814 versabatur
1793 1772 1848 1816 et

1948 573 2056 622 tem
2089 566 2398 632 inciderint,
2432 575 2655 638 quotam
2695 568 2752 621 in
2806 568 2981 637 primo
3029 567 3231 624 Arietis
3269 570 3515 640 aequino-

1948 655 2118 710 ctium
2146 671 2371 710 vernum
2399 665 2714 726 occuparat.

2021 747 2134 802 Sub
2159 749 2373 802 initium
2407 765 2529 804 serae
2553 748 2943 816 Nabonassari,
2975 765 3098 804 cum
3121 748 3325 807 Arietis
3356 752 3512 808 stella

1947 838 2004 892 in
2039 837 2276 892 Piscium
2320 839 2490 909 gradu
2545 841 2649 894 sita
2689 849 2835 895 esset
2870 840 2962 904 25,
3013 841 3067 894 in
3111 840 3514 912 HeliOpolitano

1951 937 2127 984 tractu
2170 931 2390 999 obliqua
2421 929 2523 984 fuit
2566 931 2818 1001 ascensio
2861 930 3125 1000 graduum
3157 932 3281 998 550,
3309 949 3374 987 ac
3417 933 3514 989 de-

1950 1035 2067 1075 cem
2095 1021 2353 1090 gradibus
2375 1021 2703 1090 aequinoctio
2733 1029 2852 1076 erat
2881 1022 3141 1078 anterior.
3175 1024 3300 1094 Cyri
3325 1039 3511 1094 porro,

1950 1110 2296 1192 ac‘Thalctis
2340 1112 2562 1175 saeculo,
2607 1113 2662 1165 in
2695 1113 2886 1167 eodem
2935 1115 3066 1176 situ,
3109 1113 3310 1170 Arietis
3356 1117 3514 1172 stella

1947 1202 2058 1273 jam
2110 1205 2175 1259 ad
2209 1205 2446 1260 Piscium
2488 1204 2558 1259 28
2591 1220 2904 1276 progressa,
2952 1209 3202 1262 ascensio
3232 1208 3334 1262 fuit
3375 1210 3516 1265 obli-

1952 1310 2058 1364 qua
2084 1294 2348 1364 graduum
2392 1294 2515 1359 55:2,
2548 1303 2711 1362 atque
2749 1298 2802 1348 in
2834 1303 3025 1350 octavo
3055 1297 3224 1366 gradu
3263 1299 3516 1352 commit-

1950 1385 2167 1440 tebatur
2197 1386 2605 1455 :equinoctium.
2638 1384 2760 1440 l'lmc
2794 1387 2846 1438 in
2887 1386 3054 1442 certis
3085 1388 3364 1457 signorum
3390 1403 3515 1458 par-

1951 1476 2098 1531 tibus
2127 1477 2535 1532 statuendorum
2567 1476 2850 1530 cardinum
2882 1476 3022 1530 ratio
3046 1464 3338 1532 identidem
3359 1478 3518 1533 adbi-

1950 1567 2067 1621 beri
2112 1567 2309 1636 potuit,
2346 1568 2647 1622 secundum
2691 1583 2753 1622 ea
2790 1582 2911 1638 quae
2945 1584 2977 1622 e
3025 1565 3191 1624 Sexto
3241 1567 3514 1639 Empirico

1949 1674 2072 1729 cap.
2104 1658 2120 1711 l
2151 1659 2571 1714 declaravimus.

2023 1751 2128 1805 Sed
2177 1766 2286 1804 non
2339 1753 2520 1804 minus
2559 1757 2612 1804 et
2645 1750 2735 1804 illa
2783 1749 3080 1820 probabilis
3129 1759 3251 1818 est,
3295 1767 3416 1821 quze
3446 1767 3515 1806 ex
3593 1811 3597 1819 ,

280 1839 478 1904 Sirius,
512 1841 606 1910 qui
631 1851 743 1896 tum
788 1853 970 1898 ortum
1004 1849 1327 1901 matutinum
1373 1865 1494 1904 cum
1521 1853 1636 1906 sole
1680 1852 1848 1908 facie-

1952 1839 2254 1911 liipparcho
2298 1841 2608 1911 colligitur,
2657 1841 2712 1894 in
2761 1857 2868 1910 qua
2928 1843 3206 1896 stellarum
3263 1843 3402 1912 situs
3455 1843 3514 1897 in

282 1930 376 1986 bat
406 1933 578 2001 prima
611 1934 698 1988 die
720 1933 919 2000 Thoth,
955 1953 1076 2008 qua:
1103 1941 1154 1993 in
1185 1941 1434 1996 eumdem
1470 1943 1660 1998 incidit
1683 1945 1845 2000 diem.

349 2024 466 2080 Non
492 2027 718 2082 dubium
750 2037 833 2085 est
862 2031 994 2101 quin
1034 2032 1370 2090 admirabilis
1395 2035 1481 2090 hic
1517 2052 1693 2091 rerum
1717 2053 1851 2108 qua-

278 2128 404 2170 tuor
437 2117 490 2171 in
527 2119 668 2174 idem
701 2128 915 2191 tempus
948 2139 1275 2188 concursus,
1302 2126 1611 2183 Neomenia:
1647 2129 1847 2194 Thnth,

276 2209 422 2263 lunae
462 2210 655 2279 ipsius,
689 2220 844 2268 ortus
873 2214 1006 2269 Sirii
1038 2224 1092 2271 et
1114 2218 1357 2282 solstitii,
1388 2219 1529 2289 apud
1563 2219 1850 2291 (Egyptios

275 2301 609 2371 singularem
653 2304 1084 2361 observationem
1133 2311 1412 2376 meruerit,
1469 2319 1530 2364 ut
1571 2310 1686 2366 haec
1723 2327 1850 2381 pro-

276 2391 405 2447 inde
428 2394 659 2464 insignis
684 2397 892 2465 epocha
942 2396 1128 2462 fuerit,
1173 2402 1392 2455 tametsi
1438 2403 1583 2455 nulla
1623 2402 1744 2472 ejus
1793 2404 1849 2457 in

274 2484 646 2540 monumentis
672 2495 914 2540 veterum
945 2490 1206 2543 memoria
1249 2492 1508 2560 supersit.
1555 2494 1730 2563 Atque
1757 2494 1848 2549 ille

277 2573 494 2628 demum
527 2591 703 2631 annus
726 2585 851 2632 ante
878 2577 1172 2647 Trojanum
1191 2582 1461 2636 excidium
1480 2585 1844 2651 centesimus;

275 2673 401 2733 post
426 2667 803 2734 migrationem
831 2684 896 2722 ex
949 2668 1202 2740 IEgypto,
1249 2672 1660 2730 ducentesimus
1700 2677 1850 2732 vice.

274 2754 450 2810 simus
502 2757 766 2826 septimus
824 2767 1042 2827 putatur
1072 2762 1126 2813 in
1178 2769 1364 2816 nostra
1395 2764 1776 2838 Chronologia,
1815 2783 1848 2822 a

274 2861 386 2914 quo
409 2846 534 2915 jure
567 2847 785 2917 quidem
821 2848 1072 2905 Sothiaca
1102 2853 1358 2922 periodus
1379 2855 1623 2911 inchoari
1649 2859 1844 2928 potuit.

349 2939 489 2993 Hinc
525 2940 660 2995 illud
703 2939 992 3012 Porphyrii
1038 2944 1176 2998 libro
1197 2945 1273 2999 De
1315 2956 1467 3000 antro
1505 2950 1850 3018 nympharum

274 3031 419 3087 idem
481 3031 816 3088 Vendelinus
873 3036 1114 3105 exponit,
1180 3052 1304 3090 cum
1363 3040 1436 3092 ait
1486 3039 1772 3111 Egyptios
1819 3059 1850 3096 a

274 3123 509 3190 Cancro,
536 3126 613 3178 uti
658 3119 934 3181 Roma'iios
991 3143 1020 3180 a
1067 3127 1422 3198 Capricorno,
1460 3147 1660 3188 annum
1713 3133 1851 3188 inci-

1947 1933 2314 2003 aequinoctiali
2344 1934 2426 1988 vel
2451 1934 2833 2004 :equidistante
2850 1935 3058 1990 circulo
3076 1935 3396 2006 designatur
3417 1951 3516 2006 per

1949 2028 2168 2079 coluros
2195 2040 2225 2077 a
2245 2024 2433 2078 mundi
2465 2027 2590 2094 polo
2622 2041 2718 2094 per
2758 2033 3008 2080 centrum
3057 2027 3226 2082 stellas
3255 2027 3513 2096 trajectos

1949 2116 2016 2169 ad
2066 2115 2524 2185 aequinoctialem.
2580 2115 2732 2170 Hanc
2777 2118 2824 2171 si
2879 2117 3180 2187 sequimur,
3234 2118 3514 2188 aliquanto

1947 2206 2112 2262 etiam
2143 2206 2484 2262 commodius
2510 2207 2735 2275 incidet,
2762 2217 2978 2262 utanno
3007 2210 3122 2272 illo,
3157 2225 3316 2279 quem
3348 2224 3515 2280 supra

1949 2297 2294 2354 deﬁnivimus
2356 2306 2435 2354 tot
2490 2315 2672 2353 rerum
2727 2315 3001 2355 concursu
3067 2301 3510 2364 memorabilem,

1947 2392 2329 2462 aequinoctium
2369 2392 2425 2446 in
2468 2401 2620 2462 parte
2655 2391 2722 2445 15
2752 2393 3051 2462 contingat.
3085 2391 3220 2447 Nam
3264 2393 3512 2447 ascensio

1947 2490 2097 2538 recta
2119 2485 2349 2554 partium
2376 2482 2647 2537 invenitur
2680 2483 2802 2548 546,
2827 2499 2968 2538 anno
2990 2483 3194 2554 periodi
3215 2480 3323 2538 Jul.
3346 2484 3510 2548 5l50,

1947 2577 2022 2630 ita
2051 2585 2111 2630 ut
2143 2577 2523 2645 :equinoctium
2553 2577 2774 2646 praecise
2809 2576 2863 2630 in
2895 2577 3122 2647 gradum
3149 2577 3216 2632 15
3243 2577 3510 2632 incurrat.

1946 2665 2108 2720 Anno
2151 2681 2279 2721 vero
2316 2664 2686 2720 Nabonassari
2733 2666 2909 2734 primo
2951 2665 3159 2734 periodi
3204 2663 3312 2721 Jul.
3345 2665 3509 2730 5967,

1949 2759 2202 2814 ascensio
2251 2765 2399 2812 recta
2451 2758 2686 2826 partium
2738 2764 2855 2812 erat
2896 2756 3020 2824 552,
3063 2756 3178 2824 διίῖ;
3211 2763 3513 2829 octavoque

1950 2850 2077 2904 inde
2109 2849 2274 2919 gradu
2307 2849 2688 2918 aequinoctium
2718 2848 2897 2903 ﬁebat.

2019 2942 2145 2997 Ηωο
2176 2942 2444 3012 posterior
2471 2940 2757 2997 methodus
2787 2943 2955 3006 priori
2980 2942 3086 2998 non
3115 2955 3182 2999 Eo
3210 2944 3383 3000 solum
3412 2958 3514 2998 no-

1949 3035 2097 3089 mine
2127 3034 2464 3103 praaferenda
2494 3034 2661 3098 venit,
2697 3035 2842 3104 quod
2865 3036 3108 3091 eamdem
3134 3052 3256 3090 cum
3292 3037 3383 3090 illa
3411 3051 3513 3107 0p-

1951 3129 2342 3196 portunitatem
2369 3125 2620 3188 aﬂ‘erens,
2667 3126 2770 3181 hoc
2807 3127 2969 3183 habet
3006 3128 3249 3198 insuper,
3285 3139 3343 3183 ut
3381 3127 3515 3199 Hip-

274 3229 439 3283 pere,
469 3223 631 3283 atque
672 3215 740 3269 ab
795 3224 988 3270 exortu
1037 3191 1274 3274 Sothios.
1337 3221 1653 3288 Αἰγυπτίοις
1702 3224 1845 3294 ἀρχὴ
1875 3191 1916 3247 C
1950 3191 2137 3287 parchi
2171 3226 2543 3286 veterumque,
2595 3230 2662 3270 eo
2709 3228 2879 3283 teste,
2926 3219 3120 3272 rationi
3173 3218 3348 3289 magis
3385 3233 3514 3272 con-

277 3303 434 3366 ετους
465 3304 562 3374 οὐχ
596 3304 896 3375 Ὑδροχόος,
932 3306 1007 3369 ὡς
1049 3306 1354 3378 Ῥωμαίοις,
1385 3309 1519 3362 ἀλλὰ
1553 3312 1843 3381 Καρκίνος.

274 3395 425 3466 Πρὸς
453 3395 560 3468 γὰρ
586 3395 663 3465 τῷ
694 3395 950 3467 Καρκίνῳ
983 3399 1014 3468 ἡ
1049 3398 1240 3465 Σῶθις,
1264 3402 1328 3472 ἣν
1361 3401 1536 3464 Κυνὸς
1573 3402 1775 3473 ἀστέρα
1799 3404 1848 3457 οἱ

275 3490 534 3561 Ἕλληνές
578 3508 729 3560 φασι.
764 3493 1048 3563 Νουμηνία
1081 3495 1125 3548 δ’
1169 3497 1349 3560 αὐτοῖς
1383 3499 1415 3568 ἡ
1466 3497 1689 3562 Σώθεως
1722 3500 1851 3553 ἀνα.-

271 3582 419 3652 τολὴ,
479 3583 745 3651 γενέσεως
799 3584 1145 3655 κατάρχουσα
1188 3587 1286 3656 τῆς
1343 3590 1422 3652 εἰς
1473 3588 1562 3642 τὸν
1622 3590 1846 3661 κόσμον.

283 3672 578 3744 «{Aﬂgyptii
609 3690 811 3728 annum
842 3677 1132 3730 ordiuntur
1164 3693 1269 3732 non
1297 3679 1364 3732 ah
1381 3679 1638 3749 Aquario,
1657 3691 1715 3735 ut
1741 3680 1852 3737 Ro-

276 3766 422 3817 mani
445 3784 458 3830 ;
483 3766 575 3820 sed
600 3781 628 3819 a
648 3767 874 3821 Cancro.
891 3767 1026 3823 Huic
1042 3769 1183 3823 enim
1203 3770 1357 3824 aliixa
1374 3770 1553 3826 Sothis
1565 3780 1666 3839 est,
1686 3789 1850 3843 quam

276 3853 441 3911 Canis
477 3858 688 3912 stellam
715 3859 886 3915 Graeci
916 3862 1225 3917 nominant.
1243 3861 1535 3919 Estautem
1561 3865 1695 3934 ipsis
1713 3865 1852 3921 Neo—

277 3948 456 4001 menia
489 3945 720 4005 Sotheos
763 3961 1011 4017 exortus,
1045 3970 1167 4024 qua:
1209 3956 1415 4010 mundo
1457 3957 1850 4026 procreationis

277 4033 491 4092 initium
513 4038 681 4094 dedit.
719 4061 736 4093 ι
773 4041 874 4097 Hie
903 4045 970 4098 de
1000 4045 1159 4099 initio
1189 4045 1387 4101 Cancri
1423 4048 1573 4117 loqui
1605 4048 1846 4104 videtur.

278 4126 456 4193 Quare
491 4137 700 4198 tempus
719 4131 847 4186 illud
872 4135 1212 4202 potissimum
1252 4137 1520 4208 intelligit,
1545 4151 1655 4206 quo
1680 4145 1840 4192 ortus

277 4224 551 4276 cosmicus
583 4221 709 4276 Sirii
739 4223 792 4276 in
816 4224 1013 4280 Cancri
1053 4226 1382 4296 principium
1415 4228 1670 4282 incurrit.
1715 4228 1856 4295 Quo-

277 4315 422 4367 circa
451 4353 466 4377 ,
503 4313 570 4376 si,
613 4323 672 4368 ut
716 4314 913 4370 Sextus
956 4316 1265 4386 Empiricus
1305 4325 1359 4374 et
1411 4319 1720 4376 Macrobius
1754 4321 1853 4374 do-

280 4412 427 4467 cent,
463 4404 898 4461 dodecatemoria
915 4407 1146 4475 primum
1177 4424 1244 4463 ex
1276 4409 1654 4466 observatione
1684 4412 1853 4467 stellae

1950 3317 2210 3366 sentanea
2236 3310 2330 3374 sit,
2361 3310 2454 3365 sed
2479 3311 2640 3365 etiam
2673 3311 2819 3382 quod
2849 3309 2977 3364 illud
3010 3309 3248 3368 exhibet.
3281 3319 3340 3364 ut
3364 3310 3513 3364 circa

1946 3400 2316 3458 Nahonassari
2369 3404 2630 3472 epochani
2686 3405 2742 3458 in
2787 3411 3031 3456 octavam
3088 3401 3512 3455 dodecatemorii

1949 3505 2156 3565 partem
2180 3495 2566 3566 aequinoctium
2595 3501 2883 3565 competat.
2915 3492 3041 3552 Huic
3067 3495 3210 3549 enim
3243 3508 3310 3547 ex
3336 3492 3514 3546 omni.

1950 3585 2054 3640 bus
2081 3585 2282 3639 usitata
2321 3585 2556 3640 maxime
2585 3600 2649 3639 ac
2679 3585 2892 3654 longius
2935 3584 3000 3637 ad
3031 3591 3279 3654 posteros
3314 3596 3514 3652 propa-

1952 3687 2074 3748 gata
2101 3677 2317 3732 videtur
2339 3677 2546 3746 opinio,
2575 3691 2696 3746 quae
2723 3676 2972 3731 cardines
2993 3675 3202 3729 octavis
3231 3673 3514 3744 signorum

1951 3768 2199 3837 partibus
2230 3767 2472 3838 illigahat
2507 3768 2686 3838 :quod
2720 3767 2855 3822 adeo
2882 3767 2982 3821 sub
3027 3765 3310 3820 exordium
3355 3764 3517 3829 nobi-

1951 3860 2174 3916 lissimae
2195 3860 2340 3916 illius
2365 3876 2486 3916 tera:
2513 3861 2865 3915 constitutum
2896 3875 2925 3913 a
2956 3858 3220 3914 Chaldaeis
3252 3857 3306 3911 in
3339 3854 3517 3928 Baby;

1952 3953 2099 4006 lonia
2133 3952 2302 4008 fuisse
2336 3953 2460 4024 jure
2493 3953 2761 4024 suspicari
2805 3953 2950 4016 licet,
2997 3951 3229 4021 indeque
3259 3950 3327 4004 ad
3357 3956 3518 4006 caete-

1952 4058 2046 4098 1'08
2078 4058 2352 4099 manasse.

2021 4134 2340 4189 Ammianus
2384 4133 2730 4190 Marcellinus
2775 4134 2912 4190 libro
2937 4131 3124 4200 XXVI,
3166 4131 3260 4187 ubi
3290 4129 3356 4186 de
3387 4129 3519 4186 bis-

1953 4231 2109 4277 sexto
2135 4224 2265 4292 agit,
2291 4225 2531 4280 indicare
2552 4226 2767 4281 videtur
2796 4226 2854 4280 in
2879 4225 3081 4280 Arietis
3103 4222 3343 4280 secunda
3364 4227 3519 4292 parte

1953 4298 2229 4368 cardinem
2266 4322 2520 4369 constare
2547 4331 2612 4370 ex
2648 4325 3088 4370 astronomorum
3122 4320 3366 4368 veterum
3391 4326 3520 4367 sen-

1956 4403 2155 4467 tentia;
2189 4419 2312 4457 nam
2355 4403 2642 4469 Metonem,
2683 4404 3084 4469 Euctemnnem,
3122 4401 3514 4474 Hipparchum,

277 4496 604 4565 cujuspiam,
635 4505 688 4553 et
713 4498 1136 4555 succedentibus
1161 4501 1546 4556 ascensionum
1585 4503 1846 4573 gradibus
1877 4503 2006 4583 Del
2058 4495 2435 4551 Arellimedem
2492 4503 2779 4558 recenset.
2840 4503 2894 4550 ει
2946 4511 3148 4550 annum
3216 4501 3520 4583 τετίθηῑθπι

275 4587 525 4656 aequabili
556 4587 849 4656 partitione
872 4589 1172 4644 constituta
1187 4597 1336 4652 sunt,
1363 4593 1442 4645 uti
1471 4593 1652 4662 capite
1670 4594 1847 4663 primo

277 4677 648 4742 meminimus,
689 4679 866 4748 potuit
911 4695 1010 4749 per
1047 4679 1182 4734 illud
1221 4688 1436 4752 tempus
1471 4682 1538 4737 ab
1575 4681 1847 4755 Egyptiis

277 4767 450 4837 prima
474 4769 564 4822 illa
613 4771 793 4823 notari
832 4771 987 4825 stella
1027 4770 1260 4836 Arietis,
1303 4773 1372 4826 ab
1399 4788 1571 4843 eaque
1604 4789 1851 4844 segmen-

275 4866 455 4913 torum
510 4861 706 4916 divisio
776 4864 1100 4932 procedere;
1179 4879 1242 4918 ac
1309 4871 1424 4919 tum
1497 4865 1554 4920 in
1612 4865 1849 4920 medium

278 4951 440 5019 primi
473 4950 897 5007 dodecatemorii
946 4969 1170 5008 vernum
1213 4955 1601 5025 aequinoctium
1645 4956 1851 5011 incide-

277 5054 395 5101 ret:
431 5049 596 5116 quod,
630 5049 798 5104 semel
824 5050 894 5104 ab
935 5050 1044 5106 illis
1072 5050 1374 5118 decretum,
1407 5052 1474 5106 ad
1512 5053 1718 5124 aliquot
1749 5068 1852 5108 sae-

277 5138 400 5191 cula
461 5149 814 5211 prapagatum
866 5140 1052 5206 fuerit,
1088 5143 1263 5200 donec
1304 5145 1650 5214 μετάπτωσις
1685 5147 1853 5202 stella;

280 5228 438 5284 istius
471 5230 526 5283 in
575 5233 970 5302 consequentia
1014 5234 1254 5290 discerni
1299 5236 1554 5292 sensibus
1606 5246 1792 5306 posset
1832 5256 1848 5292 :

278 5335 340 5375 ac
363 5321 680 5390 singillatim
703 5323 1016 5390 duodecim,
1044 5334 1191 5390 octo,
1226 5342 1342 5392 sex,
1370 5335 1676 5397 quatuorve
1707 5335 1852 5382 tem-

278 5412 501 5481 poribus
519 5414 863 5487 ἁναφορικοῖς
873 5418 1264 5488 aquinoctium
1290 5427 1677 5475 anteverteret.
1698 5419 1854 5475 Unde

278 5505 514 5560 varietas
541 5505 630 5559 illa
659 5510 1056 5563 sententiarum
1088 5525 1255 5580 super
1293 5510 1581 5564 cardinum
1611 5527 1854 5566 momen-

281 5597 347 5651 tis
403 5608 582 5651 ortum
633 5599 887 5654 habuerit
920 5602 1158 5656 :etenim
1206 5603 1370 5672 primi
1423 5602 1852 5658 dodecatemorii

282 5687 432 5742 initio
464 5690 781 5753 constituto,
823 5701 1021 5747 caetera
1069 5693 1333 5764 deinceps
1381 5695 1639 5764 aequabili
1679 5695 1852 5763 parti-

283 5779 425 5835 tione
454 5780 708 5836 distincta
734 5789 862 5836 sunt
888 5800 902 5847 ;
938 5798 1002 5836 ex
1041 5798 1150 5852 quo
1181 5782 1386 5838 factum
1430 5795 1534 5859 est,
1564 5783 1760 5853 reliqui
1792 5793 1853 5839 ut

556 5875 823 5936 ΡΑτιιοι.
855 5875 974 5936 Gn.
1000 5876 1170 5938 XIX.

1949 4584 2217 4654 explicat,
2267 4604 2285 4636 σ
2313 4594 2374 4639 ιιι
2418 4587 2582 4642 verbo
2617 4593 2810 4652 tenus,
2866 4587 2912 4640 si
2976 4601 3007 4639 a
3046 4583 3286 4642 secunda
3340 4582 3519 4637 elatus

1950 4675 2150 4733 Arietis
2193 4677 2263 4731 ad
2304 4693 2423 4733 eam
2475 4677 2815 4733 dimensione
2870 4677 3092 4732 redierit
3140 4675 3453 4739 terminata,
3492 4690 3514 4725 ι

1950 4785 2111 4840 quem
2155 4769 2436 4826 cardinem
2468 4772 2714 4841 proxime
2760 4778 2887 4826 ante
2939 4769 3268 4825 nominarat.
3312 4764 3520 4821 Circuli

1952 4861 2093 4932 apud
2128 4863 2385 4934 antiquos
2417 4865 2472 4918 in
2495 4872 2679 4934 partes
2715 4862 2996 4933 sexaginta
3025 4857 3434 4919 dividebantur,
3458 4863 3522 4910 ut

1953 4968 2118 5024 supra
2151 4957 2472 5012 memoravi.
2498 4955 2640 5026 Ergo
2673 4955 2906 5024 singulis
2936 4949 3392 5008 dodecatemoriis
3417 4948 3522 5001 im—

1953 5056 2155 5114 putatte
2188 5057 2316 5100 sunt
2347 5047 2625 5118 quinque,
2675 5061 2906 5116 quarum
2949 5056 3288 5113 unaquaeque
3319 5038 3523 5110 gradus

1954 5136 2249 5194 hodiernos
2299 5140 2530 5196 habebat
2568 5155 2684 5194 sex.
2729 5139 2912 5209 Itaque
2964 5145 3194 5192 octavus
3239 5133 3522 5204 signorm

1953 5231 2154 5300 gradus
2199 5231 2267 5286 ad
2320 5232 2618 5288 secundam
2665 5231 2992 5304 pertinebat.
3029 5227 3144 5283 Hoc
3181 5235 3363 5281 utrum
3414 5222 3524 5279 sibi

1953 5322 2187 5378 voluerit
2222 5325 2564 5388 Ammianus,
2596 5324 2942 5396 cogitandum
2977 5321 3212 5391 amplius
3240 5325 3347 5374 est.

2025 5421 2194 5474 Porro
2222 5416 2450 5472 Metonis
2478 5423 2533 5472 et
2558 5415 2765 5470 Eudoxi
2791 5427 3053 5482 tempore,
3090 5426 3214 5466 cum
3231 5409 3344 5478 jam
3368 5405 3525 5460 stella

1955 5509 2129 5580 prima
2161 5508 2363 5562 Arietis
2390 5506 2630 5562 Piscium
2663 5502 2927 5574 graduum
2955 5501 3049 5567 29,
3078 5513 3253 5569 eoque
3282 5494 3521 5567 amplius

1956 5601 2245 5670 attigisset,
2276 5600 2379 5654 hoc
2421 5607 2506 5653 est
2544 5595 2879 5650 tricesimum
2913 5592 3044 5655 fere,
3081 5588 3332 5645 ascensio
3369 5590 3518 5640 recta

1957 5693 2222 5762 graduum
2268 5698 2388 5746 erat
2427 5691 2531 5745 357
2565 5687 2828 5746 fere-.sic
2879 5691 2941 5737 ut
2988 5683 3043 5736 in
3093 5689 3350 5750 quartum
3397 5673 3528 5775 iride

1957 5785 2184 5856 gradum
2213 5785 2596 5854 mquinocuum
2621 5781 2859 5838 caderet.
2891 5775 3151 5832 Ascensio
3175 5777 3358 5825 autem
3387 5764 3526 5823 obli-

3208 5865 3285 5925 ω
