4022 6398
534 383 673 440 1555

1508 387 1597 444 AD
1636 389 1903 444 EUSEBH
1939 388 2334 446 CHHONICON
2374 389 2734 448 APPE‘S‘DIX.

3622 391 3783 449 £556

529 516 639 572 qua
677 493 902 556 Athenis
927 500 1039 558 fere
1061 502 1186 568 552,
1223 501 1486 575 Heliopoli
1513 507 1618 560 555
1647 508 1903 562 circiter:
1933 517 2094 578 alque
2119 514 2170 572 Α
2196 507 2481 565 collocavit
2515 511 2610 565 :in
2656 524 2829 580 eoque
2869 507 3201 579 pertinacius
3240 506 3511 563 obluctari
3549 510 3783 566 institit

531 593 635 648 hoc
669 601 828 664 pacto
865 594 948 650 vel
988 595 1047 648 in
1081 603 1279 665 quarto
1316 596 1484 667 gradu
1517 599 1735 663 Arietis,
1785 602 1867 655 vel
1913 601 1967 655 in
2005 617 2092 657 se-

529 685 720 754 ptimo,
749 687 865 757 [aut
911 694 1105 742 octavo
1149 688 1406 743 collocari
1459 691 1633 758 potuit
1682 693 2088 763 aequinoctium.

529 775 770 842 Quarum
809 779 1122 847 opinionum
1162 781 1389 851 vestigia
1442 781 1497 836 in
1541 783 1908 853 scriptoribus
1951 785 2093 839 auti-

527 872 652 939 quis
683 878 737 923 et
771 873 1246 941 parapegmatibus
1281 883 1600 929 occurrunt.

599 960 840 1015 Tandem
884 963 1149 1032 singulari
1193 967 1544 1021 astronomia:
1573 967 1718 1022 bono
1748 965 2091 1038 Hipparchus

528 1054 737 1107 exstitit
765 1070 779 1108 :
804 1054 962 1123 cujus
990 1062 1233 1125 tempore
1277 1057 1433 1112 stella
1463 1058 1652 1113 eadem
1687 1058 1887 1114 Arietis
1911 1059 2088 1129 prima

527 1144 584 1197 in
607 1144 1033 1200 dodecatemorii
1058 1147 1217 1216 primi
1242 1147 1452 1203 zodiaci
1482 1157 1636 1219 parte
1664 1151 1900 1221 amplius
1925 1151 2088 1206 tertia

526 1237 852 1293 versabatur
885 1257 899 1293 :
932 1239 1198 1309 siquidem
1251 1255 1394 1296 anno
1423 1242 1629 1313 periodi
1658 1242 1766 1298 Jul.
1804 1243 1943 1299 4552
1971 1251 2091 1299 erat

527 1329 583 1384 in
616 1330 818 1384 Arietis
849 1326 901 1395 5,
930 1331 976 1386 9'
999 1331 1240 1398 circiter,
1267 1335 1518 1389 ascensio
1543 1342 1691 1388 recta
1723 1336 1778 1389 in
1806 1336 1926 1406 ipso
1949 1349 2087 1405 prae-

526 1423 643 1478 cise
658 1433 860 1493 puncto
883 1440 1062 1480 verna:
1079 1427 1358 1491 sectionis,
1380 1442 1574 1497 nempe
1593 1428 1826 1498 partium
1839 1427 1962 1491 559,
1981 1426 2085 1482 58'.

524 1515 668 1586 Ergo
696 1517 788 1572 ille
819 1533 928 1587 pra:
955 1519 1168 1578 cateris
1193 1518 1388 1574 solaris
1420 1520 1796 1575 conversionis
1835 1519 2089 1574 cardines

527 1610 660 1679 ipsis
700 1610 1174 1680 aequinoctialibus
1225 1610 1702 1668 intersectionibus
1746 1627 1809 1666 ac
1854 1611 2089 1667 circulo-

525 1715 646 1753 rum
703 1700 1045 1756 contactibus
1109 1703 1346 1756 asseruit
1397 1723 1408 1756 :
1461 1702 1605 1772 quod
1654 1703 1835 1770 idem,
1898 1702 2088 1772 paucis

524 1794 784 1861 exceptis,
833 1793 1250 1848 mathematicos
1297 1809 1489 1849 omnes
1537 1795 1794 1864 antiquos
1844 1793 2088 1849 tenuisse

525 1886 846 1950 conﬁrmat;
895 1896 1082 1941 contra
1135 1901 1296 1956 quam
1337 1887 1584 1956 plerique
1639 1902 1704 1942 ex
1744 1887 1863 1956 ipsa
1917 1885 2083 1942 etiam

524 1973 844 2044 antiquitate
874 1975 1136 2029 sentiunt.
1176 1975 1240 2027 At
1279 1975 1350 2028 illi
1386 1976 1512 2046 ipsi,
1543 1977 1636 2046 qui
1668 1976 1796 2030 alibi
1831 1989 1994 2045 quam
2029 1976 2083 2030 in

526 2066 803 2135 signorum
834 2064 1005 2121 initiis
1037 2067 1290 2120 cardines
1315 2067 1737 2132 constituerunt,
1768 2081 1877 2121 non
1903 2067 1996 2134 ita,
2024 2073 2086 2120 ut

527 2155 768 2226 Scaliger
809 2156 1104 2211 arbitratur
1146 2157 1232 2226 (de
1275 2172 1384 2227 quo
1433 2172 1532 2212 nos
1564 2165 1751 2226 postea
1791 2157 2080 2226 dicemus),

524 2264 637 2303 rem
663 2248 807 2302 illam
831 2248 1305 2313 administrarnnt,
1337 2257 1396 2304 ut
1428 2257 1621 2304 octavo
1647 2249 1822 2305 aliove
1852 2255 1974 2320 post
2004 2249 2086 2302 in-

524 2337 878 2393 tersectiones
919 2339 1005 2393 vel
1037 2346 1323 2392 contactus
1368 2339 1537 2408 gradu
1586 2339 1701 2393 ﬁeri
1736 2340 2080 2410 aequinoctia,

525 2430 608 2484 vel
640 2430 870 2485 solstitia
905 2430 1194 2496 sentirent,
1228 2430 1323 2486 sed
1357 2431 1454 2496 ita,
1492 2438 1552 2485 ut
1593 2432 1814 2487 eosdem
1857 2432 2081 2504 gradus,

523 2536 664 2592 quos
706 2522 796 2576 alii
841 2522 1399 2580 dodecatemoriorum
1443 2523 1652 2594 primos
1697 2538 1819 2580 esse
1863 2523 2081 2589 vellent,

525 2612 626 2682 ipsi
663 2620 885 2669 octavos
916 2628 946 2667 a
977 2613 1176 2684 primo,
1215 2614 1447 2684 exempli
1489 2629 1678 2680 causa,
1716 2612 2079 2667 nominarent.

525 2703 754 2774 Utrique
777 2720 904 2761 vero
944 2720 1053 2760 non
1095 2705 1247 2771 alibi,
1297 2721 1457 2776 quam
1507 2707 1562 2760 in
1591 2705 1918 2759 circulorum
1962 2721 2084 2758 συν-

525 2801 709 2865 αφαῖς,
740 2804 793 2851 et
813 2798 1307 2863 commissionibus,
1335 2797 1780 2868 :cquinoctiorum
1811 2811 1874 2850 ac
1901 2796 2082 2851 solsti-

525 2889 723 2943 tiorum
749 2896 949 2960 puncta
977 2889 1230 2944 lixerunt.

598 2981 676 3038 Ex
703 2998 812 3054 quo
845 2982 921 3047 id,
953 2982 1166 3052 opinor.
1209 2981 1428 3047 accidit,
1473 2988 1532 3035 ut
1563 2980 1630 3035 ah
1662 2980 1908 3051 ingressu
1953 2979 2084 3034 solis

525 3080 580 3133 in
603 3077 757 3147 signa
779 3074 1166 3145 aequinoctium
1190 3081 1242 3128 et
1271 3073 1562 3129 solstitium
1587 3083 1875 3143 utrumque
1894 3082 2081 3143 postea

523 3167 966 3238 distingueretur.
1004 3163 1082 3218 lta
1113 3163 1255 3218 enim
1291 3163 1430 3233 apud
1457 3161 1778 3228 Varronem,
1809 3161 2082 3217 Columel-

525 3260 651 3320 lam.
681 3256 942 3320 Plinium,
972 3252 1246 3318 Ovidium,
1291 3262 1345 3310 et
1374 3255 1430 3308 in
1461 3253 1802 3310 Kalendariis
1841 3254 2079 3324 antiquis

524 3349 862 3413 observabis,
912 3356 1073 3416 atque
1107 3346 1162 3401 in
1191 3361 1256 3401 eo
1278 3345 1424 3418 quod
1451 3361 1518 3402 ex
1558 3345 1666 3402 illis
1691 3345 2078 3399 concinnatum

524 3442 812 3505 edidimus,
846 3441 949 3495 hoc
976 3441 1028 3494 in
1054 3454 1217 3510 opere
1238 3440 1384 3509 (pag.
1415 3437 1529 3506 60).
1551 3434 1630 3492 lbi
1659 3436 1805 3493 enim
1835 3435 1968 3491 solis
1993 3436 2079 3490 in-

524 3533 724 3591 troitus
757 3533 812 3586 in
839 3530 992 3603 signa
1043 3530 1341 3586 cardinalia
1386 3537 1578 3585 octavo
1624 3528 1846 3584 circiter
1877 3527 1965 3585 die
1992 3541 2083 3598 po-

526 3625 674 3690 nijur
698 3631 826 3678 ante
859 3623 1191 3694 aequinoctia
1239 3621 1610 3694 solstitiaque;
1641 3627 1755 3674 tum
1777 3618 1964 3674 eadem
1996 3633 2083 3673 ra-

525 3714 671 3770 tione
700 3713 906 3784 reliqua
931 3712 987 3767 in
1019 3713 1172 3782 signa
1204 3713 1334 3768 solis
1381 3713 1662 3784 ingressus
1701 3710 2077 3766 antevertitur.

523 3805 677 3870 Quod
719 3806 878 3859 etiam
931 3803 1220 3873 rhapsodia
1271 3805 1360 3859 illa
1407 3805 1652 3875 sequitur
1707 3802 1811 3858 sub
1865 3801 2084 3856 nomine

524 3897 794 3952 Ptolemaei
839 3911 869 3951 a
916 3895 1153 3952 Leonico
1182 3896 1373 3952 Latine
1415 3899 1648 3968 primum
1689 3895 1854 3961 edita,
1887 3895 1942 3948 in
1975 3906 2082 3963 qua

525 3998 703 4042 tamen
739 3987 877 4042 inter
899 3985 1204 4057 ingressum
1233 3987 1388 4050 solis,
1420 3995 1472 4041 et
1506 3984 1835 4055 aequinoctia
1868 3996 1931 4036 ac
1975 3981 2083 4036 sol-

525 4081 692 4147 stitia,
730 4093 840 4133 non
882 4077 1026 4133 idem
1069 4085 1390 4134 constanter
1415 4076 1764 4132 intervallum
1798 4073 2078 4129 statuitur.

525 4171 593 4224 At
641 4173 692 4224 in
727 4185 792 4225 eo
828 4168 1101 4227 Ptolemaei
1141 4169 1283 4228 libro
1311 4170 1451 4239 (pag.
1479 4168 1591 4238 52),
1637 4182 1796 4237 quem
1848 4167 2082 4235 primum

523 4261 810 4327 edidimus,
840 4242 1464 4330 uniusmomcardiiium
1498 4273 1668 4330 genus
1713 4266 1795 4313 est
1828 4257 1896 4311 ad
1925 4270 2084 4317 accu-

524 4353 778 4407 ratiorem
811 4335 1250 4406 astronomortim
1280 4349 1546 4404 calculum
1578 4355 1848 4411 exactum,
1875 4354 1927 4400 et
1954 4343 2082 4399 Pto-

524 4444 692 4500 lemzci
729 4443 928 4498 smculo
951 4457 1278 4513 congruens.

2196 601 2457 657 adversus
2505 601 2800 672 Hipparchi
2845 600 3299 669 astronomiaeque
3341 602 3588 670 placita:
3626 604 3781 658 adeo

2194 693 2434 764 quidem,
2472 704 2531 748 ut
2563 693 2716 749 Beda;
2740 708 2956 763 quoque
2983 694 3342 762 temporibus,
3370 707 3438 746 ac
3465 694 3775 765 deinceps,

2193 785 2333 840 idem
2368 787 2730 854 perseverarit
2766 800 2940 849 error,
2985 783 3131 853 quod
3179 785 3326 839 illius
3357 783 3775 840 Kalendarinm

2191 877 2368 942 docet,
2411 878 2465 931 in
2496 893 2604 947 quo
2629 888 2752 932 octo
2780 876 2892 933 fere
2931 878 3124 932 diebus
3161 885 3286 932 ante
3313 877 3679 947 aequinoctia,
3719 884 3780 933 et

2191 969 2423 1024 solstitia
2466 970 2597 1025 solis
2634 970 2688 1022 in
2719 969 2873 1038 signa
2911 969 3166 1024 introitus
3211 969 3533 1026 ascribitur.
3582 969 3779 1039 Atque

2189 1057 2303 1112 haec
2329 1065 2412 1114 est
2438 1073 2468 1114 e
2494 1058 2708 1115 duabus
2731 1061 2898 1114 altera
2918 1061 3060 1114 ratio
3082 1059 3376 1115 secundum
3407 1075 3584 1130 quam
3617 1063 3780 1115 acci-

2188 1149 2317 1205 dere
2357 1151 2602 1220 potuisse
2643 1151 2904 1214 diximus,
2944 1158 3003 1204 ut
3045 1151 3116 1204 ab
3173 1151 3524 1205 astronomiae
3569 1152 3778 1220 peritis

2189 1241 2296 1295 alio
2343 1241 2397 1295 in
2438 1242 2632 1311 gradu,
2661 1257 2824 1311 quam
2850 1245 2903 1294 in
2945 1242 3120 1310 primo
3160 1241 3774 1300 dodecatemoriorum,

2187 1331 2441 1388 cardines
2471 1331 2632 1386 deﬁxi
2664 1333 2792 1387 sint.
2829 1329 3120 1401 Postquam
3146 1330 3289 1383 enim
3316 1339 3369 1384 et
3403 1345 3471 1415 ex
3513 1330 3776 1398 plurium

2189 1422 2558 1492 antiquorum,
2597 1429 2658 1475 ut
2678 1420 3016 1490 Hipparchus
3043 1428 3338 1483 asseverat,
3369 1421 3680 1484 sententia,
3716 1426 3776 1473 et

2189 1514 2480 1585 Hipparchi
2514 1515 2686 1584 ipsius
2719 1514 3041 1569 auctoritate
3073 1514 3368 1567 constituta
3402 1527 3493 1566 res
3536 1522 3653 1575 est,
3690 1513 3772 1564 uti

2187 1610 2469 1680 signorum
2497 1607 2856 1663 cardinalium
2891 1608 3044 1661 initia
3075 1607 3145 1660 ab
3185 1607 3534 1676 aequinoctiis
3571 1607 3775 1660 solsti-

2186 1700 2391 1770 tiisque
2422 1699 2775 1761 ducerentur,
2807 1713 2930 1754 cum
2959 1698 3012 1752 id
3039 1705 3218 1752 tamen
3240 1697 3384 1767 vulgi
3420 1712 3484 1752 ac
3517 1698 3776 1750 rustico-

2189 1806 2306 1844 rum
2337 1807 2402 1844 ex
2433 1791 2628 1846 animis
2660 1790 2970 1860 extorqueri
2997 1805 3105 1843 non
3135 1799 3341 1860 posset,
3371 1790 3508 1859 quin
3545 1789 3775 1844 octavis

2187 1881 2240 1935 in
2273 1882 2540 1952 partibus,
2578 1890 2671 1935 aut
2708 1882 2854 1944 aliis,
2892 1896 3052 1950 quam
3084 1881 3136 1934 in
3175 1880 3387 1949 primis,
3420 1881 3771 1950 a'qninoctia

2185 1981 2238 2027 et
2260 1973 2495 2028 solstitia
2523 1973 2786 2027 committi
2815 1973 3118 2038 crederent,
3153 1971 3403 2026 nonnihil
3427 1971 3495 2024 ab
3523 1971 3766 2024 artiﬁci-

2185 2065 2288 2120 bus
2316 2065 2581 2136 indulgeri
2620 2066 2864 2134 opinioni
2893 2066 2970 2119 illi
2994 2065 3189 2135 potuit.
3218 2063 3486 2129 Quocirca
3531 2065 3634 2133 qui
3661 2080 3766 2116 ru-

2185 2158 2409 2214 sticanis
2479 2159 2790 2214 hominibus
2859 2158 3231 2228 ephemeridas
3298 2166 3353 2211 et
3420 2156 3767 2211 Kalendaria

2184 2251 2525 2317 scribebant,
2569 2259 2628 2305 ut
2671 2267 2859 2307 eorum
2914 2251 3095 2320 captui
3137 2259 3298 2320 atque
3350 2249 3549 2304 usibus
3596 2250 3768 2302 obse-

2187 2349 2502 2412 querentur,
2548 2353 2672 2397 ante
2701 2343 2820 2396 dies
2864 2343 3007 2408 illos,
3039 2357 3178 2412 quos
3223 2343 3365 2397 veris
3409 2348 3505 2394 aut
3554 2341 3762 2394 mediis

2185 2434 2499 2489 cardinibus
2541 2435 2932 2496 attribueraut,
2987 2434 3242 2489 introitus
3288 2433 3343 2486 in
3397 2433 3558 2502 signa
3618 2431 3762 2486 solis

2185 2526 2476 2581 adnotasse
2495 2527 2765 2581 videntur.
2795 2528 2970 2598 Atque
2995 2527 3096 2580 hoc
3127 2527 3195 2581 de
3220 2526 3484 2595 Sosigcne
3515 2541 3760 2594 prmser-

2184 2616 2278 2670 tim
2325 2618 2592 2686 suspicari
2640 2621 2931 2673 convenit:
2963 2618 3120 2688 cujus
3169 2633 3233 2673 ex
3284 2617 3442 2672 fastis
3495 2616 3762 2670 hausisse

2183 2717 2407 2778 apparet
2445 2710 2535 2762 illa
2581 2708 2901 2775 Varronem,
2933 2709 3222 2782 Hyginum,
3265 2707 3547 2771 Ovidium,
3589 2708 3765 2762 Colu-

2184 2800 2418 2863 mellam,
2457 2809 2510 2854 ct
2534 2798 2787 2867 Plinium,
2819 2816 2939 2870 quae
2961 2808 3083 2854 cum
3114 2799 3388 2854 communi
3427 2799 3561 2860 ista,
3589 2813 3761 2869 quam

2183 2887 2318 2952 dixi,
2354 2891 2708 2958 persuasione
2755 2891 2821 2944 ab
2856 2889 3048 2944 iisdem
3090 2896 3457 2944 consentanea
3502 2889 3762 2958 produn-

2183 2988 2290 3033 tur.
2325 2980 2429 3034 Sed
2455 2997 2629 3050 neque
2647 2980 2960 3052 Sosigenes,
2985 2997 3162 3052 neque
3183 2990 3431 3036 veterum
3454 2980 3758 3050 quisquam

2183 3085 2249 3123 eo
2279 3071 2458 3134 modo,
2492 3086 2650 3141 quem
2684 3072 2854 3139 ﬁnxit,
2891 3087 2953 3126 ac
2985 3073 3261 3126 nonnullis
3288 3072 3545 3142 probavit
3573 3071 3759 3124 Scali-

2184 3174 2298 3228 ger,
2331 3161 2803 3230 aaquinoctiorum,
2834 3163 3299 3232 solstitiorumque
3343 3173 3630 3216 momenta
3665 3162 3758 3215 di-

2186 3251 2350 3304 vulsit
2395 3252 2462 3304 ab
2517 3253 2795 3322 signorum
2856 3254 3214 3323 ingressibus,
3277 3261 3336 3306 ut
3376 3252 3482 3307 hos
3537 3255 3761 3307 scilicet

2183 3351 2510 3410 praepostere
2552 3352 2676 3396 ante
2716 3343 2806 3396 illa
2836 3353 3077 3412 poneret.
3119 3342 3271 3408 Quod
3305 3351 3362 3396 ut
3403 3358 3512 3396 non
3557 3344 3756 3400 semel,

2181 3432 2255 3485 ita
2284 3447 2392 3486 non
2418 3433 2635 3502 saepius,
2667 3450 2828 3504 quam
2860 3450 3083 3489 necesse
3123 3445 3225 3498 est,
3256 3434 3339 3488 his
3373 3437 3430 3487 in
3463 3435 3624 3487 libris
3663 3450 3756 3486 rc-

2181 3522 2449 3592 petimus;
2482 3539 2546 3577 ac
2563 3540 2628 3580 ne
2660 3524 2790 3594 quid
2817 3525 3076 3596 deinceps
3104 3527 3464 3582 hzcsitationis
3500 3539 3597 3581 aut
3622 3543 3759 3580 con-

2181 3616 2458 3671 troversiae
2499 3624 2683 3683 restet,
2727 3619 2974 3687 sequenti
3017 3619 3197 3688 capite
3234 3619 3538 3689 pleniorem
3587 3621 3762 3688 hujus

2180 3706 2256 3761 rei
2293 3707 2468 3762 idcam
2497 3707 2675 3764 facere
2707 3709 3053 3763 conabimur.

2796 3821 3026 3877 CAPUT
3065 3821 3130 3877 ν.

2184 3909 2535 3983 Illustrantur
2559 3913 2766 3966 uberius
2799 3915 3135 3983 antiquorum
3165 3915 3435 3967 sententia!
3470 3913 3534 3966 de
3566 3915 3761 3966 cardi-

2249 3981 2400 4036 nibus
2427 3984 2650 4054 annuis;
2684 3999 2745 4054 ac
2769 3981 2984 4037 docetur
3006 3993 3188 4036 contra
3221 3984 3574 4054 Scaligerum,
3617 4002 3764 4036 nun-

2249 4067 2408 4124 quam
2436 4053 2591 4124 abiis
2623 4053 2770 4116 alibi,
2797 4071 2952 4124 quant
2988 4055 3041 4106 in
3068 4055 3384 4124 circulorum
3413 4056 3765 4107 commissio-

2252 4121 2426 4194 nibus,
2454 4122 2581 4194 illos
2613 4139 2723 4178 esse
2741 4121 3088 4185 constitutos;
3125 4134 3233 4176 tum
3257 4127 3319 4176 de
3348 4123 3644 4194 Sosigeuis.
3678 4127 3765 4176 rel

2253 4189 2392 4244 Julii
2438 4190 2669 4264 Caesaris
2717 4194 3048 4264 wquiuoctiis
3103 4210 3165 4245 ac
3211 4189 3489 4247 solstitiis:
3531 4191 3765 4248 Sen-ius

2252 4271 2512 4334 notatur,
2544 4263 2734 4327 Varro,
2786 4264 2998 4318 Plinius
3047 4264 3316 4331 explicati.
3351 4265 3629 4334 Sosigem‘s
3675 4266 3769 4317 in-

2252 4333 2574 4387 constantia.

2252 4441 2331 4496 Ex
2363 4441 2428 4498 iis
2469 4458 2589 4512 quae
2631 4445 2698 4498 de
2737 4445 2935 4498 annuis
2967 4451 3212 4499 veterum
3257 4443 3578 4498 cardinibus
3621 4446 3775 4500 satis

593 4532 792 4591 Verum
822 4541 882 4587 ut
908 4532 976 4587 ab
999 4530 1403 4601 antiquioribus
1432 4528 1762 4583 asironomis
1793 4535 1942 4582 ι’θοιθ
1971 4527 2076 4580 ἰείη
2111 4534 2156 4590 D
2183 4535 2363 4605 longa,
2387 4539 2479 4590 sed
2504 4539 2814 4592 necessaria
2846 4538 3216 4608 disputatione
3241 4538 3506 4608 complexi
3534 4553 3772 4602 sumus,

525 4627 664 4696 ipsa,
706 4639 870 4695 quam
906 4624 1281 4694 exposuimus,
1330 4617 1584 4674 methodo
1613 4618 1889 4688 signorum
1926 4616 2080 4670 initia

524 4725 649 4770 ante
698 4713 996 4769 cardinalia
1043 4718 1242 4780 puncta
1309 4710 1522 4765 deﬁniri
1570 4715 1862 4778 potuerunt
1917 4707 1986 4777 (si
2028 4705 2083 4761 id

523 4815 706 4860 tamen
736 4817 865 4860 vero
891 4802 961 4857 ab
998 4801 1107 4856 illis
1136 4801 1444 4854 institutum
1472 4798 1603 4865 fuit;
1635 4799 1703 4854 de
1741 4814 1848 4868 quo
1889 4798 2083 4852 dubios

523 4910 624 4951 nos
655 4892 948 4964 Hipparchi
992 4890 1292 4944 auctoritas
1341 4890 1537 4960 facit):
1585 4891 1657 4943 ita
1707 4897 1831 4960 post
1860 4885 2085 4958 Hippar-

522 4987 684 5042 chum
730 4983 1009 5052 deinceps,
1047 4997 1115 5036 ex
1167 4996 1352 5036 errore
1400 4981 1799 5051 imperitiaque,
1836 4978 1977 5034 idem
2026 4979 2084 5033 in

521 5079 667 5148 vulgi
701 5091 805 5133 usu
850 5089 914 5128 ac
943 5073 1212 5130 sententia
1242 5072 1464 5129 resedit.
1505 5071 1641 5126 Cum
1672 5071 1817 5127 enim
1853 5068 2083 5140 Hippar-

524 5172 660 5227 chus
691 5167 1014 5239 aaquinoctia
1059 5166 1112 5220 in
1159 5165 1363 5220 mutuis
1409 5165 1737 5220 sectionibus
1780 5163 1988 5218 zodiaci
2031 5171 2085 5218 et

521 5263 922 5337 aequinoctialis
961 5263 1152 5319 circuli
1193 5262 1417 5326 ﬁxisset,
1471 5261 1702 5316 solstitia
1751 5263 1806 5315 in
1851 5260 2080 5324 zodiaci,

523 5359 967 5428 trepicorumque
1021 5355 1398 5420 contactibus,
1453 5370 1561 5408 una
1616 5370 1740 5408 cum
1803 5355 2085 5423 signorum

524 5449 882 5505 eardinalium
926 5447 1230 5518 principiis,
1275 5447 1410 5501 adeo
1440 5455 1500 5500 ut
1536 5445 1860 5516 aequinoctia
1902 5446 1957 5498 in
1990 5460 2084 5500 eos

523 5541 640 5595 dies
695 5540 995 5602 caderent,
1068 5539 1161 5608 qui
1222 5537 1398 5592 Martii
1464 5554 1631 5602 xxiv,
1701 5545 1756 5592 et
1834 5534 2084 5606 Septem-

523 5630 637 5685 bris
688 5649 833 5686 xxvu
865 5633 1296 5702 respondebant;
1339 5632 1572 5686 solstitia
1598 5645 1728 5686 vero
1750 5629 1897 5684 Junii
1933 5646 2081 5694 xxvi,

521 5728 576 5773 et
621 5720 930 5778 Decembris
978 5739 1143 5789 xxiv;
1186 5723 1381 5793 vulgus
1431 5731 1539 5776 tam
1591 5723 1864 5777 sectiones
1914 5723 2081 5792 ipsas,

525 5824 684 5880 quam
734 5813 887 5868 initia
928 5814 1226 5887 signorum,
1265 5821 1389 5870 ante
1441 5813 1557 5869 dies
1599 5821 1723 5870 octo
1754 5820 2084 5884 praepostere

2180 4641 2395 4685 summa
2427 4627 2530 4683 ista
2553 4629 2843 4683 conﬁcitur
2871 4649 2882 4683 :
2909 4631 3163 4699 antiquos
3185 4638 3534 4683 astronomos
3555 4631 3776 4700 majori

2179 4736 2248 4776 ex
2286 4726 2440 4789 parte
2491 4719 2726 4774 solstitia
2778 4729 2831 4774 et
2885 4721 3208 4791 aequinoctia
3257 4721 3389 4790 ipsis
3435 4723 3779 4791 assignasse

2181 4812 2744 4866 dodecatemoriorum
2781 4812 3090 4881 principiis,
3119 4819 3232 4864 tam
3266 4813 3320 4865 in
3353 4813 3774 4880 aequinoctiali,

2185 4902 2304 4956 sive
2343 4901 2602 4971 parallelo
2631 4901 2864 4964 circulo,
2901 4917 3065 4971 quam
3101 4903 3158 4956 in
3195 4903 3441 4964 zodiaco,
3471 4908 3534 4954 ut
3567 4915 3779 4958 auctor

2181 5000 2263 5046 est
2292 4991 2546 5061 princeps
2573 4990 2695 5060 ejus
2725 4992 2860 5046 artis
2889 4991 3235 5062 Hipparchus
3261 4995 3408 5062 (pag.
3448 4991 3581 5054 104,
3614 4994 3778 5065 105).

2181 5082 2504 5154 Quicunque
2542 5097 2708 5152 porro
2742 5084 2938 5137 mediis
2984 5085 3181 5152 signis,
3213 5085 3295 5138 vel
3330 5084 3544 5137 octavis
3595 5088 3783 5156 parti-

2182 5174 2308 5236 lius,
2339 5187 2402 5227 ac
2435 5174 2669 5235 caeteris,
2702 5172 2957 5227 cardines
2994 5174 3388 5238 attribuerunt,
3426 5189 3529 5229 eos
3570 5192 3782 5233 omnes

2183 5265 2257 5318 ita
2294 5264 2531 5320 circulos
2579 5246 2703 5320 esse
2731 5265 2982 5334 partitos,
3037 5265 3548 5322 utintersectioncs
3593 5269 3780 5338 aequi-

2185 5343 2350 5410 noctii
2381 5362 2435 5411 et
2462 5355 2693 5421 zodiaci,
2725 5355 2809 5410 vel
2831 5354 2996 5423 hujus
3013 5364 3071 5408 et
3101 5357 3443 5426 tropicorum
3469 5367 3782 5414 contactus

2185 5447 2252 5499 iis
2287 5448 2341 5501 in
2389 5447 2669 5516 signorum
2703 5445 2965 5516 gradibus
3001 5447 3213 5511 ﬁerent,
3265 5456 3474 5518 quotos
3515 5451 3785 5519 aequino-

2185 5537 2309 5590 ctiis
2345 5536 2703 5604 solstitiisque
2733 5535 3099 5605 praeﬁxerant.
3144 5535 3304 5600 Quod
3351 5546 3540 5591 autem
3585 5549 3784 5595 astro-

2185 5629 2330 5681 nomi
2362 5644 2572 5692 omnes,
2603 5629 2696 5698 qui
2734 5626 2954 5697 quidem
2993 5627 3120 5681 alibi
3156 5644 3323 5697 quam
3358 5630 3539 5685 initiis
3583 5632 3789 5701 signo-

2185 5735 2306 5775 rum
2334 5721 2587 5775 cardines
2613 5719 2960 5790 aliingebant,
2985 5729 3110 5774 ante
3140 5721 3420 5776 sectiones
3448 5733 3790 5778 contactus-

2185 5828 2291 5884 que
2341 5813 2694 5878 circulorum,
2747 5812 2849 5868 hoc
2892 5820 2978 5868 est
3028 5811 3366 5883 atquinoctia
3429 5822 3491 5869 et
3536 5816 3790 5872 solstitia
