4022 6398
310 356 447 411 15ὅῖ

1092 350 1546 409 DtSSERTATIO
1569 351 1658 419 DE
1696 351 1884 409 onru
1925 350 2010 407 ET
2044 325 2312 408 occ'Asu
2357 346 2681 405 smmum.

3394 349 3534 406 1558

309 472 530 545 ἀκριὸῆ,
565 471 1127 529 dodecatemoriorum
1167 486 1390 527 suorum
1418 471 1688 540 principia
1719 485 1880 540 cape-
1906 473 1953 532 Α
1981 468 2219 525 artiﬁces
2258 469 2330 522 ita
2373 473 2804 531 consueverant;
2840 471 2934 518 aut
2977 479 3164 520 eorum
3196 464 3442 534 exempla
3478 466 3535 520 in

309 573 454 628 rent,
505 566 844 621 demonstrat
898 565 1242 635 Hipparchus
1296 565 1389 618 lib.
1436 565 1480 626 1,
1534 579 1764 617 numero
1807 562 1875 626 X,

311 656 405 710 ubi
431 657 808 712 australiorem
833 656 1241 712 succedentium
1275 655 1332 709 in
1361 656 1625 710 laterculo
1654 656 1878 723 majoris

312 747 468 803 Ursae
511 748 671 803 sitam
723 749 798 804 ait
848 763 971 804 esse
1017 763 1083 803 ex
1137 747 1375 817 legitima
1418 749 1699 817 signorum
1741 747 1880 801 divi-

310 838 484 906 sione,
517 855 638 909 que:
676 842 909 912 tropica,
954 847 1010 895 et
1036 839 1437 909 aequinoctialia
1463 849 1666 908 puncta
1708 837 1762 892 in
1799 838 1878 892 si-

311 946 542 1000 gnorum
571 933 728 987 initia
761 931 994 997 confert,
1025 934 1082 986 in
1120 931 1318 986 Leonis
1340 941 1494 1002 parte
1520 931 1612 996 25,
1659 939 1880 986 antece-

311 1021 502 1076 dentes
545 1030 724 1075 autem
767 1020 824 1074 in
859 1021 1050 1076 eodem
1099 1020 1360 1075 laterculo
1389 1021 1445 1074 in
1486 1018 1688 1076 Leonis
1721 1028 1878 1090 parte

309 1113 493 1184 paulo!
525 1112 709 1167 minus
752 1111 939 1175 tertia,
985 1120 1040 1166 at
1088 1112 1390 1166 secundum
1437 1111 1662 1168 alteram
1703 1113 1876 1168 ratio-

312 1219 461 1268 nem,
516 1219 636 1274 quae
685 1206 743 1258 in
792 1204 985 1259 mediis
1040 1204 1210 1275 signis
1259 1205 1512 1262 cardines
1565 1205 1874 1270 constituit,

308 1295 548 1364 priorem
589 1296 644 1348 in
673 1293 914 1364 Virginis
953 1303 1109 1365 parte
1156 1295 1398 1362 decima;
1433 1299 1766 1367 posteriores
1820 1297 1877 1352 in

308 1387 554 1456 ejusdem
593 1386 834 1458 Virginis
863 1388 1074 1442 decima
1109 1395 1300 1441 octava
1331 1389 1538 1458 reponi.
1573 1387 1664 1444 Sic
1697 1401 1876 1446 extre-

308 1491 455 1530 mam
499 1477 554 1530 in
601 1477 776 1532 cauda
823 1478 1044 1547 majoris
1092 1475 1266 1538 Ursae.
1311 1494 1379 1534 ex
1427 1481 1706 1534 communi
1744 1481 1878 1535 divi-

307 1567 485 1633 sione,
519 1568 577 1624 in
608 1567 784 1624 Libra
803 1578 1001 1641 quarta
1031 1581 1222 1640 parte:
1254 1585 1320 1626 ex
1353 1573 1664 1640 posteriori,
1689 1580 1743 1628 et
1766 1571 1875 1628 Eu-

307 1658 484 1713 doxea
515 1661 571 1714 in
603 1661 980 1716 decimanona.

1978 574 2180 613 annum
2208 573 2368 615 suum
2397 556 2693 612 transferre
2723 555 2800 609 illi
2838 555 3160 610 voluissent.

2042 672 2120 727 De
2145 668 2460 740 hujusmodi
2485 669 2633 723 aditu
2667 668 2802 724 solis
2841 667 2906 722 ad
2935 666 3090 737 signa
3116 680 3223 720 non
3248 664 3437 720 eodem
3466 663 3534 718 ab

1977 761 2233 818 omnibus
2265 767 2505 828 tempore
2535 758 2714 813 deﬁxo
2757 755 3168 826 imperitissime
3213 753 3438 809 Servius
3477 754 3535 808 in

1977 853 2385 910 Commentario
2421 851 2490 904 ad
2532 849 2576 903 ll
2639 847 2836 919 Georg.
2882 866 2901 898 ι
2933 845 3077 902 Sane
3116 846 3416 908 sciendum,
3461 845 3538 899 in-

1977 946 2114 1016 quit,
2162 957 2352 998 omnes
2397 940 2702 1011 astrologos
2728 952 2828 1009 pro
2859 937 3070 992 ratione
3105 937 3384 992 climatum
3419 933 3536 989 dis-

1979 1038 2184 1092 sentire
2223 1035 2278 1089 in
2311 1041 2434 1090 ortu
2481 1032 2721 1089 siderum
2752 1051 2766 1085 :
2799 1030 2894 1086 sed
2936 1030 3054 1100 ipsa
3091 1026 3365 1083 dissensio
3393 1027 3538 1081 ultra
3580 1096 3581 1099 η

1980 1133 2187 1198 septem
2216 1124 2334 1179 dies
2362 1138 2474 1178 non
2517 1121 2798 1192 procedit;
2833 1127 3042 1191 septem
3075 1117 3221 1173 enim
3259 1121 3388 1171 sunt
3420 1116 3538 1185 ipsa

1978 1219 2220 1274 climata.
2248 1214 2402 1291 Illinc
2428 1222 2513 1271 est
2536 1212 2682 1285 quod
2709 1212 2878 1268 solem
2909 1211 2977 1266 ad
3000 1206 3425 1279 unumquodque
3461 1207 3540 1262 si-

1977 1326 2144 1382 gnum
2177 1309 2268 1362 alii
2292 1306 2700 1378 quintodecimo
2732 1304 2960 1360 Kalend.
2993 1303 3082 1358 die
3107 1302 3296 1358 dicunt
3319 1301 3536 1367 venire,

1980 1403 2070 1457 alii
2113 1398 2555 1472 quartodecimo,
2610 1397 2701 1450 alii
2741 1389 2882 1451 in'l‘ra
2931 1410 3104 1465 usque
3149 1393 3218 1448 ad
3252 1401 3534 1458 octavum;

1977 1509 2080 1550 nec
2108 1493 2394 1564 quisquam
2430 1490 2674 1561 procedit
2715 1488 2985 1543 ulterius:
3021 1507 3038 1538 ο
3074 1502 3194 1557 quae
3223 1493 3352 1541 sunt
3383 1485 3539 1540 bona:

1977 1586 2180 1641 mentis
2211 1582 2547 1639 inanissima.

1955 1727 1966 1742 ο
2036 1697 2111 1752 Ut
2138 1696 2206 1751 de
2251 1709 2394 1749 anno
2419 1691 2634 1748 Iuliano
2677 1692 2822 1762 quod
2858 1689 3236 1762 explicandum
3288 1693 3538 1759 superest

381 1775 592 1831 Rursus
617 1792 768 1832 num.
805 1776 902 1832 XII
937 1779 1128 1834 scribit
1158 1786 1492 1850 postremam
1515 1787 1568 1834 et
1598 1779 1872 1835 lucidissi-
1904 1822 1948 1876 Β
1979 1788 2278 1852 absolvam,
2299 1787 2521 1856 quinam
2550 1785 2666 1839 dies
2695 1782 2949 1840 ineundis
2973 1798 3002 1837 a
3034 1782 3147 1838 sole
3167 1780 3538 1858 cardinalibus

312 1881 478 1930 mam,
509 1881 629 1937 quae
661 1875 743 1922 est
779 1867 834 1922 in
861 1875 1102 1923 extrema
1133 1870 1306 1924 cauda
1332 1871 1562 1923 minoris
1592 1869 1766 1935 Ursae,
1799 1871 1875 1926 si-

309 1963 422 2009 tam
460 1971 582 2012 esse
603 1957 659 2010 in
700 1957 868 2027 gradu
903 1956 1140 2014 Piscium
1174 1959 1259 2024 18,
1291 1967 1351 2014 ut
1381 1967 1561 2015 autem
1593 1961 1873 2015 zodiacum

310 2046 504 2100 dividit
546 2047 824 2115 Eudoxus,
855 2047 910 2101 in
940 2048 1138 2104 Arietis
1180 2050 1347 2119 gradu
1378 2052 1560 2106 tertio.
1592 2051 1761 2121 Igitur
1799 2053 1875 2105 si-

313 2157 544 2211 gnorum
596 2141 753 2196 initia
793 2141 1050 2199 Eudoxus
1105 2144 1304 2213 aliique
1354 2152 1565 2200 veteres
1611 2144 1877 2214 anticipa-

311 2233 465 2288 baut.
496 2232 552 2287 In
578 2233 683 2289 hoc
713 2232 1010 2305 Hipparchi
1034 2235 1156 2289 loco
1187 2235 1443 2290 mendum
1489 2243 1591 2300 est,
1622 2237 1768 2306 quod
1809 2252 1874 2292 ex

313 2325 618 2381 certissima
673 2325 991 2396 conjectura
1058 2327 1399 2383 sustulimus.
1457 2325 1679 2398 Legitur
1731 2327 1877 2383 enim

312 2425 423 2469 tam
472 2417 527 2470 in
579 2431 818 2481 excuso,
875 2433 1039 2487 quam
1089 2418 1146 2472 in
1192 2418 1648 2488 scripto,codice
1685 2437 1697 2472 :
1738 2418 1797 2471 '0
1822 2419 1880 2472 δὲ

312 2507 539 2572 Εὔδοξος
561 2508 760 2581 διαιρεῖ
783 2508 873 2562 τὸν
902 2507 1162 2572 ζωδιακὸν
1189 2509 1384 2563 κύκλον
1417 2510 1557 2564 κατὰ
1582 2511 1678 2581 τὴν
1699 2517 1746 2579 γ’
1767 2510 1875 2581 μοι.

314 2598 410 2651 τοῦ
454 2599 656 2670 Κρίου,
687 2615 788 2670 pro
822 2601 1019 2670 quibus
1067 2601 1474 2656 rescribendum
1513 2608 1707 2658 merito
1752 2619 1882 2658 cen-

315 2690 530 2746 suimus
556 2711 569 2746 :
597 2691 671 2755 ὠς
693 2691 750 2745 δὲ
773 2691 995 2758 Εὔδοξος
1023 2693 1219 2763 διαιρεῖ
1239 2693 1331 2746 τὸν
1367 2694 1629 2758 ζωδιακὸν
1650 2695 1848 2750 κύκλον
1864 2713 1877 2726 ·

315 2782 478 2847 κατά,
503 2793 633 2849 etc.,
661 2784 806 2853 quod
832 2784 1121 2839 manifeste
1151 2787 1420 2839 sententia
1456 2787 1642 2857 exigit.
1669 2787 1883 2844 Gradus

314 2872 556 2928 Piscium
607 2874 854 2930 decimus
899 2885 1147 2944 octavus,
1196 2885 1280 2932 est
1320 2877 1521 2932 Arietis
1569 2879 1786 2944 tertius,
1835 2880 1884 2938 si

314 2965 519 3021 Arietis
566 2966 782 3038 signum
845 2982 876 3022 a
928 2969 1333 3039 quintodecimo
1395 2977 1522 3025 ante
1586 2974 1884 3029 sectionem

318 3065 490 3134 gradu
519 3074 839 3137 computare
868 3069 1122 3138 coeperis.

1980 1880 2152 1951 signis
2175 1895 2243 1934 ex
2263 1877 2394 1932 Julii
2415 1877 2672 1940 Caesaris,
2707 1874 2823 1930 sive
2859 1873 3142 1944 Sosigenis
3170 1872 3389 1927 decreto
3407 1884 3541 1941 prte-

1981 1974 2154 2028 stituti
2187 1973 2298 2027 sint
2340 1972 2398 2025 in
2439 1969 2770 2025 Kalendario
2798 1965 3038 2031 Iuliano,
3079 1980 3187 2019 non
3231 1970 3342 2018 tam
3382 1961 3542 2018 facile

1980 2065 2130 2118 dictu
2171 2069 2280 2126 est,
2321 2076 2485 2132 quam
2516 2059 2706 2114 haberi
2731 2059 2895 2128 vulgo
2918 2059 3094 2112 video.
3130 2053 3266 2108 Nam
3294 2052 3542 2124 plerique

1982 2154 2161 2208 Martii
2188 2169 2297 2208 xxv
2341 2151 2728 2222 aequinoctium
2771 2165 2998 2203 vernum
3034 2163 3064 2201 a
3093 2145 3308 2201 Caesare
3342 2143 3544 2198 consti-

1983 2253 2162 2301 tutum
2188 2259 2310 2300 esse
2329 2250 2556 2300 censent
2579 2260 2594 2296 :
2624 2241 2918 2298 solstitium
2943 2239 3192 2294 aestivum
3215 2251 3342 2291 xxiv
3360 2234 3540 2302 Junii;

1981 2337 2366 2410 aequinoctium
2396 2334 2708 2389 autumnale
2735 2347 2863 2386 xxrv
2893 2329 3266 2400 Septembris;
3299 2327 3545 2382 brumale

1983 2430 2219 2499 denique
2249 2425 2544 2482 solstitium
2583 2441 2690 2479 xxv
2719 2423 3055 2484 Decembris,
3083 2423 3267 2475 omnia
3297 2420 3352 2474 in
3392 2425 3544 2473 octa-

1981 2523 2067 2577 vis
2097 2519 2387 2575 Kalendas.
2431 2515 2511 2572 Ita
2559 2531 2627 2572 ex
2669 2514 2966 2570 Columella
3000 2514 3094 2568 lib.
3127 2511 3219 2575 1X,
3252 2526 3374 2580 cap.
3399 2508 3542 2574 XIV,

1983 2619 2037 2667 et
2075 2612 2170 2666 lib.
2198 2610 2295 2674 XI.
2333 2625 2452 2681 cap.
2477 2609 2521 2663 ll
2569 2605 2876 2678 colligitur;
2919 2605 3124 2660 diserte
3172 2618 3304 2657 vero
3332 2601 3543 2656 Plinius

1983 2704 2076 2759 lib.
2115 2700 2283 2757 XVIII
2338 2717 2460 2772 cap.
2503 2699 2649 2754 XXV
2689 2707 2743 2753 et
2785 2695 2997 2751 XXVIII
3049 2694 3101 2750 id
3148 2692 3397 2750 allirmat.
3430 2691 3545 2746 Hoc

1984 2795 2148 2850 modo
2194 2793 2537 2849 intervallum
2585 2792 2653 2846 ab
2690 2790 3015 2861 aequinoctio
3045 2802 3217 2843 verno
3267 2788 3333 2842 ad
3370 2786 3528 2843 solsti

1986 2890 2144 2953 tium,
2177 2887 2387 2942 dierum
2418 2893 2502 2940 est
2529 2886 2822 2955 xcrfaltero
2851 2884 3086 2940 termino
3111 2883 3355 2944 excluso,
3385 2896 3416 2935 a
3439 2879 3546 2934 sol-

1987 2982 2137 3038 stitio
2180 2980 2247 3035 ad
2297 2978 2685 3050 aequinoctium
2725 2976 3062 3041 autumnale,
3093 2990 3226 3038 xcn,
3258 2973 3326 3028 ab
3375 2970 3536 3042 aequi-

1986 3074 2172 3129 noctio
2193 3070 2493 3126 autumnali
2519 3068 2703 3124 itidem
2724 3084 2833 3123 xcu
2869 3069 2935 3123 ad
2965 3067 3207 3122 brumale
3232 3065 3544 3122 solstitium.

383 3181 510 3239 Haec
536 3199 646 3238 non
672 3184 905 3240 obscure
924 3191 1215 3249 testantur,
1241 3185 1592 3254 :equinoctia,
1622 3196 1675 3241 et
1700 3186 1882 3242 solsti-
1920 3153 1962 3210 ο
1995 3163 2133 3219 Hinc
2179 3163 2246 3217 ad
2295 3175 2521 3217 vernum
2567 3161 2984 3229 παυίηοείίυων
3027 3157 3145 3213 dies
3190 3172 3275 3212 ιε’
3311 3155 3386 3211 ha
3428 3155 3546 3211 dies

321 3275 398 3329 tia
443 3290 722 3346 nunquam
770 3275 898 3330 alibi
948 3276 1016 3330 ab
1069 3276 1470 3346 antiquioribus
1523 3279 1876 3345 astronomis,

321 3382 485 3438 quam
516 3369 573 3421 in
614 3368 819 3424 mutuis
844 3367 1173 3422 circulorum
1205 3369 1561 3436 sectionibus,
1601 3377 1655 3424 et
1689 3371 1884 3425 tactio-

319 3459 484 3514 nibus
531 3460 798 3514 collocata
843 3459 1035 3527 fuisse,
1087 3475 1226 3532 quas
1271 3470 1473 3516 octavae
1511 3463 1611 3526 [vel
1660 3462 1884 3518 decimae

317 3550 523 3621 quintae
565 3552 846 3622 signorum
891 3555 1055 3622 parti,
1096 3553 1180 3608 vel
1211 3554 1334 3608 aliis
1380 3554 1885 3624 imputabantmec

319 3651 540 3698 octavas
571 3643 715 3706 illas,
746 3650 1041 3700 caeterasve
1072 3651 1254 3713 partes
1289 3645 1356 3699 ab
1388 3645 1882 3714 aequinoctialibus,

320 3742 415 3788 aut
467 3735 844 3791 solstitialibus
891 3737 1109 3805 punctis
1162 3751 1287 3792 esse
1338 3746 1673 3794 numeratas.
1727 3739 1884 3804 Quod

322 3820 622 3895 Scaligero,
655 3835 714 3880 et
747 3826 1021 3897 plerisque
1055 3827 1174 3883 aliis
1199 3829 1414 3898 placere
1455 3829 1645 3899 video;
1690 3845 1754 3886 ac
1789 3845 1886 3900 pro

321 3929 600 3987 comperto
623 3922 828 3989 passim
863 3906 1075 3978 haberi.
1110 3922 1249 3980 Ilinc
1278 3925 1422 3980 enim
1452 3923 1766 3995 Sosigenem
1789 3925 1888 3981 Ju-

321 4009 564 4080 liumque
595 4011 866 4068 Caesarem
905 4015 1241 4070 arbitrantur
1271 4017 1326 4071 in
1356 4027 1580 4074 octavos
1620 4017 1889 4074 Kalenda-

320 4116 442 4157 rum
473 4103 589 4156 dics
632 4103 760 4157 anni
798 4104 883 4158 sui
932 4090 1234 4175 conjecisse
1282 4107 1566 4175 cardines;
1598 4117 1655 4162 ut
1688 4109 1742 4163 in
1777 4107 1887 4162 Ka-

321 4191 510 4248 lendas
547 4194 694 4263 ipsas
723 4195 1126 4250 succedentium
1153 4199 1419 4253 mensium
1451 4207 1655 4254 octavae
1690 4201 1889 4271 signo-

320 4297 442 4336 rum
478 4292 660 4353 partes
688 4283 1010 4348 inciderent,
1050 4285 1104 4338 in
1135 4286 1336 4355 quibus
1387 4289 1734 4359 aequinoctia,
1773 4290 1884 4344 sol-

1985 3258 2318 3328 colliguntur
2349 3254 2480 3310 anni
2509 3254 2678 3310 totius
2708 3267 2932 3309 cccuv.

2026 3381 2220 3460 'Atqui
2261 3386 2380 3441 haec
2413 3385 2532 3456 ipsa
2584 3383 2870 3438 cardinum
2915 3381 3196 3437 intervalla
3228 3395 3337 3435 non
3374 3377 3545 3434 Varro

1986 3482 2186 3543 solum,
2221 3479 2340 3543 sed,
2372 3477 2518 3549 quod
2556 3477 2754 3530 mirum
2805 3481 2908 3538 est,
2954 3472 3164 3528 Plinius
3214 3473 3327 3541 ipse
3371 3471 3546 3540 capite

1987 3575 2080 3628 illo
2103 3571 2250 3627 XXV
2287 3571 2412 3626 libri
2441 3567 2606 3624 XVIII
2639 3569 2798 3638 longe
2831 3567 2990 3622 aliter
3018 3565 3250 3636 partitus
3282 3573 3382 3619 est.
3409 3561 3478 3617 Ut
3516 3578 3545 3616 a

1987 3665 2233 3720 Varrone
2288 3663 2510 3726 ordiar,
2576 3661 2668 3716 hic
2722 3660 2777 3714 in
2829 3656 3026 3712 librol
3077 3655 3152 3711 De
3205 3672 3260 3709 re
3311 3656 3546 3715 rustica,

1986 3773 2109 3827 cap.
2157 3753 2409 3818 XXVIII,
2453 3752 2522 3808 de
2563 3766 2706 3806 anno
2748 3749 2967 3804 Juliano
2995 3749 3253 3819 loquens,
3308 3747 3412 3800 hoc
3461 3752 3547 3800 est

1992 3867 2010 3899 ‹
2040 3847 2256 3912 diebus,
2290 3863 2308 3897 ι
2350 3843 2548 3914 inquit,
2587 3858 2607 3892 ‹
2634 3840 2911 3904 civilibus,
2936 3837 3030 3908 qui
3071 3852 3216 3891 nunc
3247 3842 3394 3901 sunt,
3428 3853 3448 3887 ι
3477 3839 3547 3890 ab

1986 3936 2316 4010 aequinoctio
2344 3949 2513 3990 verno
2547 3932 2615 3987 ad
2647 3930 2944 3987 solstitium
2983 3935 3236 3983 numerat
3269 3927 3386 3982 dles
3406 3941 3548 3992 xcn;

1985 4032 2114 4086 hinc
2141 4030 2209 4084 ad
2232 4025 2544 4083 autumnale
2572 4022 2979 4094 atquinoctium,
3011 4019 3127 4075 dies
3154 4033 3276 4073 xcvr
3303 4037 3317 4073 :
3349 4017 3417 4072 ab
3444 4016 3549 4070 hoc

1987 4122 2052 4176 ad
2081 4120 2327 4176 brumale
2355 4115 2674 4180 solstitium,
2703 4113 2821 4169 dies
2853 4127 3077 4166 Luxu.
3110 4108 3241 4165 Inde
3281 4109 3350 4163 ad
3379 4108 3548 4178 aequi-

1987 4214 2228 4270 noctium
2275 4225 2500 4267 vernum
2547 4208 2665 4264 dies
2711 4221 2908 4261 Lxxxv.
2969 4203 3177 4258 Desunt
3227 4202 3296 4256 ad
3347 4215 3549 4255 annum

1987 4302 2369 4376 complendum
2407 4301 2524 4356 dies
2562 4308 2695 4355 tres.
2735 4295 2854 4351 Jam
2902 4310 3032 4350 vero
3072 4294 3117 4349 si
3164 4291 3550 4363 aequinoctium

321 4376 576 4445 stitiaque
618 4375 886 4429 committi
937 4377 1105 4444 prisci
1154 4392 1346 4433 omnes
1395 4381 1632 4436 artifices
1679 4380 1889 4451 Opinati

1990 4375 2217 4453 vernum
2255 4396 2552 4452 collocetur
2583 4394 2635 4448 in
2681 4407 2779 4448 vm
2826 4389 2946 4446 Kal.
2981 4389 3135 4459 Apr.,
3164 4389 3269 4443 hoc
3294 4394 3379 4442 est
3408 4386 3550 4440 Mar-

321 4474 470 4522 sum-
495 4465 610 4521 Diei
646 4465 749 4520 hoc
778 4481 808 4520 3
834 4467 1020 4520 multis
1055 4467 1320 4539 ίηῑθηίὲον
1347 4483 1378 4522 ³
1417 4485 1526 4540 (ιυο
1551 4479 1604 4526 ει
1640 4487 1740 4527 "05
1776 4472 1881 4542 iP5i
1915 4480 1959 4535 D
1987 4492 2048 4545 tii
2077 4505 2204 4554 xxv,
2241 4488 2616 4555 addanturque
2646 4483 2762 4538 dies
2797 4496 2927 4547 xcn,
2968 4481 3212 4536 calculus
3249 4477 3461 4534 desinet
3492 4478 3549 4532 in

319 4555 612 4626 aliquando
647 4572 757 4613 non
808 4556 1212 4614 abborruimus.
1261 4558 1366 4614 Sed
1416 4560 1470 4614 id
1515 4561 1736 4618 minime
1764 4578 1886 4618 esse
1986 4599 2062 4638 νη
2088 4581 2208 4635 Κει,
2238 4579 2431 4643 ιυιίεε,
2454 4575 2600 4631 Junii
2629 4591 2764 4641 xxv;
2799 4581 2910 4628 ιυιιι
2935 4572 3164 4641 adjectis
3186 4571 3380 4626 diebus
3402 4583 3547 4633 χενι,

318 4666 507 4704 verum
557 4665 624 4705 ex
670 4651 936 4719 superiori
985 4651 1135 4705 omni
1167 4651 1539 4721 disputatione
1585 4655 1880 4725 colligitur.

318 4746 437 4802 Non
485 4748 631 4803 enim
661 4758 882 4804 octavas
921 4759 1106 4820 partes
1144 4751 1237 4820 qui
1271 4752 1400 4805 olim
1456 4753 1530 4808 ita
1579 4755 1886 4810 sentiebant

322 4848 443 4910 post
473 4840 751 4912 signorum
790 4842 1061 4907 cardines,
1096 4845 1189 4899 sed
1217 4844 1273 4898 in
1302 4844 1436 4913 ipsis
1465 4846 1783 4902 cardinibus
1813 4847 1887 4902 lo-

318 4932 551 4998 cubant;
579 4934 730 4986 initia
753 4948 879 4986 vero
910 4933 1189 5003 signorum
1213 4945 1408 4990 octavo
1434 4945 1559 4990 ante
1586 4937 1781 5004 gradu.
1809 4937 1886 4992 Ac

316 5023 385 5077 de
405 5021 624 5077 Juliano
653 5024 870 5092 quidem
911 5039 1054 5077 anno
1083 5026 1371 5095 perspicua
1400 5041 1486 5081 res
1521 5029 1649 5091 erit,
1685 5029 1732 5083 si
1760 5031 1884 5101 quis

318 5115 465 5169 illius
494 5115 723 5169 formam
755 5131 820 5170 ex
848 5115 1065 5184 Ovidio,
1099 5117 1419 5183 Columella,
1453 5119 1652 5184 Plinio,
1685 5135 1750 5175 ac
1780 5137 1884 5176 cae-

315 5211 447 5264 teris
472 5212 741 5266 aestimare
773 5211 917 5274 velit,
946 5227 976 5266 a
996 5212 1193 5282 quibus
1215 5221 1297 5268 est
1321 5214 1449 5268 anni
1474 5215 1592 5283 ejus
1623 5231 1883 5285 expressa

313 5303 475 5354 ratio.
510 5301 719 5371 Quippe
752 5302 1057 5373 ingressum
1096 5304 1229 5358 solis
1259 5305 1315 5358 in
1345 5305 1787 5360 dodecatemoria
1815 5307 1884 5360 ad

313 5400 566 5447 octavum
599 5394 818 5449 circiter
849 5403 974 5449 ante
1019 5397 1255 5452 solstitia
1291 5398 1696 5466 etmquinoctia
1738 5398 1881 5454 diem

310 5491 628 5554 apponunt;
660 5500 838 5555 neque
870 5484 1034 5539 fando
1064 5495 1148 5541 est
1193 5487 1459 5540 hactenus
1490 5489 1758 5551 auditum,
1803 5490 1884 5543 ci-

308 5579 412 5630 vile
449 5577 839 5646 aequinoctium
884 5586 978 5631 aut
1012 5579 1307 5633 solstitium
1342 5579 1395 5633 in
1422 5578 1691 5635 Kalendas
1734 5581 1881 5635 inse~

307 5668 587 5737 quentium
642 5671 908 5723 mensium
975 5685 1004 5723 a
1054 5669 1312 5740 Sosigeue
1358 5672 1441 5725 vel
1486 5671 1703 5727 Caesare
1756 5689 1878 5727 esse

309 5765 589 5837 rejectum.
618 5767 772 5834 Quod
794 5770 1016 5824 omnino
1055 5785 1278 5826 necesse
1306 5768 1427 5834 fuit,
1461 5771 1504 5824 si
1540 5777 1634 5824 aut
1661 5778 1873 5826 veteres

1989 4674 2190 4729 incidet
2234 4669 2620 4742 aequinoctium
2669 4667 2726 4720 in
2777 4664 3112 4735 Septembris
3151 4679 3314 4728 xxnt;
3366 4661 3552 4718 solsti-

1988 4765 2124 4820 tium
2156 4770 2335 4818 antem
2374 4759 2642 4822 brumale,
2683 4756 2884 4812 additis
2916 4769 3114 4809 Lxxxtx
3145 4754 3359 4816 diebus,
3393 4751 3550 4806 cadet

1988 4857 2042 4910 in
2073 4871 2221 4910 xxvn
2254 4852 2602 4916 Decembris;
2640 4849 2834 4917 reliqui
2869 4853 3030 4901 erunt
3061 4844 3128 4898 ad
3157 4858 3361 4898 annum
3392 4857 3548 4897 com-

1986 4948 2241 5019 plendum
2263 4946 2379 5000 dies
2409 4957 2674 4998 Lxxxvm.
2704 4941 2772 4993 At
2797 4937 2970 4992 Varro
3005 4952 3036 4990 a
3057 4937 3252 4991 bruma
3277 4933 3343 4988 ad
3376 4932 3549 4988 Favo-

1985 5041 2137 5094 nium
2168 5038 2285 5094 dies
2314 5052 2436 5100 XLV,
2468 5049 2498 5088 a
2532 5033 2772 5088 Favonio
2805 5031 2872 5086 ad
2906 5028 3292 5099 atquinoctium
3321 5041 3545 5090 vernum

1985 5133 2102 5186 dies
2129 5145 2198 5184 xl.
2242 5134 2559 5198 computat:
2588 5125 2680 5195 qui
2731 5138 2839 5178 non
2889 5122 3073 5191 plures
3115 5117 3348 5181 collecti,
3381 5130 3547 5186 quam

1984 5221 2224 5291 quinque
2272 5227 2324 5272 et
2365 5217 2641 5288 octoginta
2691 5214 2916 5268 faciunt.
2974 5209 3080 5266 Sed
3115 5209 3434 5264 mendosum
3467 5206 3549 5260 vi-

1984 5314 2144 5368 detur
2183 5312 2526 5367 intervallum
2584 5310 2652 5362 ab
2701 5306 2936 5362 Solstitio
2977 5303 3166 5358 aestivo
3197 5301 3262 5355 ad
3303 5298 3546 5369 aequino-

1983 5409 2151 5461 ctium
2175 5404 2456 5468 autumni;
2489 5401 2634 5471 quod
2664 5407 2857 5468 praeter
2882 5397 3113 5450 aliorum
3137 5394 3379 5448 omnium
3408 5405 3544 5443 con-

1984 5514 2202 5552 sensum
2241 5496 2433 5550 diebus
2461 5509 2580 5548 xcvi
2615 5491 2828 5555 linitur;
2862 5496 2976 5541 tum
3003 5487 3167 5541 etiam
3192 5486 3443 5547 alterum,
3475 5483 3544 5534 ab

1985 5589 2216 5641 hiberno
2253 5585 2489 5641 solstitio
2535 5582 2602 5636 ad
2644 5594 2870 5634 vernum
2898 5615 2913 5639 ,
2959 5575 3102 5645 quod
3134 5575 3284 5644 justo
3321 5571 3543 5626 brevius

1981 5687 2086 5733 est.
2118 5681 2185 5731 At
2210 5694 2336 5732 ecce
2359 5677 2543 5730 turbat
2574 5675 2769 5756 iteruln
2796 5671 2988 5734 Varro,
3011 5668 3102 5737 qui
3129 5665 3317 5722 eodem
3368 5662 3546 5730 capite

1984 5784 2150 5825 verno
2199 5768 2428 5834 tempori
2478 5765 2667 5820 tribuit
2717 5763 2834 5818 dies
2880 5775 2987 5823 xei,
3043 5757 3215 5812 testati
3261 5768 3404 5817 xcrv,
3451 5764 3547 5803 au-
