4022 6398
467 336 606 401 I359

1470 339 1560 392 AD
1599 334 1863 391 EUSEBII
1902 329 2296 389 CHRONICON
2335 331 2694 388 ΔΡΡΕΝΒΙΞ.

3552 329 3710 386 1560

466 467 660 514 tumno
688 467 797 520 xct,
821 453 986 509 hiemi
1015 464 1217 507 Lxxxtx
1243 471 1257 519 ;
1289 467 1424 522 quas
1469 452 1689 524 quidem
1731 454 2026 518 tempesta-
2056 450 2102 506 Α
2197 445 2242 498 Α
2272 445 2508 501 solstitio
2543 444 2609 500 ad
2636 443 3025 514 aequinoctium
3061 441 3374 499 autumnale
3401 443 3520 499 dies
3555 459 3707 510 xcu.

466 554 555 603 tes
581 552 707 600 ante
739 542 991 600 cardines
1023 543 1171 615 ipsos
1197 541 1385 611 incipit
1415 560 1427 595 :
1456 556 1547 595 ver
1575 555 1605 593 a
1635 539 1892 598 Favonio,
1929 535 2024 606 qui
2123 535 2290 591 horas
2318 551 2419 590 xtt.

469 636 680 705 spirare
706 633 904 703 incipit
947 648 1013 688 ex
1049 647 1101 686 a.
1156 632 1213 684 d.
1266 647 1340 686 vu
1381 630 1460 684 ιιι.
1505 627 1666 686 Febr.
1717 628 1785 683 ad
1816 642 1891 682 vu
1941 626 2020 681 ld.

472 726 630 792 Maii;
693 731 936 780 aestatem
999 722 1123 777 inde
1165 721 1231 775 ad
1297 721 1439 776 diem
1493 736 1567 774 vu
1619 720 1692 773 Id.
1751 717 2023 784 Sextiles;

471 827 791 873 autumnum
839 815 909 870 ab
954 814 1059 868 hor.
1107 813 1193 868 die
1222 811 1291 867 ad
1335 828 1388 866 tv
1429 810 1504 866 Id.
1551 810 1723 874 Nom;
1757 811 2026 880 reliquum

473 909 636 965 hiemi
668 909 915 977 imputat.
948 904 1073 959 llaec
1116 904 1398 959 intervalla
1441 905 1488 959 si
1531 903 1846 974 singillatim
1877 916 2027 956 com-

471 1008 649 1071 putes,
677 997 917 1054 exclusis
958 997 1234 1067 prioribus
1274 995 1544 1061 terminis,
1575 994 1817 1048 invenies
1859 991 2027 1063 priori

471 1095 588 1153 dies
618 1101 930 1164 competere
959 1106 1046 1146 xei
1074 1135 1091 1158 ,
1117 1090 1292 1144 aestati
1316 1088 1432 1144 dies
1464 1102 1528 1142 xc
1557 1106 1570 1153 ;
1607 1094 1869 1140 autumno
1911 1085 2028 1138 dies

471 1205 610 1257 xcv;
639 1187 805 1244 hiemi
839 1201 1060 1242 Lxxxtx.
1095 1183 1315 1238 Minime
1347 1183 1529 1252 itaque
1553 1181 1654 1236 sibi
1680 1178 2027 1235 consentiens

471 1289 557 1338 est
587 1279 780 1336 Varro.

539 1393 750 1450 Plinius
777 1409 904 1450 vero
933 1393 1104 1449 nihilo
1134 1393 1306 1463 magis
1333 1404 1566 1446 concors
1605 1396 1690 1445 est
1725 1404 1932 1453 secum,
1975 1394 2031 1442 et

472 1488 594 1555 ejus
622 1486 776 1541 locus
818 1484 1264 1540 manifestissimo
1285 1482 1482 1536 mendo
1512 1489 1746 1536 tenetur.
1779 1499 1797 1531 ι
1826 1478 2027 1544 Cardo,

475 1576 673 1646 inquit,
711 1585 1019 1646 temporum
1060 1575 1462 1646 quadripartita
1511 1575 1642 1628 anni
1681 1573 2032 1628 distinctione

474 1676 692 1723 constat
754 1684 849 1739 per
913 1668 1250 1722 incrementa
1314 1667 1473 1721 lueis.
1524 1666 1769 1735 Augetur
1828 1666 1943 1721 haec
2001 1681 2064 1720 a.

473 1759 689 1823 bruma,
745 1767 799 1814 et
852 1770 1102 1830 aequatur
1148 1759 1403 1813 noctibus
1457 1773 1626 1813 verno
1682 1759 2030 1828 aequinoctio,
2066 1777 2110 1832 Β

473 1851 668 1906 diebus
715 1866 813 1913 xc,
860 1851 1008 1905 boris
1047 1866 1128 1905 ιιι.
1197 1849 1398 1905 Deinde
1435 1858 1658 1920 superat
1722 1860 1909 1905 noctes
1968 1850 2035 1904 ad

476 1943 770 1998 solstitium
797 1942 991 1996 diebus
1037 1955 1187 2005 xcut,
1223 1940 1376 1996 horis
1399 1955 1499 2006 xu,
1543 1955 1716 2010 usque
1755 1940 1823 1994 ad
1865 1940 2035 2010 aequi-

477 2035 718 2089 noctium
760 2033 1026 2088 autumni.
1064 2032 1128 2086 Et
1159 2041 1273 2086 tum
1318 2040 1529 2101 aequata
1561 2032 1649 2086 die
1689 2033 1934 2102 procedit
1965 2047 2033 2088 ex

475 2137 542 2177 eo
591 2122 656 2175 ad
705 2122 955 2176 brumam
1004 2120 1196 2176 diebus
1231 2135 1454 2187 Lxxxtx,
1489 2121 1640 2177 horis
1671 2137 1754 2176 ιιι.
1788 2143 1806 2176 ι
1847 2122 1908 2178 1η
1948 2124 2032 2179 his

476 2213 660 2268 verbis
700 2213 1040 2268 desideratur
1071 2214 1341 2268 intervalli
1376 2218 1839 2286 circumscriptio,
1885 2217 2033 2288 quod

477 2305 547 2360 ab
587 2305 821 2361 solstitio
853 2307 1043 2360 aestivo
1083 2307 1148 2359 ad
1201 2310 1515 2362 autumnale
1548 2312 1799 2378 pertinet.
1830 2309 2036 2380 Legen-

476 2397 605 2450 dum
638 2397 823 2466 itaque
845 2407 988 2466 post,
1025 2415 1042 2448 ι
1076 2397 1226 2452 boris
1256 2413 1352 2464 xu,
1383 2418 1403 2450 ι
1436 2400 1542 2454 hee
1573 2400 1685 2456 fere
1706 2401 1886 2467 modo,
1925 2422 1944 2455 ι
1978 2409 2033 2458 et

478 2489 603 2544 inde
649 2488 840 2544 diebus
869 2504 1001 2553 xcu,
1038 2490 1188 2546 boris
1216 2505 1292 2544 xu
1339 2506 1513 2561 usque
1550 2491 1618 2546 ad
1649 2494 2031 2564 aequinoctium

477 2582 746 2636 autumni.
782 2600 800 2633 ι
834 2579 968 2634 Nam
1014 2583 1118 2636 tria
1173 2583 1457 2638 intervalla
1493 2584 1581 2638 hie
1615 2601 1875 2656 expressa
1915 2589 2032 2643 dies

476 2672 773 2728 conﬁciunt
800 2687 1037 2737 ccnxxu,
1066 2675 1228 2729 horas
1253 2690 1406 2728 xvm.
1445 2675 1519 2729 Ea
1550 2677 1791 2732 detracta
1823 2679 1890 2734 de
1917 2680 2034 2733 die-

477 2765 581 2820 bus
626 2779 826 2820 cceva
873 2767 995 2835 ιμ,
1047 2765 1295 2822 residuos
1337 2767 1542 2822 faciunt
1583 2768 1700 2823 dies
1752 2785 1858 2824 xcu
1907 2771 2028 2839 1/2.

477 2855 659 2922 Quare
706 2872 770 2910 ex
804 2867 984 2912 mente
1030 2855 1189 2911 Plinii
1227 2855 1414 2913 Julius
1456 2858 1638 2914 Caesar
1688 2860 1802 2915 haec
1851 2875 2032 2915 annua

478 2948 762 3003 intervalla
791 2947 1104 3018 descripsit.

2191 627 2272 679 Ab
2290 625 2617 696 aequinoctio
2635 623 2938 679 autumnali
2957 622 3022 677 ad
3047 622 3298 677 brumam
3322 621 3442 678 dies
3463 637 3714 688 Lxxxsx,

2125 715 2290 770 horas
2324 731 2403 769 ιιι.

2197 805 2241 858 Α
2298 804 2488 860 bruma
2556 804 2624 858 ad
2681 820 2909 860 vernum
2961 803 3361 875 aequinoctium
3413 802 3534 859 dies
3594 817 3716 862 xc.

2127 893 2289 950 horas
2322 911 2412 950 ut.

2200 987 2294 1042 His
2340 986 2771 1049 animadversis,
2807 987 2852 1042 si
2887 985 3270 1056 aequinoctium
3317 999 3546 1039 vernum
3585 991 3724 1038 sta-

2127 1091 2313 1137 tuatur
2346 1083 2398 1135 in
2424 1098 2526 1135 xxv
2557 1079 2756 1141 Martii,
2787 1079 2990 1133 additis
3027 1077 3222 1132 diebus
3252 1091 3404 1140 xcut,
3447 1075 3722 1131 ealculus

2127 1175 2337 1230 desinet
2360 1173 2415 1226 in
2443 1187 2568 1226 xxvr
2594 1169 2762 1224 Junii.
2807 1170 2950 1224 Hine
2982 1177 3102 1238 post
3129 1167 3245 1222 dies
3270 1181 3403 1230 xeu,
3431 1165 3725 1234 conjicie-

2131 1273 2222 1318 tur
2257 1263 2572 1317 autumnale
2610 1262 2995 1330 aequinoctium
3042 1261 3096 1313 in
3128 1274 3253 1312 xxv:
3295 1256 3466 1326 Sept.,
3505 1257 3716 1311 sclsti-

2129 1361 2264 1412 tium
2290 1357 2577 1411 hibernum
2609 1355 2663 1409 in
2687 1369 2813 1407 xxiv
2844 1352 3174 1413 Decembris,
3203 1357 3297 1403 aut
3319 1365 3447 1414 xxv,
3489 1357 3551 1402 ut
3573 1347 3727 1402 inde

2130 1448 2196 1501 ad
2224 1462 2451 1502 vernum
2479 1445 2869 1516 aequinoctium
2894 1443 3009 1497 dies
3039 1442 3236 1511 reliqui
3268 1443 3376 1495 sint
3403 1455 3490 1494 xc.
3523 1439 3724 1493 Biduo

2132 1540 2316 1610 itaque
2350 1539 2404 1592 in
2443 1538 2682 1592 solstitio
2711 1537 2921 1601 mstivo,
2955 1543 3010 1589 et
3042 1533 3341 1588 autumnali
3371 1531 3723 1602 aequinoctio

2132 1629 2344 1684 Plinius
2380 1644 2412 1682 a
2446 1630 2630 1698 seipso
2661 1627 3028 1697 discrepabat.
3078 1625 3414 1680 Crediderim
3457 1625 3722 1693 primum

2135 1734 2165 1772 a
2197 1717 2461 1788 Sosigene
2487 1717 2648 1772 civile
2677 1717 2970 1771 solstitium
3001 1716 3250 1770 aestivum
3281 1716 3334 1768 in
3367 1711 3521 1767 Junii
3549 1729 3716 1772 xxiv,

2135 1821 2188 1867 et
2210 1811 2597 1880 aequinoctium
2631 1811 2683 1864 iu
2719 1809 3054 1879 Septembris
3086 1824 3212 1862 xxtv
3238 1805 3670 1863 esse’eollatum
3700 1846 3715 1867 ,

2137 1902 2430 1958 solstitium
2479 1901 2767 1956 hibernum
2799 1916 2903 1954 xxv
2953 1899 3266 1953 Decembris
3295 1916 3308 1952 :
3336 1905 3394 1951 ut
3441 1897 3498 1950 in
3547 1907 3722 1950 oeta-

2134 2009 2259 2047 vum
2291 1990 2561 2046 Kalendas
2605 2000 2842 2061 quatuor
2877 1988 3238 2044 cardinalium
3284 1988 3565 2057 signorum
3617 1986 3718 2038 in-

2136 2087 2332 2140 troitus
2367 2084 2688 2139 inciderent.

2203 2179 2260 2233 ιιι
2291 2177 2634 2239 Kalendario,
2669 2175 2812 2246 quod
2855 2173 2983 2228 Julii
3014 2171 3245 2227 Caesaris
3276 2168 3494 2224 nomine
3523 2165 3721 2222 Lucas

2132 2269 2398 2324 Gaurieus
2444 2268 2634 2328 edidit,
2679 2266 3066 2335 azquinoctium
3124 2263 3350 2320 vernum
3406 2264 3717 2318 aseribitur

2133 2378 2228 2417 vut
2258 2361 2376 2416 Kal.
2414 2360 2567 2431 Apr.,
2607 2374 2753 2414 nono
2783 2359 2868 2414 die
2907 2358 2974 2412 ab
3007 2359 3252 2429 ingressu
3289 2359 3421 2414 solis
3454 2358 3511 2409 in
3551 2358 3717 2409 Arie-

2132 2464 2239 2509 tem
2271 2473 2286 2508 :
2317 2462 2371 2509 et
2417 2453 2708 2508 solstitium
2745 2452 2991 2506 aestivum
3020 2466 3117 2504 vut
3166 2453 3292 2505 item
3343 2449 3459 2503 Cal.
3508 2448 3715 2512 Julias,

2134 2547 2364 2616 septimo
2388 2545 2474 2599 die
2504 2558 2665 2614 quam
2704 2543 2785 2598 sol
2821 2543 2874 2596 in
2909 2541 3179 2596 Cancrum
3203 2537 3387 2596 subiit.
3420 2541 3527 2595 Sed
3554 2542 3717 2596 valde

2133 2637 2320 2690 rudem
2349 2642 2565 2706 oportet
2593 2649 2735 2698 esse,
2763 2633 2856 2702 qui
2885 2633 2988 2686 hoc
3017 2620 3394 2686 Kalendarium
3427 2629 3559 2684 Julii
3580 2634 3717 2685 Kse-

2135 2731 2274 2784 saris
2325 2744 2446 2784 esse
2501 2729 2602 2782 sibi
2649 2725 3005 2796 persuadeat,
3046 2726 3124 2778 uti
3164 2727 3304 2780 libro
3349 2722 3416 2778 ιι
3449 2725 3523 2779 De
3564 2711 3726 2779 doct.-

2137 2829 2314 2887 tcmp..
2345 2834 2466 2888 cap.
2498 2805 2615 2879 XII,
2635 2816 3148 2872 demonstravimus.

2203 2910 2481 2964 Postremo
2511 2910 2555 2964 si
2591 2908 2714 2977 quis
2747 2923 2908 2962 veros
2927 2907 3051 2961 anni
3081 2907 3332 2961 cardines
3353 2921 3500 2960 anno
3531 2907 3715 2975 primo

2135 2999 2352 3054 Juliano
2391 2999 2532 3054 scire
2576 2999 2748 3065 velit,l
2771 3013 2837 3052 ex
2872 2999 3120 3066 sequenti
3165 2998 3360 3052 tabella
3397 2997 3605 3061 discet;
3655 2996 3715 3048 in

549 3059 640 3174 tl:
670 3061 998 3174 ﬂuim‘“
1045 3077 1213 3116 verno
1252 3060 1321 3116 ad
1369 3063 1663 3119 manium
1708 3066 1826 3122 dies
1880 3082 2030 3133 ¹⁶¹¹¹ν
2062 3113 2106 3174 (ς
2139 3109 2301 3164 quam
2342 3092 2548 3146 medios
2598 3059 2817 3161 quoque
2863 3059 2996 3145 solis
3025 3091 3306 3160 ingressus
3338 3089 3392 3143 in
3424 3059 3715 3144 dederate-

476 3149 642 3207 horas
671 3167 770 3206 xu.

2143 3185 2320 3241 moria
2353 3183 2688 3254 coniecimus
2723 3197 2791 3237 ex
2821 3179 3223 3251 Diagrammate
3251 3180 3346 3236 lib.
3383 3180 3424 3244 l,
3472 3195 3597 3250 pag.
3619 3179 3716 3233 3|.

721 3326 939 3384 Tabella
967 3329 1275 3397 mediorum,
1305 3346 1367 3388 ac
1400 3320 1793 3393 verorum'solis
1827 3341 2166 3413 ingressum
2199 3344 2254 3397 in
2295 3342 2446 3412 signa
2479 3338 2777 3393 cardinalia
2808 3353 2948 3390 anno
2973 3335 3160 3404 'primo
3185 3333 3431 3388 Juliano.

1478 3448 1744 3505 Caunmss
1784 3467 1953 3508 IEDII.

987 3557 1402 3637 {Equinoctium
1439 3580 1668 3637 vernum
1714 3567 1916 3637 Martii,
1993 3587 2141 3637 xxiv,
2183 3571 2245 3624 21
2274 3609 2289 3633 ,
2332 3571 2430 3622 ιιι.

2003 3657 2152 3704 xxtv,
2225 3641 2291 3706 4,

2007 3726 2164 3773 xxtu,
2199 3712 2285 3770 12,
2364 3709 2431 3762 6'.

2009 3796 2167 3843 xxut,
2204 3780 2290 3843 l9,
2328 3779 2429 3834 δι’.

999 3627 1303 3704 δρῐειιιιιιιη
1336 3635 1582 3688 aestivum
1716 3636 1888 3704 Junii,

995 3698 1405 3778 ἒι-Εᾳιιῇιιουιίιιιιι
1430 3706 1678 3760 autumni
1713 3707 1864 3778 Sept.

995 3766 1302 3825 Sol’stitium
1335 3773 1618 3829 hibernum
1719 3766 1842 3832 Dee.

2637 3453 2912 3506 CARDINES
2948 3463 3096 3504 νειιι.

2544 3566 2723 3620 Martii
2796 3582 2941 3631 xxu,
2958 3566 3049 3628 23,
3086 3561 3188 3618 47'-

2537 3637 2685 3691 Junii
2795 3653 2945 3699 xxiv,
2965 3637 3056 3697 25,
3123 3635 3195 3687 5'-

2541 3707 2693 3776 Sept.
2809 3722 2942 3768 xxv,
2979 3707 3064 3776 I_l,
3092 3705 3190 3776 _l_l_'.

2556 3773 2680 3831 Dee.
2812 3791 2960 3839 xxiv,
2981 3774 3072 3836 23,
3089 3773 3190 3826 δι’.

2325 3640 2406 3693 59¹
2417 3679 2428 3692 .

544 3902 684 3975 ῐὶἷιιο
731 3929 954 3991 apparet
995 3920 1314 3995 Sosigenem
1344 3927 1552 3986 medios
1583 3931 1763 4001 potius
1787 3928 1928 3989 ’solis
1960 3933 2044 3988 in-
2146 3932 2379 4002 injectus
2434 3945 2462 3984 a
2527 3929 2685 3984 nobis
2739 3941 2960 3992 sermo,
3017 3919 3374 3995 Scaligeriani
3429 3923 3716 3993 cujusdam

478 4027 700 4083 gressus
731 4014 785 4066 in
819 4013 994 4082 signa,
1035 4030 1201 4085 quam
1229 4033 1388 4074 veros
1417 4020 1717 4090 exprimere
1757 4024 1994 4079 voluisse
2024 4041 2037 4078 :

477 4118 615 4172 quos
661 4100 793 4166 fere,
838 4110 1194 4174 praeterquam
1246 4106 1301 4160 in
1353 4123 1464 4160 uno
1511 4109 1738 4165 hiberno
1783 4111 2039 4174 solstitio,

475 4197 806 4245 consecutus
861 4198 965 4247 est.
1012 4190 1261 4263 Plerique
1307 4203 1490 4250 tamen
1541 4197 1859 4268 scriptores,
1907 4199 2036 4253 dum

2146 4023 2437 4078 commenti
2480 4020 2796 4076 meminisse
2831 4035 2933 4073 nos
2969 4018 3121 4080 facit,
3148 4017 3294 4087 quod
3325 4018 3379 4072 in
3412 4015 3717 4070 Manilianis

2141 4113 2287 4168 illius
2315 4112 2466 4168 Notis
2490 4110 2845 4182 legitur(pag.
2875 4105 2994 4179 157)
3015 4150 3030 4174 ,
3063 4116 3118 4164 et
3147 4109 3200 4162 In
3228 4109 3456 4179 epistola
3479 4109 3715 4177 quadam

2143 4204 2209 4258 ad
2254 4203 2570 4258 Mamertum
2626 4201 2986 4266 Patissouem,
3060 4217 3181 4272 qua:
3241 4212 3323 4254 est
3359 4208 3550 4269 quarta
3588 4198 3717 4251 libri

474 4287 718 4336 veterum
750 4289 1186 4338 astronomorum
1222 4286 1475 4343 cardines
1515 4287 1748 4344 diversis
1780 4290 2040 4358 tempori-
2136 4294 2300 4364 primi
2345 4293 2617 4349 editarum
2667 4307 2842 4363 nuper
2888 4291 3038 4346 illius
3067 4291 3444 4361 epistolarum.
3479 4307 3500 4339 ‹
3536 4287 3613 4341 Ibi
3645 4289 3716 4340 ab

478 4369 581 4426 1³³³³
609 4373 936 4428 θοηειίίιιῑοε
968 4373 1232 4444 ι’θιεευηιν
1275 4391 1371 4446 νει·
1399 4378 1819 4446 imprudentiam
1851 4395 1945 4433 eos
1980 4379 2033 4434 in
2138 4386 2273 4455 ipsis
2314 4384 2661 4440 incunabulis
2698 4383 3045 4437 astronomiae
3075 4381 3261 4448 (verba
3297 4388 3423 4437 sunt
3449 4378 3720 4449 epistolae:-

472 4461 747 4515 Julianum
775 4475 976 4515 annum
1009 4465 1423 4519 transtulerunt.
1462 4466 1771 4532 Quinetiam
1813 4467 2035 4539 Sosige-

2142 4477 2280 4529 hanc
2321 4485 2565 4530 veterum
2601 4473 2912 4529 Graecorum
2946 4474 3257 4542 Opinionem
3299 4471 3463 4525 fuisse
3506 4477 3720 4534 censet,

472 4565 572 4606 “es
618 4552 734 4622 ipse
773 4551 986 4607 Videtur
1021 4569 1211 4623 parum
1237 4555 1292 4609 in
1329 4556 1430 4610 hac
1479 4573 1538 4612 re
1583 4557 1891 4613 definienda
1935 4561 2041 4614 sibi
2142 4565 2375 4628 Eudoxi,
2422 4565 2674 4628 Metonis,
2724 4564 3036 4626 Cleostrati,
3075 4570 3132 4618 et
3179 4559 3552 4622 Euetemonis;
3597 4573 3720 4610 om-

471 4644 803 4699 constitisse.
864 4643 998 4698 Nam
1056 4664 1076 4696 ι
1132 4647 1295 4703 trinis
1341 4651 1896 4720 commentationibus
1943 4651 2042 4720 (ait
2140 4658 2290 4712 nium
2343 4657 2578 4728 denique
2627 4659 2693 4712 ad
2741 4657 3191 4723 Eratosthenem,
3246 4665 3300 4709 et
3347 4654 3722 4724 Hipparchum

473 4732 681 4789 Plinius
725 4735 817 4788 lib.
861 4733 1044 4801 XVIII,
1095 4752 1216 4807 cap.
1266 4736 1431 4810 XXV)
1462 4755 1776 4811 quanquam
1810 4742 2042 4812 diligen-
2140 4768 2347 4822 usque;
2400 4760 2719 4821 perpetuam
2782 4749 3128 4821 μεσημϐρίαν
3180 4749 3282 4804 sub
3336 4746 3548 4816 tropico
3603 4744 3720 4799 [ich

470 4826 577 4878 tior
602 4834 748 4880 esset
777 4827 1010 4892 caeteris,
1043 4843 1149 4880 nou
1205 4830 1442 4883 cessavit
1484 4839 1663 4885 tamen
1694 4831 2035 4896 addubitare,

471 4917 587 4986 ipse
629 4926 799 4972 semet
835 4918 1176 4987 corrigendo.
1234 4939 1251 4970 ι
1307 4919 1495 4991 Itaque
1536 4922 1682 4986 aliis,
1719 4930 1882 4993 atque
1912 4923 2035 4981 aliis

385 5012 388 5016 '
470 5008 664 5064 diebus
718 5009 972 5064 cardines
1026 5011 1270 5079 illigavit,
1346 5028 1411 5066 ex
1469 5027 1576 5082 quo
1636 5015 1868 5069 varietas
1944 5017 2034 5071 illa

469 5100 796 5170 scriptorum
843 5101 898 5154 iu
943 5104 1340 5158 constituendis
1382 5105 1725 5172 aequinortiis
1754 5122 1815 5158 ac
1849 5106 2034 5160 solsti-

468 5189 560 5244 tiis
588 5189 645 5244 in
678 5205 820 5245 anno
855 5189 1068 5246 Juliano
1101 5209 1352 5248 manasse
1379 5195 1611 5250 videtur.

1075 5284 1302 5339 CAPUT
1342 5285 1431 5340 Vl.

467 5373 544 5428 De
588 5376 728 5445 falsa
767 5375 1020 5448 Scaligeri
1049 5380 1306 5448 sententia
1337 5395 1492 5448 super
1522 5388 1748 5433 veterum
1788 5389 2030 5434 astrono-

539 5463 743 5500 morum
773 5447 1035 5502 solstitiis.
1057 5447 1258 5518 Contra
1285 5447 1434 5518 quem
1485 5449 1897 5511 demonstratur,
1936 5468 2028 5504 ne-

534 5530 630 5583 que
661 5529 959 5583 perpetuam
985 5517 1080 5571 sub
1113 5517 1306 5586 tropico
1337 5519 1603 5573 meridiem
1636 5521 1749 5587 ﬁeri
1781 5521 1902 5572 illos
1933 5537 2029 5587 pu—

535 5593 705 5653 tasse,
765 5603 922 5653 neque
971 5589 1256 5642 solstitium
1312 5590 1366 5642 in
1429 5599 1534 5641 toto
1589 5589 2026 5645 dodecatemort'o.

537 5651 783 5708 Geminus
810 5651 1124 5724 explicatur.

535 5729 634 5795 llic
667 5743 735 5799 de
769 5746 1086 5803 cardinibus
1126 5755 1365 5804 veterum
1417 5747 1672 5818 opinione
1711 5749 2026 5806 constitutis

2137 4855 2502 4913 aeternamque
2545 4842 2710 4896 diem.
2757 4842 2884 4894 Item
2926 4840 3221 4895 solstitium
3265 4854 3376 4892 non
3422 4838 3476 4890 in
3509 4842 3725 4904 punct?

2136 4933 2278 5003 λόγῳ
2316 4931 2574 5004 θεωρητῷ
2629 4931 2850 4995 Caneri,
2884 4932 2966 4985 vel
3020 4929 3374 4998 Capricorni,
3408 4926 3500 4981 sed
3537 4927 3594 4978 in
3633 4925 3724 4979 in-

2135 5035 2286 5086 tegro
2331 5023 2773 5078 dodeeatemorio
2816 5022 3104 5076 committi.
3144 5020 3346 5074 llorum
3391 5019 3544 5088 prius
3586 5016 3724 5073 illuc

2135 5133 2188 5186 in
2232 5117 2526 5171 novissima
2572 5116 2813 5171 editione
2853 5114 3058 5168 Manilii
3101 5114 3276 5183 legere
3311 5127 3419 5165 non
3443 5108 3722 5164 memini;-

2134 5206 2407 5276 posterius
2449 5212 2629 5259 autem
2681 5202 2738 5258 in
2780 5201 2935 5256 Notis
2984 5209 3165 5257 exstat
3197 5201 3262 5255 ad
3297 5202 3390 5254 lib.
3423 5197 3445 5252 l
3477 5198 3728 5268 lsagogi-

2133 5310 2279 5360 eum,
2309 5295 2400 5350 ubi
2434 5295 2501 5350 de
2523 5293 2786 5350 Antisciis
2816 5294 2947 5363 agit.
2981 5292 3284 5362 Utrumque
3319 5307 3450 5347 vero
3479 5307 3593 5344 non
3633 5297 3712 5344 so‘

2132 5385 2240 5438 lum
2291 5387 2583 5440 ridiculum
2627 5393 2733 5449 est,
2787 5385 2882 5439 sed
2936 5384 3076 5440 falso
3115 5383 3278 5438 etiam
3330 5381 3718 5452 antiquis'illi:

2131 5481 2460 5535 astronomis
2489 5479 2782 5549 allingitur.
2813 5479 3024 5548 Quippe
3053 5480 3282 5533 alterum
3319 5493 3385 5532 ex
3429 5475 3722 5539 ambobus,

2129 5571 2196 5625 de
2241 5581 2498 5641 perpetua
2545 5571 2668 5624 luce
2706 5571 2810 5625 sub
2838 5572 3070 5640 tropico,
3117 5585 3224 5624 non
3256 5569 3415 5624 aliter
3442 5575 3592 5623 stare
3625 5580 3727 5635 pos

2128 5670 2255 5725 test,
2301 5661 2406 5716 nisi
2439 5661 2693 5732 antiquos
2725 5660 2850 5716 illos
2878 5657 3103 5730 putasse
3129 5661 3363 5715 velimus
3397 5656 3725 5729 parallelunt

2129 5751 2291 5807 istum
2335 5766 2500 5822 supra
2559 5753 2849 5816 llnitorem,
2889 5761 3126 5823 quantus
3155 5760 3395 5823 quantus
3439 5756 3546 5815 est,
3621 5762 3726 5802 ex-
