4022 6398
293 494 425 553 1561

1096 497 1559 555 DISSERTATIO
1600 498 1690 556 ne
1733 481 1921 558 on'ru
1961 499 2050 556 ET
2089 499 2358 556 occasu
2399 499 2725 558 smmum.

3401 494 3538 554 1568

293 621 441 672 stare
462 619 656 675 totum,
679 627 782 667 nec
805 613 978 683 ipsius
1003 613 1167 666 ullam
1197 622 1406 683 partem
1435 613 1538 669 sub
1567 621 1713 669 terra
1743 629 1866 670 esse
1895 623 1943 678 Α
1968 614 2037 670 H1
2070 615 2216 688 (pag.
2246 616 2316 670 62
2357 614 2450 672 (ἓν.
2486 615 2660 688 edit.),
2695 613 2887 672 scribit
2916 612 3320 670 observationes
3357 610 3540 667 solsti-

293 705 590 762 conditam.
621 705 782 776 Atqui
811 705 867 760 id
897 704 1095 761 falsum
1127 713 1232 762 est.
1266 705 1523 763 Eudoxus
1556 717 1701 763 certe
1729 708 1871 778 apud

294 792 665 864 Hipparchum
705 795 798 848 lib.
852 794 870 848 l
912 795 1056 868 (pag.
1103 795 1157 865 6)
1205 798 1486 852 asserebat
1528 798 1719 868 tropici
1765 799 1874 852 cir~

293 886 404 941 culi
447 886 503 939 in
533 883 744 940 Gracia
797 886 1006 957 partem
1057 888 1229 953 illam,
1283 905 1404 960 quae
1455 905 1620 961 supra
1669 897 1872 946 terram

298 978 544 1048 emergit,
567 976 784 1034 ad.eam
813 994 935 1048 quae
963 977 1106 1034 infra
1137 989 1335 1034 terram
1367 982 1522 1046 latet,
1555 997 1675 1036 eam
1703 983 1877 1037 ratio-

301 1083 424 1123 nem
469 1068 688 1131 habere,
735 1085 856 1138 quat
899 1079 983 1125 est
1025 1072 1315 1126 duodecim
1365 1072 1432 1127 ad
1486 1080 1713 1143 septem.
1765 1073 1877 1130 Hoc

303 1177 413 1215 non
457 1161 632 1232 potuit
674 1160 932 1218 Eudoxus
983 1165 1164 1217 animo
1212 1164 1518 1233 concipere,
1565 1165 1671 1220 nisi
1711 1166 1876 1220 talem

305 1254 408 1309 sibi
447 1253 670 1323 sphazraa
693 1254 931 1323 positum
981 1257 1228 1326 lingeret,
1277 1265 1352 1310 ut.
1383 1272 1493 1326 quo
1540 1260 1764 1327 propius
1809 1257 1878 1313 ad

301 1345 733 1416 aequinoctialem
785 1344 1084 1408 acceditur,
1135 1362 1200 1402 eo
1251 1349 1424 1418 major
1464 1349 1658 1418 tropici
1704 1349 1878 1405 aestivi

303 1451 431 1507 pars
472 1437 575 1492 sub
605 1445 805 1492 terram
836 1437 1223 1507 descenderet;
1273 1442 1454 1494 minor
1486 1449 1666 1496 autem
1700 1457 1880 1496 emer-

304 1537 471 1599 geret,
503 1529 676 1584 donec
707 1544 774 1584 eo
802 1537 1019 1584 ventum
1053 1539 1218 1595 esset,
1249 1531 1338 1585 ubi
1369 1547 1434 1586 ex
1464 1547 1621 1604 aequo
1642 1533 1880 1588 circulus

304 1623 397 1678 ille
449 1622 518 1677 ab
561 1622 844 1677 horizonte
893 1623 1174 1678 dividitur.
1209 1623 1519 1678 Absurdum
1562 1632 1647 1680 est
1699 1623 1882 1694 itaque

307 1712 638 1782 persuadere
665 1712 788 1778 sibi,
819 1714 904 1768 vel
941 1713 1244 1779 Eudoxum,
1280 1716 1388 1779 vel,
1408 1715 1633 1785 aequalis
1657 1714 1748 1786 qui
1785 1715 1884 1769 fuit

308 1806 450 1875 ejus,
490 1805 780 1870 Melonem,
825 1814 918 1860 aut
957 1806 1122 1860 alium
1153 1807 1468 1876 quemlibet,
1504 1807 1596 1877 qui
1631 1814 1886 1862 astrono-

311 1899 387 1952 mi
422 1912 622 1953 nomen
650 1905 928 1968 utcunque
960 1905 1222 1966 tueretur,
1252 1899 1387 1954 adeo
1430 1899 1659 1956 stolidos
1689 1898 1880 1963 fuisse,

309 1997 374 2044 ut
409 1996 732 2062 perpetuum
776 1959 1093 2062 in-IEgypti
1138 1959 1311 2046 limite
1356 1991 1498 2047 diem
1541 2006 1664 2047 esse
1701 1959 1888 2046 crede-
1915 1959 1961 2019 Β

310 2094 463 2142 rent:
503 2099 630 2138 nam
675 2083 874 2154 Syene,
918 2099 1040 2154 qua:
1073 2085 1176 2139 sub
1215 2084 1426 2156 trepico
1459 2084 1693 2147 sita-est,
1735 2084 1786 2137 in
1823 2099 1889 2138 eo

311 2183 492 2230 tractu
537 2175 776 2246 ponitur.
822 2174 1008 2246 Neque
1054 2191 1184 2232 vero
1233 2177 1622 2247 comprehendi
1676 2177 1890 2231 ratione

312 2269 423 2323 ulla
449 2275 645 2338 potest,
682 2270 876 2332 solem,
915 2285 1042 2324 cum
1088 2271 1154 2325 ad
1184 2271 1456 2342 tropicum
1493 2271 1761 2341 pervenit,
1797 2286 1891 2340 pe-

312 2373 553 2413 rennem.
591 2360 709 2413 sine
751 2368 913 2415 nocte
951 2359 1131 2416 facere
1176 2361 1376 2425 lucem,
1411 2361 1521 2416 nisi
1559 2360 1891 2415 immobilem

313 2450 392 2505 ibi
445 2453 745 2507 consistere
771 2463 1026 2522 putemus
1057 2471 1070 2507 :
1102 2452 1248 2523 quod
1279 2451 1765 2508 astronomosillos
1797 2467 1893 2506 su-

315 2539 553 2620 spicatos
575 2557 697 2597 esse
716 2541 932 2597 defendi
957 2558 1064 2596 non
1083 2549 1279 2613 potest,
1326 2546 1456 2612 quin
1495 2541 1712 2597 eosdem
1765 2542 1895 2598 veli-

316 2647 441 2688 mus
459 2645 513 2689 et
533 2635 590 2689 in
635 2633 866 2700 Graecia,
896 2643 950 2692 et
969 2635 1066 2700 ibi,
1110 2635 1200 2690 ubi
1245 2646 1421 2700 erant,
1450 2637 1743 2690 arbitratus
1773 2651 1896 2691 esse

322 2725 472 2780 nulla
528 2726 890 2798 interruptum
944 2739 1103 2782 nocte
1161 2735 1276 2781 tum
1327 2743 1449 2784 esse
1493 2729 1658 2784 diem.
1695 2727 1896 2796 Quam-

320 2815 531 2882 obrem,
573 2825 632 2871 ut
659 2817 727 2871 de
757 2819 969 2874 caateris
998 2819 1160 2873 modo
1192 2826 1425 2883 taceam,
1461 2828 1604 2874 certe
1638 2819 1705 2875 de
1740 2819 1897 2876 Cleo-

320 2915 517 2972 strato,
550 2908 780 2976 Metone,
826 2909 1180 2975 Euctemone,
1210 2909 1456 2976 Eudoxo,
1535 2912 1776 2983 adeoque
1803 2928 1899 2968 ve-

319 3000 646 3056 tustioribus
699 3002 863 3056 etiam
915 3002 1334 3064 mathematicis,
1395 3018 1626 3072 quorum
1675 3004 1897 3076 quidem

324 3093 528 3149 mentio
573 3100 770 3158 exstet,
823 3109 982 3149 nemo
1038 3095 1146 3150 tale
1193 3095 1512 3165 quidquam,
1547 3095 1654 3152 nisi
1707 3098 1899 3155 absur-

323 3185 572 3250 dissime,
603 3187 844 3256 cogitare
875 3194 1072 3257 potest.

1972 710 2036 764 tii
2069 725 2100 764 a
2132 708 2348 765 Metone
2399 717 2454 764 et
2499 708 2833 764 Euctemoae
2879 706 3052 761 factas
3085 703 3152 758 ad
3186 717 3371 759 verum
3407 702 3541 759 solis

1973 801 2366 873 designandum
2400 800 2694 857 circuitum
2723 799 2969 854 utiliores
3004 795 3361 869 Hipparcheis
3403 793 3539 858 fore,

1973 894 2080 949 nisi
2123 893 2592 966 ὁλοσχερέστερον,
2642 890 2697 946 id
2745 899 2831 946 est
2873 889 3093 944 rudiore
3123 886 3362 942 Minerva
3409 883 3544 939 deli»

1975 995 2148 1041 neataa
2182 985 2381 1051 forent,
2449 1000 2512 1040 ac
2544 984 2650 1038 nisi
2681 989 2941 1054 praterea
2973 978 3328 1036 solstitiorum
3357 989 3542 1030 moro-

1977 1079 2092 1134 sior
2131 1087 2275 1134 esset
2315 1093 2379 1133 ac
2422 1076 2689 1130 dillicilior
2725 1071 3144 1128 animadversio.
3202 1069 3333 1136 Quae
3365 1067 3546 1122 Ptolo-

1975 1170 2098 1224 τηαιί
2129 1169 2293 1224 verba
2320 1169 2672 1232 vanissimam
2704 1166 2851 1230 illam
2882 1163 3143 1234 Scaligeri
3172 1160 3575 1231 conjecturalis,

1977 1277 2102 1318 esse
2139 1260 2421 1319 evidenter
2451 1267 2706 1331 arguunt.

2048 1352 2193 1409 Pene
2220 1354 2509 1410 omiseram
2541 1349 2684 1422 quod
2713 1349 2784 1405 ad
2818 1363 2931 1405 rem
2962 1360 3290 1419 magnopere
3319 1348 3549 1414 spectat,

1979 1461 2046 1502 ex
2087 1445 2299 1511 eodem,
2336 1446 2496 1514 cujus
2535 1446 2788 1514 proxime
2837 1434 3552 1508 meminimus,,ﬂipparcho

1982 1537 2102 1607 (lib.
2135 1537 2177 1601 l,-
2210 1552 2334 1606 pag.
2376 1535 2488 1603 18).
2523 1534 2623 1591 Hic
2653 1534 2798 1590 enim
2836 1541 3026 1588 contra
3058 1529 3298 1583 Attalum
3327 1525 3554 1581 demon-

1982 1635 2122 1683 strat
2163 1626 2598 1697 aequinoctialem
2642 1625 2932 1688 circulum,
2974 1637 3038 1676 ac
3082 1619 3322 1690 tropicos
3371 1613 3557 1669 latitu-

1983 1719 2111 1773 dine
2138 1733 2326 1774 carere
2349 1734 2415 1774 ex
2443 1718 2700 1788 opinione
2729 1716 3071 1786 priscorum;
3109 1723 3286 1780 neque
3327 1708 3385 1761 in
3433 1703 3556 1760 aliis

1985 1819 2146 1882 atque
2178 1812 2300 1866 aliis
2338 1810 2612 1882 parallelis
2643 1807 2964 1878 aequinoctia
3005 1804 3092 1860 vel
3142 1800 3376 1858 solstitia
3407 1811 3556 1852 com-

1987 1904 2129 1957 mitti
2161 1921 2177 1957 ει
2211 1903 2356 1973 quod
2388 1901 2516 1957 inde
2552 1901 2770 1972 probat,
2802 1897 2931 1970 quia
2960 1897 3155 1951 crebro
3185 1898 3443 1948 asserunt
3478 1888 3558 1943 illi

1986 1995 2286 2058 zodiacum.
2326 1993 2662 2064 ἐφάπτεσθαι
2704 1990 2814 2045 τῶν
2866 1986 3140 2060 τροπικῶν
3188 1983 3308 2038 καθ’
3355 1981 3414 2036 ἓν
3463 1997 3560 2049 ση-

1992 2090 2163 2158 μεῖον,
2215 2105 2235 2139 ι
2287 2087 2343 2141 in
2385 2100 2495 2141 uno
2532 2090 2734 2155 puncto
2771 2080 3012 2136 circulos
3059 2076 3300 2147 tropicos
3345 2072 3561 2129 contin—

1989 2195 2136 2248 gere.
2194 2197 2214 2230 ι
2260 2177 2341 2233 Ad
2387 2177 2502 2232 haec
2547 2177 2596 2231 si
2647 2172 2993 2228 latitudinem
3036 2169 3306 2224 haberent
3343 2165 3558 2229 circuli,

1990 2271 2399 2342 aequinoctium,
2450 2267 2684 2337 exempli
2726 2279 2914 2328 causa,
2945 2263 3198 2335 pluribus
3227 2257 3420 2315 diebus
3464 2255 3562 2310 lie—

1993 2373 2072 2419 ret
2101 2377 2117 2416 :
2149 2361 2294 2433 quod
2327 2374 2523 2416 sensus
2564 2358 2681 2429 ipse
2715 2356 3015 2427 redarguit.
3063 2352 3198 2408 Nam
3235 2348 3571 2420 aequinoctia

1993 2457 2240 2520 facilius,
2286 2469 2450 2525 quam
2513 2451 2746 2507 solstitia
2801 2449 3193 2504 discernuntur
3245 2441 3438 2498 oculis.
3495 2438 3566 2492 At

1993 2563 2124 2605 vero
2173 2546 2364 2603 eadem
2417 2545 2560 2600 ratio
2607 2551 2665 2599 et
2707 2542 2776 2597 de
2821 2539 3075 2596 solstitiis
3107 2536 3297 2601 vincit,
3329 2547 3440 2588 uno
3473 2531 3574 2590 illa

1995 2638 2374 2695 tantummodo
2404 2636 2491 2692 die
2521 2634 2764 2708 ἀκριϐῶς
2815 2647 2879 2687 ac
2907 2630 3066 2700 φύσει
3095 2626 3302 2700 peragi,
3334 2622 3480 2696 quod
3511 2623 3583 2686 in,

1997 2747 2106 2788 uno
2134 2731 2310 2787 solum
2339 2735 2542 2800 puncto
2567 2732 2854 2783 contactus
2881 2723 2976 2778 ﬁat
3005 2721 3358 2776 circulorum.

2069 2822 2223 2880 Unus
2253 2821 2321 2877 ad
2344 2819 2698 2876 divinationis
2725 2817 2885 2874 istius
2914 2814 3074 2870 ﬁdem
3098 2813 3301 2868 citatur
3323 2824 3354 2864 a
3393 2807 3571 2869 Scali-

1997 2931 2127 2989 gero
2153 2915 2312 2972 testis
2342 2913 2603 2970 Geminus
2633 2931 2648 2967 :
2682 2912 2775 2980 qui
2806 2925 2928 2980 cap.
2962 2909 2982 2963 l
3011 2904 3376 2979 quorumdam
3415 2908 3570 2983 vote.

1998 3022 2120 3060 rum
2161 3006 2469 3075 opinionem
2514 3002 2735 3065 refellit,
2782 3002 2874 3071 qui
2903 2999 3173 3055 Cancrum
3201 3005 3255 3052 et
3277 2993 3572 3064 Capricor-

1999 3111 2131 3150 num
2175 3095 2399 3149 minime
2435 3094 2698 3164 pulabant
2739 3106 2864 3146 cum
2905 3089 3016 3144 ullo
3055 3088 3212 3158 signo
3253 3083 3570 3154 conjugari,

2001 3187 2106 3241 hoc
2137 3193 2221 3241 est
2244 3185 2454 3239 nullum
2487 3199 2629 3242 esse.
2657 3182 2802 3254 quod
2835 3182 3024 3237 eodem
3061 3181 3183 3235 loco
3207 3193 3334 3234 cum
3363 3175 3575 3232 utrovis

396 3277 639 3332 Alterum
671 3279 964 3333 commenti
992 3287 1154 3350 caput
1187 3281 1389 3344 minus,
1418 3296 1582 3352 quam
1615 3281 1770 3344 illud,
1815 3282 1900 3336 in-
1926 3301 1968 3356 ε
2001 3279 2210 3332 oriatur
2237 3286 2291 3331 et
2322 3275 2556 3330 occidat.
2587 3273 2702 3328 Hoc
2743 3271 2947 3328 refutat
2990 3269 3274 3332 Geminus,
3314 3267 3442 3339 quia
3489 3281 3577 3324 se-

324 3377 534 3438 eptum,
559 3369 797 3425 validius
828 3380 1004 3426 tamen
1038 3371 1324 3427 refellitur.
1353 3373 1488 3427 Nam
1525 3373 1571 3428 si
1604 3373 1766 3438 Meto,
1800 3373 1904 3429 Eu-

328 3460 522 3527 doxus,
553 3460 831 3532 Calippus,
859 3469 912 3516 et
934 3463 1023 3516 alii
1054 3469 1179 3518 ante
1206 3461 1573 3535 Hipparchum
1587 3462 1698 3518 fere
1717 3463 1901 3518 solsti-

327 3555 404 3606 tia
438 3553 492 3607 in
523 3553 752 3624 integris
779 3552 1256 3620 dodecatemoriis,
1284 3571 1391 3610 non
1422 3555 1476 3609 in
1511 3563 1658 3611 certa
1687 3556 1902 3610 illorum

331 3643 594 3712 particula
649 3643 766 3699 ﬁeri
815 3644 1182 3712 censuissent,
1232 3661 1364 3713 non,
1392 3647 1607 3724 opinor,
1651 3645 1743 3699 illa
1785 3645 1903 3715 ipsa

329 3735 564 3792 solstitia
613 3733 782 3790 certis
824 3733 1036 3790 dierum
1082 3737 1375 3790 momentis
1422 3750 1451 3788 a
1504 3751 1562 3791 se
1614 3736 1904 3791 observata

331 3827 644 3898 proderent,
685 3835 748 3880 ut
792 3826 953 3891 Meto,
987 3827 1079 3897 qui
1121 3827 1416 3882 solstitium
1449 3825 1542 3880 illo
1570 3827 1657 3880 die
1699 3825 1902 3880 factum

334 3917 737 3982 animadvertit,
771 3917 864 3988 qui
895 3915 1040 3972 Junii
1075 3917 1250 3972 nostri
1285 3916 1392 3972 diei
1431 3932 1578 3971 xxvn
1612 3917 1907 3987 responde-

335 4009 429 4063 bat
477 4026 492 4063 :
541 4017 601 4063 ut
656 4009 938 4079 Calippus,
987 4009 1296 4078 exterique,
1336 4022 1570 4079 quorum
1637 4008 1693 4062 in
1741 4022 1905 4078 para-

336 4101 677 4172 pegmatibus
728 4101 945 4157 decreta
1032 4103 1399 4166 notabantur;
1455 4100 1910 4170 quemadmodum

339 4189 481 4259 apud
515 4189 824 4254 Geminum,
853 4198 906 4245 et
946 4191 1000 4244 in
1034 4188 1307 4245 Ptolemaei
1347 4190 1487 4245 libro
1515 4190 1583 4245 de
1617 4189 1912 4245 inerranti-

339 4281 442 4336 hus
467 4282 652 4336 Graece
679 4296 709 4334 a
734 4282 890 4336 nobis
915 4281 1063 4336 edito
1087 4283 1273 4338 videre
1303 4281 1452 4336 licet.
1483 4281 1697 4336 Etenim
1727 4281 1914 4337 solsti-

340 4375 473 4427 tium
504 4372 750 4428 aastivum
781 4370 1038 4441 Calippus
1067 4371 1122 4424 in
1150 4372 1326 4442 prima
1355 4371 1550 4425 Cancri
1602 4377 1757 4441 parte
1794 4371 1910 4424 col-

341 4465 577 4529 locabat,
609 4464 684 4518 ait
717 4462 977 4519 Geminus
1007 4463 1151 4533 (pag.
1180 4462 1306 4532 45);
1337 4462 1626 4517 hibernum
1647 4463 1704 4517 in
1736 4461 1913 4532 prima

339 4556 660 4627 Capricorni
687 4556 922 4626 ponebat
950 4553 1283 4620 Euctemon;
1317 4552 1661 4620 Eudoxusjn
1694 4559 1911 4624 quarta.

2004 3376 2267 3440 queretur
2285 3366 2494 3439 τροπὰς
2520 3368 2575 3422 in
2603 3374 2718 3420 toto
2741 3365 2954 3420 Cancro
2981 3364 3098 3419 ﬁeri
3133 3381 3148 3416 :
3187 3359 3468 3432 quodnon
3490 3365 3578 3413 est

2006 3465 2113 3530 ita;
2168 3477 2293 3516 nam
2337 3463 2392 3517 in
2428 3451 2793 3518 uno'tantum
2842 3467 3045 3536 puncto
3115 3457 3259 3530 λόγῳ
3319 3452 3611 3527 Θεωρητῷ-

2005 3552 2282 3608 accidunt.
2333 3552 2440 3609 Sed
2481 3569 2550 3608 ex
2597 3567 2663 3607 eo
2714 3549 2927 3606 Gemini
2975 3557 3293 3621 argumento
3333 3561 3444 3601 non
3490 3550 3579 3600 est

2007 3639 2372 3717 consequens,
2423 3660 2546 3702 eam
2595 3643 2848 3708 Metonis,
2898 3631 3130 3708 Eudoxi,
3185 3649 3240 3698 et
3293 3641 3346 3697 id
3403 3653 3582 3712 genus.

2007 3749 2444 3797 astronomorum
2495 3740 2806 3810 Opinionem
2859 3738 3047 3794 fuisse.
3089 3739 3202 3792 lmo
3240 3752 3392 3802 vero,
3433 3735 3615 3807 quod,

2008 3833 2294 3888 Eudoxum
2343 3841 2573 3905 spectat,
2619 3833 2858 3888 alienum
2887 3833 3032 3886 hunc
3071 3829 3243 3888 fuisse
3269 3831 3338 3886 ah
3361 3831 3465 3886 hoc
3492 3847 3583 3886 er-

2006 3942 2152 3992 rore,
2194 3933 2389 3997 praeter
2430 3927 2544 3990 illa.
2592 3941 2714 3995 quae
2759 3924 2924 3995 paulo
2967 3933 3092 3989 ante
3125 3923 3434 3986 retulimus,
3472 3921 3620 3986 alia,

2007 4019 2129 4073 loco
2171 4014 2434 4079 Geminus
2483 4015 2624 4072 idem
2677 4025 2860 4086 aperte
2912 4015 3185 4086 signiﬁcat
3232 4029 3354 4085 cap.
3406 4011 3468 4067 VI
3516 4012 3620 4068 de.

2009 4111 2313 4174 mensibus,
2342 4111 2438 4166 ubi
2475 4109 2792 4181 popularem
2834 4108 3123 4180 quamdam
3156 4108 3466 4178 opinionem
3498 4119 3612 4163 ca-.

2011 4202 2174 4272 stigat
2217 4199 2602 4254 arbitrantium
2651 4199 2757 4253 lsia
2798 4197 2942 4269 apud
2971 4197 3260 4268 Egyptios
3288 4197 3342 4250 in
3373 4194 3608 4250 Eudoxi.

2013 4291 2326 4365 χειμερινὰς
2366 4291 2574 4365 τροπὰς
2614 4291 2858 4346 incidere
2890 4309 2904 4346 :
2932 4291 3077 4361 quod
3109 4297 3235 4344 ante
3274 4302 3448 4346 annos
3479 4303 3583 4349 cxx

2014 4385 2312 4456 contigisse
2344 4384 2562 4455 probat.
2598 4383 2769 4454 Igitur
2801 4381 3059 4438 Eudoxus
3089 4381 3376 4443 hibernum
3410 4381 3590 4445 solstig.

2013 4477 2150 4531 tium
2182 4489 2292 4530 uno
2322 4475 2507 4545 aliquo
2525 4473 2624 4529 die
2653 4469 3110 4541 circumscripsit.

2086 4568 2262 4638 Atque
2284 4574 2345 4621 ut
2367 4565 2674 4636 antiquiora
2701 4579 2917 4634 quoque
2937 4559 3591 4634 tempora_perstringam,

341 4647 566 4716 verum.
600 4655 660 4704 ιη
689 4647 1032 4719 Ηίβρπειιυε
1065 4646 1282 4711 asserit.
1315 4644 1574 4701 Elldoxus
1617 4648 1673 4700 in
1719 4646 1924 4701 mediis
1946 4646 1991 4701 D
2015 4668 2161 4715 certe
2212 4656 2504 4721 Hesiodus,
2537 4657 2887 4716 astronomia:
2933 4654 3182 4719 scientia.
3211 4652 3587 4718 clarissimus,

342 4741 550 4812 signis,
591 4740 697 4794 hoc
743 4746 829 4794 est
871 4739 925 4792 in
975 4737 1146 4810 gradu
1187 4737 1256 4791 15
1297 4737 1550 4791 cardines
1620 4737 1912 4803 statuebat,

342 4830 486 4902 quod
516 4830 695 4900 capite
728 4829 996 4898 superiori
1029 4827 1450 4898 disputavimus.
1483 4829 1551 4881 At
1580 4842 1710 4882 vero
1740 4827 1786 4882 si
1819 4842 1918 4897 per

342 4933 517 4980 totum
569 4922 1044 4977 dodecatemorion
1100 4920 1396 4975 solstitium
1447 4918 1692 4973 dill‘undi'.
1723 4919 1906 4974 crede~

343 5024 487 5081 rent,
537 5030 647 5070 non
693 5014 828 5068 illud
864 5015 1030 5068 certis
1067 5011 1446 5066 tantummodo
1487 5011 1680 5067 diebus
1711 5012 1918 5088 illigas-

348 5114 490 5171 sent,
539 5113 669 5174 puta
715 5104 909 5173 primo,
943 5109 1162 5171 quarto,
1204 5101 1289 5155 vel
1326 5106 1520 5154 octavo
1553 5099 1623 5152 ab
1668 5099 1917 5168 ingressu

349 5195 483 5252 solis
520 5195 575 5250 in
618 5196 854 5263 signum.
891 5192 1235 5264 Hipparchus
1262 5191 1358 5247 lib.
1386 5191 1429 5245 ll
1460 5192 1642 5256 docet,
1674 5206 1742 5245 ex
1769 5189 1922 5244 Arati

351 5286 644 5361 sententia,
664 5286 931 5342 committi
962 5286 1257 5343 solstitium
1290 5284 1348 5339 in
1377 5285 1551 5354 prima
1585 5289 1741 5356 parte
1779 5281 1923 5337 Can-

351 5379 455 5443 cri,
504 5393 734 5448 eamque
777 5377 1290 5433 mathematicorum
1341 5385 1610 5434 veterum.
1663 5382 1756 5428 aut
1803 5388 1922 5429 om-

351 5467 528 5532 nium,
580 5474 674 5521 aut
722 5466 949 5536 majoris
996 5467 1167 5536 partis
1216 5465 1526 5536 opinionem
1580 5463 1769 5518 fuisse.
1836 5463 1924 5516 Ἐν

353 5557 524 5629 ταύτῃ
560 5559 626 5629 τῇ
663 5560 836 5629 τροπῇ
878 5556 1057 5610 τοίνυν
1080 5557 1177 5627 τὴν
1206 5556 1379 5629 ἀρχὴν
1401 5554 1585 5625 ἐπέχει
1609 5553 1703 5606 τοῦ
1727 5552 1928 5626 Καρκι-

355 5668 468 5706 νου.
504 5653 615 5705 Kal.
654 5650 757 5704 ὑπὸ
790 5650 898 5704 τῶν
932 5649 1174 5722 ἀρχαίων
1201 5649 1258 5702 δὲ
1292 5646 1682 5720 μαθηματικῶν
1713 5646 1928 5701 πάντων

361 5745 566 5814 σχεδὸν,
589 5745 622 5817 ἢ
650 5744 758 5797 τῶν
785 5743 1049 5797 πλείστων
1075 5742 1260 5796 τοῦτον
1284 5741 1374 5794 τὸν
1397 5741 1596 5813 τρόπον
1621 5743 1650 5794 ὁ
1671 5739 1930 5804 ζωδιακὸς

360 5838 555 5902 κύκλος
579 5839 819 5912 διῄρητο.
860 5839 1070 5909 Excipit
1098 5837 1402 5896 Eudoxum,
1442 5836 1536 5907 qui
1584 5834 1653 5889 τὰ
1695 5833 1931 5905 τροπικὰ

366 5934 562 6002 οημεῖα
599 5931 739 5987 κατὰ
771 5930 910 6003 μέσα
951 5929 1018 5984 τὰ
1047 5928 1208 5994 ζώδια
1236 5926 1432 5999 τίθησι.
1477 5924 1802 5983 Ptolomais
1834 5921 1928 5978 lib.

2017 4745 2112 4816 qui
2138 4745 2310 4800 altero
2344 4751 2479 4818 post.
2497 4743 2770 4799 excidium
2801 4744 2982 4814 Troiae
3014 4742 3214 4798 saeculo
3245 4741 3448 4804 ﬂoruit,
3476 4741 3592 4817 (sol-

2019 4837 2228 4893 stitium
2256 4843 2553 4906 utrumque
2587 4849 2928 4905 nequaquam
2962 4834 3016 4888 in
3051 4833 3182 4888 totis
3212 4833 3592 4888 dodecatemo-

2017 4929 2136 4992 riis,
2165 4944 2229 4986 ac
2267 4929 2463 4984 diebus
2492 4929 2712 4986 circiter
2741 4928 2967 4982 tricenis
3011 4926 3298 4997 utrobique
3327 4926 3594 4987 committi

2021 5021 2253 5076 censuit.
2287 5018 2490 5086 Scribit
2519 5021 2662 5074 enim
2709 5018 2802 5080 lib.
2837 5016 2879 5070 il
2941 5015 3196 5087 Operum,
3228 5022 3353 5086 post
3378 5031 3446 5070 Lx
3475 5015 3593 5079 dies

2023 5130 2052 5168 a
2101 5113 2343 5169 solstitio
2386 5113 2617 5169 hiberno
2649 5111 2942 5165 Arcturum
2982 5109 3114 5164 oriri
3159 5127 3172 5163 :
3207 5123 3366 5178 quem
3413 5107 3593 5162 locum

2024 5204 2396 5276 expendamus
2423 5209 2632 5273 postea.
2664 5199 2802 5254 Tum
2833 5199 3022 5255 eodem
3060 5199 3236 5266 libro,
3258 5199 3596 5272 quinquage-

2022 5298 2164 5352 simo
2196 5296 2281 5354 die
2312 5303 2435 5369 post
2462 5294 2672 5367 τροπὰς
2709 5293 2924 5350 aestivas
2974 5299 3296 5358 autumnum
3335 5289 3412 5345 ait
3453 5289 3594 5346 inci-

2023 5406 2150 5461 pere
2183 5409 2196 5444 :

2100 5503 2333 5568 Ἤματα
2363 5497 2735 5563 πεντήκοντα
2754 5496 2910 5568 μετὰ
2932 5492 3154 5562 τροπὰς
3178 5491 3436 5568 Δἠελίοιρ,

2228 5569 2400 5636 τέλος
2432 5561 2715 5634 ἐλθόντος
2743 5561 2941 5634 θέρεος
2963 5561 3337 5633 καματώδεος
3362 5561 3538 5632 (ι’),οηςἰ

2110 5641 2337 5710 Ὧραῐος
2365 5640 2608 5693 πέλεται
2635 5636 2874 5706 θνητοῖς
2898 5637 3105 5701 πλόος.

2102 5773 2543 5844 Quinquagesimo
2574 5771 2658 5828 die
2685 5777 2800 5838 po’st
2833 5768 3141 5844 solstitium,

2102 5840 2232 5902 Cum
2257 5840 2517 5911 ’ad'ﬁnem
2551 5843 2684 5896 venit
2717 5842 2918 5895 a'statis
2952 5840 3219 5911 laboriosa
3265 5843 3575 5909 tempestas.

2106 5910 2427 5984 Tempestira
2453 5923 2528 5968 est
2558 5911 2869 5967 mortalibus
2901 5910 3181 5979 navigatio.
