4022 6398
483 481 624 541 1⁵563

1457 471 1548 526 AD
1587 468 1850 525 EUSEBll
1888 466 2281 523 CHRONICON
2315 463 2672 520 ΑΡΡΕΝῡιΧ.

3557 454 3718 512 1364

554 600 679 655 Ηωε
705 597 771 652 ad
785 595 1206 652 convincendam
1231 590 1606 660 Scaligerianae
1633 585 1913 641 sententiae
1943 583 2042 638 fal-
2069 587 2120 645 Α
2144 597 2300 652 inquo
2339 587 2544 636 remota
2571 579 2681 634 sint
2707 590 2737 630 a
2766 573 3038 631 solstitiali
3067 580 3288 644 puncto.
3317 571 3385 626 At
3422 578 3583 626 secus
3615 585 3722 625 res

482 693 723 754 sitatem,
752 697 807 743 et
843 687 1034 742 idonea
1083 692 1232 748 sunt,
1263 693 1317 738 et
1363 681 1670 736 necessaria
1701 677 1940 738 fuerunt,
1973 691 2042 730 ne

482 782 608 854 quis
658 792 858 835 temere
907 775 1224 832 stoliditatis
1261 781 1419 826 tantae
1446 785 1569 825 reos
1595 774 1874 838 perageret
1903 764 2042 818 anti-

485 887 624 944 quos
654 872 775 926 illos
802 880 1176 933 astronomos;
1212 865 1514 936 praesertim
1546 862 1833 921 Metonem,
1858 858 2046 912 Eucte-

485 980 722 1029 monem,
752 961 1056 1024 Eudoxum,
1091 967 1318 1015 caeteros
1347 955 1582 1026 denique
1619 954 1687 1009 ad
1728 951 2044 1006 Eratosthe-

485 1073 609 1114 nem
635 1065 690 1113 et
721 1053 1106 1126 Hipparchum.

1079 1188 1306 1247 CAPUT
1346 1187 1457 1242 VII.

483 1313 562 1368 De
619 1309 920 1365 cardinibus
979 1315 1204 1361 veterum
1253 1303 1508 1358 sententia
1538 1310 1722 1354 contra
1773 1297 2048 1368 Geminum

554 1383 787 1452 defensa.
819 1377 1350 1452 Sig_na_imperantia,
1385 1367 2044 1452 ausculta-mia,.vidergia,

550 1436 630 1507 eas.
650 1436 944 1508 Ptoleméi,
977 1436 1138 1501 Petili
1180 1443 1549 1504 Alexandrini,
1582 1440 1795 1495 Manilii
1828 1448 1877 1508 et
1917 1436 2046 1508 Firf

552 1524 678 1577 mici
714 1507 1006 1574 rationibus
1039 1517 1322 1584 explicata.
1358 1512 1500 1567 Mira
1537 1514 1591 1566 in
1621 1512 1703 1565 his
1739 1518 1787 1564 et
1830 1507 2050 1562 Firmici

552 1593 667 1650 loco
694 1589 1038 1644 Itallucinatio
1071 1585 1348 1656 Scaligeri.

555 1705 664 1762 Sed
707 1714 768 1760 ut
809 1713 1053 1762 veterum
1096 1701 1166 1758 de
1206 1699 1523 1756 cardinibus
1564 1695 1833 1754 sententia
1876 1692 2049 1764 magis

485 1798 810 1860 lllustretur,
840 1805 956 1850 tum
995 1795 1166 1849 multa
1197 1793 1266 1848 ad
1297 1792 1439 1848 idem
1477 1791 1753 1862 negotium
1794 1795 2048 1857 spectan—

484 1893 580 1957 tia,
627 1904 730 1944 nec
783 1886 1025 1958 indigna
1055 1885 1197 1940 scitu
1235 1884 1412 1942 obiter
1434 1883 1796 1953 explicentur,
1835 1877 2050 1934 Gemini

485 1983 640 2038 locus
681 1981 774 2036 ille
821 1977 1133 2036 accuratius
1177 1973 1530 2046 explicandus
1571 1981 1674 2028 est.
1724 1968 2052 2039 Quadrupli-

486 2086 605 2128 cem
652 2070 932 2140 signorum
968 2066 1140 2134 τάξιν,
1178 2067 1272 2119 καὶ
1307 2064 1453 2118 θέσιν
1480 2077 1759 2133 exponens
1791 2059 2052 2114 Geminus

487 2161 633 2230 (pag.
665 2156 741 2228 6),
771 2166 1022 2226 quartam
1056 2155 1289 2225 appellat
1313 2169 1455 2218 eam,
1481 2167 1601 2222 quae
1629 2150 1768 2205 κατὰ
1795 2150 2053 2218 συζυγίαν

487 2250 724 2314 dicitur;
753 2263 915 2318 quam
944 2262 1134 2303 eorum
1169 2245 1448 2316 signorum
1479 2260 1601 2300 esse
1632 2243 1810 2308 docet,
1840 2257 1959 2312 quae
1987 2257 2054 2297 ex

487 2341 678 2396 eodem
715 2341 969 2395 oriuntur
1007 2339 1148 2403 loco,
1188 2347 1245 2393 et
1282 2337 1338 2392 in
1378 2337 1569 2392 eodem
1603 2335 1861 2391 occidunt
1893 2357 1906 2388 ;
1939 2334 2055 2389 sive

489 2447 609 2502 quas
638 2430 831 2486 iisdem
859 2429 1132 2502 parallelis
1161 2429 1536 2493 includuntur,
1569 2436 1628 2482 ut
1667 2433 1795 2482 sunt
1843 2425 2054 2480 Cancer

488 2529 544 2577 et
580 2519 814 2586 Gemini,
849 2519 1220 2591 Capricornus
1258 2528 1312 2574 et
1351 2518 1698 2590 Sagittarius,
1742 2532 1804 2571 ac
1837 2505 2054 2581 caetera,

490 2626 613 2682 quze
632 2626 698 2668 ex
731 2625 888 2683 atquo
911 2611 1117 2667 distant
1138 2611 1207 2666 ab
1238 2611 1500 2665 alterutro
1523 2617 1846 2679 punctorum
1874 2606 2058 2662 solsti-

489 2704 726 2760 tialium.
773 2703 832 2758 In
877 2717 985 2773 quo
1021 2711 1232 2758 veteres
1266 2699 1634 2770 reprehendit,
1663 2699 1757 2768 qui
1786 2699 2056 2753 Cancrum

489 2811 617 2851 cum
662 2795 813 2851 nullo
852 2797 960 2850 alio
1005 2794 1264 2862 συζυγίαν
1298 2793 1500 2848 habere
1539 2791 1835 2862 putabant;
1884 2806 2057 2860 neque

490 2886 904 2957 Capricornum,
925 2886 1020 2942 sed
1043 2885 1232 2940 ambos
1259 2885 1542 2955 μοναχοὺς,
1565 2890 1618 2938 et
1643 2880 1876 2950 ἀζύγους
1895 2896 2015 2936 esse
2041 2898 2054 2933 :

490 2982 690 3052 quippe
732 2995 858 3036 cum
909 2979 1081 3051 signis
1125 2978 1380 3032 omnibus
1424 2975 1698 3030 borealius
1735 2975 1963 3037 oriatur,
2006 2979 2060 3026 et

491 3072 704 3128 occidat
719 3072 958 3136 Cancer,
984 3070 1353 3140 Capricornus
1378 3076 1559 3124 autem
1585 3065 1900 3120 australius.
1925 3063 2058 3118 Nam

490 3165 702 3221 nullum
731 3172 837 3228 est,
867 3163 1013 3234 quod
1041 3175 1308 3232 peraque,
1337 3169 1396 3213 ut
1432 3159 1535 3214 ista
1567 3157 1695 3223 duo,
1728 3159 1795 3211 ad
1836 3157 2057 3212 boream

2143 676 2338 742 habet;
2367 688 2491 729 nam
2514 671 2864 728 Geminorum
2892 675 3190 722 extremum
3213 675 3296 721 est
3325 665 3498 734 ipsum
3525 663 3720 718 solsti-

2145 767 2272 822 tiale
2325 772 2623 836 punctum;
2677 759 2876 816 Leonis
2923 765 3126 825 autem,
3185 755 3466 825 sexagenis
3519 755 3590 808 ab
3639 770 3718 809 eo

2144 857 2404 930 gradibus
2437 856 2628 912 distat.
2656 851 2894 922 ldipsum
2918 852 2972 906 in
3004 850 3168 904 Libra
3185 853 3250 904 'et
3279 848 3460 903 Ariete
3497 845 3716 901 clarius

2144 948 2221 1002 ait
2251 946 2486 1012 ostendi,
2522 960 2643 1016 quae
2672 945 2781 1000 duo
2808 956 3006 1013 syzyga
3034 939 3335 1005 faciebant;
3367 938 3514 1008 atqui
3541 936 3717 992 Libra

2146 1037 2318 1092 multo
2343 1052 2507 1107 quam
2536 1036 2692 1091 Aries
2720 1033 3012 1089 australius
3039 1031 3235 1093 oritur,
3261 1036 3315 1085 et
3342 1028 3564 1084 occidit.
3582 1025 3718 1081 Haec

2072 1120 2086 1130 ’
2145 1129 2425 1184 Geminus.

2217 1219 2416 1275 Verum
2448 1218 2606 1289 longe
2637 1215 2822 1280 aliam,
2852 1228 3013 1285 quam
3043 1210 3252 1283 putavit
3277 1207 3555 1274 Geminus,
3585 1207 3713 1277 pri-

2147 1324 2365 1366 scorum
2410 1307 2915 1363 mathematicorum
2964 1303 3230 1359 rationem
3279 1299 3477 1364 fuisse,
3528 1313 3716 1369 neque

2147 1408 2296 1456 recte
2343 1400 2412 1454 ab
2452 1399 2546 1454 illo
2586 1397 2947 1468 reprehensos
2993 1410 3116 1450 esse
3148 1405 3468 1464 persuasum
3507 1389 3716 1444 habeo.

2147 1491 2267 1547 Non
2297 1491 2444 1546 enim
2473 1491 2569 1562 qui
2611 1489 2716 1544 hoc
2748 1486 3065 1544 asserebant
3093 1483 3388 1540 cardinalia
3416 1488 3612 1550 puncta
3651 1483 3718 1534 in

2148 1581 2286 1652 ipsis
2329 1581 2608 1651 signorum
2655 1578 2849 1646 initiis,
2896 1577 2993 1633 sed
3030 1575 3088 1631 in
3126 1574 3341 1638 mediis,
3388 1572 3492 1628 hoc
3531 1579 3615 1627 est
3650 1571 3718 1626 in

2149 1674 2322 1746 gradu
2363 1672 2576 1729 decimo
2621 1672 2812 1743 quinto
2853 1669 3195 1726 collocabant
3236 1685 3251 1721 :
3295 1680 3458 1736 quam
3501 1663 3718 1718 Eudoxi

2151 1765 2324 1820 fuisse
2375 1763 2698 1820 sententiam
2749 1760 3090 1832 Hipparchus
3135 1757 3444 1820 asserebat,
3490 1752 3560 1808 de
3603 1766 3718 1822 quo

2151 1873 2252 1912 nos
2302 1871 2422 1926 cap.
2475 1853 2542 1908 1V
2576 1854 2755 1910 fusius
2792 1853 3023 1924 egimus.
3059 1849 3237 1919 Atque
3265 1854 3325 1902 ut
3360 1844 3570 1900 Eudoxi
3604 1857 3722 1897 non

2082 1924 2124 1979 Β
2154 1947 2336 2011 fuerit,
2370 1924 2570 2001 eorum
2612 1953 2859 2000 veterum
2890 1949 3038 1998 certe
3085 1939 3205 2006 fuit,
3239 1939 3333 2009 qui
3374 1939 3469 2001 ita,
3508 1944 3569 1990 ut
3609 1935 3723 1989 Ge-

2152 2040 2338 2094 minus
2380 2037 2593 2101 scribit,
2619 2034 2897 2105 comparia
2943 2034 3086 2087 inter
3114 2047 3174 2087 se
3202 2030 3356 2101 signa
3398 2040 3725 2096 composue-

2152 2137 2302 2186 runt.
2352 2127 2467 2182 Hoc
2510 2127 2656 2182 enim
2702 2123 2863 2180 modo
2907 2122 3251 2178 verissimum
3292 2119 3415 2183 erit,
3450 2115 3593 2187 quod
3636 2113 3726 2169 illi

2153 2231 2365 2278 veteres
2413 2220 2716 2291 putabant,
2773 2231 2970 2289 syzyga
3023 2229 3144 2270 esse
3195 2213 3348 2284 signa
3398 2209 3615 2264 Libram
3664 2215 3727 2262 et

2152 2315 2414 2380 Arietem,
2447 2313 2594 2383 quod
2623 2327 2692 2366 ex
2716 2324 2873 2380 aequo
2895 2309 3162 2364 distarent
3183 2305 3252 2360 ab
3276 2312 3506 2372 utroque
3537 2301 3727 2356 solsti-

2151 2409 2250 2473 tio,
2293 2406 2408 2462 sive
2451 2420 2481 2458 a
2517 2404 2730 2460 decimo
2759 2402 2950 2473 quinto
2977 2397 3148 2470 gradu
3192 2396 3388 2450 Cancri
3435 2401 3487 2449 et
3527 2391 3728 2456 Capri-

2153 2501 2331 2557 corni.
2382 2499 2520 2554 Tum
2577 2499 2630 2554 id
2679 2512 3020 2569 consequens
3060 2501 3172 2559 est,
3225 2506 3504 2563 perperam
3545 2505 3613 2543 ex
3657 2503 3729 2542 ea

2154 2602 2400 2649 veterum
2423 2593 2701 2664 opinione,
2731 2606 2894 2661 quam
2920 2589 3106 2654 refert,
3137 2585 3510 2656 improbatque
3538 2581 3729 2636 Gemi-

2154 2701 2279 2748 nus,
2311 2684 2646 2740 conclusisse
2692 2681 3029 2752 Scaligerum
3060 2679 3151 2750 (In
3176 2677 3392 2741 Hanii.,
3423 2690 3547 2745 pag.
3576 2673 3730 2742 157),

2155 2777 2302 2848 quod
2361 2777 2541 2846 capite
2598 2773 2938 2830 antecedenti
2997 2772 3272 2836 diximus;
3333 2767 3546 2838 priscos
3605 2765 3735 2819 illos

2155 2870 2363 2942 τροπὰς
2409 2879 2464 2924 et
2514 2867 2747 2922 solstitia
2792 2866 2849 2920 in
2877 2865 3008 2920 totis
3041 2865 3268 2934 triginta
3296 2860 3580 2933 gradibus,
3618 2871 3735 2912 non

2157 2963 2214 3016 in
2260 2971 2462 3032 puncto
2509 2959 2693 3030 aliquo
2719 2958 2861 3030 λόγῳ
2885 2956 3144 3029 θεωρητῷ
3178 2957 3457 3019 statuisse,
3495 2953 3554 3008 id
3581 2954 3737 3008 enim

2158 3050 2296 3105 falso
2342 3050 2651 3121 suspicatus
2692 3057 2797 3113 est,
2865 3063 3041 3119 neque
3081 3062 3302 3102 causam
3347 3045 3559 3108 habuit,
3631 3058 3738 3098 cur

2159 3141 2263 3197 hoc
2315 3141 2418 3196 sibi
2472 3148 2784 3195 commento
2835 3140 3074 3210 placeret
3110 3139 3264 3202 adeo,
3300 3145 3363 3192 ut
3401 3136 3524 3206 ejus
3561 3135 3740 3191 insci—

493 3227 1118 3309 austrumveid-eflectat.
1172 3227 1356 3320 Itaque
1411 3249 1624 3304 duobus
1675 3248 1744 3302 iis
1795 3247 2057 3318 exceptis,

2160 3232 2290 3285 tiam
2332 3230 2733 3285 mathematicis
2786 3229 3160 3300 exprobraret.
3205 3227 3397 3282 Mirum
3430 3242 3564 3281 vero
3615 3241 3737 3297 por-

494 3345 703 3418 reliqua
734 3350 918 3402 decem
952 3347 1025 3400 ita
1054 3345 1464 3415 comparabant.

796 3481 1007 3554 Syzyga
1046 3483 1201 3554 signa
1233 3480 1518 3536 secundum
1554 3489 1767 3534 veteres.

844 3598 1056 3652 Cancer

840 3667 1046 3736 ἄζυγος

845 3738 1061 3796 Gemini
1271 3745 1328 3793 et
1469 3736 1578 3792 Leo

845 3808 1062 3864 Taurus
1271 3816 1326 3863 et
1466 3806 1631 3878 Yirgo

845 3879 1004 3933 Aries
1277 3886 1333 3933 et
1473 3876 1634 3930 Libra

849 3949 1040 4005 Pisces
1280 3957 1336 4003 et
1478 3946 1739 4016 Scorpius

849 4020 1124 4087 Aquarius
1279 4027 1334 4075 et
1477 4017 1804 4089 Sagittarius

847 4090 1218 4159 Capricornus

851 4161 1050 4229 ἄζυγος

771 4291 983 4366 Syzyga
1011 4292 1163 4362 signa
1191 4287 1479 4345 secundum
1509 4286 1800 4343 Geminum.

851 4405 1069 4461 Gemini
1422 4403 1636 4458 Cancer

854 4475 1073 4532 Taurus
1425 4472 1536 4527 Leo

856 4548 1016 4602 Aries
1428 4542 1594 4613 Yirgo

855 4616 1044 4673 Pisces
1429 4612 1592 4668 Libra

854 4688 1129 4756 Aquarius
1435 4683 1699 4756 Scorpius

854 4752 1224 4827 Capricornus
1437 4752 1785 4824 Sagittarius.

573 4867 635 4924 In
661 4876 896 4940 utroque
923 4868 1316 4940 diagrammate
1342 4869 1635 4924 discrimen
1663 4868 1767 4921 hoc
1797 4866 2039 4921 cernitur
2057 4908 2070 4932 ,

507 4961 654 5034 quod
683 4961 817 5016 illud
842 4968 1086 5017 veterum
1126 4965 1374 5033 syzygias
1405 4962 1544 5015 inter
1574 4976 1636 5015 ea
1667 4962 1819 5030 signa
1850 4966 2072 5022 statuat,

507 5068 630 5123 quae
674 5048 955 5123 aequaliter
1001 5050 1207 5107 distant
1249 5066 1280 5104 a
1327 5051 1460 5120 totis
1507 5051 1682 5121 signis
1731 5050 1976 5120 tropicis,
2021 5050 2077 5102 in

508 5145 682 5201 altero
725 5143 930 5214 σύζυγα
971 5144 1126 5215 signa
1161 5143 1439 5214 aequaliter
1471 5158 1500 5196 a
1533 5143 1751 5213 punctis
1797 5143 1932 5212 ipsis
1969 5151 2080 5196 tro-

507 5237 648 5306 picis
687 5235 904 5292 absunt.
949 5234 1210 5291 Geminus
1257 5235 1513 5306 antiquos
1564 5235 1782 5297 refellit,
1831 5234 1975 5304 quod
2012 5249 2078 5288 ex

509 5343 700 5384 eorum
756 5327 966 5383 ratione
1019 5342 1364 5397 consequens
1418 5326 1498 5390 fit,
1564 5327 1797 5381 solstitia
1856 5326 1910 5380 in
1964 5332 2081 5379 toto

513 5419 954 5476 dodecatemorio
991 5418 1188 5475 Cancri
1229 5419 1563 5490 contingere.
1605 5418 1738 5472 Nam
1771 5433 1895 5472 cum
1925 5419 2081 5489 signa

513 5513 788 5582 comparia
823 5512 952 5576 sint,
993 5527 1114 5582 quae
1154 5527 1222 5566 ex
1265 5511 1455 5566 eodem
1501 5511 1620 5566 loco
1656 5520 1810 5566 ortus
1841 5525 1970 5564 suos
2000 5509 2083 5563 fa-

515 5605 686 5667 ciunt,
718 5613 772 5657 et
814 5604 866 5657 in
897 5605 1146 5659 eumdem
1188 5603 1480 5671 occidunt;
1514 5611 1573 5657 ut
1610 5600 1818 5658 Gemini
1869 5616 1933 5654 ac
1974 5599 2082 5655 Leo

516 5695 591 5747 ita
643 5709 702 5748 se
747 5694 999 5757 habeant,
1047 5710 1272 5751 necesse
1320 5705 1407 5750 est
1451 5694 1689 5764 aequales
1721 5694 1776 5748 in
1826 5693 1936 5748 illis
1963 5709 2084 5748 esse

518 5784 665 5852 dies,
705 5785 810 5840 hoc
838 5795 923 5840 est
953 5788 1334 5857 parallelorum
1372 5797 1649 5859 segmenta
1687 5804 1851 5859 supra
1904 5787 2083 5843 ﬁnito-

517 5891 634 5933 rem
669 5876 856 5932 eadem
891 5897 904 5932 :
943 5878 1086 5949 quod
1131 5879 1288 5934 aliter
1318 5878 1433 5935 fieri
1466 5880 1676 5950 nequit,
1722 5897 1882 5951 quam
1932 5884 1975 5936 si
2017 5897 2083 5936 ex

2163 3327 2373 3374 tentum
2421 3319 2525 3374 hoc
2572 3319 2778 3374 erroris
2830 3316 3056 3374 Eudoxo
3116 3321 3184 3373 ab
3236 3317 3424 3374 eodem
3469 3317 3733 3387 impingi,

2163 3410 2272 3467 imo
2320 3420 2596 3466 auctorem
2633 3411 2780 3466 illius
2805 3409 3090 3466 Eudoxum
3130 3412 3324 3466 asseri.
3359 3408 3418 3464 In
3453 3424 3564 3480 quo
3595 3410 3735 3463 mul-

2162 3505 2330 3575 tiplex
2375 3511 2459 3560 est
2510 3503 2830 3574 ἀπροσεξία.
2879 3501 3016 3557 Nam
3057 3503 3105 3560 si
3148 3502 3405 3558 Eudoxus
3437 3504 3492 3558 in
3522 3503 3732 3558 decima

2162 3594 2355 3663 quinto
2391 3593 2562 3664 gradu
2596 3593 2790 3648 Cancri
2835 3593 3041 3664 τροπὰς
3077 3594 3294 3648 aestivas
3322 3591 3438 3647 ﬁeri
3491 3591 3732 3662 scripsit,

2163 3682 2419 3739 hibernas
2467 3683 2522 3738 in
2573 3683 2895 3754 Capricorni
2943 3685 3157 3740 decimo
3191 3685 3400 3754 quinto,
3442 3684 3734 3753 utrobique

2164 3775 2359 3831 mediis
2405 3776 2461 3830 in
2510 3776 2717 3846 signis,
2761 3777 2926 3847 idque
2972 3776 3146 3846 ipsius
3180 3775 3388 3831 Eudoxi
3418 3775 3736 3831 testimonio

2165 3874 2417 3919 constare
2445 3864 2588 3934 apud
2618 3863 2986 3936 Hipparchum
3017 3873 3172 3935 putat
3191 3863 3465 3935 Scaliger;
3488 3866 3736 3934 quinam,

2165 3954 2417 4017 obsecro.
2439 3965 2862 4012 consentaneum
2893 3966 2998 4021 est,
3017 3957 3073 4011 in
3096 3965 3211 4012 toto
3232 3958 3389 4027 signo
3411 3957 3737 4011 constitutas

2167 4047 2236 4102 ab
2267 4047 2358 4100 illo
2399 4047 2604 4118 τροπὰς
2641 4047 2850 4104 fuisse?
2880 4047 2962 4104 Ad
2998 4048 3114 4103 haec
3143 4048 3191 4104 si
3220 4049 3472 4119 princeps
3507 4048 3580 4101 ita
3611 4062 3738 4102 sen-

2167 4138 2240 4194 sit
2296 4136 2588 4204 Eudoxus,
2635 4154 2745 4193 non
2795 4153 2925 4210 ergo
2969 4137 3194 4203 Metoni,
3243 4154 3306 4193 ac
3349 4138 3739 4194 vetustioribus

2169 4231 2311 4296 aliis,
2343 4231 2438 4302 qui
2474 4231 2759 4286 Eudoxum
2809 4237 3244 4297 antecesserunt,
3279 4231 3384 4286 hoc
3420 4231 3600 4301 ipsum
3647 4245 3740 4285 ve-

2168 4323 2250 4376 nit
2276 4323 2331 4376 in
2358 4333 2594 4376 mentem
2623 4340 2637 4376 :
2669 4322 2814 4392 quod
2837 4331 3018 4378 tamen
3046 4323 3301 4378 universe
3324 4323 3392 4377 de
3417 4321 3744 4391 antiquitate

2169 4416 2318 4470 omni
2349 4424 2555 4471 temere
2585 4415 2978 4486 pronuntiabat
3005 4414 3263 4486 Scaliger.
3287 4414 3550 4470 Eradatur
3577 4414 3744 4483 igitur

2170 4523 2238 4562 ex
2278 4507 2428 4561 omni
2464 4506 2771 4562 litterarum
2802 4507 3064 4562 memoria
3096 4505 3400 4562 fuxlissima
3442 4506 3545 4561 ista
3589 4504 3747 4560 labes

2101 4611 2146 4666 ι)
2173 4595 2466 4666 opinionis,
2495 4611 2657 4666 quam
2687 4595 2777 4650 ille
2804 4595 3044 4666 ἀκρίτως
3073 4594 3129 4649 in
3165 4593 3450 4650 Eudoxum
3504 4608 3569 4648 ac
3590 4602 3748 4648 vete-

2179 4706 2268 4746 res
2315 4700 2658 4746 astronomos
2703 4705 2872 4746 ausus
2912 4700 2997 4747 est
3037 4689 3310 4744 conferre.
3349 4688 3452 4743 Sed
3488 4703 3590 4742 nec
3636 4686 3747 4742 Ge—

2179 4783 2316 4838 mini
2347 4784 2634 4854 castigatio
2675 4798 2776 4838 nos
2812 4783 2905 4837 illa
2940 4783 3202 4849 delectet;
3242 4789 3430 4835 contra
3456 4793 3620 4850 quam
3649 4795 3750 4848 pa-

2178 4874 2440 4929 trocinari
2475 4875 2715 4945 antiquis
2747 4875 2856 4930 illis
2883 4889 3048 4946 quam
3090 4871 3254 4927 facile
3287 4886 3602 4943 possumus,
3633 4879 3749 4924 tam

2180 4968 2374 5021 merito
2390 4966 2685 5022 .debemus.

2256 5058 2346 5112 Sic
2384 5059 2439 5112 in
2483 5057 2730 5113 antisciis
2761 5067 3006 5112 veterum
3033 5073 3098 5111 ex
3133 5055 3323 5111 eodem
3361 5054 3510 5109 fonte
3541 5055 3752 5111 erroris

2181 5150 2535 5221 explicandis,
2569 5165 2633 5206 ac
2659 5149 3013 5204 traducendis
3043 5149 3262 5218 impune
3293 5147 3422 5201 lusit
3460 5146 3704 5216 Scaliger
3729 5186 3747 5209 ,

2179 5258 2300 5314 quae
2325 5242 2541 5313 quidem
2572 5251 2940 5298 consentanee
2967 5240 3034 5296 iis
3063 5256 3184 5310 qua:
3215 5255 3314 5310 pro
3339 5238 3596 5308 Opinione
3632 5237 3755 5292 illo-

2180 5350 2302 5389 rum
2330 5332 2681 5394 adduximus,
2703 5331 2970 5386 veriorem
3001 5330 3068 5384 ad
3098 5344 3315 5384 sensum
3342 5325 3755 5381 accommodare

2181 5426 2328 5480 licet.
2369 5424 2524 5491 Quod
2562 5433 2622 5478 ut
2654 5424 2889 5479 breviter
2919 5423 3031 5488 ﬁat,
3073 5423 3236 5492 paulo
3266 5419 3426 5474 altius
3454 5419 3756 5488 repetenda

2183 5532 2274 5571 res
2311 5516 2432 5571 erit.

2254 5608 2332 5661 Ex
2377 5608 2673 5663 vanissima
2711 5607 2819 5660 τῶν
2849 5597 3359 5676 ἁποτελεσματικῶν
3392 5602 3626 5662 ratione,
3659 5599 3761 5653 do-

2185 5699 2544 5754 decatemoria
2594 5700 2803 5754 zodiaci
2847 5700 3027 5755 varias
3069 5700 3210 5752 inter
3250 5713 3311 5752 se
3366 5694 3600 5765 σχέσεις,
3643 5693 3762 5746 sive

2189 5793 2598 5862 σχηματισμοὺς
2644 5791 2866 5854 habent,
2911 5805 3050 5859 quos
3091 5797 3343 5858 asper-tus
3379 5785 3540 5854 vulgo
3575 5782 3759 5836 nomi-

2188 5891 2338 5937 nant.
2370 5881 2445 5935 Ex
2487 5882 2686 5951 quibus
2713 5895 2807 5936 eos
2831 5880 3094 5935 duntaxat
3132 5879 3235 5932 hoc
3281 5877 3400 5930 loco
3437 5873 3761 5944 seligemus,
