4022 6398
335 422 478 482 1565

1143 411 1598 472 DISSERTATIO
1633 409 1724 464 DE
1757 406 1944 465 ORTU
1975 405 2062 460 ΕΤ
2101 402 2369 460 OCCASU
2411 400 2732 458 SIDERUM.

3413 397 3556 454 1366

335 544 431 615 qui
461 543 528 600 ad
568 541 838 612 negotium
864 546 1112 596 nostrum
1138 536 1430 607 pertinent,
1462 533 1775 588 auctoribus
1802 531 1898 586 ad-
1928 539 1974 595 Α
2001 527 2122 583 dem
2157 543 2228 581 ex
2255 525 2554 615 horizontis
2589 512 2836 593 partibus
2875 522 3232 615 orianturtet‘
3267 519 3322 572 in
3357 518 3553 574 iisdem

339 634 523 690 bibitis
566 632 856 687 Ptolemaeo
898 631 952 684 in
999 627 1296 682 Tetrabiblo
1325 626 1439 696 (lib.
1478 624 1541 695 Ι),
1572 623 1740 677 Paulo
1769 623 1894 676 Ale-

341 725 628 787 xandrino,
682 723 920 785 Manilio,
991 729 1046 775 et
1094 718 1353 774 Firmice.
1409 717 1577 788 igitur
1622 716 1775 784 signa
1805 721 1900 769 aut

340 828 468 874 sunt
514 820 708 883 οἰκεῖα,
759 832 779 866 ι
815 813 1126 880 familiaria,
1158 832 1176 864 ι
1217 813 1332 868 sive
1386 830 1405 862 ι
1445 819 1702 882 Cognata;
1745 829 1763 862 ι
1804 817 1898 864 aut

340 908 620 970 ἀσύνδετα,
666 926 686 957 ι
736 905 1106 977 inconjuncta,
1150 923 1171 956 ι
1216 911 1270 957 et
1320 921 1340 954 ς
1389 903 1586 956 aliena.
1641 921 1660 954 ι
1707 899 1896 955 Priora

340 1002 614 1063 dicuntur,
635 1014 756 1071 quae
781 998 1164 1054 schematismo
1186 995 1388 1066 aliquo,
1418 995 1501 1050 vel
1519 993 1784 1049 οἰκειώσει
1816 992 1896 1046 in-

342 1101 425 1145 ter
459 1108 518 1147 se
552 1093 800 1146 devincta
837 1097 991 1156 sunt;
1028 1089 1349 1160 posteriora,
1391 1102 1513 1158 qua:
1551 1087 1757 1140 nullum
1801 1085 1899 1139 hac-

340 1187 469 1240 bent
496 1200 565 1240 ex
593 1185 680 1249 iis,
713 1199 851 1254 quos
874 1183 1268 1253 astrologorum
1298 1197 1430 1236 usus
1457 1180 1705 1236 adscivit.
1738 1177 1899 1234 Sche-

341 1276 623 1332 matismus
650 1277 733 1330 vel
759 1284 844 1330 est
870 1272 1010 1328 κατὰ
1037 1273 1345 1344 διάμετρον,
1375 1277 1433 1325 ut
1453 1270 1610 1326 Aries
1629 1277 1684 1324 et
1709 1268 1894 1332 Libra,

340 1369 430 1422 vel
479 1367 614 1420 κατὰ
655 1367 934 1436 τρίγωνον,
967 1366 1052 1420 vel
1087 1365 1229 1419 κατὰ
1260 1363 1623 1434 τετράγωνον,
1640 1361 1721 1417 vel
1758 1359 1898 1415 κατὰ

254 1520 262 1529 ,
341 1459 641 1526 ἑξάγωνον,
679 1458 745 1512 de
791 1459 989 1528 quibus
1029 1456 1288 1511 Geminus
1331 1470 1450 1524 cap.
1497 1454 1546 1520 Ι,
1587 1462 1642 1510 et
1685 1467 1783 1508 nos
1828 1454 1895 1508 ad

340 1550 589 1605 eumdem
639 1550 692 1602 in
729 1548 885 1604 Notis
915 1547 1157 1619 qumdam
1190 1548 1620 1604 observavimus.
1654 1547 1897 1603 Alterum

340 1655 509 1709 genus
549 1639 890 1704 οἰκειώσεως,
921 1639 1220 1696 secundum
1247 1639 1390 1710 quod
1435 1639 1591 1711 signa
1636 1641 1738 1693 alia
1773 1650 1899 1695 sunt

341 1731 762 1800 προστάσσοντα,
818 1749 836 1780 ‹
893 1730 1232 1802 imperanlia,
1291 1749 1311 1782 ι
1374 1730 1476 1786 alia
1534 1730 1895 1795 ὑπακούοντα,

345 1841 364 1872 ι
410 1820 770 1876 auscultantia
824 1839 837 1874 :
894 1840 914 1872 ι
968 1836 1088 1890 quae
1134 1821 1294 1876 ambo
1345 1822 1620 1875 communi
1678 1822 1898 1877 nomine

1997 615 2268 671 occidant.
2313 614 2487 682 Atque
2536 613 2651 666 haec
2698 617 2826 667 sunt
2871 610 3077 676 σύζυγα
3119 609 3294 679 signa,
3324 621 3444 677 quae
3482 621 3550 661 ex

1996 705 2223 760 Gemino
2257 703 2942 774 superiusexplicavimus,
2975 707 3032 755 ut
3060 701 3291 764 Gemini,
3316 699 3548 761 Cancer,

1997 795 2234 858 Taurus,
2261 793 2388 860 Leo,
2420 802 2474 849 et
2511 805 2725 856 caetera,
2760 793 2827 847 de
2865 791 3063 861 quibus
3096 791 3151 845 in
3175 789 3327 846 Notis
3352 793 3420 845 ad
3445 789 3551 846 Ge-

1996 887 2202 941 minum
2238 886 2418 955 aliqua
2446 883 2706 941 diximus.

2055 977 2364 1030 ’Ἀσύνδετα
2419 984 2473 1031 et
2528 973 3008 1046 ὰπηλλοτριωμένα
3032 1013 3048 1038 ,
3108 975 3445 1043 inconjuncta
3497 983 3575 1030 et-

1997 1069 2171 1122 aliena
2211 1069 2360 1138 signa
2401 1068 2678 1130 dicuntur,
2709 1081 2827 1136 qua:
2859 1067 3060 1122 nullius
3092 1065 3458 1122 schematismi
3484 1081 3579 1122 eL.

1997 1159 2446 1214 antecedentibus
2477 1157 2598 1213 istis
2631 1157 2942 1212 societatem
2979 1167 3178 1212 coeunt
3203 1157 3452 1211 invicem.
3475 1156 3552 1212 Ita

1996 1249 2338 1305 Ptolemaeus.
2591 1303 2594 1306 .
2661 1317 2668 1320 Α

2068 1343 2137 1395 At
2183 1341 2440 1397 Manilius
2479 1349 2534 1396 et
2589 1340 2797 1396 Paulus
2838 1338 3232 1394 Alexandrinus
3282 1336 3576 1396 audientia,

1996 1441 2052 1488 et
2097 1431 2336 1488 videntia
2371 1432 2524 1503 signa
2561 1432 2719 1486 aliter
2767 1431 3060 1500 explicant.
3098 1428 3233 1483 Nam
3275 1428 3419 1499 apud
3459 1443 3554 1484 eos

2001 1525 2300 1581 videntium
2353 1526 2502 1595 paria
2533 1531 2786 1579 constant
2831 1523 2902 1578 iis
2937 1523 3108 1591 signis
3142 1536 3260 1592 quae
3291 1537 3358 1576 ex
3399 1535 3556 1592 aequo

1997 1617 2202 1673 distant
2247 1631 2275 1670 a
2309 1617 2437 1672 totis
2465 1615 2634 1686 signis
2657 1615 2876 1685 tropicis
2899 1622 2957 1668 ut
2985 1621 3113 1670 sunt
3141 1613 3372 1677 Gemini,
3411 1611 3553 1676 Leo,

2000 1707 2234 1774 Taurus,
2260 1707 2448 1779 Virgo,
2484 1723 2546 1762 ac
2593 1708 2836 1777 reliqua;
2877 1721 3001 1776 qua}
3026 1705 3297 1775 descripta
3343 1712 3470 1760 sunt
3500 1705 3556 1760 in

2001 1797 2172 1852 altero
2200 1798 2473 1852 schemate
2493 1795 2601 1850 τῶν
2633 1795 2898 1864 συζύγων,
2932 1795 3228 1850 secundum
3249 1801 3480 1857 veteres,
3498 1803 3556 1848 ut

338 1913 661 1980 ἀκουόντων,
699 1931 718 1964 ‹
754 1883 1110 1976 audientium,
1151 1931 1171 1965 ι
1222 1911 1423 1967 Paulus
1474 1913 1897 1981 Alexandrinus,
1930 1891 1971 1948 Β
1997 1903 2188 1943 “mm
2239 1896 2479 1981 mallem,
2519 1889 2912 1981 ί¹¹¹θτβτῗίξωδ
2935 1894 3018 1942 θ⁸ι
3049 1884 3331 1941 Geminus"
3369 1883 3557 1981 nam?"

337 2014 391 2058 et
429 2002 680 2058 Manilius
725 2003 1050 2074 intelligunt.
1078 2002 1317 2057 Tertium
1359 2018 1530 2074 genus
1575 2004 1899 2068 οἱκειὼσεως

337 2103 421 2151 est
456 2095 562 2150 τῶν
595 2097 916 2168 βλεπόντων,
952 2111 1074 2152 sese
1104 2105 1293 2150 mutuo
1321 2097 1791 2166 conspicientium.
1829 2097 1900 2152 Ut

337 2189 405 2244 de
433 2189 825 2258 posterioribus
854 2189 939 2244 his
971 2189 1234 2244 ambobus
1264 2203 1440 2259 agam.

407 2278 728 2336 Ptolemaeus
775 2280 1207 2352 προστάσσοντα,
1255 2291 1310 2335 et
1350 2280 1692 2335 ὑπακούοντα
1743 2283 1897 2351 signa

337 2380 515 2438 vocat,
552 2371 622 2426 τὰ
656 2374 774 2427 κατ’
811 2374 931 2443 ῐσην
961 2372 1234 2426 διάστασιν
1258 2371 1368 2425 ἀπὸ
1398 2371 1490 2425 τοῦ
1524 2372 1708 2435 αὑτοῦ,
1739 2373 1772 2443 ἢ
1807 2373 1900 2426 καὶ

337 2465 591 2537 ὁποτέρου
635 2466 742 2519 τῶν
793 2465 1120 2538 ἰσημερινῶν
1154 2465 1393 2536 σημείων
1434 2467 1898 2537 σχηματιζόμενα,

336 2558 423 2611 διὰ
454 2559 515 2611 τὸ
537 2560 594 2612 ὲν
615 2561 727 2622 τοῖς
753 2559 886 2622 ἴσοις
912 2559 1121 2630 χρόνοις
1149 2557 1514 2628 ἀναφέρεσθαι
1533 2560 1625 2612 καὶ
1648 2559 1740 2612 ἐπὶ
1770 2560 1899 2615 ἴσων

339 2649 712 2722 παραλλήλων.
756 2669 774 2702 ι
807 2648 938 2716 Quae
980 2651 1094 2720 pari
1141 2651 1424 2705 intervallo
1471 2650 1540 2705 ab
1586 2650 1774 2706 eodem
1814 2651 1906 2706 vel

337 2747 598 2802 alterutro
629 2756 951 2816 punctorum
977 2748 1438 2818 aequinoctialium
1459 2748 1738 2814 distantia,
1761 2749 1898 2820 ligu-

337 2845 492 2898 ram,
549 2849 645 2888 seu
693 2842 1047 2905 conspectum
1102 2836 1354 2892 habent:
1399 2837 1543 2907 quod
1599 2839 1898 2908 aequalibus

337 2924 670 2993 temporibus
710 2927 977 2992 oriantur,
1009 2936 1064 2981 et
1104 2928 1159 2982 in
1195 2927 1492 2998 aequalibus
1533 2929 1829 2999 parallelis.
1873 2950 1892 2983 ι

337 3015 603 3072 Zodiacus
629 3017 870 3073 circulus
897 3019 967 3072 ab
997 3019 1359 3090 aequinoctiali
1394 3019 1647 3074 bifariam
1684 3031 1899 3077 secatur

337 3107 395 3162 in
421 3107 638 3179 punctis
665 3109 1154 3180 aequinoctialibus.
1187 3109 1325 3165 Hinc
1355 3111 1733 3168 semicirculus
1763 3112 1900 3167 alter

337 3200 574 3256 borealis
617 3200 839 3265 dicitur,
893 3201 1101 3258 habens
1147 3201 1299 3273 signa
1342 3202 1582 3259 borealia
1622 3220 1738 3268 sex,
1777 3220 1897 3276 quae
1923 3222 1971 3286 ρ

338 3296 465 3345 sunt
500 3289 680 3356 Aries,
723 3291 958 3358 Taurus,
993 3289 1227 3357 Gemini,
1262 3293 1490 3360 Cancer,
1517 3293 1647 3360 Leo,
1688 3294 1898 3366 Virgo;

337 3381 473 3436 alter
505 3383 760 3439 australis
799 3383 1023 3438 totidem
1065 3383 1235 3454 signis
1277 3385 1559 3455 praeditus,
1590 3401 1710 3457 qua:
1747 3396 1896 3452 sunt,

336 3471 518 3539 Libra,
546 3472 825 3544 Scorpius,
869 3473 1218 3550 Sagittarius,
1269 3477 1657 3548 Capricornus,
1709 3479 1897 3550 Aqua-

338 3566 472 3632 rius,
519 3565 739 3632 Pisces;
800 3549 1244 3641 borealia.signa
1289 3577 1418 3625 sunt
1462 3549 1900 3642 προστάσσοντα;

337 3652 594 3714 australia
623 3675 752 3715 vero
779 3660 1137 3715 ὑπακούοντα.
1180 3661 1350 3732 Cujus
1384 3662 1463 3718 rei
1489 3677 1711 3719 causam
1743 3662 1900 3719 all‘ert

336 3750 658 3807 Ptolemmus
687 3753 829 3823 quod
859 3753 915 3807 in
951 3753 1261 3809 borealibus
1290 3755 1460 3826 signis
1496 3756 1755 3826 paulatim
1782 3757 1902 3814 dies

339 3851 637 3912 augeantur
656 3885 668 3908 ,
713 3844 766 3897 in
796 3845 966 3901 altero
990 3845 1406 3902 contrahantur.
1430 3845 1515 3902 Ob
1543 3847 1596 3903 id
1631 3849 1900 3919 imperare

339 3935 417 3987 illi
438 3935 652 4000 debent,
681 3936 772 3992 isti
799 3953 1009 4007 parere,
1032 3955 1101 3994 ex
1130 3939 1264 3995 artis
1286 3940 1636 4011 ineptissimae
1658 3941 1896 3998 decreto.

339 4023 452 4081 Hac
475 4027 683 4084 ratione
712 4029 866 4100 signa
894 4030 987 4084 illa
1015 4031 1159 4086 inter
1189 4047 1248 4088 se
1275 4032 1630 4104 pariabimus.

1029 4139 1213 4212 Signa.

342 4252 689 4325 lmperantia.
891 4263 894 4267 ‘
1499 4257 1899 4316 Auscultantia.

453 4369 611 4426 Aries
1365 4371 1550 4428 Pisces

455 4441 668 4512 Taurus
1367 4441 1646 4512 Aquarius

454 4509 664 4581 Gemini
1367 4509 1737 4581 Capricornus

453 4578 661 4650 Cancer
1372 4578 1698 4650 Sagittarius

453 4647 561 4722 Leo
1373 4647 1634 4722 Scorpius

451 4718 616 4793 Virgo
1373 4718 1538 4776 Libra

411 4831 538 4888 Haec
590 4835 733 4889 enim
791 4836 944 4906 signa
992 4843 1121 4890 sunt
1156 4835 1479 4908 ῐσανάφορα,
1511 4844 1565 4891 et
1612 4838 1903 4909 ἰσοπαράλ-

338 4925 498 4997 ληλα,
528 4929 673 4997 quod
711 4928 990 4997 aequaliter
1020 4927 1225 4982 distent
1259 4927 1326 4982 ab
1363 4927 1628 4982 ambobus
1656 4931 1902 4998 aequino-

339 5016 592 5072 ctialibus
618 5019 855 5087 punctis.
884 5016 1166 5087 quuales,
1203 5017 1449 5087 inquam,
1481 5019 1770 5087 parallelos
1797 5019 1900 5073 ha-

340 5106 486 5172 bent,
517 5125 625 5162 nou
666 5109 907 5174 eosdem,
939 5117 998 5163 ut
1031 5107 1383 5166 Camerarius
1429 5111 1609 5165 vertit.
1659 5109 1716 5165 ld
1755 5111 1901 5165 enim

340 5196 510 5268 signis
546 5199 861 5256 videntibus
893 5202 1173 5268 convenit,
1201 5217 1322 5272 qua:
1351 5217 1379 5254 a
1414 5202 1639 5272 tropicis
1681 5201 1900 5272 punctis

339 5301 405 5340 ex
431 5293 587 5357 aequo
609 5287 815 5344 distant
834 5289 929 5346 :de
957 5291 1160 5361 quibus
1181 5293 1293 5362 agit
1322 5291 1522 5348 ibidem
1556 5291 1898 5347 Ptolemaeus.

413 5379 428 5433 l
440 5379 581 5449 gitur
624 5381 855 5435 alterum
894 5397 1062 5452 genus
1091 5381 1417 5446 οἰκειώσεως
1449 5391 1532 5438 est
1561 5397 1748 5436 eorum
1780 5397 1902 5452 quae

343 5470 624 5541 βλέποντα,
640 5473 887 5542 eidemin,
899 5473 1176 5538 dicuntur,
1191 5483 1245 5531 et
1262 5473 1697 5546 ἰσοδυναμοῦντα,
1711 5476 1903 5544 azquali

341 5573 593 5632 potestate
646 5565 890 5634 prazdita.
954 5567 1091 5621 Sunt
1140 5580 1320 5623 autem
1366 5568 1655 5638 ejusmodi,
1687 5583 1807 5637 quae
1833 5584 1902 5623 ex

341 5667 498 5724 aequo
526 5654 731 5708 distant
762 5655 831 5709 ab
863 5656 1129 5711 alterutro
1153 5657 1376 5713 solstitii
1402 5655 1715 5726 puncto.Ea
1739 5671 1902 5726 porro

345 5749 533 5796 mutuo
553 5759 614 5799 se
641 5744 825 5800 videre.
855 5746 1116 5800 dicuntur
1144 5746 1266 5802 ideo
1289 5747 1433 5816 quod
1468 5755 1521 5801 et
1543 5747 1661 5801 dies
1687 5747 1898 5810 diebus,

341 5836 396 5885 et
424 5841 611 5889 noctes
639 5835 890 5892 noctibus
936 5835 1169 5907 aequales
1203 5836 1434 5901 faciant;
1467 5847 1578 5891 tum
1621 5835 1762 5906 quod
1796 5836 1894 5890 iis-

1999 1981 2212 2036 Cancer
2237 1987 2290 2035 et
2321 1979 2690 2048 Capricornus
2733 1977 2988 2032 ἄϐλεπτοι
3042 1986 3171 2032 sunt
3219 1985 3272 2032 et
3313 1978 3551 2048 μοναχοὶ,

1997 2089 2098 2127 nec
2125 2072 2254 2136 alia,
2289 2073 2382 2127 sed
2411 2087 2470 2126 se
2499 2071 2616 2126 sola
2644 2078 2993 2125 continentur.

2067 2161 2280 2217 Rursus
2305 2161 2622 2230 imperantia
2654 2160 2806 2229 signa
2834 2167 2890 2213 et
2922 2158 3284 2213 auscultantia
3314 2163 3558 2212 statuunt

1997 2254 2184 2318 iidem,
2209 2269 2329 2323 quae
2359 2268 2425 2307 ex
2453 2267 2608 2322 aequo
2640 2251 2848 2307 distant
2883 2251 2950 2306 ab
2975 2249 3444 2320 aequinoctialibus
3471 2251 3558 2304 in-

1997 2346 2165 2415 tegris
2191 2345 2382 2415 signis,
2408 2344 2479 2397 ita
2510 2351 2570 2396 ut
2601 2343 2784 2413 priora
2807 2341 3075 2406 borealia,
3109 2342 3414 2410 posteriora
3446 2342 3557 2396 sint

1998 2436 2275 2490 australia.
2307 2434 2447 2505 Ergo
2485 2441 2639 2487 extra
2673 2440 2875 2488 sortem
2921 2439 3051 2486 sunt
3076 2430 3243 2486 Aries.
3285 2439 3338 2486 et
3370 2429 3557 2498 Libra,

1997 2543 2172 2596 neque
2203 2543 2262 2582 se
2285 2526 2514 2582 invicem
2544 2525 2801 2588 audiunt,
2835 2538 3011 2593 neque
3069 2524 3205 2589 alia;
3239 2523 3334 2578 sed
3371 2523 3558 2578 solita-

1997 2617 2078 2671 ria
2111 2627 2256 2682 sunt,
2285 2633 2350 2672 ac
2375 2618 2667 2690 μονόζωνα,
2685 2623 2877 2672 caetera
2905 2611 3169 2685 ὁμόζωνα.
3191 2612 3264 2667 Ea
3283 2612 3572 2669 intabella

1999 2712 2245 2782 sequenti
2277 2710 2402 2766 licet
2437 2710 2657 2766 intueri.

2439 2821 2602 2894 Signa
2633 2821 2838 2880 Manilii
2867 2828 2920 2876 et
2953 2816 3104 2872 Pauli

1997 2891 2320 2962 lmperantia
2501 2885 2528 2894 ⁷
2626 2964 2668 3016 Α
2707 2964 2716 2974 _
3181 2885 3571 2964 Ausculantia.-.

2287 2991 2300 3002 -
2676 2980 2782 3017 nes

2627 3034 2831 3104 ἄζυγος,

2117 3102 2340 3158 Taurus
3041 3107 3223 3163 Pisces

2114 3171 2325 3247 Gemini
3041 3178 3314 3247 Aquarius

2113 3243 2324 3318 Cancer
3041 3243 3407 3318 Capricornus

2113 3313 2222 3390 Leo
3045 3313 3370 3390 Sagittarius

2113 3381 2279 3456 Virgo
3045 3381 3305 3457 Scorpius

2630 3454 2788 3510 Libra

2631 3525 2846 3594 ἄζυγος.

2067 3617 2225 3672 Aries
2252 3618 2437 3688 itaque
2463 3616 2765 3686 imperandi
2785 3619 2869 3673 vel
2895 3620 3234 3675 auscultandi
3261 3637 3384 3675 cum
3409 3623 3576 3678 nulla

2001 3709 2388 3763 commercium
2442 3708 2626 3776 habet,
2681 3709 2900 3766 Libram
2951 3719 3133 3767 autem
3189 3714 3352 3779 videt,
3402 3722 3559 3770 utet

1999 3799 2237 3855 Arietem
2258 3799 2442 3857 Libra.

2001 3911 2290 3984 Consilium
2308 3913 2416 3984 ipse
2435 3928 2587 3966 suum
2607 3921 2683 3966 est
2700 3913 2849 3984 Aries
2867 3931 2882 3968 .'
2903 3924 2958 3967 ut
2979 3916 3210 3984 principe
3226 3915 3438 3983 dignum
3457 3925 3554 3980 est,

1998 3981 2159 4036 Audit
2195 3998 2268 4046 se,-
2299 3981 2614 4052 Libramque
2637 3983 2790 4049 videt,

2001 4093 2077 4146 ait
2105 4092 2378 4148 Manilius.
2423 4091 2636 4149 Taurus
2685 4092 2960 4164 Virginem
2995 4095 3160 4161 videt,
3204 4107 3257 4151 et
3312 4096 3558 4152 Piscibus

2000 4184 2266 4254 imperat;
2293 4183 2480 4241 Pisces
2515 4184 2800 4256 Scorpium
2836 4187 3035 4253 vident,
3075 4196 3128 4242 et
3169 4188 3396 4240 audiunt
3418 4187 3561 4241 Tau-

2001 4290 2144 4343 rum,
2176 4283 2230 4332 et
2261 4275 2344 4332 sic
2369 4277 2608 4348 reliqua.
2639 4277 2710 4330 At
2747 4276 3097 4348 Demophilus
3131 4279 3556 4349 προστάσσοντα,

2003 4377 2056 4424 et
2085 4368 2430 4423 ὑπακούοντα
2455 4369 2647 4424 eodem
2684 4383 2794 4438 quo
2821 4368 3072 4424 Manilius
3099 4377 3152 4424 et
3172 4368 3372 4423 Paulus
3399 4369 3561 4424 nando

2002 4458 2340 4522 describens,
2373 4459 2476 4513 hoc
2514 4473 2624 4514 uno
2653 4459 2863 4525 differt,
2898 4459 3048 4529 quod
3099 4459 3334 4514 Arietem
3390 4460 3561 4529 impe-

1930 4555 2216 4611 Drantem
2279 4547 2454 4605 Libra:
2511 4552 2720 4617 statuit,
2776 4557 2827 4605 et
2887 4550 3106 4605 Libram
3167 4551 3560 4606 auscultantem

2000 4644 2193 4700 Arieti.

2069 4731 2250 4790 Julius
2273 4732 2546 4789 Firmicus
2568 4732 2664 4786 lib.
2689 4730 2755 4794 ll,
2781 4746 2901 4802 cap.
2921 4729 3384 4796 XXXll,videntia
3407 4731 3581 4802 signai

1999 4825 2189 4881 eadem
2238 4841 2364 4881 cum
2393 4825 2765 4888 Ptolemaicis,
2799 4833 2852 4879 et
2893 4823 3140 4892 συζύγοις
3169 4824 3379 4879 Gemini
3409 4823 3582 4889 facit,-

1999 4933 2173 4989 eaque
2225 4937 2285 4974 se
2329 4934 2397 4974 ex
2439 4917 2751 4983 Ptolemaeo,
2779 4917 3068 4981 Antiocho,
3099 4924 3152 4972 et
3181 4917 3450 4972 Dorotheo
3475 4913 3563 4970 Si-

2001 5011 2168 5065 donio
2220 5009 2530 5066 describere
2578 5009 2887 5079 proﬁtetur,
2935 5015 3097 5078 atque
3125 5009 3354 5063 antiscia
3387 5005 3562 5062 nomi-

2000 5110 2117 5163 nat,
2139 5099 2399 5154 nimirum
2421 5098 2565 5170 quod
2604 5099 2826 5154 umbras
2855 5114 2921 5154 ex
2946 5112 3102 5168 aequo
3147 5098 3562 5168 respondentes,

2000 5199 2056 5247 et
2111 5190 2338 5255 ἐναλλὰξ
2394 5189 2628 5245 faciant.
2686 5188 2820 5244 Nam
2860 5191 2914 5244 in
2967 5189 3208 5244 Geminis
3254 5197 3308 5242 et
3351 5187 3563 5242 Cancro

2001 5284 2237 5352 aiquales
2268 5290 2397 5336 sunt
2438 5291 2648 5345 noctes,
2685 5280 2780 5336 sed
2831 5281 3048 5335 inverso
3086 5280 3279 5334 ordine
3316 5297 3328 5332 :
3364 5279 3563 5348 quippe

2005 5376 2218 5430 imtium
2246 5375 2411 5429 unius
2435 5374 2526 5427 lini
2553 5374 2780 5428 alterius
2814 5374 3085 5441 congruit.
3113 5371 3274 5424 Initio
3307 5368 3565 5423 Gemino-

2006 5480 2124 5521 rum
2169 5467 2286 5521 dies
2321 5471 2620 5534 noctesque
2669 5463 2820 5532 paria
2861 5460 3068 5515 faciunt
3098 5475 3222 5515 eum
3251 5458 3464 5521 diebus,
3499 5469 3566 5510 ac

2004 5560 2262 5614 noctibus
2319 5558 2374 5611 in
2435 5556 2542 5610 line
2586 5554 2807 5610 Cancri.
2842 5553 2918 5606 Ita
2960 5552 3173 5605 initium
3221 5549 3387 5604 Tauri
3438 5562 3565 5602 cum

2007 5653 2112 5707 ﬁne
2155 5650 2388 5716 Leonis;
2416 5648 2540 5703 linis
2571 5647 2717 5700 illius
2749 5660 2872 5698 cum
2912 5641 3075 5713 hujus
3105 5642 3259 5695 initio
3287 5637 3566 5694 convenit.

2009 5738 2099 5794 Sic
2150 5739 2370 5793 antiscii
2431 5739 2486 5790 in
2534 5735 2745 5804 sphaera
2779 5733 3033 5786 dicuntur
3057 5745 3166 5785 non
3201 5730 3376 5784 solum
3420 5725 3568 5796 quod

2013 5835 2233 5890 umbras
2267 5831 2324 5886 in
2353 5830 2598 5884 diversas
2627 5837 2808 5898 partes
2836 5827 3062 5898 iaciant,
3088 5823 3181 5879 sed
3227 5821 3396 5877 etiam
3423 5815 3582 5890 quod-
