  <div class='ocr_page' id='page_1' title='image "/cluster/home/n/w/nwhite01/storage/ocr_20150623/19/nnc1.0037127454/705.png"; bbox 0 0 4022 6398; ppageno 0'>
   <div class='ocr_carea' id='block_1_1' title="bbox 505 355 644 412">
    <p class='ocr_par' dir='ltr' id='par_1_1' title="bbox 505 355 644 412">
     <span class='ocr_line' id='line_1_1' title="bbox 505 355 644 412; baseline -0.029 1"><span class='ocrx_word' id='word_1_1' title='bbox 505 355 644 412; x_wconf 70' lang='grc'><strong>1567</strong></span> 
     </span>
    </p>
   </div>
   <div class='ocr_carea' id='block_1_2' title="bbox 1483 345 2719 433">
    <p class='ocr_par' dir='ltr' id='par_1_2' title="bbox 1483 345 2719 433">
     <span class='ocr_line' id='line_1_2' title="bbox 1483 345 2719 433; baseline 0.001 -18"><span class='ocrx_word' id='word_1_2' title='bbox 1483 360 1575 415; x_wconf 68' lang='lat' dir='ltr'><strong>an</strong></span> <span class='ocrx_word' id='word_1_3' title='bbox 1612 361 1882 418; x_wconf 83' lang='lat' dir='ltr'><strong>EUSEBll</strong></span> <span class='ocrx_word' id='word_1_4' title='bbox 1910 362 2310 420; x_wconf 81' lang='lat' dir='ltr'><strong>CHRONICON</strong></span> <span class='ocrx_word' id='word_1_5' title='bbox 2345 345 2719 433; x_wconf 43' lang='lat' dir='ltr'><strong>APPENDIXQ</strong></span> 
     </span>
    </p>
   </div>
   <div class='ocr_carea' id='block_1_3' title="bbox 3590 361 3748 417">
    <p class='ocr_par' dir='ltr' id='par_1_3' title="bbox 3590 361 3748 417">
     <span class='ocr_line' id='line_1_3' title="bbox 3590 361 3748 417; baseline 0 -1"><span class='ocrx_word' id='word_1_6' title='bbox 3590 361 3748 417; x_wconf 74' lang='grc'><strong>1568</strong></span> 
     </span>
    </p>
   </div>
   <div class='ocr_carea' id='block_1_4' title="bbox 505 457 3753 547">
    <p class='ocr_par' dir='ltr' id='par_1_4' title="bbox 505 457 3753 547">
     <span class='ocr_line' id='line_1_4' title="bbox 505 457 3753 547; baseline 0.002 -20"><span class='ocrx_word' id='word_1_7' title='bbox 505 468 733 528; x_wconf 78' lang='lat' dir='ltr'><strong>alternis</strong></span> <span class='ocrx_word' id='word_1_8' title='bbox 759 478 813 528; x_wconf 90' lang='lat' dir='ltr'><strong>et</strong></span> <span class='ocrx_word' id='word_1_9' title='bbox 839 472 1112 528; x_wconf 91' lang='lat' dir='ltr'><strong>contrario</strong></span> <span class='ocrx_word' id='word_1_10' title='bbox 1135 473 1295 530; x_wconf 90' lang='lat' dir='ltr'><strong>modo</strong></span> <span class='ocrx_word' id='word_1_11' title='bbox 1327 476 1562 546; x_wconf 68' lang='lat' dir='ltr'><strong>aequales</strong></span> <span class='ocrx_word' id='word_1_12' title='bbox 1585 477 2067 542; x_wconf 87' lang='lat' dir='ltr'><strong>habeant;etenim</strong></span> <span class='ocrx_word' id='word_1_13' title='bbox 2098 489 2142 544; x_wconf 78' lang='grc' dir='ltr'>Α</span> <span class='ocrx_word' id='word_1_14' title='bbox 2170 477 2410 533; x_wconf 85' lang='lat' dir='ltr'><strong>Arietem</strong></span> <span class='ocrx_word' id='word_1_15' title='bbox 2455 476 2594 532; x_wconf 91' lang='lat' dir='ltr'><strong>dixit</strong></span> <span class='ocrx_word' id='word_1_16' title='bbox 2645 485 2756 531; x_wconf 87' lang='lat' dir='ltr'><strong>non‘</strong></span> <span class='ocrx_word' id='word_1_17' title='bbox 2794 475 2980 531; x_wconf 82' lang='lat' dir='ltr'><strong>videre</strong></span> <span class='ocrx_word' id='word_1_18' title='bbox 3009 457 3224 532; x_wconf 78' lang='lat' dir='ltr'><strong>Libram</strong></span> <span class='ocrx_word' id='word_1_19' title='bbox 3251 484 3469 547; x_wconf 88' lang='lat' dir='ltr'><strong>propter</strong></span> <span class='ocrx_word' id='word_1_20' title='bbox 3506 477 3753 546; x_wconf 73' lang='lat' dir='ltr'><strong>interie-</strong></span> 
     </span>
    </p>
   </div>
   <div class='ocr_carea' id='block_1_5' title="bbox 506 565 2062 634">
    <p class='ocr_par' dir='ltr' id='par_1_5' title="bbox 506 565 2062 634">
     <span class='ocr_line' id='line_1_5' title="bbox 506 565 2062 634; baseline 0.004 -17"><span class='ocrx_word' id='word_1_21' title='bbox 506 565 708 620; x_wconf 75' lang='lat' dir='ltr'><strong>antteci</strong></span> <span class='ocrx_word' id='word_1_22' title='bbox 753 565 950 629; x_wconf 77' lang='lat' dir='ltr'><strong>nostri,</strong></span> <span class='ocrx_word' id='word_1_23' title='bbox 992 580 1116 620; x_wconf 93' lang='lat' dir='ltr'><strong>cum</strong></span> <span class='ocrx_word' id='word_1_24' title='bbox 1143 575 1229 622; x_wconf 86' lang='lat' dir='ltr'><strong>est</strong></span> <span class='ocrx_word' id='word_1_25' title='bbox 1257 568 1432 624; x_wconf 88' lang='lat' dir='ltr'><strong>hiems</strong></span> <span class='ocrx_word' id='word_1_26' title='bbox 1465 571 1644 634; x_wconf 91' lang='lat' dir='ltr'><strong>nobis,</strong></span> <span class='ocrx_word' id='word_1_27' title='bbox 1679 571 1922 625; x_wconf 82' lang='lat' dir='ltr'><strong>umbram</strong></span> <span class='ocrx_word' id='word_1_28' title='bbox 1967 571 2062 624; x_wconf 49' lang='lat' dir='ltr'><strong>hac</strong></span> 
     </span>
    </p>
   </div>
   <div class='ocr_carea' id='block_1_6' title="bbox 506 653 2061 730">
    <p class='ocr_par' dir='ltr' id='par_1_6' title="bbox 506 653 2061 730">
     <span class='ocr_line' id='line_1_6' title="bbox 506 653 2061 730; baseline 0.002 -19"><span class='ocrx_word' id='word_1_29' title='bbox 506 655 636 711; x_wconf 87' lang='lat' dir='ltr'><strong>bent</strong></span> <span class='ocrx_word' id='word_1_30' title='bbox 691 653 1027 724; x_wconf 84' lang='lat' dir='ltr'><strong>breviorem;</strong></span> <span class='ocrx_word' id='word_1_31' title='bbox 1059 671 1159 712; x_wconf 87' lang='lat' dir='ltr'><strong>nos</strong></span> <span class='ocrx_word' id='word_1_32' title='bbox 1202 674 1332 714; x_wconf 91' lang='lat' dir='ltr'><strong>vero</strong></span> <span class='ocrx_word' id='word_1_33' title='bbox 1364 659 1734 730; x_wconf 75' lang='lat' dir='ltr'><strong>longissimam</strong></span> <span class='ocrx_word' id='word_1_34' title='bbox 1772 679 1784 715; x_wconf 91' lang='lat'>:</span> <span class='ocrx_word' id='word_1_35' title='bbox 1819 662 2061 716; x_wconf 85' lang='lat' dir='ltr'><strong>vicissim</strong></span> 
     </span>
    </p>
   </div>
   <div class='ocr_carea' id='block_1_7' title="bbox 505 752 2062 820">
    <p class='ocr_par' dir='ltr' id='par_1_7' title="bbox 505 752 2062 820">
     <span class='ocr_line' id='line_1_7' title="bbox 505 752 2062 820; baseline 0.004 -16"><span class='ocrx_word' id='word_1_36' title='bbox 505 758 710 817; x_wconf 82' lang='lat' dir='ltr'><strong>autem,</strong></span> <span class='ocrx_word' id='word_1_37' title='bbox 737 765 861 804; x_wconf 89' lang='lat' dir='ltr'><strong>cum</strong></span> <span class='ocrx_word' id='word_1_38' title='bbox 904 758 1150 806; x_wconf 67' lang='lat' dir='ltr'><strong>aestatem</strong></span> <span class='ocrx_word' id='word_1_39' title='bbox 1187 752 1472 820; x_wconf 85' lang='lat' dir='ltr'><strong>habemus,</strong></span> <span class='ocrx_word' id='word_1_40' title='bbox 1506 756 1713 811; x_wconf 76' lang='lat' dir='ltr'><strong>umbrae</strong></span> <span class='ocrx_word' id='word_1_41' title='bbox 1743 764 1873 811; x_wconf 85' lang='lat' dir='ltr'><strong>sunt</strong></span> <span class='ocrx_word' id='word_1_42' title='bbox 1906 757 2062 812; x_wconf 79' lang='lat' dir='ltr'><strong>nobis</strong></span> 
     </span>
    </p>
   </div>
   <div class='ocr_carea' id='block_1_8' title="bbox 503 841 2063 916">
    <p class='ocr_par' dir='ltr' id='par_1_8' title="bbox 503 841 2063 916">
     <span class='ocr_line' id='line_1_8' title="bbox 503 841 2063 916; baseline 0.003 -21"><span class='ocrx_word' id='word_1_43' title='bbox 503 841 866 901; x_wconf 68' lang='lat' dir='ltr'><strong>brevissimae.</strong></span> <span class='ocrx_word' id='word_1_44' title='bbox 900 843 1008 897; x_wconf 86' lang='lat' dir='ltr'><strong>illis</strong></span> <span class='ocrx_word' id='word_1_45' title='bbox 1041 842 1390 912; x_wconf 58' lang='lat' dir='ltr'><strong>longissimae.</strong></span> <span class='ocrx_word' id='word_1_46' title='bbox 1415 845 1550 900; x_wconf 91' lang='lat' dir='ltr'><strong>Tum</strong></span> <span class='ocrx_word' id='word_1_47' title='bbox 1597 847 1906 916; x_wconf 73' lang='lat' dir='ltr'><strong>praepositio</strong></span> <span class='ocrx_word' id='word_1_48' title='bbox 1941 847 2063 900; x_wconf 76' lang='grc' dir='ltr'>ἀντὶ</span> 
     </span>
    </p>
   </div>
   <div class='ocr_carea' id='block_1_9' title="bbox 504 936 2059 1008">
    <p class='ocr_par' dir='ltr' id='par_1_9' title="bbox 504 936 2059 1008">
     <span class='ocr_line' id='line_1_9' title="bbox 504 936 2059 1008; baseline 0.003 -22"><span class='ocrx_word' id='word_1_49' title='bbox 504 947 897 1002; x_wconf 81' lang='lat' dir='ltr'><strong>nonnunquam</strong></span> <span class='ocrx_word' id='word_1_50' title='bbox 949 936 1314 1005; x_wconf 58' lang='lat' dir='ltr'><strong>aequalitatem</strong></span> <span class='ocrx_word' id='word_1_51' title='bbox 1367 937 1657 1008; x_wconf 87' lang='lat' dir='ltr'><strong>signiﬁcat,</strong></span> <span class='ocrx_word' id='word_1_52' title='bbox 1689 945 1747 991; x_wconf 92' lang='lat' dir='ltr'><strong>ut</strong></span> <span class='ocrx_word' id='word_1_53' title='bbox 1796 937 2059 1003; x_wconf 81' lang='grc' dir='ltr'><strong>ἀντίθεος,</strong></span> 
     </span>
    </p>
   </div>
   <div class='ocr_carea' id='block_1_10' title="bbox 502 1024 2058 1092">
    <p class='ocr_par' dir='ltr' id='par_1_10' title="bbox 502 1024 2058 1092">
     <span class='ocr_line' id='line_1_10' title="bbox 502 1024 2058 1092; baseline 0.003 -14"><span class='ocrx_word' id='word_1_54' title='bbox 502 1024 648 1092; x_wconf 90' lang='lat' dir='ltr'><strong>quod</strong></span> <span class='ocrx_word' id='word_1_55' title='bbox 683 1028 890 1080; x_wconf 89' lang='lat' dir='ltr'><strong>notavit</strong></span> <span class='ocrx_word' id='word_1_56' title='bbox 916 1027 1153 1083; x_wconf 84' lang='lat' dir='ltr'><strong>Achilles</strong></span> <span class='ocrx_word' id='word_1_57' title='bbox 1186 1028 1375 1084; x_wconf 88' lang='lat' dir='ltr'><strong>Tatius</strong></span> <span class='ocrx_word' id='word_1_58' title='bbox 1406 1030 1473 1084; x_wconf 91' lang='lat' dir='ltr'><strong>ad</strong></span> <span class='ocrx_word' id='word_1_59' title='bbox 1504 1031 1656 1084; x_wconf 81' lang='lat' dir='ltr'><strong>Arati</strong></span> <span class='ocrx_word' id='word_1_60' title='bbox 1687 1030 2058 1084; x_wconf 78' lang='lat' dir='ltr'><strong>Plurnomena.</strong></span> 
     </span>
    </p>
   </div>
   <div class='ocr_carea' id='block_1_11' title="bbox 502 1113 2060 1186">
    <p class='ocr_par' dir='ltr' id='par_1_11' title="bbox 502 1113 2060 1186">
     <span class='ocr_line' id='line_1_11' title="bbox 502 1113 2060 1186; baseline 0.005 -18"><span class='ocrx_word' id='word_1_61' title='bbox 502 1113 562 1169; x_wconf 87' lang='lat' dir='ltr'><strong>In</strong></span> <span class='ocrx_word' id='word_1_62' title='bbox 592 1115 693 1171; x_wconf 88' lang='lat' dir='ltr'><strong>hac</strong></span> <span class='ocrx_word' id='word_1_63' title='bbox 722 1117 1076 1174; x_wconf 90' lang='lat' dir='ltr'><strong>antisciorum</strong></span> <span class='ocrx_word' id='word_1_64' title='bbox 1112 1121 1340 1186; x_wconf 85' lang='lat' dir='ltr'><strong>ratione,</strong></span> <span class='ocrx_word' id='word_1_65' title='bbox 1381 1136 1444 1177; x_wconf 88' lang='lat' dir='ltr'><strong>ac</strong></span> <span class='ocrx_word' id='word_1_66' title='bbox 1467 1123 1586 1178; x_wconf 93' lang='lat' dir='ltr'><strong>loco</strong></span> <span class='ocrx_word' id='word_1_67' title='bbox 1614 1121 1832 1176; x_wconf 84' lang='lat' dir='ltr'><strong>Firmici</strong></span> <span class='ocrx_word' id='word_1_68' title='bbox 1865 1124 2060 1177; x_wconf 89' lang='lat' dir='ltr'><strong>imma-</strong></span> 
     </span>
    </p>
   </div>
   <div class='ocr_carea' id='block_1_12' title="bbox 500 1207 2062 1281">
    <p class='ocr_par' dir='ltr' id='par_1_12' title="bbox 500 1207 2062 1281">
     <span class='ocr_line' id='line_1_12' title="bbox 500 1207 2062 1281; baseline 0.004 -20"><span class='ocrx_word' id='word_1_69' title='bbox 500 1211 645 1261; x_wconf 83' lang='lat' dir='ltr'><strong>niter</strong></span> <span class='ocrx_word' id='word_1_70' title='bbox 686 1207 957 1263; x_wconf 86' lang='lat' dir='ltr'><strong>aberravit</strong></span> <span class='ocrx_word' id='word_1_71' title='bbox 983 1211 1065 1264; x_wconf 92' lang='lat' dir='ltr'><strong>vir</strong></span> <span class='ocrx_word' id='word_1_72' title='bbox 1099 1212 1385 1273; x_wconf 84' lang='lat' dir='ltr'><strong>maximus,</strong></span> <span class='ocrx_word' id='word_1_73' title='bbox 1423 1221 1480 1266; x_wconf 93' lang='lat' dir='ltr'><strong>ut</strong></span> <span class='ocrx_word' id='word_1_74' title='bbox 1527 1212 1646 1281; x_wconf 84' lang='lat' dir='ltr'><strong>ejus</strong></span> <span class='ocrx_word' id='word_1_75' title='bbox 1689 1212 1831 1266; x_wconf 91' lang='lat' dir='ltr'><strong>simii</strong></span> <span class='ocrx_word' id='word_1_76' title='bbox 1881 1213 2062 1268; x_wconf 82' lang='lat' dir='ltr'><strong>verbis</strong></span> 
     </span>
    </p>
   </div>
   <div class='ocr_carea' id='block_1_13' title="bbox 501 1300 2061 1374">
    <p class='ocr_par' dir='ltr' id='par_1_13' title="bbox 501 1300 2061 1374">
     <span class='ocr_line' id='line_1_13' title="bbox 501 1300 2061 1374; baseline 0.005 -24"><span class='ocrx_word' id='word_1_77' title='bbox 501 1304 644 1363; x_wconf 84' lang='lat' dir='ltr'><strong>utar,</strong></span> <span class='ocrx_word' id='word_1_78' title='bbox 679 1300 772 1370; x_wconf 91' lang='lat' dir='ltr'><strong>qui</strong></span> <span class='ocrx_word' id='word_1_79' title='bbox 819 1301 956 1355; x_wconf 91' lang='lat' dir='ltr'><strong>nihil</strong></span> <span class='ocrx_word' id='word_1_80' title='bbox 984 1318 1051 1358; x_wconf 85' lang='lat' dir='ltr'><strong>ex</strong></span> <span class='ocrx_word' id='word_1_81' title='bbox 1094 1303 1218 1368; x_wconf 91' lang='lat' dir='ltr'><strong>isto,</strong></span> <span class='ocrx_word' id='word_1_82' title='bbox 1253 1304 1356 1358; x_wconf 91' lang='lat' dir='ltr'><strong>nisi</strong></span> <span class='ocrx_word' id='word_1_83' title='bbox 1391 1303 1592 1358; x_wconf 80' lang='lat' dir='ltr'><strong>fastum</strong></span> <span class='ocrx_word' id='word_1_84' title='bbox 1646 1314 1700 1359; x_wconf 90' lang='lat' dir='ltr'><strong>et</strong></span> <span class='ocrx_word' id='word_1_85' title='bbox 1731 1305 2061 1374; x_wconf 64' lang='lat' dir='ltr'><strong>praecipitem</strong></span> 
     </span>
    </p>
   </div>
   <div class='ocr_carea' id='block_1_14' title="bbox 499 1392 2062 1465">
    <p class='ocr_par' dir='ltr' id='par_1_14' title="bbox 499 1392 2062 1465">
     <span class='ocr_line' id='line_1_14' title="bbox 499 1392 2062 1465; baseline 0.004 -21"><span class='ocrx_word' id='word_1_86' title='bbox 499 1392 882 1447; x_wconf 89' lang='lat' dir='ltr'><strong>conﬁdentiam</strong></span> <span class='ocrx_word' id='word_1_87' title='bbox 902 1395 1190 1465; x_wconf 78' lang='lat' dir='ltr'><strong>expressit.</strong></span> <span class='ocrx_word' id='word_1_88' title='bbox 1217 1395 1352 1450; x_wconf 82' lang='lat' dir='ltr'><strong>Nam</strong></span> <span class='ocrx_word' id='word_1_89' title='bbox 1388 1398 1441 1451; x_wconf 92' lang='lat' dir='ltr'><strong>in</strong></span> <span class='ocrx_word' id='word_1_90' title='bbox 1473 1395 1802 1460; x_wconf 80' lang='lat' dir='ltr'><strong>Manilianis,</strong></span> <span class='ocrx_word' id='word_1_91' title='bbox 1834 1396 2062 1452; x_wconf 88' lang='lat' dir='ltr'><strong>antiscia</strong></span> 
     </span>
    </p>
   </div>
   <div class='ocr_carea' id='block_1_15' title="bbox 499 1485 2065 1557">
    <p class='ocr_par' dir='ltr' id='par_1_15' title="bbox 499 1485 2065 1557">
     <span class='ocr_line' id='line_1_15' title="bbox 499 1485 2065 1557; baseline 0.003 -20"><span class='ocrx_word' id='word_1_92' title='bbox 499 1497 560 1537; x_wconf 82' lang='lat' dir='ltr'><strong>se</strong></span> <span class='ocrx_word' id='word_1_93' title='bbox 588 1492 826 1538; x_wconf 80' lang='lat' dir='ltr'><strong>veterum</strong></span> <span class='ocrx_word' id='word_1_94' title='bbox 859 1485 1327 1557; x_wconf 83' lang='lat' dir='ltr'><strong>hactenusignota</strong></span> <span class='ocrx_word' id='word_1_95' title='bbox 1356 1487 1588 1557; x_wconf 90' lang='lat' dir='ltr'><strong>primum</strong></span> <span class='ocrx_word' id='word_1_96' title='bbox 1625 1488 1866 1542; x_wconf 92' lang='lat' dir='ltr'><strong>omnium</strong></span> <span class='ocrx_word' id='word_1_97' title='bbox 1898 1488 2065 1557; x_wconf 84' lang='lat' dir='ltr'><strong>expli-</strong></span> 
     </span>
    </p>
   </div>
   <div class='ocr_carea' id='block_1_16' title="bbox 498 1574 2060 1648">
    <p class='ocr_par' dir='ltr' id='par_1_16' title="bbox 498 1574 2060 1648">
     <span class='ocr_line' id='line_1_16' title="bbox 498 1574 2060 1648; baseline 0.004 -20"><span class='ocrx_word' id='word_1_98' title='bbox 498 1589 657 1629; x_wconf 82' lang='lat' dir='ltr'><strong>casse</strong></span> <span class='ocrx_word' id='word_1_99' title='bbox 683 1574 851 1644; x_wconf 86' lang='lat' dir='ltr'><strong>jactat</strong></span> <span class='ocrx_word' id='word_1_100' title='bbox 873 1577 947 1646; x_wconf 92' lang='lat' dir='ltr'><strong>(p.</strong></span> <span class='ocrx_word' id='word_1_101' title='bbox 976 1577 1076 1631; x_wconf 80' lang='grc'><strong>155</strong></span> <span class='ocrx_word' id='word_1_102' title='bbox 1104 1578 1317 1648; x_wconf 78' lang='grc' dir='ltr'><strong>ει159),</strong></span> <span class='ocrx_word' id='word_1_103' title='bbox 1337 1586 1392 1634; x_wconf 90' lang='lat' dir='ltr'><strong>et</strong></span> <span class='ocrx_word' id='word_1_104' title='bbox 1423 1579 1832 1635; x_wconf 86' lang='lat' dir='ltr'><strong>mathematicos</strong></span> <span class='ocrx_word' id='word_1_105' title='bbox 1852 1595 2060 1644; x_wconf 91' lang='lat' dir='ltr'><strong>omnes,</strong></span> 
     </span>
    </p>
   </div>
   <div class='ocr_carea' id='block_1_17' title="bbox 507 1667 2063 1742">
    <p class='ocr_par' dir='ltr' id='par_1_17' title="bbox 507 1667 2063 1742">
     <span class='ocr_line' id='line_1_17' title="bbox 507 1667 2063 1742; baseline 0.004 -24"><span class='ocrx_word' id='word_1_106' title='bbox 507 1667 657 1733; x_wconf 90' lang='lat' dir='ltr'><strong>quod</strong></span> <span class='ocrx_word' id='word_1_107' title='bbox 700 1668 1016 1723; x_wconf 88' lang='lat' dir='ltr'><strong>nesciebant</strong></span> <span class='ocrx_word' id='word_1_108' title='bbox 1035 1669 1308 1726; x_wconf 86' lang='lat' dir='ltr'><strong>docuisse.</strong></span> <span class='ocrx_word' id='word_1_109' title='bbox 1332 1669 1498 1742; x_wconf 91' lang='lat' dir='ltr'><strong>Igitur</strong></span> <span class='ocrx_word' id='word_1_110' title='bbox 1525 1672 1756 1727; x_wconf 86' lang='lat' dir='ltr'><strong>antiscia</strong></span> <span class='ocrx_word' id='word_1_111' title='bbox 1789 1673 2063 1728; x_wconf 77' lang='lat' dir='ltr'><strong>veteribus</strong></span> 
     </span>
    </p>
   </div>
   <div class='ocr_carea' id='block_1_18' title="bbox 500 1757 2062 1834">
    <p class='ocr_par' dir='ltr' id='par_1_18' title="bbox 500 1757 2062 1834">
     <span class='ocr_line' id='line_1_18' title="bbox 500 1757 2062 1834; baseline 0.004 -24"><span class='ocrx_word' id='word_1_112' title='bbox 500 1758 657 1827; x_wconf 80' lang='lat' dir='ltr'><strong>signa</strong></span> <span class='ocrx_word' id='word_1_113' title='bbox 677 1757 768 1812; x_wconf 91' lang='lat' dir='ltr'><strong>illa</strong></span> <span class='ocrx_word' id='word_1_114' title='bbox 788 1758 955 1815; x_wconf 86' lang='lat' dir='ltr'><strong>fuisse</strong></span> <span class='ocrx_word' id='word_1_115' title='bbox 974 1760 1126 1827; x_wconf 85' lang='lat' dir='ltr'><strong>dicit,</strong></span> <span class='ocrx_word' id='word_1_116' title='bbox 1143 1778 1261 1831; x_wconf 79' lang='lat' dir='ltr'><strong>quae</strong></span> <span class='ocrx_word' id='word_1_117' title='bbox 1280 1777 1308 1815; x_wconf 89' lang='lat' dir='ltr'><strong>a</strong></span> <span class='ocrx_word' id='word_1_118' title='bbox 1328 1764 1544 1832; x_wconf 91' lang='lat' dir='ltr'><strong>punctis</strong></span> <span class='ocrx_word' id='word_1_119' title='bbox 1561 1775 1792 1834; x_wconf 88' lang='lat' dir='ltr'><strong>quatuor</strong></span> <span class='ocrx_word' id='word_1_120' title='bbox 1809 1764 2062 1818; x_wconf 82' lang='lat' dir='ltr'><strong>cardina-</strong></span> 
     </span>
    </p>
   </div>
   <div class='ocr_carea' id='block_1_19' title="bbox 2163 567 3754 640">
    <p class='ocr_par' dir='ltr' id='par_1_19' title="bbox 2163 567 3754 640">
     <span class='ocr_line' id='line_1_19' title="bbox 2163 567 3754 640; baseline 0 -17"><span class='ocrx_word' id='word_1_121' title='bbox 2163 579 2310 624; x_wconf 86' lang='lat' dir='ltr'><strong>ctam</strong></span> <span class='ocrx_word' id='word_1_122' title='bbox 2369 577 2594 624; x_wconf 90' lang='lat' dir='ltr'><strong>terram.</strong></span> <span class='ocrx_word' id='word_1_123' title='bbox 2624 568 2834 634; x_wconf 85' lang='lat' dir='ltr'><strong>Quibus</strong></span> <span class='ocrx_word' id='word_1_124' title='bbox 2881 567 3138 622; x_wconf 89' lang='lat' dir='ltr'><strong>nimirum</strong></span> <span class='ocrx_word' id='word_1_125' title='bbox 3194 571 3552 640; x_wconf 77' lang='lat' dir='ltr'><strong>significabat,</strong></span> <span class='ocrx_word' id='word_1_126' title='bbox 3585 569 3754 623; x_wconf 84' lang='lat' dir='ltr'><strong>aliud</strong></span> 
     </span>
    </p>
   </div>
   <div class='ocr_carea' id='block_1_20' title="bbox 2162 659 3749 732">
    <p class='ocr_par' dir='ltr' id='par_1_20' title="bbox 2162 659 3749 732">
     <span class='ocr_line' id='line_1_20' title="bbox 2162 659 3749 732; baseline 0.001 -18"><span class='ocrx_word' id='word_1_127' title='bbox 2162 676 2286 716; x_wconf 87' lang='lat' dir='ltr'><strong>esse</strong></span> <span class='ocrx_word' id='word_1_128' title='bbox 2339 662 2577 732; x_wconf 83' lang='lat' dir='ltr'><strong>signum,</strong></span> <span class='ocrx_word' id='word_1_129' title='bbox 2601 659 2746 729; x_wconf 92' lang='lat' dir='ltr'><strong>quod</strong></span> <span class='ocrx_word' id='word_1_130' title='bbox 2779 659 2937 718; x_wconf 77' lang='lat' dir='ltr'><strong>Aries</strong></span> <span class='ocrx_word' id='word_1_131' title='bbox 2973 659 3140 728; x_wconf 82' lang='lat' dir='ltr'><strong>videt,</strong></span> <span class='ocrx_word' id='word_1_132' title='bbox 3167 660 3270 714; x_wconf 92' lang='lat' dir='ltr'><strong>hoc</strong></span> <span class='ocrx_word' id='word_1_133' title='bbox 3314 669 3398 714; x_wconf 88' lang='lat' dir='ltr'><strong>est</strong></span> <span class='ocrx_word' id='word_1_134' title='bbox 3426 660 3749 730; x_wconf 76' lang='lat' dir='ltr'><strong>Virginem.</strong></span> 
     </span>
    </p>
   </div>
   <div class='ocr_carea' id='block_1_21' title="bbox 2170 749 3754 817">
    <p class='ocr_par' dir='ltr' id='par_1_21' title="bbox 2170 749 3754 817">
     <span class='ocr_line' id='line_1_21' title="bbox 2170 749 3754 817; baseline 0.001 -13"><span class='ocrx_word' id='word_1_135' title='bbox 2170 750 2319 816; x_wconf 86' lang='lat' dir='ltr'><strong>Quid</strong></span> <span class='ocrx_word' id='word_1_136' title='bbox 2376 751 2672 809; x_wconf 85' lang='lat' dir='ltr'><strong>absurdius</strong></span> <span class='ocrx_word' id='word_1_137' title='bbox 2723 749 3088 817; x_wconf 79' lang='lat' dir='ltr'><strong>Scaligeriana</strong></span> <span class='ocrx_word' id='word_1_138' title='bbox 3132 752 3234 806; x_wconf 89' lang='lat' dir='ltr'><strong>ista</strong></span> <span class='ocrx_word' id='word_1_139' title='bbox 3273 753 3497 813; x_wconf 83' lang='lat' dir='ltr'><strong>ratione,</strong></span> <span class='ocrx_word' id='word_1_140' title='bbox 3529 751 3643 804; x_wconf 89' lang='lat' dir='ltr'><strong>dici</strong></span> <span class='ocrx_word' id='word_1_141' title='bbox 3677 752 3754 806; x_wconf 82' lang='lat' dir='ltr'><strong>ab</strong></span> 
     </span>
    </p>
   </div>
   <div class='ocr_carea' id='block_1_22' title="bbox 2174 841 3754 912">
    <p class='ocr_par' dir='ltr' id='par_1_22' title="bbox 2174 841 3754 912">
     <span class='ocr_line' id='line_1_22' title="bbox 2174 841 3754 912; baseline 0.001 -16"><span class='ocrx_word' id='word_1_142' title='bbox 2174 841 2444 902; x_wconf 86' lang='lat' dir='ltr'><strong>Antiocho</strong></span> <span class='ocrx_word' id='word_1_143' title='bbox 2473 843 2707 898; x_wconf 87' lang='lat' dir='ltr'><strong>Arietem</strong></span> <span class='ocrx_word' id='word_1_144' title='bbox 2735 858 2798 896; x_wconf 88' lang='lat' dir='ltr'><strong>ac</strong></span> <span class='ocrx_word' id='word_1_145' title='bbox 2818 842 3034 902; x_wconf 79' lang='lat' dir='ltr'><strong>Libram</strong></span> <span class='ocrx_word' id='word_1_146' title='bbox 3065 843 3290 896; x_wconf 86' lang='lat' dir='ltr'><strong>antiscia</strong></span> <span class='ocrx_word' id='word_1_147' title='bbox 3322 844 3496 912; x_wconf 88' lang='lat' dir='ltr'><strong>signa,</strong></span> <span class='ocrx_word' id='word_1_148' title='bbox 3525 843 3632 896; x_wconf 89' lang='lat' dir='ltr'><strong>hoc</strong></span> <span class='ocrx_word' id='word_1_149' title='bbox 3661 853 3754 897; x_wconf 85' lang='lat' dir='ltr'><strong>est</strong></span> 
     </span>
    </p>
   </div>
   <div class='ocr_carea' id='block_1_23' title="bbox 2173 933 3754 1003">
    <p class='ocr_par' dir='ltr' id='par_1_23' title="bbox 2173 933 3754 1003">
     <span class='ocr_line' id='line_1_23' title="bbox 2173 933 3754 1003; baseline -0.001 -16"><span class='ocrx_word' id='word_1_150' title='bbox 2173 934 2436 997; x_wconf 90' lang='lat' dir='ltr'><strong>videntia,</strong></span> <span class='ocrx_word' id='word_1_151' title='bbox 2466 941 2526 988; x_wconf 88' lang='lat' dir='ltr'><strong>ttt</strong></span> <span class='ocrx_word' id='word_1_152' title='bbox 2579 951 2645 989; x_wconf 87' lang='lat' dir='ltr'><strong>ex</strong></span> <span class='ocrx_word' id='word_1_153' title='bbox 2693 935 2982 989; x_wconf 72' lang='lat' dir='ltr'><strong>Ptolemaeo</strong></span> <span class='ocrx_word' id='word_1_154' title='bbox 3031 934 3337 997; x_wconf 81' lang='lat' dir='ltr'><strong>docuimus,</strong></span> <span class='ocrx_word' id='word_1_155' title='bbox 3385 949 3508 1003; x_wconf 71' lang='lat' dir='ltr'><strong>qua:</strong></span> <span class='ocrx_word' id='word_1_156' title='bbox 3559 949 3622 987; x_wconf 90' lang='lat' dir='ltr'><strong>se</strong></span> <span class='ocrx_word' id='word_1_157' title='bbox 3675 933 3754 987; x_wconf 87' lang='lat' dir='ltr'><strong>ob</strong></span> 
     </span>
    </p>
   </div>
   <div class='ocr_carea' id='block_1_24' title="bbox 2162 1024 3753 1096">
    <p class='ocr_par' dir='ltr' id='par_1_24' title="bbox 2162 1024 3753 1096">
     <span class='ocr_line' id='line_1_24' title="bbox 2162 1024 3753 1096; baseline -0.001 -17"><span class='ocrx_word' id='word_1_158' title='bbox 2162 1032 2365 1079; x_wconf 89' lang='lat' dir='ltr'><strong>terram</strong></span> <span class='ocrx_word' id='word_1_159' title='bbox 2421 1026 2759 1096; x_wconf 88' lang='lat' dir='ltr'><strong>interjectam</strong></span> <span class='ocrx_word' id='word_1_160' title='bbox 2813 1027 2996 1081; x_wconf 85' lang='lat' dir='ltr'><strong>videre</strong></span> <span class='ocrx_word' id='word_1_161' title='bbox 3039 1042 3149 1080; x_wconf 92' lang='lat' dir='ltr'><strong>non</strong></span> <span class='ocrx_word' id='word_1_162' title='bbox 3194 1027 3456 1096; x_wconf 86' lang='lat' dir='ltr'><strong>possunt?</strong></span> <span class='ocrx_word' id='word_1_163' title='bbox 3507 1024 3566 1079; x_wconf 89' lang='lat' dir='ltr'><strong>Si</strong></span> <span class='ocrx_word' id='word_1_164' title='bbox 3612 1026 3753 1096; x_wconf 73' lang='grc' dir='ltr'><strong>βλέ-</strong></span> 
     </span>
    </p>
   </div>
   <div class='ocr_carea' id='block_1_25' title="bbox 2164 1117 3754 1188">
    <p class='ocr_par' dir='ltr' id='par_1_25' title="bbox 2164 1117 3754 1188">
     <span class='ocr_line' id='line_1_25' title="bbox 2164 1117 3754 1188; baseline 0.003 -19"><span class='ocrx_word' id='word_1_165' title='bbox 2164 1133 2331 1169; x_wconf 85' lang='grc' dir='ltr'>ποντα</span> <span class='ocrx_word' id='word_1_166' title='bbox 2360 1127 2506 1180; x_wconf 92' lang='lat' dir='ltr'><strong>sunt,</strong></span> <span class='ocrx_word' id='word_1_167' title='bbox 2534 1117 2843 1184; x_wconf 86' lang='lat' dir='ltr'><strong>cujusmodi</strong></span> <span class='ocrx_word' id='word_1_168' title='bbox 2882 1119 2995 1172; x_wconf 91' lang='lat' dir='ltr'><strong>sola</strong></span> <span class='ocrx_word' id='word_1_169' title='bbox 3027 1125 3156 1172; x_wconf 91' lang='lat' dir='ltr'><strong>sunt</strong></span> <span class='ocrx_word' id='word_1_170' title='bbox 3189 1119 3415 1181; x_wconf 84' lang='lat' dir='ltr'><strong>antiscia</strong></span> <span class='ocrx_word' id='word_1_171' title='bbox 3435 1160 3448 1180; x_wconf 96' lang='lat'><strong>,</strong></span> <span class='ocrx_word' id='word_1_172' title='bbox 3484 1119 3754 1188; x_wconf 86' lang='lat' dir='ltr'><strong>profecto</strong></span> 
     </span>
    </p>
   </div>
   <div class='ocr_carea' id='block_1_26' title="bbox 2161 1207 3756 1272">
    <p class='ocr_par' dir='ltr' id='par_1_26' title="bbox 2161 1207 3756 1272">
     <span class='ocr_line' id='line_1_26' title="bbox 2161 1207 3756 1272; baseline 0.002 -12"><span class='ocrx_word' id='word_1_173' title='bbox 2161 1207 2346 1263; x_wconf 91' lang='lat' dir='ltr'><strong>videre</strong></span> <span class='ocrx_word' id='word_1_174' title='bbox 2378 1224 2436 1263; x_wconf 93' lang='lat' dir='ltr'><strong>se</strong></span> <span class='ocrx_word' id='word_1_175' title='bbox 2468 1219 2659 1263; x_wconf 93' lang='lat' dir='ltr'><strong>mutuo</strong></span> <span class='ocrx_word' id='word_1_176' title='bbox 2691 1209 2906 1264; x_wconf 92' lang='lat' dir='ltr'><strong>debent.</strong></span> <span class='ocrx_word' id='word_1_177' title='bbox 2937 1209 3126 1264; x_wconf 85' lang='lat' dir='ltr'><strong>Caecus</strong></span> <span class='ocrx_word' id='word_1_178' title='bbox 3157 1209 3445 1264; x_wconf 87' lang='lat' dir='ltr'><strong>admodum</strong></span> <span class='ocrx_word' id='word_1_179' title='bbox 3488 1210 3616 1272; x_wconf 89' lang='lat' dir='ltr'><strong>fuit,</strong></span> <span class='ocrx_word' id='word_1_180' title='bbox 3657 1211 3756 1263; x_wconf 84' lang='lat' dir='ltr'><strong>ni-</strong></span> 
     </span>
    </p>
   </div>
   <div class='ocr_carea' id='block_1_27' title="bbox 2162 1299 3757 1373">
    <p class='ocr_par' dir='ltr' id='par_1_27' title="bbox 2162 1299 3757 1373">
     <span class='ocr_line' id='line_1_27' title="bbox 2162 1299 3757 1373; baseline 0.003 -21"><span class='ocrx_word' id='word_1_181' title='bbox 2162 1299 2443 1369; x_wconf 90' lang='lat' dir='ltr'><strong>miumque</strong></span> <span class='ocrx_word' id='word_1_182' title='bbox 2481 1316 2940 1370; x_wconf 90' lang='lat' dir='ltr'><strong>properans,cum</strong></span> <span class='ocrx_word' id='word_1_183' title='bbox 2959 1301 3106 1355; x_wconf 88' lang='lat' dir='ltr'><strong>hunc</strong></span> <span class='ocrx_word' id='word_1_184' title='bbox 3129 1299 3347 1356; x_wconf 89' lang='lat' dir='ltr'><strong>Firmici</strong></span> <span class='ocrx_word' id='word_1_185' title='bbox 3380 1303 3562 1358; x_wconf 91' lang='lat' dir='ltr'><strong>locum</strong></span> <span class='ocrx_word' id='word_1_186' title='bbox 3588 1303 3757 1373; x_wconf 80' lang='lat' dir='ltr'><strong>lege-</strong></span> 
     </span>
    </p>
   </div>
   <div class='ocr_carea' id='block_1_28' title="bbox 2161 1392 3753 1463">
    <p class='ocr_par' dir='ltr' id='par_1_28' title="bbox 2161 1392 3753 1463">
     <span class='ocr_line' id='line_1_28' title="bbox 2161 1392 3753 1463; baseline 0.004 -19"><span class='ocrx_word' id='word_1_187' title='bbox 2161 1397 2265 1454; x_wconf 88' lang='lat' dir='ltr'><strong>ret,</strong></span> <span class='ocrx_word' id='word_1_188' title='bbox 2291 1393 2384 1462; x_wconf 87' lang='lat' dir='ltr'><strong>quj</strong></span> <span class='ocrx_word' id='word_1_189' title='bbox 2409 1399 2518 1445; x_wconf 89' lang='lat' dir='ltr'><strong>tam</strong></span> <span class='ocrx_word' id='word_1_190' title='bbox 2555 1400 2801 1463; x_wconf 90' lang='lat' dir='ltr'><strong>apertum</strong></span> <span class='ocrx_word' id='word_1_191' title='bbox 2829 1392 3138 1450; x_wconf 88' lang='lat' dir='ltr'><strong>conﬁictum</strong></span> <span class='ocrx_word' id='word_1_192' title='bbox 3171 1395 3449 1449; x_wconf 63' lang='lat' dir='ltr'><strong>sententiae</strong></span> <span class='ocrx_word' id='word_1_193' title='bbox 3475 1410 3593 1458; x_wconf 65' lang='lat' dir='ltr'><strong>suae</strong></span> <span class='ocrx_word' id='word_1_194' title='bbox 3625 1410 3753 1450; x_wconf 85' lang='lat' dir='ltr'><strong>non</strong></span> 
     </span>
    </p>
   </div>
   <div class='ocr_carea' id='block_1_29' title="bbox 2162 1482 3752 1554">
    <p class='ocr_par' dir='ltr' id='par_1_29' title="bbox 2162 1482 3752 1554">
     <span class='ocr_line' id='line_1_29' title="bbox 2162 1482 3752 1554; baseline 0.002 -18"><span class='ocrx_word' id='word_1_195' title='bbox 2162 1482 2564 1538; x_wconf 84' lang='lat' dir='ltr'><strong>animadvertit.</strong></span> <span class='ocrx_word' id='word_1_196' title='bbox 2615 1482 2680 1538; x_wconf 87' lang='lat' dir='ltr'><strong>Et</strong></span> <span class='ocrx_word' id='word_1_197' title='bbox 2724 1492 2908 1539; x_wconf 88' lang='lat' dir='ltr'><strong>tamen</strong></span> <span class='ocrx_word' id='word_1_198' title='bbox 2957 1485 3156 1554; x_wconf 68' lang='lat' dir='ltr'><strong>saepius</strong></span> <span class='ocrx_word' id='word_1_199' title='bbox 3196 1484 3262 1540; x_wconf 92' lang='lat' dir='ltr'><strong>de</strong></span> <span class='ocrx_word' id='word_1_200' title='bbox 3296 1486 3548 1540; x_wconf 87' lang='lat' dir='ltr'><strong>antisciis</strong></span> <span class='ocrx_word' id='word_1_201' title='bbox 3579 1494 3752 1540; x_wconf 81' lang='lat' dir='ltr'><strong>vete-</strong></span> 
     </span>
    </p>
   </div>
   <div class='ocr_carea' id='block_1_30' title="bbox 2161 1574 3751 1646">
    <p class='ocr_par' dir='ltr' id='par_1_30' title="bbox 2161 1574 3751 1646">
     <span class='ocr_line' id='line_1_30' title="bbox 2161 1574 3751 1646; baseline 0.001 -19"><span class='ocrx_word' id='word_1_202' title='bbox 2161 1588 2283 1627; x_wconf 89' lang='lat' dir='ltr'><strong>rum</strong></span> <span class='ocrx_word' id='word_1_203' title='bbox 2308 1588 2337 1626; x_wconf 92' lang='lat' dir='ltr'><strong>a</strong></span> <span class='ocrx_word' id='word_1_204' title='bbox 2365 1588 2423 1630; x_wconf 84' lang='lat' dir='ltr'><strong>se</strong></span> <span class='ocrx_word' id='word_1_205' title='bbox 2455 1574 2689 1644; x_wconf 90' lang='lat' dir='ltr'><strong>primum</strong></span> <span class='ocrx_word' id='word_1_206' title='bbox 2719 1575 3004 1644; x_wconf 82' lang='lat' dir='ltr'><strong>explicatis</strong></span> <span class='ocrx_word' id='word_1_207' title='bbox 3037 1584 3090 1629; x_wconf 93' lang='lat' dir='ltr'><strong>et</strong></span> <span class='ocrx_word' id='word_1_208' title='bbox 3118 1575 3402 1645; x_wconf 81' lang='lat' dir='ltr'><strong>patefactis</strong></span> <span class='ocrx_word' id='word_1_209' title='bbox 3431 1575 3751 1646; x_wconf 81' lang='lat' dir='ltr'><strong>triumphat</strong></span> 
     </span>
    </p>
   </div>
   <div class='ocr_carea' id='block_1_31' title="bbox 2165 1664 3376 1736">
    <p class='ocr_par' dir='ltr' id='par_1_31' title="bbox 2165 1664 3376 1736">
     <span class='ocr_line' id='line_1_31' title="bbox 2165 1664 3376 1736; baseline 0 -18"><span class='ocrx_word' id='word_1_210' title='bbox 2165 1664 2405 1734; x_wconf 80' lang='lat' dir='ltr'><strong>Scaliger</strong></span> <span class='ocrx_word' id='word_1_211' title='bbox 2440 1681 2452 1717; x_wconf 93' lang='lat'>:</span> <span class='ocrx_word' id='word_1_212' title='bbox 2494 1666 2547 1720; x_wconf 93' lang='lat' dir='ltr'><strong>in</strong></span> <span class='ocrx_word' id='word_1_213' title='bbox 2574 1666 2774 1736; x_wconf 91' lang='lat' dir='ltr'><strong>quibus</strong></span> <span class='ocrx_word' id='word_1_214' title='bbox 2806 1665 2940 1720; x_wconf 91' lang='lat' dir='ltr'><strong>nihil</strong></span> <span class='ocrx_word' id='word_1_215' title='bbox 2968 1665 3101 1720; x_wconf 90' lang='lat' dir='ltr'><strong>vidit</strong></span> <span class='ocrx_word' id='word_1_216' title='bbox 3136 1666 3376 1720; x_wconf 91' lang='lat' dir='ltr'><strong>omnino.</strong></span> 
     </span>
    </p>
   </div>
   <div class='ocr_carea' id='block_1_32' title="bbox 2233 1754 3749 1818">
    <p class='ocr_par' dir='ltr' id='par_1_32' title="bbox 2233 1754 3749 1818">
     <span class='ocr_line' id='line_1_32' title="bbox 2233 1754 3749 1818; baseline 0.001 -8"><span class='ocrx_word' id='word_1_217' title='bbox 2233 1754 2515 1810; x_wconf 89' lang='lat' dir='ltr'><strong>Postremo</strong></span> <span class='ocrx_word' id='word_1_218' title='bbox 2565 1766 2624 1812; x_wconf 89' lang='lat' dir='ltr'><strong>ut</strong></span> <span class='ocrx_word' id='word_1_219' title='bbox 2681 1756 2750 1811; x_wconf 90' lang='lat' dir='ltr'><strong>ad</strong></span> <span class='ocrx_word' id='word_1_220' title='bbox 2798 1755 3002 1810; x_wconf 84' lang='lat' dir='ltr'><strong>Manilii</strong></span> <span class='ocrx_word' id='word_1_221' title='bbox 3060 1766 3113 1818; x_wconf 85' lang='lat' dir='ltr'><strong>et</strong></span> <span class='ocrx_word' id='word_1_222' title='bbox 3168 1755 3320 1810; x_wconf 90' lang='lat' dir='ltr'><strong>Pauli</strong></span> <span class='ocrx_word' id='word_1_223' title='bbox 3377 1756 3749 1812; x_wconf 80' lang='lat' dir='ltr'><strong>Alexandrini</strong></span> 
     </span>
    </p>
   </div>
   <div class='ocr_carea' id='block_1_33' title="bbox 505 1836 3749 1926">
    <p class='ocr_par' dir='ltr' id='par_1_33' title="bbox 505 1836 3749 1926">
     <span class='ocr_line' id='line_1_33' title="bbox 505 1836 3749 1926; baseline 0.002 -24"><span class='ocrx_word' id='word_1_224' title='bbox 505 1850 650 1904; x_wconf 86' lang='lat' dir='ltr'><strong>libus</strong></span> <span class='ocrx_word' id='word_1_225' title='bbox 673 1866 739 1906; x_wconf 81' lang='lat' dir='ltr'><strong>cx</strong></span> <span class='ocrx_word' id='word_1_226' title='bbox 767 1866 920 1921; x_wconf 71' lang='lat' dir='ltr'><strong>aequo</strong></span> <span class='ocrx_word' id='word_1_227' title='bbox 948 1851 1179 1921; x_wconf 90' lang='lat' dir='ltr'><strong>distant;</strong></span> <span class='ocrx_word' id='word_1_228' title='bbox 1204 1855 1306 1910; x_wconf 87' lang='lat' dir='ltr'><strong>hoc</strong></span> <span class='ocrx_word' id='word_1_229' title='bbox 1335 1863 1419 1909; x_wconf 84' lang='lat' dir='ltr'><strong>est</strong></span> <span class='ocrx_word' id='word_1_230' title='bbox 1443 1866 1549 1910; x_wconf 91' lang='lat' dir='ltr'><strong>tam</strong></span> <span class='ocrx_word' id='word_1_231' title='bbox 1583 1857 1876 1922; x_wconf 90' lang='lat' dir='ltr'><strong>audientia,</strong></span> <span class='ocrx_word' id='word_1_232' title='bbox 1894 1871 2054 1926; x_wconf 87' lang='lat' dir='ltr'><strong>quam</strong></span> <span class='ocrx_word' id='word_1_233' title='bbox 2087 1836 2130 1893; x_wconf 77' lang='grc' dir='ltr'><strong>Β</strong></span> <span class='ocrx_word' id='word_1_234' title='bbox 2157 1847 2396 1902; x_wconf 86' lang='lat' dir='ltr'><strong>videntia</strong></span> <span class='ocrx_word' id='word_1_235' title='bbox 2427 1855 2480 1907; x_wconf 85' lang='lat' dir='ltr'><strong>et</strong></span> <span class='ocrx_word' id='word_1_236' title='bbox 2508 1847 2784 1910; x_wconf 83' lang='lat' dir='ltr'><strong>audientia</strong></span> <span class='ocrx_word' id='word_1_237' title='bbox 2820 1847 2973 1918; x_wconf 77' lang='lat' dir='ltr'><strong>signa</strong></span> <span class='ocrx_word' id='word_1_238' title='bbox 2999 1848 3185 1903; x_wconf 67' lang='lat' dir='ltr'><strong>redeat</strong></span> <span class='ocrx_word' id='word_1_239' title='bbox 3214 1849 3407 1912; x_wconf 67' lang='grc' dir='ltr'><strong>στθιὶο,</strong></span> <span class='ocrx_word' id='word_1_240' title='bbox 3433 1849 3749 1910; x_wconf 66' lang='lat' dir='ltr'><strong>verisimile</strong></span> 
     </span>
    </p>
   </div>
   <div class='ocr_carea' id='block_1_34' title="bbox 498 1936 3743 2018">
    <p class='ocr_par' dir='ltr' id='par_1_34' title="bbox 498 1936 3743 2018">
     <span class='ocr_line' id='line_1_34' title="bbox 498 1936 3743 2018; baseline 0.002 -23"><span class='ocrx_word' id='word_1_241' title='bbox 498 1941 762 1996; x_wconf 82' lang='lat' dir='ltr'><strong>videntia.</strong></span> <span class='ocrx_word' id='word_1_242' title='bbox 792 1942 962 1997; x_wconf 85' lang='lat' dir='ltr'><strong>Porro</strong></span> <span class='ocrx_word' id='word_1_243' title='bbox 1020 1959 1142 1998; x_wconf 90' lang='lat' dir='ltr'><strong>cum</strong></span> <span class='ocrx_word' id='word_1_244' title='bbox 1195 1946 1355 2000; x_wconf 90' lang='lat' dir='ltr'><strong>iidem</strong></span> <span class='ocrx_word' id='word_1_245' title='bbox 1395 1957 1604 2003; x_wconf 90' lang='lat' dir='ltr'><strong>veteres</strong></span> <span class='ocrx_word' id='word_1_246' title='bbox 1632 1949 1973 2018; x_wconf 64' lang='lat' dir='ltr'><strong>aequinoctia,</strong></span> <span class='ocrx_word' id='word_1_247' title='bbox 2003 1955 2056 2001; x_wconf 89' lang='lat' dir='ltr'><strong>et</strong></span> <span class='ocrx_word' id='word_1_248' title='bbox 2155 1944 2240 1990; x_wconf 77' lang='lat' dir='ltr'><strong>est</strong></span> <span class='ocrx_word' id='word_1_249' title='bbox 2296 1936 2437 1991; x_wconf 86' lang='lat' dir='ltr'><strong>hanc</strong></span> <span class='ocrx_word' id='word_1_250' title='bbox 2498 1938 2716 1991; x_wconf 85' lang='lat' dir='ltr'><strong>illorum</strong></span> <span class='ocrx_word' id='word_1_251' title='bbox 2763 1937 3054 1999; x_wconf 78' lang='lat' dir='ltr'><strong>rationem.</strong></span> <span class='ocrx_word' id='word_1_252' title='bbox 3089 1951 3210 2006; x_wconf 78' lang='lat' dir='ltr'><strong>quae</strong></span> <span class='ocrx_word' id='word_1_253' title='bbox 3243 1936 3394 2006; x_wconf 78' lang='lat' dir='ltr'><strong>paria</strong></span> <span class='ocrx_word' id='word_1_254' title='bbox 3442 1937 3743 2006; x_wconf 77' lang='lat' dir='ltr'><strong>signorum</strong></span> 
     </span>
    </p>
   </div>
   <div class='ocr_carea' id='block_1_35' title="bbox 496 2027 3743 2098">
    <p class='ocr_par' dir='ltr' id='par_1_35' title="bbox 496 2027 3743 2098">
     <span class='ocr_line' id='line_1_35' title="bbox 496 2027 3743 2098; baseline 0 -11"><span class='ocrx_word' id='word_1_255' title='bbox 496 2029 735 2087; x_wconf 83' lang='lat' dir='ltr'><strong>solstitia</strong></span> <span class='ocrx_word' id='word_1_256' title='bbox 757 2033 1021 2086; x_wconf 90' lang='lat' dir='ltr'><strong>committi</strong></span> <span class='ocrx_word' id='word_1_257' title='bbox 1051 2032 1336 2088; x_wconf 84' lang='lat' dir='ltr'><strong>crederent</strong></span> <span class='ocrx_word' id='word_1_258' title='bbox 1359 2035 1412 2088; x_wconf 91' lang='lat' dir='ltr'><strong>in</strong></span> <span class='ocrx_word' id='word_1_259' title='bbox 1432 2037 1559 2090; x_wconf 87' lang='lat' dir='ltr'><strong>totis</strong></span> <span class='ocrx_word' id='word_1_260' title='bbox 1582 2035 2054 2090; x_wconf 87' lang='lat' dir='ltr'><strong>dodecatemoriis.</strong></span> <span class='ocrx_word' id='word_1_261' title='bbox 2157 2027 2392 2082; x_wconf 85' lang='lat' dir='ltr'><strong>instituit</strong></span> <span class='ocrx_word' id='word_1_262' title='bbox 2421 2027 2715 2097; x_wconf 72' lang='lat' dir='ltr'><strong>ejusmodi.</strong></span> <span class='ocrx_word' id='word_1_263' title='bbox 2737 2044 2857 2098; x_wconf 71' lang='lat' dir='ltr'><strong>qva:</strong></span> <span class='ocrx_word' id='word_1_264' title='bbox 2886 2044 2994 2082; x_wconf 89' lang='lat' dir='ltr'><strong>non</strong></span> <span class='ocrx_word' id='word_1_265' title='bbox 3037 2043 3066 2081; x_wconf 83' lang='lat' dir='ltr'><strong>a</strong></span> <span class='ocrx_word' id='word_1_266' title='bbox 3091 2029 3308 2098; x_wconf 77' lang='lat' dir='ltr'><strong>punctis</strong></span> <span class='ocrx_word' id='word_1_267' title='bbox 3329 2027 3743 2093; x_wconf 83' lang='lat' dir='ltr'><strong>cardinalibns.</strong></span> 
     </span>
    </p>
   </div>
   <div class='ocr_carea' id='block_1_36' title="bbox 497 2119 3744 2192">
    <p class='ocr_par' dir='ltr' id='par_1_36' title="bbox 497 2119 3744 2192">
     <span class='ocr_line' id='line_1_36' title="bbox 497 2119 3744 2192; baseline 0.002 -18"><span class='ocrx_word' id='word_1_268' title='bbox 497 2120 832 2191; x_wconf 84' lang='lat' dir='ltr'><strong>tricenisque</strong></span> <span class='ocrx_word' id='word_1_269' title='bbox 860 2122 1140 2192; x_wconf 87' lang='lat' dir='ltr'><strong>gradibus,</strong></span> <span class='ocrx_word' id='word_1_270' title='bbox 1175 2124 1300 2177; x_wconf 91' lang='lat' dir='ltr'><strong>inde</strong></span> <span class='ocrx_word' id='word_1_271' title='bbox 1343 2125 1636 2188; x_wconf 88' lang='lat' dir='ltr'><strong>accidisse,</strong></span> <span class='ocrx_word' id='word_1_272' title='bbox 1664 2134 1797 2180; x_wconf 89' lang='lat' dir='ltr'><strong>utet</strong></span> <span class='ocrx_word' id='word_1_273' title='bbox 1826 2126 2054 2179; x_wconf 81' lang='lat' dir='ltr'><strong>audicn-</strong></span> <span class='ocrx_word' id='word_1_274' title='bbox 2155 2120 2248 2173; x_wconf 86' lang='lat' dir='ltr'><strong>sed</strong></span> <span class='ocrx_word' id='word_1_275' title='bbox 2293 2119 2375 2174; x_wconf 80' lang='lat' dir='ltr'><strong>ab‘</strong></span> <span class='ocrx_word' id='word_1_276' title='bbox 2406 2119 2634 2189; x_wconf 77' lang='lat' dir='ltr'><strong>integris</strong></span> <span class='ocrx_word' id='word_1_277' title='bbox 2667 2135 2857 2183; x_wconf 85' lang='lat' dir='ltr'><strong>eorum</strong></span> <span class='ocrx_word' id='word_1_278' title='bbox 2895 2119 3349 2174; x_wconf 81' lang='lat' dir='ltr'><strong>dodecatemoriis</strong></span> <span class='ocrx_word' id='word_1_279' title='bbox 3389 2121 3509 2190; x_wconf 88' lang='lat' dir='ltr'><strong>pari</strong></span> <span class='ocrx_word' id='word_1_280' title='bbox 3556 2122 3744 2189; x_wconf 76' lang='lat' dir='ltr'><strong>spatio</strong></span> 
     </span>
    </p>
   </div>
   <div class='ocr_carea' id='block_1_37' title="bbox 496 2208 3727 2285">
    <p class='ocr_par' dir='ltr' id='par_1_37' title="bbox 496 2208 3727 2285">
     <span class='ocr_line' id='line_1_37' title="bbox 496 2208 3727 2285; baseline 0.002 -21"><span class='ocrx_word' id='word_1_281' title='bbox 496 2211 573 2264; x_wconf 88' lang='lat' dir='ltr'><strong>tia</strong></span> <span class='ocrx_word' id='word_1_282' title='bbox 599 2212 688 2266; x_wconf 90' lang='lat' dir='ltr'><strong>illa</strong></span> <span class='ocrx_word' id='word_1_283' title='bbox 715 2213 975 2277; x_wconf 84' lang='lat' dir='ltr'><strong>facerent,</strong></span> <span class='ocrx_word' id='word_1_284' title='bbox 1012 2229 1133 2285; x_wconf 66' lang='lat' dir='ltr'><strong>quae</strong></span> <span class='ocrx_word' id='word_1_285' title='bbox 1159 2230 1225 2270; x_wconf 82' lang='lat' dir='ltr'><strong>ex</strong></span> <span class='ocrx_word' id='word_1_286' title='bbox 1255 2231 1411 2285; x_wconf 72' lang='lat' dir='ltr'><strong>aequo</strong></span> <span class='ocrx_word' id='word_1_287' title='bbox 1441 2216 1645 2270; x_wconf 90' lang='lat' dir='ltr'><strong>distant</strong></span> <span class='ocrx_word' id='word_1_288' title='bbox 1667 2217 1735 2270; x_wconf 89' lang='lat' dir='ltr'><strong>ab</strong></span> <span class='ocrx_word' id='word_1_289' title='bbox 1765 2218 1948 2271; x_wconf 81' lang='lat' dir='ltr'><strong>Ariete</strong></span> <span class='ocrx_word' id='word_1_290' title='bbox 1972 2216 2055 2270; x_wconf 90' lang='lat' dir='ltr'><strong>vel</strong></span> <span class='ocrx_word' id='word_1_291' title='bbox 2155 2208 2379 2274; x_wconf 66' lang='lat' dir='ltr'><strong>distant.</strong></span> <span class='ocrx_word' id='word_1_292' title='bbox 2413 2211 2599 2268; x_wconf 62' lang='grc' dir='ltr'><strong>διίειᾶ</strong></span> <span class='ocrx_word' id='word_1_293' title='bbox 2628 2219 2892 2275; x_wconf 77' lang='lat' dir='ltr'><strong>veterum.</strong></span> <span class='ocrx_word' id='word_1_294' title='bbox 2915 2226 3076 2280; x_wconf 78' lang='lat' dir='ltr'><strong>quam</strong></span> <span class='ocrx_word' id='word_1_295' title='bbox 3107 2225 3271 2280; x_wconf 71' lang='lat' dir='ltr'><strong>supra</strong></span> <span class='ocrx_word' id='word_1_296' title='bbox 3295 2211 3727 2272; x_wconf 66' lang='lat' dir='ltr'><strong>declararimUS.</strong></span> 
     </span>
    </p>
   </div>
   <div class='ocr_carea' id='block_1_38' title="bbox 495 2298 3741 2378">
    <p class='ocr_par' dir='ltr' id='par_1_38' title="bbox 495 2298 3741 2378">
     <span class='ocr_line' id='line_1_38' title="bbox 495 2298 3741 2378; baseline 0.001 -24"><span class='ocrx_word' id='word_1_297' title='bbox 495 2299 683 2366; x_wconf 85' lang='lat' dir='ltr'><strong>Libra,</strong></span> <span class='ocrx_word' id='word_1_298' title='bbox 715 2310 768 2357; x_wconf 93' lang='lat' dir='ltr'><strong>et</strong></span> <span class='ocrx_word' id='word_1_299' title='bbox 816 2305 1072 2369; x_wconf 86' lang='lat' dir='ltr'><strong>videntia,</strong></span> <span class='ocrx_word' id='word_1_300' title='bbox 1115 2321 1236 2375; x_wconf 84' lang='lat' dir='ltr'><strong>quae</strong></span> <span class='ocrx_word' id='word_1_301' title='bbox 1270 2306 1338 2361; x_wconf 87' lang='lat' dir='ltr'><strong>ab</strong></span> <span class='ocrx_word' id='word_1_302' title='bbox 1383 2305 1596 2362; x_wconf 87' lang='lat' dir='ltr'><strong>Cancro</strong></span> <span class='ocrx_word' id='word_1_303' title='bbox 1626 2313 1680 2361; x_wconf 91' lang='lat' dir='ltr'><strong>et</strong></span> <span class='ocrx_word' id='word_1_304' title='bbox 1720 2306 2056 2378; x_wconf 88' lang='lat' dir='ltr'><strong>Capricorno</strong></span> <span class='ocrx_word' id='word_1_305' title='bbox 2155 2299 2414 2371; x_wconf 78' lang='lat' dir='ltr'><strong>opinione</strong></span> <span class='ocrx_word' id='word_1_306' title='bbox 2467 2305 2912 2370; x_wconf 86' lang='lat' dir='ltr'><strong>manasse;&#39;quae</strong></span> <span class='ocrx_word' id='word_1_307' title='bbox 2958 2306 3160 2370; x_wconf 77' lang='lat' dir='ltr'><strong>puncta</strong></span> <span class='ocrx_word' id='word_1_308' title='bbox 3187 2298 3374 2378; x_wconf 70' lang='lat' dir='ltr'><strong>eadem</strong></span> <span class='ocrx_word' id='word_1_309' title='bbox 3412 2313 3525 2352; x_wconf 71' lang='lat' dir='ltr'><strong>non</strong></span> <span class='ocrx_word' id='word_1_310' title='bbox 3555 2298 3741 2355; x_wconf 77' lang='lat' dir='ltr'><strong>initiis</strong></span> 
     </span>
    </p>
   </div>
   <div class='ocr_carea' id='block_1_39' title="bbox 496 2388 3742 2466">
    <p class='ocr_par' dir='ltr' id='par_1_39' title="bbox 496 2388 3742 2466">
     <span class='ocr_line' id='line_1_39' title="bbox 496 2388 3742 2466; baseline -0.002 -17"><span class='ocrx_word' id='word_1_311' title='bbox 496 2392 628 2449; x_wconf 83' lang='lat' dir='ltr'><strong>totis</strong></span> <span class='ocrx_word' id='word_1_312' title='bbox 664 2409 729 2449; x_wconf 90' lang='lat' dir='ltr'><strong>ex</strong></span> <span class='ocrx_word' id='word_1_313' title='bbox 766 2410 922 2466; x_wconf 66' lang='lat' dir='ltr'><strong>aequo</strong></span> <span class='ocrx_word' id='word_1_314' title='bbox 951 2405 1157 2451; x_wconf 86' lang='lat' dir='ltr'><strong>remota</strong></span> <span class='ocrx_word' id='word_1_315' title='bbox 1190 2407 1337 2454; x_wconf 91' lang='lat' dir='ltr'><strong>sunt.</strong></span> <span class='ocrx_word' id='word_1_316' title='bbox 1394 2398 1519 2453; x_wconf 60' lang='lat' dir='ltr'><strong>Haec</strong></span> <span class='ocrx_word' id='word_1_317' title='bbox 1569 2415 1600 2453; x_wconf 89' lang='lat' dir='ltr'><strong>a</strong></span> <span class='ocrx_word' id='word_1_318' title='bbox 1666 2399 1896 2454; x_wconf 87' lang='lat' dir='ltr'><strong>veritate</strong></span> <span class='ocrx_word' id='word_1_319' title='bbox 1930 2407 2058 2455; x_wconf 91' lang='lat' dir='ltr'><strong>sunt</strong></span> <span class='ocrx_word' id='word_1_320' title='bbox 2157 2393 2462 2462; x_wconf 83' lang='lat' dir='ltr'><strong>signorum,</strong></span> <span class='ocrx_word' id='word_1_321' title='bbox 2505 2391 2598 2447; x_wconf 90' lang='lat' dir='ltr'><strong>sed</strong></span> <span class='ocrx_word' id='word_1_322' title='bbox 2639 2391 2836 2446; x_wconf 80' lang='lat' dir='ltr'><strong>mediis</strong></span> <span class='ocrx_word' id='word_1_323' title='bbox 2863 2391 3000 2462; x_wconf 83' lang='lat' dir='ltr'><strong>ipsis</strong></span> <span class='ocrx_word' id='word_1_324' title='bbox 3030 2391 3378 2460; x_wconf 87' lang='lat' dir='ltr'><strong>ascripserat.</strong></span> <span class='ocrx_word' id='word_1_325' title='bbox 3407 2388 3481 2442; x_wconf 85' lang='lat' dir='ltr'><strong>ita</strong></span> <span class='ocrx_word' id='word_1_326' title='bbox 3528 2392 3742 2459; x_wconf 86' lang='lat' dir='ltr'><strong>quippe</strong></span> 
     </span>
    </p>
   </div>
   <div class='ocr_carea' id='block_1_40' title="bbox 496 2481 3742 2558">
    <p class='ocr_par' dir='ltr' id='par_1_40' title="bbox 496 2481 3742 2558">
     <span class='ocr_line' id='line_1_40' title="bbox 496 2481 3742 2558; baseline -0.001 -22"><span class='ocrx_word' id='word_1_327' title='bbox 496 2482 852 2541; x_wconf 86' lang='lat' dir='ltr'><strong>alienissima.</strong></span> <span class='ocrx_word' id='word_1_328' title='bbox 908 2485 1127 2541; x_wconf 82' lang='lat' dir='ltr'><strong>Falsum</strong></span> <span class='ocrx_word' id='word_1_329' title='bbox 1161 2496 1246 2544; x_wconf 86' lang='lat' dir='ltr'><strong>cst</strong></span> <span class='ocrx_word' id='word_1_330' title='bbox 1289 2490 1542 2558; x_wconf 90' lang='lat' dir='ltr'><strong>antiquos</strong></span> <span class='ocrx_word' id='word_1_331' title='bbox 1598 2489 1826 2544; x_wconf 89' lang='lat' dir='ltr'><strong>antiscia</strong></span> <span class='ocrx_word' id='word_1_332' title='bbox 1882 2489 2058 2543; x_wconf 91' lang='lat' dir='ltr'><strong>nomi-</strong></span> <span class='ocrx_word' id='word_1_333' title='bbox 2156 2491 2268 2538; x_wconf 89' lang='lat' dir='ltr'><strong>tam</strong></span> <span class='ocrx_word' id='word_1_334' title='bbox 2325 2483 2651 2555; x_wconf 89' lang='lat' dir='ltr'><strong>imperantia</strong></span> <span class='ocrx_word' id='word_1_335' title='bbox 2707 2490 2760 2538; x_wconf 92' lang='lat' dir='ltr'><strong>et</strong></span> <span class='ocrx_word' id='word_1_336' title='bbox 2814 2483 3183 2550; x_wconf 84' lang='lat' dir='ltr'><strong>auscultantia</strong></span> <span class='ocrx_word' id='word_1_337' title='bbox 3211 2481 3416 2544; x_wconf 85' lang='lat' dir='ltr'><strong>distant</strong></span> <span class='ocrx_word' id='word_1_338' title='bbox 3444 2483 3742 2551; x_wconf 72' lang='lat' dir='ltr'><strong>aequaliter</strong></span> 
     </span>
    </p>
   </div>
   <div class='ocr_carea' id='block_1_41' title="bbox 494 2574 2060 2652">
    <p class='ocr_par' dir='ltr' id='par_1_41' title="bbox 494 2579 2058 2652">
     <span class='ocr_line' id='line_1_41' title="bbox 494 2579 2058 2652; baseline 0.004 -22"><span class='ocrx_word' id='word_1_339' title='bbox 494 2590 660 2633; x_wconf 87' lang='lat' dir='ltr'><strong>nasse</strong></span> <span class='ocrx_word' id='word_1_340' title='bbox 687 2579 839 2648; x_wconf 79' lang='lat' dir='ltr'><strong>signa</strong></span> <span class='ocrx_word' id='word_1_341' title='bbox 873 2579 1137 2650; x_wconf 72' lang='lat' dir='ltr'><strong>ulla,qutn</strong></span> <span class='ocrx_word' id='word_1_342' title='bbox 1156 2582 1223 2636; x_wconf 91' lang='lat' dir='ltr'><strong>ab</strong></span> <span class='ocrx_word' id='word_1_343' title='bbox 1244 2582 1467 2652; x_wconf 79' lang='lat' dir='ltr'><strong>integris</strong></span> <span class='ocrx_word' id='word_1_344' title='bbox 1491 2581 1858 2637; x_wconf 87' lang='lat' dir='ltr'><strong>cardinalibus</strong></span> <span class='ocrx_word' id='word_1_345' title='bbox 1885 2581 2058 2652; x_wconf 86' lang='lat' dir='ltr'><strong>signis</strong></span> 
     </span>
    </p>
   </div>
   <div class='ocr_carea' id='block_1_42' title="bbox 2165 2574 3740 2652">
    <p class='ocr_par' dir='ltr' id='par_1_42' title="bbox 2165 2574 3740 2647">
     <span class='ocr_line' id='line_1_42' title="bbox 2165 2574 3740 2647; baseline -0.002 -17"><span class='ocrx_word' id='word_1_346' title='bbox 2165 2576 2228 2630; x_wconf 83' lang='lat' dir='ltr'><strong>ab</strong></span> <span class='ocrx_word' id='word_1_347' title='bbox 2276 2576 2752 2647; x_wconf 62' lang='lat' dir='ltr'><strong>aequinoctialibus</strong></span> <span class='ocrx_word' id='word_1_348' title='bbox 2800 2576 3038 2647; x_wconf 81' lang='lat' dir='ltr'><strong>punctis,</strong></span> <span class='ocrx_word' id='word_1_349' title='bbox 3069 2590 3231 2646; x_wconf 86' lang='lat' dir='ltr'><strong>quam</strong></span> <span class='ocrx_word' id='word_1_350' title='bbox 3282 2589 3311 2644; x_wconf 82' lang='lat' dir='ltr'><strong>a</strong></span> <span class='ocrx_word' id='word_1_351' title='bbox 3358 2575 3589 2644; x_wconf 85' lang='lat' dir='ltr'><strong>tropicis</strong></span> <span class='ocrx_word' id='word_1_352' title='bbox 3614 2574 3740 2644; x_wconf 80' lang='grc' dir='ltr'><strong>βλέ-</strong></span> 
     </span>
    </p>
   </div>
   <div class='ocr_carea' id='block_1_43' title="bbox 493 2666 3740 2744">
    <p class='ocr_par' dir='ltr' id='par_1_43' title="bbox 493 2666 3740 2744">
     <span class='ocr_line' id='line_1_43' title="bbox 493 2666 3740 2744; baseline -0.003 -15"><span class='ocrx_word' id='word_1_353' title='bbox 493 2669 690 2738; x_wconf 69' lang='lat' dir='ltr'><strong>aequali</strong></span> <span class='ocrx_word' id='word_1_354' title='bbox 726 2670 904 2739; x_wconf 77' lang='lat' dir='ltr'><strong>spatio</strong></span> <span class='ocrx_word' id='word_1_355' title='bbox 949 2673 1240 2736; x_wconf 85' lang='lat' dir='ltr'><strong>distarent,</strong></span> <span class='ocrx_word' id='word_1_356' title='bbox 1285 2673 1551 2744; x_wconf 86' lang='lat' dir='ltr'><strong>siquidem</strong></span> <span class='ocrx_word' id='word_1_357' title='bbox 1609 2673 1743 2742; x_wconf 86' lang='lat' dir='ltr'><strong>ipsis</strong></span> <span class='ocrx_word' id='word_1_358' title='bbox 1779 2674 2055 2742; x_wconf 84' lang='lat' dir='ltr'><strong>signorum</strong></span> <span class='ocrx_word' id='word_1_359' title='bbox 2157 2683 2358 2734; x_wconf 87' lang='grc' dir='ltr'>ποντα;</span> <span class='ocrx_word' id='word_1_360' title='bbox 2428 2667 2654 2721; x_wconf 86' lang='lat' dir='ltr'><strong>antiscia</strong></span> <span class='ocrx_word' id='word_1_361' title='bbox 2681 2681 2808 2721; x_wconf 90' lang='lat' dir='ltr'><strong>vero</strong></span> <span class='ocrx_word' id='word_1_362' title='bbox 2837 2668 3107 2721; x_wconf 90' lang='lat' dir='ltr'><strong>nominari</strong></span> <span class='ocrx_word' id='word_1_363' title='bbox 3135 2667 3250 2721; x_wconf 90' lang='lat' dir='ltr'><strong>sola</strong></span> <span class='ocrx_word' id='word_1_364' title='bbox 3279 2666 3393 2720; x_wconf 66' lang='lat' dir='ltr'><strong>haec</strong></span> <span class='ocrx_word' id='word_1_365' title='bbox 3423 2667 3740 2734; x_wconf 82' lang='lat' dir='ltr'><strong>posteriora</strong></span> 
     </span>
    </p>
   </div>
   <div class='ocr_carea' id='block_1_44' title="bbox 494 2755 3739 2830">
    <p class='ocr_par' dir='ltr' id='par_1_44' title="bbox 494 2755 3739 2830">
     <span class='ocr_line' id='line_1_44' title="bbox 494 2755 3739 2830; baseline 0 -19"><span class='ocrx_word' id='word_1_366' title='bbox 494 2755 670 2812; x_wconf 89' lang='lat' dir='ltr'><strong>initiis</strong></span> <span class='ocrx_word' id='word_1_367' title='bbox 732 2758 987 2815; x_wconf 89' lang='lat' dir='ltr'><strong>cardines</strong></span> <span class='ocrx_word' id='word_1_368' title='bbox 1055 2761 1349 2830; x_wconf 76' lang='lat' dir='ltr'><strong>alligerent.</strong></span> <span class='ocrx_word' id='word_1_369' title='bbox 1407 2761 1544 2815; x_wconf 84' lang='lat' dir='ltr'><strong>Tum</strong></span> <span class='ocrx_word' id='word_1_370' title='bbox 1598 2762 1653 2830; x_wconf 84' lang='lat' dir='ltr'><strong>in</strong></span> <span class='ocrx_word' id='word_1_371' title='bbox 1703 2761 2057 2816; x_wconf 91' lang='lat' dir='ltr'><strong>antisciorum</strong></span> <span class='ocrx_word' id='word_1_372' title='bbox 2107 2787 2110 2792; x_wconf 91' lang='lat'><strong><em>-</em></strong></span> <span class='ocrx_word' id='word_1_373' title='bbox 2157 2759 2376 2812; x_wconf 90' lang='lat' dir='ltr'><strong>debent.</strong></span> <span class='ocrx_word' id='word_1_374' title='bbox 2421 2757 2497 2812; x_wconf 89' lang='lat' dir='ltr'><strong>De</strong></span> <span class='ocrx_word' id='word_1_375' title='bbox 2548 2759 2700 2812; x_wconf 89' lang='lat' dir='ltr'><strong>hisce</strong></span> <span class='ocrx_word' id='word_1_376' title='bbox 2745 2757 2871 2812; x_wconf 87' lang='lat' dir='ltr'><strong>vide</strong></span> <span class='ocrx_word' id='word_1_377' title='bbox 2922 2756 3284 2826; x_wconf 82' lang='lat' dir='ltr'><strong>Mirandulani</strong></span> <span class='ocrx_word' id='word_1_378' title='bbox 3307 2757 3739 2828; x_wconf 77' lang='lat' dir='ltr'><strong>disputationem</strong></span> 
     </span>
    </p>
   </div>
   <div class='ocr_carea' id='block_1_45' title="bbox 495 2846 3084 2920">
    <p class='ocr_par' dir='ltr' id='par_1_45' title="bbox 495 2846 3084 2920">
     <span class='ocr_line' id='line_1_45' title="bbox 495 2846 3084 2920; baseline 0 -20"><span class='ocrx_word' id='word_1_379' title='bbox 495 2847 765 2907; x_wconf 74' lang='grc' dir='ltr'><strong>οἰκειώσει</strong></span> <span class='ocrx_word' id='word_1_380' title='bbox 795 2850 911 2904; x_wconf 88' lang='lat' dir='ltr'><strong>sola</strong></span> <span class='ocrx_word' id='word_1_381' title='bbox 941 2861 1142 2920; x_wconf 89' lang='lat' dir='ltr'><strong>puncta</strong></span> <span class='ocrx_word' id='word_1_382' title='bbox 1180 2851 1490 2905; x_wconf 86' lang='lat' dir='ltr'><strong>solstitialia</strong></span> <span class='ocrx_word' id='word_1_383' title='bbox 1526 2851 1702 2904; x_wconf 92' lang='lat' dir='ltr'><strong>locum</strong></span> <span class='ocrx_word' id='word_1_384' title='bbox 1732 2851 2057 2917; x_wconf 86' lang='lat' dir='ltr'><strong>habuerunt,</strong></span> <span class='ocrx_word' id='word_1_385' title='bbox 2156 2850 2252 2905; x_wconf 88' lang='lat' dir='ltr'><strong>lib.</strong></span> <span class='ocrx_word' id='word_1_386' title='bbox 2279 2848 2344 2902; x_wconf 78' lang='lat' dir='ltr'><strong>VI</strong></span> <span class='ocrx_word' id='word_1_387' title='bbox 2374 2859 2565 2904; x_wconf 91' lang='lat' dir='ltr'><strong>contra</strong></span> <span class='ocrx_word' id='word_1_388' title='bbox 2596 2849 2783 2904; x_wconf 89' lang='lat' dir='ltr'><strong>astrol.</strong></span> <span class='ocrx_word' id='word_1_389' title='bbox 2813 2864 2934 2918; x_wconf 88' lang='lat' dir='ltr'><strong>cap.</strong></span> <span class='ocrx_word' id='word_1_390' title='bbox 2967 2846 3084 2916; x_wconf 72' lang='grc' dir='ltr'><strong>ΧΠ.</strong></span> 
     </span>
    </p>
   </div>
   <div class='ocr_carea' id='block_1_46' title="bbox 495 2939 3124 3018">
    <p class='ocr_par' dir='ltr' id='par_1_46' title="bbox 495 2939 3124 3018">
     <span class='ocr_line' id='line_1_46' title="bbox 495 2939 3124 3018; baseline 0.003 -24"><span class='ocrx_word' id='word_1_391' title='bbox 495 2955 606 2995; x_wconf 88' lang='lat' dir='ltr'><strong>non</strong></span> <span class='ocrx_word' id='word_1_392' title='bbox 637 2942 1072 3012; x_wconf 69' lang='lat' dir='ltr'><strong>aequinoctialia;</strong></span> <span class='ocrx_word' id='word_1_393' title='bbox 1103 2959 1277 3013; x_wconf 89' lang='lat' dir='ltr'><strong>neque</strong></span> <span class='ocrx_word' id='word_1_394' title='bbox 1327 2950 1439 3018; x_wconf 86' lang='lat' dir='ltr'><strong>tota</strong></span> <span class='ocrx_word' id='word_1_395' title='bbox 1491 2945 1608 3013; x_wconf 84' lang='lat' dir='ltr'><strong>ipsa</strong></span> <span class='ocrx_word' id='word_1_396' title='bbox 1653 2941 1848 2996; x_wconf 88' lang='lat' dir='ltr'><strong>Cancri</strong></span> <span class='ocrx_word' id='word_1_397' title='bbox 1878 2949 1932 2994; x_wconf 93' lang='lat' dir='ltr'><strong>et</strong></span> <span class='ocrx_word' id='word_1_398' title='bbox 1956 2939 2060 2994; x_wconf 89' lang='lat' dir='ltr'><strong>Ca-</strong></span> <span class='ocrx_word' id='word_1_399' title='bbox 2719 2961 2946 3017; x_wconf 71' lang='lat' dir='ltr'><strong>CAPUT</strong></span> <span class='ocrx_word' id='word_1_400' title='bbox 2990 2960 3124 3016; x_wconf 63' lang='lat' dir='ltr'><strong>vm,</strong></span> 
     </span>
    </p>
   </div>
   <div class='ocr_carea' id='block_1_47' title="bbox 493 3029 2060 3124">
    <p class='ocr_par' dir='ltr' id='par_1_47' title="bbox 493 3029 2060 3104">
     <span class='ocr_line' id='line_1_47' title="bbox 493 3029 2060 3104; baseline -0.003 -17"><span class='ocrx_word' id='word_1_401' title='bbox 493 3033 740 3103; x_wconf 91' lang='lat' dir='ltr'><strong>pricorni</strong></span> <span class='ocrx_word' id='word_1_402' title='bbox 778 3033 1233 3097; x_wconf 85' lang='lat' dir='ltr'><strong>dodecatemoria,</strong></span> <span class='ocrx_word' id='word_1_403' title='bbox 1259 3033 1351 3088; x_wconf 93' lang='lat' dir='ltr'><strong>sed</strong></span> <span class='ocrx_word' id='word_1_404' title='bbox 1384 3033 1475 3087; x_wconf 90' lang='lat' dir='ltr'><strong>illa</strong></span> <span class='ocrx_word' id='word_1_405' title='bbox 1504 3034 1620 3103; x_wconf 86' lang='lat' dir='ltr'><strong>ipsa</strong></span> <span class='ocrx_word' id='word_1_406' title='bbox 1654 3039 1852 3104; x_wconf 79' lang='lat' dir='ltr'><strong>puncta</strong></span> <span class='ocrx_word' id='word_1_407' title='bbox 1878 3029 2060 3086; x_wconf 88' lang='lat' dir='ltr'><strong>solsti-</strong></span> 
     </span>
    </p>
   </div>
   <div class='ocr_carea' id='block_1_48' title="bbox 2165 3029 3744 3124">
    <p class='ocr_par' dir='ltr' id='par_1_48' title="bbox 2165 3053 3744 3124">
     <span class='ocr_line' id='line_1_48' title="bbox 2165 3053 3744 3124; baseline -0.001 -16"><span class='ocrx_word' id='word_1_408' title='bbox 2165 3053 2238 3110; x_wconf 82' lang='lat' dir='ltr'><strong>De</strong></span> <span class='ocrx_word' id='word_1_409' title='bbox 2263 3053 2628 3122; x_wconf 83' lang='lat' dir='ltr'><strong>dignoscendis</strong></span> <span class='ocrx_word' id='word_1_410' title='bbox 2656 3055 2926 3108; x_wconf 83' lang='lat' dir='ltr'><strong>stellarum</strong></span> <span class='ocrx_word' id='word_1_411' title='bbox 2960 3055 3160 3107; x_wconf 80' lang='lat' dir='ltr'><strong>ortibus</strong></span> <span class='ocrx_word' id='word_1_412' title='bbox 3208 3063 3260 3108; x_wconf 80' lang='lat' dir='ltr'><strong>et.</strong></span> <span class='ocrx_word' id='word_1_413' title='bbox 3289 3054 3586 3116; x_wconf 74' lang='lat' dir='ltr'><strong>occasibus,</strong></span> <span class='ocrx_word' id='word_1_414' title='bbox 3609 3072 3744 3124; x_wconf 56' lang='lat' dir='ltr'><strong>quo:</strong></span> 
     </span>
    </p>
   </div>
   <div class='ocr_carea' id='block_1_49' title="bbox 493 3123 3738 3194">
    <p class='ocr_par' dir='ltr' id='par_1_49' title="bbox 493 3123 3738 3194">
     <span class='ocr_line' id='line_1_49' title="bbox 493 3123 3738 3194; baseline -0.001 -13"><span class='ocrx_word' id='word_1_415' title='bbox 493 3125 719 3181; x_wconf 71' lang='lat' dir='ltr'><strong>tiorum.</strong></span> <span class='ocrx_word' id='word_1_416' title='bbox 761 3123 980 3178; x_wconf 84' lang='lat' dir='ltr'><strong>Nullum</strong></span> <span class='ocrx_word' id='word_1_417' title='bbox 1011 3125 1321 3180; x_wconf 57' lang='lat' dir='ltr'><strong>vanissima;</strong></span> <span class='ocrx_word' id='word_1_418' title='bbox 1364 3125 1636 3194; x_wconf 86' lang='lat' dir='ltr'><strong>opinionis</strong></span> <span class='ocrx_word' id='word_1_419' title='bbox 1677 3132 2054 3194; x_wconf 81' lang='lat' dir='ltr'><strong>argumentum</strong></span> <span class='ocrx_word' id='word_1_420' title='bbox 2083 3175 2121 3194; x_wconf 52' lang='grc' dir='ltr'>η</span> <span class='ocrx_word' id='word_1_421' title='bbox 2231 3142 2349 3178; x_wconf 83' lang='lat' dir='ltr'><strong>rum</strong></span> <span class='ocrx_word' id='word_1_422' title='bbox 2373 3124 2511 3192; x_wconf 85' lang='lat' dir='ltr'><strong>apud</strong></span> <span class='ocrx_word' id='word_1_423' title='bbox 2541 3133 2777 3177; x_wconf 85' lang='lat' dir='ltr'><strong>auctores</strong></span> <span class='ocrx_word' id='word_1_424' title='bbox 2811 3126 3006 3178; x_wconf 80' lang='lat' dir='ltr'><strong>mentio</strong></span> <span class='ocrx_word' id='word_1_425' title='bbox 3045 3124 3164 3194; x_wconf 45' lang='lat' dir='ltr'><strong>ﬁt;</strong></span> <span class='ocrx_word' id='word_1_426' title='bbox 3204 3139 3318 3192; x_wconf 82' lang='lat' dir='ltr'><strong>qua:</strong></span> <span class='ocrx_word' id='word_1_427' title='bbox 3344 3140 3426 3176; x_wconf 85' lang='lat' dir='ltr'><strong>res</strong></span> <span class='ocrx_word' id='word_1_428' title='bbox 3455 3123 3628 3178; x_wconf 80' lang='lat' dir='ltr'><strong>certis</strong></span> <span class='ocrx_word' id='word_1_429' title='bbox 3649 3144 3738 3179; x_wconf 84' lang='lat' dir='ltr'><strong>re-</strong></span> 
     </span>
    </p>
   </div>
   <div class='ocr_carea' id='block_1_50' title="bbox 496 3175 3740 3318">
    <p class='ocr_par' dir='ltr' id='par_1_50' title="bbox 496 3175 3740 3318">
     <span class='ocr_line' id='line_1_50' title="bbox 496 3175 3740 3318; baseline -0.002 -50"><span class='ocrx_word' id='word_1_430' title='bbox 496 3175 1332 3284; x_wconf 44' lang='lat' dir='ltr'><strong>iisiiss.{signa};iis</strong></span> <span class='ocrx_word' id='word_1_431' title='bbox 1372 3175 1946 3284; x_wconf 40' lang='lat' dir='ltr'><strong>insidiantium;</strong></span> <span class='ocrx_word' id='word_1_432' title='bbox 1983 3210 2049 3273; x_wconf 88' lang='lat' dir='ltr'><strong>n.</strong></span> <span class='ocrx_word' id='word_1_433' title='bbox 2080 3175 2122 3238; x_wconf 69' lang='grc' dir='ltr'>ο</span> <span class='ocrx_word' id='word_1_434' title='bbox 2222 3175 2445 3318; x_wconf 58' lang='lat' dir='ltr'><strong>Et</strong></span> <span class='ocrx_word' id='word_1_435' title='bbox 2475 3175 3502 3274; x_wconf 30' lang='lat' dir='ltr'><strong>exemplis‘imzruinir.‘Theo&#39;phqqsmsJ</strong></span> <span class='ocrx_word' id='word_1_436' title='bbox 3537 3175 3740 3276; x_wconf 53' lang='grc' dir='ltr'><strong>νιὶτὲῐνς,</strong></span> 
     </span>
     <span class='ocr_line' id='line_1_51' title="bbox 511 3263 3737 3318; baseline -0 -1"><span class='ocrx_word' id='word_1_437' title='bbox 511 3317 520 3318; x_wconf 59' lang='lat'><strong><em>,</em></strong></span> <span class='ocrx_word' id='word_1_438' title='bbox 583 3301 798 3318; x_wconf 62' lang='grc' dir='ltr'><strong>,ην-ι...</strong></span> <span class='ocrx_word' id='word_1_439' title='bbox 946 3317 950 3318; x_wconf 31' lang='grc' dir='ltr'><strong>ν</strong></span> <span class='ocrx_word' id='word_1_440' title='bbox 1205 3302 1215 3313; x_wconf 90' lang='grc'>.</span> <span class='ocrx_word' id='word_1_441' title='bbox 1358 3303 1368 3314; x_wconf 94' lang='grc'><em>.</em></span> <span class='ocrx_word' id='word_1_442' title='bbox 1418 3310 1458 3318; x_wconf 27' lang='grc' dir='ltr'><strong>,ν</strong></span> <span class='ocrx_word' id='word_1_443' title='bbox 1703 3315 1740 3318; x_wconf 28' lang='grc' dir='ltr'>ν,</span> <span class='ocrx_word' id='word_1_444' title='bbox 1922 3298 2050 3318; x_wconf 50' lang='grc' dir='ltr'><strong>πμ--</strong></span> <span class='ocrx_word' id='word_1_445' title='bbox 2314 3281 2476 3318; x_wconf 74' lang='lat' dir='ltr'><strong>imus.</strong></span> <span class='ocrx_word' id='word_1_446' title='bbox 2518 3263 2833 3318; x_wconf 82' lang='lat' dir='ltr'><strong>Columella.</strong></span> <span class='ocrx_word' id='word_1_447' title='bbox 2867 3263 3208 3318; x_wconf 81' lang='lat' dir='ltr'><strong>Ptolemwus.</strong></span> <span class='ocrx_word' id='word_1_448' title='bbox 3245 3264 3436 3318; x_wconf 74' lang='lat' dir='ltr'><strong>alitque</strong></span> <span class='ocrx_word' id='word_1_449' title='bbox 3473 3265 3556 3316; x_wconf 75' lang='lat' dir='ltr'><strong>vel</strong></span> <span class='ocrx_word' id='word_1_450' title='bbox 3608 3267 3737 3317; x_wconf 70' lang='lat' dir='ltr'><strong>illu-</strong></span> 
     </span>
    </p>
   </div>
   <div class='ocr_carea' id='block_1_51' title="bbox 495 3280 3737 3408">
    <p class='ocr_par' dir='ltr' id='par_1_51' title="bbox 495 3280 3737 3408">
     <span class='ocr_line' id='line_1_52' title="bbox 495 3280 3737 3408; baseline 0.004 -33"><span class='ocrx_word' id='word_1_451' title='bbox 495 3317 546 3360; x_wconf 76' lang='grc' dir='ltr'><strong>ο.</strong></span> <span class='ocrx_word' id='word_1_452' title='bbox 573 3280 1016 3408; x_wconf 46' lang='lat' dir='ltr'><strong>onmem</strong></span> <span class='ocrx_word' id='word_1_453' title='bbox 1356 3280 1891 3408; x_wconf 52' lang='grc' dir='ltr'><strong>ίξξιθξῬτθξθιυξεεξς</strong></span> <span class='ocrx_word' id='word_1_454' title='bbox 1922 3298 2054 3408; x_wconf 53' lang='lat' dir='ltr'><strong>nea</strong></span> <span class='ocrx_word' id='word_1_455' title='bbox 2228 3280 3436 3408; x_wconf 50' lang='lat' dir='ltr'><strong>1:132:52;sane;ar:r:z~.:::z:r:</strong></span> <span class='ocrx_word' id='word_1_456' title='bbox 3467 3280 3737 3402; x_wconf 59' lang='lat' dir='ltr'><strong>stes:</strong></span> 
     </span>
    </p>
   </div>
   <div class='ocr_carea' id='block_1_52' title="bbox 495 3391 2055 3464">
    <p class='ocr_par' dir='ltr' id='par_1_52' title="bbox 495 3391 2055 3464">
     <span class='ocr_line' id='line_1_53' title="bbox 495 3391 2055 3464; baseline -0.005 -15"><span class='ocrx_word' id='word_1_457' title='bbox 495 3394 784 3464; x_wconf 84' lang='lat' dir='ltr'><strong>scriptoris</strong></span> <span class='ocrx_word' id='word_1_458' title='bbox 818 3394 980 3448; x_wconf 92' lang='lat' dir='ltr'><strong>verba</strong></span> <span class='ocrx_word' id='word_1_459' title='bbox 1013 3402 1141 3449; x_wconf 88' lang='lat' dir='ltr'><strong>sunt</strong></span> <span class='ocrx_word' id='word_1_460' title='bbox 1177 3411 1189 3446; x_wconf 91' lang='lat'>:</span> <span class='ocrx_word' id='word_1_461' title='bbox 1233 3410 1252 3444; x_wconf 82' lang='lat' dir='ltr'><strong>t</strong></span> <span class='ocrx_word' id='word_1_462' title='bbox 1289 3392 1552 3454; x_wconf 87' lang='lat' dir='ltr'><strong>Antiscia,</strong></span> <span class='ocrx_word' id='word_1_463' title='bbox 1585 3391 1895 3446; x_wconf 65' lang='lat' dir='ltr'><strong>Graecorum</strong></span> <span class='ocrx_word' id='word_1_464' title='bbox 1927 3395 2055 3443; x_wconf 87' lang='lat' dir='ltr'><strong>sunt</strong></span> 
     </span>
    </p>
   </div>
   <div class='ocr_carea' id='block_1_53' title="bbox 2229 3402 3486 3471">
    <p class='ocr_par' dir='ltr' id='par_1_53' title="bbox 2229 3402 3486 3471">
     <span class='ocr_line' id='line_1_54' title="bbox 2229 3402 3486 3471; baseline -0.001 -15"><span class='ocrx_word' id='word_1_465' title='bbox 2229 3406 2335 3470; x_wconf 86' lang='lat' dir='ltr'><strong>ria,</strong></span> <span class='ocrx_word' id='word_1_466' title='bbox 2365 3414 2413 3458; x_wconf 88' lang='lat' dir='ltr'><strong>et</strong></span> <span class='ocrx_word' id='word_1_467' title='bbox 2449 3407 2701 3458; x_wconf 80' lang='lat' dir='ltr'><strong>serotina.</strong></span> <span class='ocrx_word' id='word_1_468' title='bbox 2732 3402 2983 3456; x_wconf 82' lang='lat' dir='ltr'><strong>Geneseos</strong></span> <span class='ocrx_word' id='word_1_469' title='bbox 3018 3403 3160 3456; x_wconf 84' lang='lat' dir='ltr'><strong>locus</strong></span> <span class='ocrx_word' id='word_1_470' title='bbox 3190 3405 3486 3471; x_wconf 65' lang='lat' dir='ltr'><strong>exponitur.</strong></span> 
     </span>
    </p>
   </div>
   <div class='ocr_carea' id='block_1_54' title="bbox 493 3483 2060 3559">
    <p class='ocr_par' dir='ltr' id='par_1_54' title="bbox 493 3483 2056 3558">
     <span class='ocr_line' id='line_1_55' title="bbox 493 3483 2056 3558; baseline -0.004 -18"><span class='ocrx_word' id='word_1_471' title='bbox 493 3485 658 3542; x_wconf 87' lang='lat' dir='ltr'><strong>nobis</strong></span> <span class='ocrx_word' id='word_1_472' title='bbox 689 3487 1003 3558; x_wconf 81' lang='lat' dir='ltr'><strong>magisterio</strong></span> <span class='ocrx_word' id='word_1_473' title='bbox 1050 3485 1267 3539; x_wconf 90' lang='lat' dir='ltr'><strong>tradita.</strong></span> <span class='ocrx_word' id='word_1_474' title='bbox 1299 3484 1432 3539; x_wconf 85' lang='lat' dir='ltr'><strong>Nolo</strong></span> <span class='ocrx_word' id='word_1_475' title='bbox 1457 3485 1603 3540; x_wconf 91' lang='lat' dir='ltr'><strong>enim</strong></span> <span class='ocrx_word' id='word_1_476' title='bbox 1631 3484 1829 3554; x_wconf 89' lang='lat' dir='ltr'><strong>aliquis</strong></span> <span class='ocrx_word' id='word_1_477' title='bbox 1878 3483 2056 3551; x_wconf 90' lang='lat' dir='ltr'><strong>suspi-</strong></span> 
     </span>
    </p>
   </div>
   <div class='ocr_carea' id='block_1_55' title="bbox 2165 3483 3734 3559">
    <p class='ocr_par' dir='ltr' id='par_1_55' title="bbox 2243 3492 3734 3559">
     <span class='ocr_line' id='line_1_56' title="bbox 2243 3492 3734 3559; baseline -0.003 -11"><span class='ocrx_word' id='word_1_478' title='bbox 2243 3493 2344 3559; x_wconf 83' lang='lat' dir='ltr'><strong>Qui</strong></span> <span class='ocrx_word' id='word_1_479' title='bbox 2374 3508 2439 3548; x_wconf 78' lang='lat' dir='ltr'><strong>ex</strong></span> <span class='ocrx_word' id='word_1_480' title='bbox 2475 3492 2858 3550; x_wconf 89' lang='lat' dir='ltr'><strong>astronomicis</strong></span> <span class='ocrx_word' id='word_1_481' title='bbox 2904 3492 3105 3546; x_wconf 90' lang='lat' dir='ltr'><strong>tabulis</strong></span> <span class='ocrx_word' id='word_1_482' title='bbox 3141 3497 3526 3559; x_wconf 90' lang='lat' dir='ltr'><strong>computantur</strong></span> <span class='ocrx_word' id='word_1_483' title='bbox 3555 3498 3734 3556; x_wconf 89' lang='lat' dir='ltr'><strong>ortus,</strong></span> 
     </span>
    </p>
   </div>
   <div class='ocr_carea' id='block_1_56' title="bbox 496 3575 2053 3649">
    <p class='ocr_par' dir='ltr' id='par_1_56' title="bbox 496 3575 2053 3649">
     <span class='ocr_line' id='line_1_57' title="bbox 496 3575 2053 3649; baseline -0.003 -15"><span class='ocrx_word' id='word_1_484' title='bbox 496 3584 671 3643; x_wconf 83' lang='lat' dir='ltr'><strong>cetur,</strong></span> <span class='ocrx_word' id='word_1_485' title='bbox 707 3578 852 3649; x_wconf 87' lang='lat' dir='ltr'><strong>quod</strong></span> <span class='ocrx_word' id='word_1_486' title='bbox 909 3594 1017 3634; x_wconf 89' lang='lat' dir='ltr'><strong>non</strong></span> <span class='ocrx_word' id='word_1_487' title='bbox 1075 3578 1147 3634; x_wconf 88' lang='lat' dir='ltr'><strong>sit</strong></span> <span class='ocrx_word' id='word_1_488' title='bbox 1193 3577 1335 3648; x_wconf 84' lang='lat' dir='ltr'><strong>apud</strong></span> <span class='ocrx_word' id='word_1_489' title='bbox 1369 3575 1586 3633; x_wconf 63' lang='lat' dir='ltr'><strong>Gracos</strong></span> <span class='ocrx_word' id='word_1_490' title='bbox 1628 3577 1732 3632; x_wconf 84' lang='lat' dir='ltr'><strong>iste</strong></span> <span class='ocrx_word' id='word_1_491' title='bbox 1767 3583 2053 3630; x_wconf 89' lang='lat' dir='ltr'><strong>tractatus.</strong></span> 
     </span>
    </p>
   </div>
   <div class='ocr_carea' id='block_1_57' title="bbox 2161 3578 3738 3651">
    <p class='ocr_par' dir='ltr' id='par_1_57' title="bbox 2161 3578 3738 3651">
     <span class='ocr_line' id='line_1_58' title="bbox 2161 3578 3738 3651; baseline -0.004 -15"><span class='ocrx_word' id='word_1_492' title='bbox 2161 3581 2460 3651; x_wconf 86' lang='lat' dir='ltr'><strong>obitusque</strong></span> <span class='ocrx_word' id='word_1_493' title='bbox 2516 3582 2815 3644; x_wconf 88' lang='lat' dir='ltr'><strong>stellarum,</strong></span> <span class='ocrx_word' id='word_1_494' title='bbox 2863 3579 3051 3649; x_wconf 88' lang='lat' dir='ltr'><strong>quales</strong></span> <span class='ocrx_word' id='word_1_495' title='bbox 3105 3579 3159 3633; x_wconf 90' lang='lat' dir='ltr'><strong>in</strong></span> <span class='ocrx_word' id='word_1_496' title='bbox 3219 3578 3324 3632; x_wconf 89' lang='lat' dir='ltr'><strong>ﬁne</strong></span> <span class='ocrx_word' id='word_1_497' title='bbox 3389 3578 3515 3632; x_wconf 90' lang='lat' dir='ltr'><strong>libri</strong></span> <span class='ocrx_word' id='word_1_498' title='bbox 3567 3579 3738 3646; x_wconf 80' lang='lat' dir='ltr'><strong>primi</strong></span> 
     </span>
    </p>
   </div>
   <div class='ocr_carea' id='block_1_58' title="bbox 496 3656 3738 3745">
    <p class='ocr_par' dir='ltr' id='par_1_58' title="bbox 496 3656 3738 3745">
     <span class='ocr_line' id='line_1_59' title="bbox 496 3656 3738 3745; baseline -0.004 -19"><span class='ocrx_word' id='word_1_499' title='bbox 496 3669 634 3726; x_wconf 87' lang='lat' dir='ltr'><strong>Nam</strong></span> <span class='ocrx_word' id='word_1_500' title='bbox 664 3672 710 3726; x_wconf 89' lang='lat' dir='ltr'><strong>si</strong></span> <span class='ocrx_word' id='word_1_501' title='bbox 736 3671 1057 3728; x_wconf 65' lang='lat' dir='ltr'><strong>Ptolemaeus</strong></span> <span class='ocrx_word' id='word_1_502' title='bbox 1073 3672 1274 3726; x_wconf 89' lang='lat' dir='ltr'><strong>nullam</strong></span> <span class='ocrx_word' id='word_1_503' title='bbox 1301 3673 1459 3726; x_wconf 89' lang='lat' dir='ltr'><strong>aliam</strong></span> <span class='ocrx_word' id='word_1_504' title='bbox 1493 3672 1756 3725; x_wconf 90' lang='lat' dir='ltr'><strong>rationem</strong></span> <span class='ocrx_word' id='word_1_505' title='bbox 1788 3671 2054 3740; x_wconf 87' lang='lat' dir='ltr'><strong>sequitur,</strong></span> <span class='ocrx_word' id='word_1_506' title='bbox 2157 3656 2571 3745; x_wconf 70' lang='lat' dir='ltr'><strong>descripsimus,</strong></span> <span class='ocrx_word' id='word_1_507' title='bbox 2597 3675 2633 3728; x_wconf 92' lang='lat' dir='ltr'><strong>ii</strong></span> <span class='ocrx_word' id='word_1_508' title='bbox 2661 3675 2772 3729; x_wconf 88' lang='lat' dir='ltr'><strong>veri</strong></span> <span class='ocrx_word' id='word_1_509' title='bbox 2805 3683 2951 3740; x_wconf 91' lang='lat' dir='ltr'><strong>sunt,</strong></span> <span class='ocrx_word' id='word_1_510' title='bbox 2975 3681 3028 3728; x_wconf 90' lang='lat' dir='ltr'><strong>et</strong></span> <span class='ocrx_word' id='word_1_511' title='bbox 3059 3671 3320 3744; x_wconf 77' lang='grc' dir='ltr'><strong>ἀκριϐεῖς,</strong></span> <span class='ocrx_word' id='word_1_512' title='bbox 3350 3687 3449 3726; x_wconf 91' lang='lat' dir='ltr'><strong>nec</strong></span> <span class='ocrx_word' id='word_1_513' title='bbox 3470 3671 3541 3725; x_wconf 91' lang='lat' dir='ltr'><strong>ad</strong></span> <span class='ocrx_word' id='word_1_514' title='bbox 3571 3672 3738 3741; x_wconf 74' lang='lat' dir='ltr'><strong>liqui-</strong></span> 
     </span>
    </p>
   </div>
   <div class='ocr_carea' id='block_1_59' title="bbox 495 3760 2060 3850">
    <p class='ocr_par' dir='ltr' id='par_1_59' title="bbox 495 3760 2057 3831">
     <span class='ocr_line' id='line_1_60' title="bbox 495 3760 2057 3831; baseline -0.001 -17"><span class='ocrx_word' id='word_1_515' title='bbox 495 3760 606 3823; x_wconf 84' lang='lat' dir='ltr'><strong>nisi</strong></span> <span class='ocrx_word' id='word_1_516' title='bbox 658 3762 1037 3826; x_wconf 85' lang='lat' dir='ltr'><strong>antisciorum,</strong></span> <span class='ocrx_word' id='word_1_517' title='bbox 1078 3771 1134 3815; x_wconf 90' lang='lat' dir='ltr'><strong>et</strong></span> <span class='ocrx_word' id='word_1_518' title='bbox 1185 3762 1508 3824; x_wconf 75' lang='lat' dir='ltr'><strong>Antiochus,</strong></span> <span class='ocrx_word' id='word_1_519' title='bbox 1542 3776 1666 3816; x_wconf 91' lang='lat' dir='ltr'><strong>cum</strong></span> <span class='ocrx_word' id='word_1_520' title='bbox 1721 3761 1855 3814; x_wconf 89' lang='lat' dir='ltr'><strong>dicit</strong></span> <span class='ocrx_word' id='word_1_521' title='bbox 1912 3760 2057 3831; x_wconf 91' lang='lat' dir='ltr'><strong>quod</strong></span> 
     </span>
    </p>
   </div>
   <div class='ocr_carea' id='block_1_60' title="bbox 2165 3760 3738 3850">
    <p class='ocr_par' dir='ltr' id='par_1_60' title="bbox 2165 3762 3738 3850">
     <span class='ocr_line' id='line_1_61' title="bbox 2165 3762 3738 3850; baseline -0.004 -29"><span class='ocrx_word' id='word_1_522' title='bbox 2165 3769 2288 3821; x_wconf 86' lang='lat' dir='ltr'><strong>dum</strong></span> <span class='ocrx_word' id='word_1_523' title='bbox 2337 3775 2679 3850; x_wconf 87' lang='lat' dir='ltr'><strong>apparentes,</strong></span> <span class='ocrx_word' id='word_1_524' title='bbox 2711 3767 2872 3820; x_wconf 89' lang='lat' dir='ltr'><strong>etiam</strong></span> <span class='ocrx_word' id='word_1_525' title='bbox 2908 3765 3136 3829; x_wconf 85' lang='lat' dir='ltr'><strong>heliaci;</strong></span> <span class='ocrx_word' id='word_1_526' title='bbox 3167 3779 3289 3817; x_wconf 89' lang='lat' dir='ltr'><strong>nam</strong></span> <span class='ocrx_word' id='word_1_527' title='bbox 3321 3763 3372 3816; x_wconf 92' lang='lat' dir='ltr'><strong>in</strong></span> <span class='ocrx_word' id='word_1_528' title='bbox 3411 3762 3517 3816; x_wconf 89' lang='lat' dir='ltr'><strong>hoc</strong></span> <span class='ocrx_word' id='word_1_529' title='bbox 3547 3771 3738 3832; x_wconf 82' lang='lat' dir='ltr'><strong>poste-</strong></span> 
     </span>
    </p>
   </div>
   <div class='ocr_carea' id='block_1_61' title="bbox 497 3851 3737 3932">
    <p class='ocr_par' dir='ltr' id='par_1_61' title="bbox 497 3851 3737 3932">
     <span class='ocr_line' id='line_1_62' title="bbox 497 3851 3737 3932; baseline -0.002 -19"><span class='ocrx_word' id='word_1_530' title='bbox 497 3851 663 3913; x_wconf 88' lang='lat' dir='ltr'><strong>Libra</strong></span> <span class='ocrx_word' id='word_1_531' title='bbox 688 3853 924 3925; x_wconf 76' lang='lat' dir='ltr'><strong>Arietem</strong></span> <span class='ocrx_word' id='word_1_532' title='bbox 954 3863 1172 3922; x_wconf 75' lang='lat' dir='ltr'><strong>propter</strong></span> <span class='ocrx_word' id='word_1_533' title='bbox 1203 3861 1424 3917; x_wconf 83' lang='lat' dir='ltr'><strong>terram.</strong></span> <span class='ocrx_word' id='word_1_534' title='bbox 1455 3869 1578 3924; x_wconf 80' lang='lat' dir='ltr'><strong>quae</strong></span> <span class='ocrx_word' id='word_1_535' title='bbox 1612 3853 1784 3908; x_wconf 79' lang='lat' dir='ltr'><strong>media</strong></span> <span class='ocrx_word' id='word_1_536' title='bbox 1818 3863 1918 3918; x_wconf 86' lang='lat' dir='ltr'><strong>est.</strong></span> <span class='ocrx_word' id='word_1_537' title='bbox 1949 3869 2058 3914; x_wconf 83' lang='lat' dir='ltr'><strong>non</strong></span> <span class='ocrx_word' id='word_1_538' title='bbox 2158 3857 2288 3912; x_wconf 87' lang='lat' dir='ltr'><strong>riori</strong></span> <span class='ocrx_word' id='word_1_539' title='bbox 2339 3873 2532 3927; x_wconf 79' lang='lat' dir='ltr'><strong>genere</strong></span> <span class='ocrx_word' id='word_1_540' title='bbox 2584 3857 2672 3932; x_wconf 84' lang='lat' dir='ltr'><strong>(de</strong></span> <span class='ocrx_word' id='word_1_541' title='bbox 2725 3857 2934 3910; x_wconf 82' lang='lat' dir='ltr'><strong>caeteris</strong></span> <span class='ocrx_word' id='word_1_542' title='bbox 2980 3856 3122 3909; x_wconf 90' lang='lat' dir='ltr'><strong>enim</strong></span> <span class='ocrx_word' id='word_1_543' title='bbox 3161 3855 3438 3924; x_wconf 82' lang='lat' dir='ltr'><strong>explorata</strong></span> <span class='ocrx_word' id='word_1_544' title='bbox 3473 3870 3568 3909; x_wconf 89' lang='lat' dir='ltr'><strong>res</strong></span> <span class='ocrx_word' id='word_1_545' title='bbox 3621 3863 3737 3923; x_wconf 83' lang='lat' dir='ltr'><strong>est,</strong></span> 
     </span>
    </p>
   </div>
   <div class='ocr_carea' id='block_1_62' title="bbox 497 3943 3741 4019">
    <p class='ocr_par' dir='ltr' id='par_1_62' title="bbox 497 3943 3741 4019">
     <span class='ocr_line' id='line_1_63' title="bbox 497 3943 3741 4019; baseline 0 -23"><span class='ocrx_word' id='word_1_546' title='bbox 497 3943 713 4011; x_wconf 86' lang='lat' dir='ltr'><strong>videat;</strong></span> <span class='ocrx_word' id='word_1_547' title='bbox 746 3944 899 4012; x_wconf 89' lang='lat' dir='ltr'><strong>quasi</strong></span> <span class='ocrx_word' id='word_1_548' title='bbox 935 3959 1030 4014; x_wconf 91' lang='lat' dir='ltr'><strong>per</strong></span> <span class='ocrx_word' id='word_1_549' title='bbox 1057 3945 1334 4015; x_wconf 87' lang='lat' dir='ltr'><strong>speculum</strong></span> <span class='ocrx_word' id='word_1_550' title='bbox 1368 3946 1588 4015; x_wconf 87' lang='lat' dir='ltr'><strong>quidem</strong></span> <span class='ocrx_word' id='word_1_551' title='bbox 1623 3946 1887 4000; x_wconf 87' lang='lat' dir='ltr'><strong>rationem</strong></span> <span class='ocrx_word' id='word_1_552' title='bbox 1919 3945 2059 3998; x_wconf 79' lang='lat' dir='ltr'><strong>anti-</strong></span> <span class='ocrx_word' id='word_1_553' title='bbox 2159 3963 2500 4019; x_wconf 86' lang='lat' dir='ltr'><strong>nequaquam</strong></span> <span class='ocrx_word' id='word_1_554' title='bbox 2531 3964 2626 4004; x_wconf 91' lang='lat' dir='ltr'><strong>eos</strong></span> <span class='ocrx_word' id='word_1_555' title='bbox 2671 3949 2786 4003; x_wconf 91' lang='lat' dir='ltr'><strong>visu</strong></span> <span class='ocrx_word' id='word_1_556' title='bbox 2817 3963 2979 4018; x_wconf 91' lang='lat' dir='ltr'><strong>posse</strong></span> <span class='ocrx_word' id='word_1_557' title='bbox 3011 3947 3276 4018; x_wconf 90' lang='lat' dir='ltr'><strong>discerni)</strong></span> <span class='ocrx_word' id='word_1_558' title='bbox 3310 3947 3540 4001; x_wconf 82' lang='lat' dir='ltr'><strong>extremi</strong></span> <span class='ocrx_word' id='word_1_559' title='bbox 3563 3960 3741 4018; x_wconf 51' lang='lat' dir='ltr'><strong>appa;</strong></span> 
     </span>
    </p>
   </div>
   <div class='ocr_carea' id='block_1_63' title="bbox 500 4036 3734 4111">
    <p class='ocr_par' dir='ltr' id='par_1_63' title="bbox 500 4036 3734 4111">
     <span class='ocr_line' id='line_1_64' title="bbox 500 4036 3734 4111; baseline -0.001 -17"><span class='ocrx_word' id='word_1_560' title='bbox 500 4040 740 4094; x_wconf 86' lang='lat' dir='ltr'><strong>sciorum</strong></span> <span class='ocrx_word' id='word_1_561' title='bbox 779 4041 1014 4110; x_wconf 77' lang='lat' dir='ltr'><strong>attingit,</strong></span> <span class='ocrx_word' id='word_1_562' title='bbox 1059 4061 1077 4094; x_wconf 74' lang='grc' dir='ltr'><strong>ι</strong></span> <span class='ocrx_word' id='word_1_563' title='bbox 1114 4040 1344 4111; x_wconf 84' lang='lat' dir='ltr'><strong>Subjicit</strong></span> <span class='ocrx_word' id='word_1_564' title='bbox 1375 4040 1461 4095; x_wconf 88' lang='lat' dir='ltr'><strong>his</strong></span> <span class='ocrx_word' id='word_1_565' title='bbox 1502 4037 1770 4098; x_wconf 86' lang='lat' dir='ltr'><strong>Firmicus</strong></span> <span class='ocrx_word' id='word_1_566' title='bbox 1794 4036 2056 4090; x_wconf 85' lang='lat' dir='ltr'><strong>antiscio-</strong></span> <span class='ocrx_word' id='word_1_567' title='bbox 2159 4043 2374 4096; x_wconf 87' lang='lat' dir='ltr'><strong>ritionis</strong></span> <span class='ocrx_word' id='word_1_568' title='bbox 2405 4042 2622 4095; x_wconf 88' lang='lat' dir='ltr'><strong>termini</strong></span> <span class='ocrx_word' id='word_1_569' title='bbox 2658 4042 3019 4111; x_wconf 80' lang='lat' dir='ltr'><strong>colliguntur;</strong></span> <span class='ocrx_word' id='word_1_570' title='bbox 3055 4040 3154 4094; x_wconf 88' lang='lat' dir='ltr'><strong>hoc</strong></span> <span class='ocrx_word' id='word_1_571' title='bbox 3185 4050 3267 4094; x_wconf 93' lang='lat' dir='ltr'><strong>est</strong></span> <span class='ocrx_word' id='word_1_572' title='bbox 3288 4046 3560 4092; x_wconf 83' lang='lat' dir='ltr'><strong>momenta</strong></span> <span class='ocrx_word' id='word_1_573' title='bbox 3587 4038 3734 4108; x_wconf 73' lang='lat' dir='ltr'><strong>ipsa,</strong></span> 
     </span>
    </p>
   </div>
   <div class='ocr_carea' id='block_1_64' title="bbox 499 4129 2058 4202">
    <p class='ocr_par' dir='ltr' id='par_1_64' title="bbox 499 4129 2058 4202">
     <span class='ocr_line' id='line_1_65' title="bbox 499 4129 2058 4202; baseline -0.002 -16"><span class='ocrx_word' id='word_1_574' title='bbox 499 4147 623 4187; x_wconf 88' lang='lat' dir='ltr'><strong>rum</strong></span> <span class='ocrx_word' id='word_1_575' title='bbox 677 4132 1098 4202; x_wconf 88' lang='lat' dir='ltr'><strong>descriptionem</strong></span> <span class='ocrx_word' id='word_1_576' title='bbox 1139 4148 1206 4188; x_wconf 90' lang='lat' dir='ltr'><strong>ex</strong></span> <span class='ocrx_word' id='word_1_577' title='bbox 1260 4133 1528 4186; x_wconf 87' lang='lat' dir='ltr'><strong>Dorothco</strong></span> <span class='ocrx_word' id='word_1_578' title='bbox 1569 4129 1814 4191; x_wconf 89' lang='lat' dir='ltr'><strong>Sidonio,</strong></span> <span class='ocrx_word' id='word_1_579' title='bbox 1846 4129 2058 4198; x_wconf 87' lang='lat' dir='ltr'><strong>qualem</strong></span> 
     </span>
    </p>
   </div>
   <div class='ocr_carea' id='block_1_65' title="bbox 2160 4132 3741 4204">
    <p class='ocr_par' dir='ltr' id='par_1_65' title="bbox 2160 4132 3741 4204">
     <span class='ocr_line' id='line_1_66' title="bbox 2160 4132 3741 4204; baseline -0.003 -16"><span class='ocrx_word' id='word_1_580' title='bbox 2160 4134 2215 4188; x_wconf 91' lang='lat' dir='ltr'><strong>in</strong></span> <span class='ocrx_word' id='word_1_581' title='bbox 2250 4135 2450 4204; x_wconf 91' lang='lat' dir='ltr'><strong>quibus</strong></span> <span class='ocrx_word' id='word_1_582' title='bbox 2485 4135 2555 4188; x_wconf 89' lang='lat' dir='ltr'><strong>ita</strong></span> <span class='ocrx_word' id='word_1_583' title='bbox 2604 4135 2780 4204; x_wconf 85' lang='lat' dir='ltr'><strong>primo</strong></span> <span class='ocrx_word' id='word_1_584' title='bbox 2842 4142 3184 4204; x_wconf 83' lang='lat' dir='ltr'><strong>postretnove</strong></span> <span class='ocrx_word' id='word_1_585' title='bbox 3213 4139 3532 4192; x_wconf 90' lang='lat' dir='ltr'><strong>cernuntur,</strong></span> <span class='ocrx_word' id='word_1_586' title='bbox 3565 4139 3623 4182; x_wconf 86' lang='lat' dir='ltr'><strong>ut</strong></span> <span class='ocrx_word' id='word_1_587' title='bbox 3655 4132 3741 4183; x_wconf 85' lang='lat' dir='ltr'><strong>ci-</strong></span> 
     </span>
    </p>
   </div>
   <div class='ocr_carea' id='block_1_66' title="bbox 497 4219 3742 4292">
    <p class='ocr_par' dir='ltr' id='par_1_66' title="bbox 497 4219 3742 4292">
     <span class='ocr_line' id='line_1_67' title="bbox 497 4219 3742 4292; baseline -0.003 -7"><span class='ocrx_word' id='word_1_588' title='bbox 497 4237 602 4278; x_wconf 71' lang='lat' dir='ltr'><strong>IIOI</strong></span> <span class='ocrx_word' id='word_1_589' title='bbox 659 4230 816 4278; x_wconf 68' lang='lat' dir='ltr'><strong>antea</strong></span> <span class='ocrx_word' id='word_1_590' title='bbox 872 4223 1232 4287; x_wconf 79' lang='lat' dir='ltr'><strong>reddidimus.</strong></span> <span class='ocrx_word' id='word_1_591' title='bbox 1269 4223 1520 4284; x_wconf 78' lang='lat' dir='ltr'><strong>videlicet</strong></span> <span class='ocrx_word' id='word_1_592' title='bbox 1554 4223 1607 4282; x_wconf 88' lang='lat' dir='ltr'><strong>in</strong></span> <span class='ocrx_word' id='word_1_593' title='bbox 1647 4238 1752 4292; x_wconf 81' lang='lat' dir='ltr'><strong>qua</strong></span> <span class='ocrx_word' id='word_1_594' title='bbox 1794 4222 1948 4288; x_wconf 86' lang='lat' dir='ltr'><strong>signa</strong></span> <span class='ocrx_word' id='word_1_595' title='bbox 1979 4219 2062 4272; x_wconf 89' lang='lat' dir='ltr'><strong>di-</strong></span> <span class='ocrx_word' id='word_1_596' title='bbox 2161 4233 2245 4278; x_wconf 91' lang='lat' dir='ltr'><strong>tra</strong></span> <span class='ocrx_word' id='word_1_597' title='bbox 2274 4239 2338 4279; x_wconf 86' lang='lat' dir='ltr'><strong>ea</strong></span> <span class='ocrx_word' id='word_1_598' title='bbox 2365 4225 2538 4279; x_wconf 90' lang='lat' dir='ltr'><strong>videri</strong></span> <span class='ocrx_word' id='word_1_599' title='bbox 2571 4224 2844 4279; x_wconf 83' lang='lat' dir='ltr'><strong>desinant.</strong></span> <span class='ocrx_word' id='word_1_600' title='bbox 2882 4223 3246 4289; x_wconf 79' lang='lat' dir='ltr'><strong>Quamobrem</strong></span> <span class='ocrx_word' id='word_1_601' title='bbox 3279 4221 3421 4292; x_wconf 90' lang='lat' dir='ltr'><strong>quod</strong></span> <span class='ocrx_word' id='word_1_602' title='bbox 3451 4230 3567 4274; x_wconf 88' lang='lat' dir='ltr'><strong>tum</strong></span> <span class='ocrx_word' id='word_1_603' title='bbox 3602 4235 3742 4289; x_wconf 82' lang='lat' dir='ltr'><strong>pro-</strong></span> 
     </span>
    </p>
   </div>
   <div class='ocr_carea' id='block_1_67' title="bbox 500 4311 2058 4381">
    <p class='ocr_par' dir='ltr' id='par_1_67' title="bbox 500 4311 2058 4381">
     <span class='ocr_line' id='line_1_68' title="bbox 500 4311 2058 4381; baseline -0.006 -13"><span class='ocrx_word' id='word_1_604' title='bbox 500 4318 646 4368; x_wconf 81' lang='lat' dir='ltr'><strong>stant</strong></span> <span class='ocrx_word' id='word_1_605' title='bbox 676 4311 957 4380; x_wconf 66' lang='lat' dir='ltr'><strong>aequaliter</strong></span> <span class='ocrx_word' id='word_1_606' title='bbox 995 4328 1023 4364; x_wconf 87' lang='lat' dir='ltr'><strong>a</strong></span> <span class='ocrx_word' id='word_1_607' title='bbox 1065 4312 1282 4381; x_wconf 78' lang='lat' dir='ltr'><strong>punctis</strong></span> <span class='ocrx_word' id='word_1_608' title='bbox 1313 4312 1535 4380; x_wconf 87' lang='lat' dir='ltr'><strong>tr0picis</strong></span> <span class='ocrx_word' id='word_1_609' title='bbox 1565 4330 1578 4365; x_wconf 90' lang='lat'><strong>:</strong></span> <span class='ocrx_word' id='word_1_610' title='bbox 1609 4327 1728 4381; x_wconf 63' lang='lat' dir='ltr'><strong>quin</strong></span> <span class='ocrx_word' id='word_1_611' title='bbox 1759 4311 1919 4369; x_wconf 86' lang='lat' dir='ltr'><strong>unica</strong></span> <span class='ocrx_word' id='word_1_612' title='bbox 1954 4316 2058 4373; x_wconf 86' lang='lat' dir='ltr'><strong>est,</strong></span> 
     </span>
    </p>
   </div>
   <div class='ocr_carea' id='block_1_68' title="bbox 2161 4312 3737 4385">
    <p class='ocr_par' dir='ltr' id='par_1_68' title="bbox 2161 4312 3737 4385">
     <span class='ocr_line' id='line_1_69' title="bbox 2161 4312 3737 4385; baseline -0.002 -17"><span class='ocrx_word' id='word_1_613' title='bbox 2161 4317 2284 4385; x_wconf 90' lang='lat' dir='ltr'><strong>pius</strong></span> <span class='ocrx_word' id='word_1_614' title='bbox 2333 4315 2653 4385; x_wconf 86' lang='lat' dir='ltr'><strong>contingunt</strong></span> <span class='ocrx_word' id='word_1_615' title='bbox 2692 4316 3065 4378; x_wconf 87' lang='lat' dir='ltr'><strong>horizontem,</strong></span> <span class='ocrx_word' id='word_1_616' title='bbox 3096 4322 3150 4367; x_wconf 91' lang='lat' dir='ltr'><strong>et</strong></span> <span class='ocrx_word' id='word_1_617' title='bbox 3182 4313 3476 4381; x_wconf 86' lang='lat' dir='ltr'><strong>interjectis</strong></span> <span class='ocrx_word' id='word_1_618' title='bbox 3506 4312 3737 4365; x_wconf 90' lang='lat' dir='ltr'><strong>nebulis</strong></span> 
     </span>
    </p>
   </div>
   <div class='ocr_carea' id='block_1_69' title="bbox 498 4397 2060 4478">
    <p class='ocr_par' dir='ltr' id='par_1_69' title="bbox 498 4397 2057 4466">
     <span class='ocr_line' id='line_1_70' title="bbox 498 4397 2057 4466; baseline -0.006 -8"><span class='ocrx_word' id='word_1_619' title='bbox 498 4410 554 4458; x_wconf 89' lang='lat' dir='ltr'><strong>et</strong></span> <span class='ocrx_word' id='word_1_620' title='bbox 580 4402 864 4457; x_wconf 89' lang='lat' dir='ltr'><strong>verissima</strong></span> <span class='ocrx_word' id='word_1_621' title='bbox 894 4399 1034 4456; x_wconf 86' lang='lat' dir='ltr'><strong>ratio</strong></span> <span class='ocrx_word' id='word_1_622' title='bbox 1058 4400 1164 4453; x_wconf 87' lang='grc' dir='ltr'><strong>τῶν</strong></span> <span class='ocrx_word' id='word_1_623' title='bbox 1197 4400 1510 4464; x_wconf 72' lang='grc' dir='ltr'>ἀντισκίων,</span> <span class='ocrx_word' id='word_1_624' title='bbox 1535 4401 1788 4457; x_wconf 80' lang='lat' dir='ltr'><strong>vetUStati</strong></span> <span class='ocrx_word' id='word_1_625' title='bbox 1820 4397 2057 4466; x_wconf 79' lang='lat' dir='ltr'><strong>cognita.</strong></span> 
     </span>
    </p>
   </div>
   <div class='ocr_carea' id='block_1_70' title="bbox 2165 4397 3738 4478">
    <p class='ocr_par' dir='ltr' id='par_1_70' title="bbox 2170 4402 3738 4478">
     <span class='ocr_line' id='line_1_71' title="bbox 2170 4402 3738 4478; baseline -0.004 -17"><span class='ocrx_word' id='word_1_626' title='bbox 2170 4424 2234 4463; x_wconf 91' lang='lat' dir='ltr'><strong>ac</strong></span> <span class='ocrx_word' id='word_1_627' title='bbox 2253 4407 2544 4478; x_wconf 85' lang='lat' dir='ltr'><strong>vaporibus</strong></span> <span class='ocrx_word' id='word_1_628' title='bbox 2576 4407 2891 4476; x_wconf 85' lang='lat' dir='ltr'><strong>plerumque</strong></span> <span class='ocrx_word' id='word_1_629' title='bbox 2915 4407 3083 4459; x_wconf 88' lang='lat' dir='ltr'><strong>latent</strong></span> <span class='ocrx_word' id='word_1_630' title='bbox 3107 4404 3372 4467; x_wconf 90' lang='lat' dir='ltr'><strong>adhuc,et</strong></span> <span class='ocrx_word' id='word_1_631' title='bbox 3401 4402 3738 4456; x_wconf 88' lang='lat' dir='ltr'><strong>intuentium</strong></span> 
     </span>
    </p>
   </div>
   <div class='ocr_carea' id='block_1_71' title="bbox 497 4491 3736 4564">
    <p class='ocr_par' dir='ltr' id='par_1_71' title="bbox 497 4491 3736 4564">
     <span class='ocr_line' id='line_1_72' title="bbox 497 4491 3736 4564; baseline -0.003 -11"><span class='ocrx_word' id='word_1_632' title='bbox 497 4495 568 4548; x_wconf 77' lang='lat' dir='ltr'><strong>At.</strong></span> <span class='ocrx_word' id='word_1_633' title='bbox 601 4494 844 4564; x_wconf 74' lang='lat' dir='ltr'><strong>Scaliger</strong></span> <span class='ocrx_word' id='word_1_634' title='bbox 867 4509 930 4548; x_wconf 76' lang='lat' dir='ltr'><strong>ex</strong></span> <span class='ocrx_word' id='word_1_635' title='bbox 957 4493 1064 4553; x_wconf 86' lang='lat' dir='ltr'><strong>illis</strong></span> <span class='ocrx_word' id='word_1_636' title='bbox 1096 4491 1318 4557; x_wconf 80' lang='lat' dir='ltr'><strong>Firmici</strong></span> <span class='ocrx_word' id='word_1_637' title='bbox 1350 4493 1530 4547; x_wconf 71' lang='lat' dir='ltr'><strong>verbis</strong></span> <span class='ocrx_word' id='word_1_638' title='bbox 1567 4492 1770 4561; x_wconf 66' lang='lat' dir='ltr'><strong>colligit</strong></span> <span class='ocrx_word' id='word_1_639' title='bbox 1799 4491 2056 4561; x_wconf 70' lang='lat' dir='ltr'><strong>primum.</strong></span> <span class='ocrx_word' id='word_1_640' title='bbox 2090 4505 2134 4560; x_wconf 78' lang='grc' dir='ltr'>ι)</span> <span class='ocrx_word' id='word_1_641' title='bbox 2166 4498 2497 4552; x_wconf 82' lang='lat' dir='ltr'><strong>frustrantur</strong></span> <span class='ocrx_word' id='word_1_642' title='bbox 2541 4497 2765 4564; x_wconf 83' lang='lat' dir='ltr'><strong>oculos,</strong></span> <span class='ocrx_word' id='word_1_643' title='bbox 2799 4497 2926 4550; x_wconf 89' lang='lat' dir='ltr'><strong>hinc</strong></span> <span class='ocrx_word' id='word_1_644' title='bbox 2957 4494 3098 4564; x_wconf 88' lang='lat' dir='ltr'><strong>apud</strong></span> <span class='ocrx_word' id='word_1_645' title='bbox 3145 4495 3438 4563; x_wconf 87' lang='lat' dir='ltr'><strong>scriptores</strong></span> <span class='ocrx_word' id='word_1_646' title='bbox 3477 4507 3601 4546; x_wconf 90' lang='lat' dir='ltr'><strong>raro</strong></span> <span class='ocrx_word' id='word_1_647' title='bbox 3631 4493 3736 4545; x_wconf 84' lang='lat' dir='ltr'><strong>illa</strong></span> 
     </span>
    </p>
   </div>
   <div class='ocr_carea' id='block_1_72' title="bbox 497 4580 2060 4656">
    <p class='ocr_par' dir='ltr' id='par_1_72' title="bbox 497 4580 2060 4656">
     <span class='ocr_line' id='line_1_73' title="bbox 497 4580 2060 4656; baseline -0.004 -18"><span class='ocrx_word' id='word_1_648' title='bbox 497 4587 567 4640; x_wconf 81' lang='grc' dir='ltr'>τὰ</span> <span class='ocrx_word' id='word_1_649' title='bbox 597 4588 1007 4656; x_wconf 79' lang='grc' dir='ltr'><strong>προστάσσοντα</strong></span> <span class='ocrx_word' id='word_1_650' title='bbox 1045 4593 1268 4649; x_wconf 82' lang='lat' dir='ltr'><strong>tantum,</strong></span> <span class='ocrx_word' id='word_1_651' title='bbox 1299 4593 1354 4639; x_wconf 90' lang='lat' dir='ltr'><strong>et</strong></span> <span class='ocrx_word' id='word_1_652' title='bbox 1399 4583 1737 4637; x_wconf 80' lang='grc' dir='ltr'>ὑπακούοντα</span> <span class='ocrx_word' id='word_1_653' title='bbox 1775 4601 1792 4631; x_wconf 86' lang='grc' dir='ltr'><strong>ι</strong></span> <span class='ocrx_word' id='word_1_654' title='bbox 1831 4580 2060 4636; x_wconf 82' lang='lat' dir='ltr'><strong>antiscia</strong></span> 
     </span>
    </p>
   </div>
   <div class='ocr_carea' id='block_1_73' title="bbox 498 4672 2062 4742">
    <p class='ocr_par' dir='ltr' id='par_1_73' title="bbox 498 4672 2062 4742">
     <span class='ocr_line' id='line_1_74' title="bbox 498 4672 2062 4742; baseline -0.003 -11"><span class='ocrx_word' id='word_1_655' title='bbox 498 4679 683 4733; x_wconf 78' lang='lat' dir='ltr'><strong>vocari</strong></span> <span class='ocrx_word' id='word_1_656' title='bbox 722 4697 740 4730; x_wconf 74' lang='grc' dir='ltr'><strong>ι</strong></span> <span class='ocrx_word' id='word_1_657' title='bbox 779 4694 810 4730; x_wconf 88' lang='lat' dir='ltr'><strong>a</strong></span> <span class='ocrx_word' id='word_1_658' title='bbox 868 4675 1101 4742; x_wconf 82' lang='lat' dir='ltr'><strong>Firntico</strong></span> <span class='ocrx_word' id='word_1_659' title='bbox 1139 4687 1292 4731; x_wconf 92' lang='lat' dir='ltr'><strong>:tum</strong></span> <span class='ocrx_word' id='word_1_660' title='bbox 1343 4675 1573 4730; x_wconf 83' lang='lat' dir='ltr'><strong>antiscia</strong></span> <span class='ocrx_word' id='word_1_661' title='bbox 1619 4673 1870 4728; x_wconf 83' lang='lat' dir='ltr'><strong>Antiochi</strong></span> <span class='ocrx_word' id='word_1_662' title='bbox 1924 4672 2062 4726; x_wconf 84' lang='lat' dir='ltr'><strong>falso</strong></span> 
     </span>
    </p>
   </div>
   <div class='ocr_carea' id='block_1_74' title="bbox 497 4767 2059 4839">
    <p class='ocr_par' dir='ltr' id='par_1_74' title="bbox 497 4767 2059 4839">
     <span class='ocr_line' id='line_1_75' title="bbox 497 4767 2059 4839; baseline -0.006 -13"><span class='ocrx_word' id='word_1_663' title='bbox 497 4786 624 4839; x_wconf 71' lang='lat' dir='ltr'><strong>curn</strong></span> <span class='ocrx_word' id='word_1_664' title='bbox 654 4767 1000 4835; x_wconf 82' lang='lat' dir='ltr'><strong>Ptolemaicis</strong></span> <span class='ocrx_word' id='word_1_665' title='bbox 1033 4768 1313 4836; x_wconf 83' lang='lat' dir='ltr'><strong>confundi,</strong></span> <span class='ocrx_word' id='word_1_666' title='bbox 1356 4783 1478 4821; x_wconf 91' lang='lat' dir='ltr'><strong>cum</strong></span> <span class='ocrx_word' id='word_1_667' title='bbox 1511 4767 1621 4821; x_wconf 90' lang='lat' dir='ltr'><strong>sint</strong></span> <span class='ocrx_word' id='word_1_668' title='bbox 1649 4768 1896 4827; x_wconf 86' lang='lat' dir='ltr'><strong>diversa;</strong></span> <span class='ocrx_word' id='word_1_669' title='bbox 1934 4779 2059 4818; x_wconf 92' lang='lat' dir='ltr'><strong>nam</strong></span> 
     </span>
    </p>
   </div>
   <div class='ocr_carea' id='block_1_75' title="bbox 497 4857 2060 4927">
    <p class='ocr_par' dir='ltr' id='par_1_75' title="bbox 497 4857 2060 4927">
     <span class='ocr_line' id='line_1_76' title="bbox 497 4857 2060 4927; baseline -0.006 -12"><span class='ocrx_word' id='word_1_670' title='bbox 497 4859 751 4915; x_wconf 86' lang='lat' dir='ltr'><strong>Antiochi</strong></span> <span class='ocrx_word' id='word_1_671' title='bbox 780 4859 1009 4927; x_wconf 79' lang='lat' dir='ltr'><strong>antiscia</strong></span> <span class='ocrx_word' id='word_1_672' title='bbox 1038 4867 1164 4914; x_wconf 90' lang='lat' dir='ltr'><strong>sunt</strong></span> <span class='ocrx_word' id='word_1_673' title='bbox 1193 4857 1282 4924; x_wconf 85' lang='lat' dir='ltr'><strong>illa</strong></span> <span class='ocrx_word' id='word_1_674' title='bbox 1311 4867 1574 4920; x_wconf 87' lang='lat' dir='ltr'><strong>veterum,</strong></span> <span class='ocrx_word' id='word_1_675' title='bbox 1606 4859 1657 4911; x_wconf 92' lang='lat' dir='ltr'><strong>in</strong></span> <span class='ocrx_word' id='word_1_676' title='bbox 1687 4857 1884 4926; x_wconf 87' lang='lat' dir='ltr'><strong>quibus</strong></span> <span class='ocrx_word' id='word_1_677' title='bbox 1907 4870 2060 4909; x_wconf 89' lang='lat' dir='ltr'><strong>com-</strong></span> 
     </span>
    </p>
   </div>
   <div class='ocr_carea' id='block_1_76' title="bbox 497 4947 2059 5023">
    <p class='ocr_par' dir='ltr' id='par_1_76' title="bbox 497 4947 2059 5023">
     <span class='ocr_line' id='line_1_77' title="bbox 497 4947 2059 5023; baseline -0.002 -18"><span class='ocrx_word' id='word_1_678' title='bbox 497 4954 652 5023; x_wconf 87' lang='lat' dir='ltr'><strong>paria</strong></span> <span class='ocrx_word' id='word_1_679' title='bbox 681 4952 836 5022; x_wconf 82' lang='lat' dir='ltr'><strong>signa</strong></span> <span class='ocrx_word' id='word_1_680' title='bbox 863 4951 930 5004; x_wconf 91' lang='lat' dir='ltr'><strong>ab</strong></span> <span class='ocrx_word' id='word_1_681' title='bbox 952 4951 1178 5021; x_wconf 86' lang='lat' dir='ltr'><strong>integris</strong></span> <span class='ocrx_word' id='word_1_682' title='bbox 1211 4949 1666 5004; x_wconf 85' lang='lat' dir='ltr'><strong>dodecatemoriis</strong></span> <span class='ocrx_word' id='word_1_683' title='bbox 1690 4947 2059 5002; x_wconf 87' lang='lat' dir='ltr'><strong>cardinalibus</strong></span> 
     </span>
    </p>
   </div>
   <div class='ocr_carea' id='block_1_77' title="bbox 497 5037 2061 5114">
    <p class='ocr_par' dir='ltr' id='par_1_77' title="bbox 497 5037 2061 5114">
     <span class='ocr_line' id='line_1_78' title="bbox 497 5037 2061 5114; baseline -0.004 -15"><span class='ocrx_word' id='word_1_684' title='bbox 497 5060 564 5108; x_wconf 83' lang='lat' dir='ltr'><strong>ex</strong></span> <span class='ocrx_word' id='word_1_685' title='bbox 589 5057 746 5114; x_wconf 63' lang='lat' dir='ltr'><strong>aequo</strong></span> <span class='ocrx_word' id='word_1_686' title='bbox 777 5047 1145 5109; x_wconf 84' lang='lat' dir='ltr'><strong>removentur,</strong></span> <span class='ocrx_word' id='word_1_687' title='bbox 1177 5049 1237 5101; x_wconf 87' lang='lat' dir='ltr'><strong>ut</strong></span> <span class='ocrx_word' id='word_1_688' title='bbox 1273 5046 1401 5102; x_wconf 83' lang='lat' dir='ltr'><strong>sunt</strong></span> <span class='ocrx_word' id='word_1_689' title='bbox 1430 5039 1588 5101; x_wconf 81' lang='lat' dir='ltr'><strong>Aries</strong></span> <span class='ocrx_word' id='word_1_690' title='bbox 1629 5045 1684 5094; x_wconf 91' lang='lat' dir='ltr'><strong>et</strong></span> <span class='ocrx_word' id='word_1_691' title='bbox 1723 5037 1902 5093; x_wconf 89' lang='lat' dir='ltr'><strong>Libra.</strong></span> <span class='ocrx_word' id='word_1_692' title='bbox 1937 5037 2061 5093; x_wconf 68' lang='lat' dir='ltr'><strong>Haec</strong></span> 
     </span>
    </p>
   </div>
   <div class='ocr_carea' id='block_1_78' title="bbox 501 5131 2057 5206">
    <p class='ocr_par' dir='ltr' id='par_1_78' title="bbox 501 5131 2057 5206">
     <span class='ocr_line' id='line_1_79' title="bbox 501 5131 2057 5206; baseline -0.004 -16"><span class='ocrx_word' id='word_1_693' title='bbox 501 5134 765 5206; x_wconf 85' lang='lat' dir='ltr'><strong>Scaliger.</strong></span> <span class='ocrx_word' id='word_1_694' title='bbox 815 5132 874 5194; x_wconf 86' lang='lat' dir='ltr'><strong>In</strong></span> <span class='ocrx_word' id='word_1_695' title='bbox 904 5135 1104 5204; x_wconf 90' lang='lat' dir='ltr'><strong>quibus</strong></span> <span class='ocrx_word' id='word_1_696' title='bbox 1143 5142 1252 5195; x_wconf 85' lang='lat' dir='ltr'><strong>tam</strong></span> <span class='ocrx_word' id='word_1_697' title='bbox 1289 5131 1358 5186; x_wconf 91' lang='lat' dir='ltr'><strong>ab</strong></span> <span class='ocrx_word' id='word_1_698' title='bbox 1401 5131 1478 5186; x_wconf 87' lang='lat' dir='ltr'><strong>rei</strong></span> <span class='ocrx_word' id='word_1_699' title='bbox 1531 5131 1777 5194; x_wconf 87' lang='lat' dir='ltr'><strong>veritate,</strong></span> <span class='ocrx_word' id='word_1_700' title='bbox 1830 5145 1993 5200; x_wconf 90' lang='lat' dir='ltr'><strong>quam</strong></span> <span class='ocrx_word' id='word_1_701' title='bbox 2027 5145 2057 5184; x_wconf 91' lang='lat' dir='ltr'><strong>a</strong></span> 
     </span>
    </p>
   </div>
   <div class='ocr_carea' id='block_1_79' title="bbox 498 5222 2061 5292">
    <p class='ocr_par' dir='ltr' id='par_1_79' title="bbox 498 5222 2061 5292">
     <span class='ocr_line' id='line_1_80' title="bbox 498 5222 2061 5292; baseline -0.004 -10"><span class='ocrx_word' id='word_1_702' title='bbox 498 5234 683 5282; x_wconf 89' lang='lat' dir='ltr'><strong>mente</strong></span> <span class='ocrx_word' id='word_1_703' title='bbox 727 5225 949 5292; x_wconf 84' lang='lat' dir='ltr'><strong>Firmici</strong></span> <span class='ocrx_word' id='word_1_704' title='bbox 1015 5233 1164 5286; x_wconf 87' lang='lat' dir='ltr'><strong>totus</strong></span> <span class='ocrx_word' id='word_1_705' title='bbox 1223 5224 1460 5292; x_wconf 78' lang='lat' dir='ltr'><strong>aberrat.</strong></span> <span class='ocrx_word' id='word_1_706' title='bbox 1512 5222 1782 5277; x_wconf 87' lang='lat' dir='ltr'><strong>Firmicus</strong></span> <span class='ocrx_word' id='word_1_707' title='bbox 1831 5223 2061 5278; x_wconf 90' lang='lat' dir='ltr'><strong>antiscia</strong></span> 
     </span>
    </p>
   </div>
   <div class='ocr_carea' id='block_1_80' title="bbox 500 5314 2058 5388">
    <p class='ocr_par' dir='ltr' id='par_1_80' title="bbox 500 5314 2058 5388">
     <span class='ocr_line' id='line_1_81' title="bbox 500 5314 2058 5388; baseline -0.004 -13"><span class='ocrx_word' id='word_1_708' title='bbox 500 5319 620 5375; x_wconf 85' lang='lat' dir='ltr'><strong>sola</strong></span> <span class='ocrx_word' id='word_1_709' title='bbox 663 5318 755 5373; x_wconf 88' lang='lat' dir='ltr'><strong>illa</strong></span> <span class='ocrx_word' id='word_1_710' title='bbox 789 5319 941 5388; x_wconf 88' lang='lat' dir='ltr'><strong>signa</strong></span> <span class='ocrx_word' id='word_1_711' title='bbox 978 5316 1250 5378; x_wconf 88' lang='lat' dir='ltr'><strong>nominat.</strong></span> <span class='ocrx_word' id='word_1_712' title='bbox 1277 5331 1397 5386; x_wconf 65' lang='lat' dir='ltr'><strong>quae</strong></span> <span class='ocrx_word' id='word_1_713' title='bbox 1424 5314 1746 5379; x_wconf 72' lang='lat' dir='ltr'><strong>Ptolemaeus</strong></span> <span class='ocrx_word' id='word_1_714' title='bbox 1776 5314 2058 5384; x_wconf 84' lang='grc' dir='ltr'>βλέποντα,</span> 
     </span>
    </p>
   </div>
   <div class='ocr_carea' id='block_1_81' title="bbox 500 5405 2063 5475">
    <p class='ocr_par' dir='ltr' id='par_1_81' title="bbox 500 5405 2063 5475">
     <span class='ocr_line' id='line_1_82' title="bbox 500 5405 2063 5475; baseline -0.001 -16"><span class='ocrx_word' id='word_1_715' title='bbox 500 5420 612 5459; x_wconf 91' lang='lat' dir='ltr'><strong>non</strong></span> <span class='ocrx_word' id='word_1_716' title='bbox 646 5405 986 5475; x_wconf 89' lang='lat' dir='ltr'><strong>imperantia,</strong></span> <span class='ocrx_word' id='word_1_717' title='bbox 1015 5407 1271 5460; x_wconf 91' lang='lat' dir='ltr'><strong>nimirum</strong></span> <span class='ocrx_word' id='word_1_718' title='bbox 1294 5420 1356 5459; x_wconf 88' lang='lat' dir='ltr'><strong>ea</strong></span> <span class='ocrx_word' id='word_1_719' title='bbox 1387 5405 1806 5474; x_wconf 72' lang='lat' dir='ltr'><strong>duntaxat,qute</strong></span> <span class='ocrx_word' id='word_1_720' title='bbox 1855 5421 1884 5458; x_wconf 93' lang='lat' dir='ltr'><strong>a</strong></span> <span class='ocrx_word' id='word_1_721' title='bbox 1927 5421 2063 5474; x_wconf 85' lang='lat' dir='ltr'><strong>pun-</strong></span> 
     </span>
    </p>
   </div>
   <div class='ocr_carea' id='block_1_82' title="bbox 502 5494 2060 5566">
    <p class='ocr_par' dir='ltr' id='par_1_82' title="bbox 502 5494 2060 5566">
     <span class='ocr_line' id='line_1_83' title="bbox 502 5494 2060 5566; baseline -0.001 -16"><span class='ocrx_word' id='word_1_722' title='bbox 502 5495 608 5550; x_wconf 90' lang='lat' dir='ltr'><strong>ctis</strong></span> <span class='ocrx_word' id='word_1_723' title='bbox 655 5496 1036 5551; x_wconf 88' lang='lat' dir='ltr'><strong>solstitialibus</strong></span> <span class='ocrx_word' id='word_1_724' title='bbox 1091 5495 1375 5566; x_wconf 71' lang='lat' dir='ltr'><strong>aequaliter</strong></span> <span class='ocrx_word' id='word_1_725' title='bbox 1415 5494 1656 5561; x_wconf 82' lang='lat' dir='ltr'><strong>distant;</strong></span> <span class='ocrx_word' id='word_1_726' title='bbox 1693 5508 1792 5550; x_wconf 83' lang='lat' dir='ltr'><strong>nec</strong></span> <span class='ocrx_word' id='word_1_727' title='bbox 1822 5503 1950 5548; x_wconf 89' lang='lat' dir='ltr'><strong>sunt</strong></span> <span class='ocrx_word' id='word_1_728' title='bbox 1977 5495 2060 5548; x_wconf 82' lang='lat' dir='ltr'><strong>di-</strong></span> 
     </span>
    </p>
   </div>
   <div class='ocr_carea' id='block_1_83' title="bbox 501 5585 2064 5656">
    <p class='ocr_par' dir='ltr' id='par_1_83' title="bbox 501 5585 2064 5656">
     <span class='ocr_line' id='line_1_84' title="bbox 501 5585 2064 5656; baseline 0.001 -18"><span class='ocrx_word' id='word_1_729' title='bbox 501 5600 680 5648; x_wconf 83' lang='lat' dir='ltr'><strong>versa,</strong></span> <span class='ocrx_word' id='word_1_730' title='bbox 720 5601 841 5656; x_wconf 68' lang='lat' dir='ltr'><strong>quae</strong></span> <span class='ocrx_word' id='word_1_731' title='bbox 883 5585 1186 5642; x_wconf 75' lang='lat' dir='ltr'><strong>Antiochus</strong></span> <span class='ocrx_word' id='word_1_732' title='bbox 1217 5587 1516 5650; x_wconf 87' lang='lat' dir='ltr'><strong>astruebat,</strong></span> <span class='ocrx_word' id='word_1_733' title='bbox 1553 5587 1623 5640; x_wconf 92' lang='lat' dir='ltr'><strong>ab</strong></span> <span class='ocrx_word' id='word_1_734' title='bbox 1651 5586 1900 5642; x_wconf 90' lang='lat' dir='ltr'><strong>antisciis</strong></span> <span class='ocrx_word' id='word_1_735' title='bbox 1938 5585 2064 5640; x_wconf 85' lang='lat' dir='ltr'><strong>Pto-</strong></span> 
     </span>
    </p>
   </div>
   <div class='ocr_carea' id='block_1_84' title="bbox 503 5675 2064 5735">
    <p class='ocr_par' dir='ltr' id='par_1_84' title="bbox 503 5675 2064 5735">
     <span class='ocr_line' id='line_1_85' title="bbox 503 5675 2064 5735; baseline 0 -4"><span class='ocrx_word' id='word_1_736' title='bbox 503 5676 679 5732; x_wconf 73' lang='lat' dir='ltr'><strong>lemrei</strong></span> <span class='ocrx_word' id='word_1_737' title='bbox 723 5687 816 5733; x_wconf 88' lang='lat' dir='ltr'><strong>aut</strong></span> <span class='ocrx_word' id='word_1_738' title='bbox 861 5676 1105 5735; x_wconf 84' lang='lat' dir='ltr'><strong>Firmici.</strong></span> <span class='ocrx_word' id='word_1_739' title='bbox 1140 5677 1466 5732; x_wconf 85' lang='lat' dir='ltr'><strong>Antiochum</strong></span> <span class='ocrx_word' id='word_1_740' title='bbox 1510 5678 1586 5730; x_wconf 90' lang='lat' dir='ltr'><strong>ait</strong></span> <span class='ocrx_word' id='word_1_741' title='bbox 1624 5675 1893 5734; x_wconf 85' lang='lat' dir='ltr'><strong>Firmicus</strong></span> <span class='ocrx_word' id='word_1_742' title='bbox 1924 5679 2064 5731; x_wconf 89' lang='lat' dir='ltr'><strong>anti-</strong></span> 
     </span>
    </p>
   </div>
   <div class='ocr_carea' id='block_1_85' title="bbox 502 5768 2062 5840">
    <p class='ocr_par' dir='ltr' id='par_1_85' title="bbox 502 5768 2062 5840">
     <span class='ocr_line' id='line_1_86' title="bbox 502 5768 2062 5840; baseline 0.004 -19"><span class='ocrx_word' id='word_1_743' title='bbox 502 5768 744 5833; x_wconf 74' lang='lat' dir='ltr'><strong>sciorum</strong></span> <span class='ocrx_word' id='word_1_744' title='bbox 807 5768 1043 5837; x_wconf 76' lang='lat' dir='ltr'><strong>obscure</strong></span> <span class='ocrx_word' id='word_1_745' title='bbox 1095 5769 1409 5826; x_wconf 85' lang='lat' dir='ltr'><strong>meminisse</strong></span> <span class='ocrx_word' id='word_1_746' title='bbox 1453 5768 1636 5824; x_wconf 87' lang='lat' dir='ltr'><strong>verbis</strong></span> <span class='ocrx_word' id='word_1_747' title='bbox 1678 5768 1820 5834; x_wconf 90' lang='lat' dir='ltr'><strong>illis,</strong></span> <span class='ocrx_word' id='word_1_748' title='bbox 1865 5769 2062 5840; x_wconf 83' lang='lat' dir='ltr'><strong>quibus</strong></span> 
     </span>
    </p>
   </div>
   <div class='ocr_carea' id='block_1_86' title="bbox 2161 4585 3731 4658">
    <p class='ocr_par' dir='ltr' id='par_1_86' title="bbox 2161 4585 3731 4658">
     <span class='ocr_line' id='line_1_87' title="bbox 2161 4585 3731 4658; baseline -0.006 -14"><span class='ocrx_word' id='word_1_749' title='bbox 2161 4589 2354 4644; x_wconf 90' lang='lat' dir='ltr'><strong>eadem</strong></span> <span class='ocrx_word' id='word_1_750' title='bbox 2386 4587 2768 4658; x_wconf 80' lang='lat' dir='ltr'><strong>exprimuntur</strong></span> <span class='ocrx_word' id='word_1_751' title='bbox 2819 4595 3082 4655; x_wconf 88' lang='lat' dir='ltr'><strong>tempora,</strong></span> <span class='ocrx_word' id='word_1_752' title='bbox 3117 4601 3236 4654; x_wconf 71' lang='lat' dir='ltr'><strong>qua:</strong></span> <span class='ocrx_word' id='word_1_753' title='bbox 3281 4585 3573 4638; x_wconf 82' lang='lat' dir='ltr'><strong>tabularum</strong></span> <span class='ocrx_word' id='word_1_754' title='bbox 3601 4596 3731 4634; x_wconf 80' lang='lat' dir='ltr'><strong>me-</strong></span> 
     </span>
    </p>
   </div>
   <div class='ocr_carea' id='block_1_87' title="bbox 2161 4677 3730 4747">
    <p class='ocr_par' dir='ltr' id='par_1_87' title="bbox 2161 4677 3730 4747">
     <span class='ocr_line' id='line_1_88' title="bbox 2161 4677 3730 4747; baseline -0.006 -14"><span class='ocrx_word' id='word_1_755' title='bbox 2161 4681 2361 4734; x_wconf 90' lang='lat' dir='ltr'><strong>thodus</strong></span> <span class='ocrx_word' id='word_1_756' title='bbox 2394 4679 2641 4744; x_wconf 83' lang='lat' dir='ltr'><strong>exhibet;</strong></span> <span class='ocrx_word' id='word_1_757' title='bbox 2674 4678 2767 4734; x_wconf 90' lang='lat' dir='ltr'><strong>scd</strong></span> <span class='ocrx_word' id='word_1_758' title='bbox 2799 4679 3075 4747; x_wconf 89' lang='lat' dir='ltr'><strong>aliquanto</strong></span> <span class='ocrx_word' id='word_1_759' title='bbox 3114 4686 3257 4738; x_wconf 89' lang='lat' dir='ltr'><strong>ante,</strong></span> <span class='ocrx_word' id='word_1_760' title='bbox 3287 4677 3370 4730; x_wconf 87' lang='lat' dir='ltr'><strong>vel</strong></span> <span class='ocrx_word' id='word_1_761' title='bbox 3405 4680 3598 4745; x_wconf 87' lang='lat' dir='ltr'><strong>postea,</strong></span> <span class='ocrx_word' id='word_1_762' title='bbox 3623 4687 3730 4724; x_wconf 85' lang='lat' dir='ltr'><strong>or—</strong></span> 
     </span>
    </p>
   </div>
   <div class='ocr_carea' id='block_1_88' title="bbox 2162 4763 3737 4833">
    <p class='ocr_par' dir='ltr' id='par_1_88' title="bbox 2162 4763 3737 4833">
     <span class='ocr_line' id='line_1_89' title="bbox 2162 4763 3737 4833; baseline -0.005 -8"><span class='ocrx_word' id='word_1_763' title='bbox 2162 4779 2253 4826; x_wconf 91' lang='lat' dir='ltr'><strong>tus</strong></span> <span class='ocrx_word' id='word_1_764' title='bbox 2275 4782 2329 4827; x_wconf 91' lang='lat' dir='ltr'><strong>et</strong></span> <span class='ocrx_word' id='word_1_765' title='bbox 2350 4786 2581 4826; x_wconf 88' lang='lat' dir='ltr'><strong>occasus</strong></span> <span class='ocrx_word' id='word_1_766' title='bbox 2611 4771 2687 4824; x_wconf 89' lang='lat' dir='ltr'><strong>illi</strong></span> <span class='ocrx_word' id='word_1_767' title='bbox 2720 4770 3052 4825; x_wconf 87' lang='lat' dir='ltr'><strong>referuntur.</strong></span> <span class='ocrx_word' id='word_1_768' title='bbox 3078 4769 3156 4827; x_wconf 79' lang='lat' dir='ltr'><strong>At:</strong></span> <span class='ocrx_word' id='word_1_769' title='bbox 3189 4775 3318 4825; x_wconf 90' lang='lat' dir='ltr'><strong>sunt</strong></span> <span class='ocrx_word' id='word_1_770' title='bbox 3345 4781 3405 4820; x_wconf 90' lang='lat' dir='ltr'><strong>ea</strong></span> <span class='ocrx_word' id='word_1_771' title='bbox 3435 4763 3737 4833; x_wconf 83' lang='lat' dir='ltr'><strong>repetenda</strong></span> 
     </span>
    </p>
   </div>
   <div class='ocr_carea' id='block_1_89' title="bbox 2162 4854 3742 4932">
    <p class='ocr_par' dir='ltr' id='par_1_89' title="bbox 2162 4854 3742 4932">
     <span class='ocr_line' id='line_1_90' title="bbox 2162 4854 3742 4932; baseline -0.003 -16"><span class='ocrx_word' id='word_1_772' title='bbox 2162 4864 2444 4927; x_wconf 89' lang='lat' dir='ltr'><strong>memoria,</strong></span> <span class='ocrx_word' id='word_1_773' title='bbox 2482 4877 2604 4932; x_wconf 65' lang='lat' dir='ltr'><strong>quae</strong></span> <span class='ocrx_word' id='word_1_774' title='bbox 2630 4878 2697 4916; x_wconf 87' lang='lat' dir='ltr'><strong>ex</strong></span> <span class='ocrx_word' id='word_1_775' title='bbox 2731 4859 2958 4916; x_wconf 87' lang='lat' dir='ltr'><strong>Gemino</strong></span> <span class='ocrx_word' id='word_1_776' title='bbox 2987 4863 3125 4929; x_wconf 90' lang='lat' dir='ltr'><strong>(cap.</strong></span> <span class='ocrx_word' id='word_1_777' title='bbox 3154 4858 3246 4921; x_wconf 75' lang='lat' dir='ltr'><strong>Xl,</strong></span> <span class='ocrx_word' id='word_1_778' title='bbox 3270 4873 3390 4927; x_wconf 88' lang='lat' dir='ltr'><strong>pag.</strong></span> <span class='ocrx_word' id='word_1_779' title='bbox 3420 4856 3508 4924; x_wconf 76' lang='lat'><strong>28)</strong></span> <span class='ocrx_word' id='word_1_780' title='bbox 3551 4854 3742 4925; x_wconf 78' lang='lat' dir='ltr'><strong>capite</strong></span> 
     </span>
    </p>
   </div>
   <div class='ocr_carea' id='block_1_90' title="bbox 2163 4950 3744 5021">
    <p class='ocr_par' dir='ltr' id='par_1_90' title="bbox 2163 4950 3744 5021">
     <span class='ocr_line' id='line_1_91' title="bbox 2163 4950 3744 5021; baseline -0.005 -15"><span class='ocrx_word' id='word_1_781' title='bbox 2163 4952 2326 5021; x_wconf 89' lang='lat' dir='ltr'><strong>hujus</strong></span> <span class='ocrx_word' id='word_1_782' title='bbox 2347 4953 2466 5006; x_wconf 88' lang='lat' dir='ltr'><strong>libri</strong></span> <span class='ocrx_word' id='word_1_783' title='bbox 2493 4953 2654 5007; x_wconf 90' lang='lat' dir='ltr'><strong>tertio</strong></span> <span class='ocrx_word' id='word_1_784' title='bbox 2676 4950 3034 5018; x_wconf 86' lang='lat' dir='ltr'><strong>tradidimus;</strong></span> <span class='ocrx_word' id='word_1_785' title='bbox 3067 4957 3219 5003; x_wconf 90' lang='lat' dir='ltr'><strong>ortus</strong></span> <span class='ocrx_word' id='word_1_786' title='bbox 3248 4961 3591 5015; x_wconf 87' lang='lat' dir='ltr'><strong>occasusque</strong></span> <span class='ocrx_word' id='word_1_787' title='bbox 3617 4961 3744 4998; x_wconf 88' lang='lat' dir='ltr'><strong>ma-</strong></span> 
     </span>
    </p>
   </div>
   <div class='ocr_carea' id='block_1_91' title="bbox 2162 5038 3745 5112">
    <p class='ocr_par' dir='ltr' id='par_1_91' title="bbox 2162 5038 3745 5112">
     <span class='ocr_line' id='line_1_92' title="bbox 2162 5038 3745 5112; baseline -0.004 -15"><span class='ocrx_word' id='word_1_788' title='bbox 2162 5045 2368 5099; x_wconf 88' lang='lat' dir='ltr'><strong>tutinos</strong></span> <span class='ocrx_word' id='word_1_789' title='bbox 2427 5060 2606 5108; x_wconf 88' lang='lat' dir='ltr'><strong>veros,</strong></span> <span class='ocrx_word' id='word_1_790' title='bbox 2641 5043 2754 5098; x_wconf 88' lang='lat' dir='ltr'><strong>sive</strong></span> <span class='ocrx_word' id='word_1_791' title='bbox 2798 5057 2907 5096; x_wconf 92' lang='lat' dir='ltr'><strong>non</strong></span> <span class='ocrx_word' id='word_1_792' title='bbox 2959 5051 3302 5112; x_wconf 90' lang='lat' dir='ltr'><strong>apparentes,</strong></span> <span class='ocrx_word' id='word_1_793' title='bbox 3338 5038 3551 5108; x_wconf 91' lang='lat' dir='ltr'><strong>priores</strong></span> <span class='ocrx_word' id='word_1_794' title='bbox 3608 5051 3745 5091; x_wconf 86' lang='lat' dir='ltr'><strong>esse</strong></span> 
     </span>
    </p>
   </div>
   <div class='ocr_carea' id='block_1_92' title="bbox 2163 5132 3749 5205">
    <p class='ocr_par' dir='ltr' id='par_1_92' title="bbox 2163 5132 3749 5205">
     <span class='ocr_line' id='line_1_93' title="bbox 2163 5132 3749 5205; baseline -0.004 -18"><span class='ocrx_word' id='word_1_795' title='bbox 2163 5135 2526 5205; x_wconf 69' lang='grc' dir='ltr'><strong>φαινομένοις,</strong></span> <span class='ocrx_word' id='word_1_796' title='bbox 2563 5134 2612 5188; x_wconf 85' lang='lat' dir='ltr'><strong>id</strong></span> <span class='ocrx_word' id='word_1_797' title='bbox 2641 5139 2726 5188; x_wconf 89' lang='lat' dir='ltr'><strong>est</strong></span> <span class='ocrx_word' id='word_1_798' title='bbox 2759 5151 2777 5183; x_wconf 86' lang='grc' dir='ltr'><strong>ι</strong></span> <span class='ocrx_word' id='word_1_799' title='bbox 2811 5132 3259 5205; x_wconf 61' lang='grc' dir='ltr'><strong>ορμονειιιίὺυεμ</strong></span> <span class='ocrx_word' id='word_1_800' title='bbox 3286 5136 3475 5184; x_wconf 88' lang='lat' dir='ltr'><strong>contra</strong></span> <span class='ocrx_word' id='word_1_801' title='bbox 3502 5143 3749 5197; x_wconf 80' lang='lat' dir='ltr'><strong>vesper—</strong></span> 
     </span>
    </p>
   </div>
   <div class='ocr_carea' id='block_1_93' title="bbox 2162 5218 3749 5295">
    <p class='ocr_par' dir='ltr' id='par_1_93' title="bbox 2162 5218 3749 5295">
     <span class='ocr_line' id='line_1_94' title="bbox 2162 5218 3749 5295; baseline -0.007 -15"><span class='ocrx_word' id='word_1_802' title='bbox 2162 5228 2308 5281; x_wconf 91' lang='lat' dir='ltr'><strong>tinos</strong></span> <span class='ocrx_word' id='word_1_803' title='bbox 2341 5232 2660 5295; x_wconf 88' lang='lat' dir='ltr'><strong>apparentes</strong></span> <span class='ocrx_word' id='word_1_804' title='bbox 2691 5223 2843 5292; x_wconf 90' lang='lat' dir='ltr'><strong>prius</strong></span> <span class='ocrx_word' id='word_1_805' title='bbox 2879 5223 3125 5276; x_wconf 90' lang='lat' dir='ltr'><strong>accidere</strong></span> <span class='ocrx_word' id='word_1_806' title='bbox 3153 5236 3312 5290; x_wconf 91' lang='lat' dir='ltr'><strong>quam</strong></span> <span class='ocrx_word' id='word_1_807' title='bbox 3343 5232 3499 5272; x_wconf 88' lang='lat' dir='ltr'><strong>veros</strong></span> <span class='ocrx_word' id='word_1_808' title='bbox 3536 5237 3550 5271; x_wconf 92' lang='lat'><strong>:</strong></span> <span class='ocrx_word' id='word_1_809' title='bbox 3586 5218 3749 5288; x_wconf 82' lang='lat' dir='ltr'><strong>quod</strong></span> 
     </span>
    </p>
   </div>
   <div class='ocr_carea' id='block_1_94' title="bbox 2161 5309 3753 5386">
    <p class='ocr_par' dir='ltr' id='par_1_94' title="bbox 2161 5309 3753 5386">
     <span class='ocr_line' id='line_1_95' title="bbox 2161 5309 3753 5386; baseline -0.006 -14"><span class='ocrx_word' id='word_1_810' title='bbox 2161 5326 2216 5372; x_wconf 89' lang='lat' dir='ltr'><strong>et</strong></span> <span class='ocrx_word' id='word_1_811' title='bbox 2253 5333 2342 5372; x_wconf 90' lang='lat' dir='ltr'><strong>res</strong></span> <span class='ocrx_word' id='word_1_812' title='bbox 2399 5318 2516 5386; x_wconf 88' lang='lat' dir='ltr'><strong>ipsa</strong></span> <span class='ocrx_word' id='word_1_813' title='bbox 2570 5314 2760 5378; x_wconf 88' lang='lat' dir='ltr'><strong>docet,</strong></span> <span class='ocrx_word' id='word_1_814' title='bbox 2791 5322 2844 5368; x_wconf 90' lang='lat' dir='ltr'><strong>et</strong></span> <span class='ocrx_word' id='word_1_815' title='bbox 2892 5328 3012 5382; x_wconf 71' lang='lat' dir='ltr'><strong>quae</strong></span> <span class='ocrx_word' id='word_1_816' title='bbox 3042 5313 3094 5366; x_wconf 92' lang='lat' dir='ltr'><strong>in</strong></span> <span class='ocrx_word' id='word_1_817' title='bbox 3127 5309 3442 5366; x_wconf 87' lang='lat' dir='ltr'><strong>laterculum</strong></span> <span class='ocrx_word' id='word_1_818' title='bbox 3490 5309 3753 5379; x_wconf 88' lang='lat' dir='ltr'><strong>conjeci-</strong></span> 
     </span>
    </p>
   </div>
   <div class='ocr_carea' id='block_1_95' title="bbox 2162 5399 3748 5476">
    <p class='ocr_par' dir='ltr' id='par_1_95' title="bbox 2162 5399 3748 5476">
     <span class='ocr_line' id='line_1_96' title="bbox 2162 5399 3748 5476; baseline -0.005 -12"><span class='ocrx_word' id='word_1_819' title='bbox 2162 5425 2285 5467; x_wconf 88' lang='lat' dir='ltr'><strong>mus</strong></span> <span class='ocrx_word' id='word_1_820' title='bbox 2335 5408 2582 5476; x_wconf 85' lang='lat' dir='ltr'><strong>exempla</strong></span> <span class='ocrx_word' id='word_1_821' title='bbox 2612 5406 3007 5460; x_wconf 87' lang='lat' dir='ltr'><strong>demonstrant.</strong></span> <span class='ocrx_word' id='word_1_822' title='bbox 3036 5402 3114 5457; x_wconf 86' lang='lat' dir='ltr'><strong>ibi</strong></span> <span class='ocrx_word' id='word_1_823' title='bbox 3152 5403 3295 5456; x_wconf 89' lang='lat' dir='ltr'><strong>enim</strong></span> <span class='ocrx_word' id='word_1_824' title='bbox 3329 5399 3524 5454; x_wconf 87' lang='lat' dir='ltr'><strong>heliaci</strong></span> <span class='ocrx_word' id='word_1_825' title='bbox 3552 5411 3748 5466; x_wconf 86' lang='lat' dir='ltr'><strong>ortus,</strong></span> 
     </span>
    </p>
   </div>
   <div class='ocr_carea' id='block_1_96' title="bbox 2164 5491 3754 5566">
    <p class='ocr_par' dir='ltr' id='par_1_96' title="bbox 2164 5491 3754 5566">
     <span class='ocr_line' id='line_1_97' title="bbox 2164 5491 3754 5566; baseline -0.003 -15"><span class='ocrx_word' id='word_1_826' title='bbox 2164 5498 2278 5552; x_wconf 88' lang='lat' dir='ltr'><strong>sive</strong></span> <span class='ocrx_word' id='word_1_827' title='bbox 2301 5497 2550 5551; x_wconf 90' lang='lat' dir='ltr'><strong>matutini</strong></span> <span class='ocrx_word' id='word_1_828' title='bbox 2579 5504 2922 5566; x_wconf 82' lang='lat' dir='ltr'><strong>apparentes,</strong></span> <span class='ocrx_word' id='word_1_829' title='bbox 2950 5494 3201 5549; x_wconf 89' lang='lat' dir='ltr'><strong>cosmicis</strong></span> <span class='ocrx_word' id='word_1_830' title='bbox 3225 5491 3558 5562; x_wconf 86' lang='lat' dir='ltr'><strong>posteriores</strong></span> <span class='ocrx_word' id='word_1_831' title='bbox 3585 5504 3754 5566; x_wconf 66' lang='lat' dir='ltr'><strong>sunt,</strong></span> 
     </span>
    </p>
   </div>
   <div class='ocr_carea' id='block_1_97' title="bbox 2163 5583 3757 5656">
    <p class='ocr_par' dir='ltr' id='par_1_97' title="bbox 2163 5583 3757 5656">
     <span class='ocr_line' id='line_1_98' title="bbox 2163 5583 3757 5656; baseline -0.005 -10"><span class='ocrx_word' id='word_1_832' title='bbox 2163 5600 2217 5646; x_wconf 94' lang='lat' dir='ltr'><strong>et</strong></span> <span class='ocrx_word' id='word_1_833' title='bbox 2247 5604 2477 5644; x_wconf 87' lang='lat' dir='ltr'><strong>occasus</strong></span> <span class='ocrx_word' id='word_1_834' title='bbox 2509 5589 2722 5652; x_wconf 87' lang='lat' dir='ltr'><strong>beliaci,</strong></span> <span class='ocrx_word' id='word_1_835' title='bbox 2743 5589 2856 5642; x_wconf 89' lang='lat' dir='ltr'><strong>sive</strong></span> <span class='ocrx_word' id='word_1_836' title='bbox 2881 5593 3207 5656; x_wconf 77' lang='lat' dir='ltr'><strong>apparentes</strong></span> <span class='ocrx_word' id='word_1_837' title='bbox 3229 5583 3545 5654; x_wconf 88' lang='lat' dir='ltr'><strong>vespertini,</strong></span> <span class='ocrx_word' id='word_1_838' title='bbox 3575 5599 3757 5646; x_wconf 27' lang='lat' dir='ltr'><strong>aeros</strong></span> 
     </span>
    </p>
   </div>
   <div class='ocr_carea' id='block_1_98' title="bbox 2164 5673 3758 5750">
    <p class='ocr_par' dir='ltr' id='par_1_98' title="bbox 2164 5673 3758 5750">
     <span class='ocr_line' id='line_1_99' title="bbox 2164 5673 3758 5750; baseline -0.002 -17"><span class='ocrx_word' id='word_1_839' title='bbox 2164 5679 2394 5750; x_wconf 85' lang='lat' dir='ltr'><strong>nycbos,</strong></span> <span class='ocrx_word' id='word_1_840' title='bbox 2424 5694 2518 5734; x_wconf 88' lang='lat' dir='ltr'><strong>seu</strong></span> <span class='ocrx_word' id='word_1_841' title='bbox 2548 5678 2891 5748; x_wconf 79' lang='lat' dir='ltr'><strong>vespertinas</strong></span> <span class='ocrx_word' id='word_1_842' title='bbox 2932 5692 3090 5731; x_wconf 90' lang='lat' dir='ltr'><strong>veros</strong></span> <span class='ocrx_word' id='word_1_843' title='bbox 3127 5675 3478 5733; x_wconf 86' lang='lat' dir='ltr'><strong>antecedunt.</strong></span> <span class='ocrx_word' id='word_1_844' title='bbox 3511 5673 3664 5728; x_wconf 81' lang='lat' dir='ltr'><strong>Tum</strong></span> <span class='ocrx_word' id='word_1_845' title='bbox 3694 5679 3758 5732; x_wconf 92' lang='lat' dir='ltr'><strong>in</strong></span> 
     </span>
    </p>
   </div>
   <div class='ocr_carea' id='block_1_99' title="bbox 2166 5767 3764 5842">
    <p class='ocr_par' dir='ltr' id='par_1_99' title="bbox 2166 5767 3764 5842">
     <span class='ocr_line' id='line_1_100' title="bbox 2166 5767 3764 5842; baseline -0.001 -18"><span class='ocrx_word' id='word_1_846' title='bbox 2166 5769 2495 5842; x_wconf 83' lang='lat' dir='ltr'><strong>vespertinis</strong></span> <span class='ocrx_word' id='word_1_847' title='bbox 2526 5771 2736 5824; x_wconf 90' lang='lat' dir='ltr'><strong>ortibus</strong></span> <span class='ocrx_word' id='word_1_848' title='bbox 2759 5780 2810 5824; x_wconf 88' lang='lat' dir='ltr'><strong>et</strong></span> <span class='ocrx_word' id='word_1_849' title='bbox 2831 5768 3113 5825; x_wconf 83' lang='lat' dir='ltr'><strong>matutinis</strong></span> <span class='ocrx_word' id='word_1_850' title='bbox 3139 5767 3444 5830; x_wconf 86' lang='lat' dir='ltr'><strong>occasibus,</strong></span> <span class='ocrx_word' id='word_1_851' title='bbox 3469 5780 3497 5818; x_wconf 89' lang='lat' dir='ltr'><strong>a</strong></span> <span class='ocrx_word' id='word_1_852' title='bbox 3533 5769 3764 5839; x_wconf 71' lang='lat' dir='ltr'><strong>quibus</strong></span> 
     </span>
    </p>
   </div>
  </div>
