4022 6398
261 387 404 445 1369

1088 387 1543 448 DISSERTA'I’IO
1581 391 1671 447 ne
1708 392 1892 450 onru
1924 363 2012 448 Er
2049 392 2322 451 occasu
2366 392 2689 450 summu.
2753 384 2762 388 '
2812 383 2822 387 ·

3363 397 3500 452 45ἷο

262 500 423 572 longe
451 499 651 556 absunt
677 500 899 567 heliaci,
930 501 1074 558 idem
1109 507 1379 572 usuvenit,
1412 491 1496 562 uti
1529 523 1630 565 nos
1657 511 1834 580 capite
1862 514 1906 572 Α
1935 524 2193 565 occasum
2241 509 2570 574 cosmieum,
2601 517 2658 565 et
2710 515 2892 564 ortum
2927 509 3314 581 acronyehum.
3345 509 3499 577 Quod

266 593 366 650 illo
392 594 810 653 deolar‘avimus.
827 596 964 652 Cum
991 599 1136 654 enim
1166 600 1248 655 sol
1273 608 1462 656 contra
1488 603 1649 672 primi
1680 603 1829 659 orbis

263 686 525 758 impetum
546 703 738 744 versus
757 691 962 744 ortivas
996 691 1118 745 caeli
1142 699 1326 761 partes
1347 694 1416 747 ab
1431 694 1675 749 occiduis
1700 710 1828 748 suo.

263 787 356 849 pte
399 785 550 832 motu
583 779 848 850 rapiatur,
882 781 1115 846 stellam,
1157 782 1248 837 ubi
1297 794 1624 840 consecutus
1663 792 1768 848 est,
1796 800 1828 838 a

264 880 418 938 tergo
443 869 725 939 relinquit,
758 876 814 926 et
844 870 899 924 in
930 873 1320 941 consequentia
1353 875 1526 944 magis
1548 877 1828 945 magisque

263 959 475 1013 nititur.
527 957 605 1012 Ita
639 959 700 1012 tit
747 969 828 1024 ut,
884 974 1008 1014 cum
1052 961 1262 1015 stellam
1296 961 1350 1015 in
1378 964 1586 1018 oriente
1614 963 1824 1033 positus

263 1048 603 1104 occidentem
631 1063 698 1104 ex
727 1050 958 1105 adverso
999 1051 1242 1121 respicit,
1280 1053 1371 1121 qui
1409 1060 1493 1108 est
1524 1068 1686 1108 verus
1732 1069 1828 1108 co-

263 1142 470 1198 smicus
510 1157 761 1207 occasus,
798 1142 974 1197 adhuc
1006 1157 1124 1197 eam
1161 1143 1328 1198 radiis
1365 1144 1662 1199 abscondat
1687 1145 1822 1210 suis,

243 1246 364 1292 ,nec
414 1231 584 1294 videri
639 1231 875 1302 patiatur
917 1250 931 1284 :
983 1239 1126 1301 post,
1158 1233 1249 1286 ubi
1303 1231 1514 1302 longius
1536 1233 1823 1298 abscessit,

263 1331 387 1376 ante
420 1322 567 1377 illius
598 1309 776 1376 ortum
811 1309 1066 1390 paulatim
1098 1323 1378 1388 cadentem
1401 1309 1821 1394 ‘prospiciamus,

261 1413 405 1484 quod
439 1414 688 1483 pluribus
744 1412 939 1468 deinde
984 1413 1177 1470 diebus
1224 1415 1444 1469 accidit.
1477 1414 1519 1468 E
1547 1417 1824 1479 contrario

262 1520 385 1559 cum
418 1506 474 1560 in
499 1506 779 1560 occidente
809 1505 891 1560 sol
921 1511 1028 1570 est,
1057 1505 1361 1574 oppositam
1397 1506 1603 1568 habens
1630 1521 1661 1560 e
1707 1506 1825 1560 dia-

261 1605 434 1650 metro
465 1596 676 1650 stellam
706 1597 798 1666 qui
835 1604 917 1651 est
945 1611 1107 1651 verus
1156 1604 1310 1649 ortus
1353 1597 1524 1652 stellae
1559 1596 1824 1668 vesperti—

264 1704 406 1761 nus,
441 1689 698 1759 deinceps
727 1689 971 1744 eamdem
1009 1688 1286 1743 occultare
1321 1689 1517 1760 pergit,
1566 1690 1634 1744 ad
1682 1704 1826 1745 eam-

262 1795 369 1848 que
402 1779 660 1850 paulatim
691 1780 919 1850 adrepit.
956 1778 1140 1850 Itaque
1167 1787 1295 1835 ante
1322 1789 1535 1851 tempus
1561 1781 1694 1836 illud
1722 1797 1822 1851 op-

261 1871 551 1941 positionis
607 1862 855 1942 pluribus
905 1871 1102 1926 diebus
1159 1885 1414 1927 occasum
1474 1871 1586 1942 jam
1653 1872 1822 1928 solem

261 1973 454 2022 exortu
486 1981 585 2022 suo
621 1967 775 2022 stella
815 1974 1106 2022 consecuta
1141 1965 1336 2034 fuerat,
1369 1981 1531 2036 quem
1560 1980 1824 2037 apparen-

263 2064 372 2112 tem
403 2064 581 2116 ortum
611 2059 981 2127 vespertinum
1014 2058 1319 2112 nominant.

331 2147 471 2219 llinc
506 2147 650 2219 apud
693 2149 989 2218 scriptores
1019 2149 1180 2204 etiam
1209 2147 1354 2212 illos,
1389 2147 1483 2217 qui
1512 2147 1824 2203 uniusmodi

262 2240 386 2295 coeli
430 2241 688 2310 positum,
721 2239 1268 2310 observationemque
1301 2240 1474 2308 secuti
1523 2247 1673 2316 sunt,
1706 2240 1825 2310 plu-

262 2332 416 2387 ribus
443 2332 636 2387 diebus
666 2341 812 2394 ante.
842 2333 924 2387 vel
954 2340 1078 2402 post
1105 2338 1328 2387 exortus
1356 2347 1537 2395 veros,
1567 2345 1827 2394 occasus-

263 2439 369 2492 que
391 2461 407 2494 ,
432 2424 709 2479 stellarum
742 2424 934 2493 φᾲσεις
965 2429 1221 2478 notantur
1246 2441 1260 2478 :
1286 2423 1430 2494 quod
1451 2423 1529 2477 illi
1558 2437 1825 2492 apparen-

265 2523 345 2585 tes
375 2513 488 2569 fere
525 2515 826 2570 consectati
860 2521 1008 2571 sunt.
1040 2513 1170 2580 Quae
1193 2515 1317 2584 quia
1351 2529 1459 2568 non
1487 2530 1597 2568 uno
1629 2514 1718 2570 die
1763 2529 1828 2569 ac

263 2612 540 2675 momento
600 2606 888 2670 accidunt,
917 2606 1040 2659 ideo
1083 2605 1184 2674 sub
1216 2605 1404 2660 eadem
1443 2612 1686 2676 tempora
1715 2606 1828 2675 ple-

263 2710 498 2767 rumque
540 2703 880 2767 repetuntur,
928 2703 983 2751 et
1032 2696 1098 2750 ad
1153 2697 1270 2751 dies
1318 2703 1686 2766 propagentur
1728 2697 1829 2750 ali-

264 2797 418 2858 quot.
461 2787 567 2843 Sed
626 2789 682 2842 in
732 2788 800 2843 iis
847 2788 1200 2859 designandis
1241 2788 1550 2860 complures
1597 2788 1830 2844 obscure

265 2877 582 2948 loquuntur,
617 2891 680 2932 ac
708 2877 997 2947 perplexe;
1031 2881 1124 2948 qui
1166 2893 1266 2933 nec
1308 2885 1524 2932 ortuum
1580 2885 1634 2932 et
1671 2893 1830 2934 occa.-

265 2984 424 3025 suum
466 2977 730 3038 tempora,
761 2984 935 3038 neque
986 2968 1217 3039 speciem
1258 2977 1441 3037 aperte
1487 2968 1822 3039 signiﬁcant,

265 3074 330 3113 ac
355 3059 441 3114 vix
469 3060 796 3127 conjecturae
826 3059 1049 3114 lectoris
1080 3058 1176 3112 ulli
1209 3060 1342 3114 satis
1363 3058 1611 3113 idoneam
1640 3075 1830 3115 ansam

267 3149 517 3206 ollerunt.
553 3150 741 3220 Itaque
764 3168 867 3207 usu
903 3167 966 3206 ac
989 3151 1198 3220 judicio
1227 3151 1546 3221 cumprimis
1579 3168 1718 3222 opus
1746 3160 1831 3209 est

266 3242 336 3296 ad
371 3256 435 3296 ea
468 3241 920 3308 discernenda,in
956 3242 1155 3312 quibus
1192 3243 1272 3296 vel
1303 3243 1471 3306 nulla,
1507 3243 1591 3298 vel
1633 3244 1828 3314 exigua

266 3331 333 3385 ad
358 3329 822 3401 pronuntiandum
876 3331 1093 3400 φάσεων
1127 3347 1300 3402 genus
1346 3344 1664 3404 argumenta
1700 3348 1831 3404 sup-

265 3430 476 3496 petunt.
519 3423 744 3478 A'ccedit
793 3424 1037 3478 locorum
1084 3407 1475 3494 regionumque
1521 3423 1827 3491 diversitas,

267 3516 325 3571 in
356 3515 556 3586 quibus
603 3524 758 3572 ortus
805 3523 859 3570 et
887 3529 1118 3570 occasus
1159 3516 1238 3569 illi
1274 3516 1506 3584 ﬁebant;
1543 3516 1699 3586 cujus
1731 3533 1829 3571 va-

265 3607 478 3662 rietatis
503 3613 752 3662 auctores
775 3620 917 3675 saepe
943 3605 1156 3660 ratione
1173 3605 1355 3660 habita
1381 3607 1554 3671 nulla,
1573 3622 1694 3679 quae
1709 3607 1831 3662 aliis

269 3706 430 3768 atque
459 3699 580 3753 aliis
612 3697 898 3753 observata
931 3705 1059 3752 sunt
1087 3697 1223 3752 locis
1264 3712 1328 3752 ac
1371 3699 1703 3768 temporibus
1731 3713 1832 3753 nec

270 3792 463 3847 iisdem
489 3806 555 3846 ex
583 3791 1058 3861 parapegmatibus
1083 3788 1355 3855 confecta,
1393 3791 1726 3860 permiscent
1751 3790 1834 3846 in—.

270 3885 442 3938 vicem
476 3900 489 3936 :
518 3898 638 3952 quae
673 3899 763 3939 res
787 3896 1080 3948 morosam,
1115 3897 1178 3935 ac
1202 3881 1585 3952 propemodum
1612 3881 1834 3937 inextri-

272 3974 504 4028 cabilem
531 3974 758 4028 istarum
788 3989 972 4028 rerum
1001 3974 1469 4044 investigationem
1507 3973 1656 4029 facit.

344 4064 452 4120 Sed
480 4075 540 4119 ut
572 4065 626 4118 in
662 4065 729 4120 iis
758 4066 1120 4136 inquirendis,
1146 4064 1325 4136 quoad
1353 4065 1468 4119 ﬁeri
1492 4072 1688 4135 potest,
1715 4080 1836 4120 cer-

275 4168 381 4214 tam
419 4159 629 4214 tirones
671 4159 815 4214 viam
848 4169 1067 4216 teneant
1099 4176 1163 4216 ac
1203 4161 1445 4231 regulam
1467 4201 1482 4225 ,
1528 4161 1651 4228 hoe,
1688 4160 1831 4231 quod

275 4252 437 4315 paulo
466 4263 592 4306 ante
628 4251 886 4316 diximus,
939 4253 1342 4319 animadverso,
1386 4254 1643 4308 nimirum
1679 4240 1838 4324 appa-

276 4353 459 4400 rentes
493 4345 674 4413 potius
706 4344 920 4413 φάσεις,
953 4360 1117 4415 quam
1155 4361 1335 4410 veras,
1369 4347 1438 4400 ab
1473 4348 1834 4416 scriptoribus

277 4435 520 4490 adhiberi
569 4453 584 4490 :
630 4442 746 4490 tum
795 4451 860 4490 eo
907 4451 1148 4506 quoque,
1183 4445 1507 4508 apparentes
1568 4446 1720 4493 ortus
1780 4447 1836 4493 et

1934 602 1980 657 si
2021 610 2233 672 tempus
2266 601 2569 673 ὁλοσχερῶς
2595 601 2976 656 tantummodo
3018 603 3350 658 declaratum
3382 602 3500 659 fue-

1931 693 2026 754 rit,
2093 708 2160 746 ει
2217 701 2472 746 contextu
2521 693 2786 748 orationis
2835 693 2954 763 ipso
2990 693 3340 748 divinandum
3373 696 3500 760 erit,

1929 798 2055 838 cum
2093 798 2157 838 ea
2195 784 2451 838 cautione
2495 791 2556 837 ut
2580 799 2647 838 ex
2674 785 2892 840 duobus
2928 785 3249 855 propinquis
3286 785 3501 841 ortibus

1929 881 1984 929 et
2012 875 2319 940 occasibus,
2335 884 2684 946 apparentem
2709 877 2892 947 potius
2913 877 3080 946 eligas
3101 892 3262 946 quam
3288 893 3498 942 verum,

1928 965 2036 1020 nisi
2085 971 2336 1034 uterque,
2373 966 2518 1035 quod
2569 967 2751 1021 rarius
2797 977 2901 1026 est,
2939 969 3006 1020 ab
3051 967 3319 1037 scriptore
3348 983 3502 1022 com-

1927 1055 2256 1123 prehensum
2287 1055 2487 1122 fuerit;
2522 1063 2635 1110 tum
2657 1057 2805 1112 enim
2842 1066 3023 1112 utrum
3059 1066 3182 1113 utro
3213 1061 3364 1129 prius
3403 1060 3496 1124 sit,

1929 1161 1995 1200 ex
2034 1147 2102 1202 iis
2144 1163 2266 1217 quae
2313 1148 2475 1218 paulo
2506 1162 2672 1218 supra
2708 1150 3170 1220 praeseripsimus,
3202 1151 3502 1208 observan-

1927 1235 2055 1290 dum
2090 1238 2213 1290 erit.

2001 1325 2059 1381 Si
2111 1336 2232 1382 ortu
2272 1329 2355 1384 vel
2387 1343 2590 1386 occasu
2643 1335 2924 1401 utcunque
2961 1339 3242 1401 concepto,
3267 1333 3334 1387 de
3362 1338 3502 1387 tem-

1925 1433 2056 1488 pore
2113 1420 2429 1490 conjectura
2472 1421 2716 1476 facienda
2755 1429 2860 1486 est,
2899 1438 2968 1477 ex
3027 1422 3268 1476 auctoris
3316 1421 3502 1476 verbis

1929 1509 2233 1578 colligenda
2290 1510 2499 1580 species
2546 1516 2830 1565 est.ortus
2877 1511 3050 1580 ipsius
3098 1517 3191 1564 aut
3233 1524 3496 1576 occasus;

1923 1605 2112 1668 postea
2138 1608 2396 1668 punctum
2429 1597 2637 1653 zodiaci
2687 1613 2811 1652 cum
2858 1600 3014 1654 stella
3041 1599 3247 1663 oriens,
3283 1599 3370 1653 vel
3398 1597 3497 1653 de-

1925 1691 2212 1758 scendens,
2247 1691 2304 1746 in
2331 1690 2657 1746 Kalendario
2687 1691 3102 1761 requirendum;
3133 1691 3349 1745 demum
3377 1689 3494 1746 veri

1926 1796 1997 1837 an
2031 1783 2343 1853 apparentis
2375 1789 2590 1855 tempus
2623 1784 2715 1848 sit,
2751 1783 2961 1849 itidem,
3008 1791 3067 1836 ut
3114 1796 3301 1852 supra,
3355 1782 3491 1837 deli-

1852 1852 1895 1907 Β
1921 1852 2248 1930 berandum.

1992 1962 2058 2017 ln‘
2089 1963 2177 2018 his
2221 1961 2396 2018 stellis
2425 1976 2564 2032 quas
2588 1960 2912 2016 laterculum
2943 1967 3188 2014 nostrum
3218 1957 3504 2029 superiore

1923 2054 2084 2118 libro,
2118 2055 2299 2126 capite
2326 2066 2517 2110 octavo
2565 2053 2833 2116 continet,
2867 2051 3108 2107 laborem
3139 2052 3284 2106 hunc
3317 2051 3500 2107 suble-

1922 2155 2054 2200 vant
2088 2160 2350 2216 expressa
2379 2155 2598 2199 ortuum
2629 2143 2871 2198 omnium
2930 2156 3335 2214 occasuumque
3380 2154 3500 2194 mo-

1923 2245 2127 2298 menta.
2156 2235 2357 2292 Verum
2408 2236 2701 2306 quoniam,
2740 2243 2801 2287 ut
2855 2234 3100 2304 proxime
3151 2230 3505 2287 antecedente

1925 2328 2105 2398 capite
2167 2326 2374 2400 dictum
2445 2335 2550 2391 est,
2606 2325 2848 2382 nondum
2905 2324 3115 2395 liquido
3177 2330 3508 2394 apparentes

1925 2428 2079 2476 ortus
2108 2426 2164 2474 et
2193 2433 2425 2474 occasus
2480 2419 2869 2481 astronomico,
2901 2431 3064 2486 quem
3096 2415 3169 2470 ibi
3211 2415 3500 2486 persequi-

1925 2525 2071 2574 mur,
2102 2510 2339 2580 calculod
2361 2509 2758 2575 conﬁciuntur,
2791 2509 2998 2564 idcirco
3027 2509 3120 2578 qui
3163 2508 3230 2562 ab
3269 2507 3503 2562 auctori-

1926 2605 2031 2663 bus
2079 2603 2396 2658 indicantur
2445 2609 2600 2659 ortus
2623 2610 2677 2658 et
2708 2617 2963 2665 occasus,
2998 2605 3161 2671 prout
3189 2598 3386 2668 exiguo
3416 2597 3502 2651 in-

1929 2695 2157 2751 tervallo
2200 2693 2284 2748 sui
2335 2709 2607 2764 quemque
2651 2692 2870 2763 generis
2917 2700 3094 2746 ortum
3136 2703 3503 2756 occasumquo

1927 2793 2175 2842 limatum
2218 2786 2274 2839 in
2303 2785 2492 2838 tabula
2535 2791 2904 2850 antevortunt,
2933 2788 3028 2836 aut
3069 2785 3394 2851 sequuntur,
3426 2780 3504 2834 ita

1927 2877 2102 2932 eidem
2149 2874 2457 2929 ascribendi
2505 2881 2654 2929 sunt.
3034 2915 3041 2921 .

2001 2966 2272 3033 Quoniam
2302 2981 2430 3021 vero
2459 2965 2694 3020 diversis
2712 2980 2742 3020 e
2771 2962 3268 3035 parapegmatibus,
3290 2961 3395 3015 hoc
3420 2966 3505 3014 est

1929 3059 2154 3124 Italicis,
2209 3056 2414 3114 Graecis
2462 3066 2516 3112 et
2558 3055 2920 3127 Egyptiacis,
2950 3063 3044 3109 aut
3093 3053 3504 3123 interjectarum

1854 3184 1899 3244 Ο
1929 3147 2232 3220 regionum,
2283 3147 2405 3202 sine
2449 3147 2563 3201 ullo
2603 3145 2878 3200 interdum
2912 3143 3254 3206 discrimine,
3287 3157 3408 3212 quae
3436 3140 3506 3195 de

1931 3240 2103 3296 stellis
2129 3238 2392 3303 referunt,
2425 3238 2723 3308 scriptorcs
2755 3237 3090 3296 hauserunt;
3134 3235 3261 3289 hinc
3297 3232 3505 3302 judicio

1931 3331 1998 3385 ad
2026 3346 2089 3386 ea
2128 3331 2492 3386 discernenda
2519 3345 2659 3400 opus
2692 3336 2800 3396 est,
2838 3339 2890 3385 et
2914 3329 2972 3382 in
3007 3327 3202 3389 stellis,
3231 3340 3367 3395 quas
3401 3325 3500 3378 de-

1930 3420 2275 3491 scripsimus,
2303 3419 2373 3474 ad
2409 3427 2703 3489 utrumque
2731 3419 2856 3473 coeli
2900 3419 3162 3488 positum,
3192 3415 3420 3470 Romani
3449 3423 3506 3470 et

1929 3511 2304 3579 Alexandrini,
2361 3509 2657 3566 tentandus
2710 3517 2794 3566 est
2836 3509 3130 3564 calculus:
3181 3517 3504 3562 cancrorum

1932 3608 2206 3657 tractuum
2237 3609 2517 3671 utcunque
2544 3617 2610 3656 ex
2645 3601 2755 3655 illis
2785 3600 2925 3654 ratio
2955 3597 3251 3654 constabit.

2001 3693 2093 3748 Sic
2114 3693 2170 3760 in
2199 3691 2568 3750 anterioribus
2617 3691 2700 3746 vel
2722 3691 3119 3761 posterioribus
3145 3690 3362 3743 Juliana
3391 3687 3505 3743 edi-

1930 3789 2081 3844 tione
2100 3787 2336 3853 saaculis,
2365 3785 2555 3857 paucis
2587 3785 2701 3840 illic
2729 3784 2842 3840 fere
2871 3783 3160 3849 detractis;
3197 3783 3282 3837 hic
3308 3779 3506 3836 additis

1933 3881 2002 3936 ad
2060 3877 2277 3938 Iuliano
2322 3878 2556 3949 tempori
2596 3885 2984 3947 congruentem
3031 3875 3250 3930 modum
3296 3860 3504 3938 diebus,

1932 3983 2085 4029 ortus
2148 3988 2489 4044 occasusque
2554 3973 2837 4028 stellarum
2904 3970 3378 4040 investigabimus.
3443 3968 3505 4024 In

1933 4065 2133 4135 quibus
2158 4065 2414 4119 omnibus
2441 4066 2618 4119 otiosa
2654 4071 2738 4118 est
2771 4063 2936 4118 nimis
2987 4073 3243 4116 accurata
3269 4061 3506 4131 diligen-

1933 4156 2031 4220 tia,
2086 4157 2200 4212 imo.
2227 4157 2413 4220 stulta,
2447 4171 2570 4210 cum
2599 4171 2666 4210 ne
2698 4163 2952 4210 auctores
2982 4155 3199 4224 quidem
3225 4153 3337 4217 illi,
3366 4167 3506 4222 quos

1935 4247 2155 4316 assequi
2174 4246 2704 4313 studemus,tantam
2733 4247 2790 4300 in
2827 4261 2892 4302 ea
2925 4245 3028 4301 sibi
3055 4260 3114 4298 re
3137 4244 3502 4314 prteSIandam

1936 4341 2266 4411 putaverint.

2006 4431 2180 4487 Nimis
2213 4446 2277 4486 ea
2320 4429 2511 4500 jejune
2548 4444 2614 4485 ac
2656 4443 2852 4500 parum
2891 4427 3100 4481 utiliter
3143 4425 3510 4496 praescribun-

276 4544 506 4584 occasus
539 4530 836 4584 matutinos
879 4529 1212 4598 posteriores
1248 4545 1370 4585 esse
1413 4531 1593 4597 veris';
1627 4532 1831 4602 priores

1943 4534 2050 4587 tur,
2081 4523 2189 4578 nisi
2240 4522 2504 4592 exemplis
2553 4536 2702 4576 usus.
2743 4519 2962 4574 illorum
3013 4518 3292 4588 aperiatur
3322 4536 3334 4571 :
3362 4515 3510 4586 quod

278 4630 460 4677 autem
495 4631 818 4692 apparentes
851 4629 1006 4678 οτῑυε
1033 4629 1086 4678 et
1125 4637 1360 4679 occasus
1404 4639 1529 4679 esse
1573 4625 1841 4694 vesperti-

277 4731 380 4771 nos
426 4730 588 4786 quam
647 4731 807 4771 veros
841 4735 855 4770 :
884 4716 996 4780 his,
1050 4716 1297 4787 inquam,
1337 4717 1588 4787 cognitis,
1626 4717 1840 4772 ratione

276 4808 508 4880 quadam
555 4807 706 4877 quod
728 4809 981 4863 volumus
1023 4822 1397 4878 assequemur.
1432 4807 1706 4879 Imprimis
1740 4810 1842 4880 igi-

277 4910 368 4956 tur
407 4899 617 4955 zodiacl
661 4906 943 4969 punctum,
967 4915 1076 4970 quo
1109 4913 1233 4953 cum
1258 4897 1536 4968 proposita
1569 4899 1724 4953 stella
1746 4915 1840 4954 su-

277 5001 376 5057 pra
424 4986 677 5056 infraque
737 4986 1078 5041 horizontem
1138 4987 1405 5056 pervenit,
1455 5002 1522 5041 ex
1577 4987 1841 5044 laterculo

277 5084 499 5143 nostro,
534 5079 641 5142 vel,
686 5078 734 5134 si
771 5079 824 5132 in
851 5093 918 5134 eo
949 5093 1061 5133 non
1091 5079 1405 5133 continetur
1429 5117 1444 5141 ,
1483 5093 1548 5133 ex
1584 5080 1841 5135 methodo

279 5182 552 5222 canonum
585 5168 871 5238 explorare
920 5168 1192 5224 convenit.
1252 5167 1478 5235 Deinde,
1531 5169 1576 5224 si
1631 5179 1841 5225 certum

282 5256 410 5310 anni
449 5263 664 5328 tempus
715 5257 783 5312 ab
842 5265 1067 5312 auctore
1105 5256 1416 5320 deﬁniatur,
1454 5256 1682 5326 gradum
1705 5258 1841 5311 ecli-

279 5348 439 5419 pticte
471 5349 946 5414 συνανατέλλοντα,
977 5349 1064 5404 vel
1098 5347 1536 5417 συγκαταδύοντοι
1569 5347 1758 5404 confer
1787 5350 1844 5404 in

281 5436 662 5493 Kalendarium
680 5437 978 5504 Julianum,
1006 5439 1063 5493 in
1095 5453 1266 5508 eoque
1290 5439 1567 5494 caelestem
1602 5452 1842 5493 mensem

280 5531 532 5594 observa,
555 5531 643 5584 cui
660 5530 863 5601 gradus
885 5531 974 5586 ille
996 5530 1277 5600 competit.
1308 5529 1365 5584 Si
1395 5529 1514 5585 dies
1537 5529 1605 5584 ab
1623 5537 1846 5584 auctore

283 5622 357 5678 sit
401 5638 716 5693 expressus,
761 5623 1013 5694 idemque
1040 5639 1166 5679 cum
1215 5623 1434 5678 invento
1467 5623 1565 5676 abs
1590 5629 1643 5677 te
1671 5621 1845 5692 gradu

282 5714 613 5778 consentiat,
669 5721 848 5769 ortum
905 5728 1026 5770 esse
1061 5713 1394 5775 cosmieum,
1448 5710 1531 5764 vel
1588 5724 1845 5766 occasum

283 5805 649 5877 acronychum
701 5803 992 5877 intelliges.
1039 5801 1133 5871 Sin
1172 5801 1420 5874 opposita
1467 5802 1523 5856 in
1556 5808 1710 5872 parte
1750 5800 1842 5864 sit,

1940 4618 2029 4672 hic
2065 4618 2119 4671 in
2149 4617 2338 4687 paucis
2367 4615 2434 4669 ad
2461 4614 2693 4668 aliorum
2718 4613 2996 4682 specimen
3035 4611 3402 4679 experiemur.
3430 4608 3506 4662 De

1943 4709 2086 4764 Sirio
2138 4716 2192 4762 et
2237 4706 2494 4776 Vergiliis
2546 4706 2703 4775 plura
2761 4703 3120 4774 sequentibus
3146 4701 3417 4772 capitibus
3443 4713 3510 4753 ex

1941 4801 2195 4857 instituto
2247 4799 2514 4861 dicemus.
2559 4796 2748 4866 Itaque
2798 4795 2994 4850 horum
3049 4794 3211 4848 modo
3249 4791 3511 4862 exemplis

1941 4889 2358 4946 abstinebimus.

2009 4979 2304 5035 Arcturum
2349 4977 2756 5048 Theophrastus
2808 4976 2864 5030 in
2912 4975 3007 5031 lib.
3033 4973 3110 5035 IV
3143 4973 3290 5028 Hist.
3315 4973 3510 5041 plant.,

1942 5087 2061 5144 cap.
2106 5069 2201 5124 Xll
2245 5069 2627 5125 Boedromioni
2679 5070 2911 5137 imputat
2946 5086 2960 5122 :
3001 5080 3104 5121 nec
3155 5065 3223 5120 de
3261 5071 3407 5126 ortu,
3443 5079 3514 5117 an

1941 5178 2141 5220 occasu
2174 5162 2447 5231 loquatur,
2491 5161 2715 5218 indicat.
2750 5159 2858 5230 Τὴν
2891 5158 2947 5211 δὲ
2987 5157 3155 5229 τομὴν
3182 5155 3387 5227 ὡραίαν
3418 5154 3515 5222 (ait

1943 5252 2011 5308 de
2063 5250 2272 5304 calamo
2303 5249 2496 5321 tibiali)
2543 5249 2648 5320 πρὸ
2683 5246 3036 5316 Ἀντιγενίδου
3081 5246 3198 5316 μὲν,
3235 5242 3373 5314 ἡνίκ’
3417 5239 3516 5312 ηὕ-

1942 5346 2066 5400 λουν
2086 5343 2392 5409 ἀπλάστως,
2427 5345 2518 5398 ὑπ’
2542 5342 2870 5416 Ἀρκτούρῳ,
2901 5336 3304 5411 Βοηδρομιῶνος
3327 5334 3512 5405 μηνός.

1948 5455 1968 5490 ι
2003 5436 2147 5492 ϐαεᾶί
2176 5436 2498 5505 tempestive
2524 5435 2739 5498 solitas,
2773 5447 2952 5502 usque
2992 5430 3062 5484 ad
3107 5426 3510 5497 Antigenidem,

1945 5544 2070 5584 cum
2102 5528 2282 5583 adhuc
2308 5527 2616 5598 simplicius
2641 5527 2774 5581 tibia
2798 5531 3102 5586 uterentur,
3123 5520 3225 5577 sub
3251 5519 3512 5580 Arcturo,

1946 5635 2134 5682 mense
2183 5617 2599 5674 Boedromione.
2643 5637 2661 5669 ›
2700 5617 2774 5672 De
2804 5623 2928 5670 ortu
2977 5623 3159 5668 tamen
3213 5609 3514 5680 intelligen-

1946 5709 2075 5764 dum
2107 5722 2249 5772 esse,
2277 5706 2571 5778 persuadet
2604 5705 2804 5776 gradus
2838 5703 3096 5774 Virginis,
3122 5717 3232 5773 quo
3262 5714 3386 5755 cum
3417 5696 3516 5752 Ju-

1946 5801 2092 5857 liano
2114 5800 2314 5856 saeculo
2335 5813 2498 5869 supra
2523 5797 2788 5854 ﬂnitorem
2815 5795 3180 5861 attollebatur,
3202 5806 3392 5858 nempe
3425 5790 3510 5854 14.
