  <div class='ocr_page' id='page_1' title='image "/cluster/home/n/w/nwhite01/storage/ocr_20150623/19/nnc1.0037127454/707.png"; bbox 0 0 4022 6398; ppageno 0'>
   <div class='ocr_carea' id='block_1_1' title="bbox 540 391 669 447">
    <p class='ocr_par' dir='ltr' id='par_1_1' title="bbox 540 391 669 447">
     <span class='ocr_line' id='line_1_1' title="bbox 540 391 669 447; baseline -0.008 -1"><span class='ocrx_word' id='word_1_1' title='bbox 540 391 669 447; x_wconf 74' lang='grc'><strong>1571</strong></span> 
     </span>
    </p>
   </div>
   <div class='ocr_carea' id='block_1_2' title="bbox 539 507 2178 586">
    <p class='ocr_par' dir='ltr' id='par_1_2' title="bbox 539 507 2178 586">
     <span class='ocr_line' id='line_1_2' title="bbox 539 507 2178 586; baseline 0.005 -24"><span class='ocrx_word' id='word_1_2' title='bbox 539 507 671 563; x_wconf 87' lang='lat' dir='ltr'><strong>Item</strong></span> <span class='ocrx_word' id='word_1_3' title='bbox 693 507 762 562; x_wconf 86' lang='lat' dir='ltr'><strong>de</strong></span> <span class='ocrx_word' id='word_1_4' title='bbox 792 507 1000 565; x_wconf 80' lang='lat' dir='ltr'><strong>heliaco</strong></span> <span class='ocrx_word' id='word_1_5' title='bbox 1033 519 1088 566; x_wconf 89' lang='lat' dir='ltr'><strong>et</strong></span> <span class='ocrx_word' id='word_1_6' title='bbox 1117 523 1415 582; x_wconf 88' lang='lat' dir='ltr'><strong>apparente</strong></span> <span class='ocrx_word' id='word_1_7' title='bbox 1443 513 1594 584; x_wconf 82' lang='lat' dir='ltr'><strong>loqui</strong></span> <span class='ocrx_word' id='word_1_8' title='bbox 1621 517 1968 586; x_wconf 70' lang='lat' dir='ltr'><strong>perSpicuum</strong></span> <span class='ocrx_word' id='word_1_9' title='bbox 1999 526 2102 579; x_wconf 92' lang='lat' dir='ltr'><strong>est,</strong></span> <span class='ocrx_word' id='word_1_10' title='bbox 2133 524 2178 580; x_wconf 76' lang='grc' dir='ltr'><strong>Α</strong></span> 
     </span>
    </p>
   </div>
   <div class='ocr_carea' id='block_1_3' title="bbox 539 603 2107 676">
    <p class='ocr_par' dir='ltr' id='par_1_3' title="bbox 539 603 2107 676">
     <span class='ocr_line' id='line_1_3' title="bbox 539 603 2107 676; baseline 0.003 -18"><span class='ocrx_word' id='word_1_11' title='bbox 539 612 653 658; x_wconf 91' lang='lat' dir='ltr'><strong>tum</strong></span> <span class='ocrx_word' id='word_1_12' title='bbox 681 603 829 673; x_wconf 87' lang='lat' dir='ltr'><strong>quod</strong></span> <span class='ocrx_word' id='word_1_13' title='bbox 854 613 1178 674; x_wconf 76' lang='lat' dir='ltr'><strong>apparentes</strong></span> <span class='ocrx_word' id='word_1_14' title='bbox 1202 607 1409 675; x_wconf 92' lang='lat' dir='ltr'><strong>potius,</strong></span> <span class='ocrx_word' id='word_1_15' title='bbox 1441 623 1605 676; x_wconf 90' lang='lat' dir='ltr'><strong>quam</strong></span> <span class='ocrx_word' id='word_1_16' title='bbox 1638 622 1797 662; x_wconf 85' lang='lat' dir='ltr'><strong>veros</strong></span> <span class='ocrx_word' id='word_1_17' title='bbox 1824 609 1893 662; x_wconf 89' lang='lat' dir='ltr'><strong>ab</strong></span> <span class='ocrx_word' id='word_1_18' title='bbox 1919 618 2107 662; x_wconf 80' lang='lat' dir='ltr'><strong>aucto-</strong></span> 
     </span>
    </p>
   </div>
   <div class='ocr_carea' id='block_1_4' title="bbox 535 695 2108 771">
    <p class='ocr_par' dir='ltr' id='par_1_4' title="bbox 535 695 2108 771">
     <span class='ocr_line' id='line_1_4' title="bbox 535 695 2108 771; baseline 0.004 -23"><span class='ocrx_word' id='word_1_19' title='bbox 535 695 694 750; x_wconf 89' lang='lat' dir='ltr'><strong>ribus</strong></span> <span class='ocrx_word' id='word_1_20' title='bbox 727 695 1019 749; x_wconf 89' lang='lat' dir='ltr'><strong>memorari</strong></span> <span class='ocrx_word' id='word_1_21' title='bbox 1048 695 1309 762; x_wconf 78' lang='lat' dir='ltr'><strong>diximus,</strong></span> <span class='ocrx_word' id='word_1_22' title='bbox 1355 706 1470 752; x_wconf 90' lang='lat' dir='ltr'><strong>tum</strong></span> <span class='ocrx_word' id='word_1_23' title='bbox 1501 699 1648 768; x_wconf 91' lang='lat' dir='ltr'><strong>quod</strong></span> <span class='ocrx_word' id='word_1_24' title='bbox 1683 701 1737 753; x_wconf 91' lang='lat' dir='ltr'><strong>in</strong></span> <span class='ocrx_word' id='word_1_25' title='bbox 1770 699 2010 771; x_wconf 75' lang='lat' dir='ltr'><strong>Virginis</strong></span> <span class='ocrx_word' id='word_1_26' title='bbox 2037 701 2108 754; x_wconf 73' lang='lat'><strong>27</strong></span> 
     </span>
    </p>
   </div>
   <div class='ocr_carea' id='block_1_5' title="bbox 1528 399 2743 459">
    <p class='ocr_par' dir='ltr' id='par_1_5' title="bbox 1528 399 2743 459">
     <span class='ocr_line' id='line_1_5' title="bbox 1528 399 2743 459; baseline 0.004 -5"><span class='ocrx_word' id='word_1_27' title='bbox 1528 399 1620 454; x_wconf 84' lang='lat' dir='ltr'><strong>AD</strong></span> <span class='ocrx_word' id='word_1_28' title='bbox 1657 399 1926 456; x_wconf 75' lang='lat' dir='ltr'><strong>EUSEBH</strong></span> <span class='ocrx_word' id='word_1_29' title='bbox 1949 400 2345 458; x_wconf 82' lang='lat' dir='ltr'><strong>CHRONICON</strong></span> <span class='ocrx_word' id='word_1_30' title='bbox 2386 401 2743 459; x_wconf 77' lang='lat' dir='ltr'><strong>APPENDIX.</strong></span> 
     </span>
    </p>
   </div>
   <div class='ocr_carea' id='block_1_6' title="bbox 3653 401 3837 458">
    <p class='ocr_par' dir='ltr' id='par_1_6' title="bbox 3653 401 3837 458">
     <span class='ocr_line' id='line_1_6' title="bbox 3653 401 3837 458; baseline -0.011 0"><span class='ocrx_word' id='word_1_31' title='bbox 3653 401 3837 458; x_wconf 65' lang='lat'><strong>1573</strong></span> 
     </span>
    </p>
   </div>
   <div class='ocr_carea' id='block_1_7' title="bbox 2277 514 3826 589">
    <p class='ocr_par' dir='ltr' id='par_1_7' title="bbox 2277 514 3826 589">
     <span class='ocr_line' id='line_1_7' title="bbox 2277 514 3826 589; baseline 0.002 -18"><span class='ocrx_word' id='word_1_32' title='bbox 2277 517 2534 589; x_wconf 77' lang='lat' dir='ltr'><strong>Polybius</strong></span> <span class='ocrx_word' id='word_1_33' title='bbox 2572 517 2740 574; x_wconf 46' lang='lat' dir='ltr'><strong>libi-1</strong></span> <span class='ocrx_word' id='word_1_34' title='bbox 2786 515 2977 572; x_wconf 89' lang='lat' dir='ltr'><strong>scribit</strong></span> <span class='ocrx_word' id='word_1_35' title='bbox 3005 514 3304 572; x_wconf 80' lang='lat' dir='ltr'><strong>&#39;Romanos</strong></span> <span class='ocrx_word' id='word_1_36' title='bbox 3357 515 3426 572; x_wconf 87' lang='lat' dir='ltr'><strong>in&#39;</strong></span> <span class='ocrx_word' id='word_1_37' title='bbox 3466 517 3738 572; x_wconf 76' lang='lat' dir='ltr'><strong>Africam</strong></span> <span class='ocrx_word' id='word_1_38' title='bbox 3796 535 3826 574; x_wconf 83' lang='grc' dir='ltr'>ε</span> 
     </span>
    </p>
   </div>
   <div class='ocr_carea' id='block_1_8' title="bbox 2215 606 3824 679">
    <p class='ocr_par' dir='ltr' id='par_1_8' title="bbox 2215 606 3824 679">
     <span class='ocr_line' id='line_1_8' title="bbox 2215 606 3824 679; baseline 0.001 -17"><span class='ocrx_word' id='word_1_39' title='bbox 2215 609 2400 664; x_wconf 82' lang='lat' dir='ltr'><strong>Sicilia</strong></span> <span class='ocrx_word' id='word_1_40' title='bbox 2435 610 2718 679; x_wconf 72' lang='lat' dir='ltr'><strong>traiecisse</strong></span> <span class='ocrx_word' id='word_1_41' title='bbox 2753 610 2894 664; x_wconf 88' lang='lat' dir='ltr'><strong>inter</strong></span> <span class='ocrx_word' id='word_1_42' title='bbox 2925 616 3103 663; x_wconf 90' lang='lat' dir='ltr'><strong>ortum</strong></span> <span class='ocrx_word' id='word_1_43' title='bbox 3140 606 3354 664; x_wconf 84' lang='lat' dir='ltr'><strong>Orionis</strong></span> <span class='ocrx_word' id='word_1_44' title='bbox 3398 619 3453 665; x_wconf 91' lang='lat' dir='ltr'><strong>et</strong></span> <span class='ocrx_word' id='word_1_45' title='bbox 3501 609 3671 673; x_wconf 85' lang='lat' dir='ltr'><strong>Sirii,</strong></span> <span class='ocrx_word' id='word_1_46' title='bbox 3717 611 3824 663; x_wconf 81' lang='lat' dir='ltr'><strong>in-</strong></span> 
     </span>
    </p>
   </div>
   <div class='ocr_carea' id='block_1_9' title="bbox 2210 698 3824 771">
    <p class='ocr_par' dir='ltr' id='par_1_9' title="bbox 2210 698 3824 771">
     <span class='ocr_line' id='line_1_9' title="bbox 2210 698 3824 771; baseline -0.001 -18"><span class='ocrx_word' id='word_1_47' title='bbox 2210 701 2500 755; x_wconf 89' lang='lat' dir='ltr'><strong>commoda</strong></span> <span class='ocrx_word' id='word_1_48' title='bbox 2554 708 2894 771; x_wconf 78' lang='lat' dir='ltr'><strong>tempestate.</strong></span> <span class='ocrx_word' id='word_1_49' title='bbox 2948 698 3138 753; x_wconf 87' lang='lat' dir='ltr'><strong>Ortum</strong></span> <span class='ocrx_word' id='word_1_50' title='bbox 3187 700 3472 770; x_wconf 86' lang='lat' dir='ltr'><strong>utrobique</strong></span> <span class='ocrx_word' id='word_1_51' title='bbox 3525 701 3824 769; x_wconf 79' lang='lat' dir='ltr'><strong>intelligit</strong></span> 
     </span>
    </p>
   </div>
   <div class='ocr_carea' id='block_1_10' title="bbox 536 785 3824 856">
    <p class='ocr_par' dir='ltr' id='par_1_10' title="bbox 536 785 3824 856">
     <span class='ocr_line' id='line_1_10' title="bbox 536 785 3824 856; baseline 0.002 -17"><span class='ocrx_word' id='word_1_52' title='bbox 536 785 761 854; x_wconf 85' lang='lat' dir='ltr'><strong>gradum</strong></span> <span class='ocrx_word' id='word_1_53' title='bbox 802 785 1041 843; x_wconf 83' lang='lat' dir='ltr'><strong>incidere</strong></span> <span class='ocrx_word' id='word_1_54' title='bbox 1075 787 1324 845; x_wconf 78' lang='lat' dir='ltr'><strong>videmus</strong></span> <span class='ocrx_word' id='word_1_55' title='bbox 1382 791 1651 846; x_wconf 89' lang='lat' dir='ltr'><strong>heliacum</strong></span> <span class='ocrx_word' id='word_1_56' title='bbox 1693 798 1898 856; x_wconf 89' lang='lat' dir='ltr'><strong>ortum,</strong></span> <span class='ocrx_word' id='word_1_57' title='bbox 1936 793 1990 847; x_wconf 91' lang='lat' dir='ltr'><strong>id</strong></span> <span class='ocrx_word' id='word_1_58' title='bbox 2021 801 2108 848; x_wconf 90' lang='lat' dir='ltr'><strong>est</strong></span> <span class='ocrx_word' id='word_1_59' title='bbox 2199 790 2505 845; x_wconf 77' lang='lat' dir='ltr'><strong>heliacum.</strong></span> <span class='ocrx_word' id='word_1_60' title='bbox 2535 790 2670 844; x_wconf 88' lang='lat' dir='ltr'><strong>Nam</strong></span> <span class='ocrx_word' id='word_1_61' title='bbox 2705 789 2883 845; x_wconf 88' lang='lat' dir='ltr'><strong>Sirius</strong></span> <span class='ocrx_word' id='word_1_62' title='bbox 2912 789 3218 846; x_wconf 85' lang='lat' dir='ltr'><strong>Leontonos</strong></span> <span class='ocrx_word' id='word_1_63' title='bbox 3251 805 3365 853; x_wconf 79' lang='lat' dir='ltr'><strong>vttt,</strong></span> <span class='ocrx_word' id='word_1_64' title='bbox 3408 792 3642 846; x_wconf 85' lang='lat' dir='ltr'><strong>ineunte</strong></span> <span class='ocrx_word' id='word_1_65' title='bbox 3689 792 3824 843; x_wconf 74' lang='lat' dir='ltr'><strong>Au-</strong></span> 
     </span>
    </p>
   </div>
   <div class='ocr_carea' id='block_1_11' title="bbox 535 878 2105 952">
    <p class='ocr_par' dir='ltr' id='par_1_11' title="bbox 535 878 2105 952">
     <span class='ocr_line' id='line_1_11' title="bbox 535 878 2105 952; baseline 0.005 -22"><span class='ocrx_word' id='word_1_66' title='bbox 535 891 725 932; x_wconf 86' lang='lat' dir='ltr'><strong>verum</strong></span> <span class='ocrx_word' id='word_1_67' title='bbox 753 888 806 932; x_wconf 92' lang='lat' dir='ltr'><strong>et</strong></span> <span class='ocrx_word' id='word_1_68' title='bbox 830 878 1154 936; x_wconf 90' lang='lat' dir='ltr'><strong>cosmicum.</strong></span> <span class='ocrx_word' id='word_1_69' title='bbox 1184 879 1554 937; x_wconf 90' lang='lat' dir='ltr'><strong>Parthenonis</strong></span> <span class='ocrx_word' id='word_1_70' title='bbox 1600 898 1765 952; x_wconf 92' lang='lat' dir='ltr'><strong>porro</strong></span> <span class='ocrx_word' id='word_1_71' title='bbox 1808 900 1951 938; x_wconf 87' lang='lat' dir='ltr'><strong>xxvu</strong></span> <span class='ocrx_word' id='word_1_72' title='bbox 1988 884 2105 939; x_wconf 88' lang='lat' dir='ltr'><strong>dies</strong></span> 
     </span>
    </p>
   </div>
   <div class='ocr_carea' id='block_1_12' title="bbox 535 967 2105 1042">
    <p class='ocr_par' dir='ltr' id='par_1_12' title="bbox 535 967 2105 1042">
     <span class='ocr_line' id='line_1_12' title="bbox 535 967 2105 1042; baseline 0.006 -20"><span class='ocrx_word' id='word_1_73' title='bbox 535 968 590 1022; x_wconf 92' lang='lat' dir='ltr'><strong>in</strong></span> <span class='ocrx_word' id='word_1_74' title='bbox 611 967 936 1024; x_wconf 70' lang='lat' dir='ltr'><strong>Kalmdario</strong></span> <span class='ocrx_word' id='word_1_75' title='bbox 960 968 1029 1025; x_wconf 89' lang='lat' dir='ltr'><strong>ad</strong></span> <span class='ocrx_word' id='word_1_76' title='bbox 1061 969 1395 1040; x_wconf 85' lang='lat' dir='ltr'><strong>Septembris</strong></span> <span class='ocrx_word' id='word_1_77' title='bbox 1426 990 1518 1028; x_wconf 80' lang='lat' dir='ltr'><strong>xxi</strong></span> <span class='ocrx_word' id='word_1_78' title='bbox 1557 974 1885 1042; x_wconf 87' lang='lat' dir='ltr'><strong>adnotatur;</strong></span> <span class='ocrx_word' id='word_1_79' title='bbox 1926 975 2105 1030; x_wconf 86' lang='lat' dir='ltr'><strong>Theo-</strong></span> 
     </span>
    </p>
   </div>
   <div class='ocr_carea' id='block_1_13' title="bbox 536 1061 2100 1136">
    <p class='ocr_par' dir='ltr' id='par_1_13' title="bbox 536 1061 2100 1136">
     <span class='ocr_line' id='line_1_13' title="bbox 536 1061 2100 1136; baseline 0.006 -23"><span class='ocrx_word' id='word_1_80' title='bbox 536 1061 745 1130; x_wconf 86' lang='lat' dir='ltr'><strong>phrasti</strong></span> <span class='ocrx_word' id='word_1_81' title='bbox 777 1077 910 1118; x_wconf 88' lang='lat' dir='ltr'><strong>vero</strong></span> <span class='ocrx_word' id='word_1_82' title='bbox 951 1067 1156 1120; x_wconf 65' lang='lat' dir='ltr'><strong>saeculo</strong></span> <span class='ocrx_word' id='word_1_83' title='bbox 1181 1066 1388 1136; x_wconf 88' lang='lat' dir='ltr'><strong>aliquot</strong></span> <span class='ocrx_word' id='word_1_84' title='bbox 1430 1074 1554 1122; x_wconf 80' lang='lat' dir='ltr'><strong>ante</strong></span> <span class='ocrx_word' id='word_1_85' title='bbox 1584 1067 1776 1123; x_wconf 89' lang='lat' dir='ltr'><strong>diebus</strong></span> <span class='ocrx_word' id='word_1_86' title='bbox 1802 1067 2100 1123; x_wconf 80' lang='lat' dir='ltr'><strong>accidebat.</strong></span> 
     </span>
    </p>
   </div>
   <div class='ocr_carea' id='block_1_14' title="bbox 535 1152 2104 1225">
    <p class='ocr_par' dir='ltr' id='par_1_14' title="bbox 535 1152 2104 1225">
     <span class='ocr_line' id='line_1_14' title="bbox 535 1152 2104 1225; baseline 0.004 -18"><span class='ocrx_word' id='word_1_87' title='bbox 535 1152 779 1225; x_wconf 89' lang='lat' dir='ltr'><strong>Denique</strong></span> <span class='ocrx_word' id='word_1_88' title='bbox 821 1154 1270 1214; x_wconf 82' lang='lat' dir='ltr'><strong>Boedromionem</strong></span> <span class='ocrx_word' id='word_1_89' title='bbox 1302 1159 1508 1214; x_wconf 86' lang='lat' dir='ltr'><strong>scimus</strong></span> <span class='ocrx_word' id='word_1_90' title='bbox 1551 1159 1775 1214; x_wconf 90' lang='lat' dir='ltr'><strong>tertium</strong></span> <span class='ocrx_word' id='word_1_91' title='bbox 1823 1160 1894 1215; x_wconf 92' lang='lat' dir='ltr'><strong>ab</strong></span> <span class='ocrx_word' id='word_1_92' title='bbox 1920 1160 2104 1216; x_wconf 88' lang='lat' dir='ltr'><strong>solsti-</strong></span> 
     </span>
    </p>
   </div>
   <div class='ocr_carea' id='block_1_15' title="bbox 535 1246 2104 1306">
    <p class='ocr_par' dir='ltr' id='par_1_15' title="bbox 535 1246 2104 1306">
     <span class='ocr_line' id='line_1_15' title="bbox 535 1246 2104 1306; baseline 0.005 -9"><span class='ocrx_word' id='word_1_93' title='bbox 535 1246 649 1300; x_wconf 77' lang='lat' dir='ltr'><strong>tiali</strong></span> <span class='ocrx_word' id='word_1_94' title='bbox 703 1263 944 1304; x_wconf 88' lang='lat' dir='ltr'><strong>mensem</strong></span> <span class='ocrx_word' id='word_1_95' title='bbox 1004 1249 1177 1306; x_wconf 89' lang='lat' dir='ltr'><strong>fuisse</strong></span> <span class='ocrx_word' id='word_1_96' title='bbox 1241 1248 1510 1305; x_wconf 85' lang='lat' dir='ltr'><strong>lunarem.</strong></span> <span class='ocrx_word' id='word_1_97' title='bbox 1544 1249 1866 1306; x_wconf 73' lang='lat' dir='ltr'><strong>Ptolemams</strong></span> <span class='ocrx_word' id='word_1_98' title='bbox 1916 1260 2104 1306; x_wconf 89' lang='lat' dir='ltr'><strong>noster</strong></span> 
     </span>
    </p>
   </div>
   <div class='ocr_carea' id='block_1_16' title="bbox 533 1340 2174 1412">
    <p class='ocr_par' dir='ltr' id='par_1_16' title="bbox 533 1340 2174 1412">
     <span class='ocr_line' id='line_1_16' title="bbox 533 1340 2174 1412; baseline 0.005 -23"><span class='ocrx_word' id='word_1_99' title='bbox 533 1346 715 1391; x_wconf 89' lang='lat' dir='ltr'><strong>ortum</strong></span> <span class='ocrx_word' id='word_1_100' title='bbox 789 1340 1004 1395; x_wconf 78' lang='lat' dir='ltr'><strong>confert</strong></span> <span class='ocrx_word' id='word_1_101' title='bbox 1077 1340 1299 1396; x_wconf 85' lang='lat' dir='ltr'><strong>Arcturi</strong></span> <span class='ocrx_word' id='word_1_102' title='bbox 1366 1341 1432 1396; x_wconf 85' lang='lat' dir='ltr'><strong>in.</strong></span> <span class='ocrx_word' id='word_1_103' title='bbox 1477 1356 1602 1395; x_wconf 80' lang='lat' dir='ltr'><strong>xxvr</strong></span> <span class='ocrx_word' id='word_1_104' title='bbox 1664 1340 1997 1412; x_wconf 86' lang='lat' dir='ltr'><strong>Septembris</strong></span> <span class='ocrx_word' id='word_1_105' title='bbox 2050 1352 2103 1396; x_wconf 90' lang='lat' dir='ltr'><strong>ct</strong></span> <span class='ocrx_word' id='word_1_106' title='bbox 2169 1357 2174 1362; x_wconf 87' lang='grc'><strong>·</strong></span> 
     </span>
    </p>
   </div>
   <div class='ocr_carea' id='block_1_17' title="bbox 533 1427 1110 1496">
    <p class='ocr_par' dir='ltr' id='par_1_17' title="bbox 533 1427 1110 1496">
     <span class='ocr_line' id='line_1_17' title="bbox 533 1427 1110 1496; baseline 0.003 -14"><span class='ocrx_word' id='word_1_107' title='bbox 533 1427 790 1484; x_wconf 84' lang='lat' dir='ltr'><strong>Octobris</strong></span> <span class='ocrx_word' id='word_1_108' title='bbox 824 1446 911 1496; x_wconf 86' lang='grc' dir='ltr'><strong>ιιι,</strong></span> <span class='ocrx_word' id='word_1_109' title='bbox 942 1439 1110 1487; x_wconf 88' lang='lat' dir='ltr'><strong>recte.</strong></span> 
     </span>
    </p>
   </div>
   <div class='ocr_carea' id='block_1_18' title="bbox 603 1517 2103 1592">
    <p class='ocr_par' dir='ltr' id='par_1_18' title="bbox 603 1517 2103 1592">
     <span class='ocr_line' id='line_1_18' title="bbox 603 1517 2103 1592; baseline 0.003 -18"><span class='ocrx_word' id='word_1_110' title='bbox 603 1517 810 1577; x_wconf 79' lang='lat' dir='ltr'><strong>Plinius</strong></span> <span class='ocrx_word' id='word_1_111' title='bbox 825 1522 942 1591; x_wconf 90' lang='lat' dir='ltr'><strong>(lib.</strong></span> <span class='ocrx_word' id='word_1_112' title='bbox 965 1522 1149 1590; x_wconf 85' lang='lat' dir='ltr'><strong>XVIII,</strong></span> <span class='ocrx_word' id='word_1_113' title='bbox 1164 1539 1217 1579; x_wconf 90' lang='lat' dir='ltr'><strong>c.</strong></span> <span class='ocrx_word' id='word_1_114' title='bbox 1237 1522 1450 1592; x_wconf 74' lang='lat' dir='ltr'>XXVI),</span> <span class='ocrx_word' id='word_1_115' title='bbox 1471 1524 1712 1579; x_wconf 88' lang='lat' dir='ltr'><strong>eamdem</strong></span> <span class='ocrx_word' id='word_1_116' title='bbox 1738 1524 1951 1578; x_wconf 89' lang='lat' dir='ltr'><strong>Arcturi</strong></span> <span class='ocrx_word' id='word_1_117' title='bbox 1974 1526 2103 1580; x_wconf 89' lang='lat' dir='ltr'><strong>stel-</strong></span> 
     </span>
    </p>
   </div>
   <div class='ocr_carea' id='block_1_19' title="bbox 535 1611 2100 1685">
    <p class='ocr_par' dir='ltr' id='par_1_19' title="bbox 535 1611 2100 1685">
     <span class='ocr_line' id='line_1_19' title="bbox 535 1611 2100 1685; baseline 0.005 -22"><span class='ocrx_word' id='word_1_118' title='bbox 535 1611 642 1665; x_wconf 85' lang='lat' dir='ltr'><strong>lam</strong></span> <span class='ocrx_word' id='word_1_119' title='bbox 673 1614 872 1667; x_wconf 88' lang='lat' dir='ltr'><strong>asserit</strong></span> <span class='ocrx_word' id='word_1_120' title='bbox 897 1621 1145 1668; x_wconf 82' lang='lat' dir='ltr'><strong>exortum</strong></span> <span class='ocrx_word' id='word_1_121' title='bbox 1178 1617 1547 1685; x_wconf 89' lang='lat' dir='ltr'><strong>vespertinum</strong></span> <span class='ocrx_word' id='word_1_122' title='bbox 1583 1615 1761 1670; x_wconf 89' lang='lat' dir='ltr'><strong>facere</strong></span> <span class='ocrx_word' id='word_1_123' title='bbox 1792 1631 1866 1669; x_wconf 81' lang='lat' dir='ltr'><strong>vit</strong></span> <span class='ocrx_word' id='word_1_124' title='bbox 1901 1616 2100 1671; x_wconf 81' lang='lat' dir='ltr'><strong>Kalen-</strong></span> 
     </span>
    </p>
   </div>
   <div class='ocr_carea' id='block_1_20' title="bbox 534 1701 2103 1768">
    <p class='ocr_par' dir='ltr' id='par_1_20' title="bbox 534 1701 2103 1768">
     <span class='ocr_line' id='line_1_20' title="bbox 534 1701 2103 1768; baseline 0.004 -13"><span class='ocrx_word' id='word_1_125' title='bbox 534 1703 634 1757; x_wconf 89' lang='lat' dir='ltr'><strong>das</strong></span> <span class='ocrx_word' id='word_1_126' title='bbox 670 1701 872 1768; x_wconf 78' lang='lat' dir='ltr'><strong>Martii,</strong></span> <span class='ocrx_word' id='word_1_127' title='bbox 901 1705 1199 1760; x_wconf 82' lang='lat' dir='ltr'><strong>Columella</strong></span> <span class='ocrx_word' id='word_1_128' title='bbox 1231 1721 1362 1761; x_wconf 89' lang='lat' dir='ltr'><strong>vero</strong></span> <span class='ocrx_word' id='word_1_129' title='bbox 1395 1721 1447 1759; x_wconf 88' lang='lat' dir='ltr'><strong>tx</strong></span> <span class='ocrx_word' id='word_1_130' title='bbox 1482 1705 1776 1762; x_wconf 84' lang='lat' dir='ltr'><strong>Kalendas.</strong></span> <span class='ocrx_word' id='word_1_131' title='bbox 1833 1709 1887 1761; x_wconf 89' lang='lat' dir='ltr'><strong>In</strong></span> <span class='ocrx_word' id='word_1_132' title='bbox 1943 1709 2103 1764; x_wconf 90' lang='lat' dir='ltr'><strong>later-</strong></span> 
     </span>
    </p>
   </div>
   <div class='ocr_carea' id='block_1_21' title="bbox 535 1793 2097 1869">
    <p class='ocr_par' dir='ltr' id='par_1_21' title="bbox 535 1793 2097 1869">
     <span class='ocr_line' id='line_1_21' title="bbox 535 1793 2097 1869; baseline 0.005 -23"><span class='ocrx_word' id='word_1_133' title='bbox 535 1793 662 1848; x_wconf 89' lang='lat' dir='ltr'><strong>culo</strong></span> <span class='ocrx_word' id='word_1_134' title='bbox 718 1803 910 1852; x_wconf 89' lang='lat' dir='ltr'><strong>nostro</strong></span> <span class='ocrx_word' id='word_1_135' title='bbox 967 1799 1310 1869; x_wconf 82' lang='lat' dir='ltr'><strong>acronychus</strong></span> <span class='ocrx_word' id='word_1_136' title='bbox 1365 1807 1588 1853; x_wconf 90' lang='lat' dir='ltr'><strong>exortus</strong></span> <span class='ocrx_word' id='word_1_137' title='bbox 1648 1798 1868 1852; x_wconf 84' lang='lat' dir='ltr'><strong>Arcturi</strong></span> <span class='ocrx_word' id='word_1_138' title='bbox 1924 1799 1983 1854; x_wconf 83' lang='lat' dir='ltr'><strong>fit</strong></span> <span class='ocrx_word' id='word_1_139' title='bbox 2043 1800 2097 1854; x_wconf 92' lang='lat' dir='ltr'><strong>in</strong></span> 
     </span>
    </p>
   </div>
   <div class='ocr_carea' id='block_1_22' title="bbox 534 1883 2097 1962">
    <p class='ocr_par' dir='ltr' id='par_1_22' title="bbox 534 1883 2097 1962">
     <span class='ocr_line' id='line_1_22' title="bbox 534 1883 2097 1962; baseline 0.006 -25"><span class='ocrx_word' id='word_1_140' title='bbox 534 1884 705 1949; x_wconf 83' lang='lat' dir='ltr'><strong>gradu</strong></span> <span class='ocrx_word' id='word_1_141' title='bbox 736 1883 973 1940; x_wconf 78' lang='lat' dir='ltr'><strong>Piscium</strong></span> <span class='ocrx_word' id='word_1_142' title='bbox 1024 1888 1113 1953; x_wconf 75' lang='grc' dir='ltr'><strong>Η,</strong></span> <span class='ocrx_word' id='word_1_143' title='bbox 1143 1889 1197 1942; x_wconf 90' lang='lat' dir='ltr'><strong>id</strong></span> <span class='ocrx_word' id='word_1_144' title='bbox 1241 1897 1326 1943; x_wconf 91' lang='lat' dir='ltr'><strong>est</strong></span> <span class='ocrx_word' id='word_1_145' title='bbox 1376 1888 1704 1960; x_wconf 88' lang='lat' dir='ltr'><strong>lchthyonos</strong></span> <span class='ocrx_word' id='word_1_146' title='bbox 1747 1906 1856 1955; x_wconf 87' lang='lat' dir='ltr'><strong>xlv,</strong></span> <span class='ocrx_word' id='word_1_147' title='bbox 1887 1906 2009 1962; x_wconf 77' lang='lat' dir='ltr'><strong>qua:</strong></span> <span class='ocrx_word' id='word_1_148' title='bbox 2042 1893 2097 1946; x_wconf 94' lang='lat' dir='ltr'><strong>in</strong></span> 
     </span>
    </p>
   </div>
   <div class='ocr_carea' id='block_1_23' title="bbox 536 1974 2104 2054">
    <p class='ocr_par' dir='ltr' id='par_1_23' title="bbox 536 1974 2104 2054">
     <span class='ocr_line' id='line_1_23' title="bbox 536 1974 2104 2054; baseline 0.007 -27"><span class='ocrx_word' id='word_1_149' title='bbox 536 1974 864 2033; x_wconf 80' lang='lat' dir='ltr'><strong>Kalendario</strong></span> <span class='ocrx_word' id='word_1_150' title='bbox 913 1976 1090 2033; x_wconf 78' lang='lat' dir='ltr'><strong>Martii</strong></span> <span class='ocrx_word' id='word_1_151' title='bbox 1146 1995 1179 2034; x_wconf 93' lang='lat' dir='ltr'><strong>v</strong></span> <span class='ocrx_word' id='word_1_152' title='bbox 1234 1979 1510 2034; x_wconf 82' lang='lat' dir='ltr'><strong>convenit.</strong></span> <span class='ocrx_word' id='word_1_153' title='bbox 1558 1978 1792 2043; x_wconf 90' lang='lat' dir='ltr'><strong>Verum,</strong></span> <span class='ocrx_word' id='word_1_154' title='bbox 1841 1988 1900 2035; x_wconf 93' lang='lat' dir='ltr'><strong>ut</strong></span> <span class='ocrx_word' id='word_1_155' title='bbox 1958 1998 2104 2054; x_wconf 70' lang='lat' dir='ltr'><strong>saepe</strong></span> 
     </span>
    </p>
   </div>
   <div class='ocr_carea' id='block_1_24' title="bbox 535 2067 2102 2142">
    <p class='ocr_par' dir='ltr' id='par_1_24' title="bbox 535 2067 2102 2142">
     <span class='ocr_line' id='line_1_24' title="bbox 535 2067 2102 2142; baseline 0.005 -22"><span class='ocrx_word' id='word_1_156' title='bbox 535 2067 746 2122; x_wconf 80' lang='lat' dir='ltr'><strong>dictum</strong></span> <span class='ocrx_word' id='word_1_157' title='bbox 781 2077 890 2133; x_wconf 88' lang='lat' dir='ltr'><strong>est,</strong></span> <span class='ocrx_word' id='word_1_158' title='bbox 927 2078 1082 2124; x_wconf 92' lang='lat' dir='ltr'><strong>ortus</strong></span> <span class='ocrx_word' id='word_1_159' title='bbox 1117 2071 1460 2141; x_wconf 90' lang='lat' dir='ltr'><strong>vespertinus</strong></span> <span class='ocrx_word' id='word_1_160' title='bbox 1497 2087 1680 2134; x_wconf 89' lang='lat' dir='ltr'><strong>verus,</strong></span> <span class='ocrx_word' id='word_1_161' title='bbox 1713 2088 1874 2142; x_wconf 90' lang='lat' dir='ltr'><strong>quem</strong></span> <span class='ocrx_word' id='word_1_162' title='bbox 1918 2075 2102 2128; x_wconf 87' lang='lat' dir='ltr'><strong>tabula</strong></span> 
     </span>
    </p>
   </div>
   <div class='ocr_carea' id='block_1_25' title="bbox 535 2160 2104 2235">
    <p class='ocr_par' dir='ltr' id='par_1_25' title="bbox 535 2160 2104 2235">
     <span class='ocr_line' id='line_1_25' title="bbox 535 2160 2104 2235; baseline 0.004 -22"><span class='ocrx_word' id='word_1_163' title='bbox 535 2160 758 2228; x_wconf 70' lang='lat' dir='ltr'><strong>prabet,</strong></span> <span class='ocrx_word' id='word_1_164' title='bbox 792 2163 1062 2231; x_wconf 88' lang='lat' dir='ltr'><strong>posterior</strong></span> <span class='ocrx_word' id='word_1_165' title='bbox 1099 2170 1184 2217; x_wconf 86' lang='lat' dir='ltr'><strong>est</strong></span> <span class='ocrx_word' id='word_1_166' title='bbox 1232 2164 1536 2234; x_wconf 90' lang='lat' dir='ltr'><strong>apparenti.</strong></span> <span class='ocrx_word' id='word_1_167' title='bbox 1585 2161 1710 2218; x_wconf 83' lang='lat' dir='ltr'><strong>ideo</strong></span> <span class='ocrx_word' id='word_1_168' title='bbox 1751 2165 1957 2235; x_wconf 84' lang='lat' dir='ltr'><strong>aliquot</strong></span> <span class='ocrx_word' id='word_1_169' title='bbox 1984 2166 2104 2220; x_wconf 57' lang='lat' dir='ltr'><strong>die.</strong></span> 
     </span>
    </p>
   </div>
   <div class='ocr_carea' id='block_1_26' title="bbox 537 2249 2102 2327">
    <p class='ocr_par' dir='ltr' id='par_1_26' title="bbox 537 2249 2102 2327">
     <span class='ocr_line' id='line_1_26' title="bbox 537 2249 2102 2327; baseline 0.005 -23"><span class='ocrx_word' id='word_1_170' title='bbox 537 2249 640 2306; x_wconf 86' lang='lat' dir='ltr'><strong>bns</strong></span> <span class='ocrx_word' id='word_1_171' title='bbox 673 2261 795 2320; x_wconf 87' lang='lat' dir='ltr'><strong>post</strong></span> <span class='ocrx_word' id='word_1_172' title='bbox 825 2267 1083 2309; x_wconf 91' lang='lat' dir='ltr'><strong>occasum</strong></span> <span class='ocrx_word' id='word_1_173' title='bbox 1129 2255 1298 2309; x_wconf 87' lang='lat' dir='ltr'><strong>solem</strong></span> <span class='ocrx_word' id='word_1_174' title='bbox 1339 2256 1590 2311; x_wconf 81' lang='lat' dir='ltr'><strong>exoriens</strong></span> <span class='ocrx_word' id='word_1_175' title='bbox 1630 2257 1783 2311; x_wconf 82' lang='lat' dir='ltr'><strong>stella</strong></span> <span class='ocrx_word' id='word_1_176' title='bbox 1817 2265 2102 2327; x_wconf 78' lang='lat' dir='ltr'><strong>prospecta</strong></span> 
     </span>
    </p>
   </div>
   <div class='ocr_carea' id='block_1_27' title="bbox 537 2341 2107 2417">
    <p class='ocr_par' dir='ltr' id='par_1_27' title="bbox 537 2341 2107 2417">
     <span class='ocr_line' id='line_1_27' title="bbox 537 2341 2107 2417; baseline 0.004 -22"><span class='ocrx_word' id='word_1_177' title='bbox 537 2350 642 2410; x_wconf 86' lang='lat' dir='ltr'><strong>est,</strong></span> <span class='ocrx_word' id='word_1_178' title='bbox 671 2341 844 2399; x_wconf 89' lang='lat' dir='ltr'><strong>donec</strong></span> <span class='ocrx_word' id='word_1_179' title='bbox 870 2360 1056 2398; x_wconf 92' lang='lat' dir='ltr'><strong>verum</strong></span> <span class='ocrx_word' id='word_1_180' title='bbox 1108 2346 1177 2400; x_wconf 91' lang='lat' dir='ltr'><strong>ad</strong></span> <span class='ocrx_word' id='word_1_181' title='bbox 1215 2355 1464 2401; x_wconf 85' lang='lat' dir='ltr'><strong>exortum</strong></span> <span class='ocrx_word' id='word_1_182' title='bbox 1499 2349 1825 2417; x_wconf 88' lang='lat' dir='ltr'><strong>perveniret.</strong></span> <span class='ocrx_word' id='word_1_183' title='bbox 1872 2349 1939 2402; x_wconf 89' lang='lat' dir='ltr'><strong>At</strong></span> <span class='ocrx_word' id='word_1_184' title='bbox 1986 2347 2107 2402; x_wconf 84' lang='lat' dir='ltr'><strong>Fir-</strong></span> 
     </span>
    </p>
   </div>
   <div class='ocr_carea' id='block_1_28' title="bbox 535 2434 2103 2508">
    <p class='ocr_par' dir='ltr' id='par_1_28' title="bbox 535 2434 2103 2508">
     <span class='ocr_line' id='line_1_28' title="bbox 535 2434 2103 2508; baseline 0.004 -21"><span class='ocrx_word' id='word_1_185' title='bbox 535 2434 712 2490; x_wconf 87' lang='lat' dir='ltr'><strong>micus</strong></span> <span class='ocrx_word' id='word_1_186' title='bbox 753 2435 847 2490; x_wconf 90' lang='lat' dir='ltr'><strong>lib.</strong></span> <span class='ocrx_word' id='word_1_187' title='bbox 893 2435 1027 2500; x_wconf 92' lang='lat' dir='ltr'><strong>Vlll,</strong></span> <span class='ocrx_word' id='word_1_188' title='bbox 1081 2451 1206 2508; x_wconf 87' lang='lat' dir='ltr'><strong>cap.</strong></span> <span class='ocrx_word' id='word_1_189' title='bbox 1258 2438 1398 2502; x_wconf 73' lang='lat' dir='ltr'>XIV,</span> <span class='ocrx_word' id='word_1_190' title='bbox 1449 2440 1742 2494; x_wconf 84' lang='lat' dir='ltr'><strong>Arcturum</strong></span> <span class='ocrx_word' id='word_1_191' title='bbox 1804 2440 1993 2495; x_wconf 84' lang='lat' dir='ltr'><strong>scribit</strong></span> <span class='ocrx_word' id='word_1_192' title='bbox 2049 2441 2103 2495; x_wconf 91' lang='lat' dir='ltr'><strong>in</strong></span> 
     </span>
    </p>
   </div>
   <div class='ocr_carea' id='block_1_29' title="bbox 533 2525 2105 2602">
    <p class='ocr_par' dir='ltr' id='par_1_29' title="bbox 533 2525 2105 2602">
     <span class='ocr_line' id='line_1_29' title="bbox 533 2525 2105 2602; baseline 0.006 -24"><span class='ocrx_word' id='word_1_193' title='bbox 533 2534 688 2597; x_wconf 86' lang='lat' dir='ltr'><strong>parte</strong></span> <span class='ocrx_word' id='word_1_194' title='bbox 745 2525 1029 2598; x_wconf 85' lang='lat' dir='ltr'><strong>Sagittarii</strong></span> <span class='ocrx_word' id='word_1_195' title='bbox 1075 2531 1264 2599; x_wconf 90' lang='lat' dir='ltr'><strong>quinta</strong></span> <span class='ocrx_word' id='word_1_196' title='bbox 1318 2538 1496 2584; x_wconf 90' lang='lat' dir='ltr'><strong>ortmn</strong></span> <span class='ocrx_word' id='word_1_197' title='bbox 1552 2531 1779 2587; x_wconf 88' lang='lat' dir='ltr'><strong>facere:</strong></span> <span class='ocrx_word' id='word_1_198' title='bbox 1825 2532 1968 2602; x_wconf 90' lang='lat' dir='ltr'><strong>quod</strong></span> <span class='ocrx_word' id='word_1_199' title='bbox 2020 2541 2105 2587; x_wconf 91' lang='lat' dir='ltr'><strong>est</strong></span> 
     </span>
    </p>
   </div>
   <div class='ocr_carea' id='block_1_30' title="bbox 536 2617 2104 2695">
    <p class='ocr_par' dir='ltr' id='par_1_30' title="bbox 536 2617 2104 2695">
     <span class='ocr_line' id='line_1_30' title="bbox 536 2617 2104 2695; baseline 0.004 -26"><span class='ocrx_word' id='word_1_200' title='bbox 536 2617 910 2673; x_wconf 83' lang='lat' dir='ltr'><strong>fdsissimum.</strong></span> <span class='ocrx_word' id='word_1_201' title='bbox 944 2621 1215 2677; x_wconf 88' lang='lat' dir='ltr'><strong>Occasum</strong></span> <span class='ocrx_word' id='word_1_202' title='bbox 1250 2623 1619 2693; x_wconf 88' lang='lat' dir='ltr'><strong>acronychum</strong></span> <span class='ocrx_word' id='word_1_203' title='bbox 1669 2624 1868 2677; x_wconf 86' lang='lat' dir='ltr'><strong>alicubi</strong></span> <span class='ocrx_word' id='word_1_204' title='bbox 1902 2624 2104 2695; x_wconf 75' lang='lat' dir='ltr'><strong>legerat</strong></span> 
     </span>
    </p>
   </div>
   <div class='ocr_carea' id='block_1_31' title="bbox 536 2710 2103 2784">
    <p class='ocr_par' dir='ltr' id='par_1_31' title="bbox 536 2710 2103 2784">
     <span class='ocr_line' id='line_1_31' title="bbox 536 2710 2103 2784; baseline 0.006 -23"><span class='ocrx_word' id='word_1_205' title='bbox 536 2710 590 2762; x_wconf 91' lang='lat' dir='ltr'><strong>in</strong></span> <span class='ocrx_word' id='word_1_206' title='bbox 626 2723 691 2763; x_wconf 89' lang='lat' dir='ltr'><strong>ea</strong></span> <span class='ocrx_word' id='word_1_207' title='bbox 720 2718 875 2780; x_wconf 88' lang='lat' dir='ltr'><strong>parte</strong></span> <span class='ocrx_word' id='word_1_208' title='bbox 916 2712 1032 2767; x_wconf 83' lang='lat' dir='ltr'><strong>fieri</strong></span> <span class='ocrx_word' id='word_1_209' title='bbox 1057 2731 1070 2768; x_wconf 89' lang='lat'><strong>:</strong></span> <span class='ocrx_word' id='word_1_210' title='bbox 1103 2728 1202 2783; x_wconf 92' lang='lat' dir='ltr'><strong>pro</strong></span> <span class='ocrx_word' id='word_1_211' title='bbox 1231 2728 1339 2783; x_wconf 91' lang='lat' dir='ltr'><strong>quo</strong></span> <span class='ocrx_word' id='word_1_212' title='bbox 1371 2715 1744 2784; x_wconf 89' lang='lat' dir='ltr'><strong>imprudenter</strong></span> <span class='ocrx_word' id='word_1_213' title='bbox 1773 2722 1950 2770; x_wconf 91' lang='lat' dir='ltr'><strong>ortum</strong></span> <span class='ocrx_word' id='word_1_214' title='bbox 1980 2715 2103 2770; x_wconf 86' lang='lat' dir='ltr'><strong>red-</strong></span> 
     </span>
    </p>
   </div>
   <div class='ocr_carea' id='block_1_32' title="bbox 533 2799 2104 2884">
    <p class='ocr_par' dir='ltr' id='par_1_32' title="bbox 533 2799 2104 2884">
     <span class='ocr_line' id='line_1_32' title="bbox 533 2799 2104 2884; baseline 0.005 -31"><span class='ocrx_word' id='word_1_215' title='bbox 533 2799 690 2884; x_wconf 85' lang='lat' dir='ltr'><strong>didit.</strong></span> <span class='ocrx_word' id='word_1_216' title='bbox 736 2802 1089 2876; x_wconf 79' lang='lat' dir='ltr'><strong>Acronychus</strong></span> <span class='ocrx_word' id='word_1_217' title='bbox 1147 2821 1380 2861; x_wconf 86' lang='lat' dir='ltr'><strong>occasus</strong></span> <span class='ocrx_word' id='word_1_218' title='bbox 1425 2805 1640 2862; x_wconf 89' lang='lat' dir='ltr'><strong>Juliano</strong></span> <span class='ocrx_word' id='word_1_219' title='bbox 1701 2809 1900 2862; x_wconf 67' lang='lat' dir='ltr'><strong>saeculo</strong></span> <span class='ocrx_word' id='word_1_220' title='bbox 1945 2809 2104 2863; x_wconf 82' lang='lat' dir='ltr'><strong>ﬁebat</strong></span> 
     </span>
    </p>
   </div>
   <div class='ocr_carea' id='block_1_33' title="bbox 535 2891 2104 2970">
    <p class='ocr_par' dir='ltr' id='par_1_33' title="bbox 535 2891 2104 2970">
     <span class='ocr_line' id='line_1_33' title="bbox 535 2891 2104 2970; baseline 0.006 -26"><span class='ocrx_word' id='word_1_221' title='bbox 535 2891 592 2945; x_wconf 91' lang='lat' dir='ltr'><strong>in</strong></span> <span class='ocrx_word' id='word_1_222' title='bbox 646 2901 801 2962; x_wconf 91' lang='lat' dir='ltr'><strong>parte</strong></span> <span class='ocrx_word' id='word_1_223' title='bbox 850 2892 1127 2964; x_wconf 89' lang='lat' dir='ltr'><strong>Sagittarii</strong></span> <span class='ocrx_word' id='word_1_224' title='bbox 1186 2899 1243 2962; x_wconf 71' lang='grc'><strong>4,</strong></span> <span class='ocrx_word' id='word_1_225' title='bbox 1307 2898 1552 2955; x_wconf 87' lang='lat' dir='ltr'><strong>heliacus</strong></span> <span class='ocrx_word' id='word_1_226' title='bbox 1606 2909 1786 2956; x_wconf 89' lang='lat' dir='ltr'><strong>autem</strong></span> <span class='ocrx_word' id='word_1_227' title='bbox 1839 2901 1894 2954; x_wconf 91' lang='lat' dir='ltr'><strong>in</strong></span> <span class='ocrx_word' id='word_1_228' title='bbox 1951 2909 2104 2970; x_wconf 83' lang='lat' dir='ltr'><strong>parte</strong></span> 
     </span>
    </p>
   </div>
   <div class='ocr_carea' id='block_1_34' title="bbox 535 2981 2102 3061">
    <p class='ocr_par' dir='ltr' id='par_1_34' title="bbox 535 2981 2102 3061">
     <span class='ocr_line' id='line_1_34' title="bbox 535 2981 2102 3061; baseline 0.007 -25"><span class='ocrx_word' id='word_1_229' title='bbox 535 2981 749 3053; x_wconf 91' lang='lat' dir='ltr'><strong>Scorpii</strong></span> <span class='ocrx_word' id='word_1_230' title='bbox 781 2984 1086 3042; x_wconf 90' lang='lat' dir='ltr'><strong>undecima.</strong></span> <span class='ocrx_word' id='word_1_231' title='bbox 1121 2988 1293 3043; x_wconf 87' lang='lat' dir='ltr'><strong>Porro</strong></span> <span class='ocrx_word' id='word_1_232' title='bbox 1327 2991 1614 3044; x_wconf 87' lang='lat' dir='ltr'><strong>undecima</strong></span> <span class='ocrx_word' id='word_1_233' title='bbox 1645 2992 1761 3046; x_wconf 87' lang='lat' dir='ltr'><strong>dies</strong></span> <span class='ocrx_word' id='word_1_234' title='bbox 1787 2990 2102 3061; x_wconf 87' lang='lat' dir='ltr'><strong>Scorpionis</strong></span> 
     </span>
    </p>
   </div>
   <div class='ocr_carea' id='block_1_35' title="bbox 533 3076 2102 3146">
    <p class='ocr_par' dir='ltr' id='par_1_35' title="bbox 533 3076 2102 3146">
     <span class='ocr_line' id='line_1_35' title="bbox 533 3076 2102 3146; baseline 0.005 -18"><span class='ocrx_word' id='word_1_235' title='bbox 533 3076 709 3146; x_wconf 87' lang='lat' dir='ltr'><strong>pridie</strong></span> <span class='ocrx_word' id='word_1_236' title='bbox 746 3076 927 3135; x_wconf 83' lang='lat' dir='ltr'><strong>Nonas</strong></span> <span class='ocrx_word' id='word_1_237' title='bbox 956 3078 1287 3136; x_wconf 81' lang='lat' dir='ltr'><strong>Novembres</strong></span> <span class='ocrx_word' id='word_1_238' title='bbox 1325 3081 1381 3135; x_wconf 92' lang='lat' dir='ltr'><strong>in</strong></span> <span class='ocrx_word' id='word_1_239' title='bbox 1419 3091 1610 3138; x_wconf 90' lang='lat' dir='ltr'><strong>nostro</strong></span> <span class='ocrx_word' id='word_1_240' title='bbox 1643 3081 1968 3139; x_wconf 80' lang='lat' dir='ltr'><strong>Kalendario</strong></span> <span class='ocrx_word' id='word_1_241' title='bbox 2003 3099 2102 3136; x_wconf 89' lang='lat' dir='ltr'><strong>no-</strong></span> 
     </span>
    </p>
   </div>
   <div class='ocr_carea' id='block_1_36' title="bbox 526 3170 2176 3255">
    <p class='ocr_par' dir='ltr' id='par_1_36' title="bbox 526 3170 2176 3255">
     <span class='ocr_line' id='line_1_36' title="bbox 526 3170 2176 3255; baseline 0.005 -35"><span class='ocrx_word' id='word_1_242' title='bbox 526 3174 718 3222; x_wconf 79' lang='lat' dir='ltr'><strong>tatur:</strong></span> <span class='ocrx_word' id='word_1_243' title='bbox 757 3170 901 3224; x_wconf 91' lang='lat' dir='ltr'><strong>circa</strong></span> <span class='ocrx_word' id='word_1_244' title='bbox 931 3187 1092 3255; x_wconf 85' lang='lat' dir='ltr'><strong>quem</strong></span> <span class='ocrx_word' id='word_1_245' title='bbox 1127 3172 1268 3227; x_wconf 90' lang='lat' dir='ltr'><strong>diem</strong></span> <span class='ocrx_word' id='word_1_246' title='bbox 1301 3188 1330 3226; x_wconf 89' lang='lat' dir='ltr'><strong>a</strong></span> <span class='ocrx_word' id='word_1_247' title='bbox 1363 3172 1539 3227; x_wconf 86' lang='lat' dir='ltr'><strong>Plinio</strong></span> <span class='ocrx_word' id='word_1_248' title='bbox 1581 3182 1634 3228; x_wconf 89' lang='lat' dir='ltr'><strong>et</strong></span> <span class='ocrx_word' id='word_1_249' title='bbox 1679 3173 1974 3228; x_wconf 77' lang='lat' dir='ltr'><strong>Columella</strong></span> <span class='ocrx_word' id='word_1_250' title='bbox 2006 3188 2101 3244; x_wconf 90' lang='lat' dir='ltr'><strong>po-</strong></span> <span class='ocrx_word' id='word_1_251' title='bbox 2129 3194 2176 3255; x_wconf 71' lang='grc' dir='ltr'>ο</span> 
     </span>
    </p>
   </div>
   <div class='ocr_carea' id='block_1_37' title="bbox 534 3250 2099 3332">
    <p class='ocr_par' dir='ltr' id='par_1_37' title="bbox 534 3250 2099 3332">
     <span class='ocr_line' id='line_1_37' title="bbox 534 3250 2099 3332; baseline 0.004 -22"><span class='ocrx_word' id='word_1_252' title='bbox 534 3257 704 3322; x_wconf 90' lang='lat' dir='ltr'><strong>nitur,</strong></span> <span class='ocrx_word' id='word_1_253' title='bbox 746 3258 849 3313; x_wconf 89' lang='lat' dir='ltr'><strong>hoc</strong></span> <span class='ocrx_word' id='word_1_254' title='bbox 879 3269 962 3315; x_wconf 86' lang='lat' dir='ltr'><strong>est</strong></span> <span class='ocrx_word' id='word_1_255' title='bbox 991 3250 1178 3332; x_wconf 79' lang='lat' dir='ltr'><strong>paucis</strong></span> <span class='ocrx_word' id='word_1_256' title='bbox 1223 3270 1349 3317; x_wconf 89' lang='lat' dir='ltr'><strong>ante</strong></span> <span class='ocrx_word' id='word_1_257' title='bbox 1381 3263 1594 3326; x_wconf 90' lang='lat' dir='ltr'><strong>diebus,</strong></span> <span class='ocrx_word' id='word_1_258' title='bbox 1628 3270 1689 3315; x_wconf 97' lang='lat' dir='ltr'><strong>ut</strong></span> <span class='ocrx_word' id='word_1_259' title='bbox 1731 3279 1797 3316; x_wconf 86' lang='lat' dir='ltr'><strong>ex</strong></span> <span class='ocrx_word' id='word_1_260' title='bbox 1827 3261 2099 3316; x_wconf 60' lang='lat' dir='ltr'><strong>Kalendav</strong></span> 
     </span>
    </p>
   </div>
   <div class='ocr_carea' id='block_1_38' title="bbox 535 3349 2102 3419">
    <p class='ocr_par' dir='ltr' id='par_1_38' title="bbox 535 3349 2102 3419">
     <span class='ocr_line' id='line_1_38' title="bbox 535 3349 2102 3419; baseline 0.004 -18"><span class='ocrx_word' id='word_1_261' title='bbox 535 3349 639 3412; x_wconf 91' lang='lat' dir='ltr'><strong>rio,</strong></span> <span class='ocrx_word' id='word_1_262' title='bbox 678 3364 842 3419; x_wconf 89' lang='lat' dir='ltr'><strong>quem</strong></span> <span class='ocrx_word' id='word_1_263' title='bbox 883 3365 952 3405; x_wconf 91' lang='lat' dir='ltr'><strong>ex</strong></span> <span class='ocrx_word' id='word_1_264' title='bbox 995 3352 1262 3408; x_wconf 91' lang='lat' dir='ltr'><strong>ambobus</strong></span> <span class='ocrx_word' id='word_1_265' title='bbox 1301 3362 1356 3407; x_wconf 91' lang='lat' dir='ltr'><strong>et</strong></span> <span class='ocrx_word' id='word_1_266' title='bbox 1393 3352 1590 3408; x_wconf 88' lang='lat' dir='ltr'><strong>Ovidio</strong></span> <span class='ocrx_word' id='word_1_267' title='bbox 1630 3352 1988 3418; x_wconf 85' lang='lat' dir='ltr'><strong>confecimus,</strong></span> <span class='ocrx_word' id='word_1_268' title='bbox 2034 3354 2102 3407; x_wconf 88' lang='lat' dir='ltr'><strong>li-</strong></span> 
     </span>
    </p>
   </div>
   <div class='ocr_carea' id='block_1_39' title="bbox 533 3442 2102 3514">
    <p class='ocr_par' dir='ltr' id='par_1_39' title="bbox 533 3442 2102 3514">
     <span class='ocr_line' id='line_1_39' title="bbox 533 3442 2102 3514; baseline 0.003 -20"><span class='ocrx_word' id='word_1_269' title='bbox 533 3448 682 3508; x_wconf 85' lang='lat' dir='ltr'><strong>quet,</strong></span> <span class='ocrx_word' id='word_1_270' title='bbox 709 3442 966 3512; x_wconf 90' lang='lat' dir='ltr'><strong>quoniam</strong></span> <span class='ocrx_word' id='word_1_271' title='bbox 996 3458 1264 3514; x_wconf 91' lang='lat' dir='ltr'><strong>apparens</strong></span> <span class='ocrx_word' id='word_1_272' title='bbox 1289 3461 1522 3502; x_wconf 90' lang='lat' dir='ltr'><strong>occasus</strong></span> <span class='ocrx_word' id='word_1_273' title='bbox 1549 3445 1892 3514; x_wconf 64' lang='lat' dir='ltr'><strong>vestiertinus</strong></span> <span class='ocrx_word' id='word_1_274' title='bbox 1917 3461 2102 3500; x_wconf 90' lang='lat' dir='ltr'><strong>verum</strong></span> 
     </span>
    </p>
   </div>
   <div class='ocr_carea' id='block_1_40' title="bbox 534 3531 2103 3606">
    <p class='ocr_par' dir='ltr' id='par_1_40' title="bbox 534 3531 2103 3606">
     <span class='ocr_line' id='line_1_40' title="bbox 534 3531 2103 3606; baseline 0.004 -23"><span class='ocrx_word' id='word_1_275' title='bbox 534 3532 826 3588; x_wconf 89' lang='lat' dir='ltr'><strong>antecedit.</strong></span> <span class='ocrx_word' id='word_1_276' title='bbox 882 3531 1126 3603; x_wconf 81' lang='lat' dir='ltr'><strong>Denique</strong></span> <span class='ocrx_word' id='word_1_277' title='bbox 1179 3535 1476 3591; x_wconf 84' lang='lat' dir='ltr'><strong>Columella</strong></span> <span class='ocrx_word' id='word_1_278' title='bbox 1527 3536 1620 3589; x_wconf 92' lang='lat' dir='ltr'><strong>lib.</strong></span> <span class='ocrx_word' id='word_1_279' title='bbox 1675 3535 1768 3600; x_wconf 76' lang='lat' dir='ltr'>IX,</span> <span class='ocrx_word' id='word_1_280' title='bbox 1806 3551 1926 3606; x_wconf 89' lang='lat' dir='ltr'><strong>cap.</strong></span> <span class='ocrx_word' id='word_1_281' title='bbox 1963 3535 2103 3604; x_wconf 80' lang='lat' dir='ltr'>XIV,</span> 
     </span>
    </p>
   </div>
   <div class='ocr_carea' id='block_1_41' title="bbox 535 3622 2106 3697">
    <p class='ocr_par' dir='ltr' id='par_1_41' title="bbox 535 3622 2106 3697">
     <span class='ocr_line' id='line_1_41' title="bbox 535 3622 2106 3697; baseline 0.002 -20"><span class='ocrx_word' id='word_1_282' title='bbox 535 3622 734 3677; x_wconf 84' lang='lat' dir='ltr'><strong>scribit</strong></span> <span class='ocrx_word' id='word_1_283' title='bbox 754 3623 1044 3679; x_wconf 79' lang='lat' dir='ltr'><strong>Arcturum</strong></span> <span class='ocrx_word' id='word_1_284' title='bbox 1066 3626 1198 3679; x_wconf 91' lang='lat' dir='ltr'><strong>oriri</strong></span> <span class='ocrx_word' id='word_1_285' title='bbox 1225 3635 1346 3696; x_wconf 91' lang='lat' dir='ltr'><strong>post</strong></span> <span class='ocrx_word' id='word_1_286' title='bbox 1364 3627 1875 3697; x_wconf 85' lang='lat' dir='ltr'><strong>quinquagesimum</strong></span> <span class='ocrx_word' id='word_1_287' title='bbox 1905 3643 1934 3680; x_wconf 90' lang='lat' dir='ltr'><strong>a</strong></span> <span class='ocrx_word' id='word_1_288' title='bbox 1962 3627 2106 3681; x_wconf 89' lang='lat' dir='ltr'><strong>cani-</strong></span> 
     </span>
    </p>
   </div>
   <div class='ocr_carea' id='block_1_42' title="bbox 533 3714 2097 3785">
    <p class='ocr_par' dir='ltr' id='par_1_42' title="bbox 533 3714 2097 3785">
     <span class='ocr_line' id='line_1_42' title="bbox 533 3714 2097 3785; baseline 0.003 -17"><span class='ocrx_word' id='word_1_289' title='bbox 533 3715 658 3768; x_wconf 91' lang='lat' dir='ltr'><strong>cula</strong></span> <span class='ocrx_word' id='word_1_290' title='bbox 686 3714 830 3770; x_wconf 89' lang='lat' dir='ltr'><strong>diem</strong></span> <span class='ocrx_word' id='word_1_291' title='bbox 861 3733 878 3770; x_wconf 88' lang='lat'><strong>:</strong></span> <span class='ocrx_word' id='word_1_292' title='bbox 909 3715 1055 3785; x_wconf 89' lang='lat' dir='ltr'><strong>quod</strong></span> <span class='ocrx_word' id='word_1_293' title='bbox 1082 3716 1149 3771; x_wconf 91' lang='lat' dir='ltr'><strong>de</strong></span> <span class='ocrx_word' id='word_1_294' title='bbox 1178 3726 1302 3771; x_wconf 90' lang='lat' dir='ltr'><strong>ortu</strong></span> <span class='ocrx_word' id='word_1_295' title='bbox 1333 3717 1541 3772; x_wconf 87' lang='lat' dir='ltr'><strong>heliaco</strong></span> <span class='ocrx_word' id='word_1_296' title='bbox 1569 3732 1754 3772; x_wconf 90' lang='lat' dir='ltr'><strong>verum</strong></span> <span class='ocrx_word' id='word_1_297' title='bbox 1780 3725 1881 3772; x_wconf 91' lang='lat' dir='ltr'><strong>est.</strong></span> <span class='ocrx_word' id='word_1_298' title='bbox 1919 3717 2097 3772; x_wconf 88' lang='lat' dir='ltr'><strong>Sirius</strong></span> 
     </span>
    </p>
   </div>
   <div class='ocr_carea' id='block_1_43' title="bbox 533 3805 2102 3879">
    <p class='ocr_par' dir='ltr' id='par_1_43' title="bbox 533 3805 2102 3879">
     <span class='ocr_line' id='line_1_43' title="bbox 533 3805 2102 3879; baseline 0.002 -20"><span class='ocrx_word' id='word_1_299' title='bbox 533 3805 812 3862; x_wconf 88' lang='lat' dir='ltr'><strong>oriebatur</strong></span> <span class='ocrx_word' id='word_1_300' title='bbox 840 3806 1038 3862; x_wconf 55' lang='lat' dir='ltr'><strong>Caesari</strong></span> <span class='ocrx_word' id='word_1_301' title='bbox 1067 3808 1374 3863; x_wconf 90' lang='lat' dir='ltr'><strong>Leontonos</strong></span> <span class='ocrx_word' id='word_1_302' title='bbox 1409 3825 1526 3872; x_wconf 88' lang='lat' dir='ltr'><strong>vm,</strong></span> <span class='ocrx_word' id='word_1_303' title='bbox 1559 3809 1613 3863; x_wconf 89' lang='lat' dir='ltr'><strong>id</strong></span> <span class='ocrx_word' id='word_1_304' title='bbox 1655 3818 1738 3864; x_wconf 89' lang='lat' dir='ltr'><strong>est</strong></span> <span class='ocrx_word' id='word_1_305' title='bbox 1777 3808 2002 3879; x_wconf 82' lang='lat' dir='ltr'><strong>Augusti</strong></span> <span class='ocrx_word' id='word_1_306' title='bbox 2041 3827 2102 3873; x_wconf 93' lang='grc' dir='ltr'><strong>ιι,</strong></span> 
     </span>
    </p>
   </div>
   <div class='ocr_carea' id='block_1_44' title="bbox 533 3892 2103 3961">
    <p class='ocr_par' dir='ltr' id='par_1_44' title="bbox 533 3892 2103 3961">
     <span class='ocr_line' id='line_1_44' title="bbox 533 3892 2103 3961; baseline 0.004 -15"><span class='ocrx_word' id='word_1_307' title='bbox 533 3892 804 3950; x_wconf 88' lang='lat' dir='ltr'><strong>Arcturus</strong></span> <span class='ocrx_word' id='word_1_308' title='bbox 853 3893 1231 3952; x_wconf 87' lang='lat' dir='ltr'><strong>Parthenonos</strong></span> <span class='ocrx_word' id='word_1_309' title='bbox 1275 3913 1446 3961; x_wconf 81' lang='lat' dir='ltr'><strong>xxvu,</strong></span> <span class='ocrx_word' id='word_1_310' title='bbox 1493 3898 1840 3957; x_wconf 83' lang='lat' dir='ltr'><strong>intervallum</strong></span> <span class='ocrx_word' id='word_1_311' title='bbox 1889 3898 2103 3953; x_wconf 88' lang='lat' dir='ltr'><strong>dierum</strong></span> 
     </span>
    </p>
   </div>
   <div class='ocr_carea' id='block_1_45' title="bbox 537 3984 1283 4056">
    <p class='ocr_par' dir='ltr' id='par_1_45' title="bbox 537 3984 1283 4056">
     <span class='ocr_line' id='line_1_45' title="bbox 537 3984 1283 4056; baseline 0.005 -18"><span class='ocrx_word' id='word_1_312' title='bbox 537 3984 934 4056; x_wconf 81' lang='lat' dir='ltr'><strong>quinquaginta</strong></span> <span class='ocrx_word' id='word_1_313' title='bbox 961 3987 1283 4043; x_wconf 89' lang='lat' dir='ltr'><strong>solidorum.</strong></span> 
     </span>
    </p>
   </div>
   <div class='ocr_carea' id='block_1_46' title="bbox 603 4080 2106 4153">
    <p class='ocr_par' dir='ltr' id='par_1_46' title="bbox 603 4080 2106 4153">
     <span class='ocr_line' id='line_1_46' title="bbox 603 4080 2106 4153; baseline -0.002 -17"><span class='ocrx_word' id='word_1_314' title='bbox 603 4080 857 4136; x_wconf 87' lang='lat' dir='ltr'><strong>Orionem</strong></span> <span class='ocrx_word' id='word_1_315' title='bbox 893 4081 1298 4152; x_wconf 87' lang='lat' dir='ltr'><strong>Theophrastus</strong></span> <span class='ocrx_word' id='word_1_316' title='bbox 1321 4083 1394 4138; x_wconf 90' lang='lat' dir='ltr'><strong>ait</strong></span> <span class='ocrx_word' id='word_1_317' title='bbox 1415 4082 1545 4136; x_wconf 90' lang='lat' dir='ltr'><strong>oriri</strong></span> <span class='ocrx_word' id='word_1_318' title='bbox 1571 4083 1628 4134; x_wconf 85' lang='grc' dir='ltr'>ὲν</span> <span class='ocrx_word' id='word_1_319' title='bbox 1661 4083 1802 4153; x_wconf 81' lang='grc' dir='ltr'><strong>ἀρχῇ</strong></span> <span class='ocrx_word' id='word_1_320' title='bbox 1833 4083 1933 4153; x_wconf 79' lang='grc' dir='ltr'><strong>τῆς</strong></span> <span class='ocrx_word' id='word_1_321' title='bbox 1963 4080 2106 4133; x_wconf 81' lang='grc' dir='ltr'><strong>ὀπώ-</strong></span> 
     </span>
    </p>
   </div>
   <div class='ocr_carea' id='block_1_47' title="bbox 526 4172 2103 4246">
    <p class='ocr_par' dir='ltr' id='par_1_47' title="bbox 526 4172 2103 4246">
     <span class='ocr_line' id='line_1_47' title="bbox 526 4172 2103 4246; baseline 0 -19"><span class='ocrx_word' id='word_1_322' title='bbox 526 4189 667 4245; x_wconf 70' lang='grc' dir='ltr'>ρας·</span> <span class='ocrx_word' id='word_1_323' title='bbox 701 4173 876 4227; x_wconf 82' lang='grc' dir='ltr'>δύνειν</span> <span class='ocrx_word' id='word_1_324' title='bbox 912 4177 971 4228; x_wconf 81' lang='grc' dir='ltr'>ἐν</span> <span class='ocrx_word' id='word_1_325' title='bbox 1003 4177 1142 4246; x_wconf 81' lang='grc' dir='ltr'><strong>ἀρχῇ</strong></span> <span class='ocrx_word' id='word_1_326' title='bbox 1170 4174 1264 4228; x_wconf 74' lang='grc' dir='ltr'><strong>τοῦ</strong></span> <span class='ocrx_word' id='word_1_327' title='bbox 1297 4175 1580 4245; x_wconf 83' lang='grc' dir='ltr'><strong>χειμῶνος,</strong></span> <span class='ocrx_word' id='word_1_328' title='bbox 1622 4173 1711 4227; x_wconf 89' lang='lat' dir='ltr'><strong>ubi</strong></span> <span class='ocrx_word' id='word_1_329' title='bbox 1755 4172 1976 4244; x_wconf 84' lang='grc' dir='ltr'>ὀπώραν</span> <span class='ocrx_word' id='word_1_330' title='bbox 2003 4187 2103 4244; x_wconf 91' lang='lat' dir='ltr'><strong>pro</strong></span> 
     </span>
    </p>
   </div>
   <div class='ocr_carea' id='block_1_48' title="bbox 532 4266 2105 4336">
    <p class='ocr_par' dir='ltr' id='par_1_48' title="bbox 532 4266 2105 4336">
     <span class='ocr_line' id='line_1_48' title="bbox 532 4266 2105 4336; baseline 0.001 -17"><span class='ocrx_word' id='word_1_331' title='bbox 532 4266 832 4323; x_wconf 86' lang='lat' dir='ltr'><strong>inclinante</strong></span> <span class='ocrx_word' id='word_1_332' title='bbox 858 4267 970 4336; x_wconf 89' lang='lat' dir='ltr'><strong>jam</strong></span> <span class='ocrx_word' id='word_1_333' title='bbox 1001 4276 1188 4322; x_wconf 63' lang='lat' dir='ltr'><strong>aestate</strong></span> <span class='ocrx_word' id='word_1_334' title='bbox 1211 4269 1397 4333; x_wconf 91' lang='lat' dir='ltr'><strong>sumit,</strong></span> <span class='ocrx_word' id='word_1_335' title='bbox 1435 4267 1629 4322; x_wconf 89' lang='lat' dir='ltr'><strong>diebus</strong></span> <span class='ocrx_word' id='word_1_336' title='bbox 1673 4267 1882 4336; x_wconf 86' lang='lat' dir='ltr'><strong>aliquot</strong></span> <span class='ocrx_word' id='word_1_337' title='bbox 1913 4282 1941 4319; x_wconf 92' lang='lat' dir='ltr'><strong>a</strong></span> <span class='ocrx_word' id='word_1_338' title='bbox 1973 4281 2105 4321; x_wconf 86' lang='lat' dir='ltr'><strong>con-</strong></span> 
     </span>
    </p>
   </div>
   <div class='ocr_carea' id='block_1_49' title="bbox 533 4356 2104 4428">
    <p class='ocr_par' dir='ltr' id='par_1_49' title="bbox 533 4356 2104 4428">
     <span class='ocr_line' id='line_1_49' title="bbox 533 4356 2104 4428; baseline 0.003 -18"><span class='ocrx_word' id='word_1_339' title='bbox 533 4356 677 4412; x_wconf 84' lang='lat' dir='ltr'><strong>feeto</strong></span> <span class='ocrx_word' id='word_1_340' title='bbox 721 4357 977 4414; x_wconf 90' lang='lat' dir='ltr'><strong>solstitio.</strong></span> <span class='ocrx_word' id='word_1_341' title='bbox 1028 4357 1086 4412; x_wconf 94' lang='lat' dir='ltr'><strong>ln</strong></span> <span class='ocrx_word' id='word_1_342' title='bbox 1131 4359 1419 4423; x_wconf 89' lang='lat' dir='ltr'><strong>laterculo,</strong></span> <span class='ocrx_word' id='word_1_343' title='bbox 1462 4357 1647 4413; x_wconf 91' lang='lat' dir='ltr'><strong>lucida</strong></span> <span class='ocrx_word' id='word_1_344' title='bbox 1686 4357 1840 4428; x_wconf 83' lang='lat' dir='ltr'><strong>pedis</strong></span> <span class='ocrx_word' id='word_1_345' title='bbox 1886 4356 2104 4414; x_wconf 90' lang='lat' dir='ltr'><strong>Orionis</strong></span> 
     </span>
    </p>
   </div>
   <div class='ocr_carea' id='block_1_50' title="bbox 533 4449 2100 4513">
    <p class='ocr_par' dir='ltr' id='par_1_50' title="bbox 533 4449 2100 4513">
     <span class='ocr_line' id='line_1_50' title="bbox 533 4449 2100 4513; baseline 0.001 -10"><span class='ocrx_word' id='word_1_346' title='bbox 533 4449 804 4505; x_wconf 89' lang='lat' dir='ltr'><strong>heliacum</strong></span> <span class='ocrx_word' id='word_1_347' title='bbox 850 4459 1034 4505; x_wconf 90' lang='lat' dir='ltr'><strong>ortum</strong></span> <span class='ocrx_word' id='word_1_348' title='bbox 1088 4449 1220 4504; x_wconf 80' lang='lat' dir='ltr'><strong>facit</strong></span> <span class='ocrx_word' id='word_1_349' title='bbox 1257 4449 1581 4506; x_wconf 90' lang='lat' dir='ltr'><strong>Carcinonis</strong></span> <span class='ocrx_word' id='word_1_350' title='bbox 1635 4467 1790 4513; x_wconf 88' lang='lat' dir='ltr'><strong>xvm,</strong></span> <span class='ocrx_word' id='word_1_351' title='bbox 1827 4449 1954 4504; x_wconf 84' lang='lat' dir='ltr'><strong>Julii</strong></span> <span class='ocrx_word' id='word_1_352' title='bbox 2002 4467 2100 4504; x_wconf 85' lang='lat' dir='ltr'><strong>xu.</strong></span> 
     </span>
    </p>
   </div>
   <div class='ocr_carea' id='block_1_51' title="bbox 2208 880 3817 952">
    <p class='ocr_par' dir='ltr' id='par_1_51' title="bbox 2208 880 3817 952">
     <span class='ocr_line' id='line_1_51' title="bbox 2208 880 3817 952; baseline -0.001 -17"><span class='ocrx_word' id='word_1_353' title='bbox 2208 893 2392 952; x_wconf 90' lang='lat' dir='ltr'><strong>gusto,</strong></span> <span class='ocrx_word' id='word_1_354' title='bbox 2422 880 2589 936; x_wconf 90' lang='lat' dir='ltr'><strong>Orion</strong></span> <span class='ocrx_word' id='word_1_355' title='bbox 2631 883 2791 952; x_wconf 90' lang='lat' dir='ltr'><strong>paulo</strong></span> <span class='ocrx_word' id='word_1_356' title='bbox 2823 891 2946 951; x_wconf 90' lang='lat' dir='ltr'><strong>post</strong></span> <span class='ocrx_word' id='word_1_357' title='bbox 2978 884 3266 938; x_wconf 89' lang='lat' dir='ltr'><strong>solstitium</strong></span> <span class='ocrx_word' id='word_1_358' title='bbox 3299 883 3426 936; x_wconf 88' lang='lat' dir='ltr'><strong>oriri</strong></span> <span class='ocrx_word' id='word_1_359' title='bbox 3456 883 3817 952; x_wconf 70' lang='lat' dir='ltr'><strong>incipiebat.</strong></span> 
     </span>
    </p>
   </div>
   <div class='ocr_carea' id='block_1_52' title="bbox 2205 973 3822 1046">
    <p class='ocr_par' dir='ltr' id='par_1_52' title="bbox 2205 973 3822 1046">
     <span class='ocr_line' id='line_1_52' title="bbox 2205 973 3822 1046; baseline 0.002 -19"><span class='ocrx_word' id='word_1_360' title='bbox 2205 973 2347 1045; x_wconf 83' lang='lat' dir='ltr'><strong>Ergo</strong></span> <span class='ocrx_word' id='word_1_361' title='bbox 2375 973 2520 1031; x_wconf 91' lang='lat' dir='ltr'><strong>Julio</strong></span> <span class='ocrx_word' id='word_1_362' title='bbox 2549 991 2734 1030; x_wconf 88' lang='lat' dir='ltr'><strong>mense</strong></span> <span class='ocrx_word' id='word_1_363' title='bbox 2762 978 3110 1046; x_wconf 75' lang='lat' dir='ltr'><strong>navigarunt.</strong></span> <span class='ocrx_word' id='word_1_364' title='bbox 3147 974 3235 1029; x_wconf 88' lang='lat' dir='ltr'><strong>Sic</strong></span> <span class='ocrx_word' id='word_1_365' title='bbox 3269 974 3537 1030; x_wconf 87' lang='lat' dir='ltr'><strong>Hesiodus</strong></span> <span class='ocrx_word' id='word_1_366' title='bbox 3583 975 3822 1030; x_wconf 81' lang='lat' dir='ltr'><strong>messis</strong></span> 
     </span>
    </p>
   </div>
   <div class='ocr_carea' id='block_1_53' title="bbox 2203 1067 3734 1138">
    <p class='ocr_par' dir='ltr' id='par_1_53' title="bbox 2203 1067 3734 1138">
     <span class='ocr_line' id='line_1_53' title="bbox 2203 1067 3734 1138; baseline 0.001 -17"><span class='ocrx_word' id='word_1_367' title='bbox 2203 1081 2273 1122; x_wconf 89' lang='lat' dir='ltr'><strong>ac</strong></span> <span class='ocrx_word' id='word_1_368' title='bbox 2300 1069 2512 1122; x_wconf 72' lang='lat' dir='ltr'><strong>tritura:</strong></span> <span class='ocrx_word' id='word_1_369' title='bbox 2540 1076 2759 1138; x_wconf 89' lang='lat' dir='ltr'><strong>tempus</strong></span> <span class='ocrx_word' id='word_1_370' title='bbox 2787 1069 3189 1124; x_wconf 87' lang='lat' dir='ltr'><strong>circumscribit</strong></span> <span class='ocrx_word' id='word_1_371' title='bbox 3220 1067 3436 1122; x_wconf 89' lang='lat' dir='ltr'><strong>Orionis</strong></span> <span class='ocrx_word' id='word_1_372' title='bbox 3463 1078 3676 1122; x_wconf 88' lang='lat' dir='ltr'><strong>exortu</strong></span> <span class='ocrx_word' id='word_1_373' title='bbox 3711 1085 3734 1123; x_wconf 89' lang='lat'><strong>:</strong></span> 
     </span>
    </p>
   </div>
   <div class='ocr_carea' id='block_1_54' title="bbox 2276 1175 3685 1250">
    <p class='ocr_par' dir='ltr' id='par_1_54' title="bbox 2276 1175 3685 1250">
     <span class='ocr_line' id='line_1_54' title="bbox 2276 1175 3685 1250; baseline -0.001 -15"><span class='ocrx_word' id='word_1_374' title='bbox 2276 1220 2291 1235; x_wconf 91' lang='lat'><strong>.</strong></span> <span class='ocrx_word' id='word_1_375' title='bbox 2336 1222 2349 1235; x_wconf 94' lang='lat'><strong>.</strong></span> <span class='ocrx_word' id='word_1_376' title='bbox 2389 1222 2404 1236; x_wconf 95' lang='lat'><strong>.</strong></span> <span class='ocrx_word' id='word_1_377' title='bbox 2438 1175 2577 1234; x_wconf 77' lang='grc' dir='ltr'><strong>Εὖτ“</strong></span> <span class='ocrx_word' id='word_1_378' title='bbox 2610 1179 2688 1233; x_wconf 82' lang='grc' dir='ltr'><strong>ἂν</strong></span> <span class='ocrx_word' id='word_1_379' title='bbox 2719 1179 2916 1249; x_wconf 75' lang='grc' dir='ltr'><em>πρῶτα</em></span> <span class='ocrx_word' id='word_1_380' title='bbox 2951 1180 3110 1250; x_wconf 71' lang='grc' dir='ltr'><strong>φανῇ</strong></span> <span class='ocrx_word' id='word_1_381' title='bbox 3141 1180 3322 1250; x_wconf 80' lang='grc' dir='ltr'><em>μένος</em></span> <span class='ocrx_word' id='word_1_382' title='bbox 3365 1182 3685 1249; x_wconf 76' lang='grc' dir='ltr'><strong>Ὠρίωνος⁹</strong></span> 
     </span>
    </p>
   </div>
   <div class='ocr_carea' id='block_1_55' title="bbox 2203 1291 3808 1363">
    <p class='ocr_par' dir='ltr' id='par_1_55' title="bbox 2203 1291 3808 1363">
     <span class='ocr_line' id='line_1_55' title="bbox 2203 1291 3808 1363; baseline -0.001 -15"><span class='ocrx_word' id='word_1_383' title='bbox 2203 1307 2215 1354; x_wconf 82' lang='lat'><strong>-:</strong></span> <span class='ocrx_word' id='word_1_384' title='bbox 2277 1333 2290 1348; x_wconf 90' lang='lat'><strong>.</strong></span> <span class='ocrx_word' id='word_1_385' title='bbox 2331 1329 2346 1344; x_wconf 92' lang='lat'><strong>.</strong></span> <span class='ocrx_word' id='word_1_386' title='bbox 2389 1331 2402 1344; x_wconf 95' lang='lat'><strong>.</strong></span> <span class='ocrx_word' id='word_1_387' title='bbox 2443 1291 2574 1346; x_wconf 90' lang='lat' dir='ltr'><strong>Cum</strong></span> <span class='ocrx_word' id='word_1_388' title='bbox 2603 1293 2829 1361; x_wconf 80' lang='lat' dir='ltr'><strong>primum</strong></span> <span class='ocrx_word' id='word_1_389' title='bbox 2873 1309 3121 1363; x_wconf 83' lang='lat' dir='ltr'><strong>apparere</strong></span> <span class='ocrx_word' id='word_1_390' title='bbox 3158 1294 3305 1362; x_wconf 74' lang='lat' dir='ltr'><strong>rwpit</strong></span> <span class='ocrx_word' id='word_1_391' title='bbox 3346 1293 3506 1348; x_wconf 84' lang='lat' dir='ltr'><strong>robur</strong></span> <span class='ocrx_word' id='word_1_392' title='bbox 3537 1293 3808 1348; x_wconf 75' lang='lat' dir='ltr'><strong>Orionis.</strong></span> 
     </span>
    </p>
   </div>
   <div class='ocr_carea' id='block_1_56' title="bbox 2274 1400 3808 1471">
    <p class='ocr_par' dir='ltr' id='par_1_56' title="bbox 2274 1400 3808 1471">
     <span class='ocr_line' id='line_1_56' title="bbox 2274 1400 3808 1471; baseline 0.001 -17"><span class='ocrx_word' id='word_1_393' title='bbox 2274 1400 2475 1457; x_wconf 86' lang='lat' dir='ltr'><strong>Leonis</strong></span> <span class='ocrx_word' id='word_1_394' title='bbox 2511 1402 2566 1456; x_wconf 91' lang='lat' dir='ltr'><strong>in</strong></span> <span class='ocrx_word' id='word_1_395' title='bbox 2595 1411 2814 1471; x_wconf 86' lang='lat' dir='ltr'><strong>pectore</strong></span> <span class='ocrx_word' id='word_1_396' title='bbox 2867 1403 3014 1456; x_wconf 91' lang='lat' dir='ltr'><strong>clara</strong></span> <span class='ocrx_word' id='word_1_397' title='bbox 3064 1403 3216 1457; x_wconf 87' lang='lat' dir='ltr'><strong>stella</strong></span> <span class='ocrx_word' id='word_1_398' title='bbox 3257 1403 3456 1457; x_wconf 91' lang='lat' dir='ltr'><strong>occidit</strong></span> <span class='ocrx_word' id='word_1_399' title='bbox 3491 1419 3648 1458; x_wconf 87' lang='lat' dir='ltr'><strong>xxvu</strong></span> <span class='ocrx_word' id='word_1_400' title='bbox 3701 1401 3808 1458; x_wconf 71' lang='lat' dir='ltr'><strong>Ja-</strong></span> 
     </span>
    </p>
   </div>
   <div class='ocr_carea' id='block_1_57' title="bbox 2201 1492 3808 1563">
    <p class='ocr_par' dir='ltr' id='par_1_57' title="bbox 2201 1492 3808 1563">
     <span class='ocr_line' id='line_1_57' title="bbox 2201 1492 3808 1563; baseline 0.001 -17"><span class='ocrx_word' id='word_1_401' title='bbox 2201 1495 2405 1558; x_wconf 81' lang='lat' dir='ltr'><strong>nuarii,</strong></span> <span class='ocrx_word' id='word_1_402' title='bbox 2441 1502 2500 1547; x_wconf 93' lang='lat' dir='ltr'><strong>ut</strong></span> <span class='ocrx_word' id='word_1_403' title='bbox 2538 1494 2730 1548; x_wconf 82' lang='lat' dir='ltr'><strong>scribit</strong></span> <span class='ocrx_word' id='word_1_404' title='bbox 2770 1493 3093 1556; x_wconf 91' lang='lat' dir='ltr'><strong>Columella,</strong></span> <span class='ocrx_word' id='word_1_405' title='bbox 3127 1504 3185 1547; x_wconf 89' lang='lat' dir='ltr'><strong>ut</strong></span> <span class='ocrx_word' id='word_1_406' title='bbox 3227 1492 3472 1557; x_wconf 86' lang='lat' dir='ltr'><strong>Ovidius,</strong></span> <span class='ocrx_word' id='word_1_407' title='bbox 3523 1511 3687 1563; x_wconf 68' lang='lat' dir='ltr'><strong>XXIV.</strong></span> <span class='ocrx_word' id='word_1_408' title='bbox 3741 1495 3808 1548; x_wconf 90' lang='lat' dir='ltr'><strong>ln</strong></span> 
     </span>
    </p>
   </div>
   <div class='ocr_carea' id='block_1_58' title="bbox 2202 1582 3807 1654">
    <p class='ocr_par' dir='ltr' id='par_1_58' title="bbox 2202 1582 3807 1654">
     <span class='ocr_line' id='line_1_58' title="bbox 2202 1582 3807 1654; baseline 0.002 -18"><span class='ocrx_word' id='word_1_409' title='bbox 2202 1582 2467 1637; x_wconf 87' lang='lat' dir='ltr'><strong>laterculo</strong></span> <span class='ocrx_word' id='word_1_410' title='bbox 2494 1593 2685 1639; x_wconf 88' lang='lat' dir='ltr'><strong>nostro</strong></span> <span class='ocrx_word' id='word_1_411' title='bbox 2714 1583 2898 1638; x_wconf 87' lang='lat' dir='ltr'><strong>eadem</strong></span> <span class='ocrx_word' id='word_1_412' title='bbox 2933 1585 3086 1638; x_wconf 82' lang='lat' dir='ltr'><strong>stella</strong></span> <span class='ocrx_word' id='word_1_413' title='bbox 3112 1583 3396 1654; x_wconf 74' lang='lat' dir='ltr'><strong>Hydronos</strong></span> <span class='ocrx_word' id='word_1_414' title='bbox 3428 1586 3594 1639; x_wconf 87' lang='lat' dir='ltr'><strong>tertio</strong></span> <span class='ocrx_word' id='word_1_415' title='bbox 3619 1601 3807 1639; x_wconf 84' lang='lat' dir='ltr'><strong>mane</strong></span> 
     </span>
    </p>
   </div>
   <div class='ocr_carea' id='block_1_59' title="bbox 2201 1671 3800 1744">
    <p class='ocr_par' dir='ltr' id='par_1_59' title="bbox 2201 1671 3800 1744">
     <span class='ocr_line' id='line_1_59' title="bbox 2201 1671 3800 1744; baseline -0.001 -16"><span class='ocrx_word' id='word_1_416' title='bbox 2201 1675 2421 1736; x_wconf 89' lang='lat' dir='ltr'><strong>occidit,</strong></span> <span class='ocrx_word' id='word_1_417' title='bbox 2458 1690 2684 1744; x_wconf 90' lang='lat' dir='ltr'><strong>prorsus</strong></span> <span class='ocrx_word' id='word_1_418' title='bbox 2717 1682 2776 1728; x_wconf 92' lang='lat' dir='ltr'><strong>ut</strong></span> <span class='ocrx_word' id='word_1_419' title='bbox 2812 1672 3036 1729; x_wconf 81' lang='lat' dir='ltr'><strong>Ovidius</strong></span> <span class='ocrx_word' id='word_1_420' title='bbox 3081 1675 3264 1736; x_wconf 83' lang='lat' dir='ltr'><strong>refert,</strong></span> <span class='ocrx_word' id='word_1_421' title='bbox 3313 1671 3562 1727; x_wconf 84' lang='lat' dir='ltr'><strong>Januarii</strong></span> <span class='ocrx_word' id='word_1_422' title='bbox 3625 1691 3800 1728; x_wconf 80' lang='lat' dir='ltr'><strong>xxiv.</strong></span> 
     </span>
    </p>
   </div>
   <div class='ocr_carea' id='block_1_60' title="bbox 2201 1762 3801 1833">
    <p class='ocr_par' dir='ltr' id='par_1_60' title="bbox 2201 1762 3801 1833">
     <span class='ocr_line' id='line_1_60' title="bbox 2201 1762 3801 1833; baseline -0.001 -16"><span class='ocrx_word' id='word_1_423' title='bbox 2201 1764 2381 1831; x_wconf 85' lang='lat' dir='ltr'><strong>Quare</strong></span> <span class='ocrx_word' id='word_1_424' title='bbox 2411 1764 2477 1819; x_wconf 92' lang='lat' dir='ltr'><strong>de</strong></span> <span class='ocrx_word' id='word_1_425' title='bbox 2510 1780 2709 1819; x_wconf 91' lang='lat' dir='ltr'><strong>occasu</strong></span> <span class='ocrx_word' id='word_1_426' title='bbox 2747 1765 2990 1819; x_wconf 83' lang='lat' dir='ltr'><strong>cosmico</strong></span> <span class='ocrx_word' id='word_1_427' title='bbox 3018 1762 3315 1833; x_wconf 90' lang='lat' dir='ltr'><strong>capiendus</strong></span> <span class='ocrx_word' id='word_1_428' title='bbox 3353 1770 3458 1818; x_wconf 86' lang='lat' dir='ltr'><strong>est.</strong></span> <span class='ocrx_word' id='word_1_429' title='bbox 3500 1765 3573 1817; x_wconf 88' lang='lat' dir='ltr'><strong>At</strong></span> <span class='ocrx_word' id='word_1_430' title='bbox 3614 1764 3801 1817; x_wconf 86' lang='lat' dir='ltr'><strong>Colu-</strong></span> 
     </span>
    </p>
   </div>
   <div class='ocr_carea' id='block_1_61' title="bbox 2128 1853 3803 1924">
    <p class='ocr_par' dir='ltr' id='par_1_61' title="bbox 2128 1853 3803 1924">
     <span class='ocr_line' id='line_1_61' title="bbox 2128 1853 3803 1924; baseline 0.001 -16"><span class='ocrx_word' id='word_1_431' title='bbox 2128 1868 2169 1922; x_wconf 76' lang='grc' dir='ltr'><strong>Β</strong></span> <span class='ocrx_word' id='word_1_432' title='bbox 2198 1855 2357 1909; x_wconf 86' lang='lat' dir='ltr'><strong>mella</strong></span> <span class='ocrx_word' id='word_1_433' title='bbox 2382 1853 2578 1911; x_wconf 85' lang='lat' dir='ltr'><strong>Leonis</strong></span> <span class='ocrx_word' id='word_1_434' title='bbox 2611 1857 2811 1909; x_wconf 90' lang='lat' dir='ltr'><strong>claram</strong></span> <span class='ocrx_word' id='word_1_435' title='bbox 2841 1857 2894 1909; x_wconf 91' lang='lat' dir='ltr'><strong>in</strong></span> <span class='ocrx_word' id='word_1_436' title='bbox 2939 1864 3154 1924; x_wconf 88' lang='lat' dir='ltr'><strong>pectore</strong></span> <span class='ocrx_word' id='word_1_437' title='bbox 3196 1854 3405 1908; x_wconf 88' lang='lat' dir='ltr'><strong>stellam</strong></span> <span class='ocrx_word' id='word_1_438' title='bbox 3447 1855 3662 1924; x_wconf 73' lang='lat' dir='ltr'><strong>exoriri</strong></span> <span class='ocrx_word' id='word_1_439' title='bbox 3704 1870 3803 1909; x_wconf 83' lang='lat' dir='ltr'><strong>as-</strong></span> 
     </span>
    </p>
   </div>
   <div class='ocr_carea' id='block_1_62' title="bbox 2205 1944 3798 2018">
    <p class='ocr_par' dir='ltr' id='par_1_62' title="bbox 2205 1944 3798 2018">
     <span class='ocr_line' id='line_1_62' title="bbox 2205 1944 3798 2018; baseline -0.001 -16"><span class='ocrx_word' id='word_1_440' title='bbox 2205 1947 2338 2002; x_wconf 89' lang='lat' dir='ltr'><strong>serit</strong></span> <span class='ocrx_word' id='word_1_441' title='bbox 2369 1963 2422 2001; x_wconf 76' lang='lat' dir='ltr'>IX</span> <span class='ocrx_word' id='word_1_442' title='bbox 2455 1944 2722 2004; x_wconf 81' lang='lat' dir='ltr'><strong>Kalendas</strong></span> <span class='ocrx_word' id='word_1_443' title='bbox 2761 1947 2990 2018; x_wconf 81' lang='lat' dir='ltr'><strong>Augusti</strong></span> <span class='ocrx_word' id='word_1_444' title='bbox 3027 1954 3080 2001; x_wconf 91' lang='lat' dir='ltr'><strong>et</strong></span> <span class='ocrx_word' id='word_1_445' title='bbox 3121 1947 3296 2016; x_wconf 89' lang='lat' dir='ltr'><strong>pridie</strong></span> <span class='ocrx_word' id='word_1_446' title='bbox 3323 1945 3503 2001; x_wconf 85' lang='lat' dir='ltr'><strong>Nonas</strong></span> <span class='ocrx_word' id='word_1_447' title='bbox 3544 1946 3798 2017; x_wconf 78' lang='lat' dir='ltr'><strong>Augusti</strong></span> 
     </span>
    </p>
   </div>
   <div class='ocr_carea' id='block_1_63' title="bbox 2204 2038 3801 2108">
    <p class='ocr_par' dir='ltr' id='par_1_63' title="bbox 2204 2038 3801 2108">
     <span class='ocr_line' id='line_1_63' title="bbox 2204 2038 3801 2108; baseline 0.001 -16"><span class='ocrx_word' id='word_1_448' title='bbox 2204 2038 2438 2095; x_wconf 84' lang='lat' dir='ltr'><strong>Leonem</strong></span> <span class='ocrx_word' id='word_1_449' title='bbox 2476 2040 2610 2094; x_wconf 91' lang='lat' dir='ltr'><strong>oriri</strong></span> <span class='ocrx_word' id='word_1_450' title='bbox 2639 2041 2899 2095; x_wconf 91' lang='lat' dir='ltr'><strong>medium.</strong></span> <span class='ocrx_word' id='word_1_451' title='bbox 2937 2039 3093 2105; x_wconf 86' lang='lat' dir='ltr'><strong>Quod</strong></span> <span class='ocrx_word' id='word_1_452' title='bbox 3119 2039 3185 2094; x_wconf 91' lang='lat' dir='ltr'><strong>de</strong></span> <span class='ocrx_word' id='word_1_453' title='bbox 3215 2039 3421 2094; x_wconf 84' lang='lat' dir='ltr'><strong>heliaco</strong></span> <span class='ocrx_word' id='word_1_454' title='bbox 3454 2055 3568 2093; x_wconf 90' lang='lat' dir='ltr'><strong>non</strong></span> <span class='ocrx_word' id='word_1_455' title='bbox 3598 2050 3801 2108; x_wconf 86' lang='lat' dir='ltr'><strong>potest</strong></span> 
     </span>
    </p>
   </div>
   <div class='ocr_carea' id='block_1_64' title="bbox 2205 2130 3795 2201">
    <p class='ocr_par' dir='ltr' id='par_1_64' title="bbox 2205 2130 3795 2201">
     <span class='ocr_line' id='line_1_64' title="bbox 2205 2130 3795 2201; baseline 0.001 -18"><span class='ocrx_word' id='word_1_456' title='bbox 2205 2131 2414 2199; x_wconf 86' lang='lat' dir='ltr'><strong>accipi;</strong></span> <span class='ocrx_word' id='word_1_457' title='bbox 2445 2133 2537 2200; x_wconf 90' lang='lat' dir='ltr'><strong>qui</strong></span> <span class='ocrx_word' id='word_1_458' title='bbox 2580 2130 2892 2186; x_wconf 87' lang='lat' dir='ltr'><strong>Leontonos</strong></span> <span class='ocrx_word' id='word_1_459' title='bbox 2920 2147 3075 2192; x_wconf 84' lang='lat' dir='ltr'><strong>xvtn,</strong></span> <span class='ocrx_word' id='word_1_460' title='bbox 3126 2131 3350 2201; x_wconf 79' lang='lat' dir='ltr'><strong>Augusti</strong></span> <span class='ocrx_word' id='word_1_461' title='bbox 3397 2147 3473 2184; x_wconf 79' lang='lat' dir='ltr'><strong>xu</strong></span> <span class='ocrx_word' id='word_1_462' title='bbox 3517 2131 3795 2200; x_wconf 80' lang='lat' dir='ltr'><strong>primitus</strong></span> 
     </span>
    </p>
   </div>
   <div class='ocr_carea' id='block_1_65' title="bbox 2203 2221 3792 2292">
    <p class='ocr_par' dir='ltr' id='par_1_65' title="bbox 2203 2221 3792 2292">
     <span class='ocr_line' id='line_1_65' title="bbox 2203 2221 3792 2292; baseline -0.001 -17"><span class='ocrx_word' id='word_1_463' title='bbox 2203 2223 2455 2291; x_wconf 75' lang='lat' dir='ltr'><strong>occmpit,</strong></span> <span class='ocrx_word' id='word_1_464' title='bbox 2487 2224 2552 2276; x_wconf 90' lang='lat' dir='ltr'><strong>ad</strong></span> <span class='ocrx_word' id='word_1_465' title='bbox 2581 2239 2766 2277; x_wconf 86' lang='lat' dir='ltr'><strong>verum</strong></span> <span class='ocrx_word' id='word_1_466' title='bbox 2802 2230 2855 2276; x_wconf 90' lang='lat' dir='ltr'><strong>et</strong></span> <span class='ocrx_word' id='word_1_467' title='bbox 2887 2222 3182 2276; x_wconf 89' lang='lat' dir='ltr'><strong>cosmicum</strong></span> <span class='ocrx_word' id='word_1_468' title='bbox 3215 2221 3402 2276; x_wconf 87' lang='lat' dir='ltr'><strong>referri</strong></span> <span class='ocrx_word' id='word_1_469' title='bbox 3445 2231 3647 2292; x_wconf 86' lang='lat' dir='ltr'><strong>potest.</strong></span> <span class='ocrx_word' id='word_1_470' title='bbox 3682 2223 3792 2274; x_wconf 80' lang='lat' dir='ltr'><strong>At-</strong></span> 
     </span>
    </p>
   </div>
   <div class='ocr_carea' id='block_1_66' title="bbox 2203 2311 3790 2384">
    <p class='ocr_par' dir='ltr' id='par_1_66' title="bbox 2203 2311 3790 2384">
     <span class='ocr_line' id='line_1_66' title="bbox 2203 2311 3790 2384; baseline 0.001 -19"><span class='ocrx_word' id='word_1_471' title='bbox 2203 2314 2295 2382; x_wconf 90' lang='lat' dir='ltr'><strong>qui</strong></span> <span class='ocrx_word' id='word_1_472' title='bbox 2342 2312 2549 2367; x_wconf 84' lang='lat' dir='ltr'><strong>Plinius</strong></span> <span class='ocrx_word' id='word_1_473' title='bbox 2602 2314 2696 2368; x_wconf 91' lang='lat' dir='ltr'><strong>lib.</strong></span> <span class='ocrx_word' id='word_1_474' title='bbox 2734 2311 2935 2378; x_wconf 70' lang='lat' dir='ltr'>XVIH,</span> <span class='ocrx_word' id='word_1_475' title='bbox 2976 2328 3096 2384; x_wconf 84' lang='lat' dir='ltr'><strong>cap.</strong></span> <span class='ocrx_word' id='word_1_476' title='bbox 3143 2311 3376 2381; x_wconf 73' lang='lat' dir='ltr'>XXVIII,</span> <span class='ocrx_word' id='word_1_477' title='bbox 3409 2334 3426 2364; x_wconf 80' lang='grc' dir='ltr'><strong>ι</strong></span> <span class='ocrx_word' id='word_1_478' title='bbox 3457 2315 3624 2370; x_wconf 91' lang='lat' dir='ltr'><strong>tertio</strong></span> <span class='ocrx_word' id='word_1_479' title='bbox 3669 2313 3790 2367; x_wconf 79' lang='lat' dir='ltr'><strong>Ka-</strong></span> 
     </span>
    </p>
   </div>
   <div class='ocr_carea' id='block_1_67' title="bbox 2202 2403 3787 2476">
    <p class='ocr_par' dir='ltr' id='par_1_67' title="bbox 2202 2403 3787 2476">
     <span class='ocr_line' id='line_1_67' title="bbox 2202 2403 3787 2476; baseline 0.003 -21"><span class='ocrx_word' id='word_1_480' title='bbox 2202 2403 2426 2468; x_wconf 87' lang='lat' dir='ltr'><strong>lendas,</strong></span> <span class='ocrx_word' id='word_1_481' title='bbox 2484 2406 2591 2470; x_wconf 87' lang='lat' dir='ltr'><strong>ait,</strong></span> <span class='ocrx_word' id='word_1_482' title='bbox 2671 2404 2900 2474; x_wconf 83' lang='lat' dir='ltr'><strong>Augusti</strong></span> <span class='ocrx_word' id='word_1_483' title='bbox 2966 2407 3168 2461; x_wconf 90' lang='lat' dir='ltr'><strong>mensis</strong></span> <span class='ocrx_word' id='word_1_484' title='bbox 3243 2406 3388 2475; x_wconf 84' lang='lat' dir='ltr'><strong>regia</strong></span> <span class='ocrx_word' id='word_1_485' title='bbox 3441 2406 3493 2459; x_wconf 92' lang='lat' dir='ltr'><strong>in</strong></span> <span class='ocrx_word' id='word_1_486' title='bbox 3558 2416 3787 2476; x_wconf 87' lang='lat' dir='ltr'><strong>pectore</strong></span> 
     </span>
    </p>
   </div>
   <div class='ocr_carea' id='block_1_68' title="bbox 2204 2496 3787 2567">
    <p class='ocr_par' dir='ltr' id='par_1_68' title="bbox 2204 2496 3787 2567">
     <span class='ocr_line' id='line_1_68' title="bbox 2204 2496 3787 2567; baseline 0.002 -18"><span class='ocrx_word' id='word_1_487' title='bbox 2204 2497 2401 2551; x_wconf 86' lang='lat' dir='ltr'><strong>Leonis</strong></span> <span class='ocrx_word' id='word_1_488' title='bbox 2426 2497 2579 2552; x_wconf 88' lang='lat' dir='ltr'><strong>stella</strong></span> <span class='ocrx_word' id='word_1_489' title='bbox 2613 2497 2876 2550; x_wconf 90' lang='lat' dir='ltr'><strong>matutino</strong></span> <span class='ocrx_word' id='word_1_490' title='bbox 2906 2496 3107 2551; x_wconf 60' lang='lat' dir='ltr'><strong>Ca‘sari</strong></span> <span class='ocrx_word' id='word_1_491' title='bbox 3151 2497 3506 2567; x_wconf 85' lang='lat' dir='ltr'><strong>immergitur.</strong></span> <span class='ocrx_word' id='word_1_492' title='bbox 3546 2518 3565 2550; x_wconf 81' lang='grc' dir='ltr'><strong>ι</strong></span> <span class='ocrx_word' id='word_1_493' title='bbox 3603 2499 3787 2553; x_wconf 70' lang='lat' dir='ltr'><strong>Matu-</strong></span> 
     </span>
    </p>
   </div>
   <div class='ocr_carea' id='block_1_69' title="bbox 2203 2587 3785 2660">
    <p class='ocr_par' dir='ltr' id='par_1_69' title="bbox 2203 2587 3785 2660">
     <span class='ocr_line' id='line_1_69' title="bbox 2203 2587 3785 2660; baseline 0.003 -20"><span class='ocrx_word' id='word_1_494' title='bbox 2203 2587 2376 2641; x_wconf 92' lang='lat' dir='ltr'><strong>tinum</strong></span> <span class='ocrx_word' id='word_1_495' title='bbox 2416 2603 2672 2642; x_wconf 81' lang='lat' dir='ltr'><strong>occasum</strong></span> <span class='ocrx_word' id='word_1_496' title='bbox 2723 2589 2837 2642; x_wconf 74' lang='lat' dir='ltr'><strong>lucc</strong></span> <span class='ocrx_word' id='word_1_497' title='bbox 2875 2589 3038 2643; x_wconf 85' lang='lat' dir='ltr'><strong>verba</strong></span> <span class='ocrx_word' id='word_1_498' title='bbox 3092 2589 3504 2654; x_wconf 89' lang='lat' dir='ltr'><strong>demonstrant,</strong></span> <span class='ocrx_word' id='word_1_499' title='bbox 3569 2592 3662 2660; x_wconf 92' lang='lat' dir='ltr'><strong>qui</strong></span> <span class='ocrx_word' id='word_1_500' title='bbox 3726 2591 3785 2644; x_wconf 88' lang='lat' dir='ltr'><strong>in</strong></span> 
     </span>
    </p>
   </div>
   <div class='ocr_carea' id='block_1_70' title="bbox 2203 2677 3785 2747">
    <p class='ocr_par' dir='ltr' id='par_1_70' title="bbox 2203 2677 3785 2747">
     <span class='ocr_line' id='line_1_70' title="bbox 2203 2677 3785 2747; baseline 0.004 -18"><span class='ocrx_word' id='word_1_501' title='bbox 2203 2677 2428 2747; x_wconf 83' lang='lat' dir='ltr'><strong>Aquarii</strong></span> <span class='ocrx_word' id='word_1_502' title='bbox 2471 2678 2643 2747; x_wconf 82' lang='lat' dir='ltr'><strong>gradu</strong></span> <span class='ocrx_word' id='word_1_503' title='bbox 2675 2679 2858 2741; x_wconf 88' lang='lat' dir='ltr'><strong>tertio,</strong></span> <span class='ocrx_word' id='word_1_504' title='bbox 2883 2677 3126 2733; x_wconf 82' lang='lat' dir='ltr'><strong>Januarii</strong></span> <span class='ocrx_word' id='word_1_505' title='bbox 3151 2695 3277 2733; x_wconf 64' lang='grc' dir='ltr'><strong>χχιιι</strong></span> <span class='ocrx_word' id='word_1_506' title='bbox 3303 2681 3519 2734; x_wconf 90' lang='lat' dir='ltr'><strong>accidit.</strong></span> <span class='ocrx_word' id='word_1_507' title='bbox 3557 2681 3785 2736; x_wconf 80' lang='lat' dir='ltr'><strong>Mendo—</strong></span> 
     </span>
    </p>
   </div>
   <div class='ocr_carea' id='block_1_71' title="bbox 2205 2769 3782 2842">
    <p class='ocr_par' dir='ltr' id='par_1_71' title="bbox 2205 2769 3782 2842">
     <span class='ocr_line' id='line_1_71' title="bbox 2205 2769 3782 2842; baseline 0.003 -17"><span class='ocrx_word' id='word_1_508' title='bbox 2205 2787 2299 2826; x_wconf 90' lang='lat' dir='ltr'><strong>sus</strong></span> <span class='ocrx_word' id='word_1_509' title='bbox 2328 2785 2457 2838; x_wconf 84' lang='lat' dir='ltr'><strong>ergo</strong></span> <span class='ocrx_word' id='word_1_510' title='bbox 2483 2769 2636 2822; x_wconf 88' lang='lat' dir='ltr'><strong>locus</strong></span> <span class='ocrx_word' id='word_1_511' title='bbox 2665 2781 2750 2824; x_wconf 89' lang='lat' dir='ltr'><strong>est</strong></span> <span class='ocrx_word' id='word_1_512' title='bbox 2778 2769 2958 2833; x_wconf 86' lang='lat' dir='ltr'><strong>Plinii,</strong></span> <span class='ocrx_word' id='word_1_513' title='bbox 2988 2787 3051 2825; x_wconf 92' lang='lat' dir='ltr'><strong>ac</strong></span> <span class='ocrx_word' id='word_1_514' title='bbox 3095 2771 3377 2842; x_wconf 79' lang='lat' dir='ltr'><strong>legendum</strong></span> <span class='ocrx_word' id='word_1_515' title='bbox 3425 2775 3654 2828; x_wconf 86' lang='lat' dir='ltr'><strong>omnino</strong></span> <span class='ocrx_word' id='word_1_516' title='bbox 3697 2786 3782 2829; x_wconf 77' lang='lat' dir='ltr'><strong>est</strong></span> 
     </span>
    </p>
   </div>
   <div class='ocr_carea' id='block_1_72' title="bbox 2209 2860 3781 2933">
    <p class='ocr_par' dir='ltr' id='par_1_72' title="bbox 2209 2860 3781 2933">
     <span class='ocr_line' id='line_1_72' title="bbox 2209 2860 3781 2933; baseline 0.006 -21"><span class='ocrx_word' id='word_1_517' title='bbox 2209 2879 2227 2912; x_wconf 80' lang='grc' dir='ltr'><strong>ι</strong></span> <span class='ocrx_word' id='word_1_518' title='bbox 2269 2860 2516 2930; x_wconf 89' lang='lat' dir='ltr'><strong>emergit,</strong></span> <span class='ocrx_word' id='word_1_519' title='bbox 2553 2880 2568 2910; x_wconf 85' lang='grc' dir='ltr'><strong>ι</strong></span> <span class='ocrx_word' id='word_1_520' title='bbox 2601 2862 2681 2915; x_wconf 77' lang='lat' dir='ltr'><strong>vel</strong></span> <span class='ocrx_word' id='word_1_521' title='bbox 2709 2881 2728 2911; x_wconf 76' lang='grc' dir='ltr'><strong>ι</strong></span> <span class='ocrx_word' id='word_1_522' title='bbox 2783 2862 3097 2933; x_wconf 85' lang='lat' dir='ltr'><strong>emergitur,</strong></span> <span class='ocrx_word' id='word_1_523' title='bbox 3134 2881 3152 2913; x_wconf 77' lang='grc' dir='ltr'><strong>ι</strong></span> <span class='ocrx_word' id='word_1_524' title='bbox 3191 2863 3244 2916; x_wconf 89' lang='lat' dir='ltr'><strong>id</strong></span> <span class='ocrx_word' id='word_1_525' title='bbox 3287 2870 3370 2918; x_wconf 90' lang='lat' dir='ltr'><strong>est</strong></span> <span class='ocrx_word' id='word_1_526' title='bbox 3421 2864 3602 2918; x_wconf 90' lang='lat' dir='ltr'><strong>oritur</strong></span> <span class='ocrx_word' id='word_1_527' title='bbox 3651 2881 3781 2920; x_wconf 85' lang='lat' dir='ltr'><strong>cum</strong></span> 
     </span>
    </p>
   </div>
   <div class='ocr_carea' id='block_1_73' title="bbox 2204 2953 2341 3008">
    <p class='ocr_par' dir='ltr' id='par_1_73' title="bbox 2204 2953 2341 3008">
     <span class='ocr_line' id='line_1_73' title="bbox 2204 2953 2341 3008; baseline 0.007 -1"><span class='ocrx_word' id='word_1_528' title='bbox 2204 2953 2341 3008; x_wconf 92' lang='lat' dir='ltr'><strong>sole.</strong></span> 
     </span>
    </p>
   </div>
   <div class='ocr_carea' id='block_1_74' title="bbox 2253 3046 3783 3119">
    <p class='ocr_par' dir='ltr' id='par_1_74' title="bbox 2253 3046 3783 3119">
     <span class='ocr_line' id='line_1_74' title="bbox 2253 3046 3783 3119; baseline 0.001 -19"><span class='ocrx_word' id='word_1_529' title='bbox 2253 3046 2548 3102; x_wconf 78' lang='lat' dir='ltr'><strong>-Geminus</strong></span> <span class='ocrx_word' id='word_1_530' title='bbox 2615 3062 2868 3102; x_wconf 89' lang='lat' dir='ltr'><strong>occasum</strong></span> <span class='ocrx_word' id='word_1_531' title='bbox 2937 3046 3134 3104; x_wconf 91' lang='lat' dir='ltr'><strong>Leonis</strong></span> <span class='ocrx_word' id='word_1_532' title='bbox 3195 3057 3565 3104; x_wconf 89' lang='lat' dir='ltr'><strong>consentanee</strong></span> <span class='ocrx_word' id='word_1_533' title='bbox 3627 3051 3783 3119; x_wconf 87' lang='lat' dir='ltr'><strong>ponit</strong></span> 
     </span>
    </p>
   </div>
   <div class='ocr_carea' id='block_1_75' title="bbox 2205 3135 3778 3212">
    <p class='ocr_par' dir='ltr' id='par_1_75' title="bbox 2205 3135 3778 3212">
     <span class='ocr_line' id='line_1_75' title="bbox 2205 3135 3778 3212; baseline 0.001 -19"><span class='ocrx_word' id='word_1_534' title='bbox 2205 3140 2426 3212; x_wconf 76' lang='lat' dir='ltr'><strong>Aquarii</strong></span> <span class='ocrx_word' id='word_1_535' title='bbox 2481 3141 2740 3198; x_wconf 86' lang='lat' dir='ltr'><strong>secundo.</strong></span> <span class='ocrx_word' id='word_1_536' title='bbox 2800 3135 3122 3196; x_wconf 71' lang='lat' dir='ltr'><strong>Ptolcmreus</strong></span> <span class='ocrx_word' id='word_1_537' title='bbox 3177 3140 3394 3196; x_wconf 90' lang='lat' dir='ltr'><strong>Leonici</strong></span> <span class='ocrx_word' id='word_1_538' title='bbox 3458 3143 3778 3198; x_wconf 82' lang='lat' dir='ltr'><strong>basiliscutn</strong></span> 
     </span>
    </p>
   </div>
   <div class='ocr_carea' id='block_1_76' title="bbox 2205 3232 3776 3298">
    <p class='ocr_par' dir='ltr' id='par_1_76' title="bbox 2205 3232 3776 3298">
     <span class='ocr_line' id='line_1_76' title="bbox 2205 3232 3776 3298; baseline 0.001 -13"><span class='ocrx_word' id='word_1_539' title='bbox 2205 3232 2453 3287; x_wconf 84' lang='lat' dir='ltr'><strong>occidere</strong></span> <span class='ocrx_word' id='word_1_540' title='bbox 2491 3234 2680 3288; x_wconf 87' lang='lat' dir='ltr'><strong>scribit</strong></span> <span class='ocrx_word' id='word_1_541' title='bbox 2707 3251 2754 3287; x_wconf 80' lang='lat' dir='ltr'><strong>vi</strong></span> <span class='ocrx_word' id='word_1_542' title='bbox 2780 3233 3049 3289; x_wconf 80' lang='lat' dir='ltr'><strong>Kalendas</strong></span> <span class='ocrx_word' id='word_1_543' title='bbox 3088 3232 3386 3298; x_wconf 75' lang='lat' dir='ltr'><strong>Februarii,</strong></span> <span class='ocrx_word' id='word_1_544' title='bbox 3430 3235 3547 3290; x_wconf 87' lang='lat' dir='ltr'><strong>sive</strong></span> <span class='ocrx_word' id='word_1_545' title='bbox 3574 3233 3776 3288; x_wconf 79' lang='lat' dir='ltr'><strong>Janua-</strong></span> 
     </span>
    </p>
   </div>
   <div class='ocr_carea' id='block_1_77' title="bbox 2205 3324 3778 3381">
    <p class='ocr_par' dir='ltr' id='par_1_77' title="bbox 2205 3324 3778 3381">
     <span class='ocr_line' id='line_1_77' title="bbox 2205 3324 3778 3381; baseline 0 -2"><span class='ocrx_word' id='word_1_546' title='bbox 2205 3326 2274 3379; x_wconf 90' lang='lat' dir='ltr'><strong>rii</strong></span> <span class='ocrx_word' id='word_1_547' title='bbox 2329 3342 2493 3379; x_wconf 80' lang='lat' dir='ltr'><strong>xxvii.</strong></span> <span class='ocrx_word' id='word_1_548' title='bbox 2545 3324 2766 3381; x_wconf 64' lang='lat' dir='ltr'><strong>Graecus</strong></span> <span class='ocrx_word' id='word_1_549' title='bbox 2824 3334 3004 3381; x_wconf 88' lang='lat' dir='ltr'><strong>autem</strong></span> <span class='ocrx_word' id='word_1_550' title='bbox 3056 3342 3085 3378; x_wconf 90' lang='lat' dir='ltr'><strong>a</strong></span> <span class='ocrx_word' id='word_1_551' title='bbox 3136 3327 3294 3381; x_wconf 87' lang='lat' dir='ltr'><strong>nobis</strong></span> <span class='ocrx_word' id='word_1_552' title='bbox 3347 3327 3533 3381; x_wconf 90' lang='lat' dir='ltr'><strong>editus</strong></span> <span class='ocrx_word' id='word_1_553' title='bbox 3589 3328 3778 3381; x_wconf 84' lang='lat' dir='ltr'><strong>statuit</strong></span> 
     </span>
    </p>
   </div>
   <div class='ocr_carea' id='block_1_78' title="bbox 2203 3416 3776 3488">
    <p class='ocr_par' dir='ltr' id='par_1_78' title="bbox 2203 3416 3776 3488">
     <span class='ocr_line' id='line_1_78' title="bbox 2203 3416 3776 3488; baseline 0.001 -18"><span class='ocrx_word' id='word_1_554' title='bbox 2203 3416 2444 3484; x_wconf 82' lang='lat' dir='ltr'><strong>ejusdem</strong></span> <span class='ocrx_word' id='word_1_555' title='bbox 2475 3432 2733 3476; x_wconf 87' lang='lat' dir='ltr'><strong>occasum</strong></span> <span class='ocrx_word' id='word_1_556' title='bbox 2774 3417 2828 3471; x_wconf 91' lang='lat' dir='ltr'><strong>in</strong></span> <span class='ocrx_word' id='word_1_557' title='bbox 2854 3416 3120 3482; x_wconf 84' lang='lat' dir='ltr'><strong>Januarii,</strong></span> <span class='ocrx_word' id='word_1_558' title='bbox 3176 3419 3259 3474; x_wconf 85' lang='lat' dir='ltr'><strong>vel</strong></span> <span class='ocrx_word' id='word_1_559' title='bbox 3305 3416 3439 3488; x_wconf 82' lang='lat' dir='ltr'><strong>Tybi</strong></span> <span class='ocrx_word' id='word_1_560' title='bbox 3486 3434 3644 3484; x_wconf 86' lang='lat' dir='ltr'><strong>xxu;</strong></span> <span class='ocrx_word' id='word_1_561' title='bbox 3675 3434 3776 3473; x_wconf 84' lang='lat' dir='ltr'><strong>nec</strong></span> 
     </span>
    </p>
   </div>
   <div class='ocr_carea' id='block_1_79' title="bbox 2205 3506 3776 3574">
    <p class='ocr_par' dir='ltr' id='par_1_79' title="bbox 2205 3506 3776 3574">
     <span class='ocr_line' id='line_1_79' title="bbox 2205 3506 3776 3574; baseline 0.001 -12"><span class='ocrx_word' id='word_1_562' title='bbox 2205 3524 2312 3562; x_wconf 89' lang='lat' dir='ltr'><strong>non</strong></span> <span class='ocrx_word' id='word_1_563' title='bbox 2346 3509 2570 3574; x_wconf 77' lang='lat' dir='ltr'><strong>Mechir,</strong></span> <span class='ocrx_word' id='word_1_564' title='bbox 2603 3510 2685 3565; x_wconf 92' lang='lat' dir='ltr'><strong>vel</strong></span> <span class='ocrx_word' id='word_1_565' title='bbox 2724 3506 3007 3565; x_wconf 78' lang='lat' dir='ltr'><strong>Februarii</strong></span> <span class='ocrx_word' id='word_1_566' title='bbox 3054 3526 3128 3565; x_wconf 83' lang='lat' dir='ltr'><strong>vt.</strong></span> <span class='ocrx_word' id='word_1_567' title='bbox 3176 3511 3374 3566; x_wconf 78' lang='lat' dir='ltr'><strong>Sextus</strong></span> <span class='ocrx_word' id='word_1_568' title='bbox 3406 3508 3616 3566; x_wconf 85' lang='lat' dir='ltr'><strong>Mechir</strong></span> <span class='ocrx_word' id='word_1_569' title='bbox 3643 3525 3776 3566; x_wconf 79' lang='lat' dir='ltr'><strong>con-</strong></span> 
     </span>
    </p>
   </div>
   <div class='ocr_carea' id='block_1_80' title="bbox 2205 3599 2868 3658">
    <p class='ocr_par' dir='ltr' id='par_1_80' title="bbox 2205 3599 2868 3658">
     <span class='ocr_line' id='line_1_80' title="bbox 2205 3599 2868 3658; baseline -0.002 -1"><span class='ocrx_word' id='word_1_570' title='bbox 2205 3602 2350 3658; x_wconf 92' lang='lat' dir='ltr'><strong>venit</strong></span> <span class='ocrx_word' id='word_1_571' title='bbox 2375 3599 2624 3656; x_wconf 83' lang='lat' dir='ltr'><strong>Januarii</strong></span> <span class='ocrx_word' id='word_1_572' title='bbox 2655 3601 2868 3657; x_wconf 91' lang='lat' dir='ltr'><strong>ultimo.</strong></span> 
     </span>
    </p>
   </div>
   <div class='ocr_carea' id='block_1_81' title="bbox 2273 3691 3774 3764">
    <p class='ocr_par' dir='ltr' id='par_1_81' title="bbox 2273 3691 3774 3764">
     <span class='ocr_line' id='line_1_81' title="bbox 2273 3691 3774 3764; baseline 0 -18"><span class='ocrx_word' id='word_1_573' title='bbox 2273 3693 2419 3746; x_wconf 90' lang='lat' dir='ltr'><strong>Inter</strong></span> <span class='ocrx_word' id='word_1_574' title='bbox 2447 3691 2659 3764; x_wconf 85' lang='lat' dir='ltr'><strong>Hyades</strong></span> <span class='ocrx_word' id='word_1_575' title='bbox 2689 3693 3030 3750; x_wconf 90' lang='lat' dir='ltr'><strong>lucidissima</strong></span> <span class='ocrx_word' id='word_1_576' title='bbox 3062 3701 3166 3758; x_wconf 89' lang='lat' dir='ltr'><strong>est,</strong></span> <span class='ocrx_word' id='word_1_577' title='bbox 3191 3709 3312 3764; x_wconf 69' lang='lat' dir='ltr'><strong>qua:</strong></span> <span class='ocrx_word' id='word_1_578' title='bbox 3336 3693 3390 3747; x_wconf 90' lang='lat' dir='ltr'><strong>in</strong></span> <span class='ocrx_word' id='word_1_579' title='bbox 3416 3693 3579 3748; x_wconf 90' lang='lat' dir='ltr'><strong>oculo</strong></span> <span class='ocrx_word' id='word_1_580' title='bbox 3612 3692 3774 3746; x_wconf 87' lang='lat' dir='ltr'><strong>Tauri</strong></span> 
     </span>
    </p>
   </div>
   <div class='ocr_carea' id='block_1_82' title="bbox 2205 3783 3776 3852">
    <p class='ocr_par' dir='ltr' id='par_1_82' title="bbox 2205 3783 3776 3852">
     <span class='ocr_line' id='line_1_82' title="bbox 2205 3783 3776 3852; baseline 0.001 -16"><span class='ocrx_word' id='word_1_581' title='bbox 2205 3785 2379 3852; x_wconf 88' lang='lat' dir='ltr'><strong>posita</strong></span> <span class='ocrx_word' id='word_1_582' title='bbox 2405 3783 2711 3839; x_wconf 89' lang='lat' dir='ltr'><strong>Palilicium</strong></span> <span class='ocrx_word' id='word_1_583' title='bbox 2743 3784 2899 3839; x_wconf 87' lang='lat' dir='ltr'><strong>sidus</strong></span> <span class='ocrx_word' id='word_1_584' title='bbox 2941 3801 2970 3839; x_wconf 93' lang='lat' dir='ltr'><strong>a</strong></span> <span class='ocrx_word' id='word_1_585' title='bbox 3015 3783 3275 3840; x_wconf 84' lang='lat' dir='ltr'><strong>Romanis</strong></span> <span class='ocrx_word' id='word_1_586' title='bbox 3326 3794 3573 3840; x_wconf 83' lang='lat' dir='ltr'><strong>vocatur.</strong></span> <span class='ocrx_word' id='word_1_587' title='bbox 3608 3784 3776 3838; x_wconf 78' lang='lat' dir='ltr'><strong>Ocea-</strong></span> 
     </span>
    </p>
   </div>
   <div class='ocr_carea' id='block_1_83' title="bbox 2204 3874 3778 3946">
    <p class='ocr_par' dir='ltr' id='par_1_83' title="bbox 2204 3874 3778 3946">
     <span class='ocr_line' id='line_1_83' title="bbox 2204 3874 3778 3946; baseline 0 -19"><span class='ocrx_word' id='word_1_588' title='bbox 2204 3891 2324 3928; x_wconf 92' lang='lat' dir='ltr'><strong>sum</strong></span> <span class='ocrx_word' id='word_1_589' title='bbox 2350 3874 2596 3946; x_wconf 84' lang='lat' dir='ltr'><strong>Hyadum</strong></span> <span class='ocrx_word' id='word_1_590' title='bbox 2637 3875 2804 3932; x_wconf 77' lang='lat' dir='ltr'><strong>refert</strong></span> <span class='ocrx_word' id='word_1_591' title='bbox 2846 3875 3118 3932; x_wconf 89' lang='lat' dir='ltr'><strong>Hesiodus</strong></span> <span class='ocrx_word' id='word_1_592' title='bbox 3158 3876 3214 3932; x_wconf 91' lang='lat' dir='ltr'><strong>in</strong></span> <span class='ocrx_word' id='word_1_593' title='bbox 3246 3877 3385 3932; x_wconf 86' lang='lat' dir='ltr'><strong>idem</strong></span> <span class='ocrx_word' id='word_1_594' title='bbox 3424 3885 3643 3946; x_wconf 88' lang='lat' dir='ltr'><strong>tempus</strong></span> <span class='ocrx_word' id='word_1_595' title='bbox 3669 3891 3778 3944; x_wconf 91' lang='lat' dir='ltr'><strong>quo</strong></span> 
     </span>
    </p>
   </div>
   <div class='ocr_carea' id='block_1_84' title="bbox 2204 3963 3774 4038">
    <p class='ocr_par' dir='ltr' id='par_1_84' title="bbox 2204 3963 3774 4038">
     <span class='ocr_line' id='line_1_84' title="bbox 2204 3963 3774 4038; baseline 0.002 -21"><span class='ocrx_word' id='word_1_596' title='bbox 2204 3963 2448 4021; x_wconf 82' lang='lat' dir='ltr'><strong>Pleiades</strong></span> <span class='ocrx_word' id='word_1_597' title='bbox 2473 3975 2527 4022; x_wconf 91' lang='lat' dir='ltr'><strong>et</strong></span> <span class='ocrx_word' id='word_1_598' title='bbox 2557 3966 2725 4021; x_wconf 87' lang='lat' dir='ltr'><strong>Orion</strong></span> <span class='ocrx_word' id='word_1_599' title='bbox 2761 3967 3054 4032; x_wconf 88' lang='lat' dir='ltr'><strong>occidunt;</strong></span> <span class='ocrx_word' id='word_1_600' title='bbox 3089 3968 3250 4038; x_wconf 90' lang='lat' dir='ltr'><strong>idque</strong></span> <span class='ocrx_word' id='word_1_601' title='bbox 3306 3967 3540 4021; x_wconf 87' lang='lat' dir='ltr'><strong>arationi</strong></span> <span class='ocrx_word' id='word_1_602' title='bbox 3574 3983 3774 4037; x_wconf 86' lang='lat' dir='ltr'><strong>oppor-</strong></span> 
     </span>
    </p>
   </div>
   <div class='ocr_carea' id='block_1_85' title="bbox 2205 4059 3330 4116">
    <p class='ocr_par' dir='ltr' id='par_1_85' title="bbox 2205 4059 3330 4116">
     <span class='ocr_line' id='line_1_85' title="bbox 2205 4059 3330 4116; baseline 0.003 -5"><span class='ocrx_word' id='word_1_603' title='bbox 2205 4068 2396 4112; x_wconf 89' lang='lat' dir='ltr'><strong>tunum</strong></span> <span class='ocrx_word' id='word_1_604' title='bbox 2424 4073 2544 4114; x_wconf 90' lang='lat' dir='ltr'><strong>esse</strong></span> <span class='ocrx_word' id='word_1_605' title='bbox 2575 4059 2768 4113; x_wconf 90' lang='lat' dir='ltr'><strong>scribit</strong></span> <span class='ocrx_word' id='word_1_606' title='bbox 2801 4059 2855 4112; x_wconf 92' lang='lat' dir='ltr'><strong>in</strong></span> <span class='ocrx_word' id='word_1_607' title='bbox 2891 4059 3132 4116; x_wconf 89' lang='lat' dir='ltr'><strong>secundo</strong></span> <span class='ocrx_word' id='word_1_608' title='bbox 3156 4061 3330 4114; x_wconf 89' lang='lat' dir='ltr'><strong>libro:</strong></span> 
     </span>
    </p>
   </div>
   <div class='ocr_carea' id='block_1_86' title="bbox 2559 4169 3325 4237">
    <p class='ocr_par' dir='ltr' id='par_1_86' title="bbox 2559 4169 3325 4237">
     <span class='ocr_line' id='line_1_86' title="bbox 2559 4169 3325 4237; baseline -0.003 -13"><span class='ocrx_word' id='word_1_609' title='bbox 2559 4209 2574 4224; x_wconf 93' lang='lat'><strong>.</strong></span> <span class='ocrx_word' id='word_1_610' title='bbox 2617 4207 2633 4222; x_wconf 95' lang='lat'><strong>.</strong></span> <span class='ocrx_word' id='word_1_611' title='bbox 2676 4209 2690 4221; x_wconf 93' lang='lat'><strong>.</strong></span> <span class='ocrx_word' id='word_1_612' title='bbox 2731 4211 2744 4223; x_wconf 93' lang='lat'><strong>.</strong></span> <span class='ocrx_word' id='word_1_613' title='bbox 2791 4209 2802 4221; x_wconf 94' lang='lat'><strong>.</strong></span> <span class='ocrx_word' id='word_1_614' title='bbox 2845 4169 3043 4237; x_wconf 82' lang='grc' dir='ltr'><strong>Αὐτὰρ</strong></span> <span class='ocrx_word' id='word_1_615' title='bbox 3069 4169 3228 4236; x_wconf 82' lang='grc' dir='ltr'><strong>ἐπὴν</strong></span> <span class='ocrx_word' id='word_1_616' title='bbox 3250 4169 3325 4236; x_wconf 74' lang='grc' dir='ltr'><em>δὴ</em></span> 
     </span>
    </p>
   </div>
   <div class='ocr_carea' id='block_1_87' title="bbox 2203 4235 3648 4307">
    <p class='ocr_par' dir='ltr' id='par_1_87' title="bbox 2203 4235 3648 4307">
     <span class='ocr_line' id='line_1_87' title="bbox 2203 4235 3648 4307; baseline 0 -16"><span class='ocrx_word' id='word_1_617' title='bbox 2203 4235 2497 4304; x_wconf 72' lang='grc' dir='ltr'><strong>Πληϊάδες</strong></span> <span class='ocrx_word' id='word_1_618' title='bbox 2519 4239 2566 4292; x_wconf 82' lang='grc' dir='ltr'><strong>θ’</strong></span> <span class='ocrx_word' id='word_1_619' title='bbox 2585 4239 2789 4303; x_wconf 76' lang='grc' dir='ltr'><strong>Ὑάδες</strong></span> <span class='ocrx_word' id='word_1_620' title='bbox 2820 4257 2902 4300; x_wconf 86' lang='grc' dir='ltr'><strong>τε,</strong></span> <span class='ocrx_word' id='word_1_621' title='bbox 2933 4235 3085 4292; x_wconf 25' lang='grc' dir='ltr'><strong>τόίτε</strong></span> <span class='ocrx_word' id='word_1_622' title='bbox 3119 4235 3335 4304; x_wconf 77' lang='grc' dir='ltr'><strong>σθένος</strong></span> <span class='ocrx_word' id='word_1_623' title='bbox 3373 4239 3648 4307; x_wconf 65' lang='grc' dir='ltr'><strong>Ὠρίωνορ</strong></span> 
     </span>
    </p>
   </div>
   <div class='ocr_carea' id='block_1_88' title="bbox 2204 4306 3693 4379">
    <p class='ocr_par' dir='ltr' id='par_1_88' title="bbox 2204 4306 3693 4379">
     <span class='ocr_line' id='line_1_88' title="bbox 2204 4306 3693 4379; baseline 0.003 -19"><span class='ocrx_word' id='word_1_624' title='bbox 2204 4309 2476 4361; x_wconf 75' lang='grc' dir='ltr'><em>Δύνωσιν</em></span> <span class='ocrx_word' id='word_1_625' title='bbox 2504 4349 2519 4373; x_wconf 94' lang='grc'><strong>,</strong></span> <span class='ocrx_word' id='word_1_626' title='bbox 2551 4311 2665 4362; x_wconf 77' lang='grc' dir='ltr'><strong>τότ’</strong></span> <span class='ocrx_word' id='word_1_627' title='bbox 2689 4309 2867 4362; x_wconf 78' lang='grc' dir='ltr'><strong>ἔπειτ’</strong></span> <span class='ocrx_word' id='word_1_628' title='bbox 2897 4309 3112 4377; x_wconf 77' lang='grc' dir='ltr'><strong>ἀρότου</strong></span> <span class='ocrx_word' id='word_1_629' title='bbox 3128 4306 3500 4379; x_wconf 73' lang='grc' dir='ltr'><strong>μεμνημέ-νὸς</strong></span> <span class='ocrx_word' id='word_1_630' title='bbox 3520 4306 3693 4364; x_wconf 74' lang='grc' dir='ltr'><strong>εἶναι.</strong></span> 
     </span>
    </p>
   </div>
   <div class='ocr_carea' id='block_1_89' title="bbox 2204 4437 3780 4513">
    <p class='ocr_par' dir='ltr' id='par_1_89' title="bbox 2204 4437 3780 4513">
     <span class='ocr_line' id='line_1_89' title="bbox 2204 4437 3780 4513; baseline 0.003 -23"><span class='ocrx_word' id='word_1_631' title='bbox 2204 4443 2214 4462; x_wconf 63' lang='grc' dir='ltr'><strong>ι</strong></span> <span class='ocrx_word' id='word_1_632' title='bbox 2276 4437 2382 4493; x_wconf 87' lang='lat' dir='ltr'><strong>Ilio</strong></span> <span class='ocrx_word' id='word_1_633' title='bbox 2421 4455 2676 4494; x_wconf 86' lang='lat' dir='ltr'><strong>occasum</strong></span> <span class='ocrx_word' id='word_1_634' title='bbox 2725 4441 3054 4495; x_wconf 88' lang='lat' dir='ltr'><strong>matutinum</strong></span> <span class='ocrx_word' id='word_1_635' title='bbox 3092 4441 3207 4496; x_wconf 89' lang='lat' dir='ltr'><strong>sive</strong></span> <span class='ocrx_word' id='word_1_636' title='bbox 3233 4440 3530 4495; x_wconf 87' lang='lat' dir='ltr'><strong>cosmicum</strong></span> <span class='ocrx_word' id='word_1_637' title='bbox 3566 4440 3780 4513; x_wconf 85' lang='lat' dir='ltr'><strong>signiﬁ-</strong></span> 
     </span>
    </p>
   </div>
   <div class='ocr_carea' id='block_1_90' title="bbox 535 4527 3779 4612">
    <p class='ocr_par' dir='ltr' id='par_1_90' title="bbox 535 4527 3779 4612">
     <span class='ocr_line' id='line_1_90' title="bbox 535 4527 3779 4612; baseline 0.002 -31"><span class='ocrx_word' id='word_1_638' title='bbox 535 4541 642 4595; x_wconf 67' lang='lat' dir='ltr'><strong>sed</strong></span> <span class='ocrx_word' id='word_1_639' title='bbox 679 4540 1045 4612; x_wconf 55' lang='lat' dir='ltr'><strong>Theophrasti</strong></span> <span class='ocrx_word' id='word_1_640' title='bbox 1093 4541 1315 4606; x_wconf 64' lang='grc' dir='ltr'><strong>εωουιο,</strong></span> <span class='ocrx_word' id='word_1_641' title='bbox 1361 4549 1418 4596; x_wconf 63' lang='grc' dir='ltr'><strong>ει</strong></span> <span class='ocrx_word' id='word_1_642' title='bbox 1466 4541 1696 4596; x_wconf 52' lang='lat' dir='ltr'><strong>Athenis</strong></span> <span class='ocrx_word' id='word_1_643' title='bbox 1741 4543 2009 4597; x_wconf 57' lang='lat' dir='ltr'><strong>malm-ius</strong></span> <span class='ocrx_word' id='word_1_644' title='bbox 2052 4543 2103 4596; x_wconf 72' lang='lat' dir='ltr'><strong>id</strong></span> <span class='ocrx_word' id='word_1_645' title='bbox 2136 4547 2182 4606; x_wconf 78' lang='grc' dir='ltr'><strong>ι)</strong></span> <span class='ocrx_word' id='word_1_646' title='bbox 2207 4539 2316 4583; x_wconf 91' lang='lat' dir='ltr'><strong>cat.</strong></span> <span class='ocrx_word' id='word_1_647' title='bbox 2346 4527 2479 4583; x_wconf 88' lang='lat' dir='ltr'><strong>Nam</strong></span> <span class='ocrx_word' id='word_1_648' title='bbox 2510 4531 2564 4584; x_wconf 89' lang='lat' dir='ltr'><strong>in</strong></span> <span class='ocrx_word' id='word_1_649' title='bbox 2596 4532 2862 4586; x_wconf 91' lang='lat' dir='ltr'><strong>laterculo</strong></span> <span class='ocrx_word' id='word_1_650' title='bbox 2887 4541 3075 4587; x_wconf 89' lang='lat' dir='ltr'><strong>nostro</strong></span> <span class='ocrx_word' id='word_1_651' title='bbox 3114 4531 3414 4586; x_wconf 90' lang='lat' dir='ltr'><strong>Palilicium</strong></span> <span class='ocrx_word' id='word_1_652' title='bbox 3442 4547 3605 4588; x_wconf 85' lang='lat' dir='ltr'><strong>mane</strong></span> <span class='ocrx_word' id='word_1_653' title='bbox 3635 4535 3779 4588; x_wconf 86' lang='lat' dir='ltr'><strong>occi-</strong></span> 
     </span>
    </p>
   </div>
   <div class='ocr_carea' id='block_1_91' title="bbox 536 4629 2105 4703">
    <p class='ocr_par' dir='ltr' id='par_1_91' title="bbox 536 4629 2105 4703">
     <span class='ocr_line' id='line_1_91' title="bbox 536 4629 2105 4703; baseline 0.001 -17"><span class='ocrx_word' id='word_1_654' title='bbox 536 4633 718 4688; x_wconf 85' lang='lat' dir='ltr'><strong>fiebat.</strong></span> <span class='ocrx_word' id='word_1_655' title='bbox 748 4629 950 4696; x_wconf 83' lang='lat' dir='ltr'><strong>Verum</strong></span> <span class='ocrx_word' id='word_1_656' title='bbox 988 4641 1110 4703; x_wconf 90' lang='lat' dir='ltr'><strong>post</strong></span> <span class='ocrx_word' id='word_1_657' title='bbox 1161 4642 1318 4688; x_wconf 89' lang='lat' dir='ltr'><strong>ortus</strong></span> <span class='ocrx_word' id='word_1_658' title='bbox 1370 4632 1565 4688; x_wconf 90' lang='lat' dir='ltr'><strong>beliaci</strong></span> <span class='ocrx_word' id='word_1_659' title='bbox 1612 4632 1755 4688; x_wconf 85' lang='lat' dir='ltr'><strong>diem</strong></span> <span class='ocrx_word' id='word_1_660' title='bbox 1787 4633 2105 4688; x_wconf 90' lang='lat' dir='ltr'><strong>ex.tabulis</strong></span> 
     </span>
    </p>
   </div>
   <div class='ocr_carea' id='block_1_92' title="bbox 533 4723 2107 4793">
    <p class='ocr_par' dir='ltr' id='par_1_92' title="bbox 533 4723 2107 4793">
     <span class='ocr_line' id='line_1_92' title="bbox 533 4723 2107 4793; baseline 0.001 -17"><span class='ocrx_word' id='word_1_661' title='bbox 533 4723 841 4778; x_wconf 82' lang='lat' dir='ltr'><strong>confectum</strong></span> <span class='ocrx_word' id='word_1_662' title='bbox 877 4732 1201 4792; x_wconf 85' lang='lat' dir='ltr'><strong>apparentes</strong></span> <span class='ocrx_word' id='word_1_663' title='bbox 1235 4723 1396 4778; x_wconf 91' lang='lat' dir='ltr'><strong>iidem</strong></span> <span class='ocrx_word' id='word_1_664' title='bbox 1443 4731 1599 4778; x_wconf 92' lang='lat' dir='ltr'><strong>ortus</strong></span> <span class='ocrx_word' id='word_1_665' title='bbox 1645 4724 1901 4778; x_wconf 89' lang='lat' dir='ltr'><strong>matutini</strong></span> <span class='ocrx_word' id='word_1_666' title='bbox 1953 4739 2107 4793; x_wconf 88' lang='lat' dir='ltr'><strong>repe-</strong></span> 
     </span>
    </p>
   </div>
   <div class='ocr_carea' id='block_1_93' title="bbox 533 4814 2105 4889">
    <p class='ocr_par' dir='ltr' id='par_1_93' title="bbox 533 4814 2105 4889">
     <span class='ocr_line' id='line_1_93' title="bbox 533 4814 2105 4889; baseline -0.002 -18"><span class='ocrx_word' id='word_1_667' title='bbox 533 4827 742 4872; x_wconf 88' lang='lat' dir='ltr'><strong>tuntur.</strong></span> <span class='ocrx_word' id='word_1_668' title='bbox 784 4814 972 4886; x_wconf 87' lang='lat' dir='ltr'><strong>Itaque</strong></span> <span class='ocrx_word' id='word_1_669' title='bbox 1016 4823 1349 4886; x_wconf 87' lang='lat' dir='ltr'><strong>propagatus</strong></span> <span class='ocrx_word' id='word_1_670' title='bbox 1397 4814 1488 4869; x_wconf 89' lang='lat' dir='ltr'><strong>hic</strong></span> <span class='ocrx_word' id='word_1_671' title='bbox 1532 4823 1686 4870; x_wconf 91' lang='lat' dir='ltr'><strong>ortus</strong></span> <span class='ocrx_word' id='word_1_672' title='bbox 1721 4823 1807 4871; x_wconf 91' lang='lat' dir='ltr'><strong>cst</strong></span> <span class='ocrx_word' id='word_1_673' title='bbox 1837 4830 2009 4889; x_wconf 79' lang='lat' dir='ltr'><strong>usque</strong></span> <span class='ocrx_word' id='word_1_674' title='bbox 2037 4815 2105 4868; x_wconf 90' lang='lat' dir='ltr'><strong>ad</strong></span> 
     </span>
    </p>
   </div>
   <div class='ocr_carea' id='block_1_94' title="bbox 531 4905 2107 4978">
    <p class='ocr_par' dir='ltr' id='par_1_94' title="bbox 531 4905 2107 4978">
     <span class='ocr_line' id='line_1_94' title="bbox 531 4905 2107 4978; baseline -0.001 -18"><span class='ocrx_word' id='word_1_675' title='bbox 531 4907 752 4978; x_wconf 81' lang='grc' dir='ltr'><strong>ὀπώρας</strong></span> <span class='ocrx_word' id='word_1_676' title='bbox 781 4907 1017 4961; x_wconf 91' lang='lat' dir='ltr'><strong>initium.</strong></span> <span class='ocrx_word' id='word_1_677' title='bbox 1050 4905 1120 4960; x_wconf 89' lang='lat' dir='ltr'><strong>At</strong></span> <span class='ocrx_word' id='word_1_678' title='bbox 1142 4907 1444 4962; x_wconf 90' lang='lat' dir='ltr'><strong>matutinus</strong></span> <span class='ocrx_word' id='word_1_679' title='bbox 1481 4921 1712 4961; x_wconf 90' lang='lat' dir='ltr'><strong>occasus</strong></span> <span class='ocrx_word' id='word_1_680' title='bbox 1738 4906 1983 4976; x_wconf 89' lang='lat' dir='ltr'><strong>ejusdem</strong></span> <span class='ocrx_word' id='word_1_681' title='bbox 2022 4906 2107 4959; x_wconf 83' lang='lat' dir='ltr'><strong>lu-</strong></span> 
     </span>
    </p>
   </div>
   <div class='ocr_carea' id='block_1_95' title="bbox 534 4996 2107 5069">
    <p class='ocr_par' dir='ltr' id='par_1_95' title="bbox 534 4996 2107 5069">
     <span class='ocr_line' id='line_1_95' title="bbox 534 4996 2107 5069; baseline 0.001 -17"><span class='ocrx_word' id='word_1_682' title='bbox 534 4999 670 5053; x_wconf 83' lang='lat' dir='ltr'><strong>cidae</strong></span> <span class='ocrx_word' id='word_1_683' title='bbox 711 4998 941 5069; x_wconf 84' lang='lat' dir='ltr'><strong>contigit</strong></span> <span class='ocrx_word' id='word_1_684' title='bbox 987 4996 1319 5069; x_wconf 90' lang='lat' dir='ltr'><strong>Scorpionos</strong></span> <span class='ocrx_word' id='word_1_685' title='bbox 1363 5014 1419 5062; x_wconf 92' lang='lat' dir='ltr'><strong>v,</strong></span> <span class='ocrx_word' id='word_1_686' title='bbox 1466 4996 1722 5057; x_wconf 80' lang='lat' dir='ltr'><strong>Octobris</strong></span> <span class='ocrx_word' id='word_1_687' title='bbox 1755 5015 1876 5052; x_wconf 81' lang='lat' dir='ltr'><strong>xxix</strong></span> <span class='ocrx_word' id='word_1_688' title='bbox 1907 5016 1924 5064; x_wconf 87' lang='lat'><strong>;</strong></span> <span class='ocrx_word' id='word_1_689' title='bbox 1958 5015 2107 5053; x_wconf 79' lang='lat' dir='ltr'><strong>zona:</strong></span> 
     </span>
    </p>
   </div>
   <div class='ocr_carea' id='block_1_96' title="bbox 534 5089 2106 5159">
    <p class='ocr_par' dir='ltr' id='par_1_96' title="bbox 534 5089 2106 5159">
     <span class='ocr_line' id='line_1_96' title="bbox 534 5089 2106 5159; baseline -0.001 -13"><span class='ocrx_word' id='word_1_690' title='bbox 534 5091 712 5146; x_wconf 90' lang='lat' dir='ltr'><strong>media</strong></span> <span class='ocrx_word' id='word_1_691' title='bbox 742 5089 1077 5159; x_wconf 88' lang='lat' dir='ltr'><strong>Scorpionos</strong></span> <span class='ocrx_word' id='word_1_692' title='bbox 1099 5105 1175 5146; x_wconf 89' lang='lat' dir='ltr'><strong>xn</strong></span> <span class='ocrx_word' id='word_1_693' title='bbox 1211 5091 1436 5154; x_wconf 90' lang='lat' dir='ltr'><strong>occidit,</strong></span> <span class='ocrx_word' id='word_1_694' title='bbox 1467 5089 1788 5146; x_wconf 84' lang='lat' dir='ltr'><strong>Novembris</strong></span> <span class='ocrx_word' id='word_1_695' title='bbox 1815 5107 1847 5141; x_wconf 92' lang='lat' dir='ltr'><strong>v</strong></span> <span class='ocrx_word' id='word_1_696' title='bbox 1872 5109 1886 5157; x_wconf 89' lang='lat'><strong>;</strong></span> <span class='ocrx_word' id='word_1_697' title='bbox 1919 5091 2106 5144; x_wconf 84' lang='lat' dir='ltr'><strong>Imme-</strong></span> 
     </span>
    </p>
   </div>
   <div class='ocr_carea' id='block_1_97' title="bbox 535 5180 2106 5251">
    <p class='ocr_par' dir='ltr' id='par_1_97' title="bbox 535 5180 2106 5251">
     <span class='ocr_line' id='line_1_97' title="bbox 535 5180 2106 5251; baseline 0.001 -15"><span class='ocrx_word' id='word_1_698' title='bbox 535 5197 630 5238; x_wconf 89' lang='lat' dir='ltr'><strong>rus</strong></span> <span class='ocrx_word' id='word_1_699' title='bbox 657 5181 846 5237; x_wconf 80' lang='lat' dir='ltr'><strong>dexter</strong></span> <span class='ocrx_word' id='word_1_700' title='bbox 875 5181 1210 5251; x_wconf 89' lang='lat' dir='ltr'><strong>Scorpionos</strong></span> <span class='ocrx_word' id='word_1_701' title='bbox 1239 5196 1354 5246; x_wconf 70' lang='grc' dir='ltr'><strong>χιιι,</strong></span> <span class='ocrx_word' id='word_1_702' title='bbox 1396 5180 1719 5237; x_wconf 91' lang='lat' dir='ltr'><strong>Novembris</strong></span> <span class='ocrx_word' id='word_1_703' title='bbox 1762 5197 1868 5235; x_wconf 81' lang='lat' dir='ltr'><strong>xrv.</strong></span> <span class='ocrx_word' id='word_1_704' title='bbox 1920 5182 2106 5250; x_wconf 88' lang='lat' dir='ltr'><strong>Itaque</strong></span> 
     </span>
    </p>
   </div>
   <div class='ocr_carea' id='block_1_98' title="bbox 532 5273 2102 5332">
    <p class='ocr_par' dir='ltr' id='par_1_98' title="bbox 532 5273 2102 5332">
     <span class='ocr_line' id='line_1_98' title="bbox 532 5273 2102 5332; baseline -0.004 0"><span class='ocrx_word' id='word_1_705' title='bbox 532 5291 720 5332; x_wconf 91' lang='lat' dir='ltr'><strong>verum</strong></span> <span class='ocrx_word' id='word_1_706' title='bbox 742 5287 827 5332; x_wconf 89' lang='lat' dir='ltr'><strong>est</strong></span> <span class='ocrx_word' id='word_1_707' title='bbox 864 5275 1084 5331; x_wconf 89' lang='lat' dir='ltr'><strong>ineunte</strong></span> <span class='ocrx_word' id='word_1_708' title='bbox 1112 5275 1289 5329; x_wconf 88' lang='lat' dir='ltr'><strong>hieme</strong></span> <span class='ocrx_word' id='word_1_709' title='bbox 1319 5273 1575 5329; x_wconf 90' lang='lat' dir='ltr'><strong>Orionem</strong></span> <span class='ocrx_word' id='word_1_710' title='bbox 1619 5273 1907 5328; x_wconf 89' lang='lat' dir='ltr'><strong>occidisse.</strong></span> <span class='ocrx_word' id='word_1_711' title='bbox 1957 5273 2102 5326; x_wconf 87' lang='lat' dir='ltr'><strong>Con-</strong></span> 
     </span>
    </p>
   </div>
   <div class='ocr_carea' id='block_1_99' title="bbox 534 5363 2104 5439">
    <p class='ocr_par' dir='ltr' id='par_1_99' title="bbox 534 5363 2104 5439">
     <span class='ocr_line' id='line_1_99' title="bbox 534 5363 2104 5439; baseline -0.001 -19"><span class='ocrx_word' id='word_1_712' title='bbox 534 5371 760 5422; x_wconf 81' lang='lat' dir='ltr'><strong>veniunt</strong></span> <span class='ocrx_word' id='word_1_713' title='bbox 787 5377 842 5422; x_wconf 85' lang='lat' dir='ltr'><strong>et</strong></span> <span class='ocrx_word' id='word_1_714' title='bbox 886 5383 1012 5439; x_wconf 69' lang='lat' dir='ltr'><strong>quae</strong></span> <span class='ocrx_word' id='word_1_715' title='bbox 1045 5367 1115 5422; x_wconf 91' lang='lat' dir='ltr'><strong>de</strong></span> <span class='ocrx_word' id='word_1_716' title='bbox 1158 5365 1379 5422; x_wconf 91' lang='lat' dir='ltr'><strong>Orionis</strong></span> <span class='ocrx_word' id='word_1_717' title='bbox 1414 5375 1540 5423; x_wconf 93' lang='lat' dir='ltr'><strong>ortu</strong></span> <span class='ocrx_word' id='word_1_718' title='bbox 1586 5365 1656 5420; x_wconf 87' lang='lat' dir='ltr'><strong>ab</strong></span> <span class='ocrx_word' id='word_1_719' title='bbox 1701 5363 1913 5427; x_wconf 87' lang='lat' dir='ltr'><strong>Ovidio,</strong></span> <span class='ocrx_word' id='word_1_720' title='bbox 1939 5364 2104 5418; x_wconf 83' lang='lat' dir='ltr'><strong>Colu-</strong></span> 
     </span>
    </p>
   </div>
   <div class='ocr_carea' id='block_1_100' title="bbox 534 5457 2107 5530">
    <p class='ocr_par' dir='ltr' id='par_1_100' title="bbox 534 5457 2107 5530">
     <span class='ocr_line' id='line_1_100' title="bbox 534 5457 2107 5530; baseline -0.002 -18"><span class='ocrx_word' id='word_1_721' title='bbox 534 5460 717 5522; x_wconf 86' lang='lat' dir='ltr'><strong>mella,</strong></span> <span class='ocrx_word' id='word_1_722' title='bbox 751 5467 805 5514; x_wconf 89' lang='lat' dir='ltr'><strong>et</strong></span> <span class='ocrx_word' id='word_1_723' title='bbox 837 5459 1016 5514; x_wconf 88' lang='lat' dir='ltr'><strong>Plinio</strong></span> <span class='ocrx_word' id='word_1_724' title='bbox 1044 5459 1370 5530; x_wconf 89' lang='lat' dir='ltr'><strong>produntur,</strong></span> <span class='ocrx_word' id='word_1_725' title='bbox 1403 5465 1462 5512; x_wconf 89' lang='lat' dir='ltr'><strong>ut</strong></span> <span class='ocrx_word' id='word_1_726' title='bbox 1494 5473 1620 5513; x_wconf 88' lang='lat' dir='ltr'><strong>cum</strong></span> <span class='ocrx_word' id='word_1_727' title='bbox 1657 5472 1849 5511; x_wconf 86' lang='lat' dir='ltr'><strong>zonam</strong></span> <span class='ocrx_word' id='word_1_728' title='bbox 1886 5457 2107 5511; x_wconf 76' lang='lat' dir='ltr'><strong>Ol‘ll‘l‘Vl</strong></span> 
     </span>
    </p>
   </div>
   <div class='ocr_carea' id='block_1_101' title="bbox 536 5547 2109 5609">
    <p class='ocr_par' dir='ltr' id='par_1_101' title="bbox 536 5547 2109 5609">
     <span class='ocr_line' id='line_1_101' title="bbox 536 5547 2109 5609; baseline 0 -7"><span class='ocrx_word' id='word_1_729' title='bbox 536 5551 806 5607; x_wconf 78' lang='lat' dir='ltr'><strong>Kalendas</strong></span> <span class='ocrx_word' id='word_1_730' title='bbox 832 5550 962 5608; x_wconf 89' lang='lat' dir='ltr'><strong>Julii</strong></span> <span class='ocrx_word' id='word_1_731' title='bbox 996 5560 1251 5609; x_wconf 86' lang='lat' dir='ltr'><strong>asserunt</strong></span> <span class='ocrx_word' id='word_1_732' title='bbox 1290 5549 1518 5607; x_wconf 91' lang='lat' dir='ltr'><strong>Ovidius</strong></span> <span class='ocrx_word' id='word_1_733' title='bbox 1564 5556 1620 5604; x_wconf 90' lang='lat' dir='ltr'><strong>et</strong></span> <span class='ocrx_word' id='word_1_734' title='bbox 1669 5547 1904 5604; x_wconf 88' lang='lat' dir='ltr'><strong>Plinius.</strong></span> <span class='ocrx_word' id='word_1_735' title='bbox 1936 5548 2109 5603; x_wconf 78' lang='lat' dir='ltr'><strong>Media</strong></span> 
     </span>
    </p>
   </div>
   <div class='ocr_carea' id='block_1_102' title="bbox 537 5640 2108 5712">
    <p class='ocr_par' dir='ltr' id='par_1_102' title="bbox 537 5640 2108 5712">
     <span class='ocr_line' id='line_1_102' title="bbox 537 5640 2108 5712; baseline 0.001 -20"><span class='ocrx_word' id='word_1_736' title='bbox 537 5641 742 5710; x_wconf 85' lang='lat' dir='ltr'><strong>quippe</strong></span> <span class='ocrx_word' id='word_1_737' title='bbox 784 5643 938 5698; x_wconf 86' lang='lat' dir='ltr'><strong>stella</strong></span> <span class='ocrx_word' id='word_1_738' title='bbox 992 5644 1151 5698; x_wconf 89' lang='lat' dir='ltr'><strong>baltei</strong></span> <span class='ocrx_word' id='word_1_739' title='bbox 1185 5644 1240 5696; x_wconf 86' lang='lat' dir='ltr'><strong>in</strong></span> <span class='ocrx_word' id='word_1_740' title='bbox 1273 5641 1507 5712; x_wconf 64' lang='lat' dir='ltr'><strong>IEgypto</strong></span> <span class='ocrx_word' id='word_1_741' title='bbox 1543 5640 1884 5695; x_wconf 88' lang='lat' dir='ltr'><strong>Carcinonos</strong></span> <span class='ocrx_word' id='word_1_742' title='bbox 1911 5651 2108 5710; x_wconf 88' lang='lat' dir='ltr'><strong>quarto</strong></span> 
     </span>
    </p>
   </div>
   <div class='ocr_carea' id='block_1_103' title="bbox 539 5731 2106 5801">
    <p class='ocr_par' dir='ltr' id='par_1_103' title="bbox 539 5731 2106 5801">
     <span class='ocr_line' id='line_1_103' title="bbox 539 5731 2106 5801; baseline 0.002 -18"><span class='ocrx_word' id='word_1_743' title='bbox 539 5731 742 5787; x_wconf 78' lang='lat' dir='ltr'><strong>heliaco</strong></span> <span class='ocrx_word' id='word_1_744' title='bbox 773 5735 1048 5791; x_wconf 82' lang='lat' dir='ltr'><strong>oriebatur</strong></span> <span class='ocrx_word' id='word_1_745' title='bbox 1079 5734 1263 5792; x_wconf 67' lang='lat' dir='ltr'><strong>Romae</strong></span> <span class='ocrx_word' id='word_1_746' title='bbox 1298 5750 1444 5801; x_wconf 79' lang='lat' dir='ltr'><strong>xvii;</strong></span> <span class='ocrx_word' id='word_1_747' title='bbox 1477 5733 1572 5789; x_wconf 88' lang='lat' dir='ltr'><strong>scd</strong></span> <span class='ocrx_word' id='word_1_748' title='bbox 1606 5742 1727 5788; x_wconf 78' lang='lat' dir='ltr'><strong>ante</strong></span> <span class='ocrx_word' id='word_1_749' title='bbox 1757 5733 1894 5788; x_wconf 84' lang='lat' dir='ltr'><strong>hanc</strong></span> <span class='ocrx_word' id='word_1_750' title='bbox 1928 5735 1983 5786; x_wconf 90' lang='lat' dir='ltr'><strong>in</strong></span> <span class='ocrx_word' id='word_1_751' title='bbox 2014 5749 2106 5787; x_wconf 85' lang='lat' dir='ltr'><strong>eo-</strong></span> 
     </span>
    </p>
   </div>
   <div class='ocr_carea' id='block_1_104' title="bbox 539 5820 1390 5897">
    <p class='ocr_par' dir='ltr' id='par_1_104' title="bbox 539 5820 1390 5897">
     <span class='ocr_line' id='line_1_104' title="bbox 539 5820 1390 5897; baseline 0.013 -25"><span class='ocrx_word' id='word_1_752' title='bbox 539 5820 658 5875; x_wconf 86' lang='lat' dir='ltr'><strong>dem</strong></span> <span class='ocrx_word' id='word_1_753' title='bbox 684 5823 860 5877; x_wconf 74' lang='lat' dir='ltr'><strong>baltco</strong></span> <span class='ocrx_word' id='word_1_754' title='bbox 896 5827 1059 5881; x_wconf 86' lang='lat' dir='ltr'><strong>altera</strong></span> <span class='ocrx_word' id='word_1_755' title='bbox 1091 5828 1390 5897; x_wconf 81' lang='lat' dir='ltr'><strong>consurgit.</strong></span> 
     </span>
    </p>
   </div>
   <div class='ocr_carea' id='block_1_105' title="bbox 2205 4623 3775 4694">
    <p class='ocr_par' dir='ltr' id='par_1_105' title="bbox 2205 4623 3775 4694">
     <span class='ocr_line' id='line_1_105' title="bbox 2205 4623 3775 4694; baseline 0.001 -16"><span class='ocrx_word' id='word_1_756' title='bbox 2205 4624 2285 4678; x_wconf 89' lang='lat' dir='ltr'><strong>dit</strong></span> <span class='ocrx_word' id='word_1_757' title='bbox 2314 4624 2367 4678; x_wconf 92' lang='lat' dir='ltr'><strong>in</strong></span> <span class='ocrx_word' id='word_1_758' title='bbox 2397 4623 2567 4694; x_wconf 77' lang='lat' dir='ltr'><strong>gradu</strong></span> <span class='ocrx_word' id='word_1_759' title='bbox 2592 4627 2625 4680; x_wconf 90' lang='lat'>9</span> <span class='ocrx_word' id='word_1_760' title='bbox 2661 4625 2874 4694; x_wconf 87' lang='lat' dir='ltr'><strong>Scorpii</strong></span> <span class='ocrx_word' id='word_1_761' title='bbox 2905 4624 3110 4689; x_wconf 71' lang='lat' dir='ltr'><strong>Romae,</strong></span> <span class='ocrx_word' id='word_1_762' title='bbox 3141 4624 3194 4678; x_wconf 92' lang='lat' dir='ltr'><strong>id</strong></span> <span class='ocrx_word' id='word_1_763' title='bbox 3226 4635 3311 4679; x_wconf 88' lang='lat' dir='ltr'><strong>est</strong></span> <span class='ocrx_word' id='word_1_764' title='bbox 3345 4623 3671 4680; x_wconf 81' lang='lat' dir='ltr'><strong>Novembris</strong></span> <span class='ocrx_word' id='word_1_765' title='bbox 3698 4626 3737 4679; x_wconf 73' lang='lat'><strong>2</strong></span> <span class='ocrx_word' id='word_1_766' title='bbox 3763 4668 3775 4689; x_wconf 79' lang='lat'><strong>,</strong></span> 
     </span>
    </p>
   </div>
   <div class='ocr_carea' id='block_1_106' title="bbox 2204 4713 3781 4784">
    <p class='ocr_par' dir='ltr' id='par_1_106' title="bbox 2204 4713 3781 4784">
     <span class='ocr_line' id='line_1_106' title="bbox 2204 4713 3781 4784; baseline 0 -16"><span class='ocrx_word' id='word_1_767' title='bbox 2204 4730 2314 4784; x_wconf 91' lang='lat' dir='ltr'><strong>quo</strong></span> <span class='ocrx_word' id='word_1_768' title='bbox 2340 4713 2428 4767; x_wconf 91' lang='lat' dir='ltr'><strong>die</strong></span> <span class='ocrx_word' id='word_1_769' title='bbox 2448 4713 2749 4768; x_wconf 82' lang='lat' dir='ltr'><strong>Columella</strong></span> <span class='ocrx_word' id='word_1_770' title='bbox 2778 4713 2944 4768; x_wconf 91' lang='lat' dir='ltr'><strong>Tauri</strong></span> <span class='ocrx_word' id='word_1_771' title='bbox 2975 4723 3412 4784; x_wconf 76' lang='lat' dir='ltr'><strong>caputocsasum</strong></span> <span class='ocrx_word' id='word_1_772' title='bbox 3438 4714 3622 4770; x_wconf 87' lang='lat' dir='ltr'><strong>facere</strong></span> <span class='ocrx_word' id='word_1_773' title='bbox 3642 4715 3781 4770; x_wconf 88' lang='lat' dir='ltr'><strong>scri-</strong></span> 
     </span>
    </p>
   </div>
   <div class='ocr_carea' id='block_1_107' title="bbox 2205 4805 3784 4877">
    <p class='ocr_par' dir='ltr' id='par_1_107' title="bbox 2205 4805 3784 4877">
     <span class='ocr_line' id='line_1_107' title="bbox 2205 4805 3784 4877; baseline 0.001 -16"><span class='ocrx_word' id='word_1_774' title='bbox 2205 4806 2304 4870; x_wconf 87' lang='lat' dir='ltr'><strong>bit,</strong></span> <span class='ocrx_word' id='word_1_775' title='bbox 2339 4814 2397 4860; x_wconf 92' lang='lat' dir='ltr'><strong>ut</strong></span> <span class='ocrx_word' id='word_1_776' title='bbox 2437 4813 2493 4860; x_wconf 92' lang='lat' dir='ltr'><strong>et</strong></span> <span class='ocrx_word' id='word_1_777' title='bbox 2519 4806 2783 4862; x_wconf 88' lang='lat' dir='ltr'><strong>Geminus</strong></span> <span class='ocrx_word' id='word_1_778' title='bbox 2833 4823 2901 4862; x_wconf 83' lang='lat' dir='ltr'><strong>ex</strong></span> <span class='ocrx_word' id='word_1_779' title='bbox 2945 4805 3191 4877; x_wconf 88' lang='lat' dir='ltr'><strong>Calippo.</strong></span> <span class='ocrx_word' id='word_1_780' title='bbox 3221 4808 3293 4860; x_wconf 81' lang='lat' dir='ltr'><strong>At</strong></span> <span class='ocrx_word' id='word_1_781' title='bbox 3320 4808 3376 4860; x_wconf 90' lang='lat' dir='ltr'><strong>in</strong></span> <span class='ocrx_word' id='word_1_782' title='bbox 3402 4805 3645 4877; x_wconf 65' lang='lat' dir='ltr'><strong>Aigypto</strong></span> <span class='ocrx_word' id='word_1_783' title='bbox 3669 4825 3784 4863; x_wconf 81' lang='lat' dir='ltr'><strong>ma-</strong></span> 
     </span>
    </p>
   </div>
   <div class='ocr_carea' id='block_1_108' title="bbox 2205 4902 3782 4974">
    <p class='ocr_par' dir='ltr' id='par_1_108' title="bbox 2205 4902 3782 4974">
     <span class='ocr_line' id='line_1_108' title="bbox 2205 4902 3782 4974; baseline 0 -18"><span class='ocrx_word' id='word_1_784' title='bbox 2205 4903 2418 4958; x_wconf 90' lang='lat' dir='ltr'><strong>tutinus</strong></span> <span class='ocrx_word' id='word_1_785' title='bbox 2443 4919 2673 4960; x_wconf 89' lang='lat' dir='ltr'><strong>occasus</strong></span> <span class='ocrx_word' id='word_1_786' title='bbox 2717 4903 2878 4960; x_wconf 81' lang='lat' dir='ltr'><strong>ﬁebat</strong></span> <span class='ocrx_word' id='word_1_787' title='bbox 2917 4903 2972 4958; x_wconf 93' lang='lat' dir='ltr'><strong>in</strong></span> <span class='ocrx_word' id='word_1_788' title='bbox 3002 4903 3173 4973; x_wconf 86' lang='lat' dir='ltr'><strong>gradu</strong></span> <span class='ocrx_word' id='word_1_789' title='bbox 3218 4902 3432 4974; x_wconf 90' lang='lat' dir='ltr'><strong>Scorpii</strong></span> <span class='ocrx_word' id='word_1_790' title='bbox 3461 4903 3782 4966; x_wconf 85' lang='lat' dir='ltr'><strong>undecimo,</strong></span> 
     </span>
    </p>
   </div>
   <div class='ocr_carea' id='block_1_109' title="bbox 2204 4995 3784 5052">
    <p class='ocr_par' dir='ltr' id='par_1_109' title="bbox 2204 4995 3784 5052">
     <span class='ocr_line' id='line_1_109' title="bbox 2204 4995 3784 5052; baseline 0 -2"><span class='ocrx_word' id='word_1_791' title='bbox 2204 4995 2525 5052; x_wconf 87' lang='lat' dir='ltr'><strong>Novembris</strong></span> <span class='ocrx_word' id='word_1_792' title='bbox 2556 5013 2626 5052; x_wconf 82' lang='grc' dir='ltr'><strong>ιν.</strong></span> <span class='ocrx_word' id='word_1_793' title='bbox 2650 4997 2819 5052; x_wconf 87' lang='lat' dir='ltr'><strong>Porro</strong></span> <span class='ocrx_word' id='word_1_794' title='bbox 2842 4997 2983 5051; x_wconf 89' lang='lat' dir='ltr'><strong>idem</strong></span> <span class='ocrx_word' id='word_1_795' title='bbox 3008 4997 3306 5051; x_wconf 90' lang='lat' dir='ltr'><strong>Columella</strong></span> <span class='ocrx_word' id='word_1_796' title='bbox 3329 4995 3584 5050; x_wconf 88' lang='lat' dir='ltr'><strong>Suculam</strong></span> <span class='ocrx_word' id='word_1_797' title='bbox 3619 5011 3784 5050; x_wconf 87' lang='lat' dir='ltr'><strong>mane</strong></span> 
     </span>
    </p>
   </div>
   <div class='ocr_carea' id='block_1_110' title="bbox 2205 5084 3784 5155">
    <p class='ocr_par' dir='ltr' id='par_1_110' title="bbox 2205 5084 3784 5155">
     <span class='ocr_line' id='line_1_110' title="bbox 2205 5084 3784 5155; baseline -0.001 -15"><span class='ocrx_word' id='word_1_798' title='bbox 2205 5087 2454 5142; x_wconf 90' lang='lat' dir='ltr'><strong>occidere</strong></span> <span class='ocrx_word' id='word_1_799' title='bbox 2499 5087 2575 5146; x_wconf 86' lang='lat' dir='ltr'><strong>ait</strong></span> <span class='ocrx_word' id='word_1_800' title='bbox 2624 5103 2713 5144; x_wconf 76' lang='lat' dir='ltr'><strong>XXI</strong></span> <span class='ocrx_word' id='word_1_801' title='bbox 2762 5086 3100 5152; x_wconf 88' lang='lat' dir='ltr'><strong>Novembris,</strong></span> <span class='ocrx_word' id='word_1_802' title='bbox 3170 5101 3383 5141; x_wconf 90' lang='lat' dir='ltr'><strong>necnon</strong></span> <span class='ocrx_word' id='word_1_803' title='bbox 3448 5084 3784 5155; x_wconf 82' lang='lat' dir='ltr'><strong>Bbapsodus</strong></span> 
     </span>
    </p>
   </div>
   <div class='ocr_carea' id='block_1_111' title="bbox 2208 5174 3783 5235">
    <p class='ocr_par' dir='ltr' id='par_1_111' title="bbox 2208 5174 3783 5235">
     <span class='ocr_line' id='line_1_111' title="bbox 2208 5174 3783 5235; baseline -0.003 -3"><span class='ocrx_word' id='word_1_804' title='bbox 2208 5177 2300 5232; x_wconf 89' lang='lat' dir='ltr'><strong>ille</strong></span> <span class='ocrx_word' id='word_1_805' title='bbox 2334 5177 2435 5232; x_wconf 89' lang='lat' dir='ltr'><strong>sub</strong></span> <span class='ocrx_word' id='word_1_806' title='bbox 2480 5177 2700 5231; x_wconf 89' lang='lat' dir='ltr'><strong>nomine</strong></span> <span class='ocrx_word' id='word_1_807' title='bbox 2742 5177 3075 5235; x_wconf 67' lang='lat' dir='ltr'><strong>Ptolemaeia</strong></span> <span class='ocrx_word' id='word_1_808' title='bbox 3111 5175 3346 5232; x_wconf 89' lang='lat' dir='ltr'><strong>Leonico</strong></span> <span class='ocrx_word' id='word_1_809' title='bbox 3389 5174 3597 5232; x_wconf 86' lang='lat' dir='ltr'><strong>editus.</strong></span> <span class='ocrx_word' id='word_1_810' title='bbox 3649 5176 3783 5228; x_wconf 79' lang='lat' dir='ltr'><strong>Nam</strong></span> 
     </span>
    </p>
   </div>
   <div class='ocr_carea' id='block_1_112' title="bbox 2207 5266 3785 5337">
    <p class='ocr_par' dir='ltr' id='par_1_112' title="bbox 2207 5266 3785 5337">
     <span class='ocr_line' id='line_1_112' title="bbox 2207 5266 3785 5337; baseline 0.001 -17"><span class='ocrx_word' id='word_1_811' title='bbox 2207 5267 2428 5323; x_wconf 75' lang='lat' dir='ltr'><strong>Graecus</strong></span> <span class='ocrx_word' id='word_1_812' title='bbox 2465 5276 2652 5324; x_wconf 91' lang='lat' dir='ltr'><strong>noster</strong></span> <span class='ocrx_word' id='word_1_813' title='bbox 2684 5269 2738 5322; x_wconf 92' lang='lat' dir='ltr'><strong>in</strong></span> <span class='ocrx_word' id='word_1_814' title='bbox 2769 5267 3112 5332; x_wconf 88' lang='lat' dir='ltr'><strong>Novembris,</strong></span> <span class='ocrx_word' id='word_1_815' title='bbox 3145 5267 3230 5322; x_wconf 91' lang='lat' dir='ltr'><strong>vel</strong></span> <span class='ocrx_word' id='word_1_816' title='bbox 3265 5267 3436 5337; x_wconf 78' lang='lat' dir='ltr'><strong>Athyr</strong></span> <span class='ocrx_word' id='word_1_817' title='bbox 3471 5282 3564 5320; x_wconf 76' lang='lat' dir='ltr'><strong>xvr</strong></span> <span class='ocrx_word' id='word_1_818' title='bbox 3609 5266 3785 5322; x_wconf 81' lang='lat' dir='ltr'><strong>Sucu-</strong></span> 
     </span>
    </p>
   </div>
   <div class='ocr_carea' id='block_1_113' title="bbox 2208 5356 3783 5429">
    <p class='ocr_par' dir='ltr' id='par_1_113' title="bbox 2208 5356 3783 5429">
     <span class='ocr_line' id='line_1_113' title="bbox 2208 5356 3783 5429; baseline 0.001 -17"><span class='ocrx_word' id='word_1_819' title='bbox 2208 5359 2383 5412; x_wconf 90' lang='lat' dir='ltr'><strong>larum</strong></span> <span class='ocrx_word' id='word_1_820' title='bbox 2409 5366 2589 5413; x_wconf 90' lang='lat' dir='ltr'><strong>ortum</strong></span> <span class='ocrx_word' id='word_1_821' title='bbox 2632 5358 2958 5413; x_wconf 85' lang='lat' dir='ltr'><strong>matutinum</strong></span> <span class='ocrx_word' id='word_1_822' title='bbox 3003 5359 3248 5429; x_wconf 85' lang='lat' dir='ltr'><strong>conjicit.</strong></span> <span class='ocrx_word' id='word_1_823' title='bbox 3287 5357 3445 5427; x_wconf 84' lang='lat' dir='ltr'><strong>Apud</strong></span> <span class='ocrx_word' id='word_1_824' title='bbox 3486 5356 3783 5414; x_wconf 85' lang='lat' dir='ltr'><strong>Geminum</strong></span> 
     </span>
    </p>
   </div>
   <div class='ocr_carea' id='block_1_114' title="bbox 2208 5449 3782 5521">
    <p class='ocr_par' dir='ltr' id='par_1_114' title="bbox 2208 5449 3782 5521">
     <span class='ocr_line' id='line_1_114' title="bbox 2208 5449 3782 5521; baseline 0.001 -17"><span class='ocrx_word' id='word_1_825' title='bbox 2208 5449 2456 5521; x_wconf 79' lang='lat' dir='ltr'><strong>Hyadum</strong></span> <span class='ocrx_word' id='word_1_826' title='bbox 2501 5465 2733 5511; x_wconf 76' lang='lat' dir='ltr'><strong>occasus</strong></span> <span class='ocrx_word' id='word_1_827' title='bbox 2778 5451 2867 5506; x_wconf 87' lang='lat' dir='ltr'><strong>die</strong></span> <span class='ocrx_word' id='word_1_828' title='bbox 2909 5450 3242 5521; x_wconf 89' lang='lat' dir='ltr'><strong>Scorpionos</strong></span> <span class='ocrx_word' id='word_1_829' title='bbox 3287 5465 3460 5515; x_wconf 82' lang='lat' dir='ltr'><strong>xxvu,</strong></span> <span class='ocrx_word' id='word_1_830' title='bbox 3491 5466 3557 5504; x_wconf 88' lang='lat' dir='ltr'><strong>ex</strong></span> <span class='ocrx_word' id='word_1_831' title='bbox 3587 5450 3782 5506; x_wconf 86' lang='lat' dir='ltr'><strong>Eucte-</strong></span> 
     </span>
    </p>
   </div>
   <div class='ocr_carea' id='block_1_115' title="bbox 2210 5541 3787 5612">
    <p class='ocr_par' dir='ltr' id='par_1_115' title="bbox 2210 5541 3787 5612">
     <span class='ocr_line' id='line_1_115' title="bbox 2210 5541 3787 5612; baseline 0.001 -16"><span class='ocrx_word' id='word_1_832' title='bbox 2210 5558 2370 5598; x_wconf 90' lang='lat' dir='ltr'><strong>mone</strong></span> <span class='ocrx_word' id='word_1_833' title='bbox 2389 5561 2405 5610; x_wconf 88' lang='lat'>;</span> <span class='ocrx_word' id='word_1_834' title='bbox 2427 5557 2490 5598; x_wconf 84' lang='lat' dir='ltr'><strong>ex</strong></span> <span class='ocrx_word' id='word_1_835' title='bbox 2523 5542 2769 5608; x_wconf 88' lang='lat' dir='ltr'><strong>Eudoxo,</strong></span> <span class='ocrx_word' id='word_1_836' title='bbox 2793 5559 2925 5602; x_wconf 78' lang='lat' dir='ltr'><strong>xxix</strong></span> <span class='ocrx_word' id='word_1_837' title='bbox 2953 5543 3242 5612; x_wconf 81' lang='lat' dir='ltr'><strong>contingit,</strong></span> <span class='ocrx_word' id='word_1_838' title='bbox 3266 5542 3360 5612; x_wconf 91' lang='lat' dir='ltr'><strong>qui</strong></span> <span class='ocrx_word' id='word_1_839' title='bbox 3385 5541 3518 5596; x_wconf 89' lang='lat' dir='ltr'><strong>Julii</strong></span> <span class='ocrx_word' id='word_1_840' title='bbox 3545 5543 3787 5597; x_wconf 72' lang='lat' dir='ltr'><strong>Caesaris</strong></span> 
     </span>
    </p>
   </div>
   <div class='ocr_carea' id='block_1_116' title="bbox 2201 5634 3792 5708">
    <p class='ocr_par' dir='ltr' id='par_1_116' title="bbox 2201 5634 3792 5708">
     <span class='ocr_line' id='line_1_116' title="bbox 2201 5634 3792 5708; baseline -0.003 -14"><span class='ocrx_word' id='word_1_841' title='bbox 2201 5647 2366 5694; x_wconf 58' lang='lat' dir='ltr'><strong>aetate</strong></span> <span class='ocrx_word' id='word_1_842' title='bbox 2385 5637 2788 5708; x_wconf 88' lang='lat' dir='ltr'><strong>respondebant</strong></span> <span class='ocrx_word' id='word_1_843' title='bbox 2818 5636 3142 5692; x_wconf 86' lang='lat' dir='ltr'><strong>Novembris</strong></span> <span class='ocrx_word' id='word_1_844' title='bbox 3184 5637 3258 5690; x_wconf 70' lang='lat' dir='ltr'><strong>ix</strong></span> <span class='ocrx_word' id='word_1_845' title='bbox 3300 5643 3356 5691; x_wconf 91' lang='lat' dir='ltr'><strong>et</strong></span> <span class='ocrx_word' id='word_1_846' title='bbox 3399 5651 3551 5700; x_wconf 86' lang='lat' dir='ltr'><strong>xxn;</strong></span> <span class='ocrx_word' id='word_1_847' title='bbox 3587 5634 3792 5690; x_wconf 66' lang='lat' dir='ltr'><strong>Eucteo</strong></span> 
     </span>
    </p>
   </div>
   <div class='ocr_carea' id='block_1_117' title="bbox 2211 5728 3793 5804">
    <p class='ocr_par' dir='ltr' id='par_1_117' title="bbox 2211 5728 3793 5804">
     <span class='ocr_line' id='line_1_117' title="bbox 2211 5728 3793 5804; baseline -0.001 -19"><span class='ocrx_word' id='word_1_848' title='bbox 2211 5733 2392 5787; x_wconf 86' lang='lat' dir='ltr'><strong>monis</strong></span> <span class='ocrx_word' id='word_1_849' title='bbox 2416 5746 2546 5786; x_wconf 90' lang='lat' dir='ltr'><strong>vero</strong></span> <span class='ocrx_word' id='word_1_850' title='bbox 2567 5740 2620 5804; x_wconf 82' lang='lat' dir='ltr'><strong>et</strong></span> <span class='ocrx_word' id='word_1_851' title='bbox 2657 5731 2863 5786; x_wconf 81' lang='lat' dir='ltr'><strong>Eudoxi</strong></span> <span class='ocrx_word' id='word_1_852' title='bbox 2905 5731 3127 5794; x_wconf 63' lang='lat' dir='ltr'><strong>saeculo,</strong></span> <span class='ocrx_word' id='word_1_853' title='bbox 3175 5729 3293 5784; x_wconf 86' lang='lat' dir='ltr'><strong>dies</strong></span> <span class='ocrx_word' id='word_1_854' title='bbox 3340 5729 3467 5783; x_wconf 86' lang='lat' dir='ltr'><strong>illos</strong></span> <span class='ocrx_word' id='word_1_855' title='bbox 3494 5728 3793 5784; x_wconf 78' lang='lat' dir='ltr'><strong>antecede-</strong></span> 
     </span>
    </p>
   </div>
   <div class='ocr_carea' id='block_1_118' title="bbox 2215 5819 3792 5894">
    <p class='ocr_par' dir='ltr' id='par_1_118' title="bbox 2215 5819 3792 5894">
     <span class='ocr_line' id='line_1_118' title="bbox 2215 5819 3792 5894; baseline -0.002 -17"><span class='ocrx_word' id='word_1_856' title='bbox 2215 5825 2362 5879; x_wconf 85' lang='lat' dir='ltr'><strong>bant.</strong></span> <span class='ocrx_word' id='word_1_857' title='bbox 2391 5824 2488 5878; x_wconf 85' lang='lat' dir='ltr'><strong>Hic</strong></span> <span class='ocrx_word' id='word_1_858' title='bbox 2511 5833 2593 5881; x_wconf 84' lang='lat' dir='ltr'><strong>est</strong></span> <span class='ocrx_word' id='word_1_859' title='bbox 2621 5839 2888 5894; x_wconf 79' lang='lat' dir='ltr'><strong>apparens</strong></span> <span class='ocrx_word' id='word_1_860' title='bbox 2920 5838 3150 5879; x_wconf 81' lang='lat' dir='ltr'><strong>occasus</strong></span> <span class='ocrx_word' id='word_1_861' title='bbox 3180 5822 3480 5876; x_wconf 88' lang='lat' dir='ltr'><strong>matutinus</strong></span> <span class='ocrx_word' id='word_1_862' title='bbox 3505 5819 3792 5887; x_wconf 67' lang='lat' dir='ltr'><strong>Hyadum,</strong></span> 
     </span>
    </p>
   </div>
  </div>
