4022 6398
254 366 285 421 1
297 366 401 420 575

1049 359 1507 422 DISSERTATIO
1539 365 1630 419 ne
1667 364 1853 424 onru
1895 364 1983 420 ET
2024 365 2290 425 occasu
2333 352 2679 427 smenum.’

3357 362 3509 422 ’1374

249 481 356 554 qui
384 489 472 538 est
499 497 630 538 vero
653 483 949 552 posterior.
980 483 1106 538 Ideo
1151 490 1277 555 pO'St
1311 486 1613 541 cusmicum
1645 499 1834 540 verum
1861 487 1909 544 Α
1938 484 2131 542 Romae
2161 486 2322 543 ﬂebat
2354 491 2410 542 in
2441 486 2612 558 gradu
2639 479 2960 554 Capricorni
2987 479 3294 544 undecim,
3326 480 3381 535 Id
3415 486 3504 536 e‘st

253 572 330 627 ad
376 573 496 628 dies
541 573 748 644 aliquot
794 573 1142 629 extenditur:
1170 575 1626 644 quemadmodum
1675 583 1828 630 ortus

252 665 607 732 vespertinus
639 677 802 718 verus
848 663 1119 732 posterior
1162 671 1246 718 cst
1290 663 1698 733 apparentibus,
1734 664 1829 731 qui

253 755 514 828 pluribus
537 755 730 811 diebus
779 762 905 808 ante
928 755 1080 808 illum
1117 769 1260 824 saepe
1298 760 1623 824 repetuntur
1645 753 1704 807 in
1728 751 1832 807 Fa-

256 844 386 900 stis.
433 843 610 900 Verus
662 853 888 900 exortus
952 846 1299 917 vespertinus
1343 843 1576 899 Palilicii
1633 843 1834 900 sideris

253 936 390 992 Julii
431 945 694 1007 tempore,
731 936 1060 1007 Scorpionos
1086 953 1201 1002 XXI,
1233 935 1554 992 Novembris
1580 952 1674 991 xlv
1701 950 1834 991 con-

257 1031 508 1102 gruebat,
538 1038 661 1100 post
691 1045 880 1086 verum
907 1045 1164 1086 occasum
1205 1030 1551 1084 matutinum.
1587 1017 1697 1083 Sed
1733 1043 1834 1098 ap-

256 1135 461 1192 parens
516 1129 674 1176 ortus
725 1122 1071 1191 vespertinus
1115 1121 1458 1192 praecedebat
1498 1138 1513 1175 :
1561 1134 1726 1191 quem
1779 1135 1835 1178 vr

255 1212 608 1281 Novembris,
647 1215 734 1270 vel
775 1213 968 1286 Athyr,
1011 1212 1260 1269 Graecum
1290 1212 1565 1268 Ptolemaei
1611 1225 1836 1282 parape-

257 1320 387 1376 gma
438 1305 691 1360 collocat.
733 1303 997 1361 Geminus
1041 1311 1223 1360 autem
1263 1304 1512 1376 Zygonos
1556 1316 1694 1368 xxn,
1722 1299 1837 1356 Eu-

258 1396 390 1450 doxi
421 1397 658 1465 saeculo;
692 1395 902 1454 Plinius
933 1398 1028 1452 lib.
1059 1396 1248 1464 XVIII,
1295 1411 1420 1467 cap.
1461 1393 1652 1460 XXXI,
1684 1401 1837 1451 sexto

256 1487 534 1546 Kalendas
579 1488 902 1546 Novembris
951 1489 1184 1546 Suculas
1232 1489 1310 1544 ait
1360 1487 1564 1544 exoriri
1598 1487 1834 1556 vesperi,

256 1579 454 1634 eodem
512 1579 725 1636 scilicet
779 1588 1073 1651 apparente
1123 1589 1269 1637 ortu.
1319 1578 1445 1634 Mox
1485 1593 1616 1634 vero
1662 1576 1838 1647 pridie

258 1670 536 1726 Kalendas
571 1670 906 1728 Novembres
935 1672 1134 1728 Caesari
1156 1671 1288 1726 dicit
1320 1673 1528 1727 exoriri
1560 1683 1686 1726 cum
1723 1669 1838 1724 sole

263 1761 520 1820 Suculas.
550 1762 730 1820 Falso.
788 1764 926 1819 Nam
975 1765 1030 1819 id
1090 1778 1260 1821 verno
1310 1772 1554 1834 tempore
1605 1760 1826 1817 accidit.

1931 577 2176 635 Januarii
2228 596 2306 646 ιι;
2356 578 2700 634 Alexandria:
2769 573 3023 644 in-gradu
3067 572 3293 642 quinto,
3346 581 3504 628 sexto

1931 670 2159 728 Kalend.
2190 671 2327 726 Jan.
2382 670 2706 727 Ptolemaeus
2763 667 2985 722 Graecus
3040 663 3374 730 Decembris,
3417 676 3505 731 vel

1933 762 2134 819 Chceac
2167 779 2339 829 xxvu,
2365 771 2421 818 et
2458 779 2568 818 xxx
2594 759 2847 830 Aquilam
2873 755 3122 813 occidere
3150 757 3224 811 ait
3252 770 3508 826 vespere;

1933 853 2162 910 Gemino
2209 870 2428 926 quoque
2479 853 2710 923 septimo
2757 850 3076 922 Capricorni
3128 848 3270 908 Idem
3323 848 3505 904 evenit

1935 955 2156 1001 auctore
2199 943 2550 1001 Euctemone.
2584 941 2842 997 Eamdem
2872 955 3034 996 mane
3063 939 3198 996 oriri
3240 939 3503 994 vicesimo

1933 1042 2088 1091 sexto
2115 1035 2367 1091 Toxonos
2401 1034 2670 1091 referebat
2697 1031 2977 1087 Eudoxus.
3020 1028 3113 1085 Sic
3146 1030 3202 1083 in
3239 1027 3505 1083 laterculo

1934 1136 2124 1182 nostro
2159 1133 2312 1183 ortus
2356 1126 2504 1181 illius
2545 1124 2794 1180 heliacus
2823 1123 2881 1177 in
2905 1134 3078 1177 xxvm
3127 1118 3382 1174 Toxonos
3416 1117 3504 1175 in-

1935 1219 2128 1284 currit,
2165 1219 2258 1288 qui
2288 1226 2373 1274 est
2410 1215 2724 1272 Decembris
2771 1231 2886 1269 xxi.
2929 1213 3151 1268 Graacus
3180 1211 3504 1267 Ptolemaeus

1935 1311 2272 1373 Decembris,
2308 1311 2390 1366 vel
2420 1310 2624 1366 Chaaac
2663 1324 2792 1363 xxv.
2834 1305 3158 1376 Rhapsodus
3197 1319 3227 1358 a
3267 1303 3505 1357 Leonico

1936 1404 2114 1460 editus
2158 1402 2417 1458 mendose
2463 1401 2628 1457 habet
2672 1407 2852 1455 ortum
2884 1397 3263 1467 vespertinum
3295 1392 3507 1463 Aquila.

1937 1509 1993 1548 xl
2017 1492 2242 1548 Kalend.
2263 1490 2488 1547 Januar.
2509 1490 2610 1545 Hic
2636 1491 2779 1547 enim
2803 1491 2857 1545 in
2876 1488 3046 1561 gradu
3073 1485 3425 1542 Geminorum
3447 1498 3514 1540 Ix.

1937 1584 2182 1654 contigit,
2218 1581 2364 1639 Junii
2386 1599 2448 1648 ιι,
2487 1583 2576 1636 cui
2616 1589 2672 1638 et
2707 1579 3005 1636 Columella
3036 1585 3090 1634 et
3126 1576 3337 1631 Plinius
3372 1577 3506 1631 asti—

1937 1674 2214 1745 pulantur,
2263 1687 2472 1730 necnon
2502 1672 2749 1738 Ovidius,
2794 1671 2929 1743 quin
2962 1677 3016 1725 et
3044 1668 3332 1740 Bapsodus
3362 1667 3504 1737 ipse-

1936 1774 2068 1821 met.

262 1853 498 1924 Scripsit
525 1862 619 1910 aut
645 1855 884 1912 scribere
905 1856 1113 1922 debuit,
1136 1873 1155 1908 ι
1177 1868 1305 1911 cum
1333 1824 1448 1910 sole
1467 1853 1776 1911 occidente.
1801 1871 1821 1905 ι
1857 1824 1902 1880 Β
1999 1855 2174 1910 Varro
2203 1853 2296 1910 lib.
2340 1851 2386 1907 II
2424 1852 2501 1908 De
2538 1870 2594 1907 re
2635 1854 2858 1917 rustica,
2892 1866 3012 1920 cap.
3067 1847 3114 1902 ll
3142 1867 3157 1905 :
3197 1867 3216 1900 ι
3264 1846 3504 1916 Tempus

257 1943 571 1999 Palilicium
627 1945 779 2001 sidus
835 1945 980 2002 idem
1034 1945 1246 2004 Plinius
1291 1946 1435 2001 libro
1477 1944 1666 2009 XVIII,
1705 1959 1827 2016 cap.

258 2033 454 2100 XXVI,
482 2036 648 2091 refert
673 2037 924 2093 occidere
961 2053 1188 2108 vespere
1225 2053 1292 2093 ex
1331 2035 1566 2092 Caesaris
1591 2034 1828 2100 calculo,

258 2142 334 2182 xv
380 2128 652 2185 Kalendas
684 2128 874 2194 Maias,
916 2130 970 2184 id
1013 2141 1098 2186 est
1135 2130 1370 2185 Crionos
1398 2143 1551 2194 xxvi,
1583 2142 1747 2199 quem
1773 2127 1829 2180 in

261 2218 407 2272 diem
442 2219 687 2277 heliacus
713 2234 943 2276 occasus
986 2220 1133 2278 illius
1172 2235 1240 2276 ex
1277 2220 1484 2276 nostris
1521 2217 1830 2274 ratiociniis

261 2309 474 2364 incidit.
509 2309 839 2378 Ptolemaeus
885 2309 1106 2365 Leonici
1157 2310 1389 2366 Suculas
1435 2312 1510 2366 ait
1550 2324 1832 2382 emergere

261 2400 467 2471 Aprilis
486 2402 692 2458 v1.1mo
714 2405 1176 2474 immergebantur
1207 2403 1301 2458 illo
1332 2412 1594 2476 tempore,
1630 2413 1682 2459 ct
1709 2410 1832 2473 post

262 2507 518 2549 occasum
571 2496 742 2559 solem
795 2495 1204 2558 condebantur,
1267 2495 1416 2566 quod
1463 2495 1666 2565 Aprilis
1716 2510 1829 2549 xvu

261 2591 538 2651 postremo
565 2583 856 2639 faciebant.
898 2583 1039 2640 Hinc
1080 2585 1223 2656 apud
1268 2585 1518 2640 eumdem
1557 2601 1635 2639 xu
1671 2583 1832 2655 Apri-

261 2673 352 2738 lis,
379 2689 470 2738 xv,
503 2690 591 2729 xvn
619 2682 672 2729 et
701 2691 812 2729 xvu
852 2676 1115 2730 occultari
1161 2691 1384 2746 vespere
1417 2676 1692 2732 dicuntur.
1737 2675 1832 2730 Et-

259 2766 408 2820 enim
450 2773 605 2822 ortus
649 2765 880 2822 Palilicii
913 2769 1218 2823 matutinus
1255 2783 1525 2839 apparens
1561 2771 1726 2841 coepit
1773 2771 1832 2824 in

259 2855 492 2914 Julianis
523 2855 702 2912 Fastis
733 2856 1063 2929 Didymonos
1093 2875 1170 2923 XI,
1195 2858 1346 2914 Junii
1385 2877 1458 2914 ιν.
1488 2860 1640 2917 Unde
1669 2863 1832 2917 casti-

263 2949 472 3018 gandus
504 2957 588 3006 est
623 2948 943 3007 Ptolemaeus
993 2950 1177 3007 Graece
1225 2966 1256 3006 a
1305 2953 1462 3009 nobis
1490 2953 1696 3022 editus;
1738 2955 1830 3025 qui

259 3039 408 3094 Junii
446 3056 505 3094 ιιι
542 3041 780 3096 lucidam
809 3040 1135 3098 Sucularum
1174 3043 1248 3098 ait
1276 3045 1525 3101 occidere
1561 3062 1786 3116 vespere
1813 3087 1828 3112 ,

261 3131 408 3203 quod
435 3139 518 3188 est
545 3133 764 3188 falsum.
789 3133 912 3188 Ideo
942 3135 1120 3190 statim
1151 3133 1298 3190 Junii
1327 3151 1402 3190 vu
1446 3137 1598 3207 ἑῷος,
1633 3138 1832 3208 inquit,

261 3222 550 3278 ἐπιτέλλει.
593 3223 712 3279 Νοιι
757 3226 940 3281 minus
987 3228 1337 3296 castigandus
1392 3238 1475 3284 est
1523 3217 1830 3298 Geminus,

262 3314 360 3384 qui
392 3313 681 3370 Tauronos
726 3316 814 3369 die
846 3331 996 3369 xxxu
1043 3318 1198 3386 ponit
1243 3327 1421 3371 ortum
1463 3321 1834 3390 vespertinum

261 3405 531 3478 Hyadum.
589 3404 696 3461 Pro
739 3422 848 3476 quo
895 3407 1196 3463 matutinus
1246 3399 1664 3467 Substituendus
1711 3421 1832 3478 est;

265 3515 426 3569 quem
454 3497 785 3570 Didymonos
817 3515 852 3553 v
882 3513 1029 3564 mox,
1073 3497 1299 3554 Eudoxo
1344 3510 1586 3568 auctore,
1622 3504 1831 3559 statuit.

331 3591 625 3663 Capellam,
653 3607 773 3662 quae
795 3602 880 3647 est
918 3593 975 3645 in
1009 3593 1227 3662 Aurigae
1259 3601 1440 3664 tergo,
1481 3596 1671 3650 scribit
1703 3595 1834 3650 Ovi-

267 3684 412 3749 dius,
445 3692 500 3740 et
529 3685 824 3741 Columella
858 3685 1057 3740 exoriri
1107 3684 1366 3742 Kalendis
1407 3687 1582 3744 Maiis.
1625 3687 1835 3744 Plinius

268 3792 364 3829 VIII
407 3779 610 3833 mensis
649 3778 917 3847 ejusdem.
958 3775 1075 3831 Hoc
1122 3777 1176 3830 in
1230 3776 1469 3848 [Egypto
1505 3794 1692 3834 verum
1751 3787 1836 3835 est

269 3865 337 3921 de
382 3876 504 3922 ortu
536 3869 778 3933 heliaco,
815 3869 909 3938 qui
959 3869 1015 3922 in
1062 3868 1350 3925 Tauronos
1393 3870 1481 3925 die
1523 3887 1577 3924 Ix
1621 3870 1831 3926 incidit.

269 3958 453 4014 Roma:
482 3969 684 4025 autem,
714 3960 947 4016 Crionos
973 3977 1105 4024 xvu,
1135 3961 1338 4030 Aprilis
1370 3977 1487 4016 vui.
1510 3961 1835 4020 Ptolemaeus

269 4056 455 4104 noster
482 4047 658 4103 Martii
691 4066 840 4113 XXIX,
877 4057 930 4104 et
959 4049 1164 4119 Aprilis
1208 4065 1342 4104 xvm
1389 4034 1579 4122 Caprae
1614 4055 1838 4110 matuti-

269 4153 398 4192 num
437 4145 616 4192 ortum
645 4139 882 4195 exhibet.
916 4138 1178 4194 Geminus
1221 4155 1290 4194 ex
1333 4141 1663 4200 Euctemone
1699 4144 1837 4200 Tau-

269 4242 434 4284 I’OIIOS
466 4245 544 4284 IX.

311 4319 659 4420 .Delphinum
691 4319 917 4379 Ovidius
958 4324 1035 4380 ait
1067 4343 1292 4400 vespere
1323 4331 1457 4385 oriri
1489 4346 1544 4385 Iv
1573 4329 1706 4386 ‘Idus
1740 4329 1836 4386 Ju-

269 4425 391 4465 mas
421 4429 434 4465 ε

1929 1947 2197 2019 optimum
2229 1947 2298 2002 ad
2339 1943 2733 2000 admittendum
2765 1943 2855 2014 (de
2899 1942 3095 1998 ovibus
3143 1938 3404 2009 loquitur)
3435 1937 3505 1992 ab

1927 2039 2147 2096 Arcturi
2175 2053 2376 2094 occasu
2406 2036 2474 2091 ad
2502 2036 2714 2106 Aquila:
2742 2049 3022 2091 occasum.
3061 2051 3080 2086 ι
3120 2031 3328 2090 Plinius
3366 2044 3504 2099 quo-

1929 2149 2035 2204 que
2059 2133 2155 2187 lib.
2189 2131 2326 2196 VIII,
2350 2145 2400 2186 c.
2426 2129 2616 2184 XLVII
2651 2147 2665 2183 :
2709 2148 2730 2180 ι
2767 2128 2957 2185 Coitus
2985 2125 3244 2181 omnibus
3293 2123 3362 2177 ab
3400 2124 3502 2175 Ar—

1930 2225 2073 2279 cturi
2103 2239 2325 2289 occasu,
2352 2222 2498 2294 quod
2524 2231 2608 2280 est
2636 2237 2686 2275 a.
2722 2222 2776 2276 d.
2806 2221 3029 2276 tertium
3059 2219 3188 2273 Idus
3215 2217 3404 2282 Maias,
3432 2215 3503 2269 ad

1927 2318 2138 2389 Aquilae
2170 2331 2446 2383 occasum,
2480 2315 2536 2370 id
2565 2322 2650 2371 est
2679 2330 2780 2368 xm
2823 2313 3095 2368 Kalendas
3136 2310 3429 2380 Augustas.
3475 2325 3497 2358 ι

1928 2406 2006 2462 Ita
2033 2408 2292 2479 legendus
2330 2407 2418 2462 hic
2467 2407 2646 2472 locus,
2690 2405 2785 2476 qui
2827 2403 2991 2474 vulgo
3025 2402 3352 2471 depravatus
3393 2406 3498 2454 est.

1929 2499 2244 2570 Intelligunt
2274 2497 2567 2568 utrobique
2596 2496 2901 2552 cosmicum
2941 2506 3196 2548 occasum
3241 2491 3356 2546 sive
3386 2503 3502 2542 ma-

1929 2590 2208 2654 tutinum;
2267 2603 2395 2644 nam
2451 2588 2724 2644 Arcturus
2784 2587 2839 2642 in
2899 2585 3251 2641 Geminorum
3307 2592 3503 2652 quarto

1929 2680 2105 2753 gradu
2135 2679 2434 2752 incipiebat
2468 2680 2742 2744 occidere,
2781 2679 2837 2734 id
2872 2688 2957 2736 est
2996 2676 3121 2732 Maii
3163 2692 3357 2742 xxvm,
3391 2675 3502 2728 Ro-

1929 2789 2064 2836 mae;
2098 2772 2444 2829 Alexandriae
2490 2786 2621 2827 vero
2671 2770 2958 2826 Tauronos
2995 2778 3119 2836 xm,
3159 2768 3215 2822 id
3262 2775 3346 2823 est
3378 2765 3504 2820 Maii

1927 2875 2082 2921 sexto
2109 2865 2340 2933 :Aquila
2377 2879 2533 2918 mane
2564 2863 2693 2919 item
2719 2861 2927 2918 occidit
2956 2859 3141 2914 Romae
3165 2857 3504 2913 Carcinonos

1930 2972 2102 3022 xxvn,
2128 2956 2182 3011 id
2210 2964 2296 3011 est
2337 2971 2414 3009 xu
2455 2954 2729 3010 Kalendas
2773 2956 3068 3025 Augustas.
3123 2950 3237 3006 Iloc
3285 2957 3503 3018 tempus

1931 3048 2249 3103 admissurae
2277 3046 2498 3101 unicum
2527 3046 2722 3102 ovibus
2751 3047 2913 3101 ambo
2940 3045 3018 3100 illi
3050 3045 3318 3100 tribuunt.
3352 3042 3506 3098 Post-

1858 3169 1902 3226 ο
1933 3151 1997 3192 ea
2029 3138 2278 3206 concepti
2316 3136 2442 3206 agni
2489 3136 2716 3191 invalidi
2764 3145 2914 3200 sunt,
2947 3137 3022 3189 ait
3061 3135 3272 3191 Plinius
3309 3153 3323 3190 :
3363 3149 3503 3206 quos

1944 3247 1963 3279 ι
2009 3228 2206 3284 cordos
2243 3249 2262 3280 ι
2291 3227 2500 3296 antiqui
2537 3228 2823 3283 vocabant.
2852 3223 3054 3282 Verdm
3092 3226 3320 3281 alterum
3365 3240 3505 3294 prae-

1938 3331 2086 3378 terea
2141 3329 2356 3392 tempus
2411 3321 2600 3385 fuisse,
2644 3328 2700 3374 et
2746 3319 2967 3390 quidem
3013 3318 3398 3372 nonnullorum
3435 3332 3506 3372 ex

1935 3415 2191 3484 opinione
2221 3411 2585 3478 commodius,
2612 3410 2755 3473 idem
2782 3425 2907 3466 mox
2940 3410 3154 3465 Plinius
3185 3409 3390 3466 indicat
3417 3409 3505 3465 his

1933 3508 2156 3565 verbis:
2193 3525 2213 3560 ‹
2250 3505 2406 3560 Multi
2434 3506 2696 3561 hibernos
2736 3519 2904 3574 agnos
2953 3503 3247 3573 meerunt
3275 3501 3502 3556 vernis:

1934 3600 2193 3670 quoniam
2221 3599 2397 3669 magis
2426 3596 2644 3652 intersit
2671 3604 2797 3650 ante
2839 3595 3154 3656 solstitium.
3182 3607 3344 3663 quam
3380 3603 3506 3646 ante

1934 3692 2206 3756 brumam,
2239 3689 2424 3746 ﬁrmos
2445 3703 2608 3743 esse:
2641 3681 2931 3756 solumque
2972 3686 3081 3740 hoo
3121 3684 3324 3739 animal
3356 3683 3506 3736 utili-

1933 3789 2018 3836 ter
2045 3781 2237 3835 bruma
2264 3779 2436 3835 nasci.
2475 3797 2494 3830 ι
2529 3776 2792 3849 Virgilius
2839 3775 2884 3830 II
2920 3775 3107 3846 Georg.
3134 3777 3279 3830 inter
3319 3773 3505 3829 Iaudes

1935 3872 2101 3927 Italim
2127 3887 2246 3926 eam
2275 3878 2545 3935 recenset,
2572 3869 2720 3941 quod
2748 3871 2844 3936 ibi,

2005 3985 2098 4041 Bis
2127 3984 2359 4056 gravidae
2387 3983 2628 4052 pecudes.

1936 4102 2053 4169 Quo
2082 4100 2305 4156 Servius
2332 4097 2603 4169 pertinere
2629 4096 2762 4150 illud
2795 4094 2986 4150 Bucol.
3017 4091 3062 4148 Il
3085 4100 3246 4164 putat
3277 4111 3291 4148 :

2004 4214 2115 4269 Lac
2144 4212 2274 4268 mihi
2304 4227 2409 4267 non
2434 4219 2618 4266 (estate
2648 4225 2858 4273 novum,
2905 4223 3011 4262 non
3039 4206 3234 4276 frigore
3263 4204 3409 4274 deﬁt.

2005 4327 2366 4395 Quamobrem
2407 4325 2640 4382 feturam
2687 4323 2846 4378 aliam
2883 4322 3126 4377 aestivam
3149 4361 3164 4386 ,
3202 4318 3366 4374 aliam
3419 4317 3505 4374 hi-

1936 4423 2160 4477 bernam
2199 4420 2369 4476 fuisse
2394 4417 2710 4488 conjectura
2734 4423 2842 4478 est,
2881 4429 2988 4469 non
3020 4414 3076 4468 in
3107 4412 3260 4466 Italia
3289 4410 3464 4471 solum
3483 4447 3500 4474 ,

339 4500 539 4584 Naxia:
560 4520 726 4584 puppe
755 4504 938 4584 sedens
980 4506 1242 4584 Delphina
1282 4510 1589 4584 videbimus,
1615 4514 1805 4584 inquit,
1873 4512 1920 4568 Ι)
1945 4512 2040 4568 sed
2071 4512 2234 4566 etiam
2270 4512 2327 4564 in
2357 4508 2599 4571 Oriente,
2635 4515 2696 4562 ut
2739 4507 2794 4562 in
2830 4505 2988 4578 Syria
3016 4515 3070 4565 et
3097 4501 3501 4574 Mesopotamia.

410 4573 648 4629 Humida
678 4591 797 4629 cum
824 4577 976 4644 pulso
1007 4573 1110 4631 no.1:
1130 4582 1231 4633 erit
1255 4591 1374 4635 orta
1407 4581 1511 4640 die.

337 4685 699 4741 Consentium
757 4685 972 4743 Plinius
1024 4696 1078 4743 et
1131 4689 1448 4747 Columella.
1487 4691 1833 4754 Laterculum

269 4793 486 4848 quoque
544 4786 794 4832 nostrum
846 4779 1183 4835 adamussim
1245 4783 1516 4839 convenit.
1563 4784 1699 4840 Nam
1752 4788 1834 4840 lu-

269 4869 390 4922 cida
416 4869 603 4923 caudae
634 4868 881 4940 Delphini
912 4872 1282 4943 acronychum
1310 4883 1560 4929 exortum
1592 4877 1665 4930 ibi
1704 4876 1835 4932 facit

269 4956 599 5027 Didymonos
629 4975 738 5013 xvu
773 4961 1018 5028 praecise,
1043 4963 1134 5031 qui
1163 4970 1246 5017 est
1276 4979 1328 5033 ιν
1361 4964 1486 5020 Idus
1508 4963 1717 5023 Junias.

336 5047 554 5119 Lyram,
600 5065 697 5105 seu
744 5049 1017 5105 ﬁdiculam
1080 5051 1332 5107 occidere
1392 5070 1616 5124 vespere
1671 5057 1835 5111 Colu-

270 5140 431 5195 mella
466 5155 582 5194 xxn
613 5139 885 5207 Januarii,
920 5141 1150 5199 Ovidius
1175 5159 1310 5198 xxm
1338 5147 1714 5216 prodiderunt.
1741 5148 1836 5204 Est

270 5232 360 5287 hic
390 5230 632 5287 heliacus
662 5246 915 5299 occasus,
945 5249 1055 5289 non
1079 5236 1444 5306 acronychus,
1472 5245 1531 5290 ut
1560 5253 1590 5291 ι
1613 5240 1836 5309 quibus-

272 5322 394 5375 dam
425 5329 666 5378 notatur.
705 5322 842 5378 Nam
881 5326 1124 5383 heliacus
1173 5343 1404 5386 occasus
1448 5327 1600 5400 Lyra
1639 5331 1836 5388 accidit

275 5413 561 5487 llydronos
589 5431 664 5480 vr,
695 5415 939 5472 Januarii
971 5435 1142 5474 xxvn.

335 5507 586 5576 Aquilam
632 5524 686 5562 ιν
730 5509 848 5563 Kal.
877 5509 1166 5568 Januarias
1210 5514 1464 5571 occidere
1491 5529 1713 5584 vespere
1738 5529 1834 5568 auo

271 5603 388 5648 (ιον
434 5603 519 5650 est
567 5595 866 5652 Columella
904 5599 996 5654 lib.
1050 5598 1121 5654 XI
1151 5616 1333 5671 ,,cap.
1377 5601 1438 5658 ΙΙ,
1489 5601 1698 5657 Plinius
1737 5603 1830 5658 lib.

273 5685 453 5755 XVIII,
500 5703 622 5762 cap.
673 5688 864 5757 XXVI,
915 5693 1076 5748 tertio
1133 5693 1402 5751 Kalendas
1452 5696 1508 5750 in
1557 5697 1736 5751 Attica
1781 5706 1834 5752 et

276 5777 516 5836 ﬁnitimis
553 5781 708 5838 locis.
742 5781 817 5838 De
848 5798 1046 5840 occasu
1098 5786 1304 5842 heliaco
1362 5788 1692 5857 loquuntur;
1739 5791 1832 5862 qui

1939 4604 2214 4659 Geneseos
2251 4618 2374 4672 cap.
2405 4600 2576 4665 XXX,
2600 4600 2664 4654 41
2698 4608 2752 4655 et
2779 4599 2870 4663 42,
2917 4597 3116 4668 duplex
3159 4595 3275 4650 haec
3302 4593 3506 4650 admis-

1940 4711 2067 4750 sura
2102 4693 2474 4766 signiﬁcatur:
2503 4705 2734 4762 quarum
2775 4703 2882 4744 una
2936 4689 3282 4758 tempestiva,
3334 4685 3506 4740 altera

1941 4787 2183 4843 serotina
2213 4785 2436 4846 dicitur.
2466 4782 2654 4854 Itaque
2681 4779 2848 4835 Jacob
2876 4779 2934 4833 in
2954 4779 3251 4833 maturiore
3285 4787 3340 4833 et
3373 4785 3506 4832 tem-

1939 4879 2150 4949 pestiva
2181 4876 2549 4933 decorticatas
2574 4889 2643 4929 ex
2672 4880 2827 4943 parte
2864 4872 3046 4943 virgas
3068 4870 3234 4926 alveis
3257 4869 3505 4938 impone-

1938 4969 2052 5034 bat,
2079 4976 2140 5023 ut
2170 4967 2334 5023 variae
2374 4979 2440 5021 ac
2487 4965 2777 5020 maculosae
2820 4964 3056 5033 pecudes
3105 4966 3500 5024 nascerentur,

1938 5077 2061 5132 qua!
2086 5062 2142 5115 in
2171 5059 2479 5115 mercedem
2513 5056 2620 5114 sibi
2653 5064 2963 5122 cesserant;
3009 5054 3152 5125 quod
3189 5053 3372 5124 priore
3409 5051 3504 5104 illa

1943 5153 2118 5207 fetura
2139 5151 2440 5206 valentiora
2485 5159 2541 5205 et
2577 5147 2887 5204 robustiora
2913 5161 3110 5218 pecora
3129 5145 3502 5216 gignerentur.

1940 5243 1997 5298 In
2042 5244 2279 5299 serotina
2320 5241 2507 5312 virgas
2530 5256 2639 5295 non
2671 5240 2928 5310 ponebat,
2960 5247 3021 5292 ut
3047 5253 3116 5294 ex
3139 5251 3204 5292 ea
3241 5243 3382 5292 natae
3412 5249 3504 5304 pe-

1939 5333 2129 5399 cudes,
2176 5328 2297 5403 quae
2345 5331 2733 5388 imbecilliores
2771 5338 2968 5392 erant,
3006 5326 3244 5384 Labanis
3292 5333 3501 5384 essent.

1941 5427 2113 5492 Quem
2167 5425 2235 5480 ad
2293 5426 2472 5479 locum
2517 5422 2880 5495 Hieronymus
2919 5421 2977 5477 in
3030 5419 3240 5476 Tradit.
3285 5426 3339 5474 et
3391 5416 3503 5474 Au-

1933 5518 2193 5588 gustinus
2225 5516 2427 5582 Quazst.
2458 5529 2559 5570 xcv
2584 5515 2638 5568 in
2667 5513 2794 5568 Gen.
2813 5514 2899 5568 bis
2924 5512 2979 5569 in
3005 5509 3411 5581 Mesopotamia,
3445 5511 3502 5560 ut

1939 5617 1990 5662 et
2021 5607 2074 5661 in
2110 5607 2281 5671 Italia,
2311 5605 2564 5676 gravidas
2603 5619 2728 5661 esse
2765 5602 2997 5673 pecudes
3042 5607 3315 5657 asserunt.
3342 5615 3363 5652 ι
3397 5595 3504 5652 Na-

1941 5708 2062 5752 tura
2092 5706 2268 5753 autem
2314 5695 2617 5752 Italicarum
2654 5695 2860 5756 ovium,
2890 5701 2945 5747 ct
2971 5689 3369 5762 Mesopotamiae
3394 5703 3500 5740 una

1945 5807 2066 5848 esse
2127 5790 2380 5855 traditur,
2421 5808 2438 5842 ι
2477 5790 2551 5843 ait
2603 5786 2978 5857 Hieronymus.
3035 5782 3140 5843 Sed
3191 5783 3243 5838 in
3299 5781 3501 5838 consti-
